4124 6458
351 461 504 532 1369
1444 463 1505 526 S.
1544 463 1924 527 DEMETRII
1967 464 1983 525 l

2073 461 2369 526 .RTYRIS
2408 457 2631 526 ACTA.
3571 446 3724 522 1370

347 603 435 660 καὶ
464 600 586 670 ἔθνη
645 601 1014 681 ἐξεπόρθησεν,
1072 600 1160 656 καὶ
1203 599 1281 675 μὴ
1339 597 1546 679 ὁρὲλειν
1589 599 1758 674 τούτῳ
1809 622 1976 657 κατα-

2073 595 2476 678 perversitate,
2528 592 2809 676 perjuriis
2859 598 2916 654 et
2945 590 3082 654 dolo
3113 590 3386 654 moribus
3421 589 3717 655 exsistens

346 693 610 750 πιστεύειν
647 713 660 727 ⁸
709 693 955 772 ἐγνωκὼς
987 687 1041 746 δὲ
1086 689 1238 754 οὗτος
1284 690 1344 746 ἐκ
1391 687 1643 755 διαϐολῆς
1689 695 1794 746 τῶν
1844 693 1983 764 αὖτῷ

2073 686 2344 766 pessimis
2374 686 2502 747 loca
2535 685 2722 746 multa
2755 701 2823 744 ac
2869 691 3079 760 gentes
3110 681 3407 763 praedatus
3436 689 3617 760 esset,
3650 700 3718 743 ac

345 782 780 855 πλησιασάντων,
827 780 911 838 διὰ.
967 778 1174 857 τρόπων
1227 781 1313 837 καὶ
1363 785 1555 845 σκευῆς
1588 779 1708 839 τοὺς
1742 779 1984 846 κατάδη-

345 869 436 926 λον
480 870 533 926 ἐν
564 877 641 943 τῷ
685 877 900 949 κρυπτῷ
943 868 1286 944 ποιουμένους
1339 869 1435 935 τὴν
1479 869 1643 934 αὒτὴν
1686 866 1860 936 δεινὴν
1890 868 1981 924 ἐν-

347 957 499 1030 ἑδραν
524 958 934 1037 ἀπεκεφάλισεν,
985 960 1074 1014 καὶ
1130 958 1196 1014 τὰ
1255 957 1428 1014 αὐτῶν
1472 957 1851 1035 γυναικότεκνα
1907 961 1981 1023 ὡς

343 1045 626 1129 ἠθέλησεν,
659 1047 745 1105 καὶ
775 1045 908 1106 ὅπου
939 1044 1213 1121 ἐϐούλετο,
1249 1045 1498 1125 ἕπρασεν.

432 1315 510 1381 σ’,
543 1302 696 1376 εὈθεν
726 1318 773 1372 οἱ
803 1315 988 1373 λοιποὶ
1045 1322 1154 1374 τῶν
1200 1322 1526 1396 Χριστιανῶν
1569 1315 1649 1390 μὴ
1677 1313 1984 1390 τολμῶντες

345 1405 576 1472 ἐξειπεῖν
633 1405 803 1484 ἥνπερ
846 1404 1082 1484 ἔγνωσαν
1134 1407 1272 1465 κατὰ
1331 1405 1430 1474 τῆς
1490 1405 1701 1468 πόλεως
1749 1402 1982 1482 ἐνέδραν,

343 1495 591 1574 ἐθρήνουν
651 1497 736 1552 καὶ
794 1496 1008 1558 ἑαυτοὺς
1052 1495 1150 1553 καί
1199 1497 1297 1564 τὴν
1352 1493 1532 1566 πόλιν,
1581 1494 1809 1571 μηδενὸς
1851 1493 1985 1551 τολ-

345 1585 554 1659 μῶντος
617 1587 746 1664 πρὸς
799 1585 1102 1642 ἀντίστασιν
1158 1586 1364 1660 τούτου,
1427 1583 1564 1643 ἀλλὰ
1633 1583 1838 1661 μᾶλλον
1900 1584 1987 1640 καὶ

344 1672 567 1731 δεδιέναι
637 1675 818 1749 αύτὸν,
877 1675 998 1738 τοὺς
1079 1674 1199 1732 τότε
1256 1676 1318 1732 τὸ
1367 1673 1546 1732 δοκεῖν
1604 1680 1930 1753 κρατοῦντας
1965 1693 1977 1706 ⁸

342 1764 641 1831 κατέστησε
671 1764 772 1842 γὰρ
816 1765 844 1820 ὁ
888 1765 1043 1828 αὒτὸς
1090 1771 1297 1843 Μαῦρος
1339 1765 1673 1844 πεντάρχους
1720 1765 1807 1819 καὶ
1850 1785 1984 1820 πεν-

341 1853 746 1933 τηκοντάρχους
803 1855 890 1909 καὶ
934 1851 1226 1933 δεκάρχους
1277 1852 1471 1927 οὕσπερ
1534 1853 1663 1932 εἶχε
1720 1854 1985 1921 σύμπνους

2065 777 2151 838 illi
2184 775 2486 837 ﬁdendum
2522 793 2640 835 non
2671 781 3212 853 esse,perspectum
3238 770 3550 852 haberent;
3588 772 3719 852 ipse

2066 876 2261 929 autem
2287 885 2359 927 ex
2384 883 2592 927 eorum
2620 863 2720 940 qui
2739 863 2810 924 ad
2837 863 3004 926 illum
3042 861 3383 940 veniebant,
3419 861 3720 924 delatione

2065 955 2122 1017 id
2157 954 2573 1032 intellexisset,
2603 952 2866 1032 illos,qui
2889 969 3094 1030 graves
3118 951 3248 1012 illas
3277 949 3546 1025 insidias,
3585 969 3718 1030 quae

2070 1044 2353 1121 latebant,
2387 1063 2420 1106 e
2452 1043 2717 1105 moribus
2747 1041 3075 1120 habituque
3109 1040 3583 1114 manifestabant,
3611 1058 3713 1101 ca-

2071 1135 2193 1217 pite
2224 1135 2540 1212 truncavit,
2575 1151 2643 1194 ac
2691 1149 2906 1194 uxores
2935 1149 3166 1206 eorum,
3203 1137 3264 1192 ut
3295 1130 3498 1210 voluit,
3525 1136 3585 1192 et
3614 1128 3718 1191 ubi

2070 1223 2326 1300 volebat,
2361 1222 2650 1285 vendidit.

2151 1313 2294 1376 200.
2319 1312 2464 1376 Cum
2495 1313 2638 1374 hinc
2677 1312 3153 1376 Christianorum
3188 1309 3404 1390 reliqui
3435 1314 3711 1380 structas,

2065 1421 2211 1485 quas
2259 1401 2552 1478 sciebant,
2587 1414 2796 1466 contra
2844 1403 3140 1465 civitatem
3174 1401 3423 1462 insidias
3453 1395 3718 1459 revelare

2066 1512 2185 1555 non
2218 1493 2596 1568 auderent,et
2620 1492 2850 1572 seipsos
2879 1499 2940 1554 et
2971 1492 3260 1553 civitatem
3295 1487 3710 1568 deplorabant,

2066 1582 2224 1664 quod
2257 1601 2433 1642 nemo
2465 1582 2540 1643 ad
2572 1582 2969 1643 resistendum
3001 1580 3057 1642 ei
3080 1579 3310 1642 animos
3334 1575 3719 1652 haberet,sed

2070 1671 2265 1750 potius
2291 1671 2466 1733 etiam
2497 1671 2536 1730 ii
2569 1674 2668 1751 qui
2704 1681 2842 1733 tunc
2871 1671 2930 1732 in
2953 1669 3217 1751 speciem
3243 1667 3377 1730 aliis
3401 1673 3717 1746 praeerant,

2068 1760 2345 1822 eumdem
2380 1761 2657 1822 timerent
2686 1782 2702 1837 ;
2739 1761 2866 1842 ipse
2889 1761 3048 1822 enim
3071 1762 3312 1822 Maurus
3335 1755 3718 1818 centuriones

2070 1858 2127 1912 et
2160 1851 2689 1930 pentecontarchas
2704 1861 2766 1911 et
2790 1849 3137 1929 decarchas,
3173 1867 3321 1928 quos
3338 1846 3716 1908 fraudulento

343 1942 442 2010 τῆς
492 1942 651 1999 αὒτοῦ
710 1941 886 2006 δολίας
931 1943 1176 2020 γνώμης,
1224 1945 1316 1999 καί
1371 1941 1594 1999 ὁπλῖται
1624 1949 1810 1999 τοῦτον
1867 1941 1983 1998 ἔνθα

2073 1939 2320 2002 consilio
2337 1957 2443 2000 suo
2468 1941 2886 2020 conspirantes
2908 1947 3114 2001 nactus
3136 1935 3712 2014 erat,constituebat,

341 2033 466 2088 ὡσεὶ
495 2029 676 2110 ἄνδρες
734 2029 982 2107 εὔτολμοι
1037 2033 1239 2110 νύκτωρ
1290 2033 1380 2089 καὶ
1430 2031 1545 2088 καθ’
1595 2033 1799 2110 ἡμέραν
1857 2031 1984 2109 ἐφύ-

342 2119 537 2178 λαττον
564 2122 657 2183 τὰς
690 2124 906 2185 σιτίσεις
939 2121 1282 2196 κομιζόμενοι
1322 2121 1383 2178 ἐκ
1414 2127 1521 2178 τῶν
1565 2127 1656 2178 τοῦ
1702 2120 1982 2195 δημοσίου.

343 2209 491 2285 Σκέψ
506 2234 549 2273 ις
594 2209 648 2266 δὲ
692 2211 826 2276 αὕτη
876 2211 963 2266 καὶ
1023 2209 1190 2287 βουλὴ
1223 2211 1536 2291 ἐτύγχανεν,
1570 2210 1707 2267 ὥστε
1735 2217 1805 2287 τῇ
1835 2217 1986 2271 νυκτί

342 2296 440 2364 τῆς
497 2297 740 2375 μεγάλης
799 2299 989 2376 ἑορτῆς
1051 2305 1143 2356 τοῦ
1185 2300 1336 2377 ἁγίου
1383 2296 1680 2379 Σαϐϐἀτου,
1747 2299 1836 2356 ὅτε
1889 2300 1984 2364 τὰς

339 2388 438 2453 τῆς
468 2385 835 2464 σωτηριώδους
871 2395 1102 2466 Χριστοῦ
1155 2387 1494 2452 ἀναστάσεως
1539 2389 1771 2468 εὒωχίας
1803 2387 1978 2465 ἤμελ-

338 2473 429 2533 λεν
470 2478 605 2552 μετὰ
647 2477 861 2534 πάντων
918 2477 1156 2534 ἐκτελεῖν
1213 2481 1247 2546 ἡ
1291 2476 1470 2552 πόλις,
1533 2479 1656 2535 τότε
1715 2476 1826 2553 ἅμα
1881 2485 1984 2534 τῶν

342 2563 461 2641 μετ’
547 2566 734 2630 αὐτοὺς
818 2566 1292 2645 ἐμπειροπολέμων
1327 2615 1343 2648 ,
1429 2567 1683 2648 ἐμφύλιον
1765 2567 1984 2645 βάλλειν

341 2655 582 2730 πόλεμον
609 2655 696 2712 καὶ
727 2662 826 2732 πῦρ
858 2655 939 2722 εἴς
967 2678 1114 2720 τινας
1146 2655 1440 2732 ἐπισήμους
1471 2658 1666 2722 τόπους
1697 2659 1784 2714 καὶ
1815 2655 1983 2720 οὕτως

339 2743 620 2822 ἐγκρατεῖς
649 2745 748 2813 τῆς
778 2744 986 2808 πόλεως
1020 2746 1283 2823 γίνεσθαι,

421 2833 536 2896 σα’,
586 2825 644 2893 Ὀ
702 2833 758 2890 δὲ
810 2836 873 2893 τὸ
929 2836 1123 2914 κράτος
1181 2835 1359 2892 θεόθεν
1402 2832 1712 2912 δεδεγμένος
1770 2838 1986 2917 ἀοράτῳ

2071 2047 2330 2106 eumque
2354 2029 2451 2091 hic
2473 2028 2581 2090 viri
2601 2033 2913 2104 armati,ut
2947 2029 3269 2108 plurimum
3299 2027 3578 2099 audaces,
3611 2024 3719 2100 qui

2069 2137 2103 2179 e
2137 2117 2374 2199 publico
2406 2136 2705 2180 annonam
2738 2117 3133 2197 accipiebant,
3180 2124 3354 2177 nocte
3384 2133 3451 2176 ac
3482 2113 3580 2175 die
3607 2131 3719 2176 cu-

2068 2206 2427 2269 stodiebant.
2463 2208 2524 2271 id
2587 2227 2764 2288 porro
2822 2207 2998 2268 etiam
3031 2205 3271 2268 consilii
3316 2210 3622 2284 ceperant,
3654 2211 3720 2264 ut

2069 2305 2244 2358 nocte
2268 2297 2466 2374 magni
2486 2297 2619 2358 festi
2655 2297 2898 2360 Sabbati
2929 2295 3141 2370 sancti,
3180 2294 3418 2375 quando
3438 2292 3720 2355 salutaris

2067 2383 2286 2448 Christi
2304 2387 2765 2448 resurrectionis
2787 2385 3126 2448 convivium
3150 2385 3208 2446 in
3231 2382 3534 2448 communi
3555 2399 3719 2443 sum-

2070 2484 2240 2556 ptura
2269 2486 2426 2537 esset
2452 2476 2680 2549 civitas,
2716 2486 2856 2538 tunc
2887 2496 3021 2538 cum
3055 2495 3126 2538 eo
3185 2474 3284 2555 qui
3344 2472 3488 2535 belli
3546 2479 3718 2533 erant

2067 2564 2498 2645 periti,bellum
2537 2566 2882 2628 intestinum
2909 2564 3626 2642 concitarent,ignemque
3657 2561 3717 2622 in

2067 2653 2197 2716 loca
2223 2654 2523 2736 praecipua
2551 2655 2943 2736 conjicerent,
2980 2662 3158 2736 atque
3179 2653 3262 2717 ita
3281 2653 3522 2715 civitate
3554 2650 3712 2733 poti-

2063 2752 2294 2807 rentur.

2143 2833 2285 2897 201.
2317 2832 2430 2907 Qui
2457 2840 2655 2896 autem
2707 2834 3031 2914 imperium
3064 2833 3348 2894 divinitus
3376 2839 3714 2912 acceperat,

337 2923 622 2998 ὶμπνεύσει
697 2926 791 2981 καῖ
851 2926 1068 3001 νεύματι
1141 2926 1277 2983 κατὰ
1339 2925 1398 2981 τὸ
1455 2925 1849 3005 γεγραμμένον,
1901 2927 1982 2984 ὅτι

2073 2923 2371 2999 invisibili,
2409 2925 2546 3005 quia
2577 2926 2908 2987 secundum
2968 2922 3127 3002 quod
3160 2929 3446 3004 scriptum
3480 2930 3593 3002 est,
3616 2940 3723 2984 cor

340 3010 523 3091 καρδία
578 3012 842 3090 βασιλέως
888 3017 942 3070 ὲν
987 3015 1128 3094 χειρὶ
1189 3021 1359 3090 Θεοῦ,
1407 3015 1494 3070 καὶ
1550 3013 1682 3071 ὅπου
1738 3003 1981 3093 βούλεται

2073 3013 2225 3092 regis
2285 3014 2344 3074 in
2407 3003 2582 3075 manu
2639 3013 2745 3075 Dei
2810 3021 2889 3087 et,
2945 3003 3303 3093 quocunque
3347 3011 3619 3086 voluerit,
3657 3003 3761 3072 ut"

340 3103 574 3180 καθάπερ
623 3101 780 3181 ὕδωρ,
842 3102 1068 3160 ἐκκλίνει
1127 3105 1348 3183 ταύτην,
1407 3103 1542 3160 οὕτω
1599 3106 1660 3161 τὸ
1691 3105 1982 3179 μελετηθὲν

2073 3121 2304 3182 aquam,
2339 3102 2588 3166 inﬂectit
2617 3103 2790 3179 illud,
2843 3102 3232 3184 inspiratione
3265 3121 3334 3164 ac
3379 3110 3545 3180 nutu,
3582 3119 3718 3162 cum

339 3191 395 3247 ἐν
439 3189 579 3265 δόλῳ
601 3193 738 3248 κατὰ
768 3193 864 3260 τῆς
897 3192 1106 3258 πόλεως
1165 3193 1516 3268 ἐπιστάμενος
1554 3193 1799 3251 κελεῦσαι
1844 3218 1978 3252 κατ-

2073 3193 2359 3268 ηοηιιυιη,
2420 3193 2578 3273 quod
2636 3192 2773 3255 dolo
2827 3201 3034 3255 contra
3089 3191 3386 3254 civitatem
3450 3190 3720 3252 meditati

337 3278 563 3347 ηξίωσεν
593 3284 836 3380 Σισιννίῳ
866 3289 1152 3360 στρατηγῴ
1205 3283 1326 3338 τότε
1377 3288 1484 3338 τῶν
1529 3281 1776 3361 καράϐων
1808 3285 1981 3362 ὑπάρ-

2073 3291 2264 3353 erant,
2302 3282 2672 3362 exploratum
2732 3282 3006 3356 haberet,
3041 3281 3330 3356 Sisinnio,
3365 3279 3717 3342 caraborum

340 3389 520 3447 χοντι,
555 3366 704 3448 ἆαδρὶ
733 3377 934 3444 συνετῷ
961 3372 1049 3427 καὶ
1094 3383 1214 3435 τοῖς
1262 3369 1444 3449 λόγοις
1489 3375 1579 3428 καὶ
1622 3385 1737 3439 τοῖς
1766 3374 1982 3450 τρόποις

2074 3370 2203 3452 (92)
2239 3381 2378 3433 tunc
2407 3372 2568 3448 duci,
2595 3373 2724 3436 viro
2756 3372 2963 3434 solerti
2987 3381 3044 3434 et
3065 3371 3262 3434 verbis
3279 3381 3341 3432 et
3363 3369 3628 3432 moribus
3660 3377 3720 3430 et

341 3459 424 3515 καὶ
473 3460 548 3532 τῷ
608 3465 724 3533 Θεῷ
777 3462 836 3516 ἒν
916 3459 1114 3517 ἅπασιν
1169 3461 1597 3536 ἀνατεθειμένῳ,
1645 3463 1792 3526 ὅπως
1849 3463 1986 3540 μετά

339 3548 446 3604 τῶν
489 3546 583 3604 ὑπ’
641 3547 797 3604 αὐτὸν
855 3548 1022 3605 ὄντων
1077 3548 1469 3629 καραϐισιάνων
1534 3560 1872 3630 στρατιωτῶν
1917 3561 1984 3632 τῇ

341 3635 854 3717 ἆθλοφοροφυλᾶκτῷ
900 3639 1067 3714 ταύτῃ
1140 3637 1409 3695 εἰσϐαλεῖν
1465 3642 1620 3697 πόλει
1663 3641 1748 3698 ἐπὶ
1804 3665 1982 3720 παρα-

338 3723 548 3804 φυλακῆ
605 3734 696 3784 τοῦ
753 3725 1036 3807 λεχθέντος
1106 3727 1341 3806 Mat-iptio,
1394 3727 1488 3785 καὶ
1541 3735 1645 3784 τῶν
1691 3732 1782 3786 σὺν
1843 3734 1986 3803 αὐτῷ

339 3816 702 3894 προσρυέντων
737 3863 753 3890 ,
831 3815 978 3879 ὅπως
1063 3823 1155 3874 τοῦ
1229 3817 1468 3872 τοιούτου
1524 3825 1748 3895 στρατοῦ
1804 3818 1983 3877 ἶενθάὸε

337 3906 724 3985 τυγχάνοντος,
785 3906 1186 3983 προθυμοτέρως
1230 3906 1350 3968 τοὺς
1383 3906 1492 3962 ἀπὸ
1549 3907 1642 3962 τού
1697 3906 1981 3988 λεχθέντος

344 3991 540 4073 Κούϐερ
584 3993 763 4051 ἐνθάδε
823 3997 1169 4075 καταφεύγειν
1225 3994 1446 4074 γένηται
1482 4015 1498 4032 ⁶
1559 3994 1705 4057 ὅστις
1765 3997 1981 4056 εὐκλεέ-

341 4104 532 4145 στατος
582 4085 883 4162 στρατηγὸς
916 4086 1172 4148 Σισίννιος
1232 4087 1294 4141 τὸ
1349 4084 1631 4144 κελευσθὲν
1690 4089 1760 4152 εἷς
1817 4087 1980 4165 πέρας

340 4172 567 4250 ἀγαγεῖν
610 4172 933 4249 βουλόμενος
992 4173 1179 4239 ἔξεισιν
1235 4174 1342 4231 ἀπὸ
1405 4181 1512 4231 τῶν
1573 4181 1672 4242 τῆς
1735 4166 1982 4243 Ἐλλάδος

2069 3461 2128 3522 in
2153 3461 2434 3523 omnibus
2461 3467 2583 3525 Deo
2607 3472 2916 3543 acceptum
2945 3481 3078 3523 sese
3103 3461 3378 3524 reddenti
3405 3460 3713 3540 (93),prze-

2069 3551 2275 3629 cipere
2307 3553 2584 3631 dignatus
2616 3562 2726 3634 est,
2765 3562 2828 3614 ut
2853 3572 2987 3614 cum
3021 3551 3372 3614 caraborum
3405 3549 3714 3622 militibus,

2068 3641 2172 3719 qui
2193 3641 2249 3702 ei
2283 3641 2893 3722 parebant,civitatem
2919 3643 3138 3715 hanc,a
3170 3639 3566 3703 certaminum
3603 3639 3716 3700 Vi-

2068 3739 2232 3791 ctore
2285 3731 2671 3811 custoditam,
2728 3732 2798 3794 ad
2835 3731 3140 3812 praefatum
3174 3731 3438 3792 Maurum
3471 3747 3716 3809 eosque,

2067 3817 2325 3896 quicum
2353 3839 2423 3880 eo
2450 3819 3334 3892 convenerant,observandum
3358 3816 3714 3896 ingredere-

2068 3913 2186 3979 tur,
2222 3927 2340 3985 quo
2391 3908 2734 3989 hujusmodi
2770 3910 2867 3971 hic
2916 3913 3240 3970 exsistente
3289 3908 3579 3975 exercitu,
3614 3925 3720 3968 eos

2067 3996 2168 4073 qui
2200 4015 2232 4057 a
2263 3997 2423 4060 dicto
2457 3999 2653 4061 Cubro
2689 3999 2948 4075 stabant,
2977 3998 3235 4060 alacrius
3259 3996 3401 4060 illuc
3424 3995 3717 4075 aufugere

2069 4086 2328 4146 eveniret
2363 4109 2377 4148 :
2411 4091 2508 4170 qui
2539 4089 3008 4169 gloriosissimus
3059 4088 3176 4150 dux
3209 4085 3532 4159 Sisinnius,
3559 4085 3719 4166 quod

2071 4177 2409 4238 mandatum
2429 4179 2659 4256 erat,ad
2680 4179 2856 4240 tinem
2887 4178 3222 4258 perducere
3244 4176 3453 4237 volens
3475 4175 3546 4235 ab
3572 4173 3719 4235 Hel-

342 4266 540 4340 μερῶν,
576 4266 662 4319 καὶ
695 4261 1094 4339 καταλαμϐάνει
1142 4265 1241 4332 τὴν
1300 4267 1548 4322 Σκιαθίαν
1596 4271 1759 4332 νῆσον
1809 4267 1983 4343 ἡμέρᾳ

2073 4264 2218 4326 Indis
2254 4266 2517 4345 partibus
2571 4267 2744 4328 solvit
2804 4277 2981 4344 atque
3014 4267 3086 4328 ad
3118 4265 3375 4327 insulam
3411 4262 3718 4326 Sciathum

351 4359 584 4429 Κυριακεῃ
613 4359 680 4429 τῇ
710 4353 811 4425 πρό
867 4359 990 4428 μιᾶς
1047 4355 1143 4420 τῆς
1193 4355 1343 4432 ἁγίας
1397 4354 1736 4436 Πασχαλίας,
1777 4355 1895 4424 ἥτις
1926 4360 1981 4413 ἒν

2073 4355 2185 4436 {94)
2221 4355 2319 4417 die
2347 4356 2683 4438 Dominica,
2735 4366 3001 4418 sanctum
3058 4356 3282 4418 Pascha
3312 4354 3707 4434 prmcedentc,

345 4453 464 4503 ταῖς
506 4447 612 4497 τῶν
657 4439 938 4519 ὀρθοδόξων
997 4444 1215 4500 πόλεσιν
1263 4445 1403 4522 παρὰ
1466 4447 1677 4502 πάντων
1729 4447 1980 4520 ἑορτάζε-

2073 4463 2192 4523 qua;
2216 4446 2288 4508 ab
2311 4447 2586 4510 omnibus
2632 4447 2691 4507 in
2717 4446 3183 4508 orthodoxorum
3236 4441 3576 4504 civitatibus
3603 4459 3711 4504 ce-

341 4552 426 4585 ται
459 4533 547 4586 καὶ
596 4530 808 4607 λέγεται
852 4534 887 4600 ἡ
931 4538 1037 4587 τῶν
1085 4539 1264 4589 Βα³ιων
1297 4549 1312 4564 ⁸
1361 4537 1739 4610 προπορμήσας
1780 4536 1870 4591 οὗν
1926 4536 1979 4590 ἐν

2073 4533 2350 4608 lebratur,
2385 4535 2814 4616 Dominicaque
2843 4535 3179 4596 Palmarum
3221 4533 3576 4614 appellatur,
3609 4549 3712 4592 ac-

337 4625 404 4692 τῇ
462 4618 719 4698 λεχθείσῃ
763 4623 938 4699 νήσω,
997 4621 1237 4696 ἀοικήτῳ
1293 4623 1422 4691 orion
1467 4624 1527 4680 ἐκ
1557 4623 1822 4680 πλείστων
1874 4631 1979 4680 τῶν

2073 4624 2269 4699 cessit;
2293 4645 2427 4688 cum
2453 4627 2631 4703 igitur
2651 4627 2708 4687 in
2754 4625 2970 4688 dictam
3000 4625 3276 4704 insulam,
3305 4641 3434 4703 qua)
3458 4643 3490 4683 a
3516 4621 3716 4682 multis

339 4709 599 4790 χρόνων,
666 4715 751 4766 καὶ
808 4712 1042 4786 εὑρηκὼς
1103 4711 1194 4767 ἕνα
1266 4719 1372 4769 τῶν
1443 4712 1744 4789 γενομένων
1802 4717 1980 4770 ἐκεῖσε

2073 4712 2238 4773 annis
2270 4713 2527 4776 habitata
2561 4716 2716 4776 haud
2751 4725 2895 4776 erat.
2935 4713 3281 4795 appulisset,
3308 4721 3484 4792 atque
3514 4729 3547 4772 e
3577 4729 3714 4771 san-

335 4797 610 4876 παναγίων
669 4806 812 4856 ναῶν
869 4799 1087 4868 ἀλσώδη
1145 4803 1232 4857 καὶ
1279 4800 1461 4858 ἔνυλον
1526 4805 1859 4875 καθεστῶτα,
1906 4810 1983 4878 τῷ

2073 4803 2348 4864 ctissimis
2381 4805 2779 4886 templis,quze
2804 4804 3027 4866 ibidem
3058 4804 3314 4882 fuerant,
3338 4821 3519 4862 unum
3553 4801 3715 4881 sylva

336 4888 546 4960 εὖηκόῳ
605 4890 816 4966 στρατῷ
878 4889 1165 4969 ἐπέτρεψεν
1235 4890 1292 4946 ἓν
1356 4891 1520 4968 μέρος
1579 4894 1738 4949 αὐτοῦ
1794 4893 1978 4948 καθαί-

2073 4891 2368 4955 obtectum
2394 4913 2460 4955 ac
2486 4895 2835 4956 frondosum
2856 4892 3710 4970 invenisset,exercitui,quem

335 4997 466 5053 ρειν,
509 4977 732 5036 κάκεῖσε
770 4979 868 5046 τήν
897 4981 1042 5036 θείαν
1070 4979 1396 5059 λειτουργίαν
1429 4980 1691 5057 ἐκτελεῖν,
1725 4983 1753 5038 ὃ
1784 4980 1848 5051 δὴ
1893 4985 1980 5040 καὶ

2073 4982 2174 5042 sibi
2199 4982 2632 5066 obsequentem
2677 4984 2957 5058 habebat,
2983 4995 3049 5043 ut
3081 4999 3258 5043 unam
3294 4979 3454 5042 illius
3486 4990 3712 5059 partem

330 5064 640 5144 γεγένηται.
2062 5064 2439 5152 expurgaret,
2478 5073 2864 5154 divinumque
2895 5073 3117 5134 ibidem
3147 5073 3430 5147 ofﬁcium,
3467 5069 3624 5152 quod
3657 5077 3716 5131 et

2061 5160 2280 5222 factum
2315 5171 2426 5238 est,
2463 5171 2796 5244 perageret,
2836 5162 3146 5244 praecepit.

335 5344 346 5354 ,
407 5271 519 5358 (92)
550 5272 756 5358 vocem
789 5275 938 5333 hanc
971 5277 1211 5358 iterum_
1237 5276 1296 5332 in
1321 5275 1770 5358 signiﬁcatione,
1802 5292 1976 5358 quam
2134 5281 2246 5350 (9t)
2277 5283 2388 5358 Sita
2437 5283 2552 5358 haec
2611 5292 2700 5358 est
2752 5285 2805 5340 in
2851 5282 2994 5358 mari
3055 5283 3253 5358 Egeo,
3288 5297 3412 5358 seu,
3450 5280 3712 5358 ut___rnod_o

334 5346 391 5400 in
427 5346 755 5428 Adnotqtis,
799 5362 938 5428 cap,
991 5349 1335 5428 prmeedenti
1364 5346 1505 5428 φοι.
1541 5348 1632 5418 7t)
1682 5346 1974 5428 subn‘exis,
2061 5346 2324 5428 vocatur,
2354 5355 2760 5428 Archipelagﬁo.
2813 5354 2884 5428 ad
2907 5367 3100 5428 _oram
3128 5346 3465 5428 Thessaliae.
3501 5351 3712 5428 Videsis

332 5419 1047 5500 memoravi,‘ab_.auctore
1083 5431 1277 5478 nostro
1322 5419 1415 5476 hic
1449 5423 1737 5492 usurpari,
1777 5437 1806 5477 e
1838 5437 1978 5479 sen-
2059 5425 2129 5500 ad
2170 5425 2509 5500 vocabulum
2538 5419 2793 5483 Sciat'hus
2823 5426 2878 5482 in
2907 5426 3113 5500 Lexico
3145 5423 3529 5500 geographico
3565 5425 3714 5478 Bau-

335 5491 1120 5576 ευῗηξ9⁰,ξ⁴ἓξῑυ,ιίίιυθιοΜ,ν
1186 5563 1198 5576 ,
1390 5575 1412 5576 η
1477 5575 1485 5576 7
1934 5564 1945 5576 ο
2059 5491 3710 5576 orandum,ibidemqueinvenies,insulamlttam,quam

403 5557 518 5628 (93)
541 5557 670 5640 _Nec
723 5557 925 5618 ducem
987 5559 1327 5629 Sisinninm,
1387 5575 1495 5619 nec
1547 5561 1826 5640 Maurum,
1857 5564 1964 5634 cui,
2057 5574 2198 5634 tum,
2231 5557 2362 5624 cuni
2424 5584 2510 5636 ea,
2563 5557 2691 5640 quae
2744 5583 2869 5640 cap.
2903 5557 3165 5638 présenti
3204 5574 3528 5631 narrantur,
3553 5557 3710 5620 ὀνθ-

328 5643 453 5700 quae
501 5630 575 5714 ab
625 5643 1102 5714 auctore_nos_tro
1157 5647 1282 5714 cap.
1326 5636 1587 5714 praesenti
1641 5630 1970 5714 narrantur,
2055 5630 2221 5703 nere,
2255 5642 2463 5697 incolis
2492 5630 3315 5714 destitutamAtiiisse,_auctor
3355 5646 3551 5692 noster
3583 5642 3711 5707 post

328 5700 699 5836 grimoniam.
737 5703 889 5784 apud
945 5702 1095 5764 ullos
1152 5700 1460 5786 scriptores
1513 5705 1656 5767 alios
1712 5700 1976 5766 invenire
2055 5700 2236 5836 pauci:
2262 5713 2558 5788 memoria:
2594 5713 2687 5768 hic
2728 5711 2938 5793 plodit,
2972 5700 3140 5774 modo
3184 5712 3353 5769 etiam
3409 5721 3538 5766 arce
3583 5700 3708 5775 Esse

492 5813 506 5834 .
2053 5795 2214 5836 mum
2239 5797 2352 5836 am.
