4124 6422
497 375 645 444 1371

499 600 768 669 domadae
826 606 1126 672 Passionis
1184 608 1512 670 Dominicm
1571 609 1857 684 secunda,
1912 630 2045 673 cum
2080 621 2138 674 et

500 701 682 771 venti,
720 707 779 759 ut
836 717 1041 760 versus
1098 717 1212 761 nos
1244 699 1565 780 navigaret,
1601 709 1800 762 essent
1829 702 2134 782 contrarii,

499 789 1023 864 praestantissimus
1054 790 1142 850 vir
1173 789 1272 852 ille
1307 797 1488 850 totum
1522 808 1691 850 suum
1746 799 2133 854 convocatum

498 876 826 940 exercitum
861 880 1130 942 hortatus
1153 887 1263 952 est,
1310 898 1384 940 ne
1414 878 1547 960 quis
1579 878 1755 940 deses
1781 889 1964 955 esset,
1990 880 2136 943 reli-

500 980 674 1042 quam
707 975 900 1029 autem
936 987 1174 1031 omnem
1214 968 1416 1048 templi
1469 974 1696 1048 partem
1757 977 2132 1048 expurgaret,

501 1061 578 1128 et,
615 1056 772 1134 quod
803 1057 863 1118 in
895 1078 964 1120 e0
1026 1059 1240 1132 fuerat,
1279 1058 1687 1138 baptisterium
1722 1076 1980 1131 sacrum,
2013 1078 2137 1119 om-

497 1159 749 1223 nesque,
785 1149 883 1228 qui
916 1157 1119 1210 sancta
1151 1147 1366 1210 Christi
1397 1145 1815 1208 recordatione
1846 1147 2007 1227 digni
2034 1168 2134 1209 es-

495 1241 630 1293 sent
657 1236 877 1310 (95),...
934 1245 1362 1318 prmparentur,
1399 1245 1462 1298 ut
1502 1237 1830 1298 secundum
1881 1256 2136 1299 consue-

497 1323 763 1387 tudinem
796 1328 1005 1389 festum
1052 1337 1451 1410 peragerent;
1503 1344 1759 1406 cumque
1790 1326 2136 1405 hujusmodi

497 1411 570 1473 ad
598 1414 732 1477 illos
752 1417 900 1478 facta
923 1418 1113 1481 oratio
1139 1415 1416 1478 omnibus
1463 1416 1842 1489 innotuisset,
1862 1416 2139 1481 alacriter

501 1504 708 1583 templi
742 1516 799 1567 et
829 1507 979 1568 sacri
1017 1505 1348 1586 baptisterii
1401 1503 1811 1584 expurgationi
1861 1506 2133 1568 certatim

499 1607 742 1670 operam
777 1596 1096 1676 dabant,ac
1122 1595 1275 1656 alius
1295 1614 1430 1656 cum
1451 1594 1568 1655 alio
1597 1594 1980 1656 tabernacula
2003 1604 2137 1676 apte

499 1683 1039 1761 conﬁciebat,alius
1069 1705 1202 1748 cum
1235 1684 1531 1764 aliis,qua3
1552 1683 1622 1744 ad
1657 1683 1874 1744 festum
1911 1694 2140 1765 specta-

1862 389 2510 458 SUPPLEMENTUM.

578 513 742 578 CCII.
775 512 1056 597 Sequenti
1089 515 1269 597 igitur
1298 516 1558 600 die,qu:n
1588 526 1794 581 sancta
1826 531 1951 583 erat
1983 521 2132 584 heb-
2158 529 2196 580 Α

3708 397 3849 466 1372

2299 527 2402 604 σβ⁹.
2455 534 2533 604 Τῇ
2588 528 2676 585 οῦδ
2746 528 2994 610 ἐπιούσῃ,
3071 527 3188 596 ἥτις
3230 528 3295 598 ἧν
3346 529 3472 608 ἁγία
3514 528 3723 610 δευτέρα
3761 537 3854 603 τῆς

2220 613 2511 691 ἑϐδομάδος
2571 625 2664 675 τοῦ
2723 626 2982 698 Κυριακοῦ
3044 619 3258 693 πάθους,
3333 620 3423 676 καὶ
3498 622 3603 676 τῶν
3660 622 3856 697 ἀνέμων

2220 705 2468 763 ἐναντίων
2526 707 2878 786 ὕπαρχὸντων
2941 709 3071 785 πρὸς
3130 710 3220 764 τὸν
3303 707 3418 765 καθ’
3478 711 3622 784 ἡμᾶς
3678 711 3854 792 πλοῦν,

2219 794 2579 863 ἐκκλησιάσας
2627 799 2714 854 τὸν
2771 798 2930 855 αὗτοῦ
2973 799 3184 855 ἅπαντα
3237 800 3461 877 στρατὸν
3512 799 3856 883 προδιελέχθη

2220 888 2248 942 ὁ
2293 909 2612 964 πανάριστος
2643 888 2794 953 οὗτος
2856 887 3011 966 ἀνὴρ,
3055 889 3283 964 ῥᾴθυμον
3327 887 3536 963 μηδένα
3581 891 3746 963 εἶναι,
3799 896 3855 949 τὸ

2218 973 2274 1032 δὲ
2315 974 2502 1032 λοιπὸν
2548 984 2640 1034 τοῦ
2683 985 2808 1034 ναοῦ
2865 978 3129 1054 καθαίρειν
3177 976 3339 1053 ἅπαν,
3388 979 3568 1035 καὶτὸ
3619 979 3672 1036 ἐν
3727 983 3856 1055 αὖτῷ

2218 1063 2504 1142 γινόμενον
2552 1065 2701 1142 ἅγιον
2753 1067 3028 1143 βάπτισμα
3088 1068 3174 1122 καὶ
3224 1067 3427 1130 πάντας
3490 1068 3856 1144 ἐτοιμασθῆναι

2218 1151 2389 1220 ἀξίους
2445 1161 2544 1222 τῆς
2588 1157 2741 1233 ἁγίας
2803 1155 3028 1233 Χριστοῦ
3077 1155 3458 1231 ἀναμνήσεως,
3508 1158 3580 1221 ὡς
3627 1159 3689 1216 τὰ
3733 1162 3856 1216 κατὰ

2219 1245 2419 1313 συνήθη
2475 1251 2575 1312 τῆς
2635 1247 2822 1324 ἑορτῆς
2879 1243 3246 1320 ἐκπληρῶσαι,
3310 1246 3398 1302 καὶ
3454 1251 3554 1313 τῆς
3617 1248 3854 1316 τοιαύτης

2219 1334 2404 1397 αὐτοῖς
2455 1333 2728 1396 διαλαλιᾶς
2783 1342 2945 1391 πᾶσιν
2989 1332 3290 1405 καταδήλου
3349 1336 3668 1412 γενομένης,
3729 1359 3852 1404 προσ

2217 1422 2396 1496 θῦμως
2448 1429 2546 1490 τῆς
2589 1424 2893 1501 καθάρσεως
2953 1431 3046 1480 τοῦ
3103 1434 3230 1484 νασῦ
3287 1427 3376 1481 καὶ
3422 1435 3517 1484 τοῦ
3574 1426 3718 1503 ἁγίω
3759 1428 3850 1501 βα-

2219 1513 2510 1587 πτίσματος
2569 1513 2912 1590 ἠγωνίζοντο,
2967 1513 3052 1569 καὶ
3103 1511 3266 1578 ἄλλος
3314 1513 3439 1588 μετ’
3470 1513 3632 1572 ἄλλου
3663 1538 3850 1585 σκηνοο

2219 1604 2386 1656 ποιῶν
2445 1601 2692 1680 εὐθέτως,
2745 1600 2909 1665 ἄλλος
2957 1603 3270 1679 εὖτρεπίζων
3329 1603 3467 1678 μετὰ
3511 1610 3616 1660 τῶν
3675 1605 3851 1682 ἑτέρων

2219 1691 2284 1745 τὰ
2337 1695 2436 1755 τῆς
2497 1693 2709 1769 ἑορτῆς,
2765 1691 2942 1767 ἕτερος
2997 1688 3052 1745 δὲ
3099 1690 3260 1748 πάλιν
3306 1696 3440 1763 πρὸς
3471 1692 3634 1770 ἄγραν
3663 1693 3854 1774 ἴχθῦων

493 1780 653 1848 rent,
687 1774 1044 1856 instruebat,
1079 1776 1234 1838 alius
1291 1783 1488 1836 autem
1539 1790 1748 1835 rursus
1778 1773 1849 1835 ad
1885 1774 2132 1854 piscium

2223 1778 2255 1847 ἢ
2317 1781 2395 1834 καὶ
2428 1787 2638 1846 κτηνῶν
2685 1780 3098 1860 προσεκαλεῖτο,
3132 1783 3218 1836 καὶ
3250 1780 3438 1844 ἁπλῶς
3497 1773 3700 1847 πάντες
3721 1773 3856 1839 κατὰ

494 1878 858 1941 pecorumve
889 1879 1194 1946 capturam
1228 1863 1715 1943 invitabat,atque
1752 1873 1814 1924 ut
1845 1864 2027 1925 verbo
2053 1865 2132 1926 di-

2223 1869 2279 1924 τὸ
2309 1869 2517 1941 ἑκάστῳ
2571 1867 2781 1949 δοκοῦν,
2829 1871 2902 1934 εἷς
2963 1871 3028 1926 τὰ
3081 1868 3202 1935 tia;
3235 1873 3300 1926 τὰ
3331 1876 3431 1937 τῆς
3466 1871 3657 1950 ἑορτῆς
3687 1871 3856 1949 εὔτρε-

494 1967 649 2023 cam,
683 1954 971 2036 universi,
1008 1963 1182 2036 prout
1232 1954 1479 2032 singulis
1530 1951 1863 2033 videbatur,
1899 1973 2031 2032 quin
2060 1955 2132 2016 ad

2223 1957 2388 2028 πίζειν
2446 1957 2691 2038 ἤλπιζον,
2758 1959 2812 2015 ἐν
2855 1959 3039 2038 ἀγνοίᾳ
3094 1962 3306 2016 πάντων
3373 1959 3541 2018 ὄντων
3599 1960 3690 2016 τοῦ
3735 1961 3858 2017 κατὰ

492 2038 708 2104 festum
734 2043 957 2108 deinde
978 2043 1404 2107 celebrandum
1430 2051 2132 2125 spectarent.praaparare

2223 2047 2317 2114 τὴν
2361 2047 2584 2125 γνώμην
2639 2055 2733 2105 τοῦ
2777 2049 3098 2127 λελεγμένου
3153 2047 3350 2127 Κούϐερ
3404 2052 3491 2106 καὶ
3541 2056 3632 2106 τοῦ
3663 2051 3859 2119 Μαύροὺ

491 2147 626 2193 sese
655 2134 1254 2214 existimabant,dum
1283 2151 1495 2195 omnes
1518 2151 1649 2213 quae
1675 2132 1992 2212 praedictus
2027 2135 2132 2196 Cu-

2223 2136 2305 2192 καί
2335 2143 2440 2192 τῶι
2471 2136 2588 2194 κατ’
2621 2137 2809 2200 αὖτοὺς
2856 2144 3258 2214 συμπνευστῶν,
3307 2141 3392 2195 καὶ
3451 2136 3518 2204 δὴ
3578 2139 3712 2214 μετὰ
3767 2138 3855 2204 τὴν

488 2217 672 2284 herus
693 2235 751 2284 et
782 2225 1049 2304 Maurus,
1085 2225 1271 2305 iique,
1307 2224 1406 2304 qui
1452 2241 1588 2283 cum
1623 2220 1788 2284 hisce
1819 2226 2131 2303 conspira-

2223 2227 2355 2282 θείαν
2411 2225 2740 2304 λειτουργίαν
2783 2232 2882 2295 τῆς
2939 2231 3104 2294 αὐτῆς
3162 2228 3315 2305 ἁγίας
3375 2227 3646 2307 δευτέρας,
3679 2229 3854 2284 καὶτὸ

489 2308 656 2385 bant,
692 2314 751 2374 in
783 2315 982 2376 animo
1036 2313 1357 2382 habebant,
1411 2312 1783 2392 ignorarent.
1816 2310 2131 2392 Postquam

2223 2314 2494 2383 δειπνῆσαι
2552 2318 2778 2391 πάντας,
2839 2319 2932 2373 καὶ
2987 2318 3085 2376 τὴν
3160 2319 3291 2393 πρὸς
3351 2319 3561 2384 συνήθει
3621 2323 3696 2390 τῷ
3749 2323 3853 2390 Θεῴ

487 2417 627 2462 vero
649 2402 917 2466 divinum
943 2413 1160 2467 sancta:
1185 2403 1310 2464 diei
1327 2401 1607 2464 secundm
1627 2400 1889 2462 ofﬁcium
1926 2406 2132 2463 luisset

2223 2404 2528 2482 ἂναπέμψαι
2573 2408 2938 2485 εὐχαριστίαν,
2988 2410 3014 2463 ὁ
3067 2408 3421 2486 πανεύφημος
3475 2407 3677 2472 ἐκεῖνος
3733 2407 3852 2486 ἀνὴρ

490 2501 823 2570 peractum,
858 2513 924 2556 ac
944 2512 1152 2556 omnes
1175 2491 1394 2555 caenati
1421 2499 1626 2553 essent
1648 2491 1984 2572 gratiasque
2007 2490 2130 2554 Deo

2223 2495 2279 2551 τὰ
2335 2497 2441 2552 τῶν
2499 2496 2700 2574 βιγλῶν
2757 2498 2843 2552 καὶ
2904 2496 3175 2553 σκούλκων
3247 2498 3335 2554 καὶ
3395 2497 3596 2554 λοιπῶν
3653 2496 3849 2554 πάντων

488 2578 564 2641 de
599 2598 765 2643 more
793 2583 1092 2663 egissent,
1149 2581 1577 2643 celeberrimus
1620 2580 1707 2641 vir
1739 2579 1862 2661 ille,
1898 2598 2028 2660 qua:
2058 2580 2130 2643 ad

2223 2586 2320 2641 τῶν
2352 2586 2482 2662 πρὸς
2535 2584 2925 2664 παραφυλακὴν
2969 2585 3285 2653 ἐπιτηδείων
3331 2586 3612 2667 φροντίσας
3643 2585 3850 2664 ἠρεμεῖν

487 2675 771 2732 stationes
798 2680 857 2733 et
878 2671 1161 2734 excubias
1188 2671 1535 2750 reliquaque
1571 2669 1796 2742 omnia,
1826 2668 1895 2730 ad
1930 2681 2130 2733 custo-

2223 2674 2302 2731 τόν
2335 2673 2523 2732 λοιπὸν
2553 2671 2761 2732 ἅπαντα
2804 2677 3027 2753 στρατὸν
3071 2675 3454 2753 προσέταττεν,

487 2755 642 2818 diam
676 2759 1072 2822 conducentia
1095 2768 1387 2842 spectant,
1415 2759 1734 2838 diligenter
1754 2776 1994 2834 curans,
2025 2777 2128 2822 re-

486 2846 713 2928 liquum
746 2869 986 2912 onmem
1018 2850 1345 2913 exercitum
1371 2849 1549 2929 jussit
1579 2849 1916 2929 quiescere.

565 2936 860 3000 %3.Cum
884 2958 1022 3002 vero
1049 2941 1098 3000 is
1122 2939 1318 3001 statim
1347 2937 2129 3018 obdormiscerei,pulchris

2293 2941 2402 3021 σγ’.
2443 2944 2538 3001 Καὶ
2589 2943 2653 3010 δὴ
2709 2944 2893 3000 αὐτίκα
2951 2943 3368 3020 ἀφυπνώσαντος
3435 2944 3612 3023 αὖτοῦ,
3673 2944 3846 3023 φαίνε-

483 3025 1086 3092 victoriisdecoratns
1114 3030 1220 3093 Dei
1258 3036 1475 3108 martyr
1501 3026 1864 3100 Demetrius,
1901 3028 1998 3107 qui
2024 3047 2129 3108 pro

2223 3055 2299 3088 ται
2347 3034 2407 3090 οὗ
2437 3030 2557 3090 κατ’
2587 3033 2734 3104 ὄναρ,
2773 3031 2908 3089 ἀλλὰ
2941 3032 3056 3088 καθ’
3112 3031 3249 3108 ὕπαρ
3302 3036 3329 3089 ὁ
3377 3035 3602 3091 πάντοτε
3641 3035 3849 3112 μοχθῶν

485 3117 660 3179 nobis
690 3120 874 3180 servis
907 3120 1170 3200 indignis
1192 3139 1258 3180 ac
1295 3120 1488 3198 patria
1542 3118 1667 3197 (96)
1731 3117 2131 3198 undequaque

2223 3123 2300 3178 ui
2352 3127 2626 3199 μεριμνῶν
2700 3123 2828 3196 ὅπὲρ
2919 3119 3141 3186 ἀναξίων
3202 3120 3408 3179 δούλων
3477 3126 3564 3180 καὶ
3618 3119 3846 3200 πατρίδος

483 3205 794 3270 laboratae
815 3210 1111 3271 sollicitus
1131 3219 1242 3283 est,
1273 3208 1569 3284 salutique
1596 3218 1812 3267 nostra:
1835 3207 2129 3286 imprimis

2223 3213 2299 3268 mi.
2339 3213 2401 3266 τὰ
2446 3213 2542 3278 τῆς
2576 3212 2841 3289 σωτηρίας
2885 3213 3041 3281 ἡμῶν
3097 3209 3275 3276 καλῶς
3329 3213 3847 3292 πραγματευόμενος,

485 3298 708 3376 studet,
745 3319 860 3359 non
894 3299 953 3360 in
985 3298 1333 3373 somno,sed
1365 3299 1422 3357 in
1455 3297 1697 3358 veritate
1729 3296 2123 3376 apparet,ita-

2223 3301 2239 3354 5
2296 3299 2600 3358 καλλίνικος
2622 3302 2845 3380 ’μάρτος
2878 3299 2969 3354 τοῦ
3001 3307 3132 3357 Θεοῦ
3169 3302 3506 3380 Δημήτριος,
3561 3304 3646 3358 καὶ
3699 3300 3846 3362 οὕτως

485 3405 600 3466 que
623 3373 705 3449 illi
730 3390 830 3451 ait:
856 3386 1462 3468 EXpergiscere,quid
1484 3384 1741 3446 dormis?
1758 3373 1901 3446 Vela
1921 3373 2124 3464 facias,

2249 3389 2260 3406 ο
2317 3395 2342 3402 -
2412 3387 2434 3408 ν
2622 3373 2643 3392 ⁴¹¹
2953 3390 2962 3408 1
3200 3373 3263 3408 κ’
3369 3373 3381 3380 ”
3493 3373 3500 3375 ⁷
3571 3392 3579 3408 ν

2223 3411 2352 3460 ιυτῳ
2413 3409 2512 3467 aer,
2548 3405 2560 3418 °
2649 3397 2852 3466 Εγειρε,
2915 3411 2962 3444 τι
3034 3391 3351 3472 γαθεύοειςς
3416 3393 3764 3472 Ἀρμενισον,
3822 3390 3846 3443 ὁ

482 3478 789 3540 secundus
813 3487 903 3540 est
936 3487 1160 3539 ventus.
1199 3477 1332 3557 Ipse
1392 3487 1593 3536 autem
1649 3474 1832 3547 illico,
1867 3475 2034 3556 quasi
2069 3477 2124 3535 id

2223 3475 2241 3493 ν
2457 3482 2467 3498 ο
2632 3478 2647 3495 \
2717 3480 2726 3499 ι
3035 3469 3048 3490 ι
3141 3478 3184 3500 ιη
3285 3480 3298 3498 ν
3351 3483 3362 3502 ν
3485 3469 3494 3472 ⁷
3526 3484 3537 3497 ι
3704 3480 3716 3496 ι
3793 3479 3802 3494 ο

2223 3498 2405 3551 ινεμος
2459 3479 2758 3548 επιτήοειος
2803 3479 2969 3539 ἐστιν.
3053 3490 3092 3535 0
3136 3499 3190 3536 οε
3245 3503 3438 3537 αυτικα
3489 3504 3550 3538 το
3583 3484 3754 3536 θεαθεν
3780 3500 3845 3540 ως

484 3567 641 3646 quod
676 3576 1051 3648 apparuerat,
1086 3586 1152 3628 re
1189 3567 1363 3626 etiam
1397 3582 1534 3624 vera
1572 3562 1872 3623 obtineret
1901 3563 2124 3643 locum,

2223 3566 2423 3645 ἐνεργὸν
2468 3569 2712 3646 ὑπάρχον
2744 3570 2834 3623 τὸν
2865 3575 3176 3645 προεστῶτα
3227 3580 3319 3629 τοῦ
3367 3569 3600 3648 καράϐου
3654 3568 3843 3647 ἠρώτα,

485 3663 748 3738 eumqui
767 3657 981 3719 carabo
1003 3654 1472 3738 priceratmualis
1503 3661 1708 3738 ventus
1742 3660 1918 3726 esset,
1947 3653 2124 3738 roga-'-

2223 3658 2365 3722 ποῖός
2424 3657 2566 3713 ἐστιν
2627 3661 2654 3713 ὁ
2701 3656 2919 3732 ἄνεμος.
2967 3655 3025 3715 Ὀ
3090 3656 3143 3713 δὲ
3191 3657 3317 3738 ἔφη,
3366 3657 3638 3722 Ἐναντίος
3665 3657 3796 3714 ἒστίν
3827 3670 3838 3684 '

480 3734 598 3798 bat.
637 3736 742 3800 llic
772 3745 967 3799 autem
1004 3733 1309 3799 dicebati
1367 3734 1716 3828 Contrarius
1755 3741 1888 3828 _est,
1924 3733 2028 3793 sed
2065 3745 2126 3794 et

2223 3743 2345 3800 ὶλλὰ
2399 3750 2486 3801 καὶ
2532 3753 2624 3802 τοῦ
2669 3747 2795 3825 χθὲς
2829 3746 2912 3802 ἐπὶ
2949 3744 3139 3803 πλεῖον
3171 3733 3543 3828 σφοδρότερος.
3597 3745 3751 3805 Πάλιν
3791 3740 3839 3798 δὲ

478 3835 652 3888 vento
708 3827 989 3889 hesterno
1037 3827 1220 3888 multo
1275 3823 1707 3886 vehementior.
1747 3821 1890 3885 Cum
1926 3831 2122 3884 autem

2223 3833 2280 3898 ὃς
2313 3834 2544 3910 ἤμελλεν
2572 3821 2838 3914 ἀφυ-πνοῦν
2888 3842 2978 3892 καὶ
3035 3836 3088 3891 ἐν
3148 3821 3380 3915 βραχεῖ,
3517 3838 3667 3898 αὐτὸς
3711 3833 3841 3893 αὖθις

478 3933 757 3978 reversus
816 3917 1260 3979 obdormiturus
1318 3921 1496 3987 esset,
1553 3931 1682 3974 mox
1731 3911 1906 3973 etiam
1935 3911 2121 3980 idem,

2223 3924 2506 4003 ὲφίσταται,
2563 3911 2830 4002 διεγείρων
2891 3927 2983 3981 τὸν
3046 3911 3309 4006 λεχθέντα
3363 3911 3705 4004 στρατηγὸν,
3767 3919 3844 3977 καὶ

479 4005 783 4084 praefatum
808 4006 1020 4067 ducem
1045 4005 1331 4078 excitans,
1368 4021 1576 4065 rursus
1607 4009 1783 4074 ustat,
1819 4001 2124 4081 latereque

2223 3999 2306 4080 τῆν
2366 4012 2597 4091 πλευρὰν
2651 3999 2799 4079 νύξας
2857 4013 2958 4093 ἔφη
2997 4035 3010 4048 ⁸
3065 3999 3298 4092 ΙἘίγειρε,
3347 3999 3509 4072 εἷπον
3541 3999 3650 4092 σοι,
3684 3999 3841 4090 άρμέ-

479 4111 787 4182 percusso,
821 4093 964 4156 dicit
1001 4111 1014 4156 :
1047 4093 1496 4182 Expergiscere,
1530 4089 1676 4182 dixi-
1709 4089 1842 4162 tibi,
1876 4090 2000 4151 vela
2036 4091 2122 4150 fa-

2223 4124 2374 4182 ιισον,
2430 4105 2456 4159 ὁ
2520 4103 2714 4176 ἄνεμος
2784 4101 3092 4173 ἐπιτήδειός
3151 4103 3318 4166 ἐστιν,
3416 4103 3708 4166 Διαναστὰς
3758 4099 3834 4156 οὖν

479 4181 626 4262 cias,
660 4185 962 4246 secundus
985 4193 1074 4246 est
1097 4192 1325 4244 ventus.
1364 4180 1626 4260 Surgens
1661 4179 1974 4256 igitur,eos
2010 4182 2119 4240 ite-

2223 4191 2367 4248 τάλιν
2408 4191 2660 4270 ἐπηρώτα
2689 4192 2810 4256 τοὺς
2861 4193 3384 4269 παρακοιμωμένους
3438 4197 3524 4250 καὶ
3585 4193 3696 4257 τοὺς
3751 4191 3839 4253 τῆς

481 4289 611 4333 rum
637 4274 734 4354 qui
768 4275 927 4351 iuxta
959 4293 1090 4335 eum
1120 4272 1523 4344 dormiebant,
1554 4289 1774 4350 eosque
1803 4275 1900 4350 qui
1936 4289 2121 4330 excu-

2223 4283 2410 4362 Ξίγλας,
2446 4283 2522 4347 τίς
2554 4283 2620 4350 ἦν
2665 4284 2692 4337 ὃ
2722 4280 2900 4356 λέξις,
2940 4284 3026 4339 καὶ
3081 4280 3356 4348 ἐξυπνίσας
3390 4281 3476 4339 διὰ
3519 4284 3608 4340 τὸν
3638 4284 3790 4338 πλοῦν
3825 4293 3836 4307 '

483 4359 614 4423 bias
646 4363 1343 4442 agebant.rogahat,quis
1375 4371 1531 4451 esset
1552 4360 1650 4439 qui
1676 4377 1807 4420 eum
1833 4357 2124 4420 allocutus

2223 4357 2418 4428 πάντων
2471 4369 2524 4427 δὲ
2570 4371 2928 4451 ἀρνουμένων,
2977 4370 3181 4446 μηδένα
3241 4373 3557 4447 ἑωρακέναι,
3612 4370 3646 4439 ἢ
3712 4365 3838 4442 παρά

483 4459 644 4514 esset
672 4461 850 4533 atque
881 4453 953 4515 ad
985 4451 1382 4528 navigandum
1407 4449 1743 4522 excitasset;
1768 4466 1901 4507 cum
1926 4456 2120 4508 autem

2223 4482 2346 4524 τινος
2405 4459 2692 4527 ἀκηκοέναι
2725 4461 2841 4537 περὶ
2872 4461 3082 4536 τούτου,
3132 4460 3302 4517 πάλιν
3344 4461 3552 4539 ἠρώτα,
3587 4461 3629 4514 εἰ
3666 4461 3691 4513 ὁ
3721 4453 3835 4510 ἅνε-

482 4561 716 4615 omues,
754 4560 889 4604 sese
919 4559 1278 4622 quemquam
1330 4539 1552 4600 vidisse
1601 4549 1701 4596 aut
1735 4555 1801 4597 ex
1835 4536 2031 4617 aliquo
2065 4536 2120 4598 id

2223 4574 2306 4617 ιος
2366 4551 2664 4622 ἐπιτήδειός
2724 4551 2866 4610 ἐστιν
2911 4555 3048 4610 κατὰ
3089 4555 3150 4610 τὸ
3191 4552 3382 4632 λεχθὲν
3437 4553 3577 4625 αὐτῷ
3611 4570 3625 4584 ·
3680 4551 3836 4605 εἰπεῖν

483 4613 806 4704 audivisse,
847 4613 1152 4709 negarent.
1192 4629 1404 4690 iterum
1456 4632 1702 4705 rogavit,
1755 4645 1829 4686 an
1878 4613 2115 4700 ventus,

2293 4613 2305 4617 _
2513 4613 2522 4622 .
2654 4613 2660 4615 ν
3258 4613 3295 4632 ,,,
3552 4613 3560 4625 .

2223 4643 2259 4697 is
2302 4644 2421 4706 τοὺς
2479 4642 2678 4707 πάντας
2736 4642 2969 4699 ἐναντίον
3025 4643 3316 4722 τυγχάνειν
3355 4657 3369 4672 ⁸
3419 4644 3474 4699 ἐν
3529 4639 3715 4718 ἀπορίᾳ
3755 4637 3834 4691 οὖν

479 4720 808 4782 secundum
869 4720 1025 4801 quod
1060 4719 1115 4780 ei
1147 4719 1367 4779 dictum
1403 4725 1553 4796 erat,
1585 4715 1884 4778 secundus
1917 4724 2117 4797 esset;

2223 4738 2295 4787 τοῦ
2353 4730 2639 4810 λεχθέντος
2698 4751 2755 4788 τε
2813 4733 2902 4788 καὶ
2980 4715 3256 4810 ὁραθέντος
3338 4715 3689 4810 γεγενημένου
3756 4722 3833 4780 καὶ

481 4828 690 4872 omnes
719 4817 939 4881 autem,
974 4808 1336 4871 contrarium
1367 4804 2034 4882 esse,asseruerunt.De
2057 4823 2124 4868 re

483 4900 663 4979 igitur
695 4899 852 4961 (licia
871 4901 1113 4981 visaque
1132 4897 1275 4980 quid
1309 4907 1631 4973 esset,cum
1669 4895 1892 4957 dubius
1925 4895 2121 4956 haere-

479 4989 941 5070 ret,iterumque
966 5008 1086 5070 pl‘ZB
1112 4988 1369 5050 maxima
1397 4987 1818 5049 exercitatione
1842 4985 1912 5044 ad
1946 4985 2124 5047 breve

483 5085 719 5159 tempus
749 5077 1117 5140 dormiturus
1149 5077 1326 5156 foret,
1378 5077 1656 5138 eumdem
1711 5075 1926 5136 ducem
1961 5074 2123 5136 idem

487 5175 706 5249 martyr
740 5168 920 5230 tertio
955 5167 1191 5243 excitat,
1223 5166 1382 5228 haud
1439 5182 1616 5248 parvo
1645 5163 1838 5226 studio
1869 5183 1936 5224 ac
1969 5183 2122 5225 con-

481 5259 748 5321 tentione
779 5264 830 5320 ei
862 5256 1067 5321 dicens
1096 5279 1110 5316 :

551 5428 670 5497 (95)
709 5429 770 5486 ln
804 5427 1001 5484 codice
1027 5425 1162 5482 olim
1197 5426 1528 5497 Mazarinaao
1569 5439 1733 5497 voces
1764 5424 1981 5496 aliquot
2010 5428 2119 5484 hoc

483 5498 611 5556 loco
641 5495 783 5558 adeo
821 5514 1007 5556 exesze
1051 5507 1209 5560 sunt.
1239 5505 1296 5553 ut
1331 5495 1488 5554 nulla
1540 5496 1710 5567 plane
1757 5495 1975 5555 ratiOne
2006 5499 2118 5568 tegi

485 5572 803 5650 potuerint;
843 5569 1084 5650 reliquis
1110 5579 1324 5628 autem.
1357 5582 1527 5650 quem
1560 5570 1856 5650 contextui
1884 5569 2121 5650 confor-

482 5644 724 5774 {piigrem
767 5639 1110 5707 existimavi,
1143 5655 1375 5704 sensum
1408 5639 1465 5699 in
1500 5642 1764 5701 versione
1798 5639 1999 5702 Latina
2031 5652 2124 5700 at-

599 5729 676 5773 ui.

483 5715 676 5775 tribui.

2206 4820 2494 4896 μέλλοντος
2524 4820 2682 4878 πάλιν
2732 4820 2791 4877 ἐκ
2846 4819 3105 4888 πλείστης
3155 4821 3476 4901 ἀδολεσχίας
3508 4821 3636 4887 πρὸς
3667 4815 3829 4901 ὀλίγον

2205 4909 2493 4989 ἀφυπνοῦν,
2559 4912 2648 4967 τὸν
2707 4911 2865 4969 αὐτὸν
2907 4912 3208 4989 στρατηγὸν
3253 4899 3408 4972 αὐτὸς
3467 4912 3494 4964 ὁ
3553 4907 3738 4982 μάρτυς
3775 4899 3830 4956 ἐκ

2206 5001 2383 5078 τρίτης
2440 5001 2746 5075 περίσναται
2779 5047 2794 5075 ,
2853 5005 2910 5060 οὗ
2968 5007 3132 5079 μικρᾷ
3221 4997 3423 5077 σπουδῇ
3488 4999 3574 5054 καὶ
3628 4993 3828 5070 ταριχῇ

2207 5089 2351 5164 αὐτῷ
2380 5089 2544 5146 εἰπὼν
2577 5106 2593 5122 ⁶

2271 5355 2392 5425 (96)
2421 5355 2482 5413 In
2515 5355 2710 5433 codice
2739 5354 3240 5433 olimldazarinaeo
3280 5369 3444 5413 voces
3496 5354 3695 5433 iterum
3724 5343 3825 5433 ali:

2245 5439 2341 5485 uot
2370 5443 2548 5484 exesa:
2579 5428 2670 5484 hic
2701 5436 2858 5488 sunt,
2893 5427 3066 5497 idque
3097 5429 3196 5496 ita,
3227 5435 3289 5484 ut
3320 5441 3434 5483 non
3469 5426 3826 5494 magis.quam

2245 5443 2341 5485 u0t
2370 5443 2548 5484 exesae
2579 5443 2670 5484 mc
2701 5443 2858 5488 sunt,
2893 5443 3066 5497 taque
3097 5443 3196 5496 ita,
3227 5443 3289 5484 ut
3320 5443 3434 5483 non
3469 5443 3823 5494 maglsauaw

2203 5443 2275 5556 ae
2303 5499 2514 5571 quibus
2543 5500 2611 5556 ad
2647 5509 2763 5571 not.
2803 5497 3147 5571 precedent.
3185 5499 3296 5570 legi
3321 5505 3620 5570 queant,e0
3653 5497 3823 5571 tamen

2206 5556 2562 5640 discrimine,
2588 5556 2766 5640 quod,
2798 5556 2923 5640 quae
2952 5569 3060 5626 hoc
3090 5569 3217 5629 loco
3241 5556 3431 5630 διέξει)
3461 5556 3822 5636 διιίιῐβθηὸυίι

2207 5652 2268 5708 ιιι
2302 5639 2562 5721 apparet,
2597 5639 2752 5702 haud
2782 5639 3056 5705 ofﬁciant.
