4124 6400
381 434 532 502 1373

1460 437 1520 501 S.
1566 435 1944 501 DEMETRII
1998 433 2398 499 MABTYRIS
2441 433 2660 500 ACTA.

3598 426 3747 500 1374

518 570 534 593 θ
638 573 652 591 ε
747 572 760 590 ⁸
831 569 847 594 λ
1187 571 1212 606 ιο
1476 572 1524 608 ν.
1588 571 1600 589 ν
1834 573 1846 589 ·
1893 568 1973 610 ν...

454 571 516 628 σδ
549 625 557 631 ,
594 579 666 629 Συ
698 596 774 648 μη
825 571 1130 650 αμελήσῃς,
1191 594 1412 652 εγειρον,
1468 595 1774 647 αρμενισον,
1830 595 1854 627 ο
1887 593 2007 625 αιδ-

2177 568 2316 631 204.
2353 568 2439 631 Tu
2473 587 2549 632 ne
2579 569 2803 652 absque
2827 588 2968 633 cura
3001 573 3103 645 sis,
3139 569 3576 653 expergiscere,
3610 572 3743 634 vela

373 684 473 735 μος
506 663 803 733 ἐπιτήδειος
851 663 1014 726 ἐστιν,
1070 660 1202 720 ’ἰδοὺ
1263 663 1324 718 σὺ
1384 659 1670 740 καθεύδεις,
1729 662 1814 717 καὶ
1863 657 2014 716 ἄλλοι

370 752 758 829 ἀρμενίζουσιν.
837 753 969 810 Τότε
1031 751 1219 809 λοιπὸν
1278 750 1565 830 διεγερθεὶς
1625 752 1710 808 καὶ
1764 751 1930 814 σῦνεὶς
1989 751 2016 805 ὃ

369 843 671 916 θαυμαστὸς
729 843 827 899 καὶ
869 841 1171 907 ἀξιοθέατος
1231 844 1462 918 ἐκεῖνος,
1516 842 1604 898 καὶ
1664 841 1829 904 ὄντως
1885 839 2014 916 7w,-

369 953 484 996 σιος
516 931 664 1010 φίλος
713 939 804 990 τοῦ
851 939 982 989 Θεοῦ
1028 933 1117 988 καὶ
1169 939 1260 988 τοῦ
1309 931 1567 1010 μάρτυρος
1611 933 1684 994 ὡς
1713 932 1826 1004 θείᾳ
1871 929 2012 985 ἀπο-

369 1021 594 1096 καλύψει
634 1023 718 1078 καὶ
774 1025 834 1079 οὗ
881 1023 1016 1078 κατὰ
1059 1022 1350 1101 φαντασίαν
1405 1021 1506 1087 τὴν
1563 1021 1813 1087 τοιαύτην
1873 1040 2012 1096 προ-

367 1112 567 1188 τροπὴν
625 1118 717 1168 τοῦ
788 1110 978 1191 πλοὸς,
1043 1111 1228 1170 αὒτίκα
1285 1109 1590 1182 διαναστὰς,
1651 1111 1741 1168 καὶ
1785 1110 1881 1167 ούκ
1934 1109 2010 1166 ἔτι

365 1202 486 1257 τινὰ
543 1203 661 1279 περὶ
717 1203 900 1258 τούτου
958 1199 1283 1279 διερωτήσας
1343 1199 1538 1279 ἤρξατο
1571 1201 1689 1266 τοὺς
1749 1199 2011 1278 καράϐους

366 1288 694 1370 διατρέχειν,
727 1293 814 1347 καὶ
865 1290 1184 1368 προσέταξεν
1212 1288 1458 1368 ἐξορμεϊν
1519 1291 1586 1347 τὰ
1645 1292 1777 1368 πρὸς
1837 1292 2006 1364 ἢμᾶς.

369 1385 537 1440 Τινῶν
592 1378 646 1436 δὲ
691 1380 1024 1460 φασκόντων,
1084 1383 1188 1437 τῶν
1244 1380 1452 1454 ἀνέμων
1511 1379 1758 1436 ἐναντίων
1817 1380 2006 1450 ὄντων,

367 1469 463 1525 καί
518 1469 691 1526 αὐτῶν
747 1471 813 1525 τὰ
869 1470 965 1538 τῆς
1025 1471 1217 1548 ἑορτῆς
1264 1469 1441 1525 ζκεϊσε
1494 1467 1810 1548 εὖτρεπίζειν
1839 1488 2010 1524 σπου-

368 1556 656 1632 δαζόντων,
700 1559 802 1616 ποῦ
827 1559 1106 1636 βούλεσθαι
1137 1558 1238 1636 ’ἔφη
1269 1558 1322 1615 ἐν
1381 1557 1545 1635 ἑτέρῳ
1601 1558 1752 1630 τόπῳ
1803 1556 2009 1634 ἐρημο-

366 1649 504 1726 τέρῳ
534 1649 818 1729 ἀποφέρειν
874 1649 1087 1712 αύτούς.
1127 1649 1262 1706 Εἶνα
1307 1646 1362 1704 δὲ
1419 1647 1620 1704 ἐκείνου
1675 1646 1736 1702 ἐκ
1795 1651 1893 1712 τῆς
1954 1646 2012 1702 ἐκ

367 1738 544 1815 τρίτου
606 1739 916 1803 ἐπιστασίας
972 1739 1064 1795 τοῦ
1115 1742 1378 1815 μάρτυρος
1422 1734 1790 1814 ἠκριϐωμένου
1837 1737 2009 1814 ὑπάρ-

367 1849 587 1908 χοντος,
647 1828 708 1884 ἐκ
761 1828 858 1896 τῆς
916 1828 1177 1901 ἐπιμόνοο
1246 1825 1406 1885 αύτοῦ
1472 1825 1759 1906 ὀχλήσεως
1813 1846 1869 1880 τε
1924 1826 2011 1882 καὶ

2098 657 2301 731 facias,
2336 659 2639 722 secundus
2674 670 2761 721 est
2819 669 3049 723 ventus.
3082 661 3262 736 Ecce,
3298 672 3359 724 tu
3393 661 3642 740 dormis,
3671 677 3742 724 ac

2097 747 2196 808 alii
2232 748 2528 826 navigant.
2559 749 2751 830 Tunc,
2781 769 2912 812 cum
2951 751 3192 813 tandem
3221 751 3513 812 mirabilis
3539 749 3640 811 ille
3670 769 3738 812 ac

2096 837 2323 899 visione
2355 839 2678 900 honoratus
2699 841 2926 920 Deique
2950 848 3006 902 et
3030 841 3301 922 martyris
3345 841 3578 902 amicus
3605 858 3744 902 vere

2095 927 2392 1006 genuinus
2413 938 2570 990 esset
2595 931 3150 1008 expergefactus,ac
3171 931 3348 992 talem
3373 930 3444 991 ad
3466 930 3746 1007 navigan-

2095 1015 2238 1077 dum
2268 1016 2670 1079 invitationem
2691 1037 2726 1080 a
2750 1020 2948 1080 divina
2965 1019 3478 1096 revelatione,non
3499 1020 3573 1081 ab
3596 1019 3743 1081 ima-

2095 1106 2404 1185 ginatione
2451 1125 2609 1182 esse,
2643 1108 3029 1190 intelligeret,
3063 1111 3257 1172 statim
3313 1127 3592 1188 surgens,
3629 1128 3742 1172 nec

2095 1213 2456 1277 quemquam
2482 1197 2740 1276 amplius
2763 1197 2838 1260 de
2874 1217 2940 1261 re
2963 1199 3063 1262 illa
3088 1202 3460 1280 interrogans
3492 1198 3741 1262 carabos

2097 1303 2451 1365 percurrere
2483 1287 2682 1368 coepit,
2714 1296 2892 1369 atque
2923 1297 2987 1350 ut
3015 1307 3222 1352 versus
3255 1298 3456 1371 partes
3507 1297 3741 1351 nostras

2094 1375 2884 1456 solverent,praacepit.Cum
2903 1387 3099 1441 autem
3124 1380 3364 1461 quidam
3385 1386 3592 1442 ventos
3607 1397 3740 1440 esse

2094 1464 2448 1542 contrarios,
2485 1483 2672 1547 seque
2704 1475 2767 1528 ut
2799 1467 2870 1529 ad
2903 1469 3120 1532 festum
3156 1469 3485 1550 spectantia
3513 1467 3738 1530 ibidem

2096 1565 2522 1635 praepararent,
2560 1575 2802 1637 Operam
2855 1557 3022 1627 dare,
3075 1569 3437 1634 assererent,
3469 1558 3620 1619 velle
3649 1577 3737 1636 se,

2095 1643 2355 1725 dicebat,
2384 1645 2584 1725 aliquo
2615 1647 2684 1706 ad
2719 1647 2913 1709 locum
2949 1649 3226 1729 praesidio
3261 1649 3448 1728 magis
3481 1649 3738 1710 desulu-

2094 1740 2218 1794 tum
2251 1753 2354 1794 eos
2385 1735 2708 1798 abducere.
2744 1735 2973 1799 Deinde
3034 1757 3170 1800 vero
3220 1759 3353 1800 cum
3387 1741 3434 1800 is
3467 1757 3534 1800 ex
3567 1737 3741 1799 tertia

2096 1824 2369 1903 martyris
2385 1825 2782 1904 apparitione,
2815 1845 2948 1889 sese
2973 1847 3077 1907 per
3095 1827 3320 1890 assidui
3345 1828 3504 1890 illius
3531 1825 3739 1890 civita-

366 1919 588 1996 θεωρίας
645 1925 742 1974 τοῦ
796 1919 1190 1995 ὑπερασπιστοῦ
1244 1920 1341 1985 τῆς
1391 1915 1600 1977 πόλεως
1632 1917 1786 1988 ἡμῶν
1821 1924 2007 1989 Δημη⁸

2094 1915 2167 1972 tis
2204 1924 2414 1975 nost'ae
2435 1923 2884 1990 propugnatoris
2925 1921 3194 1978 Demetrii
3227 1921 3737 1992 interpellationem

365 2008 534 2083 τρίου,
599 2010 691 2064 τὸν
751 2007 917 2067 πλοῦν
961 2011 1104 2081 αὒτῷ
1161 2005 1461 2076 ἐπιτήδειον
1523 2004 1754 2083 ἔσεσθαι,
1812 2026 2008 2070 κωπη-

365 2095 550 2153 λατεϊν
609 2098 742 2175 πρὸς
797 2098 896 2164 τὴν
956 2097 1128 2174 ὁρμὴν
1175 2095 1267 2152 τοῦ
1304 2094 1462 2157 πλοὸς
1507 2093 1888 2172 προσέταττεν,
1923 2093 2010 2149 καὶ

365 2183 431 2252 δη
477 2188 573 2263 ὁρᾷ
632 2184 884 2264 κάραϐον,
946 2187 1018 2249 ὡς
1077 2185 1183 2241 ἀπὸ
1238 2191 1345 2240 τῶν
1399 2187 1571 2261 μερῶν
1631 2179 1891 2245 Χαλκίδος
1937 2183 2009 2245 εἰς

364 2273 431 2330 τοὶ
462 2277 594 2352 πρὸς
624 2277 812 2339 ἆῦνεοὺς
844 2271 1187 2353 ἁρμενίζοντα
1213 2273 1426 2350 εὐθέως,
1459 2275 1546 2330 καὶ
1567 2272 1806 2348 ἐμνήσθη
1831 2278 1924 2329 τοῦ
1957 2285 2009 2327 εν

367 2363 701 2441 ἄποκαλύψει
745 2365 1032 2445 λεχθέντος
1076 2369 1240 2438 αὐτῷ,

449 2543 551 2604 σε’.
617 2546 811 2602 Αὐτίκα
871 2551 993 2621 γοῦν
1056 2550 1122 2620 τῇ
1181 2543 1368 2616 ἐλασίᾳ
1412 2549 1517 2600 τῶν
1566 2540 1810 2621 καράϐων
1837 2540 2009 2605 ἐξιόν-

364 2655 496 2714 των,
553 2635 640 2691 καὶ
689 2637 785 2691 τοῦ
831 2633 1052 2713 ἀνέμου,
1108 2636 1180 2698 ὡς
1232 2632 1463 2712 ἔφημεν,
1536 2633 1672 2689 κατὰ
1725 2631 2011 2710 πρόσωπον

365 2724 541 2793 ὄντος,
607 2723 756 2804 ἄφνω
813 2725 1032 2798 νεύματι
1089 2725 1210 2797 θείῳ
1257 2721 1341 2780 διὰ
1401 2722 1508 2778 τῶν
1564 2719 1858 2799 πρεσϐειῶν
1917 2726 2011 2776 τοῦ

363 2813 656 2893 ἀθλοφόροι)
687 2813 747 2870 ἐκ
795 2819 900 2870 τῶν
959 2814 1170 2870 ὄπισθεν
1201 2813 1406 2872 τούτοις
1438 2811 1775 2890 οὔριοδρόμος
1814 2808 2007 2884 ἄνεμος

362 2903 635 2976 κατέπνει,
698 2903 795 2959 καῗ
855 2902 1174 2966 πλεύσαντες
1233 2896 1493 2981 ἁρμοδίως
1548 2903 1631 2957 καὶ
1692 2899 2007 2978 ἆρμενίσαν-

359 3012 452 3054 τες
497 2993 743 3065 εὒθέτως,
804 2999 872 3069 τῇ
918 2993 1040 3069 ἁγίᾳ
1083 2989 1288 3070 τετράδι
1333 2992 1433 3058 τὴν
1477 2996 1574 3057 τῆς
1635 2992 1785 3067 ἁγίας
1848 2985 2004 3043 ἑϐδο-

365 3079 528 3156 μάδος
587 3081 728 3156 ὥραν
787 3080 1018 3157 ἑϐδόμην
1071 3083 1169 3149 τὴν
1212 3083 1492 3159 θεόροστον
1543 3081 1742 3145 ταύτην
1770 3077 2003 3134 κατέλα-

361 3171 456 3226 ϐον
499 3171 654 3228 πόλιν
705 3170 790 3228 διὰ
851 3182 944 3231 τοῦ
997 3174 1388 3249 ὒπερασπιστοῦ
1446 3173 1610 3238 αὐτῆς
1672 3168 1998 3245 Δημητρίου.

363 3262 520 3318 ’Όθεν
552 3264 644 3318 τοῦ
688 3261 870 3328 δεινῶς
930 3261 1312 3337 μελετηθέντος
1371 3281 1428 3316 τε
1478 3261 1572 3315 καί
1621 3257 2063 3346 στοιχηθὲντοςο

359 3349 629 3428 δράματος
686 3360 778 3410 τοῦ
834 3352 1086 3434 ἐμφυλίου
1151 3351 1390 3426 πολέμου
1433 3350 1620 3407 λοιπὸν
1670 3349 2002 3427 ἀργήσαντπ

359 3443 500 3519 παρᾶ
557 3453 650 3501 τοῦ
694 3444 902 3521 Μαύρου
958 3445 1045 3500 καὶ
1101 3448 1206 3499 τῶν
1259 3441 1375 3517 μετ’
1431 3441 1608 3513 αὐτοῦ⁸
1646 3439 1826 3496 αὒτίκα
1859 3435 2006 3518 φόϐῳ

357 3534 444 3590 καὶ
475 3534 666 3608 ἀθυμίᾳ
717 3535 993 3612 συσχεθεὶς
1050 3535 1078 3587 ὁ
1137 3533 1291 3597 aere;
1339 3538 1575 3610 Μαῦρος,
1622 3535 1832 3606 πυρετῷ
1889 3549 2005 3606 χα-

359 3621 639 3697 λεποτάτῳ
723 3621 784 3678 ἔκ
866 3627 967 3688 τῆς
1045 3621 1265 3694 ἀθυμίας
1345 3621 1646 3698 περιπεσὼν
1702 3617 2005 3672 κατέθεικεν

360 3711 446 3768 ἐπὶ
501 3711 688 3778 κλίνης
746 3710 830 3767 ἐπὶ
901 3711 1152 3772 πλείστας
1241 3708 1445 3786 ἡμέρας
1484 3729 1497 3742 ο
1557 3706 1699 3762 ἔνθεν
1755 3707 1842 3760 καὶ
1901 3710 2004 3760 τῶν

360 3800 594 3858 ἐντεῦθεν
652 3801 908 3877 μετέστη,
969 3801 1014 3856 εἰ
1073 3801 1150 3872 μὴ
1207 3801 1235 3856 ὁ
1291 3797 1569 3877 πορρηθεὶς
1614 3795 1744 3870 ἀνὴρ
1789 3796 1815 3848 ὁ
1865 3816 2006 3850 παν-

362 3891 599 3970 εύφημος
659 3891 984 3967 στρατηγὸς,
1027 3891 1233 3967 ἀγνοῶν
1269 3889 1327 3944 τὸ
1372 3884 1686 3962 μελετηθὲν,
1737 3889 1921 3939 τοῦτον
1951 3882 2005 3938 ἐν

358 3980 539 4059 λόγοις
599 3981 686 4036 καὶ
735 3978 911 4059 ὅρκοις
960 3978 1364 4058 κατησφάλιστο
1398 3993 1413 4009 ⁸
1470 3977 1536 4032 τὰ
1564 3973 1622 4030 δὲ
1653 3981 1744 4030 τοῦ
1789 3972 2002 4048 ὁραθέν-

356 4093 447 4133 τος
494 4074 659 4144 αὐτῷ,
713 4069 879 4146 ’ἤγουν
935 4067 1328 4125 διατυπωθέντα
1384 4066 1532 4144 παρὰ
1585 4070 1676 4120 τοῦ
1739 4064 2001 4140 μάρτυρος

359 4160 476 4236 περὶ
523 4162 616 4216 τοῦ
667 4157 855 4240 πλοὸς,
914 4158 1182 4221 πλείστοις
1241 4156 1616 4238 ἀφηγούμενος
1673 4152 2000 4230 ἐδημηγόρει

356 4250 452 4316 τὴν
513 4248 744 4317 σπουδὴν
799 4250 887 4306 καὶ
944 4249 1042 4315 τὴν
1086 4249 1338 4326 πρόνοιαν
1393 4253 1486 4303 τοῦ
1517 4245 1801 4322 μάρτυρος,
1836 4241 2002 4317 ἤνπερ

357 4336 648 4406 ἐποιήσατο
704 4339 822 4414 περὶ
877 4345 976 4406 τῆς
1008 4335 1240 4402 πόλεως.
1282 4338 1378 4396 Καὶ
1409 4335 1530 4391 τότε
1564 4333 1750 4389 λοιπὸν
1779 4333 1871 4387 τὸν
1902 4332 2000 4386 αύ-

354 4431 446 4484 τὸν
505 4435 712 4506 Μαῦροί
772 4428 908 4502 μετὰ
965 4428 1070 4484 τῶν
1127 4425 1268 4483 ἰδίων
1328 4423 1485 4481 αύτοῦ
1543 4428 1770 4502 στρατοῦ
1813 4430 1904 4479 τοῦ
1943 4423 2004 4474 εκ

354 4524 460 4574 τῶν
516 4515 762 4595 καράϐων
795 4515 894 4581 ἔξω
924 4519 1024 4582 τῆς
1056 4515 1266 4578 πόλεως
1301 4515 1355 4570 ὲν
1389 4527 1507 4576 τοῖς
1552 4513 1791 4574 δυτικοϊς
1838 4509 2000 4586 μέρε-

2092 2014 2159 2056 ac
2199 2002 2758 2082 commendationem
2803 2019 3073 2074 prospera
3105 2007 3467 2078 navigatione
3497 2020 3739 2063 usurum

2094 2087 2281 2165 probe
2306 2097 2529 2167 nosset,
2557 2088 2859 2166 remigari,
2899 2099 2959 2151 ut
2991 2109 3124 2152 cum
3165 2090 3393 2170 impetu
3425 2109 3492 2152 ac
3524 2089 3740 2152 celeri-

2095 2183 2212 2235 tate
2244 2177 2532 2254 navigatio
2567 2182 2941 2260 procederet,
2969 2180 3607 2260 jussit,carabumque,
3636 2198 3740 2241 ve-

2095 2263 2197 2324 luti
2223 2283 2256 2325 e
2281 2265 2581 2328 Chalcidis
2608 2267 2875 2345 partibus
2906 2270 3024 2350 (97)
3063 2288 3302 2332 cursum
3335 2270 3406 2332 ad
3439 2270 3601 2350 ipsos
3632 2288 3738 2332 ce-

2095 2357 2300 2420 leriter
2330 2359 2714 2438 dirigentem,
2750 2363 2917 2436 vidit,
2976 2364 3274 2444 illiusque,
3331 2363 3485 2444 quod
3533 2361 3648 2425 sibi
3679 2363 3740 2425 in

2093 2448 2459 2512 revelatione
2490 2451 2711 2512 dictum
2747 2452 2959 2527 fuerat,
2997 2464 3084 2516 est
3116 2454 3464 2516 recordatus
3489 2454 3641 2532 (98).

2175 2538 2316 2602 205.
2352 2539 2495 2600 Cum
2529 2540 2704 2619 igitur
2757 2542 2930 2604 initio
2984 2543 3335 2605 caraborum
3391 2543 3736 2606 exeuntium

2094 2630 2292 2690 cursui
2325 2639 2536 2690 ventus
2558 2631 2762 2706 etiam,
2795 2645 2857 2693 ut
2890 2633 3529 2705 diximus,contrarius
3554 2642 3736 2705 esset,

2092 2718 2416 2798 derepente
2450 2727 2596 2780 nutu
2632 2721 2832 2782 divino
2867 2741 2974 2804 per
3032 2723 3428 2784 certaminum
3478 2720 3740 2784 Victoris

2094 2827 2352 2889 precesa
2383 2819 2550 2887 tergo
2585 2814 2674 2872 eis
2721 2821 2929 2872 ventus
2962 2813 3266 2874 secundus
3295 2813 3532 2891 afﬂavit,
3564 2830 3738 2873 cum-

2089 2917 2205 2978 que
2237 2900 2670 2961 convenienter
2708 2901 3103 2982 navigassent,
3139 2911 3586 2983 opportuneque
3609 2901 3736 2961 vela

2089 2986 2392 3060 fecissent,
2449 2988 2842 3050 hebdomadas
2901 3001 3119 3053 sanctae
3179 2992 3274 3052 die
3324 2999 3554 3072 quarta,
3582 2991 3730 3052 hora

2091 3076 2345 3156 septima
2397 3079 2471 3138 ad
2528 3089 2817 3140 servatam
2868 3081 3019 3141 hanc
3081 3080 3265 3142 aDeo
3299 3080 3591 3142 civitatem
3626 3097 3732 3159 per

2089 3166 2267 3246 hujus
2294 3177 2789 3247 propugnatorem
2825 3168 3188 3231 Demetrium
3225 3171 3531 3250 appulere.
3558 3168 3728 3231 Unde

2090 3261 2353 3331 tandem,
2390 3257 2545 3336 quod
2577 3277 2609 3318 a
2654 3257 2854 3320 Mauro
2887 3261 3079 3340 iisque
3110 3261 3207 3340 qui
3238 3261 3290 3320 ei
3321 3258 3728 3337 adhaerebant,

2091 3346 2334 3426 indigne
2370 3357 2634 3428 paratum
2668 3348 3171 3428 formidatumque
3217 3358 3364 3423 crat,
3399 3349 3540 3411 belli
3571 3349 3730 3409 inte-

2089 3437 2225 3497 stini
2259 3438 2522 3499 facinore
2556 3447 2956 3518 torpescente,
2987 3439 3198 3500 timore
3247 3439 3442 3501 subito
3474 3458 3540 3500 ac
3579 3457 3730 3500 con-

2089 3529 2458 3589 sternatione
2484 3528 2618 3608 ipse
2644 3527 2880 3590 Maurus
2904 3537 3381 3609 correptos,cum
3409 3548 3528 3608 prae
3548 3527 3730 3590 animi

2090 3615 2518 3694 dejectionein
2553 3617 2764 3678 febrim
2820 3619 3226 3697 gravissimam
3288 3617 3618 3696 incidisset,
3671 3617 3730 3677 in

2088 3699 2244 3764 lecto
2272 3721 2376 3783 per
2406 3704 2536 3764 dies
2555 3705 2848 3784 plurimos
2866 3706 3372 3785 decubuit.Atque
3392 3705 3532 3767 hinc
3555 3708 3730 3766 etiam

2089 3809 2163 3852 ex
2213 3794 2325 3852 hoc
2383 3795 2608 3853 mundo
2668 3793 2936 3869 abiisset,
2976 3794 3086 3855 nisi
3124 3794 3440 3874 praedictus
3468 3795 3574 3863 vir,
3611 3795 3730 3854 dux

2086 3880 2248 3940 omni
2281 3881 2456 3942 laude
2490 3881 2728 3959 dignus,
2790 3885 2887 3964 qui
2944 3882 3100 3964 quod
3133 3883 3480 3945 meditatum
3513 3884 3728 3958 fuerat,

2090 3970 2424 4049 ignorabat,
2452 3990 2585 4032 eum
2612 3981 2668 4032 et
2693 3972 2890 4033 verbis
2910 3973 3342 4053 etjuramentis
3365 3972 3732 4035 reddidisset

2087 4077 2390 4122 securum.
2425 4059 2564 4132 Qua:
2621 4072 2822 4137 pot'ro‘
2852 4062 2925 4122 ad
2981 4062 3148 4123 illum
3189 4063 3287 4141 qui
3328 4063 3382 4122 ei
3416 4064 3475 4122 in
3508 4063 3732 4122 visione

2086 4157 2462 4229 apparuerat,
2498 4149 2900 4229 pertinebant,
2937 4149 3218 4212 videlicet
3248 4169 3381 4229 qua!
3410 4170 3443 4212 a
3477 4162 3732 4230 martyre

2086 4236 2161 4298 de
2192 4237 2563 4316 navigatione
2620 4248 2856 4300 ostensa
2920 4249 3112 4313 erant,
3150 4239 3420 4318 plurimis
3454 4259 3726 4320 narrans,

2087 4327 2346 4387 studium
2369 4345 2437 4388 ac
2463 4346 2688 4403 curam,
2715 4347 2889 4408 quam
2919 4348 3024 4408 pro
3075 4329 3317 4391 civitate
3351 4338 3568 4409 martyr
3592 4347 3729 4408 ges-

2085 4415 2283 4489 sisset,
2321 4416 2694 4478 manifestam
2754 4417 3030 4493 faciebat,
3068 4427 3330 4500 tuncque
3363 4419 3630 4497 tandem,
3667 4427 3729 4480 ut

2085 4503 2470 4586 ipse‘Maurus
2493 4525 2626 4567 cum
2651 4506 2932 4568 omnibus
2951 4507 3206 4588 suis,qui
3240 4528 3269 4568 a
3300 4508 3535 4570 Cubero
3569 4507 3729 4587 ejus-

355 4629 436 4662 σιν
495 4607 914 4685 παραφοσσεύειν
973 4604 1316 4679 διετύπωσεν,
1371 4606 1496 4682 πρὸς
1560 4605 1620 4658 τὸ
1679 4601 1800 4664 τοὺς
1862 4599 1998 4674 μὲλ-

355 4696 370 4709 .
590 4699 602 4709 .
750 4702 770 4709 -
870 4704 904 4709 _
947 4695 964 4709 ς
998 4695 1050 4709 ..ι
1402 4695 1412 4709 .
1603 4703 1633 4709 --
1859 4691 1871 4709 1

2092 4613 2200 4675 qua
2233 4595 2495 4656 exercitu
2527 4595 2782 4669 stabant,
2811 4615 2842 4657 e
2893 4597 3152 4673 civitate,
3185 4616 3301 4677 quo
3331 4597 3724 4670 Cermesiani,

2092 4685 2181 4709 _--:
2229 4702 2250 4709 Α
2286 4685 2508 4709 ο-1--.2-
2567 4685 2696 4709 tu..-
2763 4687 2990 4709 _-.______2
3035 4695 3221 4709 --_-__n
3313 4705 3514 4709 -__-_.__
3559 4695 3724 4709 -n____

351 4696 544 4761 λοντας
590 4699 654 4754 kx.
705 4702 809 4752 τῶν
868 4695 1125 4753 Σκλάόων
1183 4695 1534 4774 προσφεύγειν
1601 4691 1998 4766 Κερμηοιάνοος

2092 4685 2184 4765 qui
2223 4702 2254 4745 θ
2285 4685 2509 4748 Sclavis
2567 4685 2702 4764 fuga
2755 4687 2993 4748 evasuri
3025 4695 3248 4761 essent,
3308 4705 3522 4748 secure
3556 4695 3734 4774 atque
3823 4735 3832 4744 .

350 4785 516 4850 ἀδεῶς
575 4787 663 4842 καὶ
721 4784 1120 4860 ἀνεμποδίστως
1179 4773 1618 4865 προσέρχεσθαι,
1682 4782 1769 4837 καὶ
1833 4779 1998 4842 οὕτως

2092 4773 2307 4865 absque
2351 4773 2783 4856 impedimento
2813 4775 3188 4849 advenirent,
3214 4777 3287 4838 ad
3325 4782 3525 4857 partes
3558 4773 3735 4838 Occi-

2081 4864 2351 4926 dentales
2383 4865 2696 4926 secederet
2718 4865 2871 4946 (99),
2908 4867 3008 4946 qui
3041 4865 3273 4928 carebis
3308 4874 3734 4946 praeerat,con-

2079 4953 2293 5014 stituit.
2327 4957 2523 5035 Atque
2586 4955 2696 5016 hoc
2750 4955 2808 5016 in
2870 4965 3019 5017 statu
3076 4974 3183 5038 per
3231 4955 3362 5017 dies
3395 4956 3597 5036 plures
3635 4975 3736 5020 res

2079 5051 2445 5105 manserunt.

430 5143 567 5217 ag”.
628 5144 774 5199 Μετὰ
817 5141 1081 5201 δὲταῦτα
1139 5141 1435 5207 κελεύσεως
1493 5137 1779 5217 βασιλικῆς
1835 5160 1998 5217 φοιτη

2165 5131 2307 5196 206.
2372 5136 2510 5196 Post
2564 5135 2689 5198 haec
2746 5142 2943 5196 autem
3010 5152 3145 5195 cum
3209 5133 3490 5216 praedicto
3545 5135 3732 5198 Deum

421 5248 532 5316 (97)
594 5247 865 5322 Chalcis.
939 5247 1425 5322 quemadmodum
1506 5243 1997 5322 gaudrandusjn
2083 5237 2212 5322 cide
2243 5253 2344 5318 seu
2383 5237 3722 5322 Eubtea77properabat.certissimeintelligebat,

352 5309 562 5378 ι.εαὶοο
593 5309 986 5392 Geographico
1019 5321 1196 5387 docet,
1231 5321 1369 5377 urbs
1396 5316 1738 5392 estEubmte
1769 5314 1998 5392 Insula,
2086 5311 2164 5366 uti
2211 5310 2419 5392 cuique
2460 5324 2561 5392 ex7
2591 5311 2656 5366 iis
2713 5309 2836 5392 quae
2889 5311 2958 5365 de
3014 5310 3209 5392 insula
3241 5311 3456 5392 Euboea
3497 5309 3568 5366 ad
3600 5321 3722 5369 not.

347 5392 406 5464 in
440 5383 846 5464 Archipelago'7
872 5395 1009 5456 sitae,
1049 5383 1358 5464 primaria;
1392 5391 1518 5447 haec
1567 5398 1764 5464 autem
1803 5387 1992 5442 insula
2085 5383 2582 5464 praeﬁcetgnotayi,
2619 5384 2986 5464 manifestum
3020 5397 3146 5438 esse
3179 5383 3363 5464 debet.

347 5463 418 5519 ab
475 5465 545 5518 iis
589 5451 685 5532 q'ui
744 5451 783 5520 ὅ
826 5451 1062 5522 Sciattio'
1109 5451 1581 5523 Thessalonicam
1635 5456 1989 5530 navigant,a

2092 5451 2100 5452 ί
2161 5453 2280 5533 (991
2317 5454 2400 5514 lta
2462 5453 2558 5514 hic
2612 5453 2864 5514 verbum
2943 5455 3384 5532 παραφοσσεύειν,
3447 5451 3604 5532 quod
3667 5453 3727 5516 in

345 5543 505 5608 tergo
531 5533 904 5608 relinquitur.
1176 5607 1185 5608 7
1240 5607 1245 5608 7
1288 5607 1295 5608 7
1415 5606 1422 5608 7
1470 5606 1477 5608 _
1644 5600 1680 5608 __
1882 5599 1901 5608 _
2075 5533 2251 5590 nullis
2313 5547 2576 5608 prorsus7
2614 5533 2814 5590 lexicis
2856 5535 3112 5590 invenire
3170 5533 3347 5593 licuit.
3383 5534 3728 5608 interpreta-

351 4873 620 4951 διέμειναν
649 4875 854 4955 ἡμέρας
887 4874 1126 4940 πλείους.

628 5144 774 5199 Μετὰ
817 5141 1081 5201 δὲταῦτα
1139 5141 1435 5207 κελεύσεως
1493 5137 1779 5217 βασιλικῆς
1835 5160 1998 5218 φοιτη

421 5599 531 5675 (98)
563 5599 1034 5674 Quia'nimirum,
1065 5615 1122 5664 ut
1143 5607 1256 5663 sibi
1282 5607 1341 5663 in
1377 5606 1597 5661 visione
1629 5600 1845 5675 dictum
1878 5599 1992 5657 fue-

345 5671 452 5735 rat.
503 5671 734 5734 Ventum
771 5691 898 5735 esse
946 5677 1412 5735 Thessalonicam
1449 5671 1991 5745 navigantibu§_se-

343 5751 616 5820 ennium,
651 5764 680 5808 θ
710 5751 862 5819 navi,
895 5763 1028 5830 qua
1056 5749 1221 5812 celeri
1249 5763 1425 5813 cursu
1455 5747 1529 5810 ad
1560 5743 1714 5824 ipsos
1763 5759 1793 5803 e
1819 5743 1991 5804 ϐοείη

2076 5613 2164 5680 tus
2205 5619 2356 5672 sum,
2380 5602 2894 5680 signiﬁcationem,
2935 5618 3108 5676 quam
3141 5618 3348 5665 sensus
3377 5602 3611 5680 exigere
3647 5607 3726 5664 vi-

2073 5675 2337 5743 debatur,
2378 5675 2465 5737 illi
2495 5677 2833 5740 attribut‘nS.
