4124 6464
456 430 610 500 1375

1809 426 2265 495 SUPPLEMEN
2272 430 2460 496 TUM.

3709 434 3858 503 1316

439 566 665 633 amanti
686 564 850 649 duci,
881 574 945 630 ut
968 563 1228 649 praefatis
1249 566 1481 630 carahis
1527 565 1898 647 navigiisque
1930 567 2003 628 ad
2038 564 2121 626 id.

2207 570 2353 635 νάσης
2424 576 2502 644 τῷ
2559 568 2803 650 λεχθέντι
2888 569 3120 651 φιλοθέῳ
3191 579 3493 652 στρατηγῷ
3555 575 3697 650 μετά
3749 577 3857 633 τῶν

449 659 648 722 missis
667 676 827 739 saepe
851 665 1209 719 memoratos
1231 655 1656 720 Cermesianos
1685 656 1806 718 alio
1829 655 2104 737 deporta-

451 756 565 824 ret,
600 747 942 811 mandatum
967 748 1425 827 imperatorium
1454 746 1697 808 allatum
1723 746 2106 826 fuisset,ipse

453 843 696 904 Maurus
727 857 843 900 una
876 856 1013 899 cum
1049 838 1122 899 iis
1153 837 1256 918 qui
1288 837 1341 898 ei
1372 835 1872 913 adhzerebant,ad
1902 836 2101 916 impe-

451 927 690 1002 ratoris,
722 946 756 989 a
784 926 908 989 Deo
941 927 1235 1000 coronati,
1271 924 1518 1003 vestigia
1568 925 1849 1004 accessit,
1886 932 1950 985 ut
1979 923 2103 986 illic

453 1019 829 1099 acciperetur
845 1017 1245 1098 princepsque
1268 1013 1831 1077 crearetur.Verum
1858 1033 1971 1076 nec
1994 1014 2104 1075 hac

450 1108 515 1170 in
548 1126 613 1169 re
643 1105 823 1168 otiata
852 1114 941 1167 est
963 1105 1182 1167 divinis
1198 1104 1470 1168 consiliis
1505 1104 1799 1166 instructa
1826 1105 2103 1166 certami-

455 1216 601 1259 num
632 1195 892 1257 Victoris
930 1212 1116 1269 cura;
1150 1193 1257 1255 sed
1290 1211 1396 1274 per
1427 1193 1624 1274 ipsum
1666 1193 1852 1256 Mauri
1887 1192 2099 1271 ﬁlium,

2186 659 2480 736 εἰρημένων
2554 658 2800 735 καράϐων
2858 663 2946 718 καὶ
3009 669 3116 721 τῶν
3174 662 3259 720 ἐπὶ
3329 670 3500 721 τοῦτο
3550 663 3856 722 σταλέντων

2186 747 2387 806 πλοίων
2447 749 2533 805 ἐπὶ
2574 752 2641 826 τῇ
2701 751 3021 825 ἀποκομίσει
3065 758 3171 808 τῶν
3231 752 3507 811 πολλάκις
3560 755 3856 833 εἰρημένων

2191 841 2600 918 Κερμησιάνων,
2661 842 2689 896 6
2730 843 2889 905 αὐτὸς
2935 844 3148 919 Μαῦρος
3191 843 3283 898 σὺν
3343 845 3459 901 τῶν
3517 843 3637 919 μετ’
3703 847 3859 904 αὐτοῦ

2187 927 2473 1011 ἀποφύγων
2544 931 2609 987 τά
2685 937 2778 987 τού
2835 931 3151 989 θεοστέπτου
3214 932 3496 1010 βασιλέως
3561 933 3857 992 κατέλαϐεν

2187 1015 2351 1095 ἴχνη,
2413 1017 2593 1073 ἐκεῖσε
2636 1016 2841 1097 δεχθεὶς
2874 1020 2963 1075 καὶ
3008 1018 3192 1098 ἅρχων
3250 1022 3642 1100 χρηματίσας.
3703 1022 3855 1080 Ἀλλ’

2187 1105 2304 1164 οὐδὲ
2347 1107 2402 1163 ἐν
2444 1108 2617 1180 τούτῳ
2677 1107 2913 1186 ἤργησεν
2974 1111 3008 1177 ἡ
3064 1108 3349 1173 θεόϐουλος
3415 1118 3517 1167 τοῦ
3562 1108 3856 1190 ἀθλοφόρου

2187 1194 2509 1273 προμήθεια,
2572 1196 2709 1253 ἀλλά
2752 1195 2837 1253 διὰ
2894 1203 2988 1255 τοῦ
3040 1201 3200 1257 αξιτοῦ
3245 1201 3360 1257 υἰοῦ
3390 1206 3491 1256 τοῦ
3540 1201 3758 1279 Μαύρου
3798 1203 3857 1257 τὸ

457 1285 618 1368 quod
651 1294 859 1347 contra
891 1284 1191 1346 civitatem
1227 1292 1495 1346 nostram
1520 1291 1580 1343 et
1600 1281 1676 1343 ab
1703 1283 1806 1343 illo
1832 1290 1893 1344 et
1920 1301 1953 1344 a
1981 1284 2103 1344 Cu-

2207 1285 2483 1353 ιελετηθὲν
2540 1288 2676 1346 κατά
2733 1293 2832 1354 σῆς
2889 1290 3048 1363 ἡμῶν
3095 1289 3305 1354 πόλεως
3359 1289 3416 1356 ἐξ
3450 1291 3621 1349 αὑτοῦ
3653 1293 3857 1349 καὶτοῦ

458 1375 607 1438 bero
632 1374 987 1437 meditatum
1016 1381 1167 1450 erat,
1192 1373 1253 1434 in
1283 1373 1412 1454 pias
1442 1390 1622 1433 aures
1651 1370 1915 1448 demisit,
1952 1370 2109 1434 frau-

2207 1373 2392 1454 Ko65:p
2443 1378 2517 1440 εἰς
2576 1378 2667 1442 τὰς
2722 1375 2962 1441 εὐσεϐεῖς
3011 1378 3276 1453 ἐμήνυσεν
3334 1381 3512 1445 ἀκοὰς
3548 1382 3856 1460 φανερώσας

460 1465 599 1528 dem
622 1465 734 1546 ipsi
767 1474 826 1527 et
856 1482 1204 1546 perversum
1229 1481 1391 1542 saepe
1416 1462 1729 1523 memorati
1751 1462 1941 1524 Mauri
1966 1480 2107 1542 pro-

2207 1464 2337 1539 ιῦτῷ
2374 1466 2472 1533 τὴν
2502 1464 2788 1533 δολιότητα
2841 1470 2933 1524 καὶ
2970 1467 3168 1546 φαῦλον
3201 1469 3459 1545 πρόθεσιν
3503 1478 3602 1527 τοῦ
3648 1469 3856 1527 πολλά-

463 1554 748 1637 positum,
804 1572 1061 1634 eumque
1095 1561 1382 1633 praeterea
1411 1554 1472 1613 in
1526 1550 1800 1613 Thracias
1842 1552 2112 1632 partibus

2207 1576 2277 1617 ιις
2321 1556 2776 1630 μνημονευθέντος
2809 1559 3043 1637 Μαύρου,
3103 1560 3189 1615 καὶ
3242 1558 3436 1638 ὅτιπερ
3488 1563 3583 1617 καὶ
3643 1560 3697 1617 ἒν
3742 1575 3854 1622 τοῖς

468 1643 872 1724 proditionem
895 1651 1102 1705 contra
1121 1660 1287 1702 suam
1304 1641 1623 1722 ipsiusmet
1641 1640 1900 1729 animam
1928 1640 2117 1703 medi-

2207 1645 2467 1722 Βρᾳχῴοις
2500 1646 2713 1720 μέρεσιν
2758 1644 3041 1724 προδοσίαν
3091 1648 3229 1705 κατὰ
3286 1650 3385 1714 τῆς
3433 1651 3633 1706 ἑαυτοῦ
3677 1652 3857 1729 ψυχῆς

465 1737 600 1812 tari,
634 1731 1243 1809 declarans,cumque
1270 1729 1611 1810 haec,quod,
1637 1728 1950 1809 quaeinter
1980 1728 2116 1790 illos

2207 1731 2542 1791 ἐϐουλεύσατο
2589 1734 2779 1811 πρᾶξαι
2816 1750 2830 1765 ⁸
2867 1736 2956 1793 καὶ
3007 1737 3209 1793 τούτων
3239 1737 3413 1802 οὕτως
3476 1738 3701 1806 ἀληθῶς
3753 1728 3855 1795 αα-

461 1830 681 1883 statuta
702 1829 893 1892 erant,
919 1818 1243 1881 observans
1268 1836 1427 1899 saepe
1452 1818 1795 1880 nominatus
1818 1816 2112 1896 Cuberus,

2207 1822 2532 1901 ταφανὲντων
2565 1820 2702 1880 διότι
2746 1824 2812 1881 τὰ
2851 1826 2923 1890 εἰς
2983 1826 3146 1900 μέσον
3214 1827 3393 1884 αὐτῶν
3459 1826 3858 1904 βεϐουλευμένα

464 1909 614 1972 nihil
649 1927 893 1991 prorsus
916 1927 987 1970 ex
1022 1907 1294 1988 ejusdem
1316 1906 1502 1969 Mauri
1522 1905 1866 1970 hominibus
1889 1915 1994 1968 aut
2014 1924 2115 1969 re-

2207 1911 2479 1992 φυλάττων
2533 1915 2560 1968 6
2632 1912 2891 1977 πολλάκις
2959 1916 3273 1990 ὀνομασθεὶς
3352 1916 3589 1997 Κοῦϐερ,
3652 1917 3855 1980 οὐδενὸς

468 2000 581 2062 bus
599 2000 918 2079 attigisset,
951 1998 1094 2080 quin
1118 1997 1315 2079 potius
1343 2006 1403 2059 et
1427 1997 1614 2078 ipsius
1636 2014 1850 2060 uxores
1872 1997 2110 2076 eodem,

462 2108 641 2172 quem
668 2099 808 2151 ante
835 2088 1188 2167 habuerant,
1224 2093 1346 2148 imo
1374 2097 1430 2149 et
1464 2085 1676 2167 majori
1707 2087 1942 2149 honore
1970 2104 2113 2165 pro-

468 2187 846 2260 sequeretur,
880 2196 1020 2242 vere
1051 2178 1133 2239 ita
1190 2194 1346 2249 esse,
1402 2184 1739 2255 appareret,
1797 2176 2116 2257 praedictus

464 2268 773 2350 piissimus
802 2268 1402 2349 imperator,semper
1430 2266 1543 2345 ipsi
1568 2265 1670 2345 qui
1702 2283 1755 2327 ei
1788 2264 2113 2346 imperium

459 2368 550 2422 est
574 2357 1003 2439 largitus,Deo,
1039 2375 1110 2419 ea
1139 2375 1272 2437 quae
1299 2356 1373 2418 ad
1406 2373 1655 2433 regnum
1681 2373 1852 2417 suum
1881 2365 2118 2435 specta-

463 2447 765 2522 bant,com
776 2447 1229 2527 mittens,eique
1242 2447 1523 2507 eumdem
1540 2447 1809 2507 Maurum
1830 2446 2111 2519 offerens,

464 2544 599 2601 neci
630 2537 874 2619 quidem
909 2536 1077 2598 illum
1110 2554 1229 2597 non
1260 2534 1450 2614 dedit,
1479 2533 1585 2595 sed
1619 2534 1910 2613 dignitate
1947 2535 2120 2595 orha-

465 2640 588 2690 tum
621 2627 683 2688 in
716 2625 1095 2700 suburbium,
1132 2626 1470 2688 securitatis
1502 2623 1619 2686 ﬁde
1642 2632 1916 2704 accepta,
1950 2623 2115 2685 rele-

469 2717 645 2798 gavit,
680 2725 859 2799 atque
898 2735 931 2778 a
963 2714 1314 2797 praefectura
1343 2732 1411 2776 ac
1446 2712 1676 2788 militia,
1712 2731 1895 2795 quam
1927 2712 2117 2775 habe—

471 2807 591 2875 bat.
624 2806 868 2869 amovit.
974 2864 977 2867 ,

551 2896 695 2959 ‘207.
728 2895 897 2971 Quis,
932 2894 1140 2958 dilecti
1188 2912 1256 2956 ac
1315 2893 1618 2958 Christum
1677 2900 1946 2955 amantes
1996 2892 2120 2954 l'ra-

2198 2004 2304 2058 τῶν
2374 2004 2534 2061 αὐτοῦ
2590 2004 2799 2082 Μαύρου
2880 2006 3172 2080 ἀνθρώπων
3229 2006 3263 2074 ἢ
3319 2010 3671 2085 πραγμάτων
3720 2007 3855 2085 ἐφή-

2199 2099 2361 2169 ψατο,
2414 2091 2620 2165 μᾶλλον
2679 2090 2733 2147 δὲ
2780 2094 2875 2157 τὰς
2935 2095 3095 2152 αὐτοῦ
3138 2109 3402 2172 γυναῖκας
3461 2100 3523 2154 ἒν
3584 2104 3653 2174 τῇ
3702 2098 3852 2174 αὐτῇ,

2197 2183 2364 2260 ἥνπερ
2397 2182 2583 2262 εἰχον,
2616 2189 2749 2259 τιμῇ
2780 2184 2868 2240 καὶ
2897 2182 2960 2240 π)
2975 2186 3065 2240 είω
3113 2183 3338 2252 ἠξίωσεν
3376 2205 3392 2222 ·
3450 2189 3480 2244 6
3535 2185 3591 2243 δὲ
3648 2185 3855 2265 λεχθεὶς

2199 2272 2575 2336 εὐσεϐέστατος
2628 2272 2903 2353 βασιλεὺς,
2978 2277 3005 2331 6
3065 2275 3145 2331 ἆεί
3202 2277 3279 2351 τῷ
3333 2278 3398 2332 τὸ
3462 2278 3661 2352 κράτος
3720 2278 3857 2350 αὖτῷ

2198 2363 2569 2442 παρεσχηκότι
2634 2370 2751 2436 Θεῳ
2794 2364 2860 2419 τά
2896 2369 2995 2429 τῆς
3063 2364 3221 2422 αὐτοῦ
3285 2365 3570 2441 βασιλείας
3618 2364 3855 2422 ἀνατιθέ-

2201 2475 2384 2533 μενος,
2432 2454 2521 2509 καί
2570 2454 2713 2526 αὐτῷ
2770 2454 2860 2509 τὸν
2910 2456 3066 2512 αὐτὸν
3116 2457 3321 2532 Μαῦρον
3354 2454 3721 2535 καταλείψας,
3766 2458 3859 2510 θα-

2200 2542 2343 2617 νάτῳ
2394 2541 2494 2617 μὲν
2539 2548 2725 2599 τοῦτον
2783 2545 2843 2601 οὐ
2883 2539 3132 2616 δέδωκεν,
3181 2545 3280 2610 τῆς
3339 2541 3396 2600 δὲ
3431 2543 3583 2610 ἀξίας
3617 2543 3858 2610 ἀποστή-

2203 2655 2322 2703 σας,
2376 2632 2430 2688 ἐν
2499 2632 2801 2708 προαστείῳ
2881 2632 3014 2706 μετά
3090 2635 3199 2688 τῶν
3254 2633 3520 2712 ἀσφαλῶν
3580 2631 3859 2711 περιώρισε

2200 2722 2288 2779 καὶ
2345 2721 2444 2789 τῆς
2502 2720 2681 2801 ἀρχῆς
2737 2722 2954 2789 καὶτῆς
2999 2727 3274 2798 στρατιᾶς,
3313 2722 3494 2801 ἧσπερ
3537 2722 3726 2803 εἶχεν,
3760 2722 3857 2777 ἀπ-

2203 2833 2422 2878 εστησε.

2284 2900 2395 2972 σζ¹.
2433 2903 2519 2965 Τίς
2581 2901 2659 2976 μὴ
2712 2900 2995 2976 θαυμάσει,
3055 2901 3325 2979 ἀγαπητοί
3374 2904 3469 2960 καὶ
3521 2900 3855 2981 φιλόχριστοι

471 2994 918 3068 tres,perpetuo
943 2983 1318 3046 memorandi
1350 2994 1408 3045 et
1445 2982 1803 3064 protectoris
1831 2992 1891 3044 et
1920 2982 2121 3044 civita-

2207 2990 2442 3071 ἀδελφοὶ,
2499 2993 2592 3048 τὸν
2647 2990 2807 3047 πόθον
2854 2992 2949 3048 καί
2990 2991 3088 3058 τὴν
3145 2990 3473 3066 κηδεμονίαν
3521 2993 3611 3049 καὶ
3640 3012 3853 3064 συμμα-

473 3078 549 3138 tis
572 3085 791 3137 nostrae
812 3074 1140 3137 servatoris
1162 3072 1452 3136 Demetrii
1486 3073 1794 3145 aii‘ectum,
1829 3080 1889 3134 et
1919 3089 2120 3134 curam

2207 3081 2334 3161 χίαν
2376 3087 2468 3137 τοῦ
2537 3079 2861 3153 ἀειμνήστου
2918 3081 3006 3137 καὶ
3083 3081 3388 3149 προστάτου
3445 3083 3538 3138 καὶ
3597 3080 3857 3158 λυτρωτοῦ

474 3173 533 3228 et
558 3166 734 3228 latam
784 3164 846 3226 in
893 3162 1053 3226 bello
1083 3182 1258 3244 opem
1292 3181 1411 3225 non
1443 3162 1741 3224 miretur?
1775 3162 1949 3235 Quia,
1983 3179 2121 3222 cum

2207 3176 2307 3237 τῆς
2366 3170 2574 3233 πόλεως
2618 3172 2777 3247 ἡμῶν
2824 3170 3159 3247 Δημητρίου,
3209 3170 3290 3227 ὅτι
3339 3173 3502 3245 ἡμῶν
3560 3171 3856 3246 ἀμερίμνων

475 3274 583 3317 nos
606 3256 772 3317 curis
800 3254 966 3316 vacui
991 3254 1338 3335 propriique
1387 3252 1603 3314 excidii
1634 3251 1788 3313 haud
1824 3250 1992 3329 gnari
2023 3269 2121 3311 es-

2209 3262 2295 3317 ιιαὶ
2351 3260 2641 3337 ἀγνώστων
2698 3261 2815 3336 περὶ
2876 3264 2973 3326 τῆς
3030 3260 3228 3322 οἰκείας
3275 3259 3534 3323 ἁλώσεως
3586 3256 3855 3316 καθεστώ-

473 3363 700 3415 semus,
736 3343 1086 3424 imperatori
1118 3352 1346 3417 nostro,
1383 3350 1447 3403 ut
1476 3341 1726 3403 carabos
1755 3341 1818 3401 in
1869 3340 2125 3402 civitatis

478 3434 761 3498 auxilium
785 3451 853 3496 ac
875 3433 1128 3494 salutem
1153 3433 1270 3493 huc
1299 3431 1586 3504 mitteret,
1621 3446 1729 3509 per
1758 3428 1949 3491 Deum
1977 3448 2125 3507 sug-

479 3523 684 3602 gessit,
720 3540 982 3602 cumque
1011 3520 1170 3601 quod
1207 3518 1476 3581 meditati
1509 3526 1698 3592 erant,
1732 3518 1925 3580 civilis
1958 3517 2123 3599 belli,

477 3614 1017 3694 inexspectatseque
1039 3628 1108 3671 ac
1130 3608 1493 3672 inevitabilis
1537 3611 1701 3672 necis
1727 3619 1946 3671 nostra;
1969 3628 2125 3691 prae-

479 3703 750 3765 stitutum
784 3709 1022 3782 tempus
1068 3700 1338 3773 instaret,
1373 3698 1587 3761 ducem
1616 3698 1688 3760 ad
1732 3700 2127 3779 navigandum

481 3792 781 3864 excitavit,
835 3789 1144 3872 ventisque
1175 3789 1492 3852 contrariis
1540 3790 1992 3870 exsistentibus,
2027 3808 2128 3852 se-

482 3882 677 3945 cunda
722 3881 1098 3959 navigatione
1150 3879 1421 3959 deduxit,
1469 3879 1841 3961 consiliaque
1896 3898 1965 3942 ac
1994 3898 2134 3961 spes

2207 3372 2313 3406 των
2356 3348 2451 3405 καὶ
2491 3350 2578 3405 τοι
2622 3347 2847 3425 βασιλέα
2899 3350 3056 3423 ἡμῶν
3099 3347 3184 3406 διὰ
3222 3352 3315 3406 τοῦ
3376 3354 3513 3407 Θεοῦ
3543 3351 3663 3412 τοὺς
3694 3347 3855 3425 καρά-

2209 3437 2333 3502 ϐους
2382 3440 2509 3517 πρὸς
2566 3439 2880 3517 συμμαχίαν
2924 3440 3012 3495 καὶ
3064 3440 3334 3517 σωτηρίαν
3366 3441 3466 3507 τῆς
3499 3440 3708 3500 πόλεως
3745 3436 3851 3493 ἐνε-

2211 3528 2496 3604 καρδίωσεν
2557 3527 2768 3585 στεῖλαι
2819 3528 3040 3586 ἐνταῦθα
3090 3530 3176 3589 οιαὶ
3232 3530 3328 3597 τῆς
3387 3531 3717 3610 προθεσμίας
3769 3530 3854 3583 τοῦ

2212 3616 2595 3694 μελετηθέντος
2679 3616 2933 3691 ἒμιουλίου
2995 3616 3231 3693 πολέμου
3309 3622 3397 3676 καὶ
3462 3615 3853 3698 ἀπροσδοκήτου

2213 3708 2300 3764 oui
2345 3708 2575 3785 ἀφύκτου
2626 3708 2848 3763 θανάτου
2899 3710 3052 3783 ἡμῶν
3098 3707 3255 3785 ἐγγὺς
3323 3708 3505 3781 ὄντος,
3551 3711 3642 3764 τὸν
3699 3726 3850 3781 στρα-

2213 3799 2381 3875 τηγὸν
2441 3798 2572 3875 πρὸς
2630 3798 2720 3853 τὸν
2778 3795 2943 3855 πλοῦν
3000 3795 3290 3876 διήγειρεν,
3355 3801 3444 3855 καὶ
3506 3805 3611 3855 τῶν
3655 3795 3850 3869 ἀνέμων

2214 3887 2464 3944 ἐναντίων
2522 3886 2878 3965 ὑπαρχόντων
2934 3889 3009 3951 εἰς
3067 3886 3372 3957 ἐπιτήδειον
3431 3886 3689 3947 εὐπλοίαν
3730 3882 3851 3960 ἤγα-

482 3991 689 4035 eorum
713 3970 815 4052 qui
841 3970 1096 4033 civitatis
1125 3969 1324 4049 hujus,
1360 3971 1413 4030 ei
1435 3970 1662 4030 servire
1678 3969 2121 4050 gestientis,ex-

2216 3998 2306 4053 γεν
2364 3977 2451 4033 καὶ
2510 3976 2604 4040 τάς
2686 3974 2880 4050 βουλὰς
2939 3974 3125 4032 ἔλυσεν
3184 3978 3271 4032 atati
3324 3975 3546 4041 ελπίδας
3608 3981 3709 4030 τῶν
3763 3972 3851 4037 τὴν

482 4062 704 4124 cidium
732 4060 921 4123 moliti
943 4068 1112 4122 erant
1136 4058 1446 4137 dissipavit
1472 4057 1752 4139 (t).Vere
1774 4059 1886 4119 hoc
1921 4067 1981 4119 et
2013 4076 2121 4121 ma-

2215 4064 2414 4122 ἅλωσιν
2467 4064 2820 4139 σκεψαμὲνων
2880 4068 3209 4135 ποιήσασθαι
3256 4074 3349 4132 τῆς
3408 4063 3659 4131 δουλικής
3706 4061 3851 4117 αὐτοῦ

482 4153 706 4214 ximum
739 4158 796 4213 et
846 4148 1312 4230 incomparabile
1359 4157 1416 4208 et
1446 4146 1746 4210 ineffabile
1778 4147 2121 4209 miraculum

2216 4156 2415 4222 ταύτης
2446 4153 2652 4220 πόλεως
2684 4170 2697 4184 ·
2731 4154 2893 4216 ὅπως
2943 4160 3115 4233 χαρᾶς
3147 4156 3235 4211 καὶ
3265 4153 3507 4234 δακρύων
3559 4155 3647 4213 καὶ
3688 4152 3852 4225 ὕμνων

487 4261 620 4303 cum
682 4240 888 4302 laetitia
941 4248 999 4301 et
1073 4240 1351 4319 lacrymis
1422 4248 1481 4298 et
1536 4239 1774 4318 hymnis
1833 4237 2121 4319 plurimis1

2218 4242 2555 4314 παμπόλλων
2616 4241 2736 4319 μετ’
2805 4246 3146 4323 εὔχαριστίας
3224 4244 3460 4325 ὑπάρχει
3517 4245 3604 4300 καὶ
3674 4245 3851 4317 ψυχων

486 4350 621 4394 cum
665 4331 987 4409 gratiarum
1046 4329 1284 4390 actione
1339 4327 1706 4407 conjunctis,
1757 4335 1816 4389 et
1846 4327 2047 4389 animo
2078 4336 2121 4387 et

2217 4336 2305 4391 καὶ
2355 4334 2621 4409 σωμάτων
2678 4334 2882 4409 ἐόρτιον
2930 4334 3017 4389 καὶ
3079 4334 3140 4390 τὸ
3185 4333 3443 4411 μέγιστον
3484 4335 3572 4391 καὶ
3601 4330 3849 4405 ἀσύγκρι-

487 4440 741 4504 corpore
762 4419 1057 4484 celebrari
1103 4428 1391 4482 meretur.
1426 4417 1651 4481 Verum
1685 4419 1904 4497 venite,
1938 4417 2121 4479 dilec-

2217 4446 2311 4480 τον
2367 4426 2456 4479 καὶ
2514 4422 2873 4502 ἀνέκφραστον
2959 4424 3046 4480 καὶ
3101 4430 3256 4480 τοῦτο
3326 4424 3387 4479 τὸ
3445 4428 3640 4499 θαῦμα.
3695 4413 3845 4474 Ἀλλᾶ

489 4514 557 4589 ti,
610 4514 972 4576 clementem
1021 4529 1088 4572 ac
1151 4510 1401 4572 multum
1454 4509 1906 4573 misericordem
1960 4509 2121 4571 beni-

2220 4512 2389 4592 δεῦτε,
2450 4513 2742 4591 ἀγαπητοὶ,
2819 4515 2914 4569 τὸν
2975 4510 3352 4591 εὔσπλαγχνον
3418 4515 3508 4571 καὶ
3583 4505 3849 4567 πολυὲλεον

488 4620 791 4684 gnumque
820 4601 1008 4664 Deum
1041 4617 1110 4661 ex
1163 4608 1286 4661 toto
1342 4599 1527 4661 corde
1574 4617 1838 4678 oremus,
1875 4606 1938 4659 ut
1968 4598 2121 4660 huic.

2207 4606 2309 4683 καὶ
2353 4601 2755 4682 φιλοικτίρμονα
2814 4600 2866 4667 ἐξ
2932 4600 3065 4669 ὅλης
3124 4607 3223 4669 τῆς
3285 4601 3501 4681 καρδίας
3562 4593 3846 4684 διαθικετεύ-

491 4683 625 4774 quaa
655 4710 790 4753 eum
839 4689 1005 4764 colit,
1043 4687 1265 4749 civitati
1297 4689 1355 4750 in
1401 4690 1650 4774 salutem
1685 4700 1951 4749 noswam
1986 4708 2121 4751 con-

2207 4687 2400 4767 σωμεν
2448 4695 2603 4767 Θεὸν,
2651 4692 2797 4756 ὅπως
2855 4691 3076 4759 διηνεκῆ
3122 4694 3279 4760 ἡμῶν
3323 4693 3589 4771 σωτηρίαν
3630 4695 3695 4765 τῇ
3738 4683 3848 4740 δου-

493 4782 716 4845 tinuam
775 4779 1274 4859 gloriosissimum
1353 4797 1422 4840 ac
1485 4777 1741 4839 maxime
1798 4778 2135 4840 mirandum

493 4872 887 4934 certaminum
936 4870 1241 4932 Victorem
1306 4868 1621 4943 concedat,
1676 4862 1737 4929 ut
1790 4885 1895 4946 per
1942 4868 2136 4949 ipsum

491 4961 733 5023 assidue
762 4959 981 5022 servati
1028 4960 1362 5022 tribuamus
1414 4957 1656 5020 laudem
1713 4964 1770 5016 et
1797 4955 2046 5035 gloriam
2081 4966 2139 5020 et

492 5051 905 5112 adorationem
937 5047 1096 5111 Patri
1121 5056 1179 5110 et
1199 5046 1353 5109 Filio
1384 5056 1443 5108 et
1463 5047 1713 5127 Spiritui
1746 5052 1952 5109 sancto
1979 5065 2138 5109 nunc

494 5147 555 5202 et
583 5157 846 5220 semper,
880 5150 1001 5201 etc.

569 5310 643 5380 (l)
673 5308 838 5382 Equi
888 5308 1094 5366 iterum
1130 5305 1608 5382 lectorisjudicio
1649 5306 1963 5382 permitto._
1980 5320 2143 5382 quae-

496 5376 725 5452 cunque
754 5376 886 5451 cap.
916 5380 1190 5452 presenti
1224 5376 1551 5452 prodigiosa
1585 5376 1901 5435 occurrunt
1926 5376 2140 5436 Obser—

499 5449 860 5510 vari'tamen
921 5449 1117 5513 velim.
1180 5449 1460 5520 potiorem
1519 5457 1573 5505 et
1625 5453 1801 5522 ea_._et
1835 5463 1969 5520 quae
2010 5464 2137 5522 cap.

497 5525 761 5595 proxime
823 5523 1209 5595 antecedenti
1245 5528 1604 5595 occurrunt,
1673 5520 1845 5577 ﬁdem
1908 5520 2139 5595 mereri,

497 5590 669 5668 {quam
725 5610 843 5678 quae
902 5595 1085 5653 tribus
1128 5590 1330 5671 primis
1386 5605 1552 5663 capp.
1613 5600 1976 5650 narrantur:
2031 5593 2141 5652 illis

2220 4782 2346 4857 λιιιῇ
2404 4782 2562 4839 αὒτοῦ
2626 4783 2794 4859 ταύτῃ
2857 4784 3007 4840 πόλει
3062 4784 3152 4839 τὸν
3195 4780 3534 4857 ὑπερὲνδοξον
3570 4780 3655 4836 καὶ
3696 4779 3845 4847 ὑπερ-

2218 4875 2523 4946 θαυμαστοο
2609 4870 2899 4951 ἀθλοφόρον
2970 4870 3306 4949 δωρήσηται,
3392 4871 3488 4928 ’ίνα
3572 4866 3638 4926 δι’
3705 4864 3846 4951 αὐτοῦ

2220 4960 2479 5029 διηνεκῶς
2538 4949 2832 5035 σωζόμενοι
2892 4961 3297 5036 ἀναπέμπωμεν
3360 4959 3514 5026 δόξαν
3565 4960 3649 5015 γαὶ
3700 4949 3845 5025 τιμὴν

2220 5052 2309 5108 καὶ
2337 5052 2696 5129 προσκύνησιν
2738 5057 2815 5125 τῷ
2875 5051 3039 5128 Πατρὶ
3082 5052 3171 5106 καὶ
3229 5054 3307 5123 τῷ
3366 5051 3472 5125 Υἰῷ
3515 5049 3598 5106 γαὶ
3629 5051 3698 5119 τῷ
3727 5038 3845 5118 ἁγίῳ

2231 5141 2495 5217 Πνεύματι
2529 5146 2615 5197 νῦν
2642 5141 2731 5199 καί
2759 5140 2873 5221 ἀεὶ,
2904 5162 2960 5202 κ.
2995 5162 3048 5200 τ.
3084 5138 3140 5199 λ.

2220 5310 2401 5381 enim,
2450 5318 2507 5367 at
2550 5322 2667 5366 non
2726 5306 3106 5381 itemhisce,
3163 5316 3368 5381 auctor
3419 5304 3647 5380 aequalis
3686 5302 3846 5381 exgg;

2224 5361 2698 5451 {iij‘i'u'baT-iiﬁi
2727 5361 2864 5437 "ei"
2889 5361 3708 5451 ipsis'tiuju'sWerbigfnum.
3754 5361 3844 5451 18}

2223 5448 2694 5516 occurrentibus,
2732 5448 2939 5521 partim
2969 5465 3035 5507 ex
3062 5448 3251 5523 aetate,
3273 5465 3382 5522 qua
3414 5463 3641 5523 quaeque
3662 5448 3845 5523 secuit;

2224 5503 2369 5582 aia;
2377 5503 2596 5594 nisi;
2608 5503 2717 5580 5&1.
2725 5503 2877 5581 aia;
2888 5503 2940 5580 τε
2948 5503 3051 5577 vi}.
3061 5503 3192 5587 éi'é,‘
3205 5503 3307 5578 iis“
3323 5503 3397 5579 ξι
3418 5503 3719 5594 sane...
3750 5503 3843 5566 Adi

2226 5602 2398 5655 etiam
2430 5592 2914 5655 commentarium
2948 5596 3246 5669 prmium,
3278 5606 3445 5655 num.
3485 5592 3570 5652 ει.
