4124 6426
416 310 569 391 1379

1792 320 2442 390 SUPPLEMENTUM.

3641 316 3660 387 1
3675 321 3795 388 380

415 462 582 523 sione
615 460 773 522 enim
805 451 1190 535 adiciebatur,
1222 461 1280 523 et
1311 478 1453 522 ecce
1480 456 1590 540 vir,
1615 467 1914 522 armatura
1946 459 2060 520 mi-

2151 483 2235 525 τυς
2289 460 2585 540 ἐφίσταται·
2647 457 2784 535 ἑώρα
2841 456 2966 536 γὰρ,
3016 455 3104 514 καὶ
3144 453 3276 528 ἰδοὺ,
3340 457 3472 527 ἀνὴρ
3517 457 3798 533 ἐνδεδομέ-

413 551 566 612 litari
595 550 1026 632 indutus,equo
1051 549 1340 624 insidens,
1369 568 1518 611 ense
1550 549 2066 628 instructus,juve-

417 639 511 700 nis
556 640 732 700 simul
796 659 863 700 ac
896 640 1044 701 facie
1095 639 1457 712 laetissimus,
1491 648 1666 720 atque
1711 638 1965 710 dicebat,
2005 637 2065 700 Si

419 733 756 808 captivitate
789 737 846 790 et
876 729 1127 791 vinculis
1152 729 1391 790 liberari
1414 729 1782 808 vis,sequere
1803 747 1920 790 me.
1961 730 2062 790 De-

421 819 604 880 clarat
630 818 682 880 ei
717 837 888 879 suum
912 829 969 880 et
997 838 1214 880 nomen
1241 827 1298 881 et
1331 819 1575 898 patriam
1602 826 1661 879 et
1691 817 2063 895 dignitatem,

415 925 600 987 seque
633 907 781 968 adeo
813 909 1180 970 Demetrium
1215 909 1437 982 vocari,
1463 906 2069 986 Tbessalomcamque

419 999 470 1059 ei
507 997 750 1076 patriam
774 999 1298 1078 esse.militemque
1313 998 1569 1059 existere
1591 997 1874 1075 dignitate
1889 998 2065 1057 etiam

417 1085 730 1149 illustrem.
756 1086 1071 1149 Liberatur
1089 1087 1248 1148 illico
1281 1088 1534 1149 vinculis
1551 1086 2061 1166 archiepiscopus,

411 1183 469 1238 et
501 1194 673 1255 quam
711 1185 910 1256 posset
937 1177 1257 1239 celerrime
1289 1195 1451 1249 eum,
1486 1177 1586 1256 qui
1618 1176 1672 1237 ei
1715 1174 2059 1256 apparebat,

2149 572 2238 614 νος
2315 547 2613 605 πανοπλίαν
2683 548 3071 625 στρατηγικὴν,
3144 547 3398 628 ἔφιππος,
3483 548 3793 626 ξιφηφύρος,

2151 640 2266 702 νέος
2297 639 2406 714 ἅμα
2460 639 2548 694 καὶ
2596 636 2971 716 χαριέστατος·
3034 637 3146 717 καὶ,
3186 640 3240 695 Εἰ
3279 639 3377 706 τῆς
3426 637 3800 718 αἰχμαλωσίας

2151 728 2527 806 ἀπαλλαγῆναι
2595 726 2770 804 βούλει
2833 726 2926 784 καί
2984 726 3089 782 τῶν
3150 725 3383 802 δεσμῶν,
3437 729 3618 803 φησὶν,
3676 727 3803 784 ἀκο-

2152 818 2324 874 λούθει
2390 841 2500 893 μοι.
2565 817 2808 894 Γνωρίζει
2851 816 3023 889 τούτῳ
3081 819 3169 873 καὶ
3226 816 3392 891 ὄνομα
3435 819 3520 873 καὶ
3581 816 3801 895 πατρίδα

2151 910 2248 965 καί
2292 907 2521 984 ἀξίωμα,
2555 907 2634 962 ὅτι
2680 929 2735 962 τε
2790 907 3098 983 Δημήτριος
3145 905 3416 981 καλεῖται,
3464 913 3549 962 καὶ
3600 915 3803 963 Θεσσα-

2151 997 2337 1064 λονίκη
2408 999 2581 1070 τούτῳ
2651 995 2872 1072 πατεῖς,
2945 997 3033 1052 καὶ
3091 998 3424 1072 στρατιώτης
3509 998 3798 1076 τυγχάνει,

2151 1087 2396 1164 λαμπρὸν
2439 1090 2526 1144 καὶ
2576 1088 2635 1142 τὸ
2684 1085 2887 1161 ἀξίωμα
2947 1087 3334 1163 περικείμενος.
3370 1086 3560 1142 Λύεται
3620 1108 3801 1164 παρα-

2148 1181 2341 1257 χρῆμα
2372 1183 2478 1232 τῶν
2520 1173 2728 1248 δεσμῶν
2760 1176 2787 1230 δ
2847 1174 3150 1254 ἀρχιερεὺς,
3197 1178 3290 1232 ui
3344 1177 3379 1252 ᾗ
3437 1173 3610 1232 πθδῶν
3669 1179 3797 1255 εἶχε

408 1264 792 1346 sequebatur.

2151 1267 2372 1344 τάχους,
2405 1266 2482 1340 τῷ
2511 1265 2724 1344 φανέντι
2756 1263 3060 1322 ἀκολουθεῖ.

491 1354 634 1419 210.
695 1355 836 1417 Dies
893 1355 1084 1436 prima
1145 1355 1396 1430 transiit,
1432 1354 1696 1417 secunda
1749 1354 1954 1416 aderat
1995 1373 2061 1416 ac

2229 1355 2322 1416 σι’,
2373 1355 2578 1430 Ἡμέρα
2627 1352 2894 1431 παρῆλθεν
2937 1357 2972 1421 ἡ
3019 1354 3228 1432 πρώτη,
3264 1355 3298 1421 ἡ
3344 1351 3557 1432 δευτέρα
3599 1359 3798 1431 παρῆν,

410 1454 544 1525 post
567 1443 718 1506 hanc
740 1450 916 1505 tertia
945 1453 1004 1506 et
1025 1446 1111 1506 sic
1136 1445 1428 1524 deinceps
1450 1463 1640 1523 usque
1661 1444 1732 1506 ad
1769 1455 2061 1520 octavam,

2151 1447 2235 1502 καὶ
2294 1445 2410 1520 μετ’
2469 1443 2632 1511 αὐτὴν
2663 1443 2699 1510 ἡ
2760 1445 2937 1521 τρίτη,
2990 1447 3077 1500 καὶ
3127 1443 3348 1512 καθεξῆς
3392 1443 3520 1523 ἔρχι
3578 1446 3663 1501 καὶ
3704 1449 3802 1511 τῆς

412 1535 623 1596 ducem
649 1533 883 1595 itineris
907 1552 971 1595 se
991 1533 1293 1614 praebente
1327 1545 1605 1614 martyre,
1609 1535 1854 1615 jamque
1883 1552 2061 1614 prope

2151 1533 2367 1614 ὀγδόης,
2400 1531 2823 1610 ποδηγετοῦντος
2871 1541 2963 1591 τοῦ
3012 1531 3290 1611 μάρτυρος·
3341 1535 3429 1588 καὶ
3477 1535 3612 1589 κατὰ
3661 1541 3801 1590 Θεσ-

411 1620 895 1684 Thessalonicam
943 1633 1068 1684 erat
1096 1622 1607 1703 archiepiscopus,
1643 1634 1699 1684 et
1759 1642 1899 1685 ecce
1930 1642 2061 1684 eva-

2151 1623 2440 1690 σαλονίκην
2499 1623 2872 1700 ὂᾶρχιθύτης,
2921 1620 3032 1678 ἰδού
3080 1621 3172 1678 καὶ
3234 1625 3261 1678 6
3319 1622 3513 1698 δδηγὸς
3570 1622 3797 1700 ὂιφανῆς⁸

411 1713 603 1773 nescit
637 1715 745 1773 viae
777 1712 890 1773 dux
924 1735 939 1788 ;
978 1713 1276 1775 civitatem
1336 1713 1685 1790 ingreditur,
1721 1714 1854 1793 quis
1885 1711 1946 1773 in
1999 1731 2061 1773 ea

2153 1714 2321 1790 εἰσῄει
2371 1717 2468 1780 τὴν
2503 1711 2682 1783 πόλιν,
2715 1712 3027 1768 πυνθάνεται
3085 1712 3160 1772 τίς
3195 1714 3222 1768 6
3269 1713 3324 1767 ἐν
3355 1711 3488 1778 αὒτῆ
3538 1712 3802 1790 στρατιώ-

409 1801 486 1862 sit
540 1801 740 1876 miles,
791 1809 979 1880 rogat,
1013 1820 1264 1863 narrans
1318 1801 1418 1882 qui
1465 1821 1600 1864 eum
1647 1821 1680 1862 a
1729 1802 2061 1881 captivitate

2154 1826 2278 1882 της,
2331 1800 2680 1878 διηγούμενος
2739 1800 2883 1863 ὅπως
2936 1803 3090 1858 αὐτὸν
3133 1807 3233 1867 τῆς
3275 1801 3649 1881 αἰχμαλωσίας
3702 1802 3801 1858 λυ-

411 1890 772 1966 liberasset;
807 1891 1001 1952 adhuc
1033 1892 1192 1952 enim
1218 1891 1660 1952 eProvidentiae
1690 1892 2061 1954 ordinatione

2151 1893 2427 1970 τρώσοιτο”
2487 1891 2646 1946 εἰσέτι
2700 1892 2800 1967 γὰρ
2859 1891 3073 1968 τρόποις
3133 1891 3439 1954 οἰκονομίας
3501 1891 3807 1948 κεκάλυπτο

411 1981 683 2063 miraculi
715 1999 748 2042 a
773 1988 1026 2060 martyre
1054 1982 1264 2060 patrati
1297 1982 1647 2060 mysterium
1683 1981 1878 2061 ipsum
1925 1981 2061 2041 late-

2151 1985 2194 2039 οἱ
2251 1984 2312 2037 τὸ
2365 1985 2462 2047 τῆς
2521 1981 2844 2058 μαρτυρικῆς
2895 1981 3320 2057 θαυματουργὶας
3377 1983 3695 2056 μυστήριον,
3729 1985 3806 2044 ὡς

409 2069 530 2144 bat,
559 2079 621 2131 ut
649 2071 844 2132 adhuc
878 2071 1066 2149 magis
1089 2068 1496 2149 divulgaretur
1537 2070 1874 2150 prodigium
1903 2089 2061 2130 mar-

2151 2074 2224 2128 ἔτι
2285 2070 2490 2146 μᾶλλον
2534 2068 2908 2143 δημοσιεύοιτο
2952 2071 3012 2125 τὸ
3060 2074 3358 2147 τεράστιον,
3411 2070 3505 2126 καῖ
3561 2070 3803 2147 μεγαλύ-

411 2160 642 2240 tyrique
666 2160 736 2220 ad
761 2159 1012 2238 gloriam
1039 2160 1282 2220 cederet
1305 2159 1656 2220 miraculum
1673 2159 2061 2239 .Simulatque

2151 2182 2294 2218 νοιτο
2364 2167 2440 2232 τῷ
2522 2159 2742 2237 μάρτυρι
2805 2160 2863 2214 τὸ
2932 2159 3247 2231 θαυμάσιον,
3308 2161 3402 2222 Ὠς
3477 2166 3602 2236 γοῦν
3672 2160 3805 2237 πρὸς

407 2249 590 2328 igitur
619 2250 926 2313 audientes
958 2249 1016 2310 in
1041 2248 1446 2328 cognitionem
1480 2249 1590 2324 rei,
1631 2268 1736 2330 per
1758 2250 1974 2310 factum
2035 2269 2061 2310 a

2152 2257 2344 2327 γνῶσιν
2391 2251 2436 2304 οἱ
2470 2249 2750 2305 ἀγούοντες
2808 2247 3071 2326 γένοιντο,
3104 2249 3177 2311 ὡς
3233 2249 3300 2302 τὰ
3343 2255 3436 2304 τοῦ
3495 2249 3809 2325 πράγματος

409 2348 664 2420 martyre
721 2339 1074 2400 miraculum
1113 2347 1376 2420 patratm,
1417 2348 1729 2419 venerunt,
1767 2340 1837 2399 ad
1875 2339 2064 2418 ipsam

408 2429 578 2490 illum
603 2447 831 2490 sacram
860 2429 1132 2509 martyris
1155 2427 1462 2490 basilicam
1496 2428 1840 2501 deducunt;
1871 2430 2062 2490 statim

415 2527 614 2581 autem
639 2528 818 2598 atque
842 2518 1338 2597 essetingressus,
1360 2537 1427 2579 ac
1452 2519 1510 2578 in
1535 2519 1706 2579 icone
1744 2528 2066 2598 martyrem

414 2610 997 2690 vitlisset,simulque
1021 2617 1079 2670 et
1107 2610 1618 2670 enseinstructum
1654 2618 1713 2670 et
1744 2628 1897 2690 equo
1929 2611 2071 2670 insi-

414 2700 653 2762 dentem
688 2701 1062 2779 conspiceret
1083 2717 1219 2760 esse
1241 2698 1410 2760 illum
1433 2698 1532 2778 qui
1561 2698 1672 2760 sibi
1698 2701 2064 2779 apparuisct,

410 2788 813 2852 asseverabat.
848 2788 1141 2850 Continuo
1174 2787 1254 2868 ei,
1284 2807 1418 2864 quia
1448 2790 1518 2849 ad
1549 2789 1906 2851 miraculum
1931 2807 2062 2868 spe-

407 2878 1037 2956 ctarent,manifestata
1062 2879 1572 2958 sunt,cadensque
1601 2879 1659 2938 in
1687 2879 1900 2941 faciem
1935 2881 2063 2941 Deo

411 2978 470 3032 et
493 2970 747 3048 martyri
779 2973 996 3046 gratias
1026 2967 1269 3046 agebat.

491 3059 628 3122 211.
656 3059 724 3121 Et
755 3079 935 3134 nunc,
965 3059 1397 3135 exclamabant,
1423 3061 1739 3139 martyrem
1766 3077 1937 3120 suum
1961 3059 2066 3119 mi-

411 3151 561 3214 sisse
578 3149 918 3223 Dominum,
959 3168 1155 3227 neque
1178 3168 1210 3211 e
1236 3168 1413 3212 manu
1443 3150 1832 3227 alﬂigentium
1870 3168 1965 3211 me
1997 3168 2125 3235 acc

411 3240 488 3303 de
518 3241 640 3302 luto
672 3239 837 3301 faecis
868 3239 1178 3315 liberasse,
1217 3239 1518 3320 pedesque
1552 3257 1717 3301 meos
1748 3238 2060 3316 direxisse,

411 3349 731 3410 cognosco.
755 3330 970 3390 Anima
993 3348 1123 3390 mea
1143 3329 1525 3410 pertransivit
1545 3328 1916 3389 vinculorum
1939 3329 2063 3389 fer-

408 3419 720 3498 rum,ipsm
752 3436 963 3478 manus
985 3436 1136 3478 meae
1158 3418 1216 3478 in
1240 3417 1498 3497 cophino
1519 3418 1853 3478 servierunt
1884 3438 1899 3493 ;
1931 3418 2060 3497 sed,

409 3526 578 3580 ecce,
613 3526 774 3568 nunc
822 3507 956 3568 illas
1012 3525 1146 3567 cum
1204 3507 1403 3568 ltetitia
1461 3506 1653 3582 elevo,
1705 3506 1870 3567 unde
1913 3507 2057 3568 mihi

408 3595 704 3660 auxilium
761 3595 939 3659 venit.
975 3599 1063 3658 Ac
1114 3597 1301 3658 Deum
1353 3596 1594 3677 quidem
1627 3613 1730 3657 ore
1783 3596 2059 3675 magnifi-

407 3685 597 3761 cabat,
632 3686 822 3748 oculis
852 3695 1049 3747 autem
1083 3685 1418 3765 subjectum
1464 3685 1669 3766 templi
1704 3687 1896 3747 solum
1931 3704 2060 3745 ma-

407 3775 784 3851 defaciebat;
836 3776 891 3837 ei
922 3775 1079 3836 enim
1136 3794 1258 3856 pra:
1311 3776 1510 3838 laetitia
1555 3775 1734 3837 simul
1781 3782 1840 3836 et
1890 3793 2059 3837 com-

403 3867 727 3946 punctione
759 3865 1430 3946 lacrymae,scatebrzein
1457 3865 1694 3926 modum
1723 3874 2060 3945 manantes,

401 3955 746 4017 afﬂuebant.
780 3953 932 4016 Hinc
962 3973 1172 4016 novam
1206 3955 1409 4016 civitas
1466 3964 1584 4016 tota
1615 3953 1759 4015 tanti
1814 3953 2064 4034 prodigii

399 4043 776 4106 festivitatem
849 4042 1194 4118 celebrabat
1264 4044 1528 4124 martyri,
1589 4043 2064 4124 miraculumque

400 4131 743 4196 extollebat.

483 4313 623 4376 212.
679 4311 786 4375 Ille
815 4320 1012 4375 autem
1064 4312 1556 4393 archiepiscopus
1599 4311 1922 4392 Cyprianus
1951 4331 2057 4374 ca—

402 4401 1056 4485 ptivus,vinctus,liber
1076 4406 1136 4463 in
1172 4409 1453 4483 martyre,
1479 4401 2055 4482 Constantinopolim

2149 2340 2540 2416 θαυματουργία
2621 2339 2938 2417 μαρτυρικὴ,
3032 2340 3103 2402 εἰς
3175 2338 3306 2395 αὐτὰ
3366 2344 3550 2394 τοῦτον
3619 2335 3810 2415 ἄγουσι

2149 2439 2240 2484 τοι)
2302 2429 2562 2506 μάρτυρος
2597 2429 2662 2484 τὰ
2719 2432 2838 2484 θεῖα
2869 2428 3118 2505 ἀνάτορα·
3183 2429 3209 2482 6
3253 2425 3308 2482 δὲ
3357 2427 3466 2499 ἅμα
3523 2448 3578 2482 τε
3638 2429 3809 2503 εἰσῄει

2154 2519 2241 2574 καὶ
2290 2525 2358 2593 τῇ
2417 2518 2577 2574 εἰκόνι
2610 2519 2699 2572 τὸν
2758 2517 2995 2595 μάρτυρα
3055 2514 3168 2572 ἴδοι
3210 2517 3296 2572 καὶ
3328 2514 3613 2596 ξιφηφόρον
3674 2518 3810 2591 ὁμοῦ

2152 2609 2238 2664 καὶ
2312 2611 2547 2674 ἱπποτην
2605 2607 2871 2681 θεάσοιτο,
2909 2608 3064 2662 αὑτὸν
3114 2606 3322 2661 ἐκεῖνον
3365 2605 3455 2660 τὸν
3501 2605 3730 2685 φανέντα
3761 2609 3808 2662 οἱ

2151 2699 2378 2773 παρευθ)
2450 2697 2974 2774 ἀναγνωρισάμενοςο
3037 2698 3157 2751 τότε
3215 2693 3279 2761 δὴ
3337 2696 3457 2750 τότε
3529 2694 3806 2751 ἀποκαὶύ-

2154 2808 2337 2843 πτεται
2394 2791 2534 2859 αὒτῴ
2585 2787 2646 2842 τὰ
2679 2794 2770 2842 τοῦ
2822 2786 3111 2859 θαύματος,
3161 2787 3245 2841 καὶ
3294 2785 3472 2840 πεσών
3505 2785 3575 2848 εἰς
3626 2785 3804 2862 προσ·

2147 2898 2295 2932 ωπον
2355 2875 2796 2954 ὴνθωμολογεϊτο
2864 2876 2930 2931 τὰ
3001 2875 3330 2954 χαριστήρια
3389 2879 3505 2946 Θεῷ
3583 2876 3670 2930 καὶ
3727 2879 3808 2946 τῷ

2147 2966 2394 3045 μάρτυρι,

2325 3059 2340 3081 ν
2511 3054 2525 3076 \
2616 3055 2640 3066 α-
2725 3052 2749 3088 ξξ
3050 3054 3058 3070 ι
3169 3053 3193 3070 η
3297 3053 3309 3072 ν
3379 3052 3389 3070 ι
3674 3053 3687 3074 ,

2230 3078 2318 3111 σια
2347 3100 2361 3116 .
2423 3055 2529 3114 Και
2584 3077 2670 3110 νυν
2727 3075 2918 3132 εγνων,
2971 3050 3120 3124 ἐϐοα,
3167 3073 3246 3108 οτι
3291 3051 3570 3109 απεστειλε
3618 3062 3807 3132 Κυριος

2147 3146 2239 3201 τὸν
2301 3145 2536 3222 μάρτυρα
2567 3142 2750 3218 αὐτοῦ,
2781 3144 2870 3199 καὶ
2925 3140 3176 3219 ἒῤῥύσατό
3234 3163 3300 3216 με
3352 3144 3414 3197 ex
3461 3143 3641 3221 χειρὸς
3699 3143 3807 3199 τῶν

2147 3231 2434 3290 θλιϐόντων
2497 3253 2586 3309 με,
2621 3233 2706 3288 καὶ
2764 3231 2871 3287 ἀπὸ
2903 3229 3078 3296 πηλοῦ
3125 3230 3291 3295 ἰλύος·
3354 3232 3440 3285 καὶ
3473 3231 3694 3298 ἔστησεν
3753 3231 3809 3286 ἐν

2149 3324 2438 3402 εὒρυχώρῳ
2493 3322 2617 3383 κοὺς
2679 3317 2844 3383 πόδας
2919 3343 3047 3400 μου,
3096 3321 3182 3375 καὶ
3227 3319 3291 3374 τα
3349 3318 3652 3394 διαδήματά
3704 3343 3810 3395 μου

2149 3413 2447 3471 κατεύθυνε.
2507 3409 2731 3487 Σίδηρον
2796 3407 3007 3476 διῆλθεν
3062 3411 3095 3477 ἡ
3166 3411 3320 3489 ψυχή
3396 3432 3498 3481 μου
3557 3412 3647 3466 τὸ)
3699 3415 3809 3466 τῶν

2147 3499 2381 3576 δεσμῶν·
2431 3502 2482 3557 αἱ
2528 3500 2715 3578 χεῖρές
2762 3521 2864 3574 μου
2895 3501 3050 3556 αὗται
3080 3499 3132 3555 ἐν
3179 3505 3256 3571 τῷ
3289 3499 3488 3576 κοφίνῲ
3529 3497 3806 3556 ἐνδούλευ-

2143 3610 2265 3647 σαν·
2324 3590 2461 3647 ἀλλὰ
2517 3598 2628 3665 νῦν,
2663 3589 2793 3663 ἰδοὺ,
2849 3587 2988 3667 αἴρω
3046 3589 3238 3650 ταύτας
3302 3585 3422 3663 μετ’
3482 3588 3806 3668 εὐφροσύνης

2145 3680 2261 3737 ὅθεν
2312 3682 2346 3749 ἡ
2380 3680 2598 3756 βοήθειά
2653 3701 2756 3753 μου
2790 3676 3052 3734 ἐλέλυθενο
3099 3679 3187 3734 καὶ
3237 3678 3460 3751 στόματι
3517 3679 3612 3753 μὲν
3673 3681 3806 3736 Θεὸν

2146 3770 2492 3847 ἐμεγάὶυνεν,
2525 3768 2576 3834 ἐξ
2636 3769 2894 3845 ὀμμάτων
2951 3767 3006 3823 δὲ
3055 3770 3116 3823 τὸ
3157 3769 3510 3843 ὑποκείμενον
3553 3777 3645 3826 τοῦ
3700 3769 3804 3824 νεὼ

2145 3857 2469 3939 κατέϐρεχεν
2527 3857 2740 3938 ἔδαφος·
2807 3855 3098 3934 κρουνηδὸν
3178 3858 3280 3935 γὰρ
3352 3860 3496 3925 αὒτῷ
3566 3856 3802 3935 οιττέῤῥει

2143 3951 2205 4006 τὸ
2235 3955 2332 4016 τῆς
2392 3955 2564 4029 χαρᾶς
2599 3951 2731 4021 ὁμου
2783 3949 2870 4002 καὶ
2902 3944 3234 4012 κατανύξεως
3290 3944 3535 4024 δάκρυον.
3595 3946 3805 4004 Ἐντεῦ-

2142 4041 2228 4094 θεν
2273 4041 2306 4106 ἡ
2337 4039 2494 4102 πόλις
2555 4043 2700 4093 πᾶσα
2741 4036 2930 4113 ἑορτὴν
2980 4034 3152 4102 ἄλλην
3182 4041 3278 4098 τῆς
3324 4034 3548 4103 τηλίκης
3595 4039 3803 4112 θαυμα-

2141 4133 2386 4206 τουργίας
2459 4127 2708 4206 ἐκρότουν
2780 4129 2858 4198 τῷ
2931 4126 3178 4205 μάρτυρι,
3253 4127 3339 4182 καὶ
3398 4128 3456 4182 τὸ
3525 4126 3803 4202 τεράστιον

2143 4217 2458 4293 ἐμεθάλυνον
2469 4265 2483 4280 ,

2222 4308 2357 4382 σιβ’.
2409 4298 2467 4363 Ὀ
2515 4304 2570 4362 δὲ
2600 4305 2882 4386 ἀρχιερεὺς
2915 4305 3125 4369 ἐκεῒιος
3180 4308 3497 4384 Κυπριανὸς,
3533 4307 3560 4362 6
3591 4306 3804 4385 αἰχμά-

2144 4395 2341 4476 λωτος,
2391 4399 2418 4452 6
2468 4394 2709 4471 δέσμιος,
2759 4398 2786 4451 6
2840 4395 3109 4473 ἐλεύθερος
3163 4394 3216 4450 ἐν
3274 4397 3351 4468 τῷ
3407 4397 3651 4473 μάρτυρι,
3705 4396 3805 4462 τὴν

399 4481 532 4574 post
552 4494 677 4556 haec
705 4509 1054 4573 properans,
1089 4510 1202 4571 que
1245 4491 1301 4554 ei
1332 4481 1470 4553 ante
1500 4481 1892 4571 captivitatem
1925 4491 2058 4552 fue-

2151 4486 2548 4544 Κωνσταντίνου
2597 4485 2732 4558 μετὰ
2761 4487 2926 4542 ταῦτα
2983 4481 3325 4563 καταλαϐὼν,
3360 4487 3395 4561 ᾗ
3425 4485 3492 4541 τὰ
3521 4489 3618 4550 τῆς
3664 4506 3804 4561 προ-

400 4590 536 4644 rant
566 4581 890 4662 proposita,
918 4583 1164 4652 curavit,
1205 4581 1560 4643 miraculum
1595 4581 1771 4641 etiam
1808 4579 2054 4655 ibidem,

401 4672 562 4748 quod
585 4672 638 4732 ei
665 4690 699 4731 a
722 4678 929 4732 sancto
948 4670 1249 4732 Demetrio
1274 4671 1888 4748 obtigerat,enarrans
1913 4668 2064 4730 libe-

399 4779 589 4841 reque
621 4759 948 4837 divulgans.
988 4762 1305 4839 Postquam
1347 4778 1524 4842 porro
1563 4778 1772 4820 rursus
1803 4759 1874 4820 ad
1911 4759 2060 4820 ovile

401 4868 579 4913 suum
603 4848 1178 4929 venisset,templum
1205 4850 1438 4928 ingens,
1467 4848 1640 4910 veluti
1674 4848 1749 4911 de
1774 4847 2048 4928 redemp-

403 4940 569 5001 tione
589 4958 697 5002 sua
716 4938 1016 5019 Magno(6)
1035 4938 1249 5017 gratias
1265 4957 1470 5017 agens,
1497 4936 1698 4999 divino
1725 4938 1809 5000 illi
1835 4938 2066 5000 nomini

407 5029 646 5105 excitat,
681 5029 951 5108 illudque
977 5037 1036 5088 et
1071 5036 1244 5090 ornat
1275 5037 1332 5090 et
1363 5027 1637 5088 illustrat.
1671 5025 1894 5089 Verum
1929 5047 2062 5090 cum

405 5125 466 5180 et
498 5136 818 5194 marmora,
857 5125 921 5178 ut
972 5134 1078 5196 per
1105 5134 1174 5178 ea
1218 5118 1458 5196 martyri
1491 5117 1778 5198 templum
1824 5125 2066 5178 ornaret

406 5207 807 5289 splendidius,
837 5226 987 5288 Opus
1013 5209 1063 5267 ei
1086 5219 1312 5270 essent.
1342 5208 1568 5268 socium
1589 5206 1648 5268 in
1671 5205 1877 5268 labore
1898 5207 2061 5267 illum

401 5297 650 5361 invenit.
691 5297 750 5360 Ei
776 5299 935 5359 enim
955 5305 1222 5377 apparet,
1246 5315 1434 5374 seque
1466 5298 1771 5378 appulsam
1799 5297 1860 5357 in
1895 5304 2062 5376 portu

403 5387 772 5466 navim,quze
795 5385 1137 5449 necessaria
1160 5384 1358 5447 futura
1389 5389 1748 5462 contineret,
1753 5387 1876 5466 jam
1903 5403 2062 5446 nunc

490 5575 575 5654 (6)
629 5575 714 5637 Ita
741 5574 840 5656 hic
871 5581 1141 5656 sanctus_
1165 5574 1529 5656 Demetrius,
1564 5575 1664 5656 qui
1711 5574 2060 5656 μεγαλομᾴρ-

406 5653 581 5738 τυρος,
638 5655 835 5734 magni
897 5653 1200 5737 martyris,
1254 5655 1424 5717 titulo
1485 5653 1524 5717 a’
1563 5653 1805 5719 Graecis
1841 5653 2061 5739 passim

2141 4577 2336 4639 θέσεως
2391 4576 2560 4650 τούτῳ
2600 4577 2665 4631 τὰ
2721 4574 2816 4642 τῆς
2863 4573 3240 4653 αἰχμαλωσίας
3295 4575 3613 4651 κατήπειγε,
3644 4573 3806 4630 κάκεῖ

2144 4667 2205 4722 τὸ
2262 4664 2349 4722 ἐπ’
2382 4667 2522 4739 αὐτῷ
2567 4671 2660 4722 τοῦ
2696 4666 3004 4742 Δημητρίου
3053 4664 3342 4740 θαυμάσιον
3375 4662 3800 4742 διηγτισάμενοσ,

2145 4758 2234 4811 και
2293 4752 2814 4832 παῤῥησιασᾶμενος,
2875 4753 3027 4810 Ἐπεὶ
3085 4754 3171 4809 καὶ
3228 4755 3374 4818 αὖθις
3432 4760 3508 4827 τῷ
3565 4752 3803 4833 σφετέρῳ

2147 4845 2379 4919 ποιμνίῴ
2432 4843 2663 4922 γένοιτο,
2698 4845 2788 4900 τὸν
2844 4846 3013 4920 μέγαν
3057 4844 3286 4918 ὡσπερεὶ
3340 4841 3670 4917 δεξιούμενος
3703 4847 3804 4909 τῆς

2147 4933 2567 5014 ἀπολυτρώσεως
2619 4936 2744 4990 ναὸν
2800 4933 2988 5012 ὶγείρει
3036 4932 3122 4988 ἐπὶ
3177 4939 3255 5006 τῷ
3305 4932 3428 5005 θείῳ
3473 4933 3645 5004 τούτῳ
3674 4933 3802 4988 ὀνό-

2148 5046 2299 5103 ματι,
2364 5023 2635 5098 καλλύνει,
2696 5022 2990 5102 λαμπρύνει
3074 5030 3283 5078 τουτον
3361 5020 3498 5078 ἀλλὰ
3541 5023 3641 5100 γὰρ
3714 5023 3804 5079 καὶ

2148 5114 2440 5192 μαρμαίρων
2501 5114 2623 5170 ἀπεὶ
2682 5114 2755 5177 εἰς
2810 5112 2966 5192 χρεία
3016 5113 3324 5168 καθίσταται
3377 5113 3449 5176 ὡς
3504 5109 3574 5166 δι’
3629 5111 3804 5167 αὐτῶν

2147 5202 2482 5282 φαιδρότερον
2544 5201 2932 5259 κατακαλλύνει
2993 5207 3070 5274 τῷ
3120 5201 3342 5280 μάρτυρι
3403 5203 3492 5258 τὸν
3538 5203 3689 5280 ναὸν,
3721 5201 3806 5256 εὖ.

2145 5293 2310 5368 ρίσκει
2355 5300 2540 5350 τοῦτον
2599 5291 2880 5369 σένέριθον·
2943 5291 3182 5369 φαίνεται
3241 5292 3341 5370 γὰρ
3399 5292 3560 5364 αὐτῷ,
3596 5294 3683 5346 καὶ
3741 5291 3804 5345 τὸ

2147 5380 2200 5436 ἐν
2241 5385 2321 5456 τῷ
2350 5381 2553 5458 λιμένει
2604 5394 2795 5438 πλοῖον
2851 5377 3179 5459 προσκεϊλαν
3239 5378 3356 5458 ἄρτι
3387 5379 3576 5460 φάσκει
3622 5380 3801 5459 ἑωρα-

2146 5577 2584 5642 ccndecoratur,
2619 5574 3076 5634 antonomastice
3118 5573 3541 5648 quodammodo
3569 5588 3669 5631 seu
3700 5587 3803 5647 per

2145 5661 2543 5719 excellentiam
2575 5657 2927 5716 nominatur.
