4124 6418
459 343 610 411 1407
1811 353 2113 418 SUPPLEJ

2203 356 2468 420 lNTUM.

3686 369 3832 435 1408

459 481 604 575 :Hic
627 491 716 575 est
734 482 954 575 impius
973 482 1143 565 Scylo
1162 483 1428 575 Joannes
1447 484 1684 548 tandem
1705 486 2106 570 dictus,quem

2203 499 2446 566 κρημνῶν
2531 493 2892 562 ἁπειλητικῶς
2964 497 3120 554 ἐκίνει
3203 500 3569 575 κατατολμᾷκ,
3630 507 3715 562 καὶ
3795 509 3838 562 εἰ

454 571 940 634 Thessalonicam
1019 574 1256 654 agmine
1341 574 1558 637 infesto
1634 578 2104 658 aggredientem,

2244 582 2256 600 κ
2462 584 2473 600 ὶ
2599 585 2612 606 τ
2688 586 2698 604 Ι
2953 585 2974 604 Ν
3020 588 3032 607 Ι
3320 592 3331 610 1
3496 571 3560 614 *κγ
3673 595 3686 612 ι

2203 604 2271 655 μη
2351 604 2506 638 ποσιν
2569 606 2778 648 οικειοις
2841 589 2867 641 6
2947 601 3153 643 οιωκων
3235 593 3424 668 φθασοι
3494 614 3556 648 το
3635 597 3837 670 θηραμα

457 681 704 741 magnus
734 661 1092 736 Demetrius,
1123 665 1204 724 uti
1230 665 1291 726 in
1322 665 1453 742 ejus
1488 666 1793 729 miraculis
1816 669 2108 746 scriptum

455 761 567 824 est,
605 753 920 815 manife~to
949 753 1192 815 occidit.
1229 779 1256 809 »
1295 755 1470 816 Hisce
1493 764 1690 817 autem
1718 757 1919 819 verbis
1936 757 2114 820 Joan-

457 861 563 903 nes
593 861 698 903 seu
721 842 1478 923 Joannitius,Bulgarorum
1503 863 1608 907 rex
1643 847 1880 908 tandem
1907 848 2110 918 etiam,

455 933 542 994 uti
589 950 770 1010 supra
801 932 1025 1012 pariter
1066 933 1412 1011 Acropolita
1459 931 1656 1014 docet,
1691 932 2118 1015 Scylojoannes

455 1021 930 1101 cognominatus,
981 1040 1015 1084 a
1067 1031 1273 1084 sancto
1324 1025 1629 1086 Demetrio
1690 1024 1752 1086 in
1801 1024 2116 1088 obsidione

459 1111 989 1175 Thessalonicensi
1013 1113 1199 1176 fuisse
1216 1113 1615 1192 interemptus
1639 1114 2118 1179 luculentissima

455 1221 601 1264 sane
631 1203 906 1265 traditur:
942 1221 1146 1265 verum
1176 1222 1311 1265 cum
1339 1204 1663 1266 verborum
1688 1205 1951 1281 illorum,
1974 1225 2112 1284 quas

453 1290 756 1353 Chouiata:
805 1291 962 1354 haud
993 1291 1389 1368 attribuenda,
1426 1303 1656 1355 certum
1698 1304 1965 1376 apparet,
1999 1313 2111 1357 au-

455 1386 681 1440 ctorem
708 1379 966 1443 Allatius
992 1399 1110 1442 non
1139 1381 1370 1462 prodat,
1392 1382 1563 1463 isque
1595 1384 1838 1446 aliunde
1864 1403 1982 1446 non
2013 1385 2111 1446 in-

458 1476 752 1541 notescat,
788 1471 1133 1550 neutiquam
1167 1479 1333 1544 ea,ut
1357 1471 1815 1553 prodigio,quod
1849 1475 2108 1554 tradunt,

460 1558 638 1619 Iidem
663 1557 1054 1621 indubitatam
1086 1560 1324 1632 iaciant,
1352 1561 1678 1636 sufﬁciunt,
1706 1562 1847 1624 licet
1873 1561 2112 1624 interim

458 1658 766 1728 utcunque
824 1647 1041 1712 Joanni
1093 1647 1402 1711 Stauracio
1463 1652 1704 1730 sull‘ragi
1779 1653 2108 1725 videantur,

464 1737 576 1797 nisi
610 1738 780 1807 forte,
807 1737 912 1813 qui
941 1756 1012 1800 ea
1035 1738 1106 1798 ad
1142 1736 1444 1800 Cboniatre
1471 1738 1750 1802 Historia;
1785 1742 2112 1818 marginem

2195 671 2330 726 κατὰ
2387 671 2627 751 κεφαλῆς
2686 676 2828 746 αἰετῷ
2885 675 3125 753 παραῦτᾶ
3183 679 3218 744 ἡ
3274 677 3487 757 πληγίὶ,
3521 683 3610 737 καὶ
3667 685 3838 761 νεκρὸς

2195 759 2294 815 ἀνὰ
2350 761 2512 835 μέσον
2571 762 2744 820 ἔκειτο
2812 764 2919 820 τῶν
2998 767 3158 843 ὁρῶν,
3222 770 3319 824 Καὶ
3395 774 3423 826 6
3476 771 3574 843 μὲν
3627 759 3842 840 ἀπηνῶς

2199 848 2338 905 οῧτω
2392 853 2480 906 καὶ
2529 851 2894 931 ἀπανθρώπως
2940 854 3238 928 ἐμάστιζεν·
3275 860 3303 912 6
3334 856 3388 914 δὲ
3435 861 3529 923 τὰς
3561 863 3730 940 ταχὺς
3770 865 3839 925 εἱς

2199 938 2504 1015 ἀντίλῃψιν,
2581 943 2664 998 καὶ
2723 943 2836 1007 ὀξὺς
2909 946 2981 1009 εἰς
3052 943 3355 1024 ἐπικουρίαν
3431 948 3599 1026 μέγας
3637 938 3842 1026 7311px},-

2201 1050 2364 1105 τριος,
2429 1033 2610 1109 φθάνει
2667 1033 2756 1088 τὸν
2811 1032 3064 1089 κᾶκιστον
3122 1033 3247 1092 ὅσον
3302 1037 3389 1092 καὶ
3430 1037 3702 1117 ἀστραπὴ,
3751 1041 3843 1098 ἆνᾶ

2201 1118 2363 1191 μέσον
2421 1119 2558 1196 δρῶν
2615 1128 3006 1197 κυνηγετοῦντα
3077 1126 3166 1180 καὶ
3255 1127 3639 1207 ἱππαζόμενον,
3699 1128 3843 1209 ἔφιπ-

2198 1230 2321 1280 πος,
2386 1212 2478 1265 καί
2533 1211 2738 1289 καιρίαν
2799 1211 3026 1281 πλήττει
3085 1215 3178 1270 τὸν
3235 1213 3464 1272 δείλαιον
3521 1225 3614 1273 τοὺ
3681 1219 3843 1275 ἵππω

2196 1298 2403 1373 μακρὰν
2470 1299 3017 1384 ἀποσφαιρισάμενος.
3110 1294 3320 1382 Ἐώρων
3401 1306 3492 1360 τὸν
3567 1305 3736 1384 μέγαν
3793 1313 3840 1371 ἐς

2195 1389 2494 1464 τούμφανὲς
2565 1395 2642 1462 τῷ
2717 1383 3012 1468 Ῥαδομιρῷ
3068 1391 3412 1472 ἐφεπόμενοι,
3476 1383 3842 1455 astutia-316v

2198 1473 2396 1553 σεξοδρᾷ
2456 1483 2520 1554 τῇ
2584 1479 2723 1555 ῥύμῃ
2778 1484 2869 1535 καί
2921 1478 3110 1555 ἐπέϐη,
3163 1484 3249 1537 καὶ
3327 1487 3396 1560 τῇ
3453 1483 3636 1564 λόγχῃ
3689 1487 3842 1542 κατέ-

2199 1565 2384 1644 σφαξε.
2451 1569 2546 1624 Καὶ
2607 1570 2634 1623 ὃ
2694 1569 2891 1644 μάρτυς
2956 1571 3052 1642 μὲν
3114 1573 3350 1648 παραυτᾶ
3408 1572 3641 1650 ἀφανής·
3714 1578 3740 1631 6
3794 1574 3844 1631 δὲ

2198 1665 2473 1733 νεκροῦται
2533 1663 2896 1737 παραχρῆμα,
2927 1665 3025 1716 καὶ
3081 1663 3221 1738 παρὰ
3269 1662 3357 1717 τὸν
3414 1661 3548 1733 ᾅδην
3605 1665 3671 1719 τὰ
3728 1666 3846 1720 ὀστᾶ

2199 1745 2594 1823 διεσκόρπισται
2633 1795 2648 1826 ,
2736 1751 2821 1803 καὶ
2908 1751 2934 1804 ὁ
3039 1753 3554 1826 κατα-πεπονημένος
3649 1753 3845 1818 ἐκεῖνος

461 1827 698 1919 arjecit,
732 1827 1009 1908 ipsamet,
1041 1837 1104 1887 ut
1135 1827 1191 1919 id
1236 1827 1480 1919 faceret,
1512 1829 1760 1919 Jpannis
1799 1829 2111 1905 Stauracii,

2203 1836 2336 1900 ἄπας
2398 1835 2526 1898 λαὸς
2586 1837 2846 1908 ἑώρταζον
2896 1846 2972 1911 τῷ
3001 1840 3222 1916 μεγάλῷ
3277 1841 3452 1919 ῥύσια.
3523 1862 3552 1900 ε
3586 1843 3732 1904 Cum
3783 1861 3848 1903 ea

459 1935 635 1996 quem
669 1915 914 1995 legerat,
949 1915 1292 1978 narratione
1323 1917 1503 1980 fuerit
1536 1917 1856 2000 impulsus.

458 2022 487 2100 ᾗ
518 2018 931 2104 ll.__Miracula
961 2022 1181 2086 saeculo
1211 2024 1448 2086 decimo
1471 2026 1842 2104 posteriora,
1878 2042 2016 2104 qua
2048 2027 2112 2086 in

539 2101 801 2165 aliorum
821 2106 1029 2173 etiam.
1058 2122 1241 2185 quam
1262 2111 1327 2164 in
1358 2101 1990 2168 Théssalom'censiitm
2011 2105 2112 2182 fa-

541 2200 746 2244 vorem
770 2202 806 2244 a
823 2195 1036 2247 sancio
1067 2186 1374 2248 Demetrio
1403 2187 1690 2264 feruntur
1714 2193 1989 2266 patrata.

543 2284 1023 2368 16.Gabriel,qui
1048 2287 1120 2348 ab
1145 2288 1277 2349 aliis
1301 2287 1662 2351 Radomirus
1683 2297 1782 2350 aut
1804 2289 1978 2350 etiam
2005 2289 2116 2350 Ro-

463 2395 677 2439 manus
703 2377 1055 2457 appellatur,
1092 2378 1354 2441 Samneli
1381 2379 1530 2459 patri
1565 2399 1696 2459 suo,
1717 2398 1874 2440 anno
1903 2380 2056 2442 1014
2084 2397 2116 2440 e

463 2467 606 2528 vivis
629 2467 879 2538 sublato,
907 2469 966 2529 in
992 2468 1282 2544 Bulgaria:
1305 2488 1555 2547 regnum
1583 2468 1892 2542 successit,
1926 2488 2114 2530 anno-

464 2576 577 2637 que
609 2558 878 2636 sequenti
917 2567 1045 2635 post
1078 2557 1258 2618 breve
1287 2577 1433 2619 sane
1463 2577 1710 2635 regnum
1744 2559 1920 2619 vitam
1977 2577 2110 2618 cum

468 2655 658 2706 morte
678 2647 754 2707 24
773 2644 1050 2708 Octobris
1076 2645 1197 2725 die,
1233 2647 1317 2710 uti
1343 2665 1408 2708 ex
1434 2645 1706 2708 Cedreno
1736 2648 1984 2728 aliisque
2016 2649 2076 2708 in
2099 2681 2113 2694 ο

464 2735 765 2813 telligitnr,
801 2735 1208 2795 commutavit.
1244 2737 1502 2797 Joannes
1555 2735 1900 2799 Stauracius
1933 2756 2116 2816 supra

463 2824 738 2886 laudatus
772 2824 1104 2906 principem
1152 2825 1308 2885 hunc
1342 2826 1666 2887 teterrimis
1721 2826 2021 2888 coloribus
2053 2826 2114 2888 in

464 2915 673 2976 codice
713 2921 916 2975 nostro
948 2915 1175 2994 signato
1207 2916 1253 2994 -ι-
1287 2934 1396 2977 ιιιε.
1439 2916 1548 2979 193
1579 2917 1683 2979 fol.
1720 2918 1798 2980 86
1843 2916 2112 2996 depegit,

461 3005 1001 3085 aitque,cum,cum
1025 3004 1082 3063 in
1109 3003 1676 3084 Soski,regiunculae
1708 3005 1850 3066 mihi
1878 3006 2110 3083 ignotae,

465 3093 693 3155 incolas
713 3092 1014 3153 dirissime
1046 3094 1304 3164 saeviret,
1333 3094 1540 3176 hique,
1566 3113 1682 3173 quo
1718 3095 1848 3173 ejus
1873 3113 2110 3174 grassa-

2201 1881 2335 1900 ....-,
2398 1881 2524 1898 ..-π
2586 1881 2844 1908 ηραν,
2906 1881 2971 1911 ,γ
3001 1881 3222 1916 μίμων
3277 1881 3452 1919 τμη..
3523 1881 3732 1904 ,υυιη
3783 1881 3848 1903 υ..

2199 1927 2380 2006 igitur
2408 1926 2726 1987 humanam
2759 1925 3009 1987 formam
3045 1945 3261 2006 gerens
3312 1928 3438 1990 [ιιι-ε
3475 1927 3849 2008 (Badomirus

2198 2015 2429 2076 scilicet
2457 2015 2754 2092 Bulgaria;
2784 2019 2917 2094 rex)
2951 2016 3008 2076 in
3043 2016 3174 2077 loco
3219 2016 3322 2077 illo
3361 2017 3461 2078 diu
3493 2028 3847 2100 moraretur,

2199 2123 2412 2166 omnes
2467 2103 2829 2167 dilacerahat
2860 2114 3036 2185 atque
3066 2105 3522 2187 depascebatur.
3561 2106 3713 2169 Hinc
3742 2109 3851 2171 illis

2199 2195 2370 2256 ﬂetus
2398 2203 2454 2254 et
2479 2193 2822 2255 lamentatio
2837 2203 2894 2255 et
2919 2193 3222 2274 planctus;
3256 2213 3493 2277 voxque
3520 2198 3848 2278 sanguinis,

2199 2303 2376 2366 quem
2405 2284 2675 2360 quotidie
2725 2283 3095 2361 effundebat,
3122 2296 3443 2366 martyrem
3475 2287 3846 2363 inclamabat,

2200 2392 2267 2434 ac
2298 2374 2620 2436 vindictam
2654 2381 2858 2451 atque,
2884 2383 2948 2435 ut
2982 2376 3423 2456 quamprimum
3457 2375 3588 2453 illo,
3625 2379 3724 2458 qui
3754 2396 3850 2439 eos

2200 2463 2519 2542 afﬂigebat,
2551 2463 3348 2545 liberarentur,postu|abat;
3370 2465 3471 2526 ille
3489 2476 3848 2546 autem,cum

2204 2553 2472 2632 martyris
2497 2572 2714 2614 nomen
2739 2559 2957 2634 saepius
2983 2554 3324 2615 invocantes
3346 2554 3604 2631 audiret,
3632 2556 3688 2616 id
3722 2556 3850 2638 qui-

2199 2642 2335 2703 dem
2359 2641 2643 2703 irridebat
2672 2644 2994 2723 sannisque
3019 2642 3378 2722 excipiebat;
3410 2643 3483 2705 iis
3504 2655 3705 2706 autem
3727 2648 3848 2725 pla-

2200 2750 2302 2811 gas
2336 2732 2521 2809 magis
2549 2733 2821 2810 augebat.
2849 2731 3118 2807 Videam,
3158 2733 3391 2811 dicens,
3425 2752 3570 2794 num
3603 2737 3798 2796 veniat
3821 2753 3849 2794 e

2203 2821 2481 2883 manibus
2516 2822 2661 2882 meis
2704 2823 2864 2902 ipsos
2898 2822 3263 2883 liberaturus
3302 2822 3672 2886 Demetrius.

2283 2913 2379 2974 13.
2423 2910 2610 2983 «Quid
2646 2911 2872 2990 igitur?
2904 2911 3344 2974 Commiserans
3367 2931 3434 2974 ac
3455 2931 3707 2992 magnus
3736 2913 3848 2974 De-

2199 3003 2446 3064 metrius
2473 3001 2752 3070 ﬂectifur,
2783 3020 2850 3063 ac
2881 3002 3355 3082 compeditorum
3381 3021 3586 3064 vocem
3623 3003 3850 3064 mendi—

2201 3110 2530 3167 corumque
2556 3094 2817 3168 genitum
2879 3090 3168 3169 exsurgit,
3203 3091 3569 3172 proprioque
3623 3111 3654 3154 a
3683 3109 3851 3172 grege

464 3181 726 3243 tionibus
773 3181 1195 3261 liberarentur,
1231 3191 1496 3243 sanctum
1536 3183 1901 3246 Demetrium
1943 3185 2177 3276 invo-C
2205 3183 2466 3260 migrans
2497 3181 2591 3276 ad.
2619 3180 2819 3276 populi
2854 3180 3107 3242 salutem
3142 3190 3552 3276 est_egressus,
3587 3181 3851 3244 Domini-

461 3280 717 3348 cassent,
745 3271 874 3332 neci
910 3273 1082 3332 etiam
1140 3275 1211 3332 ah
1244 3272 1354 3332 hoc
1394 3271 1658 3350 tandem,
1695 3292 1809 3332 non
1846 3292 2019 3333 secus
2050 3293 2119 3334 ac

461 3363 750 3424 Joannem
785 3379 963 3440 supra
995 3371 1410 3433 memoratum,
1438 3360 1642 3422 datum
1679 3361 2114 3435 luisse.Vc-rha,

465 3451 581 3511 huc
633 3449 984 3530 spectantia,
1020 3449 1262 3509 omissis
1297 3461 1523 3524 tamen,
1557 3451 1770 3529 quibus
1826 3449 2120 3512 Gabrielis

467 3556 572 3600 seu
597 3536 902 3599 Radomiri
935 3555 1135 3599 mores
1156 3545 1365 3598 auctor
1394 3537 1701 3610 describit,
1731 3538 1940 3600 lectori
1972 3539 2120 3601 libet

462 3626 978 3698 exhibere,addita
1005 3626 1181 3688 etiam
1207 3626 1278 3688 ad
1307 3630 1530 3688 calcem
1567 3628 1914 3689 eorumdem
1940 3628 2122 3690 inter-

467 3715 796 3798 pretatione
855 3715 1082 3779 Latina.
1118 3714 1216 3778 Sic
1273 3715 1540 3777 habent:
1607 3726 1694 3790 Τῷ
1754 3719 1920 3797 χώρῳ
1949 3721 2120 3793 τούτῳ

463 3810 636 3864 τοὲνυν
695 3807 956 3886 χρονίζων
1021 3810 1049 3863 6
1109 3807 1557 3886 ἆνθρωπόμορφος
1627 3808 1776 3872 οὗτος
1828 3809 1948 3885 θὴρ,
2005 3809 2118 3864 διε-

463 3898 730 3974 σπάραττε
799 3898 1000 3962 πάντας
1077 3898 1165 3952 καὶ
1247 3895 1569 3952 dragons-cm
1631 3900 1821 3973 θρῆνος
1907 3897 2116 3972 αὐτοῖς,

465 3989 552 4043 καὶ
609 3986 856 4065 ὀδυρμὸς,
913 3987 1001 4041 καὶ
1059 3987 1196 4056 οὐαὶ,
1260 3987 1346 4041 καὶ
1391 3986 1542 4066 φωνὴ
1604 3987 1841 4058 αἱμάτων
1887 3990 2116 4064 ἐκεῖθεν,

465 4076 498 4132 ἂ
540 4077 658 4133 καθ’
712 4078 913 4152 ἡμέραν
983 4075 1215 4155 ἐξέχεεν,
1274 4073 1532 4131 ἐπεϐοᾶτο
1601 4083 1677 4148 τῷ
1733 4077 1972 4154 μάρτυρι,
2033 4080 2118 4134 καὶ

465 4169 564 4233 τὴν
616 4164 885 4229 ἐκδίκησιν
958 4163 1198 4236 ἐζήτουν,
1247 4166 1335 4220 καὶ
1389 4178 1622 4243 ταχεῖαν
1675 4173 1767 4221 τοῦ
1825 4174 2115 4232 λυποῦντος

461 4257 559 4323 τὴν
622 4255 995 4328 ἀπολύτρωσιν
1072 4246 1129 4312 Ὀ
1203 4252 1279 4332 δὲ,
1341 4256 1434 4310 καί
1495 4252 1560 4320 δὴ
1607 4254 1862 4320 πολλάκις
1917 4257 2107 4312 ἐπικα-

459 4347 750 4420 λουμένους
834 4345 1024 4408 αὖτοὺς
1109 4343 1316 4400 ἀκούων
1396 4342 1564 4418 ὄνομα
1648 4353 1741 4401 τοῦ
1824 4345 2108 4424 μάρτυρος,

2204 3291 2335 3332 cum
2373 3270 2515 3332 illud
2542 3269 2799 3329 vicissim
2830 3288 3126 3350 usurpans
3153 3287 3166 3331 :
3196 3270 3276 3332 Et
3298 3271 3462 3331 alias
3487 3288 3630 3332 oves
3650 3273 3846 3349 habeo,

2205 3377 2470 3441 quwuon
2486 3358 2836 3420 suntezrhoc
2861 3358 3100 3430 ovili;rt
3122 3358 3260 3420 illus
3283 3369 3520 3437 oportet
3539 3379 3635 3424 me
3657 3361 3845 3423 addu-

2202 3450 2556 3528 cere.Atque
2582 3448 2630 3508 is
2661 3447 2902 3527 quidem
2935 3451 3199 3508 attritum
3238 3448 3404 3509 illum
3438 3468 3504 3510 ac
3538 3449 3848 3525 conculca-

2204 3550 2322 3599 tum
2344 3541 2616 3612 populum
2639 3541 2704 3595 ad
2728 3543 3091 3598 venationem
3119 3541 3520 3612 compellebat,
3555 3541 3843 3598 miseram-

2202 3640 2314 3697 que
2333 3627 2495 3681 istam
2514 3624 2740 3681 turbam
2767 3624 3050 3680 montium
3077 3626 3437 3682 summitates
3461 3626 3758 3698 saltusque
3777 3640 3839 3682 ac

2203 3711 2385 3772 clivos
2416 3709 3001 3790 [-edibusperagrare
3017 3708 3622 3790 jubebat,minisque,
3661 3720 3721 3772 ut
3752 3726 3850 3790 per

2205 3803 2532 3884 praecipitia
2566 3802 2849 3864 incedere
2889 3802 3156 3875 ruderet,
3191 3801 3488 3881 adigebat,
3523 3811 3588 3864 et
3614 3802 3726 3864 nisi
3754 3803 3848 3882 qui

2205 3894 2459 3974 propriis
2482 3891 2738 3972 pedibus
2757 3898 3063 3972 capturam
3087 3891 3507 3966 insectabatur,
3529 3911 3660 3954 eam
3689 3909 3848 3953 asse-

2203 3993 2506 4063 qucretur,
2541 3982 2736 4042 statim
2794 3981 2848 4040 ei
2884 3981 2943 4042 in
3001 3980 3196 4058 capite
3231 3981 3399 4061 plaga
3454 3982 3847 4063 inﬂigebatur,

2204 4081 2593 4152 mortuusque
2626 4071 2685 4131 in
2723 4070 2920 4131 medio
2947 4071 3236 4132 montium
3269 4071 3721 4152 procumbebat.
3748 4076 3850 4134 At-

2201 4181 2318 4240 que
2343 4162 2421 4222 ita
2442 4160 2686 4240 quidem
2712 4159 2816 4220 ille
2837 4160 3397 4222 immisericorditer
3419 4180 3487 4223 ac
3512 4161 3574 4223 in
3590 4160 3846 4223 humani.

2197 4259 2291 4313 ter
2321 4249 2719 4331 percutiebat;
2755 4249 3092 4311 Demetrius
3119 4259 3320 4312 autem
3346 4251 3417 4312 ad
3454 4269 3629 4332 opem
3657 4252 3848 4313 feren-

2196 4340 2330 4401 dam
2353 4350 2664 4418 promptus
2694 4347 2871 4419 atque
2897 4340 2970 4401 ad
3006 4341 3481 4402 succurrendum
3525 4338 3845 4402 industrius

461 4435 720 4514 κατεγέλα
792 4433 890 4508 μὲν
969 4436 1127 4490 αὖτοῦ
1204 4435 1292 4488 καὶ
1370 4433 1794 4510 ἐξεμυκτήριζεν,
1872 4435 2110 4492 ἐπέτεινε

2203 4430 2268 4491 ad
2320 4427 2827 4510 improbissimum
2860 4428 2921 4488 in
2955 4428 3150 4490 medio
3185 4429 3474 4490 montium
3529 4437 3837 4491 venantem

460 4525 516 4581 δὲ
586 4523 793 4600 μᾶλλον
865 4525 1049 4585 αὒτοϊς
1113 4524 1204 4588 τὰς
1273 4523 1525 4603 πληγὰς,
1589 4523 1737 4602 "law,
1815 4526 2010 4604 λέγων,
2077 4539 2113 4593 εἷ

2204 4538 2479 4600 equoque
2505 4517 2861 4578 insidentem
2884 4533 3072 4597 eques
3093 4517 3354 4598 equitem
3386 4519 3634 4598 fulguris
3651 4519 3708 4580 in
3735 4535 3846 4578 mo-

460 4615 679 4692 ἕργεται
743 4615 1050 4690 Δημήτριος
1111 4613 1170 4669 ἐκ
1227 4620 1326 4669 τῶν
1364 4615 1563 4693 χειρὲν
1623 4637 1724 4688 μου
1774 4615 1963 4670 σώσων
2020 4617 2119 4672 αὖ-

459 4726 577 4766 τους
590 4751 602 4763 ,
1523 4727 1527 4730 ’

548 4793 642 4854 17.
701 4795 758 4850 Τί
804 4794 940 4872 οὗνς
1006 4789 1326 4867 Κάμπτεται
1385 4796 1412 4850 6
1471 4793 1749 4867 συμπαθὴς
1806 4795 1891 4848 καὶ
1948 4792 2115 4871 μέγας

466 4881 798 4958 Δημήτριος*

889 4882 1161 4937 ἀνίσταται
1223 4882 1400 4938 ἕνεκεν
1459 4887 1557 4947 τῆς
1637 4888 1743 4936 τῶν
1803 4881 2115 4956 πεπεδημέ-

461 4995 566 5027 νιον
615 4977 818 5051 φωνῆς,
885 4972 970 5027 καὶ
1017 4978 1109 5027 τοῦ
1173 4978 1277 5026 τῶν
1339 4971 1576 5049 iam)er
1635 4978 1956 5047 στεναγμοῦ,
2029 4973 2115 5027 καὶ

458 5068 556 5129 τῆς
618 5063 810 5119 οἰκείας
862 5061 1097 5134 ποίμνης
1157 5059 1314 5126 τῆσδε
1366 5059 1674 5124 ἐπαναστὰς
1728 5061 1800 5120 εἰς
1848 5062 2113 5138 σωτηρίαν

2203 4609 2344 4671 dum
2376 4606 2634 4680 accedit,
2665 4607 3004 4685 miseroque
3037 4606 3268 4686 plagam
3303 4608 3583 4670 lethalem
3615 4607 3839 4686 inﬂigit,

2204 4698 2404 4779 procul
2432 4715 2565 4758 eum
2593 4696 2666 4757 eb
2691 4714 2846 4775 equo
2867 4695 3304 4774 dejiciens.Qui
3337 4696 3721 4760 Rademirum
3750 4713 3843 4757 se-

2201 4787 2515 4868 quebatur,
2551 4786 2652 4864 qui
2684 4804 2820 4846 eum
2853 4803 3101 4864 magnus
3133 4787 3472 4849 vehementi
3504 4790 3724 4868 impetu
3745 4805 3841 4864 ag-

2199 4896 2442 4956 gressus
2463 4875 2853 4954 sit,hastaque
2885 4875 3274 4946 interfecerit,
3299 4876 3562 4939 dilucide
3591 4892 3836 4954 conspe-

2198 4986 2361 5029 xere.
2400 4972 2487 5028 Ac
2521 4975 2741 5044 martyr
2759 4965 3001 5045 quidem
3034 4967 3227 5028 statim
3262 4967 3594 5048 disparuit;
3627 4967 3723 5028 ille
3746 4983 3837 5024 au-

2199 5066 2314 5118 tem
2339 5057 2534 5117 statim
2569 5054 2740 5135 obiit,
2770 5055 3025 5135 atquein
3050 5065 3210 5117 terra
3242 5075 3378 5118 ossa
3407 5058 3541 5137 ejus
3570 5054 3839 5134 dissipata

457 5153 588 5208 λαοῦ
627 5149 962 5217 ἐξελήλυθεν·
1025 5148 1234 5206 ἐκεῖνον
1295 5147 1358 5216 δὴ
1411 5151 1473 5204 τὸ
1525 5152 1783 5226 κυριακὸν
1841 5149 2112 5226 παραλλὰξ

2203 5156 2352 5219 sunt,
2392 5145 2768 5225 populusque
2821 5144 2924 5204 ille
2953 5145 3174 5226 omnis,
3209 5149 3313 5228 qui
3348 5155 3588 5208 vexatus
3637 5147 3836 5213 fuerat,

456 5242 714 5309 ἐπειπὼν,
761 5242 848 5295 καὶ
908 5237 1044 5294 ἄλλα
1129 5237 1370 5314 πρόϐατα
1446 5239 1562 5318 ἔχω
1638 5242 1744 5294 τῶν
1811 5238 2106 5313 προα·,›λίων

463 5354 589 5409 μου,
644 5333 740 5387 Καὶ
800 5327 965 5386 ταῦτᾶ
1022 5347 1088 5398 με
1147 5324 1233 5382 δεῖ
1292 5327 1701 5403 ἐπισκέψασθαι,
1765 5330 1863 5386 Καὶ
1935 5331 1962 5382 6
2020 5327 2114 5383 πέν

463 5425 553 5477 τον
665 5415 1105 5493 συντετριμμένον
1206 5415 1411 5472 ἐκεῖνον
1513 5421 1599 5474 καὶ

466 5509 592 5565 λαὸν
677 5511 808 5585 πρὸς
880 5506 1195 5580 κυνηγεσίαν
1279 5505 1514 5583 ἠγάγετο
1597 5511 1684 5563 καί
1768 5510 1896 5584 πρὸς
1982 5509 2117 5582 ὀρῶν

464 5600 722 5678 ἐσχατιας
777 5600 868 5652 καὶ
925 5595 1116 5674 νάπας,
1169 5599 1260 5650 γαί
1324 5594 1671 5661 ἐπαναϐάσέις
1728 5598 1923 5672 βαίνειν
1981 5604 2115 5671 πεζῇ,

461 5691 554 5746 τὸν
637 5686 970 5764 ταλγίπωρον
1053 5685 1262 5742 ἐκεῖνον
1347 5685 1518 5766 ὄχλον
1606 5685 1949 5766 διεκελεύετο,
2030 5688 2116 5743 καὶ

1206 5415 1411 5472 ἐκεῖνον
1513 5421 1599 5474 καὶ
1705 5417 2118 5491 ἐκπεπιεσμένον

2197 5235 2570 5298 liberationis
2591 5234 2807 5294 festum
2839 5234 2897 5293 in
2917 5234 3114 5312 magni
3142 5236 3436 5298 honorem
3464 5232 3834 5298 celebravit.»

2279 5323 2545 5388 19.Talis
2563 5331 2654 5383 est
2673 5321 2922 5384 Joannis
2943 5322 3222 5386 Stauricii
3243 5325 3317 5385 de
3346 5320 3837 5401 nece,Radomiro

2203 5434 2307 5475 seu
2342 5411 2603 5476 Gabrieli
2639 5411 2925 5488 Bulgariae
2976 5413 3101 5490 regi
3138 5413 3632 5493 illata,uarratio;
3691 5423 3839 5471 nunc

2201 5503 2342 5584 quid
2365 5502 2440 5563 de
2468 5505 2574 5563 bac
2597 5501 2973 5562 statuendum
3007 5502 3500 5584 sit,dispiciamus
3530 5504 3837 5564 Auctorum

2201 5593 2493 5663 omnium,
2525 5591 2630 5671 qui
2663 5591 2828 5651 necis
2861 5590 3181 5653 Radomiro
3215 5593 3392 5655 illata;
3421 5593 3834 5659 meminerunt,

2199 5682 2570 5763 antiquiores
2619 5681 2769 5742 citra
2831 5683 3304 5745 controversiam
3333 5691 3474 5745 sunt
3519 5681 3833 5758 Cedrenus,
