  <div class='ocr_page' id='page_1' title='image "/cluster/home/n/w/nwhite01/storage/ocr_20150623/116:no.3/coo.31924054870203/714.png"; bbox 0 0 4124 6432; ppageno 0'>
   <div class='ocr_carea' id='block_1_1' title="bbox 329 388 481 463">
    <p class='ocr_par' dir='ltr' id='par_1_1' title="bbox 329 388 481 463">
     <span class='ocr_line' id='line_1_1' title="bbox 329 388 481 463; baseline 0.013 -2"><span class='ocrx_word' id='word_1_1' title='bbox 329 388 481 463; x_wconf 83' lang='grc'><strong>1413</strong></span> 
     </span>
    </p>
   </div>
   <div class='ocr_carea' id='block_1_2' title="bbox 1407 373 2602 454">
    <p class='ocr_par' dir='ltr' id='par_1_2' title="bbox 1407 373 2602 454">
     <span class='ocr_line' id='line_1_2' title="bbox 1407 373 2602 454; baseline -0.008 1"><span class='ocrx_word' id='word_1_2' title='bbox 1407 393 1467 454; x_wconf 92' lang='lat' dir='ltr'><strong>S.</strong></span> <span class='ocrx_word' id='word_1_3' title='bbox 1509 382 1891 454; x_wconf 84' lang='lat' dir='ltr'><strong>DEMETRII</strong></span> <span class='ocrx_word' id='word_1_4' title='bbox 1933 379 2335 448; x_wconf 81' lang='lat' dir='ltr'><strong>MARTYRIS</strong></span> <span class='ocrx_word' id='word_1_5' title='bbox 2374 373 2602 446; x_wconf 83' lang='lat' dir='ltr'><strong>ACTA.</strong></span> 
     </span>
    </p>
   </div>
   <div class='ocr_carea' id='block_1_3' title="bbox 3547 376 3699 442">
    <p class='ocr_par' dir='ltr' id='par_1_3' title="bbox 3547 376 3699 442">
     <span class='ocr_line' id='line_1_3' title="bbox 3547 376 3699 442; baseline 0.013 -2"><span class='ocrx_word' id='word_1_6' title='bbox 3547 376 3699 442; x_wconf 86' lang='grc'>1414</span> 
     </span>
    </p>
   </div>
   <div class='ocr_carea' id='block_1_4' title="bbox 319 510 3701 604">
    <p class='ocr_par' dir='ltr' id='par_1_4' title="bbox 319 510 3701 604">
     <span class='ocr_line' id='line_1_4' title="bbox 319 510 3701 604; baseline -0.005 -12"><span class='ocrx_word' id='word_1_7' title='bbox 319 526 606 592; x_wconf 82' lang='lat' dir='ltr'><strong>rosimilis</strong></span> <span class='ocrx_word' id='word_1_8' title='bbox 637 527 849 600; x_wconf 87' lang='lat' dir='ltr'><strong>videri,</strong></span> <span class='ocrx_word' id='word_1_9' title='bbox 886 526 1014 587; x_wconf 79' lang='lat' dir='ltr'><strong>fieri</strong></span> <span class='ocrx_word' id='word_1_10' title='bbox 1046 532 1241 587; x_wconf 83' lang='lat' dir='ltr'><strong>tamen</strong></span> <span class='ocrx_word' id='word_1_11' title='bbox 1273 530 1487 604; x_wconf 93' lang='lat' dir='ltr'><strong>potest,</strong></span> <span class='ocrx_word' id='word_1_12' title='bbox 1523 532 1585 582; x_wconf 89' lang='lat' dir='ltr'><strong>ut</strong></span> <span class='ocrx_word' id='word_1_13' title='bbox 1619 516 1970 584; x_wconf 84' lang='lat' dir='ltr'><strong>Christianis</strong></span> <span class='ocrx_word' id='word_1_14' title='bbox 1994 523 2027 572; x_wconf 77' lang='grc' dir='ltr'><strong>Α</strong></span> <span class='ocrx_word' id='word_1_15' title='bbox 2053 532 2304 604; x_wconf 83' lang='lat' dir='ltr'><strong>gnoseas</strong></span> <span class='ocrx_word' id='word_1_16' title='bbox 2356 511 2641 604; x_wconf 78' lang='lat' dir='ltr'><strong>profiteri,</strong></span> <span class='ocrx_word' id='word_1_17' title='bbox 2677 510 2910 604; x_wconf 84' lang='lat' dir='ltr'><strong>inquire</strong></span> <span class='ocrx_word' id='word_1_18' title='bbox 2938 517 2996 604; x_wconf 78' lang='lat' dir='ltr'><strong>et</strong></span> <span class='ocrx_word' id='word_1_19' title='bbox 3041 510 3244 603; x_wconf 87' lang='lat' dir='ltr'><strong>hodie,</strong></span> <span class='ocrx_word' id='word_1_20' title='bbox 3279 515 3338 572; x_wconf 91' lang='lat' dir='ltr'><strong>et</strong></span> <span class='ocrx_word' id='word_1_21' title='bbox 3365 526 3518 586; x_wconf 88' lang='lat' dir='ltr'><strong>cras,</strong></span> <span class='ocrx_word' id='word_1_22' title='bbox 3553 518 3611 572; x_wconf 93' lang='lat' dir='ltr'><strong>et</strong></span> <span class='ocrx_word' id='word_1_23' title='bbox 3639 511 3701 575; x_wconf 91' lang='lat' dir='ltr'><strong>in</strong></span> 
     </span>
    </p>
   </div>
   <div class='ocr_carea' id='block_1_5' title="bbox 323 606 1972 690">
    <p class='ocr_par' dir='ltr' id='par_1_5' title="bbox 323 606 1972 690">
     <span class='ocr_line' id='line_1_5' title="bbox 323 606 1972 690; baseline -0.008 -11"><span class='ocrx_word' id='word_1_24' title='bbox 323 618 583 679; x_wconf 76' lang='lat' dir='ltr'><strong>visiones</strong></span> <span class='ocrx_word' id='word_1_25' title='bbox 609 617 743 680; x_wconf 65' lang='lat' dir='ltr'><strong>dure</strong></span> <span class='ocrx_word' id='word_1_26' title='bbox 791 616 1022 678; x_wconf 81' lang='lat' dir='ltr'><strong>similes</strong></span> <span class='ocrx_word' id='word_1_27' title='bbox 1053 615 1320 687; x_wconf 63' lang='lat' dir='ltr'><strong>diversae,</strong></span> <span class='ocrx_word' id='word_1_28' title='bbox 1358 613 1540 674; x_wconf 86' lang='lat' dir='ltr'><strong>altera</strong></span> <span class='ocrx_word' id='word_1_29' title='bbox 1574 612 1632 672; x_wconf 90' lang='lat' dir='ltr'><strong>in</strong></span> <span class='ocrx_word' id='word_1_30' title='bbox 1665 610 1870 690; x_wconf 78' lang='lat' dir='ltr'><strong>praelia</strong></span> <span class='ocrx_word' id='word_1_31' title='bbox 1901 606 1972 668; x_wconf 89' lang='lat' dir='ltr'><strong>ad</strong></span> 
     </span>
    </p>
   </div>
   <div class='ocr_carea' id='block_1_6' title="bbox 324 697 1975 788">
    <p class='ocr_par' dir='ltr' id='par_1_6' title="bbox 324 697 1975 788">
     <span class='ocr_line' id='line_1_6' title="bbox 324 697 1975 788; baseline -0.01 -17"><span class='ocrx_word' id='word_1_32' title='bbox 324 706 728 788; x_wconf 78' lang='lat' dir='ltr'><strong>Antiochiam,</strong></span> <span class='ocrx_word' id='word_1_33' title='bbox 785 707 972 768; x_wconf 87' lang='lat' dir='ltr'><strong>altera</strong></span> <span class='ocrx_word' id='word_1_34' title='bbox 1025 707 1080 765; x_wconf 92' lang='lat' dir='ltr'><strong>in</strong></span> <span class='ocrx_word' id='word_1_35' title='bbox 1140 703 1341 785; x_wconf 69' lang='lat' dir='ltr'><strong>pratlin</strong></span> <span class='ocrx_word' id='word_1_36' title='bbox 1396 700 1709 776; x_wconf 79' lang='lat' dir='ltr'><strong>anteriori,</strong></span> <span class='ocrx_word' id='word_1_37' title='bbox 1759 697 1975 759; x_wconf 77' lang='lat' dir='ltr'><strong>iuerint</strong></span> 
     </span>
    </p>
   </div>
   <div class='ocr_carea' id='block_1_7' title="bbox 323 789 1974 877">
    <p class='ocr_par' dir='ltr' id='par_1_7' title="bbox 323 789 1974 877">
     <span class='ocr_line' id='line_1_7' title="bbox 323 789 1974 877; baseline -0.007 -18"><span class='ocrx_word' id='word_1_38' title='bbox 323 797 557 868; x_wconf 57' lang='lat' dir='ltr'><strong>oblata,</strong></span> <span class='ocrx_word' id='word_1_39' title='bbox 594 813 841 877; x_wconf 91' lang='lat' dir='ltr'><strong>quarum</strong></span> <span class='ocrx_word' id='word_1_40' title='bbox 886 797 1141 875; x_wconf 85' lang='lat' dir='ltr'><strong>priorem</strong></span> <span class='ocrx_word' id='word_1_41' title='bbox 1188 792 1449 874; x_wconf 87' lang='lat' dir='ltr'><strong>quidem,</strong></span> <span class='ocrx_word' id='word_1_42' title='bbox 1487 789 1644 872; x_wconf 87' lang='lat' dir='ltr'><strong>quod</strong></span> <span class='ocrx_word' id='word_1_43' title='bbox 1672 806 1800 851; x_wconf 84' lang='lat' dir='ltr'><strong>eam</strong></span> <span class='ocrx_word' id='word_1_44' title='bbox 1835 805 1974 867; x_wconf 89' lang='lat' dir='ltr'><strong>per-</strong></span> 
     </span>
    </p>
   </div>
   <div class='ocr_carea' id='block_1_8' title="bbox 323 879 1972 968">
    <p class='ocr_par' dir='ltr' id='par_1_8' title="bbox 323 879 1972 968">
     <span class='ocr_line' id='line_1_8' title="bbox 323 879 1972 968; baseline -0.006 -22"><span class='ocrx_word' id='word_1_45' title='bbox 323 892 590 968; x_wconf 81' lang='lat' dir='ltr'><strong>spectam</strong></span> <span class='ocrx_word' id='word_1_46' title='bbox 625 886 777 948; x_wconf 85' lang='lat' dir='ltr'><strong>haud</strong></span> <span class='ocrx_word' id='word_1_47' title='bbox 835 884 1174 959; x_wconf 82' lang='lat' dir='ltr'><strong>habuerint,</strong></span> <span class='ocrx_word' id='word_1_48' title='bbox 1212 883 1419 945; x_wconf 89' lang='lat' dir='ltr'><strong>ultimo</strong></span> <span class='ocrx_word' id='word_1_49' title='bbox 1447 900 1483 943; x_wconf 86' lang='lat' dir='ltr'><strong>a</strong></span> <span class='ocrx_word' id='word_1_50' title='bbox 1513 879 1687 941; x_wconf 85' lang='lat' dir='ltr'><strong>nobis</strong></span> <span class='ocrx_word' id='word_1_51' title='bbox 1738 895 1972 939; x_wconf 81' lang='lat' dir='ltr'><strong>memo-</strong></span> 
     </span>
    </p>
   </div>
   <div class='ocr_carea' id='block_1_9' title="bbox 318 970 1973 1052">
    <p class='ocr_par' dir='ltr' id='par_1_9' title="bbox 318 970 1973 1052">
     <span class='ocr_line' id='line_1_9' title="bbox 318 970 1973 1052; baseline -0.007 -15"><span class='ocrx_word' id='word_1_52' title='bbox 318 976 426 1037; x_wconf 84' lang='lat' dir='ltr'><strong>rati</strong></span> <span class='ocrx_word' id='word_1_53' title='bbox 461 975 578 1037; x_wconf 84' lang='lat' dir='ltr'><strong>duo</strong></span> <span class='ocrx_word' id='word_1_54' title='bbox 611 984 886 1038; x_wconf 86' lang='lat' dir='ltr'><strong>auctores</strong></span> <span class='ocrx_word' id='word_1_55' title='bbox 918 992 1033 1035; x_wconf 84' lang='lat' dir='ltr'><strong>non</strong></span> <span class='ocrx_word' id='word_1_56' title='bbox 1067 974 1381 1035; x_wconf 74' lang='lat' dir='ltr'><strong>uenerint.</strong></span> <span class='ocrx_word' id='word_1_57' title='bbox 1424 970 1811 1052; x_wconf 81' lang='lat' dir='ltr'><strong>posteriorem</strong></span> <span class='ocrx_word' id='word_1_58' title='bbox 1837 982 1973 1027; x_wconf 86' lang='lat' dir='ltr'><strong>vero</strong></span> 
     </span>
    </p>
   </div>
   <div class='ocr_carea' id='block_1_10' title="bbox 321 1055 1971 1145">
    <p class='ocr_par' dir='ltr' id='par_1_10' title="bbox 321 1055 1971 1145">
     <span class='ocr_line' id='line_1_10' title="bbox 321 1055 1971 1145; baseline -0.007 -20"><span class='ocrx_word' id='word_1_59' title='bbox 321 1066 643 1145; x_wconf 89' lang='lat' dir='ltr'><strong>scriptores</strong></span> <span class='ocrx_word' id='word_1_60' title='bbox 675 1063 773 1126; x_wconf 84' lang='lat' dir='ltr'><strong>alii</strong></span> <span class='ocrx_word' id='word_1_61' title='bbox 803 1062 960 1144; x_wconf 87' lang='lat' dir='ltr'><strong>quod</strong></span> <span class='ocrx_word' id='word_1_62' title='bbox 989 1080 1145 1137; x_wconf 89' lang='lat' dir='ltr'><strong>eam,</strong></span> <span class='ocrx_word' id='word_1_63' title='bbox 1179 1068 1387 1142; x_wconf 83' lang='lat' dir='ltr'><strong>utpote</strong></span> <span class='ocrx_word' id='word_1_64' title='bbox 1417 1077 1593 1141; x_wconf 78' lang='lat' dir='ltr'><strong>quam</strong></span> <span class='ocrx_word' id='word_1_65' title='bbox 1624 1056 1793 1138; x_wconf 85' lang='lat' dir='ltr'><strong>pauci</strong></span> <span class='ocrx_word' id='word_1_66' title='bbox 1825 1055 1971 1116; x_wconf 87' lang='lat' dir='ltr'><strong>dun-</strong></span> 
     </span>
    </p>
   </div>
   <div class='ocr_carea' id='block_1_11' title="bbox 324 1146 1965 1237">
    <p class='ocr_par' dir='ltr' id='par_1_11' title="bbox 324 1146 1965 1237">
     <span class='ocr_line' id='line_1_11' title="bbox 324 1146 1965 1237; baseline -0.006 -23"><span class='ocrx_word' id='word_1_67' title='bbox 324 1164 504 1237; x_wconf 86' lang='lat' dir='ltr'><strong>taxat,</strong></span> <span class='ocrx_word' id='word_1_68' title='bbox 538 1154 622 1216; x_wconf 89' lang='lat' dir='ltr'><strong>uti</strong></span> <span class='ocrx_word' id='word_1_69' title='bbox 656 1173 724 1216; x_wconf 85' lang='lat' dir='ltr'><strong>ex</strong></span> <span class='ocrx_word' id='word_1_70' title='bbox 776 1153 923 1235; x_wconf 86' lang='lat' dir='ltr'><strong>ipsis</strong></span> <span class='ocrx_word' id='word_1_71' title='bbox 971 1155 1239 1232; x_wconf 84' lang='lat' dir='ltr'><strong>proxime</strong></span> <span class='ocrx_word' id='word_1_72' title='bbox 1270 1151 1423 1212; x_wconf 89' lang='lat' dir='ltr'><strong>datis</strong></span> <span class='ocrx_word' id='word_1_73' title='bbox 1462 1148 1659 1211; x_wconf 83' lang='lat' dir='ltr'><strong>verbis</strong></span> <span class='ocrx_word' id='word_1_74' title='bbox 1709 1146 1965 1237; x_wconf 85' lang='lat' dir='ltr'><strong>videtur,</strong></span> 
     </span>
    </p>
   </div>
   <div class='ocr_carea' id='block_1_12' title="bbox 319 1236 1969 1325">
    <p class='ocr_par' dir='ltr' id='par_1_12' title="bbox 319 1236 1969 1325">
     <span class='ocr_line' id='line_1_12' title="bbox 319 1236 1969 1325; baseline -0.006 -21"><span class='ocrx_word' id='word_1_75' title='bbox 319 1236 719 1325; x_wconf 81' lang='lat' dir='ltr'><strong>spectassem,</strong></span> <span class='ocrx_word' id='word_1_76' title='bbox 773 1260 879 1324; x_wconf 88' lang='lat' dir='ltr'><strong>pro</strong></span> <span class='ocrx_word' id='word_1_77' title='bbox 930 1241 1129 1303; x_wconf 86' lang='lat' dir='ltr'><strong>minus</strong></span> <span class='ocrx_word' id='word_1_78' title='bbox 1183 1248 1345 1304; x_wconf 85' lang='lat' dir='ltr'><strong>certa</strong></span> <span class='ocrx_word' id='word_1_79' title='bbox 1389 1238 1701 1318; x_wconf 86' lang='lat' dir='ltr'><strong>baberent,</strong></span> <span class='ocrx_word' id='word_1_80' title='bbox 1724 1236 1969 1299; x_wconf 85' lang='lat' dir='ltr'><strong>silentio</strong></span> 
     </span>
    </p>
   </div>
   <div class='ocr_carea' id='block_1_13' title="bbox 323 1330 746 1412">
    <p class='ocr_par' dir='ltr' id='par_1_13' title="bbox 323 1330 746 1412">
     <span class='ocr_line' id='line_1_13' title="bbox 323 1330 746 1412; baseline 0.002 -19"><span class='ocrx_word' id='word_1_81' title='bbox 323 1330 746 1412; x_wconf 78' lang='lat' dir='ltr'><strong>praeterierint.</strong></span> 
     </span>
    </p>
   </div>
   <div class='ocr_carea' id='block_1_14' title="bbox 397 1454 1967 1541">
    <p class='ocr_par' dir='ltr' id='par_1_14' title="bbox 397 1454 1967 1541">
     <span class='ocr_line' id='line_1_14' title="bbox 397 1454 1967 1541; baseline -0.005 -18"><span class='ocrx_word' id='word_1_82' title='bbox 397 1462 499 1524; x_wconf 73' lang='lat'><strong>27.</strong></span> <span class='ocrx_word' id='word_1_83' title='bbox 530 1461 713 1525; x_wconf 89' lang='lat' dir='ltr'><strong>Porro</strong></span> <span class='ocrx_word' id='word_1_84' title='bbox 738 1472 1079 1526; x_wconf 88' lang='lat' dir='ltr'><strong>sanctorum</strong></span> <span class='ocrx_word' id='word_1_85' title='bbox 1104 1459 1365 1541; x_wconf 82' lang='lat' dir='ltr'><strong>Georgii,</strong></span> <span class='ocrx_word' id='word_1_86' title='bbox 1393 1455 1680 1521; x_wconf 83' lang='lat' dir='ltr'><strong>Demetrii</strong></span> <span class='ocrx_word' id='word_1_87' title='bbox 1715 1464 1773 1517; x_wconf 89' lang='lat' dir='ltr'><strong>et</strong></span> <span class='ocrx_word' id='word_1_88' title='bbox 1803 1454 1967 1518; x_wconf 81' lang='lat' dir='ltr'><strong>Mau-</strong></span> 
     </span>
    </p>
   </div>
   <div class='ocr_carea' id='block_1_15' title="bbox 319 1545 1968 1634">
    <p class='ocr_par' dir='ltr' id='par_1_15' title="bbox 319 1545 1968 1634">
     <span class='ocr_line' id='line_1_15' title="bbox 319 1545 1968 1634; baseline -0.005 -21"><span class='ocrx_word' id='word_1_89' title='bbox 319 1552 469 1627; x_wconf 89' lang='lat' dir='ltr'><strong>ritii,</strong></span> <span class='ocrx_word' id='word_1_90' title='bbox 500 1553 601 1634; x_wconf 87' lang='lat' dir='ltr'><strong>qui</strong></span> <span class='ocrx_word' id='word_1_91' title='bbox 631 1551 984 1616; x_wconf 84' lang='lat' dir='ltr'><strong>Christianis</strong></span> <span class='ocrx_word' id='word_1_92' title='bbox 1014 1569 1194 1613; x_wconf 87' lang='lat' dir='ltr'><strong>cruce</strong></span> <span class='ocrx_word' id='word_1_93' title='bbox 1223 1549 1469 1631; x_wconf 80' lang='lat' dir='ltr'><strong>signatis</strong></span> <span class='ocrx_word' id='word_1_94' title='bbox 1501 1545 1799 1628; x_wconf 85' lang='lat' dir='ltr'><strong>suppetias</strong></span> <span class='ocrx_word' id='word_1_95' title='bbox 1847 1546 1968 1606; x_wconf 75' lang='lat' dir='ltr'><strong>fer-</strong></span> 
     </span>
    </p>
   </div>
   <div class='ocr_carea' id='block_1_16' title="bbox 318 1634 1967 1723">
    <p class='ocr_par' dir='ltr' id='par_1_16' title="bbox 318 1634 1967 1723">
     <span class='ocr_line' id='line_1_16' title="bbox 318 1634 1967 1723; baseline -0.005 -20"><span class='ocrx_word' id='word_1_96' title='bbox 318 1642 768 1723; x_wconf 81' lang='lat' dir='ltr'><strong>rent,visionem</strong></span> <span class='ocrx_word' id='word_1_97' title='bbox 788 1640 1045 1703; x_wconf 87' lang='lat' dir='ltr'><strong>subinde</strong></span> <span class='ocrx_word' id='word_1_98' title='bbox 1068 1636 1736 1722; x_wconf 90' lang='lat' dir='ltr'><strong>ipsismetTurcis,dum</strong></span> <span class='ocrx_word' id='word_1_99' title='bbox 1763 1634 1967 1723; x_wconf 87' lang='lat' dir='ltr'><strong>urbem</strong></span> 
     </span>
    </p>
   </div>
   <div class='ocr_carea' id='block_1_17' title="bbox 320 1722 1968 1795">
    <p class='ocr_par' dir='ltr' id='par_1_17' title="bbox 320 1722 1968 1795">
     <span class='ocr_line' id='line_1_17' title="bbox 320 1722 1968 1795; baseline -0.007 0"><span class='ocrx_word' id='word_1_100' title='bbox 320 1722 758 1795; x_wconf 83' lang='lat' dir='ltr'><strong>Antiochenam</strong></span> <span class='ocrx_word' id='word_1_101' title='bbox 809 1749 967 1793; x_wconf 88' lang='lat' dir='ltr'><strong>anno</strong></span> <span class='ocrx_word' id='word_1_102' title='bbox 1024 1729 1181 1793; x_wconf 66' lang='lat'><strong>1098</strong></span> <span class='ocrx_word' id='word_1_103' title='bbox 1234 1725 1582 1791; x_wconf 80' lang='lat' dir='ltr'><strong>obsiderent</strong></span> <span class='ocrx_word' id='word_1_104' title='bbox 1628 1722 1968 1794; x_wconf 77' lang='lat' dir='ltr'><strong>Christiani,</strong></span> 
     </span>
    </p>
   </div>
   <div class='ocr_carea' id='block_1_18' title="bbox 321 1814 1968 1900">
    <p class='ocr_par' dir='ltr' id='par_1_18' title="bbox 321 1814 1968 1900">
     <span class='ocr_line' id='line_1_18' title="bbox 321 1814 1968 1900; baseline -0.006 -19"><span class='ocrx_word' id='word_1_105' title='bbox 321 1820 581 1883; x_wconf 81' lang='lat' dir='ltr'><strong>oblatam</strong></span> <span class='ocrx_word' id='word_1_106' title='bbox 611 1820 818 1900; x_wconf 75' lang='lat' dir='ltr'><strong>fuisse,</strong></span> <span class='ocrx_word' id='word_1_107' title='bbox 838 1819 1061 1881; x_wconf 85' lang='lat' dir='ltr'><strong>dixisse</strong></span> <span class='ocrx_word' id='word_1_108' title='bbox 1088 1819 1264 1880; x_wconf 78' lang='lat' dir='ltr'><strong>etiam</strong></span> <span class='ocrx_word' id='word_1_109' title='bbox 1298 1825 1570 1878; x_wconf 85' lang='lat' dir='ltr'><strong>narratur</strong></span> <span class='ocrx_word' id='word_1_110' title='bbox 1591 1814 1828 1894; x_wconf 83' lang='lat' dir='ltr'><strong>quidam</strong></span> <span class='ocrx_word' id='word_1_111' title='bbox 1863 1831 1968 1872; x_wconf 87' lang='lat' dir='ltr'><strong>eo-</strong></span> 
     </span>
    </p>
   </div>
   <div class='ocr_carea' id='block_1_19' title="bbox 318 1902 1963 1986">
    <p class='ocr_par' dir='ltr' id='par_1_19' title="bbox 318 1902 1963 1986">
     <span class='ocr_line' id='line_1_19' title="bbox 318 1902 1963 1986; baseline -0.006 -15"><span class='ocrx_word' id='word_1_112' title='bbox 318 1911 593 1972; x_wconf 86' lang='lat' dir='ltr'><strong>rumdem</strong></span> <span class='ocrx_word' id='word_1_113' title='bbox 618 1910 951 1971; x_wconf 87' lang='lat' dir='ltr'><strong>Turcorum</strong></span> <span class='ocrx_word' id='word_1_114' title='bbox 977 1907 1376 1982; x_wconf 86' lang='lat' dir='ltr'><strong>dux,nomine</strong></span> <span class='ocrx_word' id='word_1_115' title='bbox 1400 1902 1963 1986; x_wconf 71' lang='lat' dir='ltr'><strong>Pyrrhus.Hii-,dum</strong></span> 
     </span>
    </p>
   </div>
   <div class='ocr_carea' id='block_1_20' title="bbox 321 1990 1964 2080">
    <p class='ocr_par' dir='ltr' id='par_1_20' title="bbox 321 1990 1964 2080">
     <span class='ocr_line' id='line_1_20' title="bbox 321 1990 1964 2080; baseline -0.005 -21"><span class='ocrx_word' id='word_1_116' title='bbox 321 2007 594 2080; x_wconf 86' lang='lat' dir='ltr'><strong>tempore</strong></span> <span class='ocrx_word' id='word_1_117' title='bbox 616 1999 891 2060; x_wconf 83' lang='lat' dir='ltr'><strong>brevium</strong></span> <span class='ocrx_word' id='word_1_118' title='bbox 926 1997 1490 2077; x_wconf 67' lang='lat' dir='ltr'><strong>induciarum,quaa,</strong></span> <span class='ocrx_word' id='word_1_119' title='bbox 1521 1995 1774 2055; x_wconf 88' lang='lat' dir='ltr'><strong>durante</strong></span> <span class='ocrx_word' id='word_1_120' title='bbox 1807 1990 1964 2053; x_wconf 89' lang='lat' dir='ltr'><strong>obsi-</strong></span> 
     </span>
    </p>
   </div>
   <div class='ocr_carea' id='block_1_21' title="bbox 318 2080 1965 2169">
    <p class='ocr_par' dir='ltr' id='par_1_21' title="bbox 318 2080 1965 2169">
     <span class='ocr_line' id='line_1_21' title="bbox 318 2080 1965 2169; baseline -0.005 -20"><span class='ocrx_word' id='word_1_121' title='bbox 318 2082 525 2168; x_wconf 90' lang='lat' dir='ltr'><strong>dione,</strong></span> <span class='ocrx_word' id='word_1_122' title='bbox 559 2097 742 2169; x_wconf 86' lang='lat' dir='ltr'><strong>pactae</strong></span> <span class='ocrx_word' id='word_1_123' title='bbox 773 2095 962 2161; x_wconf 86' lang='lat' dir='ltr'><strong>erant,</strong></span> <span class='ocrx_word' id='word_1_124' title='bbox 990 2105 1123 2149; x_wconf 85' lang='lat' dir='ltr'><strong>cum</strong></span> <span class='ocrx_word' id='word_1_125' title='bbox 1159 2085 1431 2166; x_wconf 80' lang='lat' dir='ltr'><strong>principe</strong></span> <span class='ocrx_word' id='word_1_126' title='bbox 1460 2081 1781 2145; x_wconf 87' lang='lat' dir='ltr'><strong>Tarentino</strong></span> <span class='ocrx_word' id='word_1_127' title='bbox 1809 2080 1965 2142; x_wconf 88' lang='lat' dir='ltr'><strong>Boa-</strong></span> 
     </span>
    </p>
   </div>
   <div class='ocr_carea' id='block_1_22' title="bbox 314 2171 1967 2257">
    <p class='ocr_par' dir='ltr' id='par_1_22' title="bbox 314 2171 1967 2257">
     <span class='ocr_line' id='line_1_22' title="bbox 314 2171 1967 2257; baseline -0.004 -20"><span class='ocrx_word' id='word_1_128' title='bbox 314 2177 565 2255; x_wconf 88' lang='lat' dir='ltr'><strong>mundo,</strong></span> <span class='ocrx_word' id='word_1_129' title='bbox 590 2176 686 2238; x_wconf 91' lang='lat' dir='ltr'><strong>cui</strong></span> <span class='ocrx_word' id='word_1_130' title='bbox 719 2185 948 2257; x_wconf 87' lang='lat' dir='ltr'><strong>postea,</strong></span> <span class='ocrx_word' id='word_1_131' title='bbox 985 2174 1222 2237; x_wconf 84' lang='lat' dir='ltr'><strong>traditis</strong></span> <span class='ocrx_word' id='word_1_132' title='bbox 1246 2175 1324 2246; x_wconf 92' lang='lat' dir='ltr'><strong>ei,</strong></span> <span class='ocrx_word' id='word_1_133' title='bbox 1359 2192 1503 2254; x_wconf 92' lang='lat' dir='ltr'><strong>quas</strong></span> <span class='ocrx_word' id='word_1_134' title='bbox 1532 2171 1814 2233; x_wconf 69' lang='lat' dir='ltr'><strong>custodim</strong></span> <span class='ocrx_word' id='word_1_135' title='bbox 1845 2187 1967 2230; x_wconf 69' lang='lat' dir='ltr'><strong>suae</strong></span> 
     </span>
    </p>
   </div>
   <div class='ocr_carea' id='block_1_23' title="bbox 306 2259 1963 2343">
    <p class='ocr_par' dir='ltr' id='par_1_23' title="bbox 306 2259 1963 2343">
     <span class='ocr_line' id='line_1_23' title="bbox 306 2259 1963 2343; baseline -0.007 -14"><span class='ocrx_word' id='word_1_136' title='bbox 306 2266 762 2329; x_wconf 82' lang='lat' dir='ltr'><strong>commendatas</strong></span> <span class='ocrx_word' id='word_1_137' title='bbox 786 2264 1066 2339; x_wconf 87' lang='lat' dir='ltr'><strong>habebat,</strong></span> <span class='ocrx_word' id='word_1_138' title='bbox 1094 2261 1723 2343; x_wconf 87' lang='lat' dir='ltr'><strong>turribus,Antichiam</strong></span> <span class='ocrx_word' id='word_1_139' title='bbox 1761 2259 1963 2340; x_wconf 83' lang='lat' dir='ltr'><strong>prodi-</strong></span> 
     </span>
    </p>
   </div>
   <div class='ocr_carea' id='block_1_24' title="bbox 313 2351 1965 2435">
    <p class='ocr_par' dir='ltr' id='par_1_24' title="bbox 313 2351 1965 2435">
     <span class='ocr_line' id='line_1_24' title="bbox 313 2351 1965 2435; baseline -0.004 -19"><span class='ocrx_word' id='word_1_140' title='bbox 313 2356 425 2435; x_wconf 81' lang='lat' dir='ltr'><strong>dit,</strong></span> <span class='ocrx_word' id='word_1_141' title='bbox 454 2355 831 2419; x_wconf 71' lang='lat' dir='ltr'><strong>familiariter</strong></span> <span class='ocrx_word' id='word_1_142' title='bbox 881 2352 1137 2416; x_wconf 82' lang='lat' dir='ltr'><strong>subinde</strong></span> <span class='ocrx_word' id='word_1_143' title='bbox 1170 2353 1632 2433; x_wconf 83' lang='lat' dir='ltr'><strong>colloqueretur,</strong></span> <span class='ocrx_word' id='word_1_144' title='bbox 1668 2351 1820 2411; x_wconf 87' lang='lat' dir='ltr'><strong>inter</strong></span> <span class='ocrx_word' id='word_1_145' title='bbox 1859 2367 1965 2409; x_wconf 66' lang='lat' dir='ltr'><strong>cae-</strong></span> 
     </span>
    </p>
   </div>
   <div class='ocr_carea' id='block_1_25' title="bbox 313 2439 1967 2524">
    <p class='ocr_par' dir='ltr' id='par_1_25' title="bbox 313 2439 1967 2524">
     <span class='ocr_line' id='line_1_25' title="bbox 313 2439 1967 2524; baseline -0.005 -19"><span class='ocrx_word' id='word_1_146' title='bbox 313 2453 463 2519; x_wconf 76' lang='lat' dir='ltr'><strong>tera,</strong></span> <span class='ocrx_word' id='word_1_147' title='bbox 497 2442 1002 2524; x_wconf 87' lang='lat' dir='ltr'><strong>quemadmodum</strong></span> <span class='ocrx_word' id='word_1_148' title='bbox 1026 2461 1205 2523; x_wconf 87' lang='lat' dir='ltr'><strong>supra</strong></span> <span class='ocrx_word' id='word_1_149' title='bbox 1228 2442 1502 2504; x_wconf 79' lang='lat' dir='ltr'><strong>laudatus</strong></span> <span class='ocrx_word' id='word_1_150' title='bbox 1522 2439 1821 2501; x_wconf 82' lang='lat' dir='ltr'><strong>Robertns</strong></span> <span class='ocrx_word' id='word_1_151' title='bbox 1846 2457 1967 2498; x_wconf 88' lang='lat' dir='ltr'><strong>mo-</strong></span> 
     </span>
    </p>
   </div>
   <div class='ocr_carea' id='block_1_26' title="bbox 312 2528 1965 2612">
    <p class='ocr_par' dir='ltr' id='par_1_26' title="bbox 312 2528 1965 2612">
     <span class='ocr_line' id='line_1_26' title="bbox 312 2528 1965 2612; baseline -0.004 -17"><span class='ocrx_word' id='word_1_152' title='bbox 312 2532 541 2599; x_wconf 86' lang='lat' dir='ltr'><strong>nachus</strong></span> <span class='ocrx_word' id='word_1_153' title='bbox 561 2528 1965 2612; x_wconf 65' lang='lat' dir='ltr'><strong>HistoriaHierosolymitanaa,lih.v,memorite</strong></span> 
     </span>
    </p>
   </div>
   <div class='ocr_carea' id='block_1_27' title="bbox 314 2618 1961 2703">
    <p class='ocr_par' dir='ltr' id='par_1_27' title="bbox 314 2618 1961 2703">
     <span class='ocr_line' id='line_1_27' title="bbox 314 2618 1961 2703; baseline -0.004 -19"><span class='ocrx_word' id='word_1_154' title='bbox 314 2623 537 2700; x_wconf 77' lang='lat' dir='ltr'><strong>prodit,</strong></span> <span class='ocrx_word' id='word_1_155' title='bbox 573 2646 596 2679; x_wconf 71' lang='grc' dir='ltr'>ι</span> <span class='ocrx_word' id='word_1_156' title='bbox 633 2623 888 2702; x_wconf 82' lang='lat' dir='ltr'><strong>quodam</strong></span> <span class='ocrx_word' id='word_1_157' title='bbox 950 2622 1045 2684; x_wconf 90' lang='lat' dir='ltr'><strong>die</strong></span> <span class='ocrx_word' id='word_1_158' title='bbox 1102 2621 1414 2703; x_wconf 78' lang='lat' dir='ltr'><strong>requisivit</strong></span> <span class='ocrx_word' id='word_1_159' title='bbox 1468 2626 1539 2683; x_wconf 79' lang='lat' dir='ltr'><strong>ab</strong></span> <span class='ocrx_word' id='word_1_160' title='bbox 1598 2639 1691 2691; x_wconf 91' lang='lat' dir='ltr'><strong>eo,</strong></span> <span class='ocrx_word' id='word_1_161' title='bbox 1725 2618 1961 2679; x_wconf 81' lang='lat' dir='ltr'><strong>ubinam</strong></span> 
     </span>
    </p>
   </div>
   <div class='ocr_carea' id='block_1_28' title="bbox 311 2711 1964 2796">
    <p class='ocr_par' dir='ltr' id='par_1_28' title="bbox 311 2711 1964 2796">
     <span class='ocr_line' id='line_1_28' title="bbox 311 2711 1964 2796; baseline -0.004 -18"><span class='ocrx_word' id='word_1_162' title='bbox 311 2724 504 2778; x_wconf 80' lang='lat' dir='ltr'><strong>castra</strong></span> <span class='ocrx_word' id='word_1_163' title='bbox 537 2715 802 2796; x_wconf 85' lang='lat' dir='ltr'><strong>posuerit</strong></span> <span class='ocrx_word' id='word_1_164' title='bbox 832 2715 932 2778; x_wconf 83' lang='lat' dir='ltr'><strong>ille.</strong></span> <span class='ocrx_word' id='word_1_165' title='bbox 958 2716 1417 2778; x_wconf 81' lang='lat' dir='ltr'><strong>candidatorum</strong></span> <span class='ocrx_word' id='word_1_166' title='bbox 1452 2712 1749 2776; x_wconf 81' lang='lat' dir='ltr'><strong>exercitus</strong></span> <span class='ocrx_word' id='word_1_167' title='bbox 1783 2711 1964 2772; x_wconf 90' lang='lat' dir='ltr'><strong>innu-</strong></span> 
     </span>
    </p>
   </div>
   <div class='ocr_carea' id='block_1_29' title="bbox 313 2800 1961 2887">
    <p class='ocr_par' dir='ltr' id='par_1_29' title="bbox 313 2800 1961 2887">
     <span class='ocr_line' id='line_1_29' title="bbox 313 2800 1961 2887; baseline -0.004 -21"><span class='ocrx_word' id='word_1_168' title='bbox 313 2804 649 2887; x_wconf 84' lang='lat' dir='ltr'><strong>merabilis,</strong></span> <span class='ocrx_word' id='word_1_169' title='bbox 682 2824 933 2886; x_wconf 84' lang='lat' dir='ltr'><strong>quorum</strong></span> <span class='ocrx_word' id='word_1_170' title='bbox 965 2805 1183 2867; x_wconf 84' lang='lat' dir='ltr'><strong>auxilio</strong></span> <span class='ocrx_word' id='word_1_171' title='bbox 1215 2802 1275 2866; x_wconf 89' lang='lat' dir='ltr'><strong>in</strong></span> <span class='ocrx_word' id='word_1_172' title='bbox 1327 2804 1606 2866; x_wconf 89' lang='lat' dir='ltr'><strong>omnibus</strong></span> <span class='ocrx_word' id='word_1_173' title='bbox 1641 2801 1816 2863; x_wconf 88' lang='lat' dir='ltr'><strong>bellis</strong></span> <span class='ocrx_word' id='word_1_174' title='bbox 1845 2800 1961 2861; x_wconf 82' lang='lat' dir='ltr'><strong>ful-</strong></span> 
     </span>
    </p>
   </div>
   <div class='ocr_carea' id='block_1_30' title="bbox 309 2891 1959 2975">
    <p class='ocr_par' dir='ltr' id='par_1_30' title="bbox 309 2891 1959 2975">
     <span class='ocr_line' id='line_1_30' title="bbox 309 2891 1959 2975; baseline -0.005 -19"><span class='ocrx_word' id='word_1_175' title='bbox 309 2895 624 2957; x_wconf 81' lang='lat' dir='ltr'><strong>ciebantur</strong></span> <span class='ocrx_word' id='word_1_176' title='bbox 643 2894 1243 2964; x_wconf 81' lang='lat' dir='ltr'><strong>Christiani.Dicebat</strong></span> <span class='ocrx_word' id='word_1_177' title='bbox 1265 2894 1448 2964; x_wconf 89' lang='lat' dir='ltr'><strong>enim,</strong></span> <span class='ocrx_word' id='word_1_178' title='bbox 1476 2891 1617 2975; x_wconf 83' lang='lat' dir='ltr'><strong>quia</strong></span> <span class='ocrx_word' id='word_1_179' title='bbox 1642 2892 1959 2953; x_wconf 82' lang='lat' dir='ltr'><strong>adventum</strong></span> 
     </span>
    </p>
   </div>
   <div class='ocr_carea' id='block_1_31' title="bbox 314 2979 1962 3064">
    <p class='ocr_par' dir='ltr' id='par_1_31' title="bbox 314 2979 1962 3064">
     <span class='ocr_line' id='line_1_31' title="bbox 314 2979 1962 3064; baseline -0.003 -20"><span class='ocrx_word' id='word_1_180' title='bbox 314 2983 551 3047; x_wconf 87' lang='lat' dir='ltr'><strong>illorum</strong></span> <span class='ocrx_word' id='word_1_181' title='bbox 610 3002 911 3064; x_wconf 86' lang='lat' dir='ltr'><strong>nunquam</strong></span> <span class='ocrx_word' id='word_1_182' title='bbox 956 2992 1227 3063; x_wconf 87' lang='lat' dir='ltr'><strong>poterant</strong></span> <span class='ocrx_word' id='word_1_183' title='bbox 1269 2982 1569 3045; x_wconf 88' lang='lat' dir='ltr'><strong>sustinere</strong></span> <span class='ocrx_word' id='word_1_184' title='bbox 1617 2979 1819 3054; x_wconf 89' lang='lat' dir='ltr'><strong>Turci,</strong></span> <span class='ocrx_word' id='word_1_185' title='bbox 1857 2979 1962 3040; x_wconf 87' lang='lat' dir='ltr'><strong>sed</strong></span> 
     </span>
    </p>
   </div>
   <div class='ocr_carea' id='block_1_32' title="bbox 2060 599 3700 680">
    <p class='ocr_par' dir='ltr' id='par_1_32' title="bbox 2060 599 3700 680">
     <span class='ocr_line' id='line_1_32' title="bbox 2060 599 3700 680; baseline 0 -18"><span class='ocrx_word' id='word_1_186' title='bbox 2060 603 2158 664; x_wconf 92' lang='lat' dir='ltr'><strong>die</strong></span> <span class='ocrx_word' id='word_1_187' title='bbox 2174 603 2461 676; x_wconf 88' lang='lat' dir='ltr'><strong>altera,an</strong></span> <span class='ocrx_word' id='word_1_188' title='bbox 2483 602 2540 661; x_wconf 87' lang='lat' dir='ltr'><strong>in</strong></span> <span class='ocrx_word' id='word_1_189' title='bbox 2570 608 2689 661; x_wconf 85' lang='lat' dir='ltr'><strong>tota</strong></span> <span class='ocrx_word' id='word_1_190' title='bbox 2708 600 2950 679; x_wconf 83' lang='lat' dir='ltr'><strong>regione</strong></span> <span class='ocrx_word' id='word_1_191' title='bbox 2978 600 3086 661; x_wconf 90' lang='lat' dir='ltr'><strong>hac</strong></span> <span class='ocrx_word' id='word_1_192' title='bbox 3118 599 3322 660; x_wconf 81' lang='lat' dir='ltr'><strong>eorum</strong></span> <span class='ocrx_word' id='word_1_193' title='bbox 3344 608 3538 661; x_wconf 89' lang='lat' dir='ltr'><strong>castra</strong></span> <span class='ocrx_word' id='word_1_194' title='bbox 3569 619 3700 680; x_wconf 86' lang='lat' dir='ltr'><strong>pos-</strong></span> 
     </span>
    </p>
   </div>
   <div class='ocr_carea' id='block_1_33' title="bbox 2060 688 3699 771">
    <p class='ocr_par' dir='ltr' id='par_1_33' title="bbox 2060 688 3699 771">
     <span class='ocr_line' id='line_1_33' title="bbox 2060 688 3699 771; baseline -0.001 -19"><span class='ocrx_word' id='word_1_195' title='bbox 2060 689 2178 753; x_wconf 89' lang='lat' dir='ltr'><strong>sint</strong></span> <span class='ocrx_word' id='word_1_196' title='bbox 2224 691 2509 764; x_wconf 78' lang='lat' dir='ltr'><strong>inveniri,</strong></span> <span class='ocrx_word' id='word_1_197' title='bbox 2544 690 2699 771; x_wconf 82' lang='lat' dir='ltr'><strong>quod</strong></span> <span class='ocrx_word' id='word_1_198' title='bbox 2761 691 2811 750; x_wconf 88' lang='lat' dir='ltr'><strong>si</strong></span> <span class='ocrx_word' id='word_1_199' title='bbox 2850 688 3250 763; x_wconf 83' lang='lat' dir='ltr'><strong>inveniantur,</strong></span> <span class='ocrx_word' id='word_1_200' title='bbox 3283 688 3585 767; x_wconf 85' lang='lat' dir='ltr'><strong>redarguti</strong></span> <span class='ocrx_word' id='word_1_201' title='bbox 3637 689 3699 750; x_wconf 89' lang='lat' dir='ltr'><strong>in</strong></span> 
     </span>
    </p>
   </div>
   <div class='ocr_carea' id='block_1_34' title="bbox 2060 778 3701 862">
    <p class='ocr_par' dir='ltr' id='par_1_34' title="bbox 2060 778 3701 862">
     <span class='ocr_line' id='line_1_34' title="bbox 2060 778 3701 862; baseline -0.001 -20"><span class='ocrx_word' id='word_1_202' title='bbox 2060 789 2384 862; x_wconf 90' lang='lat' dir='ltr'><strong>conspectu</strong></span> <span class='ocrx_word' id='word_1_203' title='bbox 2420 791 2520 841; x_wconf 91' lang='lat' dir='ltr'><strong>tuo</strong></span> <span class='ocrx_word' id='word_1_204' title='bbox 2550 798 2582 840; x_wconf 90' lang='lat' dir='ltr'><strong>a</strong></span> <span class='ocrx_word' id='word_1_205' title='bbox 2616 778 3423 857; x_wconf 88' lang='lat' dir='ltr'><strong>mendacio,erubescemus.</strong></span> <span class='ocrx_word' id='word_1_206' title='bbox 3460 778 3532 840; x_wconf 86' lang='lat' dir='ltr'><strong>Et</strong></span> <span class='ocrx_word' id='word_1_207' title='bbox 3563 797 3701 841; x_wconf 84' lang='lat' dir='ltr'><strong>cum</strong></span> 
     </span>
    </p>
   </div>
   <div class='ocr_carea' id='block_1_35' title="bbox 2058 865 3705 950">
    <p class='ocr_par' dir='ltr' id='par_1_35' title="bbox 2058 865 3705 950">
     <span class='ocr_line' id='line_1_35' title="bbox 2058 865 3705 950; baseline -0.002 -20"><span class='ocrx_word' id='word_1_208' title='bbox 2058 870 2118 931; x_wconf 92' lang='lat' dir='ltr'><strong>in</strong></span> <span class='ocrx_word' id='word_1_209' title='bbox 2152 880 2274 933; x_wconf 87' lang='lat' dir='ltr'><strong>tota</strong></span> <span class='ocrx_word' id='word_1_210' title='bbox 2304 870 2548 949; x_wconf 76' lang='lat' dir='ltr'><strong>regione</strong></span> <span class='ocrx_word' id='word_1_211' title='bbox 2580 868 2918 950; x_wconf 87' lang='lat' dir='ltr'><strong>nequiveris</strong></span> <span class='ocrx_word' id='word_1_212' title='bbox 2950 868 3085 929; x_wconf 89' lang='lat' dir='ltr'><strong>illos</strong></span> <span class='ocrx_word' id='word_1_213' title='bbox 3121 867 3412 942; x_wconf 89' lang='lat' dir='ltr'><strong>invenire,</strong></span> <span class='ocrx_word' id='word_1_214' title='bbox 3449 867 3499 928; x_wconf 88' lang='lat' dir='ltr'><strong>si</strong></span> <span class='ocrx_word' id='word_1_215' title='bbox 3530 865 3705 928; x_wconf 90' lang='lat' dir='ltr'><strong>nobis</strong></span> 
     </span>
    </p>
   </div>
   <div class='ocr_carea' id='block_1_36' title="bbox 2057 952 3707 1031">
    <p class='ocr_par' dir='ltr' id='par_1_36' title="bbox 2057 952 3707 1031">
     <span class='ocr_line' id='line_1_36' title="bbox 2057 952 3707 1031; baseline -0.002 -10"><span class='ocrx_word' id='word_1_216' title='bbox 2057 977 2310 1021; x_wconf 88' lang='lat' dir='ltr'><strong>necesse</strong></span> <span class='ocrx_word' id='word_1_217' title='bbox 2342 959 2476 1031; x_wconf 89' lang='lat' dir='ltr'><strong>erit,</strong></span> <span class='ocrx_word' id='word_1_218' title='bbox 2515 960 2573 1019; x_wconf 91' lang='lat' dir='ltr'><strong>in</strong></span> <span class='ocrx_word' id='word_1_219' title='bbox 2626 958 2948 1020; x_wconf 88' lang='lat' dir='ltr'><strong>crastinum</strong></span> <span class='ocrx_word' id='word_1_220' title='bbox 2982 954 3212 1018; x_wconf 82' lang='lat' dir='ltr'><strong>videbis</strong></span> <span class='ocrx_word' id='word_1_221' title='bbox 3268 956 3497 1019; x_wconf 87' lang='lat' dir='ltr'><strong>adesse.</strong></span> <span class='ocrx_word' id='word_1_222' title='bbox 3531 952 3707 1018; x_wconf 86' lang='lat' dir='ltr'><strong>Unde</strong></span> 
     </span>
    </p>
   </div>
   <div class='ocr_carea' id='block_1_37' title="bbox 2056 1044 3703 1127">
    <p class='ocr_par' dir='ltr' id='par_1_37' title="bbox 2056 1044 3703 1127">
     <span class='ocr_line' id='line_1_37' title="bbox 2056 1044 3703 1127; baseline -0.002 -19"><span class='ocrx_word' id='word_1_223' title='bbox 2056 1048 2237 1127; x_wconf 82' lang='lat' dir='ltr'><strong>igitur</strong></span> <span class='ocrx_word' id='word_1_224' title='bbox 2259 1058 2374 1110; x_wconf 79' lang='lat' dir='ltr'><strong>tam</strong></span> <span class='ocrx_word' id='word_1_225' title='bbox 2403 1050 2519 1110; x_wconf 89' lang='lat' dir='ltr'><strong>cito</strong></span> <span class='ocrx_word' id='word_1_226' title='bbox 2544 1047 2815 1126; x_wconf 88' lang='lat' dir='ltr'><strong>veniunt,</strong></span> <span class='ocrx_word' id='word_1_227' title='bbox 2839 1045 2955 1108; x_wconf 90' lang='lat' dir='ltr'><strong>nisi</strong></span> <span class='ocrx_word' id='word_1_228' title='bbox 2974 1066 3004 1106; x_wconf 90' lang='lat' dir='ltr'><strong>a</strong></span> <span class='ocrx_word' id='word_1_229' title='bbox 3040 1045 3319 1126; x_wconf 90' lang='lat' dir='ltr'><strong>supernis</strong></span> <span class='ocrx_word' id='word_1_230' title='bbox 3348 1045 3613 1121; x_wconf 89' lang='lat' dir='ltr'><strong>sedibus,</strong></span> <span class='ocrx_word' id='word_1_231' title='bbox 3643 1044 3703 1106; x_wconf 88' lang='lat' dir='ltr'><strong>in</strong></span> 
     </span>
    </p>
   </div>
   <div class='ocr_carea' id='block_1_38' title="bbox 2054 1133 3701 1218">
    <p class='ocr_par' dir='ltr' id='par_1_38' title="bbox 2054 1133 3701 1218">
     <span class='ocr_line' id='line_1_38' title="bbox 2054 1133 3701 1218; baseline -0.001 -21"><span class='ocrx_word' id='word_1_232' title='bbox 2054 1137 2274 1218; x_wconf 89' lang='lat' dir='ltr'><strong>quibus</strong></span> <span class='ocrx_word' id='word_1_233' title='bbox 2304 1136 2641 1200; x_wconf 80' lang='lat' dir='ltr'><strong>morantur?</strong></span> <span class='ocrx_word' id='word_1_234' title='bbox 2663 1136 2765 1198; x_wconf 88' lang='lat' dir='ltr'><strong>Cui</strong></span> <span class='ocrx_word' id='word_1_235' title='bbox 2784 1135 3098 1216; x_wconf 87' lang='lat' dir='ltr'><strong>respondit</strong></span> <span class='ocrx_word' id='word_1_236' title='bbox 3120 1133 3380 1215; x_wconf 80' lang='lat' dir='ltr'><strong>Pyrrhus</strong></span> <span class='ocrx_word' id='word_1_237' title='bbox 3404 1134 3517 1215; x_wconf 85' lang='lat' dir='ltr'><strong>(sic</strong></span> <span class='ocrx_word' id='word_1_238' title='bbox 3539 1134 3701 1196; x_wconf 88' lang='lat' dir='ltr'><strong>enim</strong></span> 
     </span>
    </p>
   </div>
   <div class='ocr_carea' id='block_1_39' title="bbox 2055 1218 3701 1306">
    <p class='ocr_par' dir='ltr' id='par_1_39' title="bbox 2055 1218 3701 1306">
     <span class='ocr_line' id='line_1_39' title="bbox 2055 1218 3701 1306; baseline -0.002 -18"><span class='ocrx_word' id='word_1_239' title='bbox 2055 1236 2186 1289; x_wconf 87' lang='lat' dir='ltr'><strong>erat</strong></span> <span class='ocrx_word' id='word_1_240' title='bbox 2203 1245 2424 1289; x_wconf 89' lang='lat' dir='ltr'><strong>nomen</strong></span> <span class='ocrx_word' id='word_1_241' title='bbox 2449 1226 2630 1306; x_wconf 86' lang='lat' dir='ltr'><strong>ejus):</strong></span> <span class='ocrx_word' id='word_1_242' title='bbox 2655 1224 2727 1286; x_wconf 86' lang='lat' dir='ltr'><strong>Et</strong></span> <span class='ocrx_word' id='word_1_243' title='bbox 2750 1224 2803 1286; x_wconf 91' lang='lat' dir='ltr'><strong>si</strong></span> <span class='ocrx_word' id='word_1_244' title='bbox 2825 1224 2900 1287; x_wconf 89' lang='lat' dir='ltr'><strong>de</strong></span> <span class='ocrx_word' id='word_1_245' title='bbox 2923 1225 3073 1286; x_wconf 75' lang='lat' dir='ltr'><strong>ccelo</strong></span> <span class='ocrx_word' id='word_1_246' title='bbox 3100 1218 3474 1301; x_wconf 48' lang='lat' dir='ltr'><strong>veniunt&#39;,ubi</strong></span> <span class='ocrx_word' id='word_1_247' title='bbox 3498 1233 3582 1286; x_wconf 92' lang='lat' dir='ltr'><strong>tot</strong></span> <span class='ocrx_word' id='word_1_248' title='bbox 3610 1223 3701 1284; x_wconf 84' lang='lat' dir='ltr'><strong>al-</strong></span> 
     </span>
    </p>
   </div>
   <div class='ocr_carea' id='block_1_40' title="bbox 2056 1311 3702 1395">
    <p class='ocr_par' dir='ltr' id='par_1_40' title="bbox 2056 1311 3702 1395">
     <span class='ocr_line' id='line_1_40' title="bbox 2056 1311 3702 1395; baseline -0.002 -19"><span class='ocrx_word' id='word_1_249' title='bbox 2056 1314 2165 1376; x_wconf 92' lang='lat' dir='ltr'><strong>bos</strong></span> <span class='ocrx_word' id='word_1_250' title='bbox 2186 1324 2488 1395; x_wconf 85' lang='lat' dir='ltr'><strong>equos,tot</strong></span> <span class='ocrx_word' id='word_1_251' title='bbox 2515 1322 2801 1388; x_wconf 87' lang='lat' dir='ltr'><strong>scuta,tot</strong></span> <span class='ocrx_word' id='word_1_252' title='bbox 2826 1313 3040 1375; x_wconf 82' lang='lat' dir='ltr'><strong>vexilla</strong></span> <span class='ocrx_word' id='word_1_253' title='bbox 3073 1313 3402 1375; x_wconf 78' lang='lat' dir='ltr'><strong>invenient?</strong></span> <span class='ocrx_word' id='word_1_254' title='bbox 3429 1311 3534 1376; x_wconf 90' lang='lat' dir='ltr'><strong>Cui</strong></span> <span class='ocrx_word' id='word_1_255' title='bbox 3554 1311 3702 1374; x_wconf 90' lang='lat' dir='ltr'><strong>Boa-</strong></span> 
     </span>
    </p>
   </div>
   <div class='ocr_carea' id='block_1_41' title="bbox 2055 1402 3700 1483">
    <p class='ocr_par' dir='ltr' id='par_1_41' title="bbox 2055 1402 3700 1483">
     <span class='ocr_line' id='line_1_41' title="bbox 2055 1402 3700 1483; baseline -0.002 -18"><span class='ocrx_word' id='word_1_256' title='bbox 2055 1404 2316 1465; x_wconf 87' lang='lat' dir='ltr'><strong>mundus</strong></span> <span class='ocrx_word' id='word_1_257' title='bbox 2350 1425 2363 1467; x_wconf 86' lang='lat'><strong>:</strong></span> <span class='ocrx_word' id='word_1_258' title='bbox 2399 1402 2489 1465; x_wconf 88' lang='lat' dir='ltr'><strong>Tu</strong></span> <span class='ocrx_word' id='word_1_259' title='bbox 2536 1422 2746 1483; x_wconf 85' lang='lat' dir='ltr'><strong>magna</strong></span> <span class='ocrx_word' id='word_1_260' title='bbox 2777 1408 2841 1465; x_wconf 89' lang='lat' dir='ltr'><strong>et</strong></span> <span class='ocrx_word' id='word_1_261' title='bbox 2869 1420 3052 1483; x_wconf 88' lang='lat' dir='ltr'><strong>super</strong></span> <span class='ocrx_word' id='word_1_262' title='bbox 3092 1420 3334 1467; x_wconf 87' lang='lat' dir='ltr'><strong>sensum</strong></span> <span class='ocrx_word' id='word_1_263' title='bbox 3369 1420 3564 1463; x_wconf 91' lang='lat' dir='ltr'><strong>meum</strong></span> <span class='ocrx_word' id='word_1_264' title='bbox 3611 1419 3700 1462; x_wconf 90' lang='lat' dir='ltr'><strong>re-</strong></span> 
     </span>
    </p>
   </div>
   <div class='ocr_carea' id='block_1_42' title="bbox 2053 1489 3700 1573">
    <p class='ocr_par' dir='ltr' id='par_1_42' title="bbox 2053 1489 3700 1573">
     <span class='ocr_line' id='line_1_42' title="bbox 2053 1489 3700 1573; baseline -0.003 -19"><span class='ocrx_word' id='word_1_265' title='bbox 2053 1492 2268 1573; x_wconf 82' lang='lat' dir='ltr'><strong>quiris;</strong></span> <span class='ocrx_word' id='word_1_266' title='bbox 2293 1502 2633 1573; x_wconf 86' lang='lat' dir='ltr'><strong>propterea,</strong></span> <span class='ocrx_word' id='word_1_267' title='bbox 2653 1489 2704 1552; x_wconf 89' lang='lat' dir='ltr'><strong>si</strong></span> <span class='ocrx_word' id='word_1_268' title='bbox 2733 1489 2843 1564; x_wconf 87' lang='lat' dir='ltr'><strong>vis,</strong></span> <span class='ocrx_word' id='word_1_269' title='bbox 2868 1489 3114 1552; x_wconf 85' lang='lat' dir='ltr'><strong>accedat</strong></span> <span class='ocrx_word' id='word_1_270' title='bbox 3133 1507 3303 1552; x_wconf 89' lang='lat' dir='ltr'><strong>meus</strong></span> <span class='ocrx_word' id='word_1_271' title='bbox 3333 1489 3700 1569; x_wconf 81' lang='lat' dir='ltr'><strong>capellanus,</strong></span> 
     </span>
    </p>
   </div>
   <div class='ocr_carea' id='block_1_43' title="bbox 2054 1579 3699 1663">
    <p class='ocr_par' dir='ltr' id='par_1_43' title="bbox 2054 1579 3699 1663">
     <span class='ocr_line' id='line_1_43' title="bbox 2054 1579 3699 1663; baseline -0.001 -19"><span class='ocrx_word' id='word_1_272' title='bbox 2054 1585 2154 1663; x_wconf 90' lang='lat' dir='ltr'><strong>qui</strong></span> <span class='ocrx_word' id='word_1_273' title='bbox 2176 1582 2281 1643; x_wconf 87' lang='lat' dir='ltr'><strong>tibi</strong></span> <span class='ocrx_word' id='word_1_274' title='bbox 2309 1601 2491 1663; x_wconf 88' lang='lat' dir='ltr'><strong>super</strong></span> <span class='ocrx_word' id='word_1_275' title='bbox 2521 1582 2614 1644; x_wconf 90' lang='lat' dir='ltr'><strong>his</strong></span> <span class='ocrx_word' id='word_1_276' title='bbox 2632 1579 3048 1661; x_wconf 72' lang='lat' dir='ltr'><strong>reapondebit.</strong></span> <span class='ocrx_word' id='word_1_277' title='bbox 3073 1579 3165 1642; x_wconf 88' lang='lat' dir='ltr'><strong>Ad</strong></span> <span class='ocrx_word' id='word_1_278' title='bbox 3190 1581 3314 1641; x_wconf 77' lang='lat' dir='ltr'><strong>haec</strong></span> <span class='ocrx_word' id='word_1_279' title='bbox 3334 1579 3699 1660; x_wconf 78' lang='lat' dir='ltr'><strong>capellanus:</strong></span> 
     </span>
    </p>
   </div>
   <div class='ocr_carea' id='block_1_44' title="bbox 2055 1668 3703 1751">
    <p class='ocr_par' dir='ltr' id='par_1_44' title="bbox 2055 1668 3703 1751">
     <span class='ocr_line' id='line_1_44' title="bbox 2055 1668 3703 1751; baseline -0.003 -16"><span class='ocrx_word' id='word_1_280' title='bbox 2055 1675 2201 1736; x_wconf 85' lang='lat' dir='ltr'><strong>Cum</strong></span> <span class='ocrx_word' id='word_1_281' title='bbox 2233 1671 2617 1749; x_wconf 85' lang='lat' dir='ltr'><strong>omnipotens</strong></span> <span class='ocrx_word' id='word_1_282' title='bbox 2660 1668 2904 1732; x_wconf 87' lang='lat' dir='ltr'><strong>Creator</strong></span> <span class='ocrx_word' id='word_1_283' title='bbox 2925 1669 3167 1747; x_wconf 82' lang='lat' dir='ltr'><strong>angelos</strong></span> <span class='ocrx_word' id='word_1_284' title='bbox 3196 1687 3334 1731; x_wconf 91' lang='lat' dir='ltr'><strong>suos</strong></span> <span class='ocrx_word' id='word_1_285' title='bbox 3359 1669 3482 1730; x_wconf 88' lang='lat' dir='ltr'><strong>sive</strong></span> <span class='ocrx_word' id='word_1_286' title='bbox 3502 1668 3703 1751; x_wconf 86' lang='lat' dir='ltr'><strong>justo-</strong></span> 
     </span>
    </p>
   </div>
   <div class='ocr_carea' id='block_1_45' title="bbox 2054 1757 3704 1840">
    <p class='ocr_par' dir='ltr' id='par_1_45' title="bbox 2054 1757 3704 1840">
     <span class='ocr_line' id='line_1_45' title="bbox 2054 1757 3704 1840; baseline -0.002 -18"><span class='ocrx_word' id='word_1_287' title='bbox 2054 1780 2185 1822; x_wconf 89' lang='lat' dir='ltr'><strong>rum</strong></span> <span class='ocrx_word' id='word_1_288' title='bbox 2216 1760 2461 1840; x_wconf 85' lang='lat' dir='ltr'><strong>spiritus</strong></span> <span class='ocrx_word' id='word_1_289' title='bbox 2485 1764 2721 1821; x_wconf 83' lang='lat' dir='ltr'><strong>mittere</strong></span> <span class='ocrx_word' id='word_1_290' title='bbox 2744 1757 3005 1837; x_wconf 91' lang='lat' dir='ltr'><strong>dispouit</strong></span> <span class='ocrx_word' id='word_1_291' title='bbox 3030 1759 3089 1819; x_wconf 89' lang='lat' dir='ltr'><strong>in</strong></span> <span class='ocrx_word' id='word_1_292' title='bbox 3116 1767 3356 1831; x_wconf 90' lang='lat' dir='ltr'><strong>terram,</strong></span> <span class='ocrx_word' id='word_1_293' title='bbox 3379 1767 3515 1819; x_wconf 91' lang='lat' dir='ltr'><strong>tunc</strong></span> <span class='ocrx_word' id='word_1_294' title='bbox 3542 1775 3704 1819; x_wconf 87' lang='lat' dir='ltr'><strong>assu-</strong></span> 
     </span>
    </p>
   </div>
   <div class='ocr_carea' id='block_1_46' title="bbox 1995 1843 3701 1931">
    <p class='ocr_par' dir='ltr' id='par_1_46' title="bbox 1995 1843 3701 1931">
     <span class='ocr_line' id='line_1_46' title="bbox 1995 1843 3701 1931; baseline -0.002 -21"><span class='ocrx_word' id='word_1_295' title='bbox 1995 1843 2033 1892; x_wconf 80' lang='grc' dir='ltr'><strong>Β</strong></span> <span class='ocrx_word' id='word_1_296' title='bbox 2058 1857 2225 1910; x_wconf 90' lang='lat' dir='ltr'><strong>munt</strong></span> <span class='ocrx_word' id='word_1_297' title='bbox 2254 1849 2368 1909; x_wconf 90' lang='lat' dir='ltr'><strong>sibi</strong></span> <span class='ocrx_word' id='word_1_298' title='bbox 2398 1867 2572 1931; x_wconf 79' lang='lat' dir='ltr'><strong>aerea</strong></span> <span class='ocrx_word' id='word_1_299' title='bbox 2621 1865 2892 1928; x_wconf 89' lang='lat' dir='ltr'><strong>corpora,</strong></span> <span class='ocrx_word' id='word_1_300' title='bbox 2928 1858 2991 1907; x_wconf 90' lang='lat' dir='ltr'><strong>ut</strong></span> <span class='ocrx_word' id='word_1_301' title='bbox 3043 1866 3148 1927; x_wconf 90' lang='lat' dir='ltr'><strong>per</strong></span> <span class='ocrx_word' id='word_1_302' title='bbox 3172 1866 3242 1909; x_wconf 88' lang='lat' dir='ltr'><strong>ea</strong></span> <span class='ocrx_word' id='word_1_303' title='bbox 3273 1845 3445 1908; x_wconf 89' lang='lat' dir='ltr'><strong>nobis</strong></span> <span class='ocrx_word' id='word_1_304' title='bbox 3466 1846 3701 1908; x_wconf 90' lang='lat' dir='ltr'><strong>innote-</strong></span> 
     </span>
    </p>
   </div>
   <div class='ocr_carea' id='block_1_47' title="bbox 2049 1935 3700 2017">
    <p class='ocr_par' dir='ltr' id='par_1_47' title="bbox 2049 1935 3700 2017">
     <span class='ocr_line' id='line_1_47' title="bbox 2049 1935 3700 2017; baseline -0.002 -17"><span class='ocrx_word' id='word_1_305' title='bbox 2049 1946 2239 2002; x_wconf 89' lang='lat' dir='ltr'><strong>scant.</strong></span> <span class='ocrx_word' id='word_1_306' title='bbox 2268 1938 2412 2000; x_wconf 81' lang='lat' dir='ltr'><strong>Ideo</strong></span> <span class='ocrx_word' id='word_1_307' title='bbox 2442 1946 2642 2000; x_wconf 85' lang='lat' dir='ltr'><strong>autem</strong></span> <span class='ocrx_word' id='word_1_308' title='bbox 2675 1955 2835 1999; x_wconf 89' lang='lat' dir='ltr'><strong>nunc</strong></span> <span class='ocrx_word' id='word_1_309' title='bbox 2864 1940 3078 2000; x_wconf 81' lang='lat' dir='ltr'><strong>armati</strong></span> <span class='ocrx_word' id='word_1_310' title='bbox 3102 1943 3409 2017; x_wconf 79' lang='lat' dir='ltr'><strong>apparent,</strong></span> <span class='ocrx_word' id='word_1_311' title='bbox 3443 1943 3508 1998; x_wconf 92' lang='lat' dir='ltr'><strong>ut</strong></span> <span class='ocrx_word' id='word_1_312' title='bbox 3537 1935 3700 1998; x_wconf 86' lang='lat' dir='ltr'><strong>indi-</strong></span> 
     </span>
    </p>
   </div>
   <div class='ocr_carea' id='block_1_48' title="bbox 2049 2025 3701 2108">
    <p class='ocr_par' dir='ltr' id='par_1_48' title="bbox 2049 2025 3701 2108">
     <span class='ocr_line' id='line_1_48' title="bbox 2049 2025 3701 2108; baseline -0.001 -19"><span class='ocrx_word' id='word_1_313' title='bbox 2049 2036 2210 2108; x_wconf 88' lang='lat' dir='ltr'><strong>cent,</strong></span> <span class='ocrx_word' id='word_1_314' title='bbox 2241 2029 2397 2108; x_wconf 91' lang='lat' dir='ltr'><strong>quod</strong></span> <span class='ocrx_word' id='word_1_315' title='bbox 2445 2027 2507 2088; x_wconf 90' lang='lat' dir='ltr'><strong>in</strong></span> <span class='ocrx_word' id='word_1_316' title='bbox 2541 2026 2702 2089; x_wconf 89' lang='lat' dir='ltr'><strong>bello</strong></span> <span class='ocrx_word' id='word_1_317' title='bbox 2754 2025 3118 2089; x_wconf 86' lang='lat' dir='ltr'><strong>laboratnris</strong></span> <span class='ocrx_word' id='word_1_318' title='bbox 3151 2025 3371 2088; x_wconf 85' lang='lat' dir='ltr'><strong>auxilio</strong></span> <span class='ocrx_word' id='word_1_319' title='bbox 3430 2026 3701 2101; x_wconf 73' lang='lat' dir='ltr'><strong>veniunt,</strong></span> 
     </span>
    </p>
   </div>
   <div class='ocr_carea' id='block_1_49' title="bbox 2129 2115 3699 2197">
    <p class='ocr_par' dir='ltr' id='par_1_49' title="bbox 2129 2115 3699 2197">
     <span class='ocr_line' id='line_1_49' title="bbox 2129 2115 3699 2197; baseline 0 -21"><span class='ocrx_word' id='word_1_320' title='bbox 2129 2116 2230 2180; x_wconf 66' lang='lat'><strong>339.</strong></span> <span class='ocrx_word' id='word_1_321' title='bbox 2277 2125 2348 2178; x_wconf 83' lang='lat' dir='ltr'><strong>At</strong></span> <span class='ocrx_word' id='word_1_322' title='bbox 2378 2135 2543 2190; x_wconf 88' lang='lat' dir='ltr'><strong>vero,</strong></span> <span class='ocrx_word' id='word_1_323' title='bbox 2573 2116 2806 2197; x_wconf 88' lang='lat' dir='ltr'><strong>inquiet</strong></span> <span class='ocrx_word' id='word_1_324' title='bbox 2854 2134 3180 2196; x_wconf 80' lang='lat' dir='ltr'><strong>nonnemo,</strong></span> <span class='ocrx_word' id='word_1_325' title='bbox 3214 2115 3488 2188; x_wconf 79' lang='lat' dir='ltr'><strong>visionis,</strong></span> <span class='ocrx_word' id='word_1_326' title='bbox 3522 2133 3699 2196; x_wconf 86' lang='lat' dir='ltr'><strong>quam</strong></span> 
     </span>
    </p>
   </div>
   <div class='ocr_carea' id='block_1_50' title="bbox 2052 2204 3701 2285">
    <p class='ocr_par' dir='ltr' id='par_1_50' title="bbox 2052 2204 3701 2285">
     <span class='ocr_line' id='line_1_50' title="bbox 2052 2204 3701 2285; baseline 0 -19"><span class='ocrx_word' id='word_1_327' title='bbox 2052 2206 2320 2285; x_wconf 89' lang='lat' dir='ltr'><strong>ipsismet</strong></span> <span class='ocrx_word' id='word_1_328' title='bbox 2374 2205 2586 2268; x_wconf 89' lang='lat' dir='ltr'><strong>Turcis</strong></span> <span class='ocrx_word' id='word_1_329' title='bbox 2641 2204 2894 2266; x_wconf 86' lang='lat' dir='ltr'><strong>oblatam</strong></span> <span class='ocrx_word' id='word_1_330' title='bbox 2939 2205 3146 2281; x_wconf 83' lang='lat' dir='ltr'><strong>fuisse,</strong></span> <span class='ocrx_word' id='word_1_331' title='bbox 3205 2206 3455 2268; x_wconf 87' lang='lat' dir='ltr'><strong>relatum</strong></span> <span class='ocrx_word' id='word_1_332' title='bbox 3505 2204 3701 2266; x_wconf 84' lang='lat' dir='ltr'><strong>verbis</strong></span> 
     </span>
    </p>
   </div>
   <div class='ocr_carea' id='block_1_51' title="bbox 2052 2294 3696 2376">
    <p class='ocr_par' dir='ltr' id='par_1_51' title="bbox 2052 2294 3696 2376">
     <span class='ocr_line' id='line_1_51' title="bbox 2052 2294 3696 2376; baseline -0.002 -19"><span class='ocrx_word' id='word_1_333' title='bbox 2052 2296 2401 2376; x_wconf 86' lang='lat' dir='ltr'><strong>hisce,quod</strong></span> <span class='ocrx_word' id='word_1_334' title='bbox 2416 2294 2828 2357; x_wconf 88' lang='lat' dir='ltr'><strong>Boamundum</strong></span> <span class='ocrx_word' id='word_1_335' title='bbox 2852 2294 3010 2356; x_wconf 88' lang='lat' dir='ltr'><strong>inter</strong></span> <span class='ocrx_word' id='word_1_336' title='bbox 3032 2306 3086 2356; x_wconf 92' lang='lat' dir='ltr'><strong>et</strong></span> <span class='ocrx_word' id='word_1_337' title='bbox 3112 2295 3397 2375; x_wconf 81' lang='lat' dir='ltr'><strong>Pyrrhum</strong></span> <span class='ocrx_word' id='word_1_338' title='bbox 3433 2295 3696 2365; x_wconf 86' lang='lat' dir='ltr'><strong>habitum</strong></span> 
     </span>
    </p>
   </div>
   <div class='ocr_carea' id='block_1_52' title="bbox 2050 2384 3700 2466">
    <p class='ocr_par' dir='ltr' id='par_1_52' title="bbox 2050 2384 3700 2466">
     <span class='ocr_line' id='line_1_52' title="bbox 2050 2384 3700 2466; baseline -0.001 -21"><span class='ocrx_word' id='word_1_339' title='bbox 2050 2386 2249 2458; x_wconf 79' lang='lat' dir='ltr'><strong>fuerit,</strong></span> <span class='ocrx_word' id='word_1_340' title='bbox 2282 2384 2643 2466; x_wconf 82' lang='lat' dir='ltr'><strong>colloquium</strong></span> <span class='ocrx_word' id='word_1_341' title='bbox 2703 2384 2906 2465; x_wconf 80' lang='lat' dir='ltr'><strong>exigit,</strong></span> <span class='ocrx_word' id='word_1_342' title='bbox 2936 2385 3097 2445; x_wconf 89' lang='lat' dir='ltr'><strong>solus</strong></span> <span class='ocrx_word' id='word_1_343' title='bbox 3130 2386 3399 2447; x_wconf 88' lang='lat' dir='ltr'><strong>meminit</strong></span> <span class='ocrx_word' id='word_1_344' title='bbox 3429 2384 3700 2445; x_wconf 81' lang='lat' dir='ltr'><strong>laudatus</strong></span> 
     </span>
    </p>
   </div>
   <div class='ocr_carea' id='block_1_53' title="bbox 2055 2472 3700 2554">
    <p class='ocr_par' dir='ltr' id='par_1_53' title="bbox 2055 2472 3700 2554">
     <span class='ocr_line' id='line_1_53' title="bbox 2055 2472 3700 2554; baseline -0.001 -18"><span class='ocrx_word' id='word_1_345' title='bbox 2055 2473 2349 2536; x_wconf 80' lang='lat' dir='ltr'><strong>Bobertus</strong></span> <span class='ocrx_word' id='word_1_346' title='bbox 2375 2472 3078 2554; x_wconf 85' lang='lat' dir='ltr'><strong>monaclius,nullumque</strong></span> <span class='ocrx_word' id='word_1_347' title='bbox 3098 2474 3195 2535; x_wconf 86' lang='lat' dir='ltr'><strong>hic</strong></span> <span class='ocrx_word' id='word_1_348' title='bbox 3224 2473 3602 2553; x_wconf 89' lang='lat' dir='ltr'><strong>omnino,qui</strong></span> <span class='ocrx_word' id='word_1_349' title='bbox 3624 2472 3700 2535; x_wconf 89' lang='lat' dir='ltr'><strong>de</strong></span> 
     </span>
    </p>
   </div>
   <div class='ocr_carea' id='block_1_54' title="bbox 2049 2562 3702 2642">
    <p class='ocr_par' dir='ltr' id='par_1_54' title="bbox 2049 2562 3702 2642">
     <span class='ocr_line' id='line_1_54' title="bbox 2049 2562 3702 2642; baseline 0 -18"><span class='ocrx_word' id='word_1_350' title='bbox 2049 2565 2236 2625; x_wconf 83' lang='lat' dir='ltr'><strong>sacris</strong></span> <span class='ocrx_word' id='word_1_351' title='bbox 2251 2562 2723 2625; x_wconf 88' lang='lat' dir='ltr'><strong>Christianorum</strong></span> <span class='ocrx_word' id='word_1_352' title='bbox 2745 2562 2805 2622; x_wconf 93' lang='lat' dir='ltr'><strong>in</strong></span> <span class='ocrx_word' id='word_1_353' title='bbox 2825 2562 3196 2626; x_wconf 64' lang='lat' dir='ltr'><strong>Palaestinam</strong></span> <span class='ocrx_word' id='word_1_354' title='bbox 3224 2562 3702 2642; x_wconf 85' lang='lat' dir='ltr'><strong>expeditionibus</strong></span> 
     </span>
    </p>
   </div>
   <div class='ocr_carea' id='block_1_55' title="bbox 2052 2651 3698 2734">
    <p class='ocr_par' dir='ltr' id='par_1_55' title="bbox 2052 2651 3698 2734">
     <span class='ocr_line' id='line_1_55' title="bbox 2052 2651 3698 2734; baseline 0.001 -23"><span class='ocrx_word' id='word_1_355' title='bbox 2052 2654 2336 2727; x_wconf 86' lang='lat' dir='ltr'><strong>tractarit,</strong></span> <span class='ocrx_word' id='word_1_356' title='bbox 2370 2653 2725 2734; x_wconf 81' lang='lat' dir='ltr'><strong>scriptorem</strong></span> <span class='ocrx_word' id='word_1_357' title='bbox 2758 2651 2937 2713; x_wconf 90' lang='lat' dir='ltr'><strong>alium</strong></span> <span class='ocrx_word' id='word_1_358' title='bbox 2985 2651 3098 2713; x_wconf 86' lang='lat' dir='ltr'><strong>sibi</strong></span> <span class='ocrx_word' id='word_1_359' title='bbox 3135 2661 3429 2732; x_wconf 67' lang='lat' dir='ltr'><strong>utcunque</strong></span> <span class='ocrx_word' id='word_1_360' title='bbox 3482 2651 3698 2713; x_wconf 83' lang='lat' dir='ltr'><strong>suffra-</strong></span> 
     </span>
    </p>
   </div>
   <div class='ocr_carea' id='block_1_56' title="bbox 2048 2740 3695 2820">
    <p class='ocr_par' dir='ltr' id='par_1_56' title="bbox 2048 2740 3695 2820">
     <span class='ocr_line' id='line_1_56' title="bbox 2048 2740 3695 2820; baseline -0.001 -17"><span class='ocrx_word' id='word_1_361' title='bbox 2048 2751 2286 2820; x_wconf 83' lang='lat' dir='ltr'><strong>gantem</strong></span> <span class='ocrx_word' id='word_1_362' title='bbox 2320 2741 2517 2803; x_wconf 86' lang='lat' dir='ltr'><strong>habet.</strong></span> <span class='ocrx_word' id='word_1_363' title='bbox 2554 2741 2788 2814; x_wconf 87' lang='lat' dir='ltr'><strong>Fateor,</strong></span> <span class='ocrx_word' id='word_1_364' title='bbox 2824 2740 2912 2802; x_wconf 88' lang='lat' dir='ltr'><strong>sic</strong></span> <span class='ocrx_word' id='word_1_365' title='bbox 2943 2741 3161 2813; x_wconf 82' lang='lat' dir='ltr'><strong>habet;</strong></span> <span class='ocrx_word' id='word_1_366' title='bbox 3224 2741 3346 2802; x_wconf 88' lang='lat' dir='ltr'><strong>imo</strong></span> <span class='ocrx_word' id='word_1_367' title='bbox 3376 2760 3513 2803; x_wconf 90' lang='lat' dir='ltr'><strong>vero</strong></span> <span class='ocrx_word' id='word_1_368' title='bbox 3559 2760 3695 2802; x_wconf 92' lang='lat' dir='ltr'><strong>cum</strong></span> 
     </span>
    </p>
   </div>
   <div class='ocr_carea' id='block_1_57' title="bbox 2048 2831 3695 2911">
    <p class='ocr_par' dir='ltr' id='par_1_57' title="bbox 2048 2831 3695 2911">
     <span class='ocr_line' id='line_1_57' title="bbox 2048 2831 3695 2911; baseline -0.001 -19"><span class='ocrx_word' id='word_1_369' title='bbox 2048 2849 2539 2911; x_wconf 88' lang='lat' dir='ltr'><strong>sermones,quos</strong></span> <span class='ocrx_word' id='word_1_370' title='bbox 2561 2831 2718 2891; x_wconf 90' lang='lat' dir='ltr'><strong>idem</strong></span> <span class='ocrx_word' id='word_1_371' title='bbox 2739 2835 2991 2908; x_wconf 86' lang='lat' dir='ltr'><strong>scriptor</strong></span> <span class='ocrx_word' id='word_1_372' title='bbox 3016 2831 3364 2892; x_wconf 85' lang='lat' dir='ltr'><strong>Boamundo</strong></span> <span class='ocrx_word' id='word_1_373' title='bbox 3391 2840 3449 2892; x_wconf 90' lang='lat' dir='ltr'><strong>et</strong></span> <span class='ocrx_word' id='word_1_374' title='bbox 3472 2832 3695 2911; x_wconf 81' lang='lat' dir='ltr'><strong>Pyrrho</strong></span> 
     </span>
    </p>
   </div>
   <div class='ocr_carea' id='block_1_58' title="bbox 2047 2920 3695 3002">
    <p class='ocr_par' dir='ltr' id='par_1_58' title="bbox 2047 2920 3695 3002">
     <span class='ocr_line' id='line_1_58' title="bbox 2047 2920 3695 3002; baseline -0.001 -20"><span class='ocrx_word' id='word_1_375' title='bbox 2047 2921 2439 2996; x_wconf 89' lang='lat' dir='ltr'><strong>attribut,sint</strong></span> <span class='ocrx_word' id='word_1_376' title='bbox 2459 2920 2825 3002; x_wconf 81' lang='lat' dir='ltr'><strong>bujusmodi,</strong></span> <span class='ocrx_word' id='word_1_377' title='bbox 2859 2932 2920 2981; x_wconf 85' lang='lat' dir='ltr'><strong>ut</strong></span> <span class='ocrx_word' id='word_1_378' title='bbox 2944 2922 3098 2982; x_wconf 76' lang='lat' dir='ltr'><strong>ultro</strong></span> <span class='ocrx_word' id='word_1_379' title='bbox 3122 2921 3395 3000; x_wconf 83' lang='lat' dir='ltr'><strong>citroque</strong></span> <span class='ocrx_word' id='word_1_380' title='bbox 3422 2923 3494 2983; x_wconf 89' lang='lat' dir='ltr'><strong>ab</strong></span> <span class='ocrx_word' id='word_1_381' title='bbox 3530 2922 3695 2982; x_wconf 85' lang='lat' dir='ltr'><strong>hisce</strong></span> 
     </span>
    </p>
   </div>
   <div class='ocr_carea' id='block_1_59' title="bbox 2049 3009 3695 3091">
    <p class='ocr_par' dir='ltr' id='par_1_59' title="bbox 2049 3009 3695 3091">
     <span class='ocr_line' id='line_1_59' title="bbox 2049 3009 3695 3091; baseline 0 -20"><span class='ocrx_word' id='word_1_382' title='bbox 2049 3011 2282 3072; x_wconf 87' lang='lat' dir='ltr'><strong>habitos</strong></span> <span class='ocrx_word' id='word_1_383' title='bbox 2314 3011 2446 3072; x_wconf 91' lang='lat' dir='ltr'><strong>illos</strong></span> <span class='ocrx_word' id='word_1_384' title='bbox 2468 3029 2677 3073; x_wconf 89' lang='lat' dir='ltr'><strong>omnes</strong></span> <span class='ocrx_word' id='word_1_385' title='bbox 2700 3009 2904 3089; x_wconf 80' lang='lat' dir='ltr'><strong>fuisse,</strong></span> <span class='ocrx_word' id='word_1_386' title='bbox 2940 3011 3117 3071; x_wconf 90' lang='lat' dir='ltr'><strong>etiam</strong></span> <span class='ocrx_word' id='word_1_387' title='bbox 3144 3010 3232 3072; x_wconf 87' lang='lat' dir='ltr'><strong>vel</strong></span> <span class='ocrx_word' id='word_1_388' title='bbox 3257 3010 3505 3085; x_wconf 81' lang='lat' dir='ltr'><strong>idcirco,</strong></span> <span class='ocrx_word' id='word_1_389' title='bbox 3536 3010 3695 3091; x_wconf 89' lang='lat' dir='ltr'><strong>quod</strong></span> 
     </span>
    </p>
   </div>
   <div class='ocr_carea' id='block_1_60' title="bbox 310 3067 1961 3176">
    <p class='ocr_par' dir='ltr' id='par_1_60' title="bbox 310 3067 1961 3176">
     <span class='ocr_line' id='line_1_60' title="bbox 310 3067 1961 3176; baseline -0.003 -43"><span class='ocrx_word' id='word_1_390' title='bbox 310 3074 505 3173; x_wconf 79' lang='lat' dir='ltr'><strong>statim</strong></span> <span class='ocrx_word' id='word_1_391' title='bbox 551 3081 616 3134; x_wconf 91' lang='lat' dir='ltr'><strong>ut</strong></span> <span class='ocrx_word' id='word_1_392' title='bbox 644 3072 929 3137; x_wconf 81' lang='lat' dir='ltr'><strong>videbant</strong></span> <span class='ocrx_word' id='word_1_393' title='bbox 980 3073 1147 3176; x_wconf 32' lang='lat' dir='ltr'><strong>illos,“</strong></span> <span class='ocrx_word' id='word_1_394' title='bbox 1172 3071 1544 3174; x_wconf 76' lang='lat' dir='ltr'><strong>incipiebant</strong></span> <span class='ocrx_word' id='word_1_395' title='bbox 1570 3088 1789 3176; x_wconf 80' lang='lat' dir='ltr'><strong>pavere</strong></span> <span class='ocrx_word' id='word_1_396' title='bbox 1827 3067 1961 3170; x_wconf 69' lang='lat' dir='ltr'><strong>:illi</strong></span> 
     </span>
    </p>
   </div>
   <div class='ocr_carea' id='block_1_61' title="bbox 2047 3067 3697 3176">
    <p class='ocr_par' dir='ltr' id='par_1_61' title="bbox 2050 3067 3697 3176">
     <span class='ocr_line' id='line_1_61' title="bbox 2050 3067 3697 3176; baseline 0.001 -16"><span class='ocrx_word' id='word_1_397' title='bbox 2050 3103 2335 3176; x_wconf 80' lang='lat' dir='ltr'><strong>Pyrrhum</strong></span> <span class='ocrx_word' id='word_1_398' title='bbox 2367 3105 2534 3161; x_wconf 86' lang='lat' dir='ltr'><strong>veluti</strong></span> <span class='ocrx_word' id='word_1_399' title='bbox 2562 3067 2961 3175; x_wconf 67' lang='lat' dir='ltr'><strong>rnyszeriortim</strong></span> <span class='ocrx_word' id='word_1_400' title='bbox 2994 3103 3124 3159; x_wconf 85' lang='lat' dir='ltr'><strong>ﬁdei</strong></span> <span class='ocrx_word' id='word_1_401' title='bbox 3158 3103 3497 3161; x_wconf 69' lang='lat' dir='ltr'><strong>Chrisﬁauae</strong></span> <span class='ocrx_word' id='word_1_402' title='bbox 3527 3067 3697 3176; x_wconf 48' lang='lat' dir='ltr'><strong>pltane</strong></span> 
     </span>
    </p>
   </div>
   <div class='ocr_carea' id='block_1_62' title="bbox 314 3162 1961 3270">
    <p class='ocr_par' dir='ltr' id='par_1_62' title="bbox 314 3162 1961 3243">
     <span class='ocr_line' id='line_1_62' title="bbox 314 3162 1961 3243; baseline 0 -23"><span class='ocrx_word' id='word_1_403' title='bbox 314 3180 450 3224; x_wconf 89' lang='lat' dir='ltr'><strong>vero</strong></span> <span class='ocrx_word' id='word_1_404' title='bbox 483 3162 646 3243; x_wconf 90' lang='lat' dir='ltr'><strong>ipsos</strong></span> <span class='ocrx_word' id='word_1_405' title='bbox 677 3171 741 3224; x_wconf 89' lang='lat' dir='ltr'><strong>ut</strong></span> <span class='ocrx_word' id='word_1_406' title='bbox 791 3172 1004 3225; x_wconf 89' lang='lat' dir='ltr'><strong>ventus</strong></span> <span class='ocrx_word' id='word_1_407' title='bbox 1035 3162 1293 3224; x_wconf 86' lang='lat' dir='ltr'><strong>turbinis</strong></span> <span class='ocrx_word' id='word_1_408' title='bbox 1334 3162 1737 3240; x_wconf 86' lang='lat' dir='ltr'><strong>oprimebant,</strong></span> <span class='ocrx_word' id='word_1_409' title='bbox 1771 3168 1830 3221; x_wconf 93' lang='lat' dir='ltr'><strong>et</strong></span> <span class='ocrx_word' id='word_1_410' title='bbox 1863 3162 1961 3220; x_wconf 87' lang='lat' dir='ltr'><strong>isti</strong></span> 
     </span>
    </p>
   </div>
   <div class='ocr_carea' id='block_1_63' title="bbox 2047 3162 3695 3270">
    <p class='ocr_par' dir='ltr' id='par_1_63' title="bbox 2048 3187 3695 3270">
     <span class='ocr_line' id='line_1_63' title="bbox 2048 3187 3695 3270; baseline -0.001 -19"><span class='ocrx_word' id='word_1_411' title='bbox 2048 3190 2319 3268; x_wconf 89' lang='lat' dir='ltr'><strong>ignarum</strong></span> <span class='ocrx_word' id='word_1_412' title='bbox 2338 3187 3019 3270; x_wconf 52' lang='lat' dir='ltr'><strong>reprmsententdricque</strong></span> <span class='ocrx_word' id='word_1_413' title='bbox 3039 3195 3234 3250; x_wconf 87' lang='lat' dir='ltr'><strong>tamen</strong></span> <span class='ocrx_word' id='word_1_414' title='bbox 3257 3187 3392 3249; x_wconf 84' lang='lat' dir='ltr'><strong>olim</strong></span> <span class='ocrx_word' id='word_1_415' title='bbox 3411 3190 3695 3251; x_wconf 83' lang='lat' dir='ltr'><strong>Christia-</strong></span> 
     </span>
    </p>
   </div>
   <div class='ocr_carea' id='block_1_64' title="bbox 309 3248 1957 3329">
    <p class='ocr_par' dir='ltr' id='par_1_64' title="bbox 309 3248 1957 3329">
     <span class='ocr_line' id='line_1_64' title="bbox 309 3248 1957 3329; baseline -0.002 -18"><span class='ocrx_word' id='word_1_416' title='bbox 309 3251 896 3329; x_wconf 83' lang='lat' dir='ltr'><strong>vuinerabantur;il|i</strong></span> <span class='ocrx_word' id='word_1_417' title='bbox 927 3249 1350 3327; x_wconf 87' lang='lat' dir='ltr'><strong>obruebant,et</strong></span> <span class='ocrx_word' id='word_1_418' title='bbox 1379 3249 1475 3312; x_wconf 85' lang='lat' dir='ltr'><strong>isti</strong></span> <span class='ocrx_word' id='word_1_419' title='bbox 1508 3248 1957 3312; x_wconf 89' lang='lat' dir='ltr'><strong>occidebantur.</strong></span> 
     </span>
    </p>
   </div>
   <div class='ocr_carea' id='block_1_65' title="bbox 309 3339 1959 3405">
    <p class='ocr_par' dir='ltr' id='par_1_65' title="bbox 309 3339 1959 3405">
     <span class='ocr_line' id='line_1_65' title="bbox 309 3339 1959 3405; baseline -0.004 0"><span class='ocrx_word' id='word_1_420' title='bbox 309 3342 417 3405; x_wconf 85' lang='lat' dir='ltr'><strong>Cui</strong></span> <span class='ocrx_word' id='word_1_421' title='bbox 465 3343 850 3404; x_wconf 77' lang='lat' dir='ltr'><strong>Boamundus</strong></span> <span class='ocrx_word' id='word_1_422' title='bbox 897 3342 1026 3404; x_wconf 87' lang='lat' dir='ltr'><strong>ait:</strong></span> <span class='ocrx_word' id='word_1_423' title='bbox 1081 3344 1337 3404; x_wconf 91' lang='lat' dir='ltr'><strong>Putasne</strong></span> <span class='ocrx_word' id='word_1_424' title='bbox 1396 3340 1579 3401; x_wconf 90' lang='lat' dir='ltr'><strong>alium</strong></span> <span class='ocrx_word' id='word_1_425' title='bbox 1630 3339 1959 3400; x_wconf 76' lang='lat' dir='ltr'><strong>exercitum</strong></span> 
     </span>
    </p>
   </div>
   <div class='ocr_carea' id='block_1_66' title="bbox 307 3427 1959 3512">
    <p class='ocr_par' dir='ltr' id='par_1_66' title="bbox 307 3427 1959 3512">
     <span class='ocr_line' id='line_1_66' title="bbox 307 3427 1959 3512; baseline 0 -22"><span class='ocrx_word' id='word_1_426' title='bbox 307 3448 464 3504; x_wconf 78' lang='lat' dir='ltr'><strong>esse,</strong></span> <span class='ocrx_word' id='word_1_427' title='bbox 499 3448 679 3511; x_wconf 85' lang='lat' dir='ltr'><strong>quam</strong></span> <span class='ocrx_word' id='word_1_428' title='bbox 715 3430 899 3506; x_wconf 89' lang='lat' dir='ltr'><strong>hunc,</strong></span> <span class='ocrx_word' id='word_1_429' title='bbox 927 3449 1103 3511; x_wconf 90' lang='lat' dir='ltr'><strong>quem</strong></span> <span class='ocrx_word' id='word_1_430' title='bbox 1140 3431 1326 3512; x_wconf 84' lang='lat' dir='ltr'><strong>vides,</strong></span> <span class='ocrx_word' id='word_1_431' title='bbox 1354 3427 1673 3492; x_wconf 82' lang='lat' dir='ltr'><strong>nostrum?</strong></span> <span class='ocrx_word' id='word_1_432' title='bbox 1703 3427 1808 3491; x_wconf 88' lang='lat' dir='ltr'><strong>Cui</strong></span> <span class='ocrx_word' id='word_1_433' title='bbox 1836 3428 1959 3490; x_wconf 91' lang='lat' dir='ltr'><strong>ille:</strong></span> 
     </span>
    </p>
   </div>
   <div class='ocr_carea' id='block_1_67' title="bbox 307 3519 1962 3601">
    <p class='ocr_par' dir='ltr' id='par_1_67' title="bbox 307 3519 1962 3601">
     <span class='ocr_line' id='line_1_67' title="bbox 307 3519 1962 3601; baseline -0.002 -21"><span class='ocrx_word' id='word_1_434' title='bbox 307 3519 423 3581; x_wconf 85' lang='lat' dir='ltr'><strong>Per</strong></span> <span class='ocrx_word' id='word_1_435' title='bbox 442 3519 817 3583; x_wconf 81' lang='lat' dir='ltr'><strong>Machomum</strong></span> <span class='ocrx_word' id='word_1_436' title='bbox 843 3539 1039 3581; x_wconf 87' lang='lat' dir='ltr'><strong>meum</strong></span> <span class='ocrx_word' id='word_1_437' title='bbox 1060 3529 1486 3601; x_wconf 76' lang='lat' dir='ltr'><strong>praeceptorem</strong></span> <span class='ocrx_word' id='word_1_438' title='bbox 1505 3519 1962 3600; x_wconf 85' lang='lat' dir='ltr'><strong>juro,quoniam</strong></span> 
     </span>
    </p>
   </div>
   <div class='ocr_carea' id='block_1_68' title="bbox 307 3608 1959 3689">
    <p class='ocr_par' dir='ltr' id='par_1_68' title="bbox 307 3608 1959 3689">
     <span class='ocr_line' id='line_1_68' title="bbox 307 3608 1959 3689; baseline 0.001 -21"><span class='ocrx_word' id='word_1_439' title='bbox 307 3614 355 3668; x_wconf 85' lang='lat' dir='ltr'><strong>si</strong></span> <span class='ocrx_word' id='word_1_440' title='bbox 383 3609 478 3670; x_wconf 87' lang='lat' dir='ltr'><strong>hic</strong></span> <span class='ocrx_word' id='word_1_441' title='bbox 503 3608 602 3670; x_wconf 61' lang='lat' dir='ltr'><strong>ad.</strong></span> <span class='ocrx_word' id='word_1_442' title='bbox 622 3618 812 3684; x_wconf 84' lang='lat' dir='ltr'><strong>ssent,</strong></span> <span class='ocrx_word' id='word_1_443' title='bbox 844 3618 965 3672; x_wconf 91' lang='lat' dir='ltr'><strong>tota</strong></span> <span class='ocrx_word' id='word_1_444' title='bbox 986 3611 1113 3672; x_wconf 72' lang='lat' dir='ltr'><strong>haec</strong></span> <span class='ocrx_word' id='word_1_445' title='bbox 1136 3609 1410 3689; x_wconf 87' lang='lat' dir='ltr'><strong>planities</strong></span> <span class='ocrx_word' id='word_1_446' title='bbox 1433 3626 1535 3669; x_wconf 89' lang='lat' dir='ltr'><strong>eos</strong></span> <span class='ocrx_word' id='word_1_447' title='bbox 1559 3627 1677 3668; x_wconf 92' lang='lat' dir='ltr'><strong>non</strong></span> <span class='ocrx_word' id='word_1_448' title='bbox 1699 3615 1959 3688; x_wconf 81' lang='lat' dir='ltr'><strong>caperet:</strong></span> 
     </span>
    </p>
   </div>
   <div class='ocr_carea' id='block_1_69' title="bbox 305 3697 1961 3778">
    <p class='ocr_par' dir='ltr' id='par_1_69' title="bbox 305 3697 1961 3778">
     <span class='ocr_line' id='line_1_69' title="bbox 305 3697 1961 3778; baseline -0.001 -20"><span class='ocrx_word' id='word_1_449' title='bbox 305 3716 518 3761; x_wconf 89' lang='lat' dir='ltr'><strong>omnes</strong></span> <span class='ocrx_word' id='word_1_450' title='bbox 551 3698 772 3761; x_wconf 83' lang='lat' dir='ltr'><strong>habent</strong></span> <span class='ocrx_word' id='word_1_451' title='bbox 800 3716 987 3778; x_wconf 88' lang='lat' dir='ltr'><strong>equos</strong></span> <span class='ocrx_word' id='word_1_452' title='bbox 1014 3697 1184 3761; x_wconf 89' lang='lat' dir='ltr'><strong>albos</strong></span> <span class='ocrx_word' id='word_1_453' title='bbox 1217 3698 1381 3759; x_wconf 75' lang='lat' dir='ltr'><strong>mine</strong></span> <span class='ocrx_word' id='word_1_454' title='bbox 1416 3697 1830 3776; x_wconf 54' lang='lat' dir='ltr'><strong>celeritatis,et</strong></span> <span class='ocrx_word' id='word_1_455' title='bbox 1859 3715 1961 3756; x_wconf 83' lang='lat' dir='ltr'><strong>ve-</strong></span> 
     </span>
    </p>
   </div>
   <div class='ocr_carea' id='block_1_70' title="bbox 306 3783 1956 3865">
    <p class='ocr_par' dir='ltr' id='par_1_70' title="bbox 306 3783 1956 3865">
     <span class='ocr_line' id='line_1_70' title="bbox 306 3783 1956 3865; baseline -0.003 -17"><span class='ocrx_word' id='word_1_456' title='bbox 306 3786 593 3849; x_wconf 83' lang='lat' dir='ltr'><strong>stimenta</strong></span> <span class='ocrx_word' id='word_1_457' title='bbox 617 3794 676 3849; x_wconf 92' lang='lat' dir='ltr'><strong>et</strong></span> <span class='ocrx_word' id='word_1_458' title='bbox 705 3796 872 3850; x_wconf 85' lang='lat' dir='ltr'><strong>scuta</strong></span> <span class='ocrx_word' id='word_1_459' title='bbox 903 3796 961 3850; x_wconf 92' lang='lat' dir='ltr'><strong>et</strong></span> <span class='ocrx_word' id='word_1_460' title='bbox 990 3785 1205 3849; x_wconf 86' lang='lat' dir='ltr'><strong>vexilla</strong></span> <span class='ocrx_word' id='word_1_461' title='bbox 1230 3786 1500 3865; x_wconf 86' lang='lat' dir='ltr'><strong>ejusdem</strong></span> <span class='ocrx_word' id='word_1_462' title='bbox 1534 3784 1777 3847; x_wconf 89' lang='lat' dir='ltr'><strong>coloris.</strong></span> <span class='ocrx_word' id='word_1_463' title='bbox 1815 3783 1956 3863; x_wconf 88' lang='lat' dir='ltr'><strong>Sed,</strong></span> 
     </span>
    </p>
   </div>
   <div class='ocr_carea' id='block_1_71' title="bbox 307 3874 1955 3957">
    <p class='ocr_par' dir='ltr' id='par_1_71' title="bbox 307 3874 1955 3957">
     <span class='ocr_line' id='line_1_71' title="bbox 307 3874 1955 3957; baseline -0.002 -19"><span class='ocrx_word' id='word_1_464' title='bbox 307 3894 414 3957; x_wconf 87' lang='lat' dir='ltr'><strong>per</strong></span> <span class='ocrx_word' id='word_1_465' title='bbox 445 3876 652 3950; x_wconf 82' lang='lat' dir='ltr'><strong>ﬁdem,</strong></span> <span class='ocrx_word' id='word_1_466' title='bbox 684 3896 860 3957; x_wconf 86' lang='lat' dir='ltr'><strong>quam</strong></span> <span class='ocrx_word' id='word_1_467' title='bbox 895 3876 1080 3940; x_wconf 88' lang='lat' dir='ltr'><strong>babes</strong></span> <span class='ocrx_word' id='word_1_468' title='bbox 1110 3876 1171 3940; x_wconf 86' lang='lat' dir='ltr'><strong>in</strong></span> <span class='ocrx_word' id='word_1_469' title='bbox 1230 3876 1459 3951; x_wconf 84' lang='lat' dir='ltr'><strong>Jesum,</strong></span> <span class='ocrx_word' id='word_1_470' title='bbox 1493 3874 1592 3937; x_wconf 89' lang='lat' dir='ltr'><strong>ubi</strong></span> <span class='ocrx_word' id='word_1_471' title='bbox 1626 3884 1815 3936; x_wconf 82' lang='lat' dir='ltr'><strong>castra</strong></span> <span class='ocrx_word' id='word_1_472' title='bbox 1851 3892 1955 3935; x_wconf 92' lang='lat' dir='ltr'><strong>eo-</strong></span> 
     </span>
    </p>
   </div>
   <div class='ocr_carea' id='block_1_72' title="bbox 304 3966 894 4041">
    <p class='ocr_par' dir='ltr' id='par_1_72' title="bbox 304 3966 894 4041">
     <span class='ocr_line' id='line_1_72' title="bbox 304 3966 894 4041; baseline -0.002 -14"><span class='ocrx_word' id='word_1_473' title='bbox 304 3984 437 4028; x_wconf 86' lang='lat' dir='ltr'><strong>rum</strong></span> <span class='ocrx_word' id='word_1_474' title='bbox 472 3966 668 4029; x_wconf 83' lang='lat' dir='ltr'><strong>locata</strong></span> <span class='ocrx_word' id='word_1_475' title='bbox 696 3974 837 4041; x_wconf 87' lang='lat' dir='ltr'><strong>sunt</strong></span> <span class='ocrx_word' id='word_1_476' title='bbox 863 3966 894 4026; x_wconf 86' lang='lat'><strong>?</strong></span> 
     </span>
    </p>
   </div>
   <div class='ocr_carea' id='block_1_73' title="bbox 385 4085 1959 4172">
    <p class='ocr_par' dir='ltr' id='par_1_73' title="bbox 385 4085 1959 4172">
     <span class='ocr_line' id='line_1_73' title="bbox 385 4085 1959 4172; baseline 0.004 -25"><span class='ocrx_word' id='word_1_477' title='bbox 385 4085 483 4149; x_wconf 77' lang='grc'><strong>28.</strong></span> <span class='ocrx_word' id='word_1_478' title='bbox 527 4088 974 4151; x_wconf 67' lang='grc' dir='ltr'><strong>«Βοωηηηάυε</strong></span> <span class='ocrx_word' id='word_1_479' title='bbox 1004 4089 1203 4172; x_wconf 85' lang='lat' dir='ltr'><strong>itaque</strong></span> <span class='ocrx_word' id='word_1_480' title='bbox 1228 4089 1444 4171; x_wconf 83' lang='lat' dir='ltr'><strong>spiritu</strong></span> <span class='ocrx_word' id='word_1_481' title='bbox 1493 4089 1602 4152; x_wconf 89' lang='lat' dir='ltr'><strong>Dei</strong></span> <span class='ocrx_word' id='word_1_482' title='bbox 1630 4089 1959 4154; x_wconf 87' lang='lat' dir='ltr'><strong>illustratus</strong></span> 
     </span>
    </p>
   </div>
   <div class='ocr_carea' id='block_1_74' title="bbox 305 4175 1953 4261">
    <p class='ocr_par' dir='ltr' id='par_1_74' title="bbox 305 4175 1953 4261">
     <span class='ocr_line' id='line_1_74' title="bbox 305 4175 1953 4261; baseline 0.003 -24"><span class='ocrx_word' id='word_1_483' title='bbox 305 4175 468 4239; x_wconf 87' lang='lat' dir='ltr'><strong>illico</strong></span> <span class='ocrx_word' id='word_1_484' title='bbox 518 4178 731 4259; x_wconf 80' lang='lat' dir='ltr'><strong>sensit,</strong></span> <span class='ocrx_word' id='word_1_485' title='bbox 790 4178 970 4255; x_wconf 80' lang='lat' dir='ltr'><strong>hanc,</strong></span> <span class='ocrx_word' id='word_1_486' title='bbox 1004 4197 1178 4261; x_wconf 88' lang='lat' dir='ltr'><strong>quam</strong></span> <span class='ocrx_word' id='word_1_487' title='bbox 1225 4179 1479 4255; x_wconf 85' lang='lat' dir='ltr'><strong>viderat,</strong></span> <span class='ocrx_word' id='word_1_488' title='bbox 1509 4178 1616 4242; x_wconf 90' lang='lat' dir='ltr'><strong>Dei</strong></span> <span class='ocrx_word' id='word_1_489' title='bbox 1672 4178 1953 4242; x_wconf 84' lang='lat' dir='ltr'><strong>visionem</strong></span> 
     </span>
    </p>
   </div>
   <div class='ocr_carea' id='block_1_75' title="bbox 305 4267 1955 4349">
    <p class='ocr_par' dir='ltr' id='par_1_75' title="bbox 305 4267 1955 4349">
     <span class='ocr_line' id='line_1_75' title="bbox 305 4267 1955 4349; baseline 0.003 -22"><span class='ocrx_word' id='word_1_490' title='bbox 305 4282 577 4345; x_wconf 88' lang='lat' dir='ltr'><strong>esse;nec</strong></span> <span class='ocrx_word' id='word_1_491' title='bbox 600 4267 759 4349; x_wconf 93' lang='lat' dir='ltr'><strong>quod</strong></span> <span class='ocrx_word' id='word_1_492' title='bbox 783 4268 1085 4349; x_wconf 72' lang='lat' dir='ltr'><strong>quaerebat</strong></span> <span class='ocrx_word' id='word_1_493' title='bbox 1107 4287 1176 4331; x_wconf 77' lang='lat' dir='ltr'><strong>ex</strong></span> <span class='ocrx_word' id='word_1_494' title='bbox 1196 4268 1674 4345; x_wconf 82' lang='lat' dir='ltr'><strong>tentatione,sed</strong></span> <span class='ocrx_word' id='word_1_495' title='bbox 1706 4288 1775 4332; x_wconf 83' lang='lat' dir='ltr'><strong>ex</strong></span> <span class='ocrx_word' id='word_1_496' title='bbox 1800 4268 1955 4332; x_wconf 89' lang='lat' dir='ltr'><strong>bona</strong></span> 
     </span>
    </p>
   </div>
   <div class='ocr_carea' id='block_1_76' title="bbox 2047 3277 3693 3361">
    <p class='ocr_par' dir='ltr' id='par_1_76' title="bbox 2047 3277 3693 3361">
     <span class='ocr_line' id='line_1_76' title="bbox 2047 3277 3693 3361; baseline -0.001 -19"><span class='ocrx_word' id='word_1_497' title='bbox 2047 3298 2160 3342; x_wconf 90' lang='lat' dir='ltr'><strong>nus</strong></span> <span class='ocrx_word' id='word_1_498' title='bbox 2188 3280 2416 3354; x_wconf 87' lang='lat' dir='ltr'><strong>fuisset,</strong></span> <span class='ocrx_word' id='word_1_499' title='bbox 2455 3298 2659 3361; x_wconf 87' lang='lat' dir='ltr'><strong>parum</strong></span> <span class='ocrx_word' id='word_1_500' title='bbox 2691 3277 3032 3340; x_wconf 88' lang='lat' dir='ltr'><strong>verosimile</strong></span> <span class='ocrx_word' id='word_1_501' title='bbox 3084 3287 3387 3359; x_wconf 86' lang='lat' dir='ltr'><strong>appareat,</strong></span> <span class='ocrx_word' id='word_1_502' title='bbox 3421 3298 3532 3341; x_wconf 91' lang='lat' dir='ltr'><strong>nec</strong></span> <span class='ocrx_word' id='word_1_503' title='bbox 3586 3296 3693 3357; x_wconf 84' lang='lat' dir='ltr'><strong>ego</strong></span> 
     </span>
    </p>
   </div>
   <div class='ocr_carea' id='block_1_77' title="bbox 2048 3366 3692 3450">
    <p class='ocr_par' dir='ltr' id='par_1_77' title="bbox 2048 3366 3692 3450">
     <span class='ocr_line' id='line_1_77' title="bbox 2048 3366 3692 3450; baseline 0.001 -21"><span class='ocrx_word' id='word_1_504' title='bbox 2048 3370 2356 3442; x_wconf 89' lang='lat' dir='ltr'><strong>visionem,</strong></span> <span class='ocrx_word' id='word_1_505' title='bbox 2395 3388 2565 3450; x_wconf 88' lang='lat' dir='ltr'><strong>quam</strong></span> <span class='ocrx_word' id='word_1_506' title='bbox 2624 3369 2883 3447; x_wconf 84' lang='lat' dir='ltr'><strong>Pyrrhus</strong></span> <span class='ocrx_word' id='word_1_507' title='bbox 2937 3367 2994 3427; x_wconf 90' lang='lat' dir='ltr'><strong>in</strong></span> <span class='ocrx_word' id='word_1_508' title='bbox 3055 3366 3350 3448; x_wconf 90' lang='lat' dir='ltr'><strong>colloquio</strong></span> <span class='ocrx_word' id='word_1_509' title='bbox 3381 3387 3515 3429; x_wconf 87' lang='lat' dir='ltr'><strong>cum</strong></span> <span class='ocrx_word' id='word_1_510' title='bbox 3548 3367 3692 3430; x_wconf 82' lang='lat' dir='ltr'><strong>Boa-</strong></span> 
     </span>
    </p>
   </div>
   <div class='ocr_carea' id='block_1_78' title="bbox 2049 3455 3690 3537">
    <p class='ocr_par' dir='ltr' id='par_1_78' title="bbox 2049 3455 3690 3537">
     <span class='ocr_line' id='line_1_78' title="bbox 2049 3455 3690 3537; baseline -0.001 -17"><span class='ocrx_word' id='word_1_511' title='bbox 2049 3458 2269 3520; x_wconf 90' lang='lat' dir='ltr'><strong>mundo</strong></span> <span class='ocrx_word' id='word_1_512' title='bbox 2291 3457 2490 3521; x_wconf 88' lang='lat' dir='ltr'><strong>habito</strong></span> <span class='ocrx_word' id='word_1_513' title='bbox 2508 3459 2660 3537; x_wconf 87' lang='lat' dir='ltr'><strong>apud</strong></span> <span class='ocrx_word' id='word_1_514' title='bbox 2686 3455 3007 3519; x_wconf 78' lang='lat' dir='ltr'><strong>Robertuin</strong></span> <span class='ocrx_word' id='word_1_515' title='bbox 3037 3458 3391 3518; x_wconf 90' lang='lat' dir='ltr'><strong>monachum</strong></span> <span class='ocrx_word' id='word_1_516' title='bbox 3420 3476 3690 3519; x_wconf 82' lang='lat' dir='ltr'><strong>comme-</strong></span> 
     </span>
    </p>
   </div>
   <div class='ocr_carea' id='block_1_79' title="bbox 2050 3545 3691 3628">
    <p class='ocr_par' dir='ltr' id='par_1_79' title="bbox 2050 3545 3691 3628">
     <span class='ocr_line' id='line_1_79' title="bbox 2050 3545 3691 3628; baseline -0.001 -18"><span class='ocrx_word' id='word_1_517' title='bbox 2050 3556 2261 3628; x_wconf 87' lang='lat' dir='ltr'><strong>morat,</strong></span> <span class='ocrx_word' id='word_1_518' title='bbox 2298 3559 2461 3610; x_wconf 82' lang='lat' dir='ltr'><strong>certo</strong></span> <span class='ocrx_word' id='word_1_519' title='bbox 2492 3547 2772 3610; x_wconf 88' lang='lat' dir='ltr'><strong>habuisse</strong></span> <span class='ocrx_word' id='word_1_520' title='bbox 2802 3545 3023 3618; x_wconf 76' lang='lat' dir='ltr'><strong>locum,</strong></span> <span class='ocrx_word' id='word_1_521' title='bbox 3058 3564 3404 3608; x_wconf 82' lang='lat' dir='ltr'><strong>asseverare</strong></span> <span class='ocrx_word' id='word_1_522' title='bbox 3445 3549 3635 3609; x_wconf 86' lang='lat' dir='ltr'><strong>ausim</strong></span> <span class='ocrx_word' id='word_1_523' title='bbox 3674 3571 3691 3623; x_wconf 87' lang='lat'><strong>;</strong></span> 
     </span>
    </p>
   </div>
   <div class='ocr_carea' id='block_1_80' title="bbox 2050 3635 3693 3718">
    <p class='ocr_par' dir='ltr' id='par_1_80' title="bbox 2050 3635 3693 3718">
     <span class='ocr_line' id='line_1_80' title="bbox 2050 3635 3693 3718; baseline 0.003 -24"><span class='ocrx_word' id='word_1_524' title='bbox 2050 3656 2252 3698; x_wconf 84' lang='lat' dir='ltr'><strong>verum</strong></span> <span class='ocrx_word' id='word_1_525' title='bbox 2287 3637 2675 3718; x_wconf 73' lang='lat' dir='ltr'><strong>quidquid-sit</strong></span> <span class='ocrx_word' id='word_1_526' title='bbox 2707 3654 2809 3698; x_wconf 90' lang='lat' dir='ltr'><strong>seu</strong></span> <span class='ocrx_word' id='word_1_527' title='bbox 2838 3636 2912 3697; x_wconf 85' lang='lat' dir='ltr'><strong>de</strong></span> <span class='ocrx_word' id='word_1_528' title='bbox 2943 3635 3167 3696; x_wconf 82' lang='lat' dir='ltr'><strong>visione</strong></span> <span class='ocrx_word' id='word_1_529' title='bbox 3192 3637 3301 3696; x_wconf 89' lang='lat' dir='ltr'><strong>ista</strong></span> <span class='ocrx_word' id='word_1_530' title='bbox 3329 3656 3434 3699; x_wconf 90' lang='lat' dir='ltr'><strong>seu</strong></span> <span class='ocrx_word' id='word_1_531' title='bbox 3462 3638 3537 3699; x_wconf 91' lang='lat' dir='ltr'><strong>de</strong></span> <span class='ocrx_word' id='word_1_532' title='bbox 3561 3638 3693 3700; x_wconf 82' lang='lat' dir='ltr'><strong>aliis</strong></span> 
     </span>
    </p>
   </div>
   <div class='ocr_carea' id='block_1_81' title="bbox 2046 3724 3691 3806">
    <p class='ocr_par' dir='ltr' id='par_1_81' title="bbox 2046 3724 3691 3806">
     <span class='ocr_line' id='line_1_81' title="bbox 2046 3724 3691 3806; baseline 0.001 -19"><span class='ocrx_word' id='word_1_533' title='bbox 2046 3745 2226 3804; x_wconf 84' lang='lat' dir='ltr'><strong>supra</strong></span> <span class='ocrx_word' id='word_1_534' title='bbox 2258 3744 2291 3787; x_wconf 90' lang='lat' dir='ltr'><strong>e</strong></span> <span class='ocrx_word' id='word_1_535' title='bbox 2323 3727 2496 3787; x_wconf 87' lang='lat' dir='ltr'><strong>variis</strong></span> <span class='ocrx_word' id='word_1_536' title='bbox 2526 3724 2918 3806; x_wconf 84' lang='lat' dir='ltr'><strong>scriptoribus</strong></span> <span class='ocrx_word' id='word_1_537' title='bbox 2943 3724 3163 3805; x_wconf 85' lang='lat' dir='ltr'><strong>relatis,</strong></span> <span class='ocrx_word' id='word_1_538' title='bbox 3189 3744 3334 3806; x_wconf 80' lang='lat' dir='ltr'><strong>quas</strong></span> <span class='ocrx_word' id='word_1_539' title='bbox 3367 3727 3545 3789; x_wconf 83' lang='lat' dir='ltr'><strong>etiam</strong></span> <span class='ocrx_word' id='word_1_540' title='bbox 3580 3728 3691 3788; x_wconf 83' lang='lat' dir='ltr'><strong>de-</strong></span> 
     </span>
    </p>
   </div>
   <div class='ocr_carea' id='block_1_82' title="bbox 2048 3811 3692 3896">
    <p class='ocr_par' dir='ltr' id='par_1_82' title="bbox 2048 3811 3692 3896">
     <span class='ocr_line' id='line_1_82' title="bbox 2048 3811 3692 3896; baseline 0.002 -21"><span class='ocrx_word' id='word_1_541' title='bbox 2048 3827 2238 3894; x_wconf 76' lang='lat' dir='ltr'><strong>ceptzn</strong></span> <span class='ocrx_word' id='word_1_542' title='bbox 2264 3817 2323 3876; x_wconf 92' lang='lat' dir='ltr'><strong>in</strong></span> <span class='ocrx_word' id='word_1_543' title='bbox 2356 3816 2475 3877; x_wconf 86' lang='lat' dir='ltr'><strong>illis</strong></span> <span class='ocrx_word' id='word_1_544' title='bbox 2506 3815 2673 3896; x_wconf 86' lang='lat' dir='ltr'><strong>ipsis,</strong></span> <span class='ocrx_word' id='word_1_545' title='bbox 2704 3821 2799 3896; x_wconf 89' lang='lat' dir='ltr'><strong>qui</strong></span> <span class='ocrx_word' id='word_1_546' title='bbox 2833 3833 2934 3876; x_wconf 70' lang='lat' dir='ltr'><strong>eas</strong></span> <span class='ocrx_word' id='word_1_547' title='bbox 2982 3811 3094 3877; x_wconf 89' lang='lat' dir='ltr'><strong>sibi</strong></span> <span class='ocrx_word' id='word_1_548' title='bbox 3125 3815 3355 3877; x_wconf 86' lang='lat' dir='ltr'><strong>oblatas</strong></span> <span class='ocrx_word' id='word_1_549' title='bbox 3390 3818 3573 3878; x_wconf 82' lang='lat' dir='ltr'><strong>fuisse</strong></span> <span class='ocrx_word' id='word_1_550' title='bbox 3605 3817 3692 3879; x_wconf 90' lang='lat' dir='ltr'><strong>di-</strong></span> 
     </span>
    </p>
   </div>
   <div class='ocr_carea' id='block_1_83' title="bbox 2043 3904 3686 3986">
    <p class='ocr_par' dir='ltr' id='par_1_83' title="bbox 2043 3904 3686 3986">
     <span class='ocr_line' id='line_1_83' title="bbox 2043 3904 3686 3986; baseline 0.003 -22"><span class='ocrx_word' id='word_1_551' title='bbox 2043 3923 2207 3985; x_wconf 84' lang='lat' dir='ltr'><strong>xere,</strong></span> <span class='ocrx_word' id='word_1_552' title='bbox 2242 3906 2653 3986; x_wconf 78' lang='lat' dir='ltr'><strong>imaginationi</strong></span> <span class='ocrx_word' id='word_1_553' title='bbox 2706 3922 3007 3966; x_wconf 83' lang='lat' dir='ltr'><strong>nonnemo</strong></span> <span class='ocrx_word' id='word_1_554' title='bbox 3066 3904 3333 3968; x_wconf 84' lang='lat' dir='ltr'><strong>fortassis</strong></span> <span class='ocrx_word' id='word_1_555' title='bbox 3394 3904 3686 3984; x_wconf 88' lang='lat' dir='ltr'><strong>(rectene,</strong></span> 
     </span>
    </p>
   </div>
   <div class='ocr_carea' id='block_1_84' title="bbox 2040 3993 3692 4076">
    <p class='ocr_par' dir='ltr' id='par_1_84' title="bbox 2040 3993 3692 4076">
     <span class='ocr_line' id='line_1_84' title="bbox 2040 3993 3692 4076; baseline 0 -19"><span class='ocrx_word' id='word_1_556' title='bbox 2040 4014 2113 4057; x_wconf 88' lang='lat' dir='ltr'><strong>an</strong></span> <span class='ocrx_word' id='word_1_557' title='bbox 2149 4013 2351 4067; x_wconf 86' lang='lat' dir='ltr'><strong>secus,</strong></span> <span class='ocrx_word' id='word_1_558' title='bbox 2386 4014 2504 4057; x_wconf 90' lang='lat' dir='ltr'><strong>non</strong></span> <span class='ocrx_word' id='word_1_559' title='bbox 2536 3994 2781 4074; x_wconf 78' lang='lat' dir='ltr'><strong>deﬁnio)</strong></span> <span class='ocrx_word' id='word_1_560' title='bbox 2843 3993 3213 4074; x_wconf 87' lang='lat' dir='ltr'><strong>ascripserit,</strong></span> <span class='ocrx_word' id='word_1_561' title='bbox 3246 4013 3280 4057; x_wconf 86' lang='lat' dir='ltr'><strong>a</strong></span> <span class='ocrx_word' id='word_1_562' title='bbox 3310 3993 3497 4057; x_wconf 89' lang='lat' dir='ltr'><strong>tribus</strong></span> <span class='ocrx_word' id='word_1_563' title='bbox 3528 3994 3692 4076; x_wconf 88' lang='lat' dir='ltr'><strong>equi-</strong></span> 
     </span>
    </p>
   </div>
   <div class='ocr_carea' id='block_1_85' title="bbox 2042 4078 3691 4165">
    <p class='ocr_par' dir='ltr' id='par_1_85' title="bbox 2042 4078 3691 4165">
     <span class='ocr_line' id='line_1_85' title="bbox 2042 4078 3691 4165; baseline 0.001 -19"><span class='ocrx_word' id='word_1_564' title='bbox 2042 4085 2175 4146; x_wconf 89' lang='lat' dir='ltr'><strong>dem</strong></span> <span class='ocrx_word' id='word_1_565' title='bbox 2208 4085 2270 4146; x_wconf 91' lang='lat' dir='ltr'><strong>in</strong></span> <span class='ocrx_word' id='word_1_566' title='bbox 2300 4084 2633 4147; x_wconf 88' lang='lat' dir='ltr'><strong>Boamundi</strong></span> <span class='ocrx_word' id='word_1_567' title='bbox 2667 4093 2725 4147; x_wconf 91' lang='lat' dir='ltr'><strong>et</strong></span> <span class='ocrx_word' id='word_1_568' title='bbox 2782 4084 2988 4164; x_wconf 83' lang='lat' dir='ltr'><strong>Pyrrhi</strong></span> <span class='ocrx_word' id='word_1_569' title='bbox 3020 4082 3316 4165; x_wconf 88' lang='lat' dir='ltr'><strong>colloquio</strong></span> <span class='ocrx_word' id='word_1_570' title='bbox 3350 4078 3691 4147; x_wconf 82' lang='lat' dir='ltr'><strong>memoratis</strong></span> 
     </span>
    </p>
   </div>
   <div class='ocr_carea' id='block_1_86' title="bbox 2040 4173 3684 4250">
    <p class='ocr_par' dir='ltr' id='par_1_86' title="bbox 2040 4173 3684 4250">
     <span class='ocr_line' id='line_1_86' title="bbox 2040 4173 3684 4250; baseline 0.001 -14"><span class='ocrx_word' id='word_1_571' title='bbox 2040 4176 2262 4237; x_wconf 85' lang='lat' dir='ltr'><strong>sanctis</strong></span> <span class='ocrx_word' id='word_1_572' title='bbox 2311 4193 2380 4238; x_wconf 88' lang='lat' dir='ltr'><strong>ac</strong></span> <span class='ocrx_word' id='word_1_573' title='bbox 2408 4173 2758 4237; x_wconf 87' lang='lat' dir='ltr'><strong>nominatim</strong></span> <span class='ocrx_word' id='word_1_574' title='bbox 2810 4191 2845 4236; x_wconf 91' lang='lat' dir='ltr'><strong>a</strong></span> <span class='ocrx_word' id='word_1_575' title='bbox 2874 4183 3080 4237; x_wconf 88' lang='lat' dir='ltr'><strong>sancto</strong></span> <span class='ocrx_word' id='word_1_576' title='bbox 3142 4175 3466 4250; x_wconf 89' lang='lat' dir='ltr'><strong>Demetrio,</strong></span> <span class='ocrx_word' id='word_1_577' title='bbox 3512 4175 3684 4241; x_wconf 88' lang='lat' dir='ltr'><strong>Chri-</strong></span> 
     </span>
    </p>
   </div>
   <div class='ocr_carea' id='block_1_87' title="bbox 2042 4263 3685 4345">
    <p class='ocr_par' dir='ltr' id='par_1_87' title="bbox 2042 4263 3685 4345">
     <span class='ocr_line' id='line_1_87' title="bbox 2042 4263 3685 4345; baseline 0.001 -19"><span class='ocrx_word' id='word_1_578' title='bbox 2042 4264 2256 4326; x_wconf 90' lang='lat' dir='ltr'><strong>stianis</strong></span> <span class='ocrx_word' id='word_1_579' title='bbox 2276 4283 2452 4329; x_wconf 89' lang='lat' dir='ltr'><strong>cruce</strong></span> <span class='ocrx_word' id='word_1_580' title='bbox 2479 4263 2724 4343; x_wconf 82' lang='lat' dir='ltr'><strong>signatis</strong></span> <span class='ocrx_word' id='word_1_581' title='bbox 2758 4284 2872 4326; x_wconf 93' lang='lat' dir='ltr'><strong>non</strong></span> <span class='ocrx_word' id='word_1_582' title='bbox 2901 4273 3123 4326; x_wconf 91' lang='lat' dir='ltr'><strong>tantum</strong></span> <span class='ocrx_word' id='word_1_583' title='bbox 3158 4267 3215 4326; x_wconf 91' lang='lat' dir='ltr'><strong>in</strong></span> <span class='ocrx_word' id='word_1_584' title='bbox 3240 4283 3434 4345; x_wconf 86' lang='lat' dir='ltr'><strong>pugna</strong></span> <span class='ocrx_word' id='word_1_585' title='bbox 3463 4265 3533 4327; x_wconf 90' lang='lat' dir='ltr'><strong>ad</strong></span> <span class='ocrx_word' id='word_1_586' title='bbox 3567 4266 3685 4328; x_wconf 83' lang='lat' dir='ltr'><strong>An-</strong></span> 
     </span>
    </p>
   </div>
   <div class='ocr_carea' id='block_1_88' title="bbox 302 4354 3683 4441">
    <p class='ocr_par' dir='ltr' id='par_1_88' title="bbox 302 4354 3683 4441">
     <span class='ocr_line' id='line_1_88' title="bbox 302 4354 3683 4441; baseline 0.001 -26"><span class='ocrx_word' id='word_1_587' title='bbox 302 4354 607 4419; x_wconf 87' lang='lat' dir='ltr'><strong>voluntate</strong></span> <span class='ocrx_word' id='word_1_588' title='bbox 635 4357 987 4438; x_wconf 86' lang='lat' dir='ltr'><strong>procedere;</strong></span> <span class='ocrx_word' id='word_1_589' title='bbox 1027 4366 1094 4428; x_wconf 41' lang='lat' dir='ltr'><strong>et.</strong></span> <span class='ocrx_word' id='word_1_590' title='bbox 1110 4359 1487 4441; x_wconf 87' lang='lat' dir='ltr'><strong>respondens</strong></span> <span class='ocrx_word' id='word_1_591' title='bbox 1515 4358 1712 4440; x_wconf 91' lang='lat' dir='ltr'><strong>inquit</strong></span> <span class='ocrx_word' id='word_1_592' title='bbox 1741 4380 1754 4422; x_wconf 76' lang='grc' dir='ltr'>ε</span> <span class='ocrx_word' id='word_1_593' title='bbox 1788 4358 1958 4421; x_wconf 89' lang='lat' dir='ltr'><strong>Licet</strong></span> <span class='ocrx_word' id='word_1_594' title='bbox 2041 4355 2318 4417; x_wconf 87' lang='lat' dir='ltr'><strong>tiochiam</strong></span> <span class='ocrx_word' id='word_1_595' title='bbox 2352 4356 2674 4417; x_wconf 86' lang='lat' dir='ltr'><strong>commissa</strong></span> <span class='ocrx_word' id='word_1_596' title='bbox 2696 4372 2897 4417; x_wconf 89' lang='lat' dir='ltr'><strong>verum</strong></span> <span class='ocrx_word' id='word_1_597' title='bbox 2921 4355 3096 4416; x_wconf 86' lang='lat' dir='ltr'><strong>etiam</strong></span> <span class='ocrx_word' id='word_1_598' title='bbox 3129 4355 3188 4415; x_wconf 93' lang='lat' dir='ltr'><strong>in</strong></span> <span class='ocrx_word' id='word_1_599' title='bbox 3219 4355 3404 4416; x_wconf 90' lang='lat' dir='ltr'><strong>sacris</strong></span> <span class='ocrx_word' id='word_1_600' title='bbox 3434 4356 3683 4438; x_wconf 78' lang='lat' dir='ltr'><strong>expedi-</strong></span> 
     </span>
    </p>
   </div>
   <div class='ocr_carea' id='block_1_89' title="bbox 301 4443 3683 4530">
    <p class='ocr_par' dir='ltr' id='par_1_89' title="bbox 301 4443 3683 4530">
     <span class='ocr_line' id='line_1_89' title="bbox 301 4443 3683 4530; baseline 0.001 -23"><span class='ocrx_word' id='word_1_601' title='bbox 301 4444 385 4507; x_wconf 88' lang='lat' dir='ltr'><strong>sis</strong></span> <span class='ocrx_word' id='word_1_602' title='bbox 429 4452 750 4509; x_wconf 78' lang='lat' dir='ltr'><strong>extraneos</strong></span> <span class='ocrx_word' id='word_1_603' title='bbox 779 4467 813 4508; x_wconf 87' lang='lat' dir='ltr'><strong>a</strong></span> <span class='ocrx_word' id='word_1_604' title='bbox 864 4447 996 4526; x_wconf 81' lang='lat' dir='ltr'><strong>iege</strong></span> <span class='ocrx_word' id='word_1_605' title='bbox 1024 4456 1247 4512; x_wconf 91' lang='lat' dir='ltr'><strong>nostra.</strong></span> <span class='ocrx_word' id='word_1_606' title='bbox 1279 4448 1419 4530; x_wconf 79' lang='lat' dir='ltr'><strong>quia</strong></span> <span class='ocrx_word' id='word_1_607' title='bbox 1464 4456 1519 4510; x_wconf 88' lang='lat' dir='ltr'><strong>te</strong></span> <span class='ocrx_word' id='word_1_608' title='bbox 1567 4449 1742 4512; x_wconf 90' lang='lat' dir='ltr'><strong>video</strong></span> <span class='ocrx_word' id='word_1_609' title='bbox 1797 4448 2013 4530; x_wconf 84' lang='lat' dir='ltr'><strong>bona_</strong></span> <span class='ocrx_word' id='word_1_610' title='bbox 2039 4445 2300 4507; x_wconf 89' lang='lat' dir='ltr'><strong>tionibus</strong></span> <span class='ocrx_word' id='word_1_611' title='bbox 2329 4444 2473 4508; x_wconf 89' lang='lat' dir='ltr'><strong>alias</strong></span> <span class='ocrx_word' id='word_1_612' title='bbox 2521 4461 2591 4506; x_wconf 90' lang='lat' dir='ltr'><strong>ac</strong></span> <span class='ocrx_word' id='word_1_613' title='bbox 2622 4444 2974 4506; x_wconf 90' lang='lat' dir='ltr'><strong>nominatim</strong></span> <span class='ocrx_word' id='word_1_614' title='bbox 3006 4445 3067 4505; x_wconf 91' lang='lat' dir='ltr'><strong>in</strong></span> <span class='ocrx_word' id='word_1_615' title='bbox 3116 4443 3487 4527; x_wconf 82' lang='lat' dir='ltr'><strong>gravissimo,</strong></span> <span class='ocrx_word' id='word_1_616' title='bbox 3521 4447 3683 4524; x_wconf 88' lang='lat' dir='ltr'><strong>quod</strong></span> 
     </span>
    </p>
   </div>
   <div class='ocr_carea' id='block_1_90' title="bbox 300 4523 3683 4621">
    <p class='ocr_par' dir='ltr' id='par_1_90' title="bbox 300 4523 3683 4621">
     <span class='ocr_line' id='line_1_90' title="bbox 300 4523 3683 4621; baseline 0.001 -25"><span class='ocrx_word' id='word_1_617' title='bbox 300 4552 445 4614; x_wconf 83' lang='lat' dir='ltr'><strong>erga</strong></span> <span class='ocrx_word' id='word_1_618' title='bbox 466 4553 576 4598; x_wconf 90' lang='lat' dir='ltr'><strong>nos</strong></span> <span class='ocrx_word' id='word_1_619' title='bbox 598 4536 898 4599; x_wconf 89' lang='lat' dir='ltr'><strong>voluntate</strong></span> <span class='ocrx_word' id='word_1_620' title='bbox 919 4523 1196 4619; x_wconf 79' lang='lat' dir='ltr'><strong>bonoque</strong></span> <span class='ocrx_word' id='word_1_621' title='bbox 1218 4523 1434 4621; x_wconf 82' lang='lat' dir='ltr'><strong>spiritu</strong></span> <span class='ocrx_word' id='word_1_622' title='bbox 1459 4538 1950 4618; x_wconf 86' lang='lat' dir='ltr'><strong>animatum,ape-</strong></span> <span class='ocrx_word' id='word_1_623' title='bbox 1976 4523 2022 4575; x_wconf 72' lang='grc' dir='ltr'>ο</span> <span class='ocrx_word' id='word_1_624' title='bbox 2041 4553 2365 4615; x_wconf 86' lang='lat' dir='ltr'><strong>paucorum</strong></span> <span class='ocrx_word' id='word_1_625' title='bbox 2400 4535 2634 4597; x_wconf 89' lang='lat' dir='ltr'><strong>dierum</strong></span> <span class='ocrx_word' id='word_1_626' title='bbox 2669 4533 2882 4597; x_wconf 88' lang='lat' dir='ltr'><strong>itinere</strong></span> <span class='ocrx_word' id='word_1_627' title='bbox 2940 4552 2973 4596; x_wconf 87' lang='lat' dir='ltr'><strong>a</strong></span> <span class='ocrx_word' id='word_1_628' title='bbox 3000 4523 3198 4598; x_wconf 77' lang='lat' dir='ltr'><strong>Nicaea</strong></span> <span class='ocrx_word' id='word_1_629' title='bbox 3226 4541 3446 4616; x_wconf 85' lang='lat' dir='ltr'><strong>evenit,</strong></span> <span class='ocrx_word' id='word_1_630' title='bbox 3473 4523 3683 4617; x_wconf 73' lang='lat' dir='ltr'><strong>praelia</strong></span> 
     </span>
    </p>
   </div>
   <div class='ocr_carea' id='block_1_91' title="bbox 298 4624 1955 4707">
    <p class='ocr_par' dir='ltr' id='par_1_91' title="bbox 298 4624 1955 4707">
     <span class='ocr_line' id='line_1_91' title="bbox 298 4624 1955 4707; baseline 0.002 -21"><span class='ocrx_word' id='word_1_631' title='bbox 298 4624 457 4687; x_wconf 83' lang='lat' dir='ltr'><strong>riam</strong></span> <span class='ocrx_word' id='word_1_632' title='bbox 502 4625 615 4688; x_wconf 80' lang='lat' dir='ltr'><strong>tibi</strong></span> <span class='ocrx_word' id='word_1_633' title='bbox 641 4626 884 4707; x_wconf 87' lang='lat' dir='ltr'><strong>aliquod</strong></span> <span class='ocrx_word' id='word_1_634' title='bbox 928 4627 1083 4691; x_wconf 73' lang='lat' dir='ltr'><strong>‘ﬁdei</strong></span> <span class='ocrx_word' id='word_1_635' title='bbox 1116 4637 1336 4691; x_wconf 79' lang='lat' dir='ltr'><strong>nostrae</strong></span> <span class='ocrx_word' id='word_1_636' title='bbox 1387 4642 1856 4693; x_wconf 83' lang='lat' dir='ltr'><strong>sacramentum.</strong></span> <span class='ocrx_word' id='word_1_637' title='bbox 1889 4626 1955 4692; x_wconf 89' lang='lat' dir='ltr'><strong>Si</strong></span> 
     </span>
    </p>
   </div>
   <div class='ocr_carea' id='block_1_92' title="bbox 301 4715 1953 4797">
    <p class='ocr_par' dir='ltr' id='par_1_92' title="bbox 301 4715 1953 4797">
     <span class='ocr_line' id='line_1_92' title="bbox 301 4715 1953 4797; baseline 0.002 -21"><span class='ocrx_word' id='word_1_638' title='bbox 301 4722 524 4777; x_wconf 85' lang='lat' dir='ltr'><strong>tantum</strong></span> <span class='ocrx_word' id='word_1_639' title='bbox 551 4715 825 4797; x_wconf 83' lang='lat' dir='ltr'><strong>profundi</strong></span> <span class='ocrx_word' id='word_1_640' title='bbox 847 4715 1193 4780; x_wconf 87' lang='lat' dir='ltr'><strong>intellectus</strong></span> <span class='ocrx_word' id='word_1_641' title='bbox 1216 4717 1492 4793; x_wconf 85' lang='lat' dir='ltr'><strong>haberes,</strong></span> <span class='ocrx_word' id='word_1_642' title='bbox 1519 4719 1737 4795; x_wconf 81' lang='lat' dir='ltr'><strong>gratias</strong></span> <span class='ocrx_word' id='word_1_643' title='bbox 1767 4717 1953 4781; x_wconf 86' lang='lat' dir='ltr'><strong>Crea-</strong></span> 
     </span>
    </p>
   </div>
   <div class='ocr_carea' id='block_1_93' title="bbox 299 4806 1958 4889">
    <p class='ocr_par' dir='ltr' id='par_1_93' title="bbox 299 4806 1958 4889">
     <span class='ocr_line' id='line_1_93' title="bbox 299 4806 1958 4889; baseline 0.001 -24"><span class='ocrx_word' id='word_1_644' title='bbox 299 4811 409 4867; x_wconf 89' lang='lat' dir='ltr'><strong>tori</strong></span> <span class='ocrx_word' id='word_1_645' title='bbox 466 4806 735 4868; x_wconf 86' lang='lat' dir='ltr'><strong>omnium</strong></span> <span class='ocrx_word' id='word_1_646' title='bbox 787 4806 1019 4869; x_wconf 82' lang='lat' dir='ltr'><strong>referre</strong></span> <span class='ocrx_word' id='word_1_647' title='bbox 1072 4806 1350 4886; x_wconf 75' lang='lat' dir='ltr'><strong>deberes,</strong></span> <span class='ocrx_word' id='word_1_648' title='bbox 1383 4809 1485 4889; x_wconf 91' lang='lat' dir='ltr'><strong>qui</strong></span> <span class='ocrx_word' id='word_1_649' title='bbox 1540 4806 1647 4870; x_wconf 90' lang='lat' dir='ltr'><strong>tibi</strong></span> <span class='ocrx_word' id='word_1_650' title='bbox 1698 4807 1958 4870; x_wconf 88' lang='lat' dir='ltr'><strong>ostendit</strong></span> 
     </span>
    </p>
   </div>
   <div class='ocr_carea' id='block_1_94' title="bbox 298 4895 1953 4979">
    <p class='ocr_par' dir='ltr' id='par_1_94' title="bbox 298 4895 1953 4979">
     <span class='ocr_line' id='line_1_94' title="bbox 298 4895 1953 4979; baseline 0.002 -22"><span class='ocrx_word' id='word_1_651' title='bbox 298 4895 624 4959; x_wconf 78' lang='lat' dir='ltr'><strong>exercitum</strong></span> <span class='ocrx_word' id='word_1_652' title='bbox 653 4895 1057 4960; x_wconf 85' lang='lat' dir='ltr'><strong>candidatum:</strong></span> <span class='ocrx_word' id='word_1_653' title='bbox 1083 4906 1144 4959; x_wconf 89' lang='lat' dir='ltr'><strong>et</strong></span> <span class='ocrx_word' id='word_1_654' title='bbox 1166 4898 1345 4972; x_wconf 85' lang='lat' dir='ltr'><strong>scias,</strong></span> <span class='ocrx_word' id='word_1_655' title='bbox 1376 4899 1519 4979; x_wconf 85' lang='lat' dir='ltr'><strong>quia</strong></span> <span class='ocrx_word' id='word_1_656' title='bbox 1547 4900 1607 4961; x_wconf 77' lang='lat' dir='ltr'><strong>in</strong></span> <span class='ocrx_word' id='word_1_657' title='bbox 1630 4897 1804 4960; x_wconf 89' lang='lat' dir='ltr'><strong>terris</strong></span> <span class='ocrx_word' id='word_1_658' title='bbox 1835 4915 1953 4960; x_wconf 92' lang='lat' dir='ltr'><strong>non</strong></span> 
     </span>
    </p>
   </div>
   <div class='ocr_carea' id='block_1_95' title="bbox 298 4985 1956 5068">
    <p class='ocr_par' dir='ltr' id='par_1_95' title="bbox 298 4985 1956 5068">
     <span class='ocr_line' id='line_1_95' title="bbox 298 4985 1956 5068; baseline 0.002 -22"><span class='ocrx_word' id='word_1_659' title='bbox 298 4993 751 5062; x_wconf 81' lang='lat' dir='ltr'><strong>eonversantur,</strong></span> <span class='ocrx_word' id='word_1_660' title='bbox 784 4986 889 5048; x_wconf 87' lang='lat' dir='ltr'><strong>sed</strong></span> <span class='ocrx_word' id='word_1_661' title='bbox 923 4985 983 5048; x_wconf 91' lang='lat' dir='ltr'><strong>in</strong></span> <span class='ocrx_word' id='word_1_662' title='bbox 1017 4988 1295 5068; x_wconf 88' lang='lat' dir='ltr'><strong>supernis</strong></span> <span class='ocrx_word' id='word_1_663' title='bbox 1347 4987 1759 5051; x_wconf 82' lang='lat' dir='ltr'><strong>mansionibus</strong></span> <span class='ocrx_word' id='word_1_664' title='bbox 1786 4987 1956 5067; x_wconf 82' lang='lat' dir='ltr'><strong>regni</strong></span> 
     </span>
    </p>
   </div>
   <div class='ocr_carea' id='block_1_96' title="bbox 298 5074 1954 5158">
    <p class='ocr_par' dir='ltr' id='par_1_96' title="bbox 298 5074 1954 5158">
     <span class='ocr_line' id='line_1_96' title="bbox 298 5074 1954 5158; baseline 0.002 -23"><span class='ocrx_word' id='word_1_665' title='bbox 298 5074 607 5136; x_wconf 72' lang='lat' dir='ltr'><strong>cmlorum.</strong></span> <span class='ocrx_word' id='word_1_666' title='bbox 643 5074 715 5137; x_wconf 86' lang='lat' dir='ltr'><strong>Hi</strong></span> <span class='ocrx_word' id='word_1_667' title='bbox 737 5084 899 5149; x_wconf 85' lang='lat' dir='ltr'><strong>sunt,</strong></span> <span class='ocrx_word' id='word_1_668' title='bbox 927 5076 1029 5158; x_wconf 89' lang='lat' dir='ltr'><strong>qni</strong></span> <span class='ocrx_word' id='word_1_669' title='bbox 1061 5094 1171 5157; x_wconf 91' lang='lat' dir='ltr'><strong>pro</strong></span> <span class='ocrx_word' id='word_1_670' title='bbox 1201 5077 1322 5139; x_wconf 85' lang='lat' dir='ltr'><strong>ﬁde</strong></span> <span class='ocrx_word' id='word_1_671' title='bbox 1354 5078 1575 5142; x_wconf 85' lang='lat' dir='ltr'><strong>Christi</strong></span> <span class='ocrx_word' id='word_1_672' title='bbox 1609 5077 1954 5158; x_wconf 82' lang='lat' dir='ltr'><strong>martyrium</strong></span> 
     </span>
    </p>
   </div>
   <div class='ocr_carea' id='block_1_97' title="bbox 295 5165 1957 5241">
    <p class='ocr_par' dir='ltr' id='par_1_97' title="bbox 295 5165 1957 5241">
     <span class='ocr_line' id='line_1_97' title="bbox 295 5165 1957 5241; baseline 0.001 -15"><span class='ocrx_word' id='word_1_673' title='bbox 295 5172 731 5241; x_wconf 80' lang='lat' dir='ltr'><strong>sustinuerunt,</strong></span> <span class='ocrx_word' id='word_1_674' title='bbox 764 5172 823 5227; x_wconf 88' lang='lat' dir='ltr'><strong>et</strong></span> <span class='ocrx_word' id='word_1_675' title='bbox 874 5165 935 5228; x_wconf 90' lang='lat' dir='ltr'><strong>in</strong></span> <span class='ocrx_word' id='word_1_676' title='bbox 966 5165 1130 5228; x_wconf 92' lang='lat' dir='ltr'><strong>omni</strong></span> <span class='ocrx_word' id='word_1_677' title='bbox 1162 5174 1320 5228; x_wconf 87' lang='lat' dir='ltr'><strong>terra</strong></span> <span class='ocrx_word' id='word_1_678' title='bbox 1369 5176 1583 5233; x_wconf 81' lang='lat' dir='ltr'><strong>contra</strong></span> <span class='ocrx_word' id='word_1_679' title='bbox 1608 5167 1957 5230; x_wconf 81' lang='lat' dir='ltr'><strong>incredulos</strong></span> 
     </span>
    </p>
   </div>
   <div class='ocr_carea' id='block_1_98' title="bbox 296 5250 1955 5338">
    <p class='ocr_par' dir='ltr' id='par_1_98' title="bbox 296 5250 1955 5338">
     <span class='ocr_line' id='line_1_98' title="bbox 296 5250 1955 5338; baseline 0.003 -24"><span class='ocrx_word' id='word_1_680' title='bbox 296 5250 988 5328; x_wconf 58' lang='lat' dir='ltr'><strong>dimicevernntﬁorum</strong></span> <span class='ocrx_word' id='word_1_681' title='bbox 1018 5257 1458 5338; x_wconf 74' lang='lat' dir='ltr'><strong>praicipuisunt</strong></span> <span class='ocrx_word' id='word_1_682' title='bbox 1476 5255 1955 5338; x_wconf 79' lang='lat' dir='ltr'><strong>signiferi,Geor—</strong></span> 
     </span>
    </p>
   </div>
   <div class='ocr_carea' id='block_1_99' title="bbox 295 5342 1956 5428">
    <p class='ocr_par' dir='ltr' id='par_1_99' title="bbox 295 5342 1956 5428">
     <span class='ocr_line' id='line_1_99' title="bbox 295 5342 1956 5428; baseline 0.003 -24"><span class='ocrx_word' id='word_1_683' title='bbox 295 5343 452 5425; x_wconf 84' lang='lat' dir='ltr'><strong>gius,</strong></span> <span class='ocrx_word' id='word_1_684' title='bbox 477 5342 840 5422; x_wconf 84' lang='lat' dir='ltr'><strong>Demetrius,</strong></span> <span class='ocrx_word' id='word_1_685' title='bbox 866 5345 1203 5411; x_wconf 69' lang='lat' dir='ltr'><strong>Mamilius:</strong></span> <span class='ocrx_word' id='word_1_686' title='bbox 1230 5348 1330 5428; x_wconf 89' lang='lat' dir='ltr'><strong>qui</strong></span> <span class='ocrx_word' id='word_1_687' title='bbox 1355 5348 1425 5410; x_wconf 89' lang='lat' dir='ltr'><strong>in</strong></span> <span class='ocrx_word' id='word_1_688' title='bbox 1446 5347 1558 5409; x_wconf 88' lang='lat' dir='ltr'><strong>hac</strong></span> <span class='ocrx_word' id='word_1_689' title='bbox 1579 5346 1812 5409; x_wconf 87' lang='lat' dir='ltr'><strong>mortali</strong></span> <span class='ocrx_word' id='word_1_690' title='bbox 1839 5346 1956 5409; x_wconf 90' lang='lat' dir='ltr'><strong>vita</strong></span> 
     </span>
    </p>
   </div>
   <div class='ocr_carea' id='block_1_100' title="bbox 294 5432 1948 5518">
    <p class='ocr_par' dir='ltr' id='par_1_100' title="bbox 294 5432 1948 5518">
     <span class='ocr_line' id='line_1_100' title="bbox 294 5432 1948 5518; baseline 0.004 -24"><span class='ocrx_word' id='word_1_691' title='bbox 294 5432 580 5496; x_wconf 79' lang='lat' dir='ltr'><strong>militaria</strong></span> <span class='ocrx_word' id='word_1_692' title='bbox 610 5446 779 5496; x_wconf 86' lang='lat' dir='ltr'><strong>arma</strong></span> <span class='ocrx_word' id='word_1_693' title='bbox 807 5444 1211 5514; x_wconf 83' lang='lat' dir='ltr'><strong>gestavernnt,</strong></span> <span class='ocrx_word' id='word_1_694' title='bbox 1232 5447 1293 5499; x_wconf 86' lang='lat' dir='ltr'><strong>et</strong></span> <span class='ocrx_word' id='word_1_695' title='bbox 1326 5457 1431 5518; x_wconf 90' lang='lat' dir='ltr'><strong>pro</strong></span> <span class='ocrx_word' id='word_1_696' title='bbox 1456 5435 1799 5500; x_wconf 84' lang='lat' dir='ltr'><strong>Christiana</strong></span> <span class='ocrx_word' id='word_1_697' title='bbox 1832 5437 1948 5500; x_wconf 87' lang='lat' dir='ltr'><strong>tide</strong></span> 
     </span>
    </p>
   </div>
   <div class='ocr_carea' id='block_1_101' title="bbox 292 5523 1950 5608">
    <p class='ocr_par' dir='ltr' id='par_1_101' title="bbox 292 5523 1950 5608">
     <span class='ocr_line' id='line_1_101' title="bbox 292 5523 1950 5608; baseline 0.002 -23"><span class='ocrx_word' id='word_1_698' title='bbox 292 5525 487 5603; x_wconf 88' lang='lat' dir='ltr'><strong>capite</strong></span> <span class='ocrx_word' id='word_1_699' title='bbox 506 5523 663 5604; x_wconf 77' lang='lat' dir='ltr'><strong>plexi</strong></span> <span class='ocrx_word' id='word_1_700' title='bbox 685 5523 928 5589; x_wconf 80' lang='lat' dir='ltr'><strong>sunt.Hi</strong></span> <span class='ocrx_word' id='word_1_701' title='bbox 949 5525 1187 5606; x_wconf 77' lang='lat' dir='ltr'><strong>quoties</strong></span> <span class='ocrx_word' id='word_1_702' title='bbox 1207 5526 1380 5589; x_wconf 91' lang='lat' dir='ltr'><strong>nobis</strong></span> <span class='ocrx_word' id='word_1_703' title='bbox 1407 5526 1670 5608; x_wconf 84' lang='lat' dir='ltr'><strong>expedit,</strong></span> <span class='ocrx_word' id='word_1_704' title='bbox 1695 5527 1950 5607; x_wconf 88' lang='lat' dir='ltr'><strong>jubente</strong></span> 
     </span>
    </p>
   </div>
   <div class='ocr_carea' id='block_1_102' title="bbox 293 5610 1953 5700">
    <p class='ocr_par' dir='ltr' id='par_1_102' title="bbox 293 5610 1953 5700">
     <span class='ocr_line' id='line_1_102' title="bbox 293 5610 1953 5700; baseline 0.004 -27"><span class='ocrx_word' id='word_1_705' title='bbox 293 5610 553 5675; x_wconf 77' lang='lat' dir='ltr'><strong>Domino</strong></span> <span class='ocrx_word' id='word_1_706' title='bbox 597 5614 735 5677; x_wconf 80' lang='lat' dir='ltr'><strong>Jesu</strong></span> <span class='ocrx_word' id='word_1_707' title='bbox 769 5613 1029 5690; x_wconf 82' lang='lat' dir='ltr'><strong>Christo,</strong></span> <span class='ocrx_word' id='word_1_708' title='bbox 1063 5614 1234 5678; x_wconf 83' lang='lat' dir='ltr'><strong>nobis</strong></span> <span class='ocrx_word' id='word_1_709' title='bbox 1287 5618 1711 5700; x_wconf 74' lang='lat' dir='ltr'><strong>suffragantur,</strong></span> <span class='ocrx_word' id='word_1_710' title='bbox 1742 5626 1801 5680; x_wconf 88' lang='lat' dir='ltr'><strong>et</strong></span> <span class='ocrx_word' id='word_1_711' title='bbox 1845 5636 1953 5699; x_wconf 89' lang='lat' dir='ltr'><strong>per</strong></span> 
     </span>
    </p>
   </div>
   <div class='ocr_carea' id='block_1_103' title="bbox 292 5701 1951 5788">
    <p class='ocr_par' dir='ltr' id='par_1_103' title="bbox 292 5701 1951 5788">
     <span class='ocr_line' id='line_1_103' title="bbox 292 5701 1951 5788; baseline 0.004 -22"><span class='ocrx_word' id='word_1_712' title='bbox 292 5701 404 5766; x_wconf 83' lang='lat' dir='ltr'><strong>bos</strong></span> <span class='ocrx_word' id='word_1_713' title='bbox 418 5702 653 5767; x_wconf 78' lang='lat' dir='ltr'><strong>inimici</strong></span> <span class='ocrx_word' id='word_1_714' title='bbox 672 5705 861 5768; x_wconf 87' lang='lat' dir='ltr'><strong>nostri</strong></span> <span class='ocrx_word' id='word_1_715' title='bbox 874 5705 1428 5788; x_wconf 80' lang='lat' dir='ltr'><strong>praecipitantur.Et</strong></span> <span class='ocrx_word' id='word_1_716' title='bbox 1446 5716 1513 5771; x_wconf 84' lang='lat' dir='ltr'><strong>ut</strong></span> <span class='ocrx_word' id='word_1_717' title='bbox 1527 5726 1622 5773; x_wconf 87' lang='lat' dir='ltr'><strong>me</strong></span> <span class='ocrx_word' id='word_1_718' title='bbox 1638 5725 1841 5772; x_wconf 84' lang='lat' dir='ltr'><strong>verum</strong></span> <span class='ocrx_word' id='word_1_719' title='bbox 1857 5728 1951 5773; x_wconf 91' lang='lat' dir='ltr'><strong>co-</strong></span> 
     </span>
    </p>
   </div>
   <div class='ocr_carea' id='block_1_104' title="bbox 2039 4623 3685 4707">
    <p class='ocr_par' dir='ltr' id='par_1_104' title="bbox 2039 4623 3685 4707">
     <span class='ocr_line' id='line_1_104' title="bbox 2039 4623 3685 4707; baseline 0.002 -21"><span class='ocrx_word' id='word_1_720' title='bbox 2039 4625 2224 4687; x_wconf 84' lang='lat' dir='ltr'><strong>fuisse</strong></span> <span class='ocrx_word' id='word_1_721' title='bbox 2248 4644 2620 4698; x_wconf 86' lang='lat' dir='ltr'><strong>succursum,</strong></span> <span class='ocrx_word' id='word_1_722' title='bbox 2652 4623 2796 4687; x_wconf 89' lang='lat' dir='ltr'><strong>mihi</strong></span> <span class='ocrx_word' id='word_1_723' title='bbox 2821 4624 3261 4688; x_wconf 86' lang='lat' dir='ltr'><strong>satverosimile</strong></span> <span class='ocrx_word' id='word_1_724' title='bbox 3279 4634 3546 4707; x_wconf 88' lang='lat' dir='ltr'><strong>apparet,</strong></span> <span class='ocrx_word' id='word_1_725' title='bbox 3573 4628 3685 4689; x_wconf 89' lang='lat' dir='ltr'><strong>etsi</strong></span> 
     </span>
    </p>
   </div>
   <div class='ocr_carea' id='block_1_105' title="bbox 2041 4714 3680 4796">
    <p class='ocr_par' dir='ltr' id='par_1_105' title="bbox 2041 4714 3680 4796">
     <span class='ocr_line' id='line_1_105' title="bbox 2041 4714 3680 4796; baseline 0.004 -23"><span class='ocrx_word' id='word_1_726' title='bbox 2041 4714 2277 4777; x_wconf 89' lang='lat' dir='ltr'><strong>interim</strong></span> <span class='ocrx_word' id='word_1_727' title='bbox 2313 4734 2423 4778; x_wconf 82' lang='lat' dir='ltr'><strong>nec</strong></span> <span class='ocrx_word' id='word_1_728' title='bbox 2453 4715 2512 4777; x_wconf 91' lang='lat' dir='ltr'><strong>id</strong></span> <span class='ocrx_word' id='word_1_729' title='bbox 2546 4733 2793 4796; x_wconf 86' lang='lat' dir='ltr'><strong>prorsus</strong></span> <span class='ocrx_word' id='word_1_730' title='bbox 2837 4723 3062 4777; x_wconf 89' lang='lat' dir='ltr'><strong>certum</strong></span> <span class='ocrx_word' id='word_1_731' title='bbox 3094 4733 3436 4778; x_wconf 87' lang='lat' dir='ltr'><strong>asseverare</strong></span> <span class='ocrx_word' id='word_1_732' title='bbox 3465 4717 3680 4780; x_wconf 89' lang='lat' dir='ltr'><strong>ausim.</strong></span> 
     </span>
    </p>
   </div>
   <div class='ocr_carea' id='block_1_106' title="bbox 2037 4802 3682 4886">
    <p class='ocr_par' dir='ltr' id='par_1_106' title="bbox 2037 4802 3682 4886">
     <span class='ocr_line' id='line_1_106' title="bbox 2037 4802 3682 4886; baseline 0.004 -22"><span class='ocrx_word' id='word_1_733' title='bbox 2037 4802 2120 4867; x_wconf 79' lang='lat' dir='ltr'><strong>Ea</strong></span> <span class='ocrx_word' id='word_1_734' title='bbox 2148 4807 2321 4869; x_wconf 88' lang='lat' dir='ltr'><strong>sedet</strong></span> <span class='ocrx_word' id='word_1_735' title='bbox 2357 4807 2670 4878; x_wconf 82' lang='lat' dir='ltr'><strong>sententis,</strong></span> <span class='ocrx_word' id='word_1_736' title='bbox 2711 4805 2900 4885; x_wconf 88' lang='lat' dir='ltr'><strong>primo</strong></span> <span class='ocrx_word' id='word_1_737' title='bbox 2932 4803 3198 4886; x_wconf 89' lang='lat' dir='ltr'><strong>quidem,</strong></span> <span class='ocrx_word' id='word_1_738' title='bbox 3222 4804 3379 4886; x_wconf 87' lang='lat' dir='ltr'><strong>quod</strong></span> <span class='ocrx_word' id='word_1_739' title='bbox 3412 4816 3682 4870; x_wconf 89' lang='lat' dir='ltr'><strong>sanctum</strong></span> 
     </span>
    </p>
   </div>
   <div class='ocr_carea' id='block_1_107' title="bbox 2037 4893 3686 4978">
    <p class='ocr_par' dir='ltr' id='par_1_107' title="bbox 2037 4893 3686 4978">
     <span class='ocr_line' id='line_1_107' title="bbox 2037 4893 3686 4978; baseline 0.001 -20"><span class='ocrx_word' id='word_1_740' title='bbox 2037 4903 2308 4958; x_wconf 88' lang='lat' dir='ltr'><strong>nostrum</strong></span> <span class='ocrx_word' id='word_1_741' title='bbox 2339 4895 2649 4978; x_wconf 84' lang='lat' dir='ltr'><strong>dictusque</strong></span> <span class='ocrx_word' id='word_1_742' title='bbox 2671 4894 2845 4957; x_wconf 87' lang='lat' dir='ltr'><strong>binos</strong></span> <span class='ocrx_word' id='word_1_743' title='bbox 2866 4894 3014 4957; x_wconf 85' lang='lat' dir='ltr'><strong>alios</strong></span> <span class='ocrx_word' id='word_1_744' title='bbox 3044 4893 3686 4960; x_wconf 87' lang='lat' dir='ltr'><strong>sanctosaCbristianis</strong></span> 
     </span>
    </p>
   </div>
   <div class='ocr_carea' id='block_1_108' title="bbox 2041 4985 3683 5068">
    <p class='ocr_par' dir='ltr' id='par_1_108' title="bbox 2041 4985 3683 5068">
     <span class='ocr_line' id='line_1_108' title="bbox 2041 4985 3683 5068; baseline 0.001 -21"><span class='ocrx_word' id='word_1_745' title='bbox 2041 4995 2163 5049; x_wconf 90' lang='lat' dir='ltr'><strong>tum</strong></span> <span class='ocrx_word' id='word_1_746' title='bbox 2184 4985 2532 5068; x_wconf 84' lang='lat' dir='ltr'><strong>frequenter</strong></span> <span class='ocrx_word' id='word_1_747' title='bbox 2558 4986 2860 5048; x_wconf 87' lang='lat' dir='ltr'><strong>invocatos</strong></span> <span class='ocrx_word' id='word_1_748' title='bbox 2880 4985 3062 5047; x_wconf 83' lang='lat' dir='ltr'><strong>fuisse</strong></span> <span class='ocrx_word' id='word_1_749' title='bbox 3079 4986 3683 5067; x_wconf 87' lang='lat' dir='ltr'><strong>appareat,directas-</strong></span> 
     </span>
    </p>
   </div>
   <div class='ocr_carea' id='block_1_109' title="bbox 2039 5074 3680 5156">
    <p class='ocr_par' dir='ltr' id='par_1_109' title="bbox 2039 5074 3680 5156">
     <span class='ocr_line' id='line_1_109' title="bbox 2039 5074 3680 5156; baseline 0.002 -19"><span class='ocrx_word' id='word_1_750' title='bbox 2039 5093 2153 5156; x_wconf 88' lang='lat' dir='ltr'><strong>que</strong></span> <span class='ocrx_word' id='word_1_751' title='bbox 2177 5075 2262 5137; x_wconf 88' lang='lat' dir='ltr'><strong>illi</strong></span> <span class='ocrx_word' id='word_1_752' title='bbox 2291 5076 2361 5136; x_wconf 84' lang='lat' dir='ltr'><strong>ad</strong></span> <span class='ocrx_word' id='word_1_753' title='bbox 2386 5093 2449 5137; x_wconf 88' lang='lat' dir='ltr'><strong>se</strong></span> <span class='ocrx_word' id='word_1_754' title='bbox 2475 5074 2896 5155; x_wconf 86' lang='lat' dir='ltr'><strong>precesirritas</strong></span> <span class='ocrx_word' id='word_1_755' title='bbox 2922 5093 3053 5137; x_wconf 87' lang='lat' dir='ltr'><strong>esse</strong></span> <span class='ocrx_word' id='word_1_756' title='bbox 3085 5074 3502 5139; x_wconf 89' lang='lat' dir='ltr'><strong>verosimiliter</strong></span> <span class='ocrx_word' id='word_1_757' title='bbox 3524 5077 3680 5141; x_wconf 88' lang='lat' dir='ltr'><strong>haud</strong></span> 
     </span>
    </p>
   </div>
   <div class='ocr_carea' id='block_1_110' title="bbox 2040 5165 3682 5242">
    <p class='ocr_par' dir='ltr' id='par_1_110' title="bbox 2040 5165 3682 5242">
     <span class='ocr_line' id='line_1_110' title="bbox 2040 5165 3682 5242; baseline 0 -13"><span class='ocrx_word' id='word_1_758' title='bbox 2040 5165 2537 5242; x_wconf 82' lang='lat' dir='ltr'><strong>siverint;deiude</strong></span> <span class='ocrx_word' id='word_1_759' title='bbox 2558 5165 2910 5242; x_wconf 89' lang='lat' dir='ltr'><strong>vero,quod,</strong></span> <span class='ocrx_word' id='word_1_760' title='bbox 2940 5184 3073 5228; x_wconf 76' lang='lat' dir='ltr'><strong>cum</strong></span> <span class='ocrx_word' id='word_1_761' title='bbox 3109 5165 3514 5241; x_wconf 85' lang='lat' dir='ltr'><strong>Boamundus,</strong></span> <span class='ocrx_word' id='word_1_762' title='bbox 3541 5167 3682 5229; x_wconf 87' lang='lat' dir='ltr'><strong>dum</strong></span> 
     </span>
    </p>
   </div>
   <div class='ocr_carea' id='block_1_111' title="bbox 2038 5254 3688 5336">
    <p class='ocr_par' dir='ltr' id='par_1_111' title="bbox 2038 5254 3688 5336">
     <span class='ocr_line' id='line_1_111' title="bbox 2038 5254 3688 5336; baseline -0.001 -18"><span class='ocrx_word' id='word_1_763' title='bbox 2038 5257 2110 5318; x_wconf 86' lang='lat' dir='ltr'><strong>ad</strong></span> <span class='ocrx_word' id='word_1_764' title='bbox 2142 5256 2388 5318; x_wconf 84' lang='lat' dir='ltr'><strong>relatam</strong></span> <span class='ocrx_word' id='word_1_765' title='bbox 2417 5273 2450 5317; x_wconf 89' lang='lat' dir='ltr'><strong>a</strong></span> <span class='ocrx_word' id='word_1_766' title='bbox 2473 5256 2691 5336; x_wconf 67' lang='lat' dir='ltr'><strong>Pyrrho</strong></span> <span class='ocrx_word' id='word_1_767' title='bbox 2725 5254 3014 5317; x_wconf 88' lang='lat' dir='ltr'><strong>visionem</strong></span> <span class='ocrx_word' id='word_1_768' title='bbox 3052 5254 3456 5336; x_wconf 79' lang='lat' dir='ltr'><strong>reSpondit,in</strong></span> <span class='ocrx_word' id='word_1_769' title='bbox 3488 5254 3688 5316; x_wconf 89' lang='lat' dir='ltr'><strong>belto-</strong></span> 
     </span>
    </p>
   </div>
   <div class='ocr_carea' id='block_1_112' title="bbox 2036 5342 3687 5427">
    <p class='ocr_par' dir='ltr' id='par_1_112' title="bbox 2036 5342 3687 5427">
     <span class='ocr_line' id='line_1_112' title="bbox 2036 5342 3687 5427; baseline -0.002 -18"><span class='ocrx_word' id='word_1_770' title='bbox 2036 5366 2168 5409; x_wconf 89' lang='lat' dir='ltr'><strong>rum</strong></span> <span class='ocrx_word' id='word_1_771' title='bbox 2198 5344 2480 5427; x_wconf 86' lang='lat' dir='ltr'><strong>periculis</strong></span> <span class='ocrx_word' id='word_1_772' title='bbox 2509 5363 2543 5406; x_wconf 89' lang='lat' dir='ltr'><strong>a</strong></span> <span class='ocrx_word' id='word_1_773' title='bbox 2565 5344 2781 5406; x_wconf 90' lang='lat' dir='ltr'><strong>sanctis</strong></span> <span class='ocrx_word' id='word_1_774' title='bbox 2813 5343 3090 5424; x_wconf 87' lang='lat' dir='ltr'><strong>Georgio,</strong></span> <span class='ocrx_word' id='word_1_775' title='bbox 3114 5342 3415 5407; x_wconf 88' lang='lat' dir='ltr'><strong>Demetrio</strong></span> <span class='ocrx_word' id='word_1_776' title='bbox 3448 5352 3508 5405; x_wconf 91' lang='lat' dir='ltr'><strong>et</strong></span> <span class='ocrx_word' id='word_1_777' title='bbox 3527 5345 3687 5406; x_wconf 87' lang='lat' dir='ltr'><strong>Mau-</strong></span> 
     </span>
    </p>
   </div>
   <div class='ocr_carea' id='block_1_113' title="bbox 2028 5434 3685 5517">
    <p class='ocr_par' dir='ltr' id='par_1_113' title="bbox 2028 5434 3685 5517">
     <span class='ocr_line' id='line_1_113' title="bbox 2028 5434 3685 5517; baseline -0.002 -19"><span class='ocrx_word' id='word_1_778' title='bbox 2028 5436 2169 5498; x_wconf 91' lang='lat' dir='ltr'><strong>ritio</strong></span> <span class='ocrx_word' id='word_1_779' title='bbox 2226 5434 2344 5517; x_wconf 90' lang='lat' dir='ltr'><strong>(adi</strong></span> <span class='ocrx_word' id='word_1_780' title='bbox 2402 5454 2569 5497; x_wconf 91' lang='lat' dir='ltr'><strong>num.</strong></span> <span class='ocrx_word' id='word_1_781' title='bbox 2606 5435 2877 5515; x_wconf 82' lang='lat' dir='ltr'><strong>proxime</strong></span> <span class='ocrx_word' id='word_1_782' title='bbox 2934 5434 3351 5516; x_wconf 63' lang='lat' dir='ltr'><strong>praegressum)</strong></span> <span class='ocrx_word' id='word_1_783' title='bbox 3390 5435 3685 5497; x_wconf 77' lang='lat' dir='ltr'><strong>succurri</strong></span> 
     </span>
    </p>
   </div>
   <div class='ocr_carea' id='block_1_114' title="bbox 2033 5523 3683 5606">
    <p class='ocr_par' dir='ltr' id='par_1_114' title="bbox 2033 5523 3683 5606">
     <span class='ocr_line' id='line_1_114' title="bbox 2033 5523 3683 5606; baseline -0.002 -15"><span class='ocrx_word' id='word_1_784' title='bbox 2033 5525 2381 5591; x_wconf 89' lang='lat' dir='ltr'><strong>Christianis</strong></span> <span class='ocrx_word' id='word_1_785' title='bbox 2405 5525 2760 5600; x_wconf 87' lang='lat' dir='ltr'><strong>asseruerit,</strong></span> <span class='ocrx_word' id='word_1_786' title='bbox 2794 5543 2858 5587; x_wconf 70' lang='lat' dir='ltr'><strong>ei</strong></span> <span class='ocrx_word' id='word_1_787' title='bbox 2892 5525 2951 5585; x_wconf 91' lang='lat' dir='ltr'><strong>in</strong></span> <span class='ocrx_word' id='word_1_788' title='bbox 2984 5523 3261 5606; x_wconf 82' lang='lat' dir='ltr'><strong>opinione</strong></span> <span class='ocrx_word' id='word_1_789' title='bbox 3293 5524 3472 5587; x_wconf 89' lang='lat' dir='ltr'><strong>hosce</strong></span> <span class='ocrx_word' id='word_1_790' title='bbox 3503 5524 3683 5587; x_wconf 89' lang='lat' dir='ltr'><strong>etiam</strong></span> 
     </span>
    </p>
   </div>
   <div class='ocr_carea' id='block_1_115' title="bbox 2036 5613 3679 5700">
    <p class='ocr_par' dir='ltr' id='par_1_115' title="bbox 2036 5613 3679 5700">
     <span class='ocr_line' id='line_1_115' title="bbox 2036 5613 3679 5700; baseline -0.002 -21"><span class='ocrx_word' id='word_1_791' title='bbox 2036 5615 2254 5700; x_wconf 82' lang='lat' dir='ltr'><strong>passim</strong></span> <span class='ocrx_word' id='word_1_792' title='bbox 2291 5625 2430 5679; x_wconf 91' lang='lat' dir='ltr'><strong>tunc</strong></span> <span class='ocrx_word' id='word_1_793' title='bbox 2460 5616 2667 5691; x_wconf 88' lang='lat' dir='ltr'><strong>fuisse,</strong></span> <span class='ocrx_word' id='word_1_794' title='bbox 2699 5622 3049 5695; x_wconf 84' lang='lat' dir='ltr'><strong>argumento</strong></span> <span class='ocrx_word' id='word_1_795' title='bbox 3082 5613 3140 5676; x_wconf 92' lang='lat' dir='ltr'><strong>id</strong></span> <span class='ocrx_word' id='word_1_796' title='bbox 3170 5613 3679 5696; x_wconf 85' lang='lat' dir='ltr'><strong>sit,experientia-</strong></span> 
     </span>
    </p>
   </div>
   <div class='ocr_carea' id='block_1_116' title="bbox 2038 5702 3683 5791">
    <p class='ocr_par' dir='ltr' id='par_1_116' title="bbox 2038 5702 3683 5791">
     <span class='ocr_line' id='line_1_116' title="bbox 2038 5702 3683 5791; baseline 0.001 -23"><span class='ocrx_word' id='word_1_797' title='bbox 2038 5726 2154 5789; x_wconf 89' lang='lat' dir='ltr'><strong>que</strong></span> <span class='ocrx_word' id='word_1_798' title='bbox 2184 5706 2471 5769; x_wconf 82' lang='lat' dir='ltr'><strong>habeatur</strong></span> <span class='ocrx_word' id='word_1_799' title='bbox 2501 5711 2900 5787; x_wconf 88' lang='lat' dir='ltr'><strong>compertum,</strong></span> <span class='ocrx_word' id='word_1_800' title='bbox 2934 5702 3091 5769; x_wconf 89' lang='lat' dir='ltr'><strong>haud</strong></span> <span class='ocrx_word' id='word_1_801' title='bbox 3151 5722 3288 5768; x_wconf 85' lang='lat' dir='ltr'><strong>raro</strong></span> <span class='ocrx_word' id='word_1_802' title='bbox 3321 5704 3586 5791; x_wconf 88' lang='lat' dir='ltr'><strong>evenire,</strong></span> <span class='ocrx_word' id='word_1_803' title='bbox 3618 5712 3683 5773; x_wconf 86' lang='lat' dir='ltr'><strong>ut</strong></span> 
     </span>
    </p>
   </div>
  </div>
