4124 6410
318 377 466 442 1417

1397 383 1456 442 S.
1507 379 1880 442 DEMETRII
1933 376 2332 442 MARTYRIS
2372 379 2590 441 ACTA.

3532 378 3690 442 1418

311 510 1950 592 Historiarumlib.t,cap.53suppeditat,verba,inCom-
1975 521 2010 568 A
2037 510 2362 571 nachorum
2396 510 2458 572 in
2489 509 2564 571 iis
2593 509 2902 590 hodieque
2927 509 3272 589 degentium
3311 510 3698 573 multitudine

316 601 602 662 mentario
631 602 846 681 prmvio
897 621 1061 664 num.
1114 601 1221 662 121
1251 602 1374 680 jam
1409 601 1679 679 recitata,
1713 603 1960 662 innuere

311 690 602 754 videntur.
640 693 720 751 Ita
740 693 937 751 animo
961 699 1340 770 comparatus
1356 707 1514 762 sum,
1558 689 1714 767 quod
1750 688 1808 748 in
1843 697 1960 749 tota

310 777 699 840 Cantaeuaeni
722 779 796 840 de
820 786 1105 858 occupata
1128 795 1236 858 per
1262 775 1675 838 Andronicum
1706 774 1959 838 Thessa-

312 868 509 929 lonica
535 868 873 929 narratione
892 867 1037 928 nihil
1061 865 1305 928 omnino
1324 873 1618 937 occurrat,
1639 864 1784 944 quin
1817 865 1961 926 solis

310 965 534 1019 natura:
559 956 790 1019 viribus
813 957 942 1018 fieri
965 955 1138 1018 facile
1159 955 1736 1036 potuerit;superiori
1761 965 1955 1015 autem

307 1045 511 1107 virtuti
543 1045 786 1119 factum,
824 1054 1049 1106 natura:
1076 1044 1234 1105 vires
1265 1041 1423 1104 haud
1452 1043 1962 1123 excedens,ascri-

306 1133 453 1195 bere
485 1152 603 1195 non
635 1133 986 1205 debeamus,
1024 1134 1134 1194 nisi
1172 1134 1348 1212 forte,
1399 1131 1556 1212 quod
1589 1132 1828 1193 interim
1862 1133 1959 1194 hic

302 1241 420 1284 non
453 1223 540 1299 fit,
576 1226 724 1284 ratio
761 1224 1048 1303 quapiam
1079 1223 1242 1301 justa
1264 1241 1332 1283 ac
1365 1221 1556 1282 solida
1589 1221 1955 1282 contrarium

303 1313 574 1372 suadeat.
607 1309 828 1373 Verum
852 1313 962 1374 etsi
994 1312 1237 1389 quidem
1288 1311 1348 1370 in
1377 1309 1820 1371 Thessalonica;
1850 1329 1960 1388 per

302 1400 709 1462 Andronicum
744 1402 1138 1480 occupatione
1171 1399 1558 1473 miraculum,
1595 1407 1659 1458 ut
1687 1409 1954 1478 apparet,

302 1507 410 1550 seu
430 1507 758 1569 supernum
784 1509 818 1550 a
863 1498 1068 1550 sancto
1099 1491 1404 1552 Demetrio
1437 1486 1953 1548 subministratum

301 1578 584 1639 auxilium
617 1578 1054 1640 admittendum
1089 1597 1209 1639 non
1245 1576 1830 1651 videatur,miraculo
1863 1585 1951 1637 ta-

309 1685 465 1741 men,
495 1685 604 1746 per
634 1677 901 1730 sanctum
933 1667 1305 1730 Demetrium
1338 1673 1589 1745 patrato,
1624 1675 1683 1725 ut
1712 1665 1952 1726 Andro-

304 1754 930 1836 nicus,Thessalonica
943 1757 1066 1836 jam
1089 1753 1477 1834 occupata,ab
1500 1755 1834 1816 inveterato
1858 1774 1954 1834 pe-

2045 599 2463 675 celeberrimo,
2499 597 2673 661 vitam
2697 599 3023 660 solitariam
3049 599 3260 676 agebat
3286 620 3302 677 ;
3333 619 3468 663 cum
3497 609 3694 663 autem

2044 689 2124 749 ita
2156 689 2312 750 haud
2341 689 2548 769 procul
2581 689 2904 750 admodum
2939 707 2972 749 a
3003 687 3530 754 Thessalonicensi
3561 691 3697 752 civi-

2046 786 2184 854 tate,
2219 787 2422 858 utpote
2454 787 2513 840 et
2541 779 2674 858 ipsa
2704 783 2765 838 in
2793 778 3146 841 Macedonia
3174 778 3308 857 sita,
3335 787 3694 856 versaretur,

2047 867 2121 928 de
2152 868 2284 928 oleo
2341 887 2446 929 seu
2500 875 2832 947 unguento,
2893 867 3144 948 quodin
3173 867 3696 934 Thessalonicenai

2045 957 2234 1018 sancti
2267 956 2552 1020 Demetrii
2585 957 2834 1020 basilica
2861 977 2894 1019 e
2923 976 3093 1021 sacro
3131 958 3305 1038 hujus
3337 959 3566 1022 tumulo
3593 960 3696 1023 in-

2044 1049 2206 1125 genti
2235 1066 2302 1108 ac
2333 1047 2628 1129 stupenda
2659 1048 2832 1129 copia
2862 1049 3141 1110 continuo
3170 1048 3436 1131 stillaret,
3465 1068 3693 1115 sermo-

2047 1155 2152 1196 nes
2184 1156 2216 1197 a
2247 1137 2522 1216 pluribus
2556 1137 2797 1200 misceri
2829 1137 2986 1200 haud
3016 1156 3154 1200 raro
3185 1139 3473 1202 audierat.

2051 1248 2054 1251 ·
2123 1225 2243 1286 34⁸.
2258 1229 2480 1288 Verum
2495 1227 2583 1288 rei
2599 1227 2952 1307 prodigiosae
2966 1228 3142 1290 fidem
3167 1228 3324 1290 haud
3343 1228 3686 1294 adhibebat.

2041 1313 2186 1375 Cum
2211 1315 2854 1394 enim,dicebat,sancti
2876 1316 3334 1399 Demetrii,quia
3354 1319 3522 1382 hasta
3539 1318 3690 1382 dun-

2043 1412 2196 1464 taxat
2225 1406 2534 1467 confossus
2564 1404 2988 1480 occubuit,nec
3019 1406 3196 1486 plura
3227 1415 3523 1471 tormenta
3547 1409 3690 1472 sub-

2042 1491 2130 1568 iit,
2161 1493 2505 1573 martyrium
2567 1494 2717 1556 nihil
2775 1495 3020 1556 omnino
3054 1496 3353 1574 singulare
3385 1496 3687 1574 habuerit,

2041 1589 2103 1642 ut
2132 1582 2234 1661 qui
2265 1601 2388 1664 prae
2415 1585 2637 1645 sanctis
2671 1584 3032 1664 martyribus
3056 1585 3210 1662 aliis,
3248 1587 3351 1667 qui
3383 1587 3688 1652 atrocissi-

2040 1670 2152 1731 mis
2209 1671 2669 1754 quibuscunque
2730 1673 2996 1736 toleratis
3050 1675 3368 1738 tormentis
3423 1677 3691 1758 martyrii

2038 1760 2292 1839 palmam
2326 1762 2806 1842 retulere,gratia
2835 1763 2936 1825 illa
2967 1762 3184 1826 Sancto
3216 1765 3312 1827 isti
3347 1765 3524 1846 plane
3554 1767 3687 1829 exi-

301 1845 681 1926 riculosoque
713 1846 1048 1922 vulnere,in
1083 1846 1235 1926 pede
1265 1852 1530 1924 accepto,
1573 1844 1801 1924 absque
1832 1845 1953 1905 ulla
1976 1881 2018 1932 B
2041 1850 2248 1924 mia,ut
2271 1870 2304 1912 e
2328 1852 2554 1914 tumulo
2573 1853 2704 1931 ejus
2729 1861 3128 1933 unguentum,
3153 1844 3432 1917 sanandis
3461 1856 3690 1918 morbis

308 1953 636 2010 mora,cum
664 1945 970 2014 unguento
993 1953 1027 1996 e
1049 1939 1239 1995 sancti
1264 1933 1551 1998 Demetrii
1577 1933 1800 1994 tumulo
1824 1951 1950 1994 sca-

305 2023 588 2100 turiente,
627 2024 820 2086 linere
851 2025 1016 2085 illum
1051 2023 1440 2102 decrevisset,
1472 2023 1652 2084 fuerit
1683 2032 1942 2103 sanatus,

301 2113 521 2176 factum
557 2112 980 2176 existimo.Nec
1011 2112 1393 2193 dubito,quin
1424 2113 1570 2174 mihi
1593 2130 1946 2174 assensurus

304 2201 401 2277 sit,
437 2203 776 2284 quicunque
808 2204 1076 2284 proxime
1104 2201 1588 2282 laudata,quibus
1618 2203 1795 2264 etiam
1826 2204 1942 2263 mi-

307 2292 513 2353 rabilis
542 2291 644 2354 illa
682 2293 1010 2354 Andronici
1057 2292 1284 2355 sanatio
1321 2301 1615 2366 narratur,
1648 2291 1945 2354 Cantacu-

299 2381 433 2442 aeni
462 2379 645 2443 verba
692 2391 919 2443 attento
968 2382 1168 2443 animo
1223 2381 1590 2461 expenderit.
1626 2381 1944 2443 Schismati

299 2469 692 2551 quidem,quo
712 2470 978 2533 Ecclesia
997 2479 1202 2535 braca
1221 2489 1258 2532 a
1282 2471 1502 2532 Christi
1529 2469 1797 2532 Ecclesia
1820 2482 1947 2534 erat

297 2559 930 2638 sejuucta.adhairebat
946 2561 1330 2623 Andronicus
1339 2576 1428 2635 ;ve
1439 2579 1570 2622 rum
1587 2559 1940 2623 beneﬁcium

295 2649 444 2710 adeo
470 2647 753 2711 eximium
777 2650 840 2711 in
866 2651 1170 2713 hominem
1194 2651 1373 2712 etiam
1394 2650 1734 2728 hujusmodi
1762 2650 1943 2714 fuisse

299 2739 600 2815 collatum,
639 2739 976 2803 mirandum
1030 2759 1151 2802 non
1207 2749 1324 2817 est,
1363 2758 1498 2802 cum
1559 2740 1941 2801 historiarum

300 2830 707 2890 monumentis
736 2830 1040 2909 proditum
1093 2829 1191 2904 sit,
1226 2828 1489 2909 ingentia
1519 2829 1802 2891 miracula
1829 2830 1941 2891 ali-

295 2917 532 2997 quando
547 2918 608 2979 in
623 2919 894 2980 ethnicos
915 2928 974 2982 et
989 2939 1024 2980 a
1037 2919 1371 2982 Christiana
1385 2919 1676 2998 religione
1700 2937 1942 2998 prorsus

295 3005 527 3070 alienos
553 3027 584 3071 a
614 3009 755 3070 viris
781 3011 1025 3086 sanctis,
1065 3009 1155 3070 vel
1179 3009 1303 3088 jam
1333 3009 1396 3070 in
1425 3009 1646 3081 ccelum
1685 3011 1944 3089 receptis

301 3101 390 3158 vel
415 3101 602 3162 adhuc
626 3104 798 3161 vitam
819 3105 1123 3162 nobiseum
1145 3103 1520 3175 agitantibus,
1544 3111 1762 3174 patrata
1794 3118 1938 3162 esse.

307 3185 393 3249 lta
421 3189 546 3252 fere
564 3189 628 3252 in
652 3189 777 3252 suis
805 3190 880 3252 ad
908 3191 1178 3271 proximo
1209 3190 1312 3255 cit.
1347 3189 1736 3254 Cantacuzeni
1769 3199 1944 3270 caput

305 3282 793 3342 Adnotationibus
828 3285 1126 3343 Societatis
1170 3292 1382 3343 nostrae
1400 3283 1671 3342 sacerdos
1697 3283 1942 3342 Jacobus

305 3370 664 3451 Gretserus;
696 3371 962 3451 quicum
1011 3370 1237 3434 ibidem
1285 3379 1577 3452 preterea
1615 3369 1798 3433 multa
1827 3371 1941 3433 alia

299 3458 455 3522 hanc
491 3461 554 3522 in
571 3479 702 3522 rem
725 3470 1058 3542 opportune
1097 3461 1373 3537 disserat,
1406 3460 1710 3524 curiosum
1743 3460 1938 3524 lecto-

294 3566 424 3610 rem
455 3550 531 3612 ad
561 3568 699 3613 eum
721 3550 1029 3612 brevitatis
1057 3569 1240 3612 causa
1266 3550 1622 3626 remitto,uti
1653 3559 1711 3611 et
1739 3551 1812 3611 ad
1843 3569 1934 3626 ea,

291 3657 425 3720 quae
452 3639 623 3720 operi
676 3639 864 3701 nostri
921 3651 1120 3702 tomus
1166 3640 1436 3720 proxime
1481 3639 1849 3702 antecedens
1875 3642 1940 3702 in

289 3729 760 3811 Commentario,
787 3729 952 3792 Actis
981 3727 1088 3794 SS.
1122 3728 1316 3809 Sergii
1349 3737 1410 3792 et
1447 3727 1667 3792 Bacchi
1698 3732 1935 3808 praivio,

287 3818 318 3898 §
347 3819 410 3900 5,
443 3819 885 3902 complectitur.

287 3931 315 4002 ς
382 3931 480 3989 lll.
517 3933 846 4016 ﬂammae,
879 3948 999 4016 qua
1045 3933 1406 4016 printer-cede
1459 3931 1770 4016 prodigiose
1827 3949 1936 3989 uu-

361 4012 581 4074 guesue,
612 4021 640 4062 ο
668 4005 846 4061 sancti
885 4004 1137 4061 Demirii
1162 4005 1362 4062 tumulo
1395 4004 1720 4062 scatur-ian“
1749 4023 1937 4060 nemo-

357 4076 454 4131 ria
491 4081 706 4134 minus
729 4076 970 4149 prodita,
1002 4076 1059 4131 ia
1076 4078 1312 4136 mediam
1340 4076 1698 4134 adducantur.

371 4183 606 4249 34.Etsi
627 4185 870 4264 quidem
890 4192 1258 4264 unguentum
1279 4204 1312 4246 e
1332 4185 1520 4246 sancti
1544 4184 1829 4246 Demetrii
1851 4193 1938 4246 tu-

289 4273 452 4334 mulo
505 4273 650 4336 olim
681 4292 800 4336 non
841 4283 1066 4336 tantum
1119 4275 1398 4351 stillasse,
1453 4275 1561 4336 sed
1619 4285 1678 4335 et
1708 4273 1933 4351 ingenti

287 4381 532 4443 prorsus
561 4383 631 4426 ac
660 4365 954 4446 stupenda
984 4365 1158 4445 copia
1208 4364 1267 4426 id
1310 4365 1553 4444 factum,
1587 4363 1842 4426 adducta
1870 4363 1932 4425 in

288 4456 732 4517 Commentario
757 4456 1170 4536 prmvio,num.
1190 4455 1269 4518 95
1289 4463 1348 4516 et
1363 4455 1467 4531 97,
1490 4455 1712 4516 Nicetis
1742 4452 1931 4516 Chro-

290 4545 465 4606 niataa
502 4554 560 4607 et
600 4543 851 4608 Joannis
879 4546 1238 4624 Anagnosta:
1267 4543 1448 4607 verba
1477 4553 1566 4606 sat
1592 4543 1933 4606 luculenter

2033 1939 2317 2015 salutare,
2347 1941 2687 2022 prodigiose
2707 1943 3303 2018 scaturiat,divinitus
3324 1947 3402 2006 sit
3422 1945 3637 2009 collata
3662 1949 3692 2007 ?

2029 2028 2272 2105 Adhzec,
2309 2050 2445 2092 cum
2476 2040 2844 2112 unguentum
2875 2032 3024 2094 illud
3057 2052 3162 2095 seu
3193 2033 3390 2096 oleum
3426 2035 3688 2098 maxima

2030 2120 2295 2201 quotidie
2326 2124 2502 2202 copia
2529 2141 2563 2184 a
2585 2123 2805 2203 populo
2830 2124 3198 2199 hauriri,nec
3226 2133 3426 2187 tamen
3449 2125 3570 2187 ulla
3589 2143 3686 2188 ra-

2031 2211 2196 2272 tione
2227 2211 2502 2274 imminui
2534 2212 2791 2294 audiret,
2826 2231 2860 2274 e
2890 2213 3094 2276 Sancti
3123 2217 3308 2275 nostri
3341 2233 3593 2294 corpore
3622 2215 3684 2277 id

2027 2299 2274 2376 stillare,
2313 2302 2628 2382 aegerrime
2651 2302 2711 2363 in
2744 2303 3008 2365 animum
3042 2301 3474 2382 inducebat,eo
3506 2307 3685 2367 etiam

2027 2387 2256 2453 idcirco
2287 2391 2694 2472 propendens,
2759 2402 2824 2455 ut
2881 2392 3078 2455 oleum
3133 2411 3239 2455 seu
3287 2401 3678 2474 unguentum,

2029 2476 2274 2541 aliunde
2303 2490 2479 2543 antea
2501 2489 2796 2562 paratum,
2831 2499 2952 2543 non
2977 2500 3236 2562 superna
3266 2501 3371 2544 seu
3402 2485 3682 2564 martyris

2029 2567 2265 2645 virtute,
2301 2571 2406 2633 sed
2468 2572 2727 2643 humano
2759 2572 3012 2634 artiﬁcio
3044 2571 3257 2634 effecta
3288 2573 3676 2653 scaturigine,

2028 2658 2246 2738 populo
2273 2659 2547 2740 profundi
2569 2679 2677 2723 seu
2698 2661 3138 2724 subministrari
3161 2661 3673 2728 existimaret.Ve-

2028 2766 2160 2832 rum
2193 2751 2488 2812 monacho
2546 2750 2656 2831 illi,
2701 2769 2818 2832 qua
2838 2751 3334 2832 incredulitatem
3365 2771 3535 2814 suam
3567 2753 3681 2816 fuit

2028 2828 2500 2908 dedoctus,visio
2532 2828 2798 2894 caelestis
2819 2831 2930 2893 fuit
2951 2831 3343 2896 oblata.Hanc
3366 2833 3678 2915 ipsis,qua3

2025 2919 2287 2983 Joannes
2317 2919 2661 2984 Stauracius
2711 2921 2842 2983 loco
2900 2921 3002 2982 cit.
3035 2923 3398 3002 suppeditat,
3457 2923 3680 2986 Graecis

2027 3009 2256 3091 verbis,
2294 3009 2497 3073 addita
2555 3011 2733 3072 etiam
2785 3011 2859 3072 ad
2905 3011 3128 3074 calcem
3182 3013 3678 3094 interpretatione

2026 3100 2254 3177 Latina,
2311 3099 2520 3162 lectori
2575 3101 2671 3163 hic
2731 3099 2880 3164 libet
2924 3100 3226 3164 exhibere.
3285 3101 3385 3164 Sic
3443 3101 3672 3166 habet:

2028 3190 2232 3248 Ἐδόκει
2312 3191 2428 3247 καθ’
2515 3190 2706 3255 ὕπνους
2786 3193 3025 3270 γενέσθαι
3097 3199 3166 3270 τῇ
3241 3192 3675 3251 Θεσσαλονικέων

2025 3282 2202 3360 πόλει²
2271 3283 2358 3338 καὶ
2418 3283 2506 3338 τὸν
2573 3283 2694 3338 ναὸν
2753 3279 3183 3358 καταλαμϐάνειν
3243 3290 3334 3339 τοῦ
3384 3284 3672 3363 μάρτυρος,

2024 3372 2196 3450 εὑρεῖν
2251 3393 2307 3426 τε
2365 3373 2454 3428 τὸν
2514 3373 2776 3450 νεωκόρον
2820 3371 2913 3428 καΐ
2974 3385 3312 3449 προσειπεῖν,
3365 3375 3464 3430 καί
3505 3373 3674 3429 ἀκοῦε-

2027 3485 2112 3518 σαι
2152 3479 2163 3491 ’
2198 3456 2264 3518 Ἦ
2309 3463 2485 3537 βούλει
2536 3461 2730 3519 ἰδέσθαι
2791 3464 2879 3518 τὸν
2910 3463 3149 3541 μάρτυρα
3179 3481 3198 3538 ;
3233 3465 3320 3519 καὶ
3350 3463 3672 3541 ἂνθυπενεγ-

2024 3565 2164 3612 κεῖν.
2197 3554 2288 3608 τὸν
2333 3550 2600 3630 Βιτάλιον²
2633 3553 2717 3608 καὶ
2765 3553 2880 3608 λίαν
2935 3555 3008 3615 εἰς
3038 3559 3198 3610 τοῦτο
3228 3550 3346 3632 ἔχει
3373 3549 3676 3628 διψητικῶς

2023 3641 2160 3697 ὥστε
2217 3642 2304 3696 καὶ
2353 3639 2484 3698 ἰδεῖν
2544 3643 2630 3698 καὶ
2688 3640 3139 3721 προσπτύξασθαι.
3192 3648 3292 3699 Καὶ
3321 3640 3488 3706 οὕτως
3521 3644 3548 3698 6
3579 3641 3677 3718 μὲν

2024 3742 2322 3808 προηγεῖτο
2352 3733 2380 3786 6
2413 3731 2702 3811 νεωκόρος,
2733 3731 2921 3788 εἵπετο
2948 3729 3002 3786 δὲ
3029 3733 3057 3786 6
3091 3729 3360 3795 Βιτάλιος.

2104 3819 2200 3881 35.
2237 3822 2330 3883 Ὠς
2375 3818 2430 3875 δὲ
2462 3821 2620 3899 ἐγγὺς
2651 3827 2749 3887 τῆς
2796 3823 2934 3884 θείας
2987 3817 3220 3877 κιϐωτοῦ
3261 3828 3354 3878 τοῦ
3409 3823 3674 3901 μάρτυρος

2022 3914 2288 3989 γένοιντο,
2319 3909 2618 3977 εἰσελθέτην
2650 3911 2810 3990 ἄμφω
2840 3912 2899 3966 ἐκ
2945 3918 3036 3967 τοῦ
3071 3911 3272 3990 ἐλαίου³
3323 3913 3411 3967 καὶ
3442 3913 3536 3976 τὰς
3579 3912 3676 3968 θύ-

2017 4020 2108 4077 ρας
2168 4003 2468 4074 μετέθεντο,
2523 4003 2612 4056 καὶ
2663 4002 2762 4067 τὴν
2818 4001 2962 4078 ἱερὰν
3007 4000 3341 4075 μετέστησαν
3404 4000 3668 4078 ὶάρνακα,

2019 4091 2105 4145 καὶ
2135 4091 2441 4169 μαρμάρους
2478 4091 2605 4169 ἦραν
2637 4093 2840 4147 ἐκεῖθεν
2872 4092 2933 4147 ἐκ
2961 4090 3125 4166 μέσου
3175 4091 3308 4147 ἑπτά
3341 4106 3354 4120 ⁸
3416 4093 3502 4147 καὶ
3535 4093 3667 4170 πρὸς

2018 4180 2210 4258 ὀρυγήν
2269 4184 2367 4255 μὲν
2422 4177 2740 4256 ἀμοιϐαυτὸν
2805 4179 2926 4260 (an.
2963 4179 3250 4256 ἀμοιϐαδόν
3286 4179 3332 4260 Υ)
3365 4191 3458 4239 τοῦ
3489 4182 3668 4238 ἐκεῖσε

2019 4277 2276 4349 χώματος
2311 4285 2324 4299 ⁸
2386 4272 2520 4345 μετὰ
2564 4268 2615 4325 δὲ
2662 4280 2794 4350 χοῦς
2852 4269 3029 4349 ἕτερος
3076 4271 3304 4349 καθαρὸς
3333 4269 3669 4338 ἆπηντλιϊτο

2018 4361 2220 4416 ἐκεῖθεν
2284 4357 2499 4424 εὸωδίας
2585 4359 2843 4427 πλείστης
2921 4359 3224 4424 ἀνάπλεως.
3281 4359 3436 4418 Ἐπεὶ
3506 4359 3560 4415 δὲ
3632 4361 3669 4428 ἦ
3763 4401 3768 4406 -

2015 4450 2178 4527 ὀρυγή
2210 4451 2395 4528 φθάσοι
2428 4452 2654 4530 πήχεων
2688 4450 2816 4530 ἄχρι
2845 4457 3028 4530 τριῶν,
3063 4453 3153 4506 καὶ
3182 4453 3372 4530 μικρόν
3405 4473 3453 4506 τι
3506 4451 3662 4529 πρὸς,

2016 4539 2208 4617 λάρναξ
2293 4541 2460 4618 ἐφάνη
2546 4541 2752 4604 τούτοις
2834 4540 3334 4619 περικεκαλυμμὲνη
3403 4541 3670 4620 μαρμάρῳ

289 4636 690 4716 prodant,hoc
713 4644 912 4698 tamen
929 4617 1297 4717 postremum
1320 4643 1737 4711 argumentum
1771 4653 1929 4696 non-

2027 4633 2204 4706 leuxﬁ,
2264 4631 2330 4698 ἢν
2389 4633 2478 4687 καὶ
2540 4631 2736 4697 ταύτην
2816 4631 3020 4688 ἐκεῖθεν
3078 4628 3380 4710 διάραντες,
3441 4633 3530 4687 καὶ
3572 4632 3672 4699 τὴν

289 4726 430 4786 dum
463 4745 536 4787 ex
563 4724 836 4788 instituto
869 4725 1142 4800 tractavi,
1169 4725 1349 4806 idque
1376 4724 1525 4786 adeo
1550 4723 1646 4786 vel
1675 4722 1926 4801 idcirco,

283 4816 444 4895 quod
476 4817 766 4878 nonnulla
792 4815 989 4878 adhuc
1015 4815 1172 4877 haud
1206 4814 1443 4894 penitus
1467 4821 1798 4877 memoratu
1829 4814 1924 4874 in-

285 4904 464 4983 digna
493 4904 926 4980 subministret,
963 4906 992 4981 ἓ
1024 4903 1308 4985 praesenti
1363 4903 1558 4965 facere
1615 4902 1924 4976 constitui,

277 4993 480 5074 itaque
504 5012 638 5072 quae
668 4995 743 5056 de
772 4993 987 5062 Sancto
1032 4992 1382 5056 disserenda
1427 4992 1688 5068 fuerunt,
1722 4991 1922 5054 absol-

283 5101 446 5146 vere.
495 5082 568 5146 Ut
625 5086 826 5165 itaque
882 5083 942 5146 id
1001 5082 1256 5146 instituti
1306 5081 1565 5158 meliori,
1625 5101 1742 5163 quo
1796 5081 1928 5145 fieri

281 5181 500 5254 potest,
533 5172 746 5235 ordine
775 5174 1112 5254 mancipem
1163 5171 1427 5248 eﬂ'ectui,
1462 5190 1498 5233 a
1523 5172 1924 5252 suppeditata,

287 5283 418 5345 quae
475 5266 536 5326 in
595 5261 805 5325 codice
864 5275 1065 5325 nostro
1123 5265 1168 5342 -Ι-
1215 5281 1329 5324 ms.
1361 5261 1611 5326 193101.
1647 5280 1818 5325 verso
1849 5265 1926 5323 78

281 5363 340 5416 et
367 5373 542 5436 seqq.
577 5371 612 5415 e
647 5353 868 5416 Leonis
894 5353 1099 5416 Allatii
1132 5372 1245 5418 ms.
1280 5361 1557 5434 excerpta
1585 5362 1793 5434 exstat,
1820 5371 1929 5433 per

280 5441 574 5506 Joannem
587 5441 961 5506 Stauracium
983 5459 1164 5523 supra
1185 5443 1518 5524 saepissime
1534 5442 1839 5504 laudatum
1852 5443 1929 5506 de

284 5533 580 5596 monacho
611 5532 1147 5615 quedam,nomine
1169 5531 1928 5609 Vitalio,narrationedueo

283 5624 542 5688 initium.
574 5622 685 5686 Hic
705 5625 767 5685 in
789 5622 1128 5685 celsissimo
1149 5621 1511 5686 Macedoniae
1528 5633 1728 5685 monte
1750 5622 1925 5698 Atho,

284 5723 408 5780 tum
441 5715 940 5780 monasteriorum
988 5730 1120 5794 quae
1167 5713 1608 5796 complectitur,
1645 5723 1766 5777 tum
1796 5732 1928 5776 mo-

644 5827 908 5894 PATBOL.
955 5826 1071 5889 Gn.
1118 5821 1324 5891 CXVI.

2012 4721 2248 4799 λάρνακα
2303 4719 2797 4800 ἂνακαλυψάμειοι,
2861 4719 3005 4776 εἶδον
3067 4718 3209 4777 ἔιδον
3256 4722 3455 4788 ταύτης
3511 4721 3670 4777 ἀκτι-

2012 4809 2329 4867 νοόολοῦντα
2385 4813 2477 4866 τὸν
2534 4811 2771 4890 μάρτυρα
2844 4811 3112 4886 κείμενον,
3163 4813 3337 4880 ζῶντα
3403 4813 3664 4890 καθαρῶς,

2009 4903 2097 4956 καὶ
2167 4901 2378 4957 ἐοικότα
2436 4901 2783 4975 ὕπνώττοντι,
2857 4899 3249 4977 ὑπομειδιῶντα
3291 4902 3381 4957 καὶ
3439 4899 3667 4981 φαιδρω-

2009 4992 2131 5049 πόν.
2199 4993 2296 5048 Καὶ
2375 4989 2482 5047 ἰδοὺ
2565 4991 2742 5068 μυρίαι
2820 4993 3040 5067 τρώσεις
3121 4994 3198 5065 τῷ
3278 4993 3499 5071 μάρτυρι
3606 4993 3669 5048 ὲκ

2008 5079 2288 5160 τραχήλου
2345 5081 2508 5158 μέχρι
2580 5081 2667 5136 καὶ
2755 5080 2949 5159 ὀσφύος
3007 5080 3174 5150 αὐτῆς
3229 5080 3664 5156 πεπυκνωμέναι,

2010 5174 2097 5226 καὶ
2168 5169 2408 5238 ἀλὶῆλας
2492 5167 2720 5248 ἀκριϐῶς
2817 5171 3260 5250 προσεγγίζουσαι
3347 5171 3483 5228 κατὰ
3566 5171 3661 5233 τὰς

2010 5259 2552 5339 κηροπλαστουμένας
2649 5273 2773 5324 ταῖς
2853 5260 3132 5337 μελίσσαις
3229 5262 3388 5336 ὀπὰς,
3477 5266 3663 5324 σκεῦος

2011 5352 2134 5408 οἷον
2193 5354 2413 5427 μοωπὸν
2469 5353 2556 5408 καὶ
2617 5351 2794 5430 μύρων
2851 5349 3200 5429 μυριοφλέϐες
3248 5353 3309 5406 ἐκ
3356 5351 3462 5407 τῶν
3521 5351 3668 5408 ὀπῶν

2013 5443 2349 5520 ἁνεπήγαζον
2385 5490 2400 5517 ,
2489 5439 2698 5520 σφοδρῷ
2779 5441 3015 5518 καθάπερ
3093 5443 3329 5500 κάτωθεν
3387 5439 3669 5520 ἀναφυσώ-

2013 5554 2167 5610 μεναι
2229 5533 2537 5606 πνεύματι·
2591 5535 2687 5588 καὶ
2750 5539 2940 5609 μικροῦ
3000 5530 3112 5588 δεῖν
3169 5532 3218 5586 οἱ
3285 5527 3466 5609 ἄνδρες
3524 5530 3666 5587 οὗτοι

2013 5625 2100 5680 καὶ
2183 5621 2567 5693 κατεκλύζοντο
2650 5635 2771 5686 τοῖς
2847 5628 2952 5677 τῶν
3041 5623 3220 5700 μύρων
3307 5619 3666 5688 ἆναπηδύουσι

2013 5714 2284 5794 ῥεύμασιν.
2349 5712 2416 5773 ”Ο
2477 5736 2534 5770 τε
2593 5716 2679 5771 καὶ
2734 5716 2761 5770 6
2807 5711 3052 5776 Βιτάλιος
3115 5711 3260 5793 ἰδὼν,
3293 5713 3380 5768 καὶ
3407 5713 3666 5790 ὑπερθαυ-

3143 5821 3220 5884 45
