4124 6418
453 370 603 432 1419

1800 363 2447 427 SUPPLEMENTUM.

3666 359 3807 424 1420

445 505 646 579 μάσας,
722 503 782 558 τὸ
841 505 987 556 θεῖον
1043 501 1220 557 ἐκεῖνο
1297 506 1454 574 σῶμτ
1526 501 1616 556 τοῦ
1688 500 1947 574 μάρτυρος
2009 499 2092 553 καὶ

2188 507 2240 557 ut
2274 497 2379 559 viri
2411 498 2498 558 illi
2528 496 2865 559 subsilicnti
2900 497 3085 557 etiam
3118 497 3397 573 unguenti
3460 495 3614 556 fluxu
3669 494 3805 556 sub-

443 592 809 672 προσεκύνησε
867 591 954 646 καὶ
1014 591 1318 663 ἠσπάσατο,
1371 590 1456 646 καὶ
1499 589 1682 650 σκεῦός
1743 610 1791 643 τι
1840 589 1912 650 ὼς
1969 585 2092 642 E86-

445 703 527 738 κει
585 681 755 761 φέρων
800 694 1013 756 χεροῖν,
1073 681 1101 736 ’ὁ
1160 677 1295 744 δῆτα
1347 678 1623 757 ἐγχωρίως
1684 675 1930 732 καλεῖται
1965 699 2092 735 κου·

445 769 666 846 τρίϐιον,
753 777 906 827 τοῦτο
978 769 1084 824 τῶν
1158 767 1554 838 ἁναϐλυζὸντιυν
1637 766 1840 822 ἐκετοεν
1918 768 2097 842 μύρων

445 859 800 938 πεπλήρωκεν
836 874 848 887 '
935 858 1076 923 αὖθις
1164 858 1252 915 οὖν
1339 859 1436 922 τὴν
1517 858 1810 934 μυροφόρον
1889 856 2094 919 ἐκείνην

444 951 899 1024 ἐπιπωματίζουσι
956 946 1214 1024 λάρναγα,
1262 947 1349 1005 καὶ
1393 946 1558 1021 ταύτῃ
1610 951 1740 1023 χοῦν
1785 946 1877 1000 τὸν
1924 942 2094 1008 ειῖιώδη

445 1039 828 1117 περιτιθέασιν,
895 1037 980 1092 καὶ
1069 1036 1208 1094 οὕτω
1294 1035 1452 1092 πάλιν
1510 1037 1571 1092 τὸ
1635 1035 1693 1090 ἐκ
1756 1032 1860 1089 τών
1917 1035 2096 1110 μύρων

446 1126 694 1194 πηλῶδες
750 1127 952 1204 ἐκεῖνο,
1013 1127 1106 1189 τὰς
1169 1125 1473 1202 μαρμάρους
1525 1146 1578 1180 τε
1655 1125 1740 1180 καὶ
1798 1123 1895 1188 τὴν
1968 1145 2094 1195 our-

446 1220 677 1294 νομένην
707 1223 866 1274 πᾶσιν
898 1216 1095 1272 ἄνωθεν
1127 1213 1384 1292 λάρνακα.

526 1306 622 1371 36.
666 1305 786 1365 Εἶθ’
831 1305 969 1362 οὕτω
1011 1305 1111 1372 τὴν
1157 1305 1357 1370 σεπτὴν
1416 1305 1502 1362 καὶ
1562 1302 1719 1360 πάλιν
1775 1304 2098 1380 μαρτυρικὴν

442 1397 674 1456 κιϐωτὸν
728 1397 1055 1472 θυρώσαντες
1115 1396 1188 1456 ὡς
1272 1396 1334 1450 τὸ
1399 1394 1655 1471 πρότερον
1730 1392 1948 1458 ὶξῆλοον
2015 1394 2100 1446 καὶ

441 1494 535 1545 τοῦ
604 1496 730 1545 ναοῦ
791 1487 880 1542 καὶ
937 1490 1034 1552 τῆς
1092 1483 1324 1546 πόλεως·
1390 1486 1417 1538 ὁ
1463 1483 1560 1556 μὲν
1613 1481 1858 1544 Βιτάλιος
1887 1483 2098 1558 τραπεὶς

442 1575 876 1651 παλιμπόρευτος
936 1576 1069 1650 πρὸς
1125 1572 1241 1628 ὅθεν
1301 1571 1458 1645 δῆτα,
1504 1574 1577 1634 ὠς
1643 1569 1836 1643 ὶδόκει,
1901 1569 2097 1640 ἒλήλυ-

442 1670 529 1722 θεν
567 1681 579 1693 ·
637 1667 664 1720 ὁ
715 1661 768 1718 δὲ
831 1663 1090 1739 νεωκόρος
1137 1664 1210 1725 ὡς
1254 1671 1440 1720 τοῦτον
1509 1662 1677 1740 μέχρι
1736 1663 1878 1723 τινὸς
1937 1660 2100 1715 τόπου

443 1754 884 1830 διαπευσόμενος,
933 1751 1195 1830 Ἀλμυρὸς
1241 1753 1317 1826 τῷ
1369 1751 1519 1823 τᾶπῳ
1566 1754 1626 1808 τὸ
1684 1751 1875 1824 ὄνομα,
1912 1750 2099 1808 Ἐκεῖ-

2181 595 2612 666 mergerentur.
2639 586 2804 658 Quod
2841 604 2974 647 cum
3002 583 3256 648 Vitalius
3286 583 3526 645 vidisset
3553 601 3621 646 ac
3641 603 3810 665 supra

2180 681 2414 736 modum
2445 679 2849 740 admiraretur.
2873 679 3128 736 divinum
3157 677 3297 734 illud
3330 678 3595 748 martyris
3613 691 3810 746 corpus

2180 772 2238 825 et
2265 763 2528 825 adoravit
2561 772 2620 824 et
2649 761 2944 836 salutavit,
3004 757 3454 841 quoddamque,
3487 769 3548 821 ut
3574 759 3810 822 videba-

2183 864 2295 920 tur,
2331 871 2449 920 vas,
2484 854 2774 913 Cutribion
2807 855 3084 912 nimirum
3117 853 3424 910 vernaculo
3454 853 3812 923 appellatum,

2184 940 2456 1002 manibus
2473 935 2882 1020 gestans,oleo
2909 940 2966 1001 id
2991 938 3133 1001 inde
3153 939 3518 1001 scaturientc
3540 938 3813 1018 implevit.

2181 1030 2413 1092 Rursus
2443 1031 2621 1109 igitur
2651 1032 2840 1100 illam,
2873 1049 2907 1092 e
2939 1048 3056 1109 qua
3087 1029 3283 1092 oleum
3326 1027 3596 1106 scaturit,
3628 1044 3815 1090 arcam

2182 1121 2674 1201 claudunt,eique
2708 1120 2847 1182 boni
2877 1118 3080 1180 odoris
3115 1118 3590 1196 humum,itaque
3611 1117 3814 1180 iterum

2183 1209 2451 1272 oleosum
2487 1209 2632 1271 illud
2695 1210 2911 1280 lutum,
2946 1207 3298 1287 lapidesque
3330 1223 3718 1285 marmoreus,
3752 1226 3816 1267 ac

2183 1317 2318 1380 qua:
2350 1299 2631 1360 divinitus
2661 1298 2796 1359 data
2828 1297 3106 1359 omnibus
3133 1304 3407 1376 apparet,
3433 1295 3662 1358 thecam
3706 1296 3815 1356 im-

2185 1398 2434 1468 ponunt.
2473 1387 2569 1451 Sic
2601 1388 2845 1466 deinde,
2896 1387 3236 1448 venerando
3291 1385 3503 1447 iterum
3557 1386 3818 1464 martyris

2184 1478 2364 1539 etiam
2397 1477 2764 1557 conditorio,
2798 1486 2862 1536 ut
2893 1476 3054 1554 prius
3085 1485 3237 1548 erat,
3279 1474 3505 1549 clauso,
3539 1493 3573 1536 e
3605 1475 3816 1554 templo

2183 1569 2360 1629 etiam
2392 1586 2460 1629 ac
2491 1567 2731 1629 civitate
2760 1575 2898 1628 sunt
2927 1564 3437 1644 egressi,Vitalius
3460 1564 3698 1642 quidem
3726 1583 3816 1637 eo,

2185 1659 2346 1718 unde
2378 1658 2682 1729 nimirum,
2707 1665 2772 1717 ut
2801 1655 3148 1737 apparebat,
3181 1663 3444 1726 venerat,
3480 1656 3693 1716 iterum
3723 1672 3816 1715 re-

2183 1747 2378 1818 diens,
2418 1745 2674 1808 aedituus
2729 1755 2926 1808 autem
2979 1745 3158 1807 veluti
3187 1745 3353 1808 illum
3387 1745 3817 1812 observaturus,

441 1849 528 1902 θεν
615 1846 700 1900 οὗν
809 1842 952 1916 αὒτῷ
1032 1840 1418 1915 συνταξάμενος
1525 1841 1667 1906 αὖθις
1747 1841 2097 1917 ὑπέστρεψεν,

2188 1836 2255 1899 ad
2290 1837 2634 1917 quemdam,
2669 1838 2762 1904 cui
2817 1853 3036 1897 nomen
3088 1844 3214 1898 erat
3263 1835 3571 1914 Almurus,
3607 1836 3820 1896 locum.

446 1935 803 2007 αἰτησάμενος
862 1931 960 2006 μὲν
1034 1935 1126 1988 τὸν
1216 1930 1459 1990 Βιτάλιον
1517 1930 1579 1986 ἐκ
1635 1938 1727 1986 τοῦ
1775 1931 1938 2006 μύρου
1995 1929 2097 1986 λα-

444 2022 647 2097 ϐέσθαι,
703 2022 834 2099 ὅπερ
903 2031 994 2079 τοῦ
1042 2028 1365 2099 μαρτυρικοῦ
1421 2021 1737 2090 ἁπήντλησε
1795 2020 2092 2089 σώματος·

446 2115 524 2189 μὴ
577 2133 759 2192 τυχων
821 2109 875 2167 δὲ
933 2118 1025 2168 τοῦ
1077 2112 1414 2190 ζητήματος,
1478 2112 1522 2166 εἰ
1563 2111 1640 2185 μὴ
1688 2116 1847 2184 μονον
1894 2107 2096 2170 νοτίδας

445 2205 636 2282 μικρὰς
697 2202 756 2258 ἐκ
812 2202 996 2258 τούτου
1040 2202 1099 2256 τὸ
1174 2200 1422 2274 μ’ἐτωπον
1497 2196 1844 2276 σταυροειδῶς
1901 2197 2096 2275 ἐγχρι-

446 2295 699 2366 σάμενος,
735 2295 794 2350 Τί
822 2294 884 2348 τὸ
915 2303 975 2346 τὸ
1006 2290 1093 2346 ἐπὶ
1123 2293 1323 2353 τούτοις
1356 2310 1372 2364 ;
1407 2288 1728 2369 Ἀφύπνιστο
1760 2291 1787 2344 ὁ
1820 2287 2095 2357 Βιτάλιος,

444 2385 530 2440 καὶ
579 2380 689 2440 ἰδοὺ
736 2383 792 2437 τὸ
837 2381 1155 2458 μαρτυρικὸν
1217 2381 1380 2456 μύρον
1432 2391 1552 2444 ταῖς
1601 2377 1764 2457 χερσί
1797 2376 2096 2454 περιέφερε,

453 2475 540 2530 καὶ
593 2472 715 2535 ὅλος
772 2471 837 2538 ἦν
895 2483 1012 2532 τοῖς
1048 2470 1238 2544 μάροις
1287 2466 1594 2546 διάϐροχος·
1629 2469 1716 2523 καὶ
1747 2466 1872 2529 ὅλος
1903 2467 1970 2531 ἦν
2002 2470 2097 2530 τῆς

449 2559 664 2625 εὐωδίας
709 2558 1012 2633 ἀνάπλεως,
1075 2554 1340 2621 ἅπλεκτος
1407 2556 1553 2636 ὅλος,
1621 2553 1741 2616 ὅλος
1793 2553 2096 2623 ἐνθουσιῶν,

444 2651 628 2728 τρόμῳ
672 2647 996 2726 κεκραμένος
1069 2649 1156 2704 καὶ
1239 2652 1504 2724 καρμυνῇ,
1594 2646 1836 2718 Μὴποτε,
1902 2643 2097 2728 λέγων,

445 2739 540 2796 καῖ
598 2741 755 2795 εἰσετι
818 2736 1170 2816 ὀνειροπολῶ,
1229 2737 1316 2792 καὶ
1377 2738 1512 2813 μύρα
1587 2735 1917 2813 φαντάζομαι
1983 2724 2101 2789 καθ’

444 2828 634 2892 ὕπνους
689 2827 866 2907 φέρειν
922 2833 1016 2884 τοῦ
1069 2827 1380 2904 μάρτυρος;
1431 2823 1580 2882 Ἀλλ’
1641 2827 1713 2888 ὡς
1757 2823 1928 2881 ἔοικεν
1985 2822 2098 2880 οὗδέ

447 2919 511 2974 τὰ
565 2923 664 2984 τῆς
723 2917 898 2992 ὄψεώς
951 2937 1047 2989 μοι
1093 2918 1224 2994 πρὸς
1265 2914 1414 2992 ὄναρ,
1464 2917 1551 2971 καὶ
1609 2924 1702 2973 τού
1745 2919 2100 2990 φανταστικού

446 3009 783 3070 ἆνατύπωσις
816 3029 829 3040 ·
888 3006 1025 3062 ἀλλὰ
1085 3007 1370 3080 σωματικὴ
1431 3003 1654 3080 ἐνδημία
1695 3026 1785 3078 μοι
1843 3002 1969 3082 ἄχρι
2003 3004 2098 3068 τῆς

447 3101 774 3176 μαρτυρικῆς
832 3096 1006 3170 τιμίας
1071 3102 1228 3171 σοροῦ
1263 3111 1276 3124 ⁸
1347 3096 1507 3154 αὐτοῦ
1562 3117 1653 3169 μοι
1716 3094 1806 3152 τοῦ
1865 3093 2102 3171 μεγάλου

451 3186 518 3266 (ὢ
545 3189 682 3245 Θείου
739 3187 1012 3264 τεραστίου
1074 3207 1131 3241 τε
1190 3186 1278 3241 καὶ
1339 3185 1672 3260 ἀκούσματος
1705 3183 1748 3262 Ξ)
1811 3184 1875 3239 τὰ
1928 3185 2160 3277 πάντα(1

446 3278 899 3351 οἱκονομήσκντος
958 3277 1031 3339 ὡς
1084 3275 1163 3346 μὴ
1247 3274 1340 3330 καὶ
1414 3273 1758 3354 βλασφημίας
1835 3287 2100 3350 κρημνοῖς

446 3367 812 3445 περιπέσοιμι.
861 3386 883 3420 α
924 3365 987 3425 ln
1019 3381 1230 3424 somno
1262 3363 1427 3424 visus
1457 3361 1572 3423 sibi
1608 3371 1698 3422 est
1727 3360 2104 3423 Thessaloni-

447 3473 576 3516 cam
611 3453 866 3526 tlelatus,
903 3471 971 3512 ac
1001 3451 1288 3531 templum
1349 3450 1624 3530 martyris
1674 3459 1898 3522 tenere,
1953 3447 2101 3510 mdi-

449 3553 740 3620 tuumque
760 3540 1064 3602 invenisse
1087 3558 1151 3600 ac
1177 3539 1425 3619 alloqui,
1450 3539 1752 3616 atque,An
1786 3545 2102 3618 martyrem

447 3632 652 3694 videre
686 3630 802 3692 vis?
833 3629 1067 3710 audire,
1106 3628 1481 3706 Vitaliusque
1513 3632 1802 3691 annhere.
1839 3625 1910 3689 Et
1939 3645 2100 3704 vero,

450 3730 512 3782 ut
535 3738 672 3782 eum
698 3728 755 3782 et
778 3719 1006 3781 videret
1029 3727 1086 3780 et
1103 3728 1485 3781 veneraretur
1506 3737 1682 3800 quam
1718 3718 1974 3780 maxime
1994 3736 2102 3780 ex-

449 3809 713 3891 petebat.
738 3811 931 3890 Atque
963 3811 1042 3870 ita
1071 3808 1310 3889 quidem
1346 3808 1603 3872 aedituus
1640 3808 1911 3890 praeibat,
1937 3807 2103 3872 Vita-

447 3901 568 3962 lius
593 3918 731 3962 vero
752 3897 1218 3978 sequebatur.Ut
1242 3906 1439 3960 autem
1466 3901 1542 3962 ad
1569 3917 1806 3962 sacrum
1831 3901 2103 3979 martyris

449 3988 850 4051 conditorium
896 3996 1208 4063 venerunt,
1241 3990 1417 4050 ambo
1447 4006 1554 4069 per
1581 3989 1778 4052 oleum
1833 3996 1972 4050 sunt
2001 3988 2100 4050 in-

447 4078 1001 4158 gressi,januasque
1023 4077 1345 4140 recluduui
1361 4097 1430 4140 ac
1448 4097 1677 4142 sacram
1704 4079 1938 4141 thecam
1963 4076 2102 4140 sub-

447 4177 710 4240 movent,
738 4166 1084 4248 lapidesque
1137 4185 1508 4232 marmoreas
1553 4175 1786 4250 septem
1841 4167 2100 4232 emedio

447 4258 587 4319 hinc
621 4257 856 4319 tollunt.
892 4255 978 4318 Ae
1010 4257 1072 4317 in
1102 4257 1330 4320 tumulo
1383 4258 1627 4338 quidem
1689 4257 1914 4322 ibidem
1947 4258 2104 4320 exsi-

2182 1925 2524 2006 Hincigitur
2539 1927 2736 1988 eidem
2749 1926 2820 1987 ad
2824 1926 3232 2005 junctus,cum
3258 1923 3534 1985 Vitalium
3562 1922 3820 2004 quidem,

2185 2024 2249 2078 ut
2279 2035 2350 2078 ex
2381 2015 2536 2089 oleo,
2575 2014 2736 2096 quod
2762 2034 2792 2077 e
2819 2015 3094 2094 martyris
3116 2031 3370 2093 corpore
3391 2014 3692 2085 hauserat,
3725 2030 3824 2074 ac—

2185 2107 2436 2186 ciperet,
2475 2107 2856 2186 postulasset,
2913 2104 3353 2185 postulatoque,
3401 2104 3452 2163 si
3511 2103 3826 2182 pauxillum

2185 2195 2414 2257 humidi
2441 2194 2770 2274 exceperis.
2787 2214 2901 2256 non
2920 2193 3272 2265 obteuto,eo
3285 2193 3484 2270 crucis
3505 2193 3568 2253 in
3593 2191 3824 2254 modum

2183 2285 2444 2347 frontem
2483 2290 2768 2350 tinxisset.
2806 2284 3020 2364 pedem
3063 2283 3278 2344 iterum
3310 2290 3472 2344 retro
3505 2281 3662 2344 tulit.
3696 2279 3827 2342 liaac

2185 2376 2342 2436 inter
2363 2375 2615 2437 Vitalius
2637 2374 2939 2454 paululum
2971 2372 3421 2454 expergefactus
3454 2379 3822 2452 est,et,ecce,

2187 2468 2452 2540 martyris
2484 2479 2844 2541 unguentum
2869 2468 3134 2524 manibus
3158 2465 3620 2537 circumferebat.
3653 2474 3827 2522 totus-

2185 2572 2303 2631 que
2325 2563 2451 2616 erat
2471 2555 2604 2616 oleo
2624 2551 3204 2631 madidua,honoque
3223 2550 3407 2612 odore
3430 2551 3826 2631 undequaque

2186 2644 2420 2723 plenus,
2457 2644 2786 2723 perculsus,
2822 2649 2976 2703 totus
3006 2650 3174 2703 extra
3201 2659 3268 2702 se
3294 2649 3521 2722 raptus,
3571 2650 3827 2703 tremore

2182 2755 2250 2800 ac
2283 2736 2484 2798 laetitia
2511 2733 3549 2817 suspensus,Nonue,dicens,adhuc
3571 2732 3825 2812 somnio,

2187 2825 2580 2907 martyrisque
2608 2845 2700 2887 me
2723 2827 2887 2888 ferre
2911 2823 3106 2886 oleum
3133 2824 3193 2885 in
3216 2823 3449 2898 somnio
3469 2822 3822 2902 imaginorio

2263 2918 2361 2981 38.
2403 2942 2424 2970 ιι
2469 2915 2716 2987 Verum.
2754 2925 2818 2978 ut
2842 2917 3093 2988 videtur,
3131 2913 3275 2975 mihi
3307 2912 3466 2974 haud
3497 2913 3743 2975 visionis
3774 2912 3828 2973 in

2185 3026 2421 3081 somno,
2458 3008 2900 3087 phantasizeque
2928 3004 3107 3076 fit-tio,
3158 3003 3262 3063 sed
3316 3020 3630 3082 corporea,
3666 3003 3743 3061 ita
3774 3011 3831 3061 ut

2188 3096 2462 3177 martyris
2486 3094 2661 3156 etiam
2705 3096 2962 3156 loculum
2996 3101 3311 3154 veneratus
3343 3091 3481 3163 sim,
3518 3091 3832 3171 praesentia

2187 3205 2320 3248 sese
2352 3184 2854 3264 obtulit,ipsomet
2873 3201 3086 3261 magno
3112 3181 3171 3260 (ο
3197 3181 3463 3242 divinum
3497 3180 3831 3261 prodigium

2189 3295 2257 3337 ac
2291 3273 2784 3355 ordinationem!)
2811 3275 2960 3336 mihi
2985 3273 3338 3345 omnino,ne
3361 3270 3421 3331 in
3450 3269 3837 3346 hlaSphemiaa

2190 3363 2580 3446 prmcipitium
2619 3362 2920 3444 prolabar,
2964 3360 3388 3443 prospiciente.
3428 3385 3454 3416 ι
3521 3362 3662 3423 Περ
3708 3361 3834 3422 loco

2188 3471 2369 3533 supra
2402 3452 2886 3528 cit.Stauracius,
2919 3450 3034 3512 alia
3067 3451 3314 3531 insuper
3346 3450 3544 3531 plura,
3575 3449 3833 3512 brevita-

2189 3544 2265 3604 tis
2295 3560 2456 3621 ergo,
2479 3542 2639 3620 quod
2664 3543 2737 3603 ad
2763 3559 2888 3603 rem
2915 3541 3068 3602 haud
3103 3539 3350 3601 multum
3381 3539 3626 3614 faciant,
3662 3557 3698 3601 a
3728 3557 3830 3600 no-

2191 3631 2284 3694 bis
2315 3633 2413 3694 hic
2445 3631 2942 3706 omittenda,mox
2969 3631 3323 3709 adjungeus,
3343 3628 3678 3712 Vitalioque
3708 3647 3833 3689 mo-

2191 3724 2382 3788 nacho
2415 3741 2522 3804 pro
2550 3722 2824 3798 arbitrio,
2859 3731 2921 3799 ut
2956 3729 3225 3800 apparet,
3279 3717 3596 3800 affingens,
3625 3718 3833 3799 quibus

2191 3815 2287 3876 hic
2337 3812 2634 3893 stupende
2688 3829 2866 3893 quam
2931 3809 3184 3871 maxime
3217 3809 3527 3888 unguenti,
3561 3827 3596 3872 e
3651 3807 3835 3886 sancti

2189 3902 2476 3964 Demetrii
2510 3900 2737 3974 tumulo
2761 3902 2930 3981 copia
2948 3916 3272 3980 permagna
3293 3898 3835 3982 scaturientis,pro-

2186 3992 2346 4071 digio
2378 3987 2943 4072 Iucuieutissimum,
2975 4006 3110 4050 cum
3141 3985 3338 4051 oblata
3379 3990 3459 4066 ei,
3505 4006 3686 4071 quam
3713 3989 3831 4068 jam

2185 4080 2588 4156 exhibuimus,
2625 4081 2776 4142 visio
2802 4079 3452 4153 fuisset,testimonium
3487 4078 3825 4159 praebuerit,

2184 4174 2642 4235 incredulitatem
2667 4187 2830 4234 suam
2855 4174 3036 4232 isthac
3057 4174 3297 4235 omnino
3316 4171 3830 4236 dedoctua.Verum

2188 4260 2336 4324 nihil
2370 4278 2630 4341 prorses,
2665 4258 2824 4340 quod
2857 4258 2948 4322 vel
2983 4259 3258 4326 monachi
3291 4256 3487 4326 Vitelli
3541 4259 3696 4324 aetati
3740 4257 3826 4320 vel

448 4355 646 4410 stente
675 4365 781 4427 per
817 4345 976 4410 vices
998 4346 1272 4420 fodiunt;
1321 4355 1675 4428 postautem
1708 4366 1859 4429 pura
1888 4348 2107 4410 humus
2188 4349 2401 4416 oblatae
2437 4351 2596 4419 huic.
2635 4368 2810 4429 quam
2844 4348 3332 4428 narrat,visiouis
3358 4349 3607 4429 epochen
3633 4350 3828 4414 deter-

447 4437 736 4512 alia,boni
766 4435 968 4498 odoris
990 4437 1388 4518 undequaque
1427 4437 1889 4509 exsistens,inde
1913 4446 2109 4516 extra—
2189 4443 2480 4506 minandte
2509 4452 2801 4514 utcunque
2823 4442 3084 4507 sufﬁciat.
3119 4443 3448 4502 Stauracius
3469 4445 3826 4516 suppeditat;

447 4529 632 4589 hitur.
667 4529 986 4635 l’ostqupm
1018 4543 1155 4588 vere
1185 4526 1369 4628 fessio
1401 4527 1472 4590 ad
1505 4536 1624 4589 tres
1641 4547 1838 4630 usque
1870 4529 2105 4632 cubitus
2126 4529 2326 4635 Dhinc
2358 4537 2555 4630 autem
2585 4529 2672 4635 fit,
2709 4537 2795 4601 ut,
2831 4528 3210 4629 quandonam
3231 4530 3412 4635 ‘copia
3431 4535 3832 4635 tanta_,quanta

447 4635 518 4678 ac
553 4616 726 4697 paulo
753 4616 1009 4695 amplius
1034 4617 1446 4698 processisset,
1476 4635 1613 4679 arca
1637 4619 1783 4699 ipsis
1805 4618 2099 4700 apparuit,

450 4707 653 4787 lapide
679 4723 1020 4768 marmoreo
1049 4705 1304 4769 candido
1327 4714 1816 4789 cooperta,quem
1836 4710 2002 4786 juxta
2034 4727 2102 4770 ac

448 4795 608 4858 illam
634 4799 770 4857 cum
794 4793 937 4857 inde
963 4797 1676 4878 amovissent,arcamque
1700 4799 2101 4879 aperuissent,

452 4894 793 4966 martyrem,
832 4885 936 4962 qui
971 4885 1031 4946 in
1065 4903 1136 4948 ea
1157 4886 1411 4967 jaceret,
1445 4887 1648 4949 radios
1678 4907 1712 4949 a
1742 4905 1876 4950 sese
1920 4890 2101 4953 emit-

452 4973 966 5049 tentem,vividum
983 4975 1230 5038 omnino
1251 4977 2101 5060 apparentem,dormientique

454 5063 739 5142 similem,
774 5063 1187 5126 subridentem
1212 5083 1281 5128 ac
1303 5067 1460 5128 vultu
1488 5066 1740 5129 hilarem
1759 5067 2092 5131 viderunt.»

534 5154 634 5216 37.
679 5173 708 5213 ‹
742 5151 832 5227 Et,
869 5171 1033 5227 ecce,
1070 5153 1258 5233 plagae
1306 5156 1578 5231 infinitae,
1614 5157 1855 5236 martyri
1880 5177 1914 5219 a
1944 5157 2098 5221 collo

453 5243 527 5306 ad
551 5243 714 5323 ipsos
735 5260 924 5322 usque
944 5243 1177 5306 lumbos
1199 5244 1385 5324 dense
1413 5245 1677 5322 inﬂicta,
1696 5247 2096 5328 invicemque,

454 5351 576 5396 non
608 5351 784 5395 secus
803 5351 872 5394 ac
900 5332 1295 5415 foramina,ab
1321 5336 1530 5416 apibus
1562 5356 1593 5397 e
1609 5354 1742 5398 cera
1766 5348 2098 5419 compacta,

453 5423 699 5485 omnino
732 5423 1170 5502 contingentes,
1199 5435 1567 5504 unguentum
1619 5445 1652 5488 e
1680 5427 2095 5502 foraminibus,

452 5513 612 5576 vasis
644 5513 928 5593 perforati
957 5513 1209 5595 oleoque
1258 5514 1491 5578 inﬁnito
1541 5517 1821 5579 scatentis
1873 5516 1934 5579 in
1968 5537 2098 5580 mo-

455 5601 622 5677 dum,
653 5603 1027 5685 emittebant,
1059 5623 1128 5666 ac
1159 5605 1210 5666 si
1238 5625 1272 5668 a
1304 5605 1639 5669 vehementi
1685 5607 1940 5687 quodam
1973 5611 2100 5690 spi-

453 5691 572 5757 ritu
599 5691 882 5756 deorsum
914 5692 1164 5758 fuissent
1194 5696 1431 5760 inllatae.
1461 5694 1582 5760 Nec
1612 5697 1861 5761 multum
1893 5697 2103 5783 abfuit,

2191 4619 2253 4679 in
2275 4619 2499 4682 visione
2521 4619 2706 4685 relata
2747 4619 3210 4698 narrationeque
3230 4618 3383 4686 hanc
3405 4619 3719 4698 complexa
3745 4621 3831 4683 in-

2186 4709 2414 4782 nuitur,
2468 4707 2848 4772 scaturientia
2902 4725 2937 4769 e
2988 4707 3191 4770 Sancti
3247 4725 3501 4788 corpore
3548 4709 3833 4789 unguenti

2187 4798 2524 4879 prodigium
2548 4798 2744 4862 locum
2771 4796 3318 4878 habuerit,detiniri
3339 4798 3496 4866 haud
3521 4799 3834 4880 queat,etsi

2189 4887 2454 4963 interim,
2489 4897 2549 4950 ut
2577 4887 2679 4953 diu
2709 4895 2850 4952 ante
2872 4885 3166 4954 Stauracii
3213 4895 3446 4954 aetatem
3471 4888 3705 4952 initium
3726 4907 3824 4953 ac-

2185 4978 2434 5059 ceperit,
2469 4978 2806 5042 certissime
2862 4997 2932 5043 ex
2990 4997 3086 5057 eo,
3142 4977 3299 5058 quod
3332 4977 3529 5044 verbis
3557 4997 3726 5044 num.
3755 4977 3828 5059 82

2183 5066 2467 5142 recitatis,
2501 5068 2562 5130 in
2594 5066 2864 5146 eiusdem
2897 5067 3156 5132 auctoris
3178 5065 3591 5152 lucubratione
3609 5078 3829 5150 prmeat

2183 5158 2328 5220 visio
2360 5155 2622 5242 praefata,
2688 5158 3126 5224 consectarium
3187 5156 3432 5223 omnino
3475 5159 3574 5223 sit.
3608 5158 3825 5224 Verum

2184 5246 2524 5316 Stauracius
2545 5265 2616 5312 ea
2643 5248 2820 5312 etiam
2853 5248 3213 5329 suppeditat,
3243 5248 3483 5330 quibus,
3516 5259 3691 5314 aetate
3723 5270 3823 5315 sua

2183 5356 2290 5402 seu
2316 5338 2534 5424 saeculo
2563 5338 2739 5422 tertio
2771 5337 3004 5405 decimo
3034 5337 3198 5402 idem
3223 5337 3401 5405 etiam
3451 5341 3824 5404 scaturientis

2184 5428 2358 5508 copia
2387 5426 2649 5494 maxime
2679 5445 2712 5488 e
2742 5424 2945 5512 Sancti
2999 5427 3226 5492 tumulo
3279 5447 3385 5493 seu
3433 5448 3688 5512 corpore
3717 5449 3822 5492 unc

2186 5516 2387 5594 guenti
2409 5516 2742 5597 prodigium
2762 5516 3606 5602 obtinuisse,manifeatissime
3630 5520 3822 5584 docet.

2259 5612 2347 5670 39.
2379 5611 2603 5677 Etenim
2629 5619 2760 5683 post
2783 5627 2947 5673 suam
2975 5613 3046 5670 de
3074 5613 3456 5684 Bulgarorum
3480 5629 3610 5688 reae
3629 5615 3823 5688 Scyloo

2185 5698 2417 5764 Joanne
2436 5699 2865 5780 narrationem,
2883 5717 3058 5782 quam
3077 5699 3274 5786 verbis
3302 5719 3468 5766 num.
3503 5699 3582 5766 32
3608 5701 3824 5768 recita-
