4124 6412
273 387 422 453 i425

985 387 1188 451 ΟΒ.Βο
1231 386 1499 449 RERUM
1547 385 1718 459 ΟΠΞ
1754 383 1836 446 IN
1885 383 1924 444 Η

2010 378 2034 444 3
2079 382 2286 447 ΤΟΜο
2327 386 2914 450 CONTINENTUR.

3499 385 3651 451 1426

268 525 376 604 piis
407 524 566 585 enim
594 521 894 600 omnibus,
912 530 979 583 ut
1009 521 1285 603 quisque,
1319 528 1606 601 quantum
1643 519 1914 598 voluerit,
1940 528 1974 574 Α
2000 519 2124 581 haec
2158 519 2232 581 de
2262 519 2382 582 illis
2426 521 2647 583 dixisse
2679 521 2851 584 nobis
2884 522 3159 598 sufﬁciat,
3191 524 3470 603 quoniam
3503 523 3551 584 si
3583 541 3651 582 ea

262 613 538 694 accipiat,
563 620 652 674 est
684 612 885 674 datum
919 631 935 691 ;
990 611 1122 671 fons
1152 618 1348 671 autem
1384 618 1582 670 manet
1640 609 1919 670 inexhau-

264 711 529 775 stus,nec
561 701 680 762 ulla
710 719 779 762 ex
833 709 999 781 parte
1030 700 1387 760 imminutus
1416 707 1685 779 apparet,
1716 705 1924 778 estque

266 809 379 852 non
407 789 518 871 piis
541 791 846 866 duntaxat,
875 789 977 850 sed
1014 788 1216 869 impiis
1245 787 1420 850 etiam
1454 787 1736 849 omnibus
1758 805 1923 867 perc-

263 882 498 958 grinum
526 879 962 959 spectaculum.
986 876 1114 940 Etsi
1137 878 1296 940 enim
1323 878 1458 957 quis
1480 876 1800 950 haereticus
1823 883 1924 936 aut

269 971 371 1033 Dei
397 970 674 1031 inimicus
694 968 801 1049 ait,
838 969 956 1030 tale
996 967 1286 1047 unguenti
1318 985 1496 1046 opus,
1529 966 1701 1047 cujus
1731 965 1919 1046 palam

263 1068 350 1120 est
373 1058 584 1138 gloria,
619 1056 1042 1136 blasphemare
1074 1055 1320 1118 omnino
1355 1073 1474 1116 non
1507 1063 1726 1134 potest.
1756 1052 1924 1126 Quod

264 1157 459 1209 autem
485 1147 680 1226 majus
705 1154 816 1222 est,
845 1163 956 1206 nec
988 1144 1060 1206 ad
1093 1144 1254 1206 dicta
1276 1144 1788 1224 comparationem
1816 1143 1922 1204 ha-

2005 607 2065 668 in
2097 608 2279 669 latum
2313 628 2786 672 commemorare
2813 611 3320 689 voluerimus,vita
3343 611 3501 674 haud
3523 611 3649 672 suf-

2008 697 2215 758 ticiens
2246 699 2319 759 sit
2349 698 2544 761 futura
2579 723 2595 777 ;
2643 700 2839 762 omnis
2871 702 3026 762 enim
3061 701 3134 762 ad
3187 701 3457 783 martyris
3486 701 3649 762 cele-

2007 784 2234 849 branda
2287 789 2572 850 miracula
2620 798 2712 852 est
2759 791 2976 864 brevis,
3009 792 3152 866 quia
3176 800 3260 870 tn,
3292 811 3326 852 ο
3381 789 3653 852 mirande

2005 893 2072 936 ac
2104 877 2320 938 eximie
2349 877 2633 954 Demetri,
2668 880 2962 959 stupende
3014 879 3228 942 Christi
3263 879 3453 953 miles,
3495 896 3654 958 saepe

2006 970 2156 1026 hanc
2191 971 2476 1028 civitatem
2508 986 2574 1027 ex
2597 973 3041 1045 alienigenarum
3076 974 3343 1031 manibus
3375 973 3654 1034 liberasti.

2008 1054 2395 1136 cptimnsque
2416 1056 2758 1119 morborum
2782 1058 3152 1120 diversorum
3183 1058 3455 1120 medicus
3475 1056 3656 1119 exsti-

2012 1145 2526 1226 tisti,generisque
2556 1148 2744 1208 nostri
2772 1166 2837 1209 es
2869 1148 3169 1211 misertus.
3196 1147 3334 1209 ideo
3357 1157 3414 1210 te
3444 1165 3653 1227 preca-

268 1237 388 1318 bet,
423 1235 564 1297 dum
598 1254 736 1298 vasa
765 1236 1036 1317 qutedam
1075 1253 1107 1296 e
1141 1233 1305 1296 tubis
1334 1233 1563 1295 fuerint
1613 1231 1930 1310 unguentis
2015 1251 2169 1308 mur,
2207 1245 2264 1295 et
2319 1253 2480 1298 nunc
2513 1235 2704 1298 adhuc
2751 1237 2922 1318 illud,
2946 1237 3102 1316 quod
3127 1238 3315 1316 jacet,
3348 1237 3535 1316 erige,
3560 1254 3652 1308 ac,

269 1325 534 1406 impleta.
564 1334 741 1405 atque
764 1343 796 1386 a
823 1324 932 1405 piis
956 1322 1416 1405 quibuscunque
1442 1322 1690 1383 domum
1711 1320 1928 1394 delata,
2015 1322 2170 1402 quod
2207 1342 2381 1402 opem
2408 1323 2706 1404 implorat,
2729 1324 2937 1408 libera,
2964 1326 3376 1406 laborantique
3397 1325 3486 1388 fer
3506 1344 3652 1405 sup-

272 1417 330 1476 in
384 1416 516 1477 loco
545 1415 801 1495 quoda'n
836 1432 1006 1475 sacro
1057 1430 1307 1494 quaeque
1339 1411 1674 1492 deponunt,
1711 1429 1780 1471 ea
1812 1428 1932 1470 non
2017 1417 2225 1491 petias.
2253 1413 2635 1493 Tempestate
2657 1415 2944 1495 jactatum
2977 1425 3168 1478 statue
3198 1417 3255 1476 in
3288 1423 3457 1496 portu
3491 1424 3659 1476 tran-

273 1513 496 1566 tantum
531 1504 602 1565 ad
635 1521 979 1584 corporum,
1009 1519 1206 1564 rerum
1242 1500 1418 1562 etiam
1454 1501 1783 1561 animarum
1819 1499 1929 1560 do-
2017 1501 2228 1582 quillo,
2254 1501 2650 1564 Barbarornm
2683 1503 2819 1583 igne
2842 1506 3099 1567 deﬁxum
3127 1515 3224 1566 tua
3257 1504 3451 1566 adhuc
3481 1503 3655 1565 beni-

275 1594 654 1656 mesticorum
688 1591 1145 1672 vicinorumque
1169 1609 1435 1664 suorum,
1463 1589 1547 1651 uti
1576 1597 1636 1652 et
1667 1607 1826 1677 saepe
1858 1586 1928 1649 ad
2014 1590 2235 1669 gnitate
2267 1591 2452 1666 solve,
2491 1594 2964 1677 eorumdemque
2993 1594 3298 1657 furoribus
3328 1594 3660 1672 deﬂagrans

269 1681 614 1744 animalium
649 1681 1111 1755 irrationalium,
1137 1679 1512 1742 curationem
1544 1675 1927 1739 adhibentes.
2017 1698 2156 1741 rore
2187 1689 2286 1741 tuo
2317 1679 2642 1742 calescenti
2675 1702 2839 1756 sana,
2868 1675 3198 1766 omniaque
3230 1684 3289 1745 in
3325 1686 3656 1744 animarum

269 1772 412 1834 Cum
474 1790 609 1831 vero
665 1771 967 1832 exinanita
1015 1770 1114 1830 illa
1167 1769 1525 1830 naturaliter
1570 1767 1819 1846 fuerint,
1881 1768 1929 1829 si
2015 1769 2192 1832 simul
2247 1787 2312 1830 ac
2347 1788 2666 1850 corporum
2701 1781 3042 1834 nostrorum
3076 1773 3382 1834 curatione
3436 1771 3522 1832 fac
3555 1789 3662 1851 per

271 1863 444 1923 modo
477 1859 826 1941 impollutus
857 1859 1180 1940 quisquam
1237 1877 1372 1920 vase
1405 1857 1504 1918 illo
1539 1859 1600 1919 in
1655 1857 1928 1936 martyris
1954 1855 1988 1903 Β
2015 1877 2226 1938 preces
2281 1858 2676 1922 immaculata:
2733 1861 2930 1923 Matris
2959 1862 3226 1924 Dominis
3288 1863 3473 1922 nostri
3519 1862 3658 1921 Jcsu

269 1951 902 2012 commemorationem
937 1957 1162 2022 utatur,
1199 1950 1394 2010 statim
1426 1965 1531 2009 vas
1563 1946 1842 2027 quodque
1869 1946 1926 2026 (ο

273 2039 664 2120 prodigium!)
685 2047 1013 2119 unguento,
1049 2039 1132 2101 uti
1153 2038 1227 2100 ab
1248 2038 1418 2099 initio
1441 2036 1652 2112 fuerat,
1684 2037 1927 2115 plenum

273 2128 520 2191 exsistit.
555 2127 707 2202 Quid
738 2129 850 2190 hoc
886 2129 1102 2208 majus,
1129 2127 1222 2189 vel
1268 2127 1493 2208 requale
1539 2124 1634 2187 vel
1665 2125 1926 2187 vicinum

274 2236 530 2299 unquam
553 2217 873 2280 exstiterit?
906 2216 1123 2296 Stagna
1146 2217 1323 2278 simul
1355 2222 1411 2278 et
1435 2215 1650 2288 fontes,
1674 2231 1926 2296 quorum

274 2307 426 2369 alius
441 2307 599 2369 aliud
613 2306 728 2369 alia
742 2307 972 2368 ratione
985 2307 1317 2387 prodigium
1345 2304 1525 2366 fuerit
1545 2305 1925 2382 complexus,

277 2396 503 2459 ethnici
529 2396 858 2459 celebrant.
894 2395 1063 2468 Quod
1089 2397 1136 2456 si
1156 2396 1354 2475 igitur,
1389 2413 1520 2474 qum
1540 2393 1647 2455 abs
1676 2394 1794 2454 illis
1813 2393 1928 2454 ali-

269 2494 486 2566 quanto
538 2486 696 2548 dicta
731 2486 986 2560 fuerunt,
1023 2485 1219 2546 fabula
1268 2484 1422 2545 haud
1457 2491 1615 2559 sunt,
1651 2483 1818 2544 hisce
1852 2483 1928 2543 il-

269 2574 473 2650 lud,de
503 2594 624 2654 quo
660 2574 936 2655 praesenti
960 2577 1378 2644 sermo,utnlto
1405 2583 1492 2635 est
1521 2573 1734 2653 majus;
1762 2571 1924 2649 quod

265 2666 313 2724 si
366 2673 586 2733 autem.
622 2673 690 2726 ut
722 2663 866 2725 mihi
919 2664 1174 2739 videtur,
1209 2662 1408 2725 fabula
1439 2662 1582 2738 sint,
1617 2662 1764 2723 illud
1819 2680 1924 2742 pro

270 2753 476 2815 umbra
511 2754 826 2815 manifesta
853 2764 943 2815 est
977 2751 1922 2833 veritas.resquo,qumipsismct,

2011 1948 2258 2023 Christi,
2296 1949 2394 2010 cui
2419 1955 2697 2012 convenit
2731 1951 2940 2031 gloria,
2972 1952 3177 2032 virtus,
3214 1952 3405 2014 honor
3430 1959 3484 2011 et
3509 1948 3658 2009 ado-

2013 2036 2166 2100 ratio
2193 2041 2250 2098 in
2271 2039 2482 2100 saecula
2508 2040 2888 2103 saeculorum.
2915 2043 3134 2104 Amen.
3169 2065 3188 2096 ι
3212 2040 3511 2102 Hactenus
3544 2039 3660 2100 De—

2015 2126 2262 2188 metrius
2317 2128 2703 2209 Chrysoloras
2731 2130 3022 2211 laudatus,
3057 2130 3152 2192 cui
3197 2149 3358 2208 cum,
3389 2137 3454 2189 ut
3483 2145 3660 2207 supra

2014 2215 2213 2290 docui,
2267 2217 2484 2278 saeculo
2538 2219 2744 2298 quinto
2775 2219 3011 2282 decimo
3046 2219 3334 2293 floruerit,
3384 2218 3657 2293 haecque.

2013 2322 2144 2385 quae
2194 2304 2391 2366 verbis
2435 2307 2558 2386 jam
2600 2310 2863 2370 recitatis
2915 2310 3318 2387 continentur,
3359 2305 3662 2368 memoriae

2015 2395 2248 2474 prodat,
2281 2403 2420 2456 tunc
2444 2414 2588 2456 sane
2617 2397 3192 2475 unguenti,maxima
3219 2396 3388 2478 copia
3407 2416 3439 2458 e
3470 2403 3659 2456 sanctt

2014 2485 2299 2545 Demetrii
2343 2503 2594 2565 corpore
2649 2487 3046 2549 st-aturientis.
3085 2486 3416 2564 prodigium
3466 2483 3662 2544 adhuc

2012 2573 2368 2648 obtinuisse,
2400 2573 2795 2644 indubitatum
2830 2577 3047 2638 evadit.
3082 2575 3202 2638 Nec
3225 2576 3338 2638 hoc
3370 2583 3600 2636 tantum
3629 2591 3661 2633 e

2011 2663 2276 2725 recitatis
2294 2662 2666 2741 Chrysolorzn
2690 2665 2885 2726 \crbis
2908 2666 3426 2744 discimus,verum
3459 2664 3660 2732 etiam,

2012 2751 2096 2811 uti
2123 2751 2249 2813 hate
2278 2753 2638 2832 expendcnti
2665 2763 2948 2833 patescet,
2976 2765 3178 2816 notatu
3211 2754 3354 2815 satis
3383 2754 3561 2830 digna
3589 2752 3663 2810 tle

271 2844 680 2922 spectaculum
729 2842 1110 2904 cernentibus
1163 2841 1664 2921 audientibusque
1694 2841 1770 2901 sit
1820 2840 1925 2902 ad-
2018 2841 2354 2919 prodigiose
2379 2843 3194 2922 sanctiDemetriiunguento
3218 2843 3326 2904 alia
3354 2841 3661 2913 nonnulla,

273 2932 564 3008 tttiranda,
616 2951 725 2994 nec
775 2931 946 2995 alteri
999 2931 1334 3012 comparari
1385 2940 1590 3010 queat,
1645 2948 1736 3003 ac,
1788 2931 1930 3010 quid
2016 2949 2269 3009 quorum
2305 2931 2541 2991 interim
2566 2933 2743 2992 fidem
2779 2952 2960 3012 penes
2992 2944 3294 2994 auctorem
3329 2941 3484 2992 stare
3505 2930 3661 2992 volo.

269 3022 429 3095 dico,
465 3021 536 3083 iis
589 3041 722 3102 qua:
751 3041 784 3083 a
841 3031 998 3083 terra
1026 3031 1166 3082 sunt
1223 3021 1533 3100 producta,
1570 3018 1929 3098 insignibus,
2015 3017 2224 3081 Utrum
2252 3038 2450 3100 porro,
2475 3013 2994 3082 Thessalonicensi
3021 3020 3219 3083 Sancti
3254 3020 3474 3099 templo
3501 3019 3556 3079 in
3581 3020 3659 3078 fa-

267 3112 756 3193 cuandoquidem
817 3120 874 3172 et
914 3111 1016 3190 iis,
1049 3129 1183 3189 qua:
1213 3129 1245 3171 a
1301 3112 1423 3172 Deo
1458 3110 1595 3170 olim
1628 3110 1795 3169 fuere
1830 3128 1921 3188 pa-
2017 3128 2159 3169 num
2195 3108 2608 3182 Turcicum,ut
2642 3130 2819 3190 supra
2849 3111 2909 3171 in
2944 3109 3384 3173 Commentario
3418 3109 3659 3189 praevio,

280 3207 447 3274 :rata,
485 3200 770 3281 prodigiis
803 3199 959 3260 haud
994 3199 1068 3259 sit
1103 3199 1302 3260 minus
1335 3198 1360 3261 ἲ
1951 3218 1990 3268 c
2019 3217 2183 3258 num.
2212 3199 2288 3260 9'2
2323 3198 2521 3263 docui.
2553 3200 2675 3277 jam
2709 3218 3018 3272 converso,
3055 3199 3414 3278 stupendum
3448 3197 3660 3258 admo-

348 3289 448 3352 46.
487 3314 514 3344 ι
548 3289 831 3368 Linguam
890 3289 1067 3367 igitur
1101 3289 1198 3351 hic
1231 3288 1388 3350 haud
1437 3295 1710 3348 moveant
1738 3288 1930 3349 hatre-
2019 3285 2183 3356 dum,
2221 3285 2378 3362 quali
2406 3287 2579 3346 etiam
2605 3287 2702 3346 alii
2726 3286 2924 3349 Sancti
2958 3287 3226 3348 nonnulli
3261 3287 3435 3347 modo
3467 3286 3661 3346 adhuc

277 3378 404 3458 tici,
429 3397 539 3440 nec
559 3379 866 3441 daemones
897 3378 1233 3441 imitentur.
1269 3383 1486 3440 (Iausas
1513 3378 1834 3458 oppositas,
1875 3387 1936 3439 ut
2018 3394 2050 3435 a
2083 3377 2205 3436 Deo
2258 3375 2649 3436 condecorari
2680 3377 2894 3437 olimvc
2927 3387 3089 3437 certe
3131 3375 3520 3436 condecorari
3554 3394 3663 3434 no-

275 3467 424 3544 pios,
449 3466 952 3547 quemadmodum
985 3467 1248 3545 primum
1273 3467 1578 3528 hominem
1607 3467 1930 3542 dazmones,
2018 3474 2288 3536 scuntur,
2322 3463 2602 3526 stillantis
2636 3483 2738 3524 seu
2791 3460 3174 3526 scaturientis
3206 3464 3374 3542 copia
3407 3463 3662 3524 maxima

273 3555 594 3636 decipiant,
631 3556 925 3628 tingentes
961 3557 1115 3616 haud
1174 3575 1345 3637 teque
1378 3555 1802 3636 prznvalcbunt.
1848 3554 1932 3618 Nc
2018 3551 2356 3614 cDemetrii
2389 3571 2641 3634 corpore
2673 3553 2963 3633 unguenti
2998 3553 3330 3630 prodigium
3366 3551 3663 3632 hodieque

274 3643 452 3722 igitur
482 3645 914 3726 qualiscunque
939 3644 1113 3705 etiam
1147 3645 1244 3718 sit,
1281 3645 1672 3707 conticescat.
1709 3643 1927 3706 Verum
2016 3651 2385 3721 perseveret,
2420 3653 2796 3723 compertum
2831 3642 2982 3704 haud
3015 3643 3227 3706 habeo.

1196 4121 1781 4253 ORDO
1929 4121 2730 4252 RERUM

592 4405 891 4505 QU/E
1019 4405 1149 4489 IN
1285 4403 1558 4490 HOC
1677 4403 2060 4490 ΤΟΜο
2200 4402 3326 4488 (ΙΟΝΤΙΝΕΝΤυίὶ.

627 4756 917 4819 SIMEON
965 4753 1560 4814 METAPHRASTES.
2075 4767 2308 4825 MENSIS
2334 4767 2707 4826 DECEMBER,

343 4869 520 4928 VITXE
547 4866 936 4925 SANCTORUM
968 4867 1366 4936 (continuatio).
2077 4867 2168 4922 Die
2199 4869 2251 4922 [ι.
2286 4867 2392 4922 Vita
2422 4867 2474 4923 S.
2509 4867 2761 4924 Barbarae.
3554 4865 3648 4920 301

342 4940 574 5000 MENSIS
605 4939 978 4996 NOVEMRER.
1201 5008 1209 5010 Α
1264 5009 1275 5010 ί
1432 5009 1455 5010 η

2076 4938 2170 4994 Die
2199 4939 2252 4996 6.
2284 4938 2396 5010 Vita
2429 4939 2482 4993 S.
2517 4937 2704 4993 Nicol'ti
2731 4937 2995 5010 Myrensis.
3551 4936 3655 4992 3l7

343 5014 435 5069 Die
456 5013 510 5067 2.
538 5011 824 5082 Martyrium
842 5008 1235 5082 SS.At‘.yndyni,
1261 5009 1458 5080 Pegasii
1482 5019 1527 5066 et
1552 5010 1818 5066 sociorum.
1888 5010 1922 5082 9
2077 5009 2168 5065 Die
2201 5010 2253 5082 8.
2289 5009 2405 5066 Vita
2434 5010 2489 5065 S.
2512 5010 2745 5082 Patapii.
2767 5008 2792 5082 ί
3091 5078 3102 5082 _
3552 5010 3656 5082 ita]

344 5084 434 5140 Dte
465 5087 518 5140 4.
552 5078 750 5139 νὶιξίὸ.
783 5078 1278 5152 1οεηηίεἰὶἀὺ1ιδῑιβ.
1341 5078 1357 5080 “
1853 5079 1923 5137 35
2077 5082 2165 5136 Die
2205 5081 2281 5136 ιο.
2324 5079 2612 5152 Martyrium
2643 5080 2700 5137 S.
2737 5081 2892 5134 Metire
2920 5087 2968 5135 ct
2998 5095 3054 5134 so
3090 5078 3274 5137 iorum.
3549 5079 3652 5152 36‘?

346 5155 438 5212 Die
465 5154 519 5211 5.
551 5153 658 5209 Vita
688 5154 766 5210 SS
821 5154 1130 5211 Galacttonis
1157 5162 1207 5206 et
1236 5151 1543 5224 Epistetnes.
1830 5152 1920 5224 _93
2078 5153 2174 5224 Die
2209 5153 2293 5224 12.
2328 5151 2524 5224 γνίηδ.
2559 5152 2868 5224 Spyridonis.
2971 5221 2998 5224 Α.
3252 5221 3282 5224 η
3471 5219 3480 5224 _
3553 5151 3653 5204 M7

349 5227 437 5283 Die
465 5227 518 5282 7.
553 5226 842 5297 Martyrium
872 5224 926 5297 ξ.
965 5224 1200 5297 Hieronis
1229 5219 1293 5278 δι’
1310 5222 1576 5278 sociorum.
1821 5222 1923 5297 109
2078 5223 2166 5278 Die
2201 5222 2284 5278 13.
2322 5219 2613 5295 Martyrium
2631 5219 2728 5278 SS.
2764 5221 3021 5283 Eustratii,
3049 5221 3283 5277 Auxentii
3309 5230 3358 5275 et
3380 5219 3651 5297 sociorum,

348 5299 518 5355 Die9.
555 5291 845 5368 Martyrium
876 5294 1169 5368 δραμεῖς.
1244 5365 1268 5368 _
1822 5294 1924 5368 up
2080 5367 2138 5368 ἡ
2325 5366 2375 5368 ἡ
2451 5291 2526 5368 -Ξ
2650 5365 2675 5368 _
2738 5366 2792 5368 ,ᾗ
2903 5365 2911 5368 Δ
3038 5364 3048 5368 Α
3551 5291 3653 5368 46:,

346 5369 434 5426 Die
471 5369 552 5440 15.
582 5363 872 5440 ἣξειινξςτὶιῃη
895 5366 989 5424 SS.
1016 5366 1205 5440 Cariae,
1236 5365 1468 5423 Samonte
1495 5371 1544 5420 et
1575 5365 1747 5421 Abibi.
1819 5365 1918 5440 12?
2077 5367 2173 5440 Die
2209 5368 2295 5440 it.
2325 5366 2615 5440 Martyrium
2644 5365 2686 5440 ξ
2735 5365 2916 5440 [hrysi
2949 5364 3219 5440 sociorum.
3551 5363 3653 5440 {illi

2077 5367 2173 5424 Die
2212 5368 2295 5423 it.
2325 5366 2615 5437 Martyrium
2644 5365 2680 5422 S
2735 5365 2916 5436 Thrysi
2949 5364 3219 5420 sociorum.

349 5442 440 5497 Die
469 5439 560 5494 22.
593 5438 646 5494 S.
673 5435 883 5509 Cieciliaa
914 5446 965 5491 et
994 5439 1290 5493 sociorium.
1321 5467 1339 5509 _-
1822 5435 1920 5509 1βᾷ
2079 5439 2172 5509 Die
2201 5438 2292 5493 21.
2327 5435 2618 5509 Martyrium
2657 5437 2710 5493 S.
2743 5435 2953 5493 Thomas
2989 5437 3223 5509 apostoli.
3539 5435 3658 5509 ‘559

348 5513 438 5590 Die
582 5510 702 5590 Xita
819 5507 1394 5590 gementis-martyris...
2075 5507 2166 5590 Die
2216 5509 2302 5566 23.
2343 5482 2631 5582 Marfyrtum
2676 5517 2964 5563 sanctorum
3012 5482 3182 5562 dccc-tu
3216 5518 3488 5580 martyrum
3531 5504 3656 5590 (ire:

346 5583 432 5639 Die
459 5581 696 5638 23.Vtta
726 5580 782 5638 S.
821 5579 1050 5651 Gregorii
1087 5577 1416 5651 Agrigentini.
1817 5579 1922 5651 ΨΩ
2004 5581 2239 5636 tensium.
2471 5577 2487 5582 ⁷
2950 5650 2957 5651 ί
3066 5650 3082 5651 7
3163 5649 3170 5651 _
3238 5648 3247 5651 _
3350 5577 3360 5580 ⁷
3475 5648 3484 5651 _
3555 5577 3659 5632 565

346 5655 432 5730 Dte
462 5653 550 5730 gs.
586 5651 693 5730 Yita
816 5648 1068 5730 Mercurii.
1133 5648 1150 5650 ⁷
1207 5648 1227 5651 ’
2075 5653 2166 5708 Die
2195 5651 2283 5710 25.
2321 5652 2618 5725 Martyrium
2641 5651 2693 5708 S.
2730 5650 3006 5708 Anastasiae
3055 5648 3278 5710 Junioris
3306 5659 3354 5704 et
3383 5648 3651 5730 sociarum;

344 5725 434 5782 Die
460 5725 549 5783 25.
586 5723 696 5780 Vita
726 5721 782 5778 S.
817 5721 1142 5780 Ecaterinm.
1815 5719 1922 5777 275
2133 5729 2142 5773 .'
2209 5739 2215 5746 ·
2456 5719 2470 5725 ⁷
3551 5720 3658 5779 575
