4226 6418
297 420 364 481 13
1137 410 1605 473 MAHTYRIUM
1646 407 1707 466 S.
1750 403 2104 466 ACINDYNI
2145 404 2239 463 ET
2277 402 2688 462 SOCIORUM.
3432 404 3498 467 ιι

292 528 694 599 αίσθανομένιρ’
730 527 845 579 ἀλλ’
876 527 933 577 ἐν
963 544 1067 578 τινι
1097 527 1202 578 τῶν
1237 525 1594 597 ἀψύχωνητὴν
1630 520 1849 572 κόλασιν
1881 522 1923 576 Α
1950 533 1961 567 ι

1825 536 1849 569 ν
1881 517 2182 584 Αιιιιοιιαιιι
2238 517 2479 569 inanimo
2530 517 2855 584 supplicium
2919 520 3269 579 sustinentes.
3322 521 3494 588 ipsum

289 621 674 689 ὑπομένοντες,
731 618 897 686 αὐτῆς
954 618 1049 685 μὲν
1100 616 1359 684 ἠμέλουν,
1422 611 1558 681 πρὸς
1590 610 1753 680 εύχὴν
1783 609 1840 661 δὲ

290 713 383 762 καὶ
432 709 685 775 γλῶσσαν
734 708 961 773 ἔτρεπον
1013 708 1106 757 καὶ
1160 704 1428 757 διάνοιαν
1483 702 1539 753 ’0
1570 699 1845 768 φωτισμὺς

285 801 466 869 ἡμῶν,
499 800 769 866 λέγοντες,
810 797 1010 865 Χριστὲ
1039 796 1067 847 ὀ
1099 795 1231 857 Θεὸς
1264 793 1461 862 ἡμῶνῷ
1491 792 1519 844 ὁ
1550 791 1733 860 ὕϐρεις
1778 787 1845 840 δι’

290 893 437 959 ἡμᾶς
474 889 734 956 ἐνεγκὼν,
769 890 826 940 ἐν
861 887 1000 956 ξύλῳ
1029 902 1086 939 τε
1111 883 1416 947 τανυσθεὶς,
1451 882 1545 935 καὶ
1574 881 1713 949 ὑπὲρ
1738 879 1846 933 τῶν

290 980 658 1048 ἀναιρούντων
694 994 752 1030 σε
789 974 1249 1046 προσευξάμενος,
1290 968 1677 1041 μακροθυμίας
1718 969 1847 1036 ἡμῖν

290 1073 385 1122 καὶ
430 1070 626 1137 ἀνοχῆς
673 1069 830 1136 ὄρους
878 1064 1170 1128 ὑποτιθεὶς,
1223 1062 1372 1113 ἔπιδε
1421 1061 1515 1111 ἐπὶ
1552 1058 1649 1126 τὴν
1686 1056 1847 1126 ἡμῶν

290 1158 616 1209 ταπείνωσὶν
660 1173 719 1207 τε
759 1156 853 1207 καὶ
889 1155 1149 1215 κάκωσιν,
1202 1151 1298 1203 καὶ
1346 1146 1527 1211 ἐξελοῦ
1559 1149 1708 1215 ἡμᾶς
1737 1145 1847 1199 τῶν

293 1248 542 1299 ἐπινοιῶν
570 1248 667 1313 τῆς
728 1245 1055 1311 κακοτέχνου
1086 1243 1285 1305 ταύτης
1315 1240 1410 1292 τοῦ
1444 1239 1703 1307 τυραννον
1743 1237 1843 1303 "Lu-

292 1338 412 1406 χῆζ.
449 1336 745 1397 Γνιῖξτωσαν
768 1334 984 1397 πάντες,
1015 1335 1094 1384 ὅτι
1128 1348 1185 1382 σε
1214 1331 1408 1399 ἔχομεν
1439 1328 1571 1379 Θεὸν
1603 1328 1658 1377 ἐν
1686 1327 1847 1393 ούρα-

292 1431 399 1489 νοῖς
434 1427 608 1478 πάντα
637 1424 954 1491 δυνάμενον,
986 1422 1080 1474 καὶ
1109 1422 1195 1472 τὸν
1223 1418 1457 1487 ἀναρχόν
1490 1434 1581 1467 σου
1611 1414 1842 1483 πατέρα,

295 1521 386 1569 καὶ
432 1518 492 1569 τὺ
535 1515 904 1585 προσκυνητον
936 1514 1027 1566 καὶ
1075 1510 1343 1577 πανάγιον
1378 1507 1601 1573 11νεῦμὰ
1629 1522 1720 1556 σου
1764 1506 1842 1565 εἰς

292 1611 415 1670 τοὺς
450 1608 670 1668 αἰῶνας.
719 1606 909 1674 Ἀμήν.

364 1697 438 1751 Δ’.
468 1699 649 1749 Ταῦτα
681 1698 857 1756 αὐτοῖς
886 1694 1224 1761 εὐξαμένοις,
1256 1692 1283 1743 ὁ
1315 1689 1518 1755 Κύριος
1543 1690 1598 1740 ὲν
1627 1686 1701 1754 τῷ
1728 1684 1845 1737 καθ’

293 1792 439 1861 ἡμᾶς
474 1790 601 1840 εἴδει
632 1788 928 1854 ἐπιφανεὶς,
954 1784 1070 1835 λύει
1109 1784 1205 1851 μὲν
1237 1782 1303 1833 τὰ
1338 1779 1540 1846 δεσμά’
1566 1779 1627 1829 τὸ
1653 1778 1706 1829 δὲ
1735 1776 1845 1843 πῦρ

1949 607 2163 675 quidem
2218 607 2559 677 negligebant
2600 608 2711 661 :ad
2759 623 2945 676 preces
2989 626 3114 664 vero
3167 612 3400 680 linguam
3444 626 3499 666 et

1951 706 2183 750 mentem
2223 698 2626 759 convertebant,
2666 698 2911 751 dicentes
2942 716 2951 749 :
2988 698 3087 763 Qui
3125 717 3184 753 es
3229 701 3498 754 illumina-

1950 788 2024 842 tio
2056 797 2259 853 nostra,
2307 788 2523 841 Christe
2575 792 2713 842 Deus
2748 800 2952 851 noster,
2984 791 3075 859 qui
3124 801 3345 859 prOpter
3391 809 3496 847 nos

1952 893 2139 947 passus
2177 893 2236 931 es
2283 878 2530 945 injurias,
2573 886 2627 930 et
2664 880 2717 930 in
2766 880 2911 947 ligno
2954 880 3101 933 luisti
3137 890 3412 942 extensus,
3446 894 3499 936 et

1951 977 2201 1036 precatus
2223 983 2280 1021 es
2307 983 2405 1035 pro
2434 969 2518 1030 iis,
2551 970 2640 1035 qui
2690 980 2741 1021 te
2795 970 3192 1033 imminuebant,
3229 972 3500 1039 patientia:

1951 1069 2006 1112 et
2061 1059 2357 1111 tolerantia:
2386 1060 2598 1113 decreta
2652 1060 2808 1113 nobis
2858 1076 3186 1130 proponens,
3224 1064 3407 1131 aspice
3434 1066 3499 1117 ad

1954 1150 2314 1202 humilitatem
2347 1163 2580 1203 nostram
2639 1159 2696 1202 et
2724 1151 3087 1216 aﬂlictiont-m,
3120 1164 3174 1206 et
3203 1156 3369 1208 libera
3403 1171 3501 1208 nos

1953 1240 2447 1295 machinationibus
2506 1244 2749 1295 scelerati
2806 1244 2967 1295 animi
3041 1245 3201 1311 hujus
3266 1249 3497 1315 tyranni.

1954 1329 2137 1382 Sciant
2153 1346 2339 1382 omnes
2361 1347 2457 1383 nos
2476 1343 2523 1384 lc
2550 1334 2744 1385 habere
2766 1332 2928 1385 Deum
2954 1334 3005 1385 iu
3029 1337 3195 1397 C(Plls,
3216 1340 3305 1403 qui
3330 1347 3502 1404 potest

1951 1422 2154 1477 omnia.
2200 1431 2252 1474 et
2290 1422 2378 1489 qui
2415 1433 2495 1476 est
2528 1425 2642 1476 sine
2672 1424 2954 1492 principio,
2989 1434 3138 1477 tuum
3180 1424 3417 1488 Patrem,
3447 1438 3498 1480 et

1952 1512 2287 1565 adorandum
2322 1523 2469 1565 tuum
2496 1522 2550 1566 et
2579 1514 2978 1567 sanctissimum
3021 1515 3281 1585 Spiritum
3316 1517 3370 1568 in
3401 1532 3502 1571 sa:-

1952 1602 2091 1654 cula.
2127 1605 2320 1655 Amen.

2021 1695 2108 1747 IV.
2142 1695 2271 1747 Cum
2304 1696 2381 1748 sic
2412 1706 2595 1749 essent
2636 1702 2857 1764 precati,
2890 1699 2940 1749 in
2976 1708 3159 1752 nostra
3194 1699 3361 1754 forma
3401 1716 3499 1770 ap-

1954 1800 2146 1854 parens
2175 1787 2452 1851 Dominus,
2489 1788 2645 1840 solvit
2677 1789 2893 1856 quidem
2922 1791 3131 1843 vincula
3158 1809 3169 1843 :
3200 1792 3376 1859 ignem
3408 1809 3501 1845 au—

293 1878 549 1947 δροσέζει,
578 1878 761 1945 ὥσπερ
797 1875 923 1926 ποτὲ
991 1875 1101 1933 τοῖς
1136 1874 1191 1922 ὲν
1232 1868 1491 1937 ’Δσσυρίᾳ
1522 1866 1679 1917 παισί
1707 1880 1722 1895 ·
1755 1864 1845 1915 καὶ
1879 1860 1919 1912 Β
1951 1884 1962 1929 ι

1830 1864 1845 1913 ἴ
1879 1860 1919 1912 Β
1951 1884 2057 1931 tem
2084 1878 2299 1939 irrorat,
2325 1879 2596 1946 quomodo
2624 1880 2815 1947 pueris_
2830 1881 2953 1932 olim
2987 1881 3042 1933 in
3075 1882 3288 1950 Assyria
3311 1900 3324 1947 ;
3347 1894 3396 1937 el
3422 1886 3499 1939 sic

299 1970 467 2030 οὕτως
495 1970 542 2019 οἱ
570 1968 711 2033 ἅγιοι
740 1967 965 2026 ἀπαθεῖς
1000 1964 1093 2015 καὶ
1124 1962 1271 2023 σῶοι,
1301 1961 1423 2011 κατ’
1444 1955 1566 2026 ὄψιν
1593 1957 1671 2024 τῷ
1698 1956 1847 2024 βασι-

296 2060 379 2111 λεῖ
420 2057 787 2125 παρέστησαν.
835 2057 893 2107 '0
931 2054 985 2105 δὲ
1023 2054 1195 2121 παχὺς
1239 2051 1314 2101 ὢν
1339 2050 1527 2118 κομιδῆ
1559 2047 1653 2099 καὶ
1680 2045 1847 2099 ἀσύν-

297 2166 436 2211 ετος,
494 2147 613 2199 οὒτε
641 2147 716 2216 τῷ
750 2145 1023 2214 ταραδὰξῳ
1050 2142 1415 2207 καταπλαγεὶς
1442 2137 1533 2190 τοῦ
1558 2138 1845 2206 (Ξεάματος,

292 2240 414 2290 οὕτε
443 2239 549 2289 τῶν
583 2236 870 2305 μαρτύρων
897 2235 995 2303 τὴν
1025 2234 1234 2301 ἄμαχον
1266 2228 1563 2299 καρτερίαν
1593 2229 1847 2295 δυσωπη-

295 2330 405 2389 Οείς
434 2343 445 2355 ·
480 2329 541 2379 Τί
578 2330 727 2395 ύμῖν,
765 2326 887 2395 ἔφη,
915 2326 1079 2386 δοκεῖ,
1110 2321 1241 2391 πρὸς
1277 2321 1448 2387 ὄνομα
1497 2316 1717 2377 τούτους
1748 2330 1846 2366 κα-

296 2422 455 2479 λέσας
488 2435 501 2480 ;
534 2414 621 2486 ἆρ’
652 2418 872 2468 ἔπεισαν
899 2415 1040 2483 ὑμᾶς
1075 2414 1129 2463 ai
1168 2410 1359 2479 μικραὶ
1400 2402 1557 2461 αὗται
1600 2405 1846 2473 βάσανοι,

297 2505 596 2579 ἀ’ποστῆναι
641 2510 738 2575 μὲν
764 2510 859 2576 τῆς
884 2504 1233 2571 πανωλέθρου
1269 2500 1473 2567 πλάνης
1503 2498 1676 2565 ὑμῶν,
1709 2492 1847 2559 εἷξαι

294 2603 351 2652 δὲ
404 2603 514 2661 τοῖς
566 2600 851 2669 ἡμετέροις
908 2596 1310 2663 Θεσπίσμασιν;
1344 2592 1412 2641 “ﬂ
1463 2592 1542 2642 ἔτι
1590 2588 1846 2657 ἐμμένειν

299 2692 551 2743 ϐούλεσθε
574 2693 639 2758 τῇ
672 2690 875 2757 ἀπάτῃ,
905 2690 1023 2748 ταῖς
1055 2686 1207 2752 ὑμῶν
1238 2683 1510 2751 γοητείαις
1533 2680 1849 2749 ὲπιθαρρεῖν

298 2786 511 2851 ἔχοντες
541 2799 555 2846 ;
595 2781 654 2832 '0
704 2780 967 2848 μακάριος
1002 2775 1304 2834 Ἀκίνδυνος
1339 2772 1688 2839 ἀπεκρίνατο,
1718 2769 1849 2835 Γοηο

298 2874 447 2933 τείας
501 2870 597 2940 μὲν
648 2868 769 2921 οὒτε
834 2870 1009 2934 ξ’σμεν,
1074 2864 1194 2917 οὔτε
1246 2863 1374 2914 ποτὲ
1428 2859 1845 2929 μεμαθήκαμεν,

309 2962 435 3013 οὔτε
474 2962 817 3028 φενακισμοῖς
850 2958 1106 3016 τοιούτοις
1136 2955 1295 3023 ἡμεῖς
1325 2949 1691 3022 ἐχρησάμεθα.
1711 2945 1846 2998 Ἀλλ’

300 3056 421 3104 ἐπεὶ
454 3052 550 3121 τὴν
592 3050 996 3120 ἀνυπέρόλητον
1033 3047 1126 3097 τοῦ
1166 3043 1297 3098 Θεοῦ
1330 3043 1578 3109 δύναμιν,
1627 3040 1719 3090 καὶ
1748 3038 1847 3097 τάς

304 3142 443 3209 ὑπὲρ
474 3140 633 3206 φύσιν
668 3137 1012 3207 θεοσημείας,
1065 3136 1317 3202 γοητείαν
1352 3128 1488 3183 εἶναι
1530 3127 1846 3196 ὑπολαμϐά-

306 3247 435 3291 νεις,
468 3229 736 3296 φαντασίᾳ
768 3244 847 3290 τε,
880 3230 971 3277 καὶ
1019 3227 1116 3277 ούκ
1146 3223 1370 3292 ἀληθεία
1401 3221 1572 3274 ταῦτα
1603 3220 1847 3278 ὑπονοεῖς

306 3319 571 3385 γίνεσθαι,
610 3318 803 3380 ἂλαλος
835 3316 896 3367 τὸ
944 3315 1127 3366 λοιπὸν
1163 3313 1281 3383 ἔσῃ,
1326 3313 1415 3363 καὶ
1451 3310 1547 3378 τὴν
1604 3309 1847 3375 γλῶτταν

306 3410 695 3476 πεπεδημένος,
734 3410 798 3459 ἵν’
823 3406 1029 3458 οἴκοθεν
1052 3407 1110 3457 τὸ
1144 3404 1438 3473 μαρτύριον
1472 3402 1597 3469 ἔχῃς
1626 3404 1724 3466 τῆς
1755 3399 1847 3451 τοῦ

306 3499 439 3552 ε)εοῦ
474 3501 775 3567 δυνάμεως.
804 3498 972 3565 Εἴπερ
1006 3496 1095 3547 οὖν
1134 3495 1312 3560 λέγειν
1341 3492 1618 3558 δεδύνησαι
1650 3532 1664 3556 ,
1707 3490 1845 3553 εἰπὲ,

309 3592 474 3651 ποίοις
498 3592 641 3658 ἡμᾶς
673 3588 911 3649 κελεύεις
940 3588 1097 3640 οὖσαι
1122 3588 1299 3649 θεοίς;
1338 3587 1443 3636 Καὶ
1472 3585 1568 3635 οὐκ
1603 3579 1668 3652 ἦν
1700 3582 1847 3650 φωνὴ

311 3682 401 3732 καὶ
431 3682 529 3731 οὐκ
559 3676 624 3749 ἦν
654 3678 932 3747 ἀκρόασιςο
966 3675 1077 3727 ἀλλ’
1111 3675 1302 3742 ἐπίσης
1336 3676 1447 3734 τοῖς
1488 3671 1651 3724 αὑτοῦ
1684 3672 1847 3731 Θεοῖς,

308 3777 516 3839 ἄφωνος
552 3770 790 3832 διετέλει,
826 3769 1047 3835 νεύματι
1098 3768 1242 3833 μόνῳ
1293 3764 1352 3815 τὸ
1393 3765 1487 3831 τῆς
1529 3763 1703 3831 ψυχῆς
1734 3761 1851 3830 βού-

308 3864 455 3931 λημα
508 3859 885 3927 παραφαίνων.
931 3849 1006 3908 Οἵ)
1052 3855 1147 3923 τὴν
1177 3855 1357 3907 ἄνοιαν
1401 3852 1449 3902 οί
1488 3851 1579 3901 τοῦ
1615 3848 1848 3917 Χριστοῦ

310 3950 618 4019 ἐλέγχοντές
671 3964 727 3999 τε
781 3948 871 3997 καὶ
908 3943 1338 4013 διαχλευάζοντες
1399 3940 1629 4007 ἔφασαν,
1688 3936 1849 3988 Ἀπο-

312 4042 591 4113 χωφῦμεν
616 4058 626 4069 ο
663 4040 820 4099 αὐτὸς
849 4038 902 4088 δὲ
927 4036 1075 4087 οὐδὲν
1098 4033 1203 4085 οὐδ’
1229 4032 1359 4094 ὂλως
1385 4031 1559 4095 λέγεις
1593 4030 1741 4096 ἡμῖν.

379 4134 453 4184 E'.
506 4126 1028 4199 Προσποιησαμένων
1053 4124 1107 4175 δὲ
1157 4123 1263 4174 τῶν
1296 4120 1463 4187 ἁγίων
1503 4120 1599 4186 την
1643 4116 1849 4185 ἀναχώ-

309 4238 488 4291 ρησιν,
527 4223 735 4285 ἄφωνος
782 4214 848 4286 ἦν
898 4215 1092 4283 ὁμοίως
1134 4215 1162 4263 ὁ
1210 4209 1461 4279 βασιλεύς
1487 4225 1502 4239 ο
1561 4208 1705 4277 θαμὰ
1740 4210 1849 4269 τοῖς

312 4310 669 4379 περιεστῶσιν
692 4305 1027 4368 ὲνατενίζων,
1059 4303 1151 4355 καὶ
1182 4301 1413 4369 νεύμασι
1428 4302 1524 4367 τὴν
1554 4298 1660 4350 τῶν
1686 4298 1850 4363 ἁγίων

313 4401 572 4470 σύλληψιν
624 4397 1082 4464 διακελευόμενος.
1146 4389 1277 4445 Εἶτα
1331 4391 1439 4443 τῶν
1488 4390 1770 4458 ὑπηρετῶν
1824 4388 1851 4438 ὃ

313 4492 556 4562 βούλεται
600 4492 829 4542 συνεῖναι
882 4488 955 4557 μὴ
986 4485 1313 4552 δυναμένων,
1352 4481 1626 4551 ἡμιμανὴς
1662 4480 1848 4548 ὥσπερ
1885 4521 1925 4574 D

315 4584 406 4635 ὑπ’
435 4583 665 4650 ἀπορίας
694 4581 783 4632 καὶ
824 4576 991 4645 θυμοῦ
1034 4575 1336 4643 γενόμενος,
1379 4577 1475 4640 τὴν
1506 4573 1749 4641 χλαμύδα
1790 4588 1847 4622 τε

318 4672 667 4743 περιέρρηξε,
721 4669 814 4721 καὶ
871 4669 899 4719 ὃ
938 4667 1149 4732 λέγεται
1216 4664 1565 4733 βιύλατώριον
1622 4665 1701 4724 είς
1754 4664 1855 4730 γῆν

318 4763 608 4832 ἀπέρριψε,
642 4760 732 4810 καὶ
765 4757 904 4809 οὕτω
946 4756 1072 4817 τοὺς
1105 4755 1376 4820 παρόντας
1423 4756 1501 4813 είς
1531 4749 1709 4804 οἶκτον
1740 4752 1855 4815 ἐξε-

318 4853 551 4905 καλεῖτο.
596 4852 657 4901 Οἱ
704 4848 759 4899 δὲ
787 4846 879 4898 τοῦ
910 4843 1141 4915 Χριστοῦ
1192 4844 1538 4911 στρατιῶται,
1572 4842 1766 4904 αὐτούς
1796 4859 1853 4893 τε

319 4945 410 4993 καί
440 4940 530 4991 τὸν
553 4938 812 5005 τύραννον
829 4938 925 5003 τῆς
957 4934 1134 4995 ἀνοίας
1153 4934 1722 4999 κατοικτισάμενοι,Ὣ
1750 4950 1854 5001 πηιο

322 5033 533 5101 ρώσεως
565 5027 881 5097 ἀνθρώπων,
914 5026 1137 5093 ἔφησανο
1168 5026 1246 5075 ὅτι
1269 5025 1481 5084 ἑκόντες
1509 5026 1632 5086 τους
1660 5024 1857 5091 ὀφθαλ-

320 5124 451 5191 μοὺς
490 5118 878 5186 καταμύοντες,
932 5117 990 5168 ού
1047 5114 1320 5183 βούλονται
1372 5114 1505 5182 πρὸς
1543 5114 1602 5164 τὺ
1653 5115 1854 5182 φέγγος

317 5212 559 5266 ἀτενίσαι
602 5210 699 5278 τῆς
730 5207 996 5277 ἀληθείας.
1041 5206 1202 5257 ’Λλλά
1238 5203 1520 5268 ὄιὰνοιξον,
1551 5205 1740 5273 Κύριε,
1794 5204 1856 5254 τά

316 5304 536 5370 ὄμματα
588 5301 683 5364 τῆς
738 5297 959 5365 καρδίας
1013 5297 1208 5358 αὐτῶν,
1255 5295 1394 5347 ὥστε
1432 5295 1575 5369 φωτὶ,
1610 5294 1708 5362 τῆς
1762 5295 1857 5361 σῆς

319 5394 567 5458 γνώσεως
620 5386 1118 5469 περιαυγασοῆναιί
1146 5389 1238 5438 καὶ
1288 5386 1615 5454 κατανοῆσαι
1671 5386 1735 5435 τὰ
1791 5384 1858 5434 oi

321 5481 594 5550 θαυμάσια
624 5520 637 5543 ,
689 5478 783 5530 καὶ
835 5478 895 5529 τὸ
945 5476 1314 5546 προσκύνητόν
1352 5493 1443 5528 σου
1498 5477 1716 5542 δοξάσαι
1765 5474 1857 5526 καὶ

322 5575 580 5632 παναγιον
603 5568 791 5636 ὄνομα.
813 5566 996 5618 Ταῦτα
1025 5566 1079 5617 δὲ
1118 5564 1292 5616 αὐτῶν
1319 5564 1654 5633 εὐξαμένων,
1691 5579 1856 5632 στραο

320 5662 406 5721 τίις
453 5662 632 5721 αὐτοῖς
658 5658 939 5725 ἀγγελικδς
971 5656 1330 5722 ἐπιφαίνεται,
1364 5647 1437 5706 ὧν
1466 5655 1563 5721 τὴν
1609 5652 1855 5720 λαμπρό-

320 5768 457 5819 τητα
511 5752 557 5801 οἱ
606 5752 700 5811 τὰς
736 5749 899 5817 κόρας
945 5748 1040 5815 τῆς
1096 5745 1266 5814 ψυχῆς
1304 5744 1748 5813 ἀμῦλυώττοντες
1783 5744 1855 5812 μὴ

1950 1971 2120 2021 sancti
2155 1970 2300 2021 illaesi
2333 1980 2387 2023 ct
2426 1972 2559 2023 salvi
2606 1973 2849 2039 producti
2901 1983 3025 2025 sunt
3060 1975 3111 2026 in
3151 1985 3497 2042 conspectum

1950 2060 2111 2125 regis.
2148 2061 2237 2113 Ille
2271 2070 2452 2113 autem
2481 2076 2604 2115 cum
2654 2071 2800 2115 esset
2829 2064 2983 2117 valde
3013 2080 3226 2118 crassus
3272 2076 3326 2119 et
3368 2067 3499 2120 insi-

1949 2152 2123 2217 piens,
2155 2167 2331 2220 neque
2378 2153 2677 2207 admirabili
2724 2156 3031 2222 Spectaculo
3072 2158 3496 2225 obstupefactus,

1948 2253 2123 2307 neque
2176 2249 2465 2306 martyrum
2528 2242 2723 2295 invicta
2778 2251 2955 2296 motus
3009 2247 3494 2312 patientia:Quid.

1950 2329 2146 2396 inquit,
2180 2331 2335 2386 vobis
2380 2332 2675 2394 videretur,
2712 2348 2805 2386 eos
2835 2334 3111 2401 appellans
3154 2338 3496 2395 nominatim.

1954 2434 2081 2471 num
2117 2419 2228 2473 hate
2263 2420 2416 2473 vobis
2449 2437 2609 2489 parva
2643 2432 3026 2489 persuaserunt
3076 2433 3338 2479 tormenta
3377 2435 3433 2480 ut
3468 2445 3497 2481 a

1951 2508 2187 2575 pretioso
2220 2510 2436 2575 quidem
2488 2521 2665 2563 vestro
2714 2527 2898 2564 errore
2949 2513 3266 2580 discedatis,
3299 2517 3499 2571 nostris

1951 2613 2130 2656 autem
2163 2604 2352 2656 edictis
2388 2606 2635 2658 cedatis?
2668 2621 2734 2657 an
2764 2606 2941 2660 adhuc
2995 2607 3154 2661 vultis
3183 2623 3498 2676 permanere

1953 2694 2006 2744 iu
2035 2709 2235 2753 errore,
2279 2696 2468 2747 vestris
2504 2696 2625 2747 freti
2660 2697 2981 2765 praestigiis?
3032 2697 3329 2765 Respondit
3371 2699 3500 2751 bea-

1954 2790 2037 2831 tus
2083 2782 2391 2850 Acindynus
2428 2798 2442 2833 :
2484 2781 2782 2851 l’rzestigias
2827 2785 3042 2852 quidem
3074 2801 3248 2853 neque
3277 2787 3497 2851 scimus,

1951 2883 2126 2935 neque
2176 2884 2412 2936 unquam
2480 2871 2791 2933 didicimus,
2852 2887 3029 2939 neque
3088 2889 3325 2942 unquam
3384 2878 3499 2930 tali-

1951 2960 2050 3012 bus
2121 2961 2203 3012 usi
2272 2977 2460 3015 sumus
2525 2963 2854 3030 iinposturis.
2929 2964 3032 3017 Sed
3100 2968 3352 3032 quoniam
3411 2968 3499 3022 Dei

1950 3049 2093 3103 vires
2127 3052 2534 3118 insuperabilcs,
2585 3062 2643 3105 et
2691 3070 2808 3121 qua:
2874 3063 2999 3107 sunt
3040 3070 3203 3123 supra
3254 3068 3498 3113 naturam

1951 3139 2099 3208 signa
2150 3139 2352 3201 divina.
2393 3151 2550 3209 putas
2584 3158 2702 3196 esse
2744 3145 3057 3213 praestigias,
3089 3146 3410 3216 visioneque
3449 3160 3501 3202 et

1954 3246 2060 3282 non
2093 3246 2279 3284 revera
2301 3232 2413 3285 haec
2436 3234 2548 3285 ﬁeri
2577 3235 2887 3302 suspicaris,
2906 3237 3011 3289 eris
3044 3237 3297 3306 deinceps
3320 3248 3500 3294 mutus

1950 3330 2004 3373 et
2034 3320 2210 3389 lingua
2245 3323 2554 3391 impeditus,
2590 3333 2647 3376 ut
2679 3340 2745 3376 cx
2778 3325 2950 3392 leipso
2978 3327 3341 3379 testimonium
3364 3326 3502 3380 feras

1952 3411 2043 3464 Dei
2084 3412 2319 3464 virtutis.
2353 3412 2408 3464 Si
2464 3424 2618 3480 potes
2646 3430 2773 3480 ergo
2800 3416 3004 3476 dicere,
3039 3417 3144 3478 dic,
3177 3416 3499 3483 quibusnam

1949 3500 2051 3553 diis
2101 3516 2195 3553 nos
2244 3501 2399 3568 jubes
2456 3504 2798 3556 sacriﬁcare?
2832 3506 2949 3557 Non
2996 3516 3111 3559 erat
3152 3516 3332 3560 autem
3379 3523 3498 3569 vox.

1953 3607 2120 3660 neque
2153 3595 2377 3656 auditio,
2413 3598 2506 3648 sed
2534 3604 2648 3647 erat
2679 3605 2879 3659 mutus,
2908 3612 3015 3649 non
3046 3612 3202 3651 secus
3241 3607 3398 3666 atque
3427 3599 3499 3651 dii

1950 3687 2086 3751 ejus,
2118 3686 2234 3738 solo
2264 3696 2397 3738 nutu
2453 3687 2700 3740 iudicans
2733 3689 2898 3740 animi
2942 3689 3298 3743 voluntatem.
3332 3690 3500 3757 Cuius

1952 3776 2240 3828 amentiam
2268 3774 2469 3829 Christi
2502 3778 2641 3830 servi
2675 3788 2966 3845 arguentes
2997 3790 3049 3832 et
3079 3781 3385 3844 irridentes,
3414 3781 3498 3835 di-

1951 3867 2144 3916 cebant
2174 3881 2182 3913 :
2219 3863 2558 3929 Rccedimus,
2616 3877 2668 3920 tu
2699 3876 2877 3920 autem
2907 3869 3037 3922 nihil
3072 3872 3225 3923 nobis
3272 3872 3495 3926 omnino

1949 3955 2101 4007 dicis.

1970 4097 1977 4106 ’
2018 4104 2079 4158 ν.
2116 4106 2247 4159 Cum
2280 4117 2458 4161 autem
2489 4107 2771 4162 ﬁnxissent
2796 4111 2968 4164 sancti
2999 4126 3055 4164 se
3090 4114 3360 4177 recedere,
3384 4127 3497 4168 erat

1954 4209 2045 4246 rex
2082 4206 2263 4249 mutus
2289 4197 2554 4258 similiter,
2588 4199 2779 4251 crebro
2812 4198 3049 4269 deﬁgens
3077 4203 3261 4255 Oculos
3292 4203 3343 4255 in
3380 4218 3495 4269 eos,

1954 4286 2042 4353 qui
2066 4285 2554 4349 circumsistebant,
2588 4295 2643 4339 et
2673 4298 2804 4341 nutu
2833 4290 3052 4355 jubens,
3085 4301 3142 4345 ut
3167 4304 3333 4346 sancti
3354 4309 3499 4346 com-

1954 4374 2440 4442 prehenderentur.
2468 4376 2668 4429 Deinde
2691 4394 2811 4430 cum
2841 4378 3071 4433 ministri
3091 4383 3233 4449 quod
3263 4384 3495 4447 volebat,

1954 4480 2059 4518 non
2091 4476 2311 4533 possent
2331 4467 2646 4536 intelligere,
2689 4484 2796 4537 pra:
2824 4470 2897 4522 ira
2922 4480 2974 4523 et
3008 4471 3337 4527 dubitatione
3367 4475 3501 4529 eﬂ'e-

1952 4564 2071 4607 ctus
2116 4556 2497 4618 semiinsanus,
2550 4560 2693 4625 rupit
2736 4560 3093 4629 chlamydem,
3152 4572 3206 4615 et
3260 4563 3310 4617 id
3357 4568 3496 4632 quod

1952 4647 2310 4701 ﬁbulatorium
2354 4649 2573 4711 dicitur,
2606 4652 2752 4704 humi
2798 4654 3029 4720 disiecit,
3066 4662 3117 4707 et
3161 4656 3237 4710 sic
3267 4672 3381 4719 eos,
3408 4658 3498 4725 qui

1950 4741 2192 4804 aderant,
2252 4742 2475 4796 vocabat
2506 4743 2571 4795 ad
2617 4745 3055 4799 misericmdiam.
3093 4746 3291 4801 Christi
3323 4758 3500 4802 autem

1953 4831 2151 4883 milites
2213 4838 2267 4883 ct
2339 4832 2482 4897 ipsos
2528 4842 2581 4885 et
2636 4842 2920 4902 tyrannum
2993 4836 3233 4891 miserati
3283 4848 3501 4907 propter

1954 4920 2266 4983 amentiam,
2294 4919 2337 4972 0
2364 4921 2640 4975 hominum
2688 4925 3010 4977 edacitatem!
3060 4926 3329 4990 dixerunt,
3358 4931 3499 4996 quod

1958 5023 2052 5060 sua
2083 5016 2271 5076 sponte
2301 5007 2614 5061 claudentes
2636 5011 2843 5075 oculos,
2876 5013 3073 5066 intueri
3104 5015 3294 5067 uolunt
3325 5016 3499 5071 lucem

1959 5100 2216 5152 veritatis.
2254 5098 2358 5153 Sed
2392 5102 2557 5169 aperi,
2593 5102 2836 5165 Domine,
2863 5103 3049 5156 oculos
3083 5104 3261 5158 cordis
3291 5120 3498 5169 eorum,

1959 5200 2015 5243 ut
2045 5191 2415 5244 illumineutur
2447 5194 2563 5244 luce
2602 5192 2690 5245 Dei
2727 5193 3073 5261 cognitionis,
3109 5204 3164 5247 ct
3203 5206 3293 5249 tua
3323 5199 3502 5251 consi-

1959 5285 2146 5337 derent
2192 5283 2469 5347 miracula,
2515 5291 2568 5336 et
2603 5284 2933 5337 adorandum
2968 5294 3020 5338 et
3052 5296 3297 5339 sanctum
3348 5296 3499 5341 tuum

1956 5358 2152 5432 nomen
2182 5379 2503 5449 signiﬁcent.
2534 5378 2667 5432 Cum
2712 5378 2825 5432 hate
2846 5390 3026 5433 autem
3057 5391 3240 5434 essent
3270 5384 3494 5450 precati.

1956 5474 2031 5526 eis
2054 5482 2276 5540 apparet
2304 5471 2574 5524 exercitus
2610 5471 2943 5539 angelorum,
2973 5486 3202 5538 quorum
3254 5473 3501 5541 splendu-

1956 5574 2065 5613 rem
2100 5558 2239 5611 ferre
2269 5573 2374 5610 non
2418 5558 2677 5621 valentes,
2708 5558 2797 5625 qui
2853 5558 3023 5611 oculis
3075 5559 3267 5613 animae
3302 5560 3499 5630 calig»

1962 5636 2109 5714 bant,
2142 5649 2288 5702 humi
2319 5649 2650 5702 ceciderunt.
2694 5648 2873 5704 Sancti
2908 5664 3035 5704 vero
3058 5665 3181 5703 cum
3235 5651 3326 5703 Dei
3369 5667 3501 5705 con-

1964 5749 2174 5795 suetum
2236 5740 2530 5796 sensissent
2583 5740 2861 5807 auxilium,
2910 5742 2959 5796 ei
3015 5741 3329 5796 obtulerunt
3385 5756 3497 5813 gra-
