4226 6418
280 345 343 405 Π
1115 340 1571 400 MARTYRiUM
1620 341 1677 397 S.
1727 340 2065 397 ACINDINI
2118 341 2208 398 ET
2245 340 2651 399 SOCIORUM.
3413 345 3474 404 18

279 457 442 506 πόθον
478 456 571 516 τὰς
604 455 775 524 ψυχας
806 454 885 517 είς
929 454 1155 508 θάνατον
1195 454 1546 523 παραδόντες,
1575 454 1823 515 θάνατον,
1853 454 1901 510 Α
1931 465 1943 505 t

1820 495 1823 510 .
1853 454 1901 510 Α
1931 465 2034 506 lem
2060 454 2369 515 tradidistis,
2406 465 2652 517 mortem,
2678 470 2795 521 qua:
2825 456 2980 505 vitam
3012 464 3259 505 xtct'natn
3301 457 3489 506 conci.-

278 545 425 613 ζωὴν
458 546 673 597 αἰώνιον
728 546 1177 615 μνηστευόμενον.
1216 546 1359 615 Πλὴν
1392 546 1524 596 ἄλλα
1570 547 1662 597 καὶ
1698 547 1827 613 ἡμῖν

284 640 439 703 χεῖρα
479 637 682 704 ὀρέξαι,
718 639 809 689 καὶ
838 636 931 689 τοῦ
962 636 1061 705 τῆς
1095 637 1367 698 ἀπωλείας
1415 635 1703 688 ἀνελκῦσαι
1738 634 1831 699 βυ-

285 728 377 778 θοῦ
415 727 820 795 παρακλήθητε.
858 729 921 779 Οἱ
957 728 1232 797 μάρτυρες
1257 727 1312 779 δὲ
1343 728 1497 792 λόγον
1529 726 1710 778 αὐτῶν
1736 728 1830 793 τῆς

286 818 524 883 δεήσεως
556 817 937 885 ποιησάμενοι,
969 817 1061 868 καὶ
1084 817 1237 885 ὄμμα
1266 820 1343 878 είς
1372 819 1633 884 οὐρανοὺς
1664 818 1834 886 ἄραν-

287 925 395 968 τες·
431 910 456 958 ὸ
483 908 613 966 θεὸς
640 907 666 955 ὁ
697 906 935 972 ὕψιστος,
965 901 1136 969 εἷπον,
1165 909 1255 958 ἐπὶ
1286 910 1408 968 τοὺς
1433 910 1651 968 δούλους
1687 908 1833 960 ἔπιδε

287 1000 413 1055 τοὺς
452 996 910 1060 ἐπικαλουμένους
957 995 1017 1046 τὸ
1046 995 1218 1063 ὄνομά
1249 1014 1341 1047 σου
1374 997 1430 1047 ἐν
1459 997 1688 1066 ἀληθείᾳ
1745 996 1836 1048 καὶ

293 1086 491 1156 βροχὴν
546 1086 789 1137 ἑκούσιον
821 1086 1078 1154 ἀφόρισον
1115 1089 1179 1155 τῇ
1212 1087 1307 1156 νέᾳ
1356 1087 1687 1156 κληρονομία
1723 1104 1838 1147 σου,

292 1176 435 1233 ὅπως
474 1173 557 1238 εἴη
591 1173 769 1233 αὐτοῖς
808 1174 841 1240 ἡ
869 1174 1017 1241 παρὰ
1046 1172 1136 1225 σοῦ
1164 1174 1370 1242 δρόσος,
1406 1176 1542 1240 ῐαμα
1588 1174 1647 1225 τὸ
1682 1173 1842 1225 νοσῶ·-

291 1265 376 1324 δες
415 1264 510 1331 τῆς
543 1263 814 1329 ἁμαρτίας
851 1261 1311 1329 ἀποκαθαίρουσα,
1356 1265 1448 1315 καὶ
1484 1264 1665 1314 εἴδωσι
1697 1263 1835 1315 πάν-

294 1374 404 1418 τες,
439 1358 520 1408 ὅτι
548 1355 613 1406 σὺ
645 1350 693 1406 εἷ
730 1354 892 1421 μόνος
923 1354 1073 1419 Θεὸς,
1107 1356 1196 1407 καὶ
1230 1354 1305 1425 τῷ
1342 1355 1419 1425 σῷ
1448 1356 1637 1422 κράτει
1670 1354 1845 1407 πάντα

296 1447 559 1509 πείθεται,
618 1443 857 1512 βασιλεῦ.
890 1444 1037 1511 ’Λμα
1095 1443 1152 1496 δὲ
1178 1443 1257 1511 τῷ
1285 1444 1425 1496 τέλει
1470 1445 1569 1511 τῆς
1618 1459 1847 1511 προσευ-

298 1539 417 1605 χῆς.
449 1536 726 1603 ἀστραπαί
762 1552 821 1586 τε
850 1533 1059 1603 ἀθρόως
1112 1534 1452 1602 ἐκτρίϐονται
1484 1536 1579 1587 καὶ
1630 1534 1850 1602 βρονταὶ

302 1628 801 1697 καταρῤήγνυνται,
844 1625 938 1677 καὶ
978 1625 1231 1693 ῥαγδαῖος
1261 1626 1461 1694 ὄμϐρος
1493 1627 1754 1693 ἐκχεῖται,
1778 1625 1849 1687 ὡς

303 1718 665 1784 συσχεθέντας
731 1715 876 1782 φόϐῳ
932 1717 1055 1775 τοὺς
1110 1714 1405 1776 ἐναντίους,
1456 1714 1582 1783 τῇδε
1631 1716 1851 1766 κάκεῖσε

1933 546 2045 597 liat.
2080 546 2345 597 Cmternm
2383 554 2440 598 ut
2472 544 2623 595 nobis
2651 559 2863 611 quoque.
2905 559 3116 594 manum
3151 544 3400 610 praiheat,
3435 550 3488 593 ct

1936 649 2033 686 nns
2075 634 2319 686 extrahat
2368 648 2432 686 ex
2487 632 2754 701 profundo
2807 634 3073 697 interitus,
3122 648 3244 686 eum
3286 643 3487 701 rogate.

1936 723 2194 791 Martyres
2226 732 2404 774 autem
2443 738 2561 775 cum
2615 737 2797 774 eorum
2846 738 3059 788 precum
3091 724 3365 775 duxissent
3406 738 3490 773 ra-

1937 814 2161 873 tionem,
2193 822 2246 864 ct
2278 812 2462 863 oculos
2497 813 2546 863 in
2583 812 2775 865 cadum
2809 813 3157 864 susutlissent
3182 830 3195 865 :
3221 812 3492 865 Altissime

1940 902 2097 962 Deus,
2133 901 2408 961 dixerunt,
2441 901 2617 967 aspice
2662 902 2725 951 ad
2777 916 2959 953 servos
3008 911 3144 963 tuos,
3178 904 3264 967 qui
3293 915 3488 953 nomen

1939 1000 2087 1043 tuutn
2136 991 2383 1043 invocant
2430 992 2481 1042 in
2524 991 2768 1053 veritate,
2804 1001 2858 1042 et
2909 992 3259 1043 voluntariam
3309 992 3494 1057 irriga-

1947 1083 2144 1136 tionem
2178 1082 2410 1134 attribue
2446 1096 2595 1133 nova:
2627 1091 2731 1135 tua:
2766 1083 3088 1144 luereditati,
3129 1083 3214 1143 iis,
3252 1082 3491 1147 inquam,

1942 1173 2033 1242 qui
2066 1186 2209 1224 nunc
2250 1171 2600 1223 crediderunt
2654 1172 2704 1221 in
2754 1186 2947 1224 nomen
2994 1182 3163 1233 tuum,
3200 1182 3254 1223 ut
3307 1171 3376 1223 sit
3422 1171 3499 1223 eis

1946 1263 2213 1317 medicina
2247 1277 2355 1325 ros,
2386 1262 2475 1329 qui
2514 1276 2543 1313 a
2573 1270 2623 1314 te
2648 1262 3027 1327 proficiscitur.
3063 1263 3109 1315 id
3137 1262 3277 1329 quod
3300 1263 3496 1331 peccati

1947 1366 2050 1417 est,
2080 1354 2385 1407 morbosum
2427 1367 2755 1421 expurgans,
2786 1360 2838 1405 et
2888 1355 3057 1404 sciant
3089 1364 3138 1405 te
3175 1354 3347 1405 solum
3380 1369 3501 1406 esse

1951 1447 2138 1508 Deum,
2161 1455 2213 1499 et
2236 1445 2435 1507 omnia,
2465 1458 2496 1495 ο
2518 1443 2649 1503 Rex,
2677 1453 2777 1495 tute
2793 1443 3008 1495 obedire
3038 1445 3308 1510 potentiae.
3336 1442 3501 1495 Simul

1951 1544 2125 1590 autent
2150 1552 2269 1589 cum
2291 1535 2396 1588 fine
2420 1533 2681 1587 orationis
2711 1543 2762 1584 ct
2788 1543 3005 1600 repente
3020 1534 3251 1586 emicant
3273 1534 3501 1601 fulgura,

1954 1637 2006 1683 et
2034 1636 2325 1690 erumpunt
2369 1625 2623 1687 fulmina,
2661 1634 2715 1678 et
2768 1626 3058 1677 vehemens
3108 1625 3250 1677 cadit
3301 1625 3501 1692 pinviu,

1955 1719 2091 1771 adeo
2138 1728 2193 1770 ut
2230 1726 2373 1769 metu
2409 1718 2640 1782 correpti
2694 1716 3007 1778 adversarii,
3046 1717 3145 1768 huc
3180 1724 3231 1766 et
3258 1716 3381 1768 illuc
3421 1716 3504 1767 di-

299 1808 795 1868 διασκεδάννυσθαι,
821 1806 928 1858 τῶν
959 1805 1396 1857 πεπιστευκότων
1423 1806 1642 1874 Χριστῷ
1672 1804 1851 1873 μόνον,
1889 1796 1932 1854 Β
1959 1828 1968 1863 ε

1838 1842 1851 1863 ο
1889 1796 2355 1877 aspergerentur,
2405 1808 2471 1860 iis
2522 1808 2669 1864 solis,
2722 1806 2808 1872 qui
2862 1805 3078 1858 Christo
3146 1807 3502 1865 crediderant,

302 1902 413 1960 τοῖς
460 1899 633 1963 ἁγίοις
677 1897 913 1964 μάρτυσι
948 1896 1534 1964 συμπεριλειφθὲντων.
1570 1894 1709 1963 Πρὸς
1764 1894 1854 1956 οὓς

302 1990 351 2039 oi
387 1990 525 2053 ἅγιοι
548 2003 563 2017 θ
590 1988 678 2054 Μὴ
708 1987 979 2054 φοϐεῖσθε,
1008 1983 1178 2047 εἷπον,
1204 1987 1379 2053 ὑμεῖς,
1414 1988 1463 2037 οἱ
1494 1985 1708 2055 Χριστῷ
1728 1987 1851 2038 ἑαυ-

302 2081 428 2139 τοὺς
458 2076 797 2144 ἀναθέμενοι,
828 2078 948 2128 ἐπεὶ
979 2080 1068 2127 καὶ
1093 2076 1159 2127 δι’
1192 2076 1330 2141 ὑμᾶς
1364 2075 1529 2127 ταῦτα
1560 2076 1764 2143 γέγονε.

381 2164 460 2216 il'.
511 2166 805 2233 Σύμφωνον
839 2165 933 2215 οὖν
971 2163 1047 2232 τῷ
1096 2163 1213 2231 Θεῷ
1244 2166 1340 2233 τὴν
1382 2165 1686 2228 δοξολογίαν
1732 2166 1859 2215 ἀνα-

306 2258 656 2325 πεμπὸντων,
678 2254 923 2321 ἀγγέλων
957 2256 1157 2323 ἐπέστη
1191 2255 1417 2323 πληθὺς,
1445 2253 1641 2314 λευκὰς
1666 2254 1857 2314 αὐτοὺς

305 2346 647 2414 ἁμφιεννῦσα
713 2346 924 2408 στολάς,
985 2345 1044 2396 τὸ
1097 2345 1507 2415 κεκαθαρμένον
1561 2344 1698 2409 τάχα
1762 2344 1858 2410 τῆς

306 2432 484 2499 ψυχῆς
514 2431 1022 2498 παρεμφαινούσας,
1057 2434 1121 2500 τῇ
1154 2432 1330 2483 πίστει
1359 2448 1416 2482 τε
1458 2432 1547 2482 καὶ
1580 2432 1653 2497 τῷ
1682 2430 1856 2481 ὕδατι.

322 2524 383 2574 '0
425 2523 479 2575 δὲ
510 2523 606 2589 τὴν
643 2522 834 2590 μανίαν
864 2524 1085 2590 ἄσχετος
1122 2522 1373 2590 βασιλεὺς
1403 2522 1474 2582 ὡς
1511 2522 1706 2582 ἔοικεν,
1742 2515 1861 2571 εἶπε

311 2614 448 2681 πρὸς
480 2615 602 2673 τοὺς
636 2614 822 2678 ἁγίους
850 2614 924 2664 Τὸ
952 2613 1225 2678 φείδεσθαί
1258 2631 1321 2681 με
1368 2614 1464 2680 τῆς
1497 2613 1645 2679 ὑμῶν
1677 2612 1862 2679 νεότη-

311 2722 401 2763 τος
454 2705 544 2755 καὶ
575 2705 669 2770 τῆς
700 2703 847 2771 ὥρας
882 2704 1290 2770 καταφρονῆσαι
1335 2720 1435 2768 μου
1483 2704 1575 2753 τοῦ
1633 2704 1864 2769 κράτους

314 2798 634 2865 πεποίηκεν.
676 2796 833 2847 Ἀλλὰ
879 2796 965 2846 διὰ
1012 2794 1119 2845 τῶν
1169 2794 1340 2861 ἔργων
1374 2793 1585 2844 εἴσεσθε
1622 2794 1857 2853 παντως,

317 2887 607 2949 ἀλυσιτελῆ
650 2889 740 2937 καὶ
790 2883 1083 2952 ἀσύμφορα
1129 2886 1338 2944 ἑαυτοῖς
1393 2883 1692 2946 ποιοῦντες,
1729 2882 1865 2950 πλὴν

319 2979 546 3045 ἐπείπερ
592 2978 687 3043 οὐχ
735 2971 895 3044 ἦττον
940 2974 1032 3025 τοῦ
1073 2973 1331 3025 δύνασθαι
1378 2975 1470 3025 καὶ
1504 2974 1564 3025 τὸ
1601 2973 1869 3042 μακροθυ-

325 3072 449 3136 μεῖν
480 3070 608 3134 ἡμῖν
645 3068 933 3135 πρόσεστιν
961 3066 1277 3134 ἀνεχόμενοι
1310 3067 1403 3115 καὶ
1447 3065 1525 3116 ἔτι
1574 3066 1671 3133 τῆς
1702 3066 1869 3132 ἀφρο-

325 3133 705 3225 σύνηςίύμῶν
766 3133 1205 3223 συμεουλεύομεν
1264 3153 1573 3220 πεισθῆναι,
1633 3155 1727 3205 καὶ¹
1786 3133 1939 3205 τὸνϐ

323 3249 527 3313 γλυκὺν
574 3247 759 3298 τοῦτον
792 3244 1051 3312 κερδῆσαι
1088 3244 1259 3311 ἥλιον,
1311 3244 1401 3293 καὶ
1432 3243 1505 3309 μὴ
1543 3242 1788 3311 πρόωρόν
1816 3259 1873 3293 τε

326 3343 422 3389 καὶ
477 3337 672 3405 πικρὸν
718 3337 1122 3387 ἐπισπάσασθαι
1157 3334 1416 3386 θάνατον·
1474 3333 1609 3385 ἀλλά
1647 3336 1872 3400 προσελ-

327 3431 541 3489 θόντας,
570 3427 730 3479 θῦσαι
764 3428 873 3486 τοῖς
901 3424 1186 3483 δεσπόταις
1231 3423 1390 3483 θεοῖς.
1434 3423 1495 3475 'O
1535 3421 1877 3489 ἀγιοςἈκίν-

328 3520 480 3578 δυνος
504 3534 515 3549 θ
562 3517 774 3584 ⁹Ημείς,
812 3510 988 3576 εἶπεν,
1024 3513 1120 3565 ινα
1152 3512 1281 3564 Θεὸν
1318 3513 1538 3580 οἴδαμεν
1565 3512 1655 3563 τὸν
1686 3513 1743 3563 ὲν
1793 3514 1879 3563 ού-

332 3610 537 3676 ρανοῖς,
571 3608 662 3658 καὶ
706 3604 855 3672 αὐτῷ
895 3604 1037 3672 μόνῳ
1069 3601 1423 3670 λατρεύομεν,
1476 3601 1552 3668 τῷ
1595 3601 1877 3669 δυναμένῳ

334 3697 494 3765 σῶμα
520 3712 573 3747 τε
607 3696 697 3746 καὶ
722 3694 897 3762 ψυχὴν
947 3692 1151 3759 αἰωνίῳ
1182 3692 1315 3759 πυρὶ
1352 3694 1694 3758 κατακρῖναι.
1737 3692 1876 3759 Πρὸς

334 3786 504 3838 ταῦτα
548 3788 575 3837 ό
628 3783 907 3852 βασιλεύς*
950 3782 1057 3835 Καὶ
1100 3782 1259 3843 αὐτὸς
1315 3781 1442 3847 ἐγὼ,
1472 3782 1593 3847 ἔφη,
1623 3782 1702 3833 ὲνὶ
1750 3782 1868 3848 Θεῷ

335 3879 658 3945 προσκυνεῖν
689 3877 830 3942 ὑμᾶς
861 3873 1139 3941 βούλομαι.
1178 3873 1283 3923 Καὶ
1332 3872 1445 3933 πῶς
1480 3871 1673 3939 τούτῳ,
1727 3867 1877 3923 εἶπεν

332 3974 362 4020 ὁ
419 3968 648 4035 μάρτυς,
702 3964 848 4016 θύειν
898 3963 1180 4025 κελεύεις;
1229 3963 1382 4029 Ἐμοὶ
1441 3962 1877 4025 ἀκολουθοῦντες,

336 4060 522 4124 φησιν,
550 4058 681 4123 ὅπερ
711 4055 774 4106 ἂν
805 4053 902 4121 ἐμὲ
934 4053 1077 4120 ίδητε
1114 4049 1390 4113 ποιοῦντα,
1447 4048 1540 4100 καὶ
1572 4049 1730 4115 ὑμεῖς
1763 4064 1881 4098 ποι·

337 4148 465 4197 εἶτε.
512 4144 668 4194 Ἀλλά
727 4142 789 4194 σὺ
843 4142 973 4209 μὲν,
1019 4142 1067 4191 οἱ
1112 4140 1379 4208 μάρτυρες
1435 4136 1661 4204 ἔφησαν,
1695 4136 1881 4207 ὥσπερ

339 4234 627 4285 ἐπίστασαι
669 4233 761 4284 καὶ
793 4233 1035 4301 ποιήσεις
1066 4247 1082 4262 ο
1110 4231 1268 4298 ἡμεῖς
1295 4228 1338 4281 δ’
1376 4224 1441 4281 αὖ
1474 4228 1634 4280 πάλιν
1666 4228 1740 4289 ὡς
1780 4227 1884 4280 ὲδι-

338 4323 630 4389 δὰχΟημεν,
658 4321 961 4383 ἀκολούθως
991 4321 1280 4388 δράσομεν.

410 4414 485 4464 9'.
523 4412 739 4473 Τούτοις
786 4412 967 4479 ἡσθεὶς
1011 4413 1041 4462 6
1087 4411 1369 4479 βασιλεύςο
1416 4412 1521 4464 Καὶ
1550 4412 1716 4473 διατί,
1752 4413 1876 4480 ἔφη,
1917 4441 1956 4494 D

344 4504 419 4567 μὴ
448 4501 551 4569 πρὸ
576 4500 768 4553 πολλοῦ
802 4499 961 4552 τοῦτο
986 4502 1344 4567 πεποιήκατε,
1397 4501 1530 4552 ἀλλά
1559 4518 1627 4568 με
1660 4503 1793 4569 πρὸς
1825 4501 1885 4551 τὺ

344 4592 493 4659 παρά
529 4590 689 4657 φύσιν
721 4589 1088 4653 ὲξεδιάσασθε,
1130 4589 1269 4642 ὥστε
1302 4591 1724 4659 προσενεχθῆναι
1776 4594 1884 4654 τοῖς

343 4682 617 4747 φιλτάτοις
645 4682 771 4748 ὑμῖν
795 4680 868 4741 ὼς
901 4680 977 4749 μὴ
1008 4680 1147 4743 ἔδεις
1192 4682 1337 4749 ὅμως
1367 4679 1440 4741 ὥς
1472 4696 1530 4731 τε
1560 4683 1725 4747 πατρὶ
1759 4681 1889 4747 σύγ-

343 4788 548 4836 γνωτε,
602 4772 689 4824 διὰ
742 4772 987 4833 παιδείας
1038 4772 1178 4836 ὑμᾶς
1238 4772 1582 4838 ἐπιστρέψαι,
1613 4773 1889 4840 καὶπαρά

345 4863 572 4931 γνώμην
604 4864 1016 4929 ἀναγκασθέντι.
1054 4861 1241 4914 Ταῦτα
1290 4861 1459 4913 εἰπὼν
1497 4861 1589 4913 τοῦ
1620 4862 1890 4930 ὀχήματος

346 4952 541 5019 ἐπέϐη,
589 4956 685 5005 καὶ¹
728 4952 1093 5020 συνεδριάζειν
1139 4951 1284 5019 αὺτῷ
1322 4952 1447 5013 τοὺς
1493 4951 1677 5018 ἁγίους
1715 4968 1885 5018 προσ-

349 5041 624 5094 εκαλεῖτο·
670 5043 719 5092 oi
756 5041 831 5104 δὲ,
878 5041 969 5108 Μὴ
1008 5041 1217 5105 γίνοιτο
1262 5040 1412 5107 ἡμῖν,
1442 5034 1487 5092 ὦ
1528 5039 1766 5106 βασιλεῦ,
1810 5041 1888 5101 εἰς

349 5134 506 5183 τοῦτο
540 5132 821 5199 παροινίας
852 5133 1038 5185 ἐλάσαι
1083 5132 1155 5193 ὠς
1207 5131 1493 5197 συνέδρους
1529 5146 1610 5181 σοι
1641 5130 1887 5196 γενέσθαι

352 5222 779 5289 κατατολμῆσαι,
811 5221 905 5272 καὶ
934 5219 992 5271 τὸ
1031 5220 1121 5271 σὺν
1152 5220 1347 5288 κράτος
1374 5217 1514 5269 οὓτω
1544 5216 1888 5284 καθυϐρίσαι.

367 5313 503 5364 Ἀλλ’
536 5313 677 5376 ἐμοὶ,
712 5312 873 5378 φησὶν
916 5312 943 5360 ὁ
998 5310 1267 5378 βασιλεὺς,
1300 5310 1333 5377 ὴ
1370 5307 1496 5375 παρ’
1535 5306 1684 5374 ὑμῶν
1714 5305 1888 5375 ὓὸρις,

354 5403 454 5468 τῆς
502 5402 607 5455 τῶν
653 5400 825 5452 ἄλλων
876 5400 1124 5468 ὑπηκόων
1152 5398 1485 5467 αἱρετωτέρα
1511 5396 1696 5463 τιμῆς.
1743 5396 1893 5449 Ἐπεὶ

358 5495 408 5543 δὲ
464 5493 595 5556 πρὸς
643 5491 721 5559 τῷ
763 5490 873 5558 ναῷ
918 5486 1075 5557 ἦσαν,
1112 5489 1224 5547 ἑνὸς
1252 5486 1359 5539 τῶν
1388 5485 1554 5550 ἁγίων
1602 5482 1892 5549 λαῆόμενος

428 5678 447 5707 ⁸
477 5676 654 5727 ὶὶῑιιὶιι.
692 5690 741 5737 X,
783 5675 865 5725 28.

1961 1902 2160 1955 relictis
2192 1900 2319 1951 solis
2342 1912 2463 1950 cum
2510 1898 2709 1950 sanctis
2748 1897 3086 1963 martyribus,
3134 1896 3197 1947 ad
3228 1910 3360 1961 quos
3382 1911 3503 1946 san-

1962 1994 2028 2041 cti
2062 2009 2072 2041 :
2106 1988 2181 2041 Ne
2204 1990 2457 2048 timentis,
2506 1987 2777 2048 dixerunt,
2806 1987 2895 2054 qui
2928 2001 3019 2039 vos
3048 1986 3259 2039 Christo
3292 1986 3471 2038 dedica
3492 2016 3503 2020 -

1964 2082 2078 2140 stis,
2118 2094 2236 2131 nam
2267 2079 2375 2131 haec
2403 2086 2620 2145 propter
2654 2093 2745 2130 vos
2775 2077 3119 2131 exstiterunt.

2035 2168 2168 2221 Vill.
2202 2168 2334 2221 Cum
2360 2183 2486 2235 ergo
2516 2182 2617 2219 una
2655 2182 2784 2220 voce
2821 2167 2930 2219 Deo
2974 2168 3280 2219 emitterent
3315 2166 3507 2233 gloriﬁ-

1963 2263 2251 2322 cationem,
2294 2261 2517 2312 accessit
2566 2260 2853 2312 multitudo
2890 2261 3223 2325 angelorum,
3271 2260 3510 2311 candidis

1964 2368 2058 2406 eos
2089 2354 2315 2405 induens
2346 2352 2604 2411 vestibus,
2634 2364 2749 2418 qua:
2780 2351 2913 2402 forte
2944 2350 3290 2402 ostendebant
3319 2365 3507 2417 purga-

1970 2454 2075 2495 tam
2112 2458 2227 2495 esse
2272 2443 2503 2494 animam
2545 2442 2646 2493 fide
2679 2452 2731 2493 et
2769 2456 2923 2508 aqua.
2965 2439 3074 2491 Rex
3130 2449 3329 2501 autem,
3364 2438 3513 2504 cujus

1967 2530 2205 2582 cohiberi
2242 2546 2345 2581 non
2371 2538 2579 2596 poterat
2604 2530 2829 2591 insania,
2863 2538 2917 2579 ut
2948 2543 3041 2595 par
3065 2538 3199 2590 erat,
3230 2528 3357 2579 dixit
3390 2542 3511 2577 san-

1970 2620 2070 2671 ctis
2106 2636 2116 2670 :
2147 2619 2303 2683 Quod
2326 2628 2515 2671 vestra:
2544 2618 2813 2685 juventuti
2842 2630 3116 2685 parcerem
3144 2626 3196 2669 et
3221 2617 3435 2683 speciei,
3468 2617 3515 2667 id

1973 2724 2063 2759 vos
2097 2710 2222 2761 fecit
2269 2724 2441 2760 meam
2474 2719 2821 2761 contemnere
2863 2708 3174 2774 potentiam,
3209 2709 3302 2759 sed
3350 2707 3514 2773 reipsa

1973 2800 2191 2851 omnino
2216 2798 2397 2851 scietis
2440 2814 2531 2852 vos
2563 2814 2625 2851 ea
2648 2798 2845 2861 facere,
2878 2813 2996 2864 quae
3055 2808 3173 2851 sunt
3208 2799 3414 2851 inutilia
3468 2812 3519 2852 et

1976 2892 2123 2943 vobis
2158 2906 2261 2942 non
2299 2893 2610 2957 expediunt.
2644 2890 2745 2943 Sed
2772 2893 3020 2955 quoniam
3052 2908 3157 2944 non
3189 2894 3330 2946 inest
3370 2896 3519 2944 IlOiii-i

1976 2982 2153 3033 minor
2180 2980 2455 3046 patientia,
2486 2996 2646 3046 quam
2678 2982 2935 3047 putentia,
2966 2982 3139 3033 adhuc
3176 2997 3403 3035 vestram
3443 2995 3523 3034 tu-

1974 3073 2214 3124 lerantes
2248 3069 2550 3132 stultitiam,
2582 3071 2912 3125 consulimus
2939 3082 2993 3123 ut
3025 3074 3274 3139 parcatis,
3300 3084 3350 3126 et
3383 3075 3523 3125 hunc.

1972 3164 2180 3217 dulcem
2210 3163 2375 3215 solem
2428 3162 2796 3227 Iucrifaciatis,
2822 3173 2876 3216 et
2915 3178 3017 3215 non
3052 3174 3273 3216 mortem
3301 3180 3524 3231 praema-

1975 3265 2145 3309 turam
2178 3262 2230 3305 et
2266 3253 2513 3305 acerbam
2567 3254 2873 3316 attrahatis,
2932 3254 3025 3307 sed
3070 3256 3389 3307 accedentes
3433 3255 3526 3304 do-

1976 3344 2138 3396 minis
2170 3343 2271 3395 diis
2297 3342 2629 3395 sacrificetis.
2662 3343 2893 3397 Sanctus
2934 3352 3110 3396 autem
3142 3344 3271 3397 dicit
3300 3344 3524 3413 Acihdy-

1978 3449 2080 3486 nus
2115 3451 2127 3486 :
2162 3431 2267 3484 Nos
2314 3446 2478 3484 mmm
2529 3433 2776 3485 novimus
2800 3432 2993 3496 Deum,
3024 3433 3113 3501 qui
3151 3443 3233 3487 est
3268 3434 3321 3487 in
3353 3434 3523 3493 caelis.

1979 3523 2105 3575 etei
2158 3522 2255 3575 soli
2291 3521 2575 3581 servimus,
2606 3522 2696 3588 qui
2742 3531 2919 3589 potest
2951 3537 3146 3591 corpus
3197 3534 3248 3576 et
3293 3523 3523 3575 animam

1978 3611 2234 3661 damnare
2269 3609 2390 3673 igne
2417 3610 2675 3661 αξιοι-ιιοῆ
2710 3609 2788 3663 Ad
2846 3611 2957 3663 haec
2991 3626 3081 3662 rex
3110 3627 3122 3662 :
3154 3611 3263 3678 Ego
3294 3625 3525 3677 quoque,

1980 3700 2172 3766 inquit,
2202 3700 2323 3753 volo
2360 3714 2451 3750 vos
2503 3715 2668 3751 unum
2731 3701 2901 3754 solum
2960 3700 3125 3753 Deutn
3178 3700 3421 3752 adorare.
3467 3702 3527 3752 lit

1979 3791 2266 3857 quomodo,
2304 3790 2551 3842 dixerunt
2588 3801 2866 3858 martyres,
2904 3806 2998 3843 nos
3039 3791 3195 3859 jubes
3230 3790 3277 3842 ci
3325 3792 3523 3843 sacrifi-

1982 3880 2140 3933 care?
2181 3879 2282 3942 Me,
2332 3879 2525 3946 inquit,
2586 3889 2872 3946 sequentes
2920 3880 3096 3939 facite,
3134 3879 3401 3944 quomodo
3444 3894 3526 3929 me

1983 3968 2221 4020 videritis
2259 3967 2565 4019 facientem.
2593 3966 2695 4019 Sed
2723 3974 2776 4018 tu
2814 3967 3052 4033 quidem,
3086 3966 3335 4017 dixerunt
3386 3980 3523 4014 mar-

1984 4066 2149 4126 tyrcs,
2199 4056 2363 4109 facies
2413 4056 2551 4110 sicut
2597 4059 2703 4107 scis
2740 4071 2752 4104 :
2787 4070 2886 4107 nos
2914 4064 3089 4107 autem
3124 4070 3306 4109 rursus
3335 4070 3523 4108 consc-

1983 4158 2211 4214 quenter
2236 4146 2511 4211 faciemus,
2554 4155 2611 4198 ut
2633 4146 2939 4199 didicimus.

2053 4412 2142 4465 ΙΧ.
2177 4411 2495 4464 ΙΙὶδΙίειςιιιιε
2528 4425 2617 4463 rex
2651 4427 2663 4463 :
2696 4409 2760 4463 Et
2793 4424 2891 4464 cur
2918 4412 3038 4469 hoc,
3071 4410 3261 4476 inquit,
3294 4424 3399 4460 non
3435 4410 3522 4460 diu

1985 4509 2110 4553 ante
2162 4500 2384 4555 fecistis.
2416 4500 2508 4551 sed
2564 4512 2648 4550 me
2686 4498 2935 4566 coegistis
2980 4499 3042 4549 ad
3100 4497 3223 4557 hoc,
3252 4497 3392 4563 quod
3450 4507 3527 4545 cst

1986 4601 2179 4659 praeter
2242 4598 2506 4646 naturam,
2544 4597 2600 4639 ut
2656 4590 2708 4640 in
2752 4574 2845 4639 vos
2895 4590 3196 4649 inveherer,
3255 4590 3343 4652 qui
3400 4588 3530 4637 estis

1989 4680 2118 4732 mihi
2160 4678 2500 4730 charissimi?
2529 4677 2671 4743 quod
2719 4678 2922 4728 utinam
2970 4692 3075 4727 non
3108 4676 3389 4729 fecissem!
3429 4674 3531 4724 Vos

1990 4778 2165 4821 tamen
2201 4775 2451 4833 tanquam
2499 4768 2629 4833 patri
2680 4767 2770 4821 filii
2803 4767 3081 4831 ignoscite,
3113 4766 3203 4832 qui
3248 4780 3341 4816 vos
3373 4767 3532 4816 casti-

1992 4860 2165 4925 gando
2201 4867 2518 4909 convertere
2562 4866 2779 4909 coactus
2806 4871 2923 4907 sum
2970 4856 3130 4907 etiam
3177 4864 3369 4921 praeter
3414 4870 3535 4904 scn-

1996 4948 2238 5000 tentiam.
2272 4946 2362 4998 llis
2390 4947 2565 5007 dictis,
2606 4960 2819 4996 currum
2864 4945 3176 4997 conscendit
3210 4961 3223 4996 :
3258 4954 3311 4995 et
3352 4959 3534 4995 accer-

1994 5038 2116 5090 sivit
2147 5048 2381 5098 sanctos,
2421 5047 2477 5089 ut
2503 5051 2622 5089 cum
2670 5038 2785 5109 ipso
2822 5036 3183 5087 considerent.
3210 5035 3287 5088 Illi
3324 5044 3531 5109 autem,

1992 5129 2176 5180 Absit!
2211 5129 2477 5190 dixerunt,
2510 5143 2543 5179 ο
2572 5143 2683 5187 rex,
2723 5108 2780 5179 ut
2816 5141 2913 5178 nos
2943 5141 3006 5179 eo
3051 5108 3401 5192 procedamus
3440 5127 3533 5177 de-

1994 5218 2226 5279 mentiae,
2280 5227 2336 5269 ut
2384 5228 2555 5269 tecum
2603 5216 2894 5270 audeamus
2938 5215 3237 5277 considere,
3292 5222 3345 5266 et
3391 5223 3531 5265 tuam

1997 5307 2290 5375 potentiam
2323 5316 2465 5360 tanta
2498 5306 2710 5359 allicere
2744 5304 3086 5358 contumelia.
3123 5304 3225 5356 Sed
3257 5318 3357 5371 qua
3386 5318 3412 5355 a
3446 5318 3535 5354 vo-

1999 5398 2098 5457 bis,
2141 5397 2331 5463 iuquit,
2374 5396 2573 5449 aflicior
2615 5395 2975 5449 contumelia?
3009 5409 3069 5447 ea
3103 5402 3189 5446 est
3231 5393 3359 5445 mihi
3387 5401 3539 5458 opta—

2000 5487 2155 5539 bilior
2182 5496 2233 5539 ct
2267 5485 2432 5555 pluris
2467 5486 2728 5547 facienda,
2751 5501 2907 5553 quam
2941 5486 3109 5537 honur
3138 5484 3359 5537 aliorum
3400 5482 3533 5535 Cum
