4226 6418
737 385 806 448 ετ,
1986 389 2260 449 MENSIS
2299 393 2724 456 NOX'EMBER.
3857 405 3929 468 24

733 506 824 550 tur
855 496 919 550 ad
959 505 1212 553 mortem.
1243 497 1448 553 Deinde
1479 513 1604 554 cum
1639 499 1704 555 ad
1732 500 1910 555 locum
1939 501 2272 571 pervenisset
2310 507 2343 560 Α
2377 506 2402 575 ἦ

2260 510 2272 552 l
2310 507 2343 560 Α
2377 506 2557 575 ἡγετο.
2611 503 2740 559 Εἶτα
2779 507 2865 560 τίαν
2908 508 3208 576 ὡρισμένον
3247 510 3409 563 τόπον
3447 511 3789 573 καταλαϐὼν,
3830 513 3929 582 την

732 584 1038 649 deﬁnitum,
1086 585 1301 640 beatum
1349 595 1510 655 caput
1560 589 1607 642 ei
1663 599 1994 658 amputatur.
2024 600 2078 644 et
2129 591 2271 656 apud

733 675 899 726 Deum
938 674 1145 726 beatam
1180 675 1404 742 deponit
1456 676 1710 729 animam.
1756 677 1856 742 Qui
1907 687 2086 730 autem
2139 678 2276 730 forte

733 763 954 813 aderant
1000 761 1320 827 Christiani,
1372 779 1494 816 cum
1527 765 1690 817 veluti
1739 765 1803 816 ad
1839 767 2119 832 quemdam
2161 768 2274 818 tlte-

731 869 952 904 saurum
988 856 1368 918 accurrissent,
1411 865 1463 908 et
1490 858 1703 910 mundis
1736 860 2056 913 siudonibus
2077 861 2277 927 pretio-

732 959 817 993 sas
851 947 967 1012 ejus
1001 944 1254 1010 reliquias
1305 944 1676 1010 involvissent,
1719 949 1769 1000 in
1804 949 1982 1001 loculo
2009 949 2273 1015 deposue—

735 1043 880 1092 runt,
931 1038 1444 1090 consummationem
1482 1038 1752 1091 sociomm
1796 1039 1912 1109 ejus
1951 1038 2130 1093 adhuc
2188 1055 2277 1093 ex-

730 1134 1072 1189 apectantes,
1146 1134 1203 1178 ut
1249 1128 1478 1196 majores
1522 1128 1733 1184 divitias
1806 1130 1885 1184 sic
1947 1129 2048 1184 sibi
2089 1145 2275 1186 recon-

732 1213 942 1268 darent.

806 1307 940 1357 XIII.
981 1308 1105 1361 Post
1127 1310 1238 1362 haec
1259 1311 1462 1364 sanctis
1488 1311 1620 1365 dicit
1652 1328 1741 1366 rex
1780 1332 1791 1366 :
1823 1315 1898 1369 Ne
1929 1316 2270 1378 existimetis,

733 1401 927 1462 inquit,
971 1417 1055 1454 me
1092 1403 1243 1457 vobis
1276 1420 1427 1472 :eque
1477 1406 1647 1460 levem
1682 1423 1744 1461 ac
1781 1408 1989 1462 facilem
2044 1421 2271 1464 mortem

731 1491 1043 1554 allaturum,
1080 1502 1239 1560 atque
1276 1497 1411 1548 male
1446 1499 1723 1563 perdenda
1757 1500 2088 1566 Aphthonto.
2134 1501 2268 1554 Nam

732 1579 988 1642 paulatim
1050 1581 1414 1633 acerbissimis
1481 1583 1762 1636 tormentis
1818 1599 2010 1637 carnes
2065 1594 2272 1637 vestras

731 1682 1078 1728 consumens,
1132 1670 1493 1723 miserabilem
1543 1672 1700 1729 vobis
1750 1683 1978 1726 mortem
2025 1673 2268 1726 all‘eram.

733 1757 855 1810 "tu
899 1774 1019 1809 cum
1067 1759 1308 1814 dixisset.
1373 1760 1603 1814 bubulos
1642 1762 1795 1829 jubet
1827 1763 2005 1815 afferri
2065 1764 2266 1826 culeos,

729 1859 782 1898 et
811 1861 1023 1900 sanatos
1050 1848 1101 1900 in
1133 1864 1224 1901 eos
1253 1849 1394 1916 injici
1424 1861 1703 1920 martyres,
1739 1852 1930 1905 deinde
1977 1853 2028 1904 in
2079 1867 2268 1919 aquam

733 1942 969 1992 immitti.
1012 1940 1120 1991 llue
1153 1951 1329 1992 autem
1365 1957 1485 1994 cum
1515 1942 1712 1996 factum
1754 1951 1899 1997 esset
1924 1946 2148 1994 maxima
2179 1957 2269 1995 ce-

731 2031 960 2088 leritate.
994 2031 1070 2082 cis
1097 2030 1283 2084 beatus
1317 2043 1540 2098 apparet
1579 2033 1921 2098 Aphthonius
1949 2035 2105 2086 simul
2149 2048 2269 2086 cum

731 2125 924 2183 tribus,
966 2125 1166 2176 imlutis
1212 2125 1455 2176 candidis
1509 2126 1766 2187 vestibus,
1813 2141 2041 2194 quorum
2093 2126 2270 2178 divina

729 2217 925 2266 \irlule
962 2215 1376 2279 disrumpuntur
1407 2215 1566 2278 culei,
1623 2227 1677 2270 et
1745 2226 1900 2269 terra:
1952 2217 2103 2270 illaesi
2151 2216 2272 2268 red-

730 2302 932 2353 cluutur
964 2303 1030 2355 ab
1082 2303 1160 2355 eis
1189 2313 1467 2367 martyres.
1501 2302 1634 2356 Cum
1687 2304 1765 2357 sic
1816 2318 1946 2372 ergo
1997 2303 2268 2371 conspecti

730 2393 956 2445 fuissent
997 2409 1024 2445 a
1072 2403 1314 2460 tyranno,
1365 2393 1636 2445 arbitrans
1672 2393 1761 2445 ille
1825 2408 1932 2444 non
1974 2393 2140 2446 fuisse
2199 2393 2271 2446 fa-

729 2491 891 2537 ctum.
926 2483 1065 2550 quod
1100 2483 1212 2548 ipse
1238 2484 1494 2556 jusserat,
1518 2484 1697 2535 statim
1745 2483 1981 2535 surrexit
2028 2483 2092 2535 ad
2140 2497 2270 2549 sup-

731 2573 947 2638 plicium
973 2571 1293 2624 sumendum
1327 2571 1392 2624 de
1427 2571 1730 2630 lictoribus,
1775 2577 1830 2622 et
1886 2572 2067 2622 statim
2111 2570 2272 2636 jussit

729 2680 914 2716 eorum
946 2679 1134 2716 manus
1179 2665 1438 2731 amputari
1465 2663 1639 2731 gladio
1668 2680 1680 2723 ;
1733 2671 1886 2714 erant
1927 2671 2102 2714 autem
2136 2677 2271 2728 qua-

733 2765 854 2807 tuor
889 2767 1133 2805 numero.
1179 2751 1387 2805 Deinde
1435 2767 1529 2805 eos
1567 2752 1644 2803 sic
1674 2766 1771 2818 pro
1814 2750 2018 2802 sanctis
2053 2749 2270 2802 immitti

727 2843 780 2893 in
819 2840 1146 2908 profundum
1185 2841 1368 2893 maris.
1409 2840 1560 2905 Quod
1596 2838 1814 2907 quidem
1849 2853 1972 2891 cum
2010 2837 2182 2900 ﬁeret,
2214 2850 2271 2891 et

729 2933 863 2984 mari
897 2930 1263 2993 traderentur,
1310 2929 1724 2983 exclamabant:
1777 2930 2023 2991 Domine,
2079 2929 2269 2996 excipe

734 3032 949 3074 nostros
979 3023 1222 3088 spiritus,
1273 3030 1327 3074 et
1379 3035 1500 3074 cum
1537 3021 1740 3074 sanctis
1785 3020 1893 3073 tuis
1939 3021 2270 3089 martyribus

2383 597 2657 665 μακαρίαν
2695 598 3060 665 ἀποτέμνεται
3121 598 3380 667 κεφαλὴν,
3423 601 3517 653 καὶ
3556 601 3631 669 τῷ
3671 601 3791 668 Θεῷ
3830 603 3928 669 τὴν

2380 686 2556 755 ψυχὴν
2590 687 2968 753 παρατίθησιν.
3005 686 3068 738 Ol
3099 686 3156 739 δὲ
3183 689 3586 755 παρατυχόντες
3617 690 3934 757 Χριστιανοὶ

2381 774 2627 842 καθάπερ
2650 776 2755 826 τινί
2785 775 3039 844 θησαυρῷ
3063 777 3521 844 προσδραμόντες,
3548 779 3639 829 καὶ
3665 776 3928 842 καθαραῖς

2382 863 2576 914 σινδόπι
2626 863 2686 913 τὸ
2735 863 2919 930 τίμιον
2947 863 3113 915 αὐτοῦ
3155 864 3410 931 λείψανον
3436 865 3833 933 ένειλήσαντες,
3874 868 3930 916 ἐν

2379 953 2742 1020 γλωσσοκόμῳ
2773 955 3077 1015 κατέθεντο,
3102 955 3181 1006 ἔτι
3213 957 3304 1007 καὶ
3326 956 3423 1025 τὴν
3451 957 3558 1008 τῶν
3583 956 3928 1025 συναθλητῶν

2377 1041 2539 1094 αὑτοῦ
2568 1043 2848 1094 τελείωσιν
2875 1045 3242 1114 ἐκδεχόμενοι,
3274 1047 3359 1098 ἵνα
3401 1047 3623 1116 μείζονα
3647 1047 3738 1100 τὸν
3762 1047 3925 1099 πλοῦ-

2374 1149 2465 1185 τον
2491 1132 2660 1196 οὕτως
2692 1134 2896 1195 ἑαυτοῖς
2929 1136 3319 1205 θησαυρίσωσι.

2446 1313 2542 1364 II".
2579 1313 2731 1365 Μετὰ
2761 1312 2956 1373 ταῦτα,
3000 1316 3135 1380 πρὸς
3186 1315 3310 1376 τοὺς
3341 1315 3527 1380 ἁγίους
3555 1317 3582 1366 ό
3643 1315 3916 1383 βασιλεὺς,

2377 1401 2465 1467 Μὴ
2499 1403 2791 1470 νομίσητε,
2845 1405 3026 1470 φησὶν,
3069 1406 3148 1456 ὅτι
3197 1407 3291 1456 καὶ
3327 1407 3453 1473 ὑμῖν
3479 1405 3618 1457 οὕτω
3665 1407 3926 1474 σχεδιὰσω

2373 1493 2462 1545 τὸν
2493 1491 2743 1555 θάνατον,
2767 1489 2854 1546 οἶα
2887 1495 2950 1562 δὴ
2983 1497 3073 1546 καὶ
3104 1496 3180 1563 τῷ
3207 1497 3389 1556 κακῶς
3419 1495 3739 1564 ἀπολομένῳ
3772 1498 3927 1565 γέγο-

2373 1583 2760 1651 νενἈτρθονίῳ·
2784 1586 2904 1637 κατ’
2927 1586 3105 1652 ὀλίγον
3133 1589 3240 1655 γὰρ
3269 1587 3522 1655 βασάνοις
3552 1589 3922 1656 πικροτάταις,

2372 1674 2471 1734 τὰς
2522 1674 2672 1741 ὑμῶν
2722 1675 3004 1737 ἀναλώσας
3066 1677 3297 1744 σάρκας,
3349 1678 3490 1730 οὕτω
3528 1677 3614 1728 τὸν
3657 1679 3924 1729 οἴκτιστον

2375 1764 2502 1830 ὑμῖν
2532 1764 2731 1815 ὲποίσω
2759 1764 3003 1816 θάνατον.
3029 1764 3212 1817 Ταῦτα
3236 1767 3424 1825 εἰπὼν,
3454 1768 3662 1819 κελεύει
3717 1770 3924 1834 βοείονς

2373 1853 2655 1921 ἐνεχθῆναι
2688 1853 2972 1918 θυλάκους,
3005 1856 3060 1906 ἐν
3118 1857 3299 1917 αὐτοῖς
3354 1873 3407 1906 τε
3443 1858 3569 1917 τοὺς
3603 1858 3788 1922 ἁγίους
3821 1858 3919 1924 ἑμ-

2372 1944 2633 2012 6ληθῆναι
2669 1944 2970 2014 μάρτυρας,
3006 1941 3123 1996 εἶτα
3157 1946 3236 2013 τῷ
3272 1947 3419 1998 ’ὑδατι
3461 1946 3750 2014 ἀφεθῆναι.
3783 1947 3920 1996 Τού-

2373 2051 2466 2086 του
2515 2034 2671 2102 τάχει
2721 2034 2897 2102 πολλῷ
2951 2035 3265 2102 γενομένου,
3321 2038 3346 2086 ὁ
3405 2038 3670 2102 μακάριος
3735 2036 3919 2096 αὐτοῖς

2385 2125 2661 2192 Ἀφθόνιος
2694 2127 2805 2191 ἅμα
2847 2126 3284 2192 λευχειμονοῦσιν
3341 2127 3521 2192 τρισὶν
3551 2126 3918 2192 ἐπιφαίνεται,

2370 2207 2442 2264 ὧν
2474 2213 2565 2263 καὶ
2591 2213 2813 2277 δυνάμει
2860 2213 2979 2282 θείᾳ
3031 2216 3080 2263 οί
3121 2214 3341 2265 Θύλακοι
3385 2215 3918 2281 διαρῤήγνυνται,τῇ

2370 2304 2544 2372 χέρσῳ
2564 2319 2622 2353 τε
2652 2303 2743 2355 ὑπ’
2773 2303 2947 2354 αὐτῶν
2972 2303 3221 2364 ἀϐλαϐεῖς
3249 2305 3296 2355 οἱ
3348 2305 3486 2368 ἅγιοι
3516 2304 3916 2369 παραδίδονται.

2383 2393 2534 2443 Ἐπεὶ
2561 2391 2650 2443 οὖν
2680 2391 2847 2452 οὕτως
2883 2390 3142 2458 ὦ·,;θησαν
3173 2392 3248 2458 τῷ
3280 2395 3546 2458 τυράννῳ,
3588 2393 3740 2454 δόξας
3777 2392 3917 2441 ἐκεῖ-

2373 2498 2457 2540 νος
2490 2481 2620 2531 αὐτὸ
2649 2481 3070 2547 κεκελευσμένον
3091 2481 3177 2531 ὑπ’
3210 2481 3374 2531 αὐτοὶ
3409 2480 3740 2546 τελεσθῆναι,
3785 2480 3917 2547 προς

2370 2569 2468 2635 τὴν
2499 2569 2638 2619 κατὰ
2671 2568 2775 2618 τῶν
2809 2569 3016 2634 δημίων
3050 2569 3207 2626 εὐθὺς
3241 2569 3492 2617 ἀνίστατο
3517 2567 3802 2634 τιμωρίαν,
3826 2568 3917 2617 καὶ

2374 2659 2515 2723 Elea:
2563 2660 2659 2719 τὰς
2710 2661 2896 2725 χεῖρας
2945 2659 3120 2709 αὐτῶν
3156 2658 3456 2721 ἐκκοπῆναι
3505 2658 3912 2707 διεκελεύσατο·

2369 2750 2627 2815 τέσσαρες
2664 2747 2718 2798 δὲ
2753 2750 2842 2798 τὸν
2878 2747 3106 2814 ἀριθμὸν
3139 2741 3295 2812 ἦσαν.
3338 2744 3443 2794 Ι-ζῖ¹ι’
3468 2745 3635 2806 οὕτως
3670 2746 3786 2795 ἀντὶ
3813 2745 3920 2795 τῶν

2374 2839 2540 2901 ἁγίων
2569 2837 2764 2897 αὐτοὺς
2798 2836 2873 2903 τῷ
2912 2835 3054 2902 βυθῷ
3086 2835 3179 2901 τῆς
3238 2835 3509 2900 θαλάσσης
3565 2833 3915 2899 εναφεθῆναι.

2372 2925 2443 2982 Οὖ
2478 2930 2540 2997 δὴ
2572 2929 2860 2995 γενομένου
2899 2930 2962 2994 τῇ
2993 2926 3229 2995 θαλάσσῃ
3256 2925 3685 2991 παραδιδόμενοι,
3721 2925 3914 2990 K-Jpze,

2369 3021 2435 3073 τὰ
2483 3020 2770 3085 πνεύματα
2823 3017 2975 3086 ἡμῶν
3033 3015 3338 3082 πρόσδεξαι,
3376 3014 3631 3075 ἀνεϐόων,
3685 3016 3776 3064 καὶ
3806 3018 3914 3073 τοῖς

731 3127 845 3167 uos.
897 3112 994 3164 etsi
1049 3111 1222 3163 simus
1270 3109 1499 3178 indigni,
1550 3125 1897 3164 connumera.
1949 3111 2055 3163 Deo
2087 3121 2334 3185 autemc
2366 3114 2400 3165 ἁ

2239 3127 2264 3162 n
2291 3124 2334 3185 ρ
2366 3112 2537 3177 ἁγίοις
2585 3127 2676 3161 σου
2708 3107 2940 3176 μάρτυσι
2974 3107 3065 3157 καὶ
3096 3107 3347 3167 ἀναξίους
3394 3107 3552 3164 ὅντας
3583 3108 3727 3170 ἡμᾶς
3753 3121 3908 3154 συνα-

732 3203 936 3255 invisus
994 3211 1046 3254 et
1095 3202 1250 3269 plane
1309 3201 1516 3254 daemon
1567 3201 1858 3270 Saporius,
1920 3217 2040 3255 cum
2093 3202 2269 3255 statim

734 3295 918 3345 hcatos
947 3293 1111 3353 viros,
1139 3291 1497 3359 Aeindynum,
1531 3292 1770 3360 inquam,
1805 3300 1859 3345 et
1887 3291 2186 3359 Pegasium,
2217 3303 2271 3345 et

729 3383 1173 3450 Anempodistum
1227 3381 1703 3449 jussissetineludi
1763 3382 1816 3434 in
1870 3396 2109 3442 carcere,
2159 3382 2271 3446 ipse

731 3474 962 3539 scipsum
996 3471 1306 3539 gravissime
1332 3471 1628 3531 cruciabat,
1676 3471 1872 3523 anxius
1921 3482 2140 3536 propter
2187 3485 2272 3523 res

735 3572 1047 3630 prazsentes,
1095 3570 1147 3614 et
1200 3563 1406 3630 magnis
1450 3561 1615 3613 animi
1665 3560 1916 3613 ﬂuctibus
1945 3562 2175 3628 agitatus
2217 3569 2272 3614 et

730 3669 827 3705 nec
862 3653 1038 3706 cibum
1088 3650 1305 3720 quidem
1335 3652 1553 3705 omnino
1604 3664 1816 3705 sumere
1842 3651 2132 3704 sustinens.

802 3830 934 3883 XIV.
986 3829 1054 3883 lis
1087 3845 1233 3899 ergo,
1271 3831 1362 3897 qui
1395 3830 1594 3898 primas
1622 3840 1802 3898 partes
1829 3829 1968 3898 apud
1996 3841 2119 3880 eum
2173 3827 2272 3879 ob-

732 3925 995 3983 tincnant,
1027 3923 1334 3974 convocatis
1362 3937 1374 3973 :
1413 3920 1522 3973 Cur
1551 3935 1632 3973 me
1663 3921 1860 3983 solum,
1895 3919 2089 3985 inquit,
2140 3918 2265 3969 reli-

737 4013 926 4079 quistis
968 4013 1020 4063 iu
1055 4012 1160 4073 his,
1192 4027 1310 4078 qua
1360 4021 1484 4064 sunt
1511 4011 1810 4078 proposita,
1848 4009 2093 4063 laborare
2122 4027 2133 4060 :
2170 4009 2268 4075 ipsi

734 4115 911 4162 autem
974 4103 1203 4155 otiosum
1251 4102 1534 4168 delegistis
1593 4103 1887 4163 silentium,
1935 4115 2034 4152 nec
2084 4099 2266 4159 verbo,

735 4208 832 4244 nec
895 4193 1034 4245 facto
1092 4192 1251 4245 ullam
1315 4205 1468 4259 opem
1537 4192 1667 4243 mihi
1725 4189 2004 4243 ferentes?
2073 4188 2176 4242 Sed
2227 4188 2265 4240 si

733 4283 932 4350 aliquid
965 4282 1182 4350 quidem
1218 4283 1337 4335 novi
1365 4290 1420 4335 et
1450 4282 1648 4335 insoliti
1697 4281 1858 4334 velim
1897 4279 2114 4339 alIerre,
2175 4293 2269 4332 vos

733 4376 910 4425 statim
941 4373 1110 4424 habeo
1148 4373 1463 4424 resistentes
1502 4382 1556 4424 et
1603 4372 1945 4424 reluctantes.
1985 4369 2138 4422 Nunc
2173 4385 2265 4422 au-

732 4471 837 4513 tem
863 4476 985 4513 eum
1011 4461 1143 4512 nihil
1175 4461 1298 4512 novi
1325 4459 1715 4522 introducatur,
1740 4459 1833 4514 sed
1884 4460 2117 4527 patrium
2174 4473 2266 4511 no-
2295 4435 2347 4494 Ῑ)

734 4564 902 4605 strum
966 4552 1156 4619 dogma
1208 4550 1530 4617 despiciatur
1571 4561 1626 4603 et
1669 4566 1736 4603 ne
1786 4550 1942 4602 cadat
1987 4552 2167 4603 veniat
2218 4552 2268 4601 in

735 4642 1055 4708 periculum,
1099 4651 1154 4692 et
1183 4640 1314 4691 nulli
1346 4649 1582 4692 vestrum
1615 4640 1792 4692 veniat
1826 4640 1878 4690 in
1906 4649 2163 4700 mentem,
2200 4656 2267 4692 ne

733 4734 880 4784 vultu
911 4732 1126 4799 quidem
1153 4730 1394 4783 dolorem
1427 4745 1536 4798 pra:
1566 4745 1622 4783 se
1649 4731 1812 4792 ferre,
1848 4729 1916 4783 dc
1953 4745 2161 4783 summa
2195 4731 2268 4782 rei

733 4824 887 4888 plane
922 4823 1076 4874 venio
1113 4821 1164 4872 in
1195 4820 1438 4879 dubium,
1465 4831 1518 4872 et
1541 4836 1769 4874 mmrore
1797 4837 2012 4874 enecur.
2046 4820 2124 4873 Ad
2156 4821 2268 4873 ham

734 4912 1146 4978 Elpitlephorus,
1192 4912 1283 4978 qui
1331 4919 1456 4963 tunc
1508 4921 1622 4963 erat
1662 4911 1869 4977 primus
1920 4921 2158 4974 senatus,
2216 4921 2270 4964 et

733 5001 852 5053 Iidei
902 5002 1096 5053 Christi
1125 5003 1320 5054 ardens
1371 5012 1595 5065 amator,
1630 5012 1684 5053 et
1724 5003 1788 5054 ad
1838 5017 2099 5053 summam
2147 5003 2267 5069 qui-

732 5089 853 5140 dam
885 5088 1224 5148 Nicodemus.
1254 5088 1524 5142 etChristi
1561 5088 2128 5156 occultusdiscipulus
2159 5105 2170 5139 :
2203 5088 2270 5141 Et

731 5196 889 5246 quam
928 5180 1042 5238 tibi,
1074 5179 1266 5245 inquit,
1301 5194 1333 5230 ο
1372 5195 1484 5239 rex,
1535 5181 1633 5231 hac
1685 5181 1737 5232 in
1797 5196 1855 5232 re
1915 5194 2071 5247 opem
2127 5179 2266 5232 ferre

732 5271 1057 5338 possumus?
1104 5271 1286 5336 Neque
1334 5271 1478 5323 enim
1523 5273 1760 5338 potentia
1822 5283 1910 5323 tua
1972 5270 2128 5324 nobis
2182 5269 2266 5322 in-

731 5363 895 5428 «liget.
932 5375 1049 5425 quae
1091 5376 1268 5413 rerum
1299 5363 1626 5428 experientia
1661 5363 1914 5415 omnibus
1971 5362 2264 5424 antecellit,

730 5461 780 5500 ct
860 5450 1024 5501 habes
1100 5461 1414 5518 potestatem
1475 5454 1732 5505 voluntati
1821 5463 2262 5519 consequentem.

731 5540 894 5604 Lopia
926 5548 1101 5592 autem
1136 5541 1636 5604 instrumentorum,
1693 5560 1812 5610 qum
1873 5552 1999 5594 sunt
2048 5559 2263 5610 conrpa-

735 5639 844 5678 tzita
877 5628 940 5679 atl
984 5631 1368 5696 torquendum,
1425 5648 1612 5684 eorum
1659 5650 1775 5699 qua:
1827 5646 1943 5685 sunt
2002 5635 2262 5696 l‘acicutla,

734 5728 916 5782 aperte
948 5723 1179 5788 suggerit
1212 5723 1301 5775 tibi
1357 5723 1819 5776 deliberationem.
1869 5726 2074 5778 Rursus
2126 5727 2260 5779 dicit

2376 3201 2652 3271 ρίθμησον.
2699 3200 2755 3250 ’0
2787 3198 2968 3265 μέντοι
3004 3197 3280 3264 θεομισὴξ,
3330 3197 3421 3246 καὶ
3459 3195 3775 3262 αὐτόχρημα
3804 3193 3918 3243 δαί-

2378 3311 2491 3362 μων
2518 3292 2816 3358 Σαπώριος,
2847 3294 2970 3351 τοὺς
3010 3289 3304 3356 μακαρίους
3351 3290 3565 3353 ἄνδρας,
3612 3286 3917 3336 ’Λκίνδυνεν

2373 3383 2534 3452 φημὶ,
2572 3384 2840 3450 Πηγάσιον
2894 3383 2984 3431 καὶ
3016 3381 3103 3428 τὶν
3151 3378 3561 3441 Ἀνεμποδιστον
3605 3375 3680 3442 τῷ
3709 3375 3913 3437 δεσμω-

2373 3475 2549 3543 τηρίῳ
2588 3471 3042 3537 κατακλεισθῆναι
3075 3470 3354 3527 κελεύσας,
3390 3467 3547 3525 αυτὸς
3602 3463 3796 3515 ἑαυτοῦ
3829 3481 3918 3513 κο-

2373 3565 2570 3632 λαστὴς
2601 3559 2667 3630 ἦν
2703 3562 3022 3629 βαρύτατος,
3059 3559 3235 3609 ἀλύων
3268 3559 3356 3607 ἐπὶ
3388 3560 3497 3615 τοῖς
3544 3553 3778 3621 παροῦσι
3825 3554 3914 3603 καὶ

2371 3654 2552 3720 πολλῷ
2580 3653 2800 3720 ταράχῳ
2829 3651 2926 3719 τὴν
2977 3650 3150 3716 ψυχὴν
3183 3648 3597 3715 κυμπι-κόμενος,
3629 3647 3722 3696 καὶ
3781 3643 3914 3710 μηδὲ

2371 3742 2574 3810 τροφῆς
2603 3741 2736 3799 ὅλως
2772 3741 3060 3804 μετασχεῖν
3083 3739 3429 3803 ἁνεχόμεν.ς.

2441 3831 2534 3883 1.1'.
2563 3829 2696 3890 Τοὺς
2728 3824 2818 3881 οὖν
2853 3829 2941 3880 ὑπ’
2974 3828 3164 3880 ἐκείνω
3189 3831 3254 3877 τὰ
3290 3827 3474 3894 πρῶτα
3505 3825 3767 3893 φέροντας
3790 3840 3916 3889 συγ-

2374 3921 2623 3982 καλέσας,
2683 3919 2831 3970 Διατί
2903 3933 2966 3984 με
3029 3917 3208 3983 μόνον,
3271 3911 3427 3975 εἷπε,
3491 3914 3912 3967 καταλελοίπατε

2372 4013 2596 4078 κάμνειν
2621 4011 2708 4060 ἐπὶ
2733 4012 2842 4067 τοῖς
2865 4009 3279 4073 προσκειμένοις
3307 4027 3320 4066 ς
3357 4008 3502 4057 αὐτοὶ
3527 4007 3580 4057 δὲ
3611 4006 3708 4074 τὴν
3740 4005 3915 4068 ἄπρα-

2371 4120 2495 4154 κτον
2527 4101 2753 4169 ἡσυχίαν
2785 4100 2990 4160 ἕλεσθε,
3027 4100 3186 4165 μηδὲν
3226 4100 3358 4167 μήτε
3411 4098 3542 4166 ο.ὸγῳ
3592 4100 3727 4163 μήτε
3770 4098 3914 4163 ἔργον

2375 4209 2464 4259 μοι
2507 4192 2912 4259 συναιρόμενοις
2951 4190 3090 4238 Ἀλλ’
3130 4191 3174 4238 εί
3211 4190 3308 4254 μὲν
3346 4191 3529 4239 καινόν
3565 4206 3614 4238 τι
3667 4192 3758 4239 καὶ
3793 4188 3915 4238 ἁσὺο

2372 4282 2530 4349 νηθες
2548 4283 2874 4346 εἰσενεγκεῖν
2900 4280 3232 4347 βουληθείην,
3267 4279 3426 4340 εὐθὺς
3457 4281 3596 4345 ὑμᾶς
3625 4295 3888 4346 προσιστα

2375 4374 2567 4440 μένους
2590 4372 2696 4438 ἔχω
2726 4372 2814 4423 καὶ
2846 4371 3283 4432 ἀντι-πίπτοντας.
3321 4371 3454 4422 Νυνὶ
3492 4371 3545 4422 δὲ
3575 4371 3693 4437 οὐχὶ
3725 4368 3908 4421 καινοῦ

2370 4480 2511 4524 τινος
2574 4461 3064 4530 παρεισαγομένου,
3117 4462 3250 4513 ἀλλὰ
3293 4459 3389 4512 τοῦ
3445 4459 3696 4528 πατρῴου
3755 4459 3909 4526 ἡμῶν

2371 4553 2636 4618 δίγματος
2698 4551 3194 4620 περιφρονουμένου
3250 4552 3340 4601 καὶ
3393 4551 3668 4600 διαπεσεῖν
3734 4548 3883 4599 κινδυ

2372 4640 2633 4700 νεύοντος,
2675 4640 2768 4689 καὶ
2828 4639 3014 4707 μηδενὶ
3076 4638 3227 4706 ὑμῶν
3264 4637 3396 4705 μηδὲ
3427 4636 3588 4705 μέχρι
3636 4638 3906 4702 σχήματος

2371 4733 2554 4798 ἀλγεῖν
2587 4732 2847 4792 ἐπιόντος,
2880 4729 3074 4799 ἁπορῶ
3111 4732 3224 4789 τοῖς
3285 4729 3424 4788 ὅλοις
3482 4729 3574 4778 καὶ
3624 4726 3894 4791 ἀποπνέγο

2375 4840 2490 4890 μαι.
2532 4823 2668 4890 Πρὸς
2699 4821 2869 4872 ταῦτα
2923 4820 3289 4887 Ἐλπιδιφὸρος
3321 4819 3532 4886 πρῶτος
3562 4817 3636 4867 ὦν
3663 4817 3778 4867 τότε
3809 4818 3904 4879 τῆς

2373 4913 2672 4979 συγκλήτου
2705 4912 2919 4978 βουλῆς,
2959 4913 3050 4962 καὶ
3083 4910 3177 4976 τῆς
3221 4907 3396 4975 Ἰησοῦ
3439 4908 3670 4966 πίστεως
3715 4905 3901 4956 διάπυ-

2374 5023 2462 5074 ρος
2512 5003 2765 5072 ἐραστὴς,
2795 5003 2886 5053 καὶ
2917 5001 2975 5052 τὸ
3002 5001 3119 5053 ὅλον
3155 4999 3456 5064 Νικόδημός
3495 5015 3574 5056 τις
3612 4997 3700 5047 καὶ
3739 4996 3912 5061 μαθη-

2369 5099 2463 5165 τὴς
2493 5097 2725 5164 Χριοτοῦ
2763 5093 3138 5162 κεκρυμμένος
3168 5093 3273 5143 Καὶ
3306 5091 3376 5150 τί,
3411 5090 3561 5156 φησι,
3614 5089 3767 5155 ἡμεῖς
3815 5087 3901 5136 ἐπὶ

2367 5188 2588 5246 τούτους
2650 5187 3005 5251 σνναράσσειν
3057 5201 3135 5234 σοι
3188 5181 3482 5249 δυνάμεθα,
3535 5178 3789 5245 ﬁndat};
3844 5176 3905 5227 οὐ

2368 5281 2472 5344 γὰρ
2499 5275 2663 5326 δεῖταί
2699 5291 2789 5325 σου
2824 5275 2880 5324 τὸ
2911 5272 3104 5341 κράτος
3128 5272 3303 5340 ἡμῶν,
3333 5271 3494 5337 πείρα
3538 5287 3591 5318 τε
3638 5269 3744 5318 nim
3783 5267 3900 5317 ταν»

2367 5383 2471 5418 των
2523 5365 2798 5434 διαφέρον,
2846 5366 2938 5416 καὶ
2982 5368 3048 5431 τῇ
3081 5364 3326 5431 βουλήσει
3377 5361 3472 5426 τὴν
3515 5361 3740 5426 δύναμιν
3781 5361 3896 5409 ἁκο-

2366 5456 2549 5508 λουθον
2597 5457 2738 5523 ἔχον.
2807 5455 2877 5505 Ἰδ
2938 5455 2996 5505 δὲ
3044 5455 3150 5503 τῶν
3204 5450 3592 5520 τιμωρητικὼν
3662 5451 3889 5516 ὀργανωι

2366 5547 2700 5613 εὐπόριστον,
2747 5545 2970 5610 ἑτοίμην
3009 5560 3088 5592 σοι
3144 5544 3235 5592 καὶ
3300 5544 3393 5607 τὴν
3440 5541 3566 5606 περ).
3619 5539 3723 5588 τῶν
3762 5554 3874 5602 πρα

2368 5639 2535 5688 κτέων
2563 5639 2755 5703 σκῆψιν
2785 5637 2968 5702 σαφιῖις
3001 5633 3333 5700 ὑποτίθησιν.
3376 5634 3431 5683 ὐ
3468 5636 3720 5696 τρρχννος
3748 5627 3894 5678 αὒΟιτ

2369 5729 2520 5796 φησὶ,
2556 5729 2617 5779 Tt'
2657 5730 2740 5780 δαὶ
2775 5730 2864 5780 καί
2910 5727 2974 5794 μό
2995 5745 3065 5786 oo;
3119 5727 3227 5790 ἐγὼ
3277 5727 3379 5779 τῶν
3422 5727 3642 5779 ἀνοσίων
3699 5720 3898 5772 τούτων
