  <div class='ocr_page' id='page_1' title='image "/cluster/home/n/w/nwhite01/storage/ocr_20150623/116/nnc1.0046980156/020.png"; bbox 0 0 4226 6418; ppageno 0'>
   <div class='ocr_carea' id='block_1_1' title="bbox 316 417 3512 493">
    <p class='ocr_par' dir='ltr' id='par_1_1' title="bbox 316 417 3512 493">
     <span class='ocr_line' id='line_1_1' title="bbox 316 417 3512 493; baseline 0.005 -21"><span class='ocrx_word' id='word_1_1' title='bbox 316 431 385 493; x_wconf 61' lang='grc'><strong>95</strong></span> <span class='ocrx_word' id='word_1_2' title='bbox 1122 418 1585 480; x_wconf 76' lang='lat' dir='ltr'><strong>MARTYRIUM</strong></span> <span class='ocrx_word' id='word_1_3' title='bbox 1628 419 1688 478; x_wconf 92' lang='lat' dir='ltr'><strong>s.</strong></span> <span class='ocrx_word' id='word_1_4' title='bbox 1731 417 2089 479; x_wconf 82' lang='lat' dir='ltr'><strong>AClNDYNl</strong></span> <span class='ocrx_word' id='word_1_5' title='bbox 2135 421 2229 479; x_wconf 88' lang='lat' dir='ltr'><strong>ET</strong></span> <span class='ocrx_word' id='word_1_6' title='bbox 2275 420 2681 482; x_wconf 79' lang='lat' dir='ltr'><strong>SOCIORUM.</strong></span> <span class='ocrx_word' id='word_1_7' title='bbox 3443 426 3512 489; x_wconf 70' lang='lat' dir='ltr'><strong>ea</strong></span> 
     </span>
    </p>
   </div>
   <div class='ocr_carea' id='block_1_2' title="bbox 320 531 1989 613">
    <p class='ocr_par' dir='ltr' id='par_1_2' title="bbox 320 531 1986 613">
     <span class='ocr_line' id='line_1_2' title="bbox 320 531 1986 613; baseline -0.008 -9"><span class='ocrx_word' id='word_1_8' title='bbox 320 548 672 604; x_wconf 80' lang='grc' dir='ltr'>καθυλακτιῐν</span> <span class='ocrx_word' id='word_1_9' title='bbox 702 545 973 613; x_wconf 79' lang='grc' dir='ltr'>δύναμαις</span> <span class='ocrx_word' id='word_1_10' title='bbox 1005 536 1115 595; x_wconf 69' lang='grc' dir='ltr'><strong>Καὶ</strong></span> <span class='ocrx_word' id='word_1_11' title='bbox 1145 540 1174 593; x_wconf 99' lang='lat'><strong>6</strong></span> <span class='ocrx_word' id='word_1_12' title='bbox 1198 539 1350 607; x_wconf 71' lang='grc' dir='ltr'>ᾶγιος</span> <span class='ocrx_word' id='word_1_13' title='bbox 1384 538 1550 608; x_wconf 79' lang='grc' dir='ltr'>Ετπιρ</span> <span class='ocrx_word' id='word_1_14' title='bbox 1580 531 1672 591; x_wconf 72' lang='grc' dir='ltr'>οὖν</span> <span class='ocrx_word' id='word_1_15' title='bbox 1702 535 1865 606; x_wconf 83' lang='grc' dir='ltr'>ιργῶ-</span> <span class='ocrx_word' id='word_1_16' title='bbox 1892 535 1937 595; x_wconf 79' lang='grc' dir='ltr'><strong>Α</strong></span> <span class='ocrx_word' id='word_1_17' title='bbox 1970 548 1986 591; x_wconf 95' lang='lat' dir='ltr'><strong>t</strong></span> 
     </span>
    </p>
   </div>
   <div class='ocr_carea' id='block_1_3' title="bbox 1879 531 3548 613">
    <p class='ocr_par' dir='ltr' id='par_1_3' title="bbox 1892 535 3548 612">
     <span class='ocr_line' id='line_1_3' title="bbox 1892 535 3548 612; baseline 0.002 -17"><span class='ocrx_word' id='word_1_18' title='bbox 1892 535 1937 595; x_wconf 80' lang='grc' dir='ltr'><strong>Α</strong></span> <span class='ocrx_word' id='word_1_19' title='bbox 1970 538 2437 606; x_wconf 82' lang='lat' dir='ltr'><strong>tyrannus:Quid</strong></span> <span class='ocrx_word' id='word_1_20' title='bbox 2489 542 2668 596; x_wconf 82' lang='lat' dir='ltr'><strong>vero?</strong></span> <span class='ocrx_word' id='word_1_21' title='bbox 2721 542 2902 612; x_wconf 86' lang='lat' dir='ltr'><strong>Egone</strong></span> <span class='ocrx_word' id='word_1_22' title='bbox 2958 541 3106 597; x_wconf 81' lang='lat' dir='ltr'><strong>solus</strong></span> <span class='ocrx_word' id='word_1_23' title='bbox 3159 554 3373 610; x_wconf 80' lang='lat' dir='ltr'><strong>possunt</strong></span> <span class='ocrx_word' id='word_1_24' title='bbox 3430 546 3501 598; x_wconf 86' lang='lat' dir='ltr'><strong>la-</strong></span> <span class='ocrx_word' id='word_1_25' title='bbox 3546 573 3548 576; x_wconf 94' lang='lat'><strong><em>-</em></strong></span> 
     </span>
    </p>
   </div>
   <div class='ocr_carea' id='block_1_4' title="bbox 316 627 1865 702">
    <p class='ocr_par' dir='ltr' id='par_1_4' title="bbox 316 627 1865 702">
     <span class='ocr_line' id='line_1_4' title="bbox 316 627 1865 702; baseline -0.01 -8"><span class='ocrx_word' id='word_1_26' title='bbox 316 641 403 702; x_wconf 70' lang='grc' dir='ltr'>είς</span> <span class='ocrx_word' id='word_1_27' title='bbox 466 658 548 693; x_wconf 85' lang='grc' dir='ltr'><strong>σοι</strong></span> <span class='ocrx_word' id='word_1_28' title='bbox 603 638 760 692; x_wconf 78' lang='grc' dir='ltr'>τοῦτο</span> <span class='ocrx_word' id='word_1_29' title='bbox 814 637 978 697; x_wconf 79' lang='grc' dir='ltr'>δοκεῖ,</span> <span class='ocrx_word' id='word_1_30' title='bbox 1025 628 1377 699; x_wconf 73' lang='grc' dir='ltr'>ἀπεκρίνατο,</span> <span class='ocrx_word' id='word_1_31' title='bbox 1429 628 1491 682; x_wconf 75' lang='lat' dir='ltr'><strong>la</strong></span> <span class='ocrx_word' id='word_1_32' title='bbox 1544 627 1865 696; x_wconf 83' lang='grc' dir='ltr'>πορεύεσθαι</span> 
     </span>
    </p>
   </div>
   <div class='ocr_carea' id='block_1_5' title="bbox 316 718 1867 795">
    <p class='ocr_par' dir='ltr' id='par_1_5' title="bbox 316 718 1867 795">
     <span class='ocr_line' id='line_1_5' title="bbox 316 718 1867 795; baseline -0.009 -14"><span class='ocrx_word' id='word_1_33' title='bbox 316 730 559 790; x_wconf 79' lang='grc' dir='ltr'><strong>τούτους.</strong></span> <span class='ocrx_word' id='word_1_34' title='bbox 615 730 691 795; x_wconf 78' lang='grc' dir='ltr'>τῷ</span> <span class='ocrx_word' id='word_1_35' title='bbox 726 728 990 794; x_wconf 82' lang='grc' dir='ltr'>θελήματι</span> <span class='ocrx_word' id='word_1_36' title='bbox 1039 724 1116 791; x_wconf 83' lang='grc' dir='ltr'>τῷ</span> <span class='ocrx_word' id='word_1_37' title='bbox 1147 722 1350 787; x_wconf 80' lang='grc' dir='ltr'>οἰκείῳ.</span> <span class='ocrx_word' id='word_1_38' title='bbox 1388 718 1446 769; x_wconf 85' lang='grc'><strong>’0</strong></span> <span class='ocrx_word' id='word_1_39' title='bbox 1498 718 1553 768; x_wconf 82' lang='grc' dir='ltr'>δέ</span> <span class='ocrx_word' id='word_1_40' title='bbox 1584 735 1645 783; x_wconf 83' lang='grc' dir='ltr'><strong>γε</strong></span> <span class='ocrx_word' id='word_1_41' title='bbox 1693 719 1867 770; x_wconf 83' lang='grc' dir='ltr'>πάντα</span> 
     </span>
    </p>
   </div>
   <div class='ocr_carea' id='block_1_6' title="bbox 317 807 1863 885">
    <p class='ocr_par' dir='ltr' id='par_1_6' title="bbox 317 807 1863 885">
     <span class='ocr_line' id='line_1_6' title="bbox 317 807 1863 885; baseline -0.009 -14"><span class='ocrx_word' id='word_1_42' title='bbox 317 821 487 881; x_wconf 78' lang='grc' dir='ltr'>δεινὸς</span> <span class='ocrx_word' id='word_1_43' title='bbox 544 820 859 885; x_wconf 74' lang='grc' dir='ltr'>Σαπώριοςο</span> <span class='ocrx_word' id='word_1_44' title='bbox 919 816 1058 868; x_wconf 77' lang='grc' dir='ltr'>Ἀλλ’</span> <span class='ocrx_word' id='word_1_45' title='bbox 1104 816 1226 867; x_wconf 84' lang='grc' dir='ltr'>ὅσον</span> <span class='ocrx_word' id='word_1_46' title='bbox 1278 814 1341 864; x_wconf 73' lang='grc' dir='ltr'><strong>ὲκ</strong></span> <span class='ocrx_word' id='word_1_47' title='bbox 1394 808 1499 861; x_wconf 89' lang='grc' dir='ltr'><strong>τῶν</strong></span> <span class='ocrx_word' id='word_1_48' title='bbox 1538 807 1710 872; x_wconf 90' lang='grc' dir='ltr'>λόγων</span> <span class='ocrx_word' id='word_1_49' title='bbox 1755 808 1863 858; x_wconf 87' lang='grc' dir='ltr'><strong>τῶν</strong></span> 
     </span>
    </p>
   </div>
   <div class='ocr_carea' id='block_1_7' title="bbox 322 898 1865 975">
    <p class='ocr_par' dir='ltr' id='par_1_7' title="bbox 322 898 1865 975">
     <span class='ocr_line' id='line_1_7' title="bbox 322 898 1865 975; baseline -0.011 -13"><span class='ocrx_word' id='word_1_50' title='bbox 322 911 428 962; x_wconf 92' lang='grc' dir='ltr'><strong>σῶν</strong></span> <span class='ocrx_word' id='word_1_51' title='bbox 465 912 710 975; x_wconf 70' lang='grc' dir='ltr'>ὑπονοεῖν</span> <span class='ocrx_word' id='word_1_52' title='bbox 743 909 917 967; x_wconf 77' lang='grc' dir='ltr'>δίδως,</span> <span class='ocrx_word' id='word_1_53' title='bbox 951 908 1139 973; x_wconf 79' lang='grc' dir='ltr'>φησὶν,</span> <span class='ocrx_word' id='word_1_54' title='bbox 1176 904 1407 963; x_wconf 70' lang='grc' dir='ltr'>ἐκείνοις</span> <span class='ocrx_word' id='word_1_55' title='bbox 1454 899 1653 969; x_wconf 79' lang='grc' dir='ltr'>μᾶλλον</span> <span class='ocrx_word' id='word_1_56' title='bbox 1686 898 1865 964; x_wconf 82' lang='grc' dir='ltr'>φαίνει</span> 
     </span>
    </p>
   </div>
   <div class='ocr_carea' id='block_1_8' title="bbox 319 987 1865 1069">
    <p class='ocr_par' dir='ltr' id='par_1_8' title="bbox 319 987 1865 1069">
     <span class='ocr_line' id='line_1_8' title="bbox 319 987 1865 1069; baseline -0.01 -16"><span class='ocrx_word' id='word_1_57' title='bbox 319 1002 729 1069; x_wconf 73' lang='grc' dir='ltr'><strong>προσκείμενος,</strong></span> <span class='ocrx_word' id='word_1_58' title='bbox 787 1001 928 1068; x_wconf 80' lang='grc' dir='ltr'>ήπερ</span> <span class='ocrx_word' id='word_1_59' title='bbox 988 999 1140 1066; x_wconf 76' lang='grc' dir='ltr'>ἡμῖν,</span> <span class='ocrx_word' id='word_1_60' title='bbox 1203 997 1369 1063; x_wconf 76' lang='grc' dir='ltr'>Κοινῇ</span> <span class='ocrx_word' id='word_1_61' title='bbox 1421 993 1529 1059; x_wconf 83' lang='grc' dir='ltr'>γάρ</span> <span class='ocrx_word' id='word_1_62' title='bbox 1586 1005 1673 1057; x_wconf 83' lang='grc' dir='ltr'><strong>μοι</strong></span> <span class='ocrx_word' id='word_1_63' title='bbox 1731 987 1865 1055; x_wconf 73' lang='grc' dir='ltr'>πρὸς</span> 
     </span>
    </p>
   </div>
   <div class='ocr_carea' id='block_1_9' title="bbox 318 1077 1866 1159">
    <p class='ocr_par' dir='ltr' id='par_1_9' title="bbox 318 1077 1866 1159">
     <span class='ocr_line' id='line_1_9' title="bbox 318 1077 1866 1159; baseline -0.012 -12"><span class='ocrx_word' id='word_1_64' title='bbox 318 1095 522 1157; x_wconf 77' lang='grc' dir='ltr'>πάντας</span> <span class='ocrx_word' id='word_1_65' title='bbox 564 1099 867 1159; x_wconf 70' lang='grc' dir='ltr'>ποιουμένῳ</span> <span class='ocrx_word' id='word_1_66' title='bbox 899 1090 1022 1149; x_wconf 62' lang='grc' dir='ltr'>τοὺς</span> <span class='ocrx_word' id='word_1_67' title='bbox 1060 1087 1274 1153; x_wconf 85' lang='grc' dir='ltr'>λόγους,</span> <span class='ocrx_word' id='word_1_68' title='bbox 1308 1086 1471 1145; x_wconf 81' lang='grc' dir='ltr'>αὐτὸς</span> <span class='ocrx_word' id='word_1_69' title='bbox 1498 1082 1655 1151; x_wconf 83' lang='grc' dir='ltr'>μόνος</span> <span class='ocrx_word' id='word_1_70' title='bbox 1678 1077 1866 1133; x_wconf 80' lang='grc' dir='ltr'>ἀποδί-</span> 
     </span>
    </p>
   </div>
   <div class='ocr_carea' id='block_1_10' title="bbox 317 1171 1865 1252">
    <p class='ocr_par' dir='ltr' id='par_1_10' title="bbox 317 1171 1865 1252">
     <span class='ocr_line' id='line_1_10' title="bbox 317 1171 1865 1252; baseline -0.011 -13"><span class='ocrx_word' id='word_1_71' title='bbox 317 1189 422 1249; x_wconf 84' lang='grc' dir='ltr'><strong>δως</strong></span> <span class='ocrx_word' id='word_1_72' title='bbox 453 1189 549 1248; x_wconf 75' lang='grc' dir='ltr'><strong>τὰς</strong></span> <span class='ocrx_word' id='word_1_73' title='bbox 576 1184 921 1252; x_wconf 86' lang='grc' dir='ltr'>ἀποκρίσεις,</span> <span class='ocrx_word' id='word_1_74' title='bbox 949 1182 1045 1234; x_wconf 75' lang='grc' dir='ltr'>καὶ</span> <span class='ocrx_word' id='word_1_75' title='bbox 1078 1177 1457 1248; x_wconf 79' lang='grc' dir='ltr'><strong>ἀτιμωρήτους</strong></span> <span class='ocrx_word' id='word_1_76' title='bbox 1487 1175 1705 1243; x_wconf 75' lang='grc' dir='ltr'><strong>ἀφιέναι</strong></span> <span class='ocrx_word' id='word_1_77' title='bbox 1742 1171 1865 1234; x_wconf 82' lang='grc' dir='ltr'>τοὺς</span> 
     </span>
    </p>
   </div>
   <div class='ocr_carea' id='block_1_11' title="bbox 319 1274 870 1340">
    <p class='ocr_par' dir='ltr' id='par_1_11' title="bbox 319 1274 870 1340">
     <span class='ocr_line' id='line_1_11' title="bbox 319 1274 870 1340; baseline -0.004 -12"><span class='ocrx_word' id='word_1_78' title='bbox 319 1276 564 1336; x_wconf 77' lang='grc' dir='ltr'>ἀνοσίους</span> <span class='ocrx_word' id='word_1_79' title='bbox 597 1274 870 1340; x_wconf 74' lang='grc' dir='ltr'><strong>ὑποτίθης.</strong></span> 
     </span>
    </p>
   </div>
   <div class='ocr_carea' id='block_1_12' title="bbox 393 1352 1864 1431">
    <p class='ocr_par' dir='ltr' id='par_1_12' title="bbox 393 1352 1864 1431">
     <span class='ocr_line' id='line_1_12' title="bbox 393 1352 1864 1431; baseline -0.01 -14"><span class='ocrx_word' id='word_1_80' title='bbox 393 1368 489 1419; x_wconf 85' lang='lat' dir='ltr'><strong>lE&#39;.</strong></span> <span class='ocrx_word' id='word_1_81' title='bbox 513 1367 729 1417; x_wconf 89' lang='grc' dir='ltr'>Τούτων</span> <span class='ocrx_word' id='word_1_82' title='bbox 773 1363 944 1425; x_wconf 75' lang='grc' dir='ltr'>οὕτως</span> <span class='ocrx_word' id='word_1_83' title='bbox 1000 1362 1120 1431; x_wconf 84' lang='grc' dir='ltr'>μεθ’</span> <span class='ocrx_word' id='word_1_84' title='bbox 1158 1359 1412 1421; x_wconf 77' lang='grc' dir='ltr'>ὑπονοίας</span> <span class='ocrx_word' id='word_1_85' title='bbox 1467 1355 1734 1428; x_wconf 75' lang='grc' dir='ltr'><strong>ῥηθέντων</strong></span> <span class='ocrx_word' id='word_1_86' title='bbox 1788 1352 1864 1421; x_wconf 85' lang='grc' dir='ltr'><strong>τῷ</strong></span> 
     </span>
    </p>
   </div>
   <div class='ocr_carea' id='block_1_13' title="bbox 321 1445 1866 1525">
    <p class='ocr_par' dir='ltr' id='par_1_13' title="bbox 321 1445 1866 1525">
     <span class='ocr_line' id='line_1_13' title="bbox 321 1445 1866 1525; baseline -0.008 -17"><span class='ocrx_word' id='word_1_87' title='bbox 321 1456 606 1525; x_wconf 83' lang='grc' dir='ltr'>Σαπωρίῳ,</span> <span class='ocrx_word' id='word_1_88' title='bbox 631 1459 656 1507; x_wconf 89' lang='lat'><strong>6</strong></span> <span class='ocrx_word' id='word_1_89' title='bbox 693 1453 955 1521; x_wconf 70' lang='grc' dir='ltr'>μακάριος</span> <span class='ocrx_word' id='word_1_90' title='bbox 1011 1452 1414 1519; x_wconf 74' lang='grc' dir='ltr'>Ἐλπιδιφόρος,</span> <span class='ocrx_word' id='word_1_91' title='bbox 1454 1448 1668 1515; x_wconf 79' lang='grc' dir='ltr'>Ἐπειδὴ</span> <span class='ocrx_word' id='word_1_92' title='bbox 1718 1445 1866 1515; x_wconf 84' lang='grc' dir='ltr'>πρῶ-</span> 
     </span>
    </p>
   </div>
   <div class='ocr_carea' id='block_1_14' title="bbox 320 1535 1865 1612">
    <p class='ocr_par' dir='ltr' id='par_1_14' title="bbox 320 1535 1865 1612">
     <span class='ocr_line' id='line_1_14' title="bbox 320 1535 1865 1612; baseline -0.007 -18"><span class='ocrx_word' id='word_1_93' title='bbox 320 1546 410 1605; x_wconf 85' lang='grc' dir='ltr'><strong>τός</strong></span> <span class='ocrx_word' id='word_1_94' title='bbox 446 1545 561 1611; x_wconf 82' lang='grc' dir='ltr'>είμι</span> <span class='ocrx_word' id='word_1_95' title='bbox 610 1546 706 1612; x_wconf 85' lang='grc' dir='ltr'>τῆς</span> <span class='ocrx_word' id='word_1_96' title='bbox 759 1542 1062 1609; x_wconf 82' lang='grc' dir='ltr'><strong>συγκλήτου</strong></span> <span class='ocrx_word' id='word_1_97' title='bbox 1112 1538 1327 1607; x_wconf 83' lang='grc' dir='ltr'>βουλῆς,</span> <span class='ocrx_word' id='word_1_98' title='bbox 1362 1537 1488 1603; x_wconf 71' lang='grc' dir='ltr'>ἔφη,</span> <span class='ocrx_word' id='word_1_99' title='bbox 1518 1535 1738 1593; x_wconf 79' lang='grc' dir='ltr'>είκότως</span> <span class='ocrx_word' id='word_1_100' title='bbox 1772 1549 1865 1599; x_wconf 84' lang='grc' dir='ltr'><strong>μοι</strong></span> 
     </span>
    </p>
   </div>
   <div class='ocr_carea' id='block_1_15' title="bbox 320 1622 1866 1701">
    <p class='ocr_par' dir='ltr' id='par_1_15' title="bbox 320 1622 1866 1701">
     <span class='ocr_line' id='line_1_15' title="bbox 320 1622 1866 1701; baseline -0.008 -17"><span class='ocrx_word' id='word_1_101' title='bbox 320 1637 413 1685; x_wconf 79' lang='grc' dir='ltr'>καὶ</span> <span class='ocrx_word' id='word_1_102' title='bbox 438 1635 541 1685; x_wconf 90' lang='grc' dir='ltr'><strong>τῶν</strong></span> <span class='ocrx_word' id='word_1_103' title='bbox 570 1633 911 1701; x_wconf 87' lang='grc' dir='ltr'>ἀποκρίσεων</span> <span class='ocrx_word' id='word_1_104' title='bbox 945 1624 1086 1683; x_wconf 77' lang='grc' dir='ltr'>οὗτοι</span> <span class='ocrx_word' id='word_1_105' title='bbox 1119 1625 1526 1698; x_wconf 81' lang='grc' dir='ltr'>παραχωροῦσι.</span> <span class='ocrx_word' id='word_1_106' title='bbox 1567 1624 1707 1690; x_wconf 76' lang='grc' dir='ltr'>Πλὴν</span> <span class='ocrx_word' id='word_1_107' title='bbox 1735 1622 1866 1673; x_wconf 82' lang='grc' dir='ltr'>ἀλλὰ</span> 
     </span>
    </p>
   </div>
   <div class='ocr_carea' id='block_1_16' title="bbox 321 1713 1862 1790">
    <p class='ocr_par' dir='ltr' id='par_1_16' title="bbox 321 1713 1862 1790">
     <span class='ocr_line' id='line_1_16' title="bbox 321 1713 1862 1790; baseline -0.009 -14"><span class='ocrx_word' id='word_1_108' title='bbox 321 1727 416 1777; x_wconf 78' lang='grc' dir='ltr'><strong>καὶ</strong></span> <span class='ocrx_word' id='word_1_109' title='bbox 456 1725 608 1776; x_wconf 77' lang='grc' dir='ltr'>αὐτοὶ</span> <span class='ocrx_word' id='word_1_110' title='bbox 645 1724 951 1788; x_wconf 85' lang='grc' dir='ltr'>λεγέτωσαν</span> <span class='ocrx_word' id='word_1_111' title='bbox 984 1724 1119 1790; x_wconf 86' lang='grc' dir='ltr'>ὅπερ</span> <span class='ocrx_word' id='word_1_112' title='bbox 1163 1720 1228 1772; x_wconf 88' lang='grc' dir='ltr'>ἂν</span> <span class='ocrx_word' id='word_1_113' title='bbox 1274 1719 1487 1783; x_wconf 77' lang='grc' dir='ltr'>ἑκάστῳ</span> <span class='ocrx_word' id='word_1_114' title='bbox 1523 1713 1862 1784; x_wconf 77' lang='grc' dir='ltr'>παριστάμε-</span> 
     </span>
    </p>
   </div>
   <div class='ocr_carea' id='block_1_17' title="bbox 320 1796 1866 1888">
    <p class='ocr_par' dir='ltr' id='par_1_17' title="bbox 320 1796 1866 1888">
     <span class='ocr_line' id='line_1_17' title="bbox 320 1796 1866 1888; baseline -0.009 -21"><span class='ocrx_word' id='word_1_115' title='bbox 320 1834 409 1867; x_wconf 86' lang='grc' dir='ltr'><strong>νον</strong></span> <span class='ocrx_word' id='word_1_116' title='bbox 441 1812 495 1888; x_wconf 80' lang='grc' dir='ltr'>ᾖ,</span> <span class='ocrx_word' id='word_1_117' title='bbox 537 1816 655 1865; x_wconf 70' lang='grc' dir='ltr'>ἐπεὶ</span> <span class='ocrx_word' id='word_1_118' title='bbox 683 1814 777 1865; x_wconf 81' lang='grc' dir='ltr'>καὶ</span> <span class='ocrx_word' id='word_1_119' title='bbox 806 1814 850 1864; x_wconf 83' lang='grc' dir='ltr'>τ’</span> <span class='ocrx_word' id='word_1_120' title='bbox 886 1812 1060 1879; x_wconf 85' lang='grc' dir='ltr'>ἀληθῆ</span> <span class='ocrx_word' id='word_1_121' title='bbox 1094 1809 1269 1878; x_wconf 79' lang='grc' dir='ltr'>βούλει</span> <span class='ocrx_word' id='word_1_122' title='bbox 1310 1808 1523 1864; x_wconf 73' lang='grc' dir='ltr'>παντως</span> <span class='ocrx_word' id='word_1_123' title='bbox 1549 1805 1791 1869; x_wconf 75' lang='grc' dir='ltr'>ἀκούειν,</span> <span class='ocrx_word' id='word_1_124' title='bbox 1822 1796 1866 1854; x_wconf 84' lang='grc' dir='ltr'><strong>ῶ</strong></span> 
     </span>
    </p>
   </div>
   <div class='ocr_carea' id='block_1_18' title="bbox 324 1893 1864 1973">
    <p class='ocr_par' dir='ltr' id='par_1_18' title="bbox 324 1893 1864 1973">
     <span class='ocr_line' id='line_1_18' title="bbox 324 1893 1864 1973; baseline -0.01 -16"><span class='ocrx_word' id='word_1_125' title='bbox 324 1905 565 1973; x_wconf 74' lang='grc' dir='ltr'>βασιλεῦ.</span> <span class='ocrx_word' id='word_1_126' title='bbox 608 1900 700 1966; x_wconf 74' lang='grc' dir='ltr'>Εἷς</span> <span class='ocrx_word' id='word_1_127' title='bbox 729 1906 783 1956; x_wconf 76' lang='grc' dir='ltr'>δέ</span> <span class='ocrx_word' id='word_1_128' title='bbox 815 1920 897 1963; x_wconf 85' lang='grc' dir='ltr'><strong>τις</strong></span> <span class='ocrx_word' id='word_1_129' title='bbox 922 1902 1030 1953; x_wconf 88' lang='grc' dir='ltr'><strong>τῶν</strong></span> <span class='ocrx_word' id='word_1_130' title='bbox 1079 1897 1480 1967; x_wconf 67' lang='grc' dir='ltr'><strong>συγκλητικῶν,</strong></span> <span class='ocrx_word' id='word_1_131' title='bbox 1515 1896 1635 1962; x_wconf 75' lang='grc' dir='ltr'>θείᾳ.</span> <span class='ocrx_word' id='word_1_132' title='bbox 1682 1893 1864 1961; x_wconf 77' lang='grc' dir='ltr'>χάριτι</span> 
     </span>
    </p>
   </div>
   <div class='ocr_carea' id='block_1_19' title="bbox 320 1984 1864 2064">
    <p class='ocr_par' dir='ltr' id='par_1_19' title="bbox 320 1984 1864 2064">
     <span class='ocr_line' id='line_1_19' title="bbox 320 1984 1864 2064; baseline -0.008 -17"><span class='ocrx_word' id='word_1_133' title='bbox 320 1998 421 2061; x_wconf 83' lang='grc' dir='ltr'>τὴν</span> <span class='ocrx_word' id='word_1_134' title='bbox 478 1996 655 2064; x_wconf 75' lang='grc' dir='ltr'>ψυχὴν</span> <span class='ocrx_word' id='word_1_135' title='bbox 704 1991 1106 2059; x_wconf 75' lang='grc' dir='ltr'>διαφωτισθεὶς,</span> <span class='ocrx_word' id='word_1_136' title='bbox 1146 1989 1254 2042; x_wconf 78' lang='grc' dir='ltr'><strong>Καὶ</strong></span> <span class='ocrx_word' id='word_1_137' title='bbox 1316 1990 1366 2039; x_wconf 88' lang='grc' dir='ltr'><strong>τί</strong></span> <span class='ocrx_word' id='word_1_138' title='bbox 1418 1988 1537 2047; x_wconf 80' lang='grc' dir='ltr'>ταῖς</span> <span class='ocrx_word' id='word_1_139' title='bbox 1589 1984 1864 2052; x_wconf 77' lang='grc' dir='ltr'>ἀληθείαις</span> 
     </span>
    </p>
   </div>
   <div class='ocr_carea' id='block_1_20' title="bbox 324 2073 1865 2153">
    <p class='ocr_par' dir='ltr' id='par_1_20' title="bbox 324 2073 1865 2153">
     <span class='ocr_line' id='line_1_20' title="bbox 324 2073 1865 2153; baseline -0.008 -16"><span class='ocrx_word' id='word_1_140' title='bbox 324 2086 657 2153; x_wconf 57' lang='grc' dir='ltr'>θαυμαστὴν,</span> <span class='ocrx_word' id='word_1_141' title='bbox 687 2082 859 2141; x_wconf 67' lang='grc' dir='ltr'>εἶπεν,</span> <span class='ocrx_word' id='word_1_142' title='bbox 896 2076 939 2133; x_wconf 80' lang='grc' dir='ltr'><strong>ὦ</strong></span> <span class='ocrx_word' id='word_1_143' title='bbox 970 2078 1209 2148; x_wconf 75' lang='grc' dir='ltr'>βασιλεῦ,</span> <span class='ocrx_word' id='word_1_144' title='bbox 1237 2079 1283 2129; x_wconf 83' lang='grc' dir='ltr'><strong>εἰ</strong></span> <span class='ocrx_word' id='word_1_145' title='bbox 1322 2076 1535 2143; x_wconf 75' lang='grc' dir='ltr'>καὶτῆς</span> <span class='ocrx_word' id='word_1_146' title='bbox 1567 2073 1865 2142; x_wconf 74' lang='grc' dir='ltr'><strong>συγκλήτου</strong></span> 
     </span>
    </p>
   </div>
   <div class='ocr_carea' id='block_1_21' title="bbox 322 2164 1863 2243">
    <p class='ocr_par' dir='ltr' id='par_1_21' title="bbox 322 2164 1863 2243">
     <span class='ocr_line' id='line_1_21' title="bbox 322 2164 1863 2243; baseline -0.009 -18"><span class='ocrx_word' id='word_1_147' title='bbox 322 2173 653 2243; x_wconf 83' lang='grc' dir='ltr'><strong>πρωτεύοντι</strong></span> <span class='ocrx_word' id='word_1_148' title='bbox 688 2172 764 2240; x_wconf 83' lang='grc' dir='ltr'>τῷ</span> <span class='ocrx_word' id='word_1_149' title='bbox 802 2170 1181 2235; x_wconf 72' lang='grc' dir='ltr'>Ἰζλπιδιφόρῳ,</span> <span class='ocrx_word' id='word_1_150' title='bbox 1225 2167 1315 2217; x_wconf 72' lang='grc' dir='ltr'>καὶ</span> <span class='ocrx_word' id='word_1_151' title='bbox 1348 2165 1470 2232; x_wconf 82' lang='grc' dir='ltr'>μηδ’</span> <span class='ocrx_word' id='word_1_152' title='bbox 1509 2164 1763 2214; x_wconf 87' lang='grc' dir='ltr'>ἀσύνετόν</span> <span class='ocrx_word' id='word_1_153' title='bbox 1792 2180 1863 2221; x_wconf 84' lang='grc' dir='ltr'><strong>τι,</strong></span> 
     </span>
    </p>
   </div>
   <div class='ocr_carea' id='block_1_22' title="bbox 326 2255 1869 2332">
    <p class='ocr_par' dir='ltr' id='par_1_22' title="bbox 326 2255 1869 2332">
     <span class='ocr_line' id='line_1_22' title="bbox 326 2255 1869 2332; baseline -0.008 -18"><span class='ocrx_word' id='word_1_154' title='bbox 326 2262 450 2332; x_wconf 81' lang='grc' dir='ltr'>μηδ’</span> <span class='ocrx_word' id='word_1_155' title='bbox 488 2262 733 2329; x_wconf 77' lang='grc' dir='ltr'>ἀπρεπὲς</span> <span class='ocrx_word' id='word_1_156' title='bbox 789 2258 1201 2325; x_wconf 79' lang='grc' dir='ltr'>ἀποκρινομένῳ</span> <span class='ocrx_word' id='word_1_157' title='bbox 1240 2255 1331 2307; x_wconf 68' lang='grc' dir='ltr'>τοῦ</span> <span class='ocrx_word' id='word_1_158' title='bbox 1386 2256 1564 2319; x_wconf 90' lang='grc' dir='ltr'>λέγειν</span> <span class='ocrx_word' id='word_1_159' title='bbox 1610 2270 1869 2322; x_wconf 84' lang='grc' dir='ltr'>παραχω-</span> 
     </span>
    </p>
   </div>
   <div class='ocr_carea' id='block_1_23' title="bbox 325 2341 1868 2421">
    <p class='ocr_par' dir='ltr' id='par_1_23' title="bbox 325 2341 1868 2421">
     <span class='ocr_line' id='line_1_23' title="bbox 325 2341 1868 2421; baseline -0.008 -17"><span class='ocrx_word' id='word_1_160' title='bbox 325 2354 524 2421; x_wconf 78' lang='grc' dir='ltr'>ροῦμεν</span> <span class='ocrx_word' id='word_1_161' title='bbox 550 2354 739 2420; x_wconf 73' lang='grc' dir='ltr'>ήμεῐςς</span> <span class='ocrx_word' id='word_1_162' title='bbox 788 2350 846 2401; x_wconf 81' lang='grc' dir='ltr'><strong>ὐ</strong></span> <span class='ocrx_word' id='word_1_163' title='bbox 896 2350 950 2401; x_wconf 76' lang='grc' dir='ltr'>δὲ</span> <span class='ocrx_word' id='word_1_164' title='bbox 1003 2347 1251 2414; x_wconf 82' lang='grc' dir='ltr'>βασιλεὺς</span> <span class='ocrx_word' id='word_1_165' title='bbox 1314 2346 1575 2413; x_wconf 66' lang='grc' dir='ltr'>φωράσας</span> <span class='ocrx_word' id='word_1_166' title='bbox 1622 2343 1679 2394; x_wconf 83' lang='grc' dir='ltr'>τὸ</span> <span class='ocrx_word' id='word_1_167' title='bbox 1735 2341 1868 2410; x_wconf 83' lang='grc' dir='ltr'>πρὸς</span> 
     </span>
    </p>
   </div>
   <div class='ocr_carea' id='block_1_24' title="bbox 321 2429 1868 2511">
    <p class='ocr_par' dir='ltr' id='par_1_24' title="bbox 321 2429 1868 2511">
     <span class='ocr_line' id='line_1_24' title="bbox 321 2429 1868 2511; baseline -0.008 -17"><span class='ocrx_word' id='word_1_168' title='bbox 321 2443 572 2511; x_wconf 78' lang='grc' dir='ltr'>ἀλήθειαν</span> <span class='ocrx_word' id='word_1_169' title='bbox 605 2441 683 2501; x_wconf 86' lang='grc' dir='ltr'>ὃν,</span> <span class='ocrx_word' id='word_1_170' title='bbox 730 2441 839 2491; x_wconf 68' lang='grc' dir='ltr'>Οὐκ</span> <span class='ocrx_word' id='word_1_171' title='bbox 893 2438 1066 2503; x_wconf 82' lang='grc' dir='ltr'>ὀρθῶς</span> <span class='ocrx_word' id='word_1_172' title='bbox 1103 2438 1348 2505; x_wconf 80' lang='grc' dir='ltr'>ἔχουσαν,</span> <span class='ocrx_word' id='word_1_173' title='bbox 1387 2429 1527 2493; x_wconf 75' lang='grc' dir='ltr'>εἷπε,</span> <span class='ocrx_word' id='word_1_174' title='bbox 1572 2434 1667 2500; x_wconf 79' lang='grc' dir='ltr'>τὴν</span> <span class='ocrx_word' id='word_1_175' title='bbox 1718 2432 1868 2498; x_wconf 89' lang='grc' dir='ltr'>ὑμῶν</span> 
     </span>
    </p>
   </div>
   <div class='ocr_carea' id='block_1_25' title="bbox 323 2523 1867 2597">
    <p class='ocr_par' dir='ltr' id='par_1_25' title="bbox 323 2523 1867 2597">
     <span class='ocr_line' id='line_1_25' title="bbox 323 2523 1867 2597; baseline -0.009 -12"><span class='ocrx_word' id='word_1_176' title='bbox 323 2534 578 2591; x_wconf 80' lang='grc' dir='ltr'>διάνοιαν,</span> <span class='ocrx_word' id='word_1_177' title='bbox 614 2532 741 2597; x_wconf 73' lang='grc' dir='ltr'>περὶ</span> <span class='ocrx_word' id='word_1_178' title='bbox 785 2531 843 2579; x_wconf 80' lang='grc' dir='ltr'>τὸ</span> <span class='ocrx_word' id='word_1_179' title='bbox 872 2530 1139 2595; x_wconf 65' lang='grc' dir='ltr'>ἡμέτερον</span> <span class='ocrx_word' id='word_1_180' title='bbox 1177 2526 1375 2593; x_wconf 78' lang='grc' dir='ltr'>κράτος</span> <span class='ocrx_word' id='word_1_181' title='bbox 1421 2525 1549 2593; x_wconf 79' lang='grc' dir='ltr'>όρῶ.</span> <span class='ocrx_word' id='word_1_182' title='bbox 1588 2523 1867 2584; x_wconf 65' lang='grc' dir='ltr'>Φιλόλογος</span> 
     </span>
    </p>
   </div>
   <div class='ocr_carea' id='block_1_26' title="bbox 323 2610 1870 2687">
    <p class='ocr_par' dir='ltr' id='par_1_26' title="bbox 323 2610 1870 2687">
     <span class='ocr_line' id='line_1_26' title="bbox 323 2610 1870 2687; baseline -0.009 -13"><span class='ocrx_word' id='word_1_183' title='bbox 323 2623 380 2674; x_wconf 75' lang='grc' dir='ltr'><strong>δι</strong></span> <span class='ocrx_word' id='word_1_184' title='bbox 411 2640 490 2681; x_wconf 77' lang='grc' dir='ltr'><strong>τις</strong></span> <span class='ocrx_word' id='word_1_185' title='bbox 520 2623 708 2687; x_wconf 69' lang='grc' dir='ltr'>ονομα,</span> <span class='ocrx_word' id='word_1_186' title='bbox 746 2619 843 2683; x_wconf 79' lang='grc' dir='ltr'>τὴν</span> <span class='ocrx_word' id='word_1_187' title='bbox 874 2617 1088 2685; x_wconf 75' lang='grc' dir='ltr'>ἡλικίαν</span> <span class='ocrx_word' id='word_1_188' title='bbox 1121 2617 1403 2681; x_wconf 84' lang='grc' dir='ltr'>νεώτερος,</span> <span class='ocrx_word' id='word_1_189' title='bbox 1454 2615 1545 2664; x_wconf 66' lang='grc' dir='ltr'><strong>τὸν</strong></span> <span class='ocrx_word' id='word_1_190' title='bbox 1584 2611 1705 2663; x_wconf 74' lang='grc' dir='ltr'>νοῦν</span> <span class='ocrx_word' id='word_1_191' title='bbox 1752 2610 1870 2672; x_wconf 77' lang='grc' dir='ltr'><strong>ὀξύ-</strong></span> 
     </span>
    </p>
   </div>
   <div class='ocr_carea' id='block_1_27' title="bbox 324 2700 1867 2775">
    <p class='ocr_par' dir='ltr' id='par_1_27' title="bbox 324 2700 1867 2775">
     <span class='ocr_line' id='line_1_27' title="bbox 324 2700 1867 2775; baseline -0.008 -13"><span class='ocrx_word' id='word_1_192' title='bbox 324 2727 506 2772; x_wconf 72' lang='grc' dir='ltr'>τατος,</span> <span class='ocrx_word' id='word_1_193' title='bbox 542 2710 632 2759; x_wconf 73' lang='grc' dir='ltr'><strong>τὸν</strong></span> <span class='ocrx_word' id='word_1_194' title='bbox 662 2708 821 2773; x_wconf 70' lang='grc' dir='ltr'>ζῆλον</span> <span class='ocrx_word' id='word_1_195' title='bbox 870 2706 1199 2775; x_wconf 80' lang='grc' dir='ltr'>θερμότατος</span> <span class='ocrx_word' id='word_1_196' title='bbox 1221 2721 1233 2734; x_wconf 92' lang='grc'><strong>·</strong></span> <span class='ocrx_word' id='word_1_197' title='bbox 1267 2700 1335 2755; x_wconf 75' lang='grc' dir='ltr'>Ὠ</span> <span class='ocrx_word' id='word_1_198' title='bbox 1367 2703 1607 2771; x_wconf 77' lang='grc' dir='ltr'>βασιλεῦ,</span> <span class='ocrx_word' id='word_1_199' title='bbox 1644 2703 1867 2770; x_wconf 75' lang='grc' dir='ltr'>ἔφησεν,</span> 
     </span>
    </p>
   </div>
   <div class='ocr_carea' id='block_1_28' title="bbox 327 2793 1869 2868">
    <p class='ocr_par' dir='ltr' id='par_1_28' title="bbox 327 2793 1869 2868">
     <span class='ocr_line' id='line_1_28' title="bbox 327 2793 1869 2868; baseline -0.009 -16"><span class='ocrx_word' id='word_1_200' title='bbox 327 2806 359 2867; x_wconf 80' lang='grc' dir='ltr'><strong>ἡ</strong></span> <span class='ocrx_word' id='word_1_201' title='bbox 399 2803 570 2868; x_wconf 70' lang='grc' dir='ltr'>μάτην</span> <span class='ocrx_word' id='word_1_202' title='bbox 594 2798 912 2865; x_wconf 68' lang='grc' dir='ltr'>ἐνσκήψασα</span> <span class='ocrx_word' id='word_1_203' title='bbox 956 2796 1165 2863; x_wconf 68' lang='grc' dir='ltr'>πονηρὰ</span> <span class='ocrx_word' id='word_1_204' title='bbox 1211 2795 1328 2845; x_wconf 82' lang='grc' dir='ltr'>καθ’</span> <span class='ocrx_word' id='word_1_205' title='bbox 1362 2794 1515 2860; x_wconf 80' lang='grc' dir='ltr'>ἡμῶν</span> <span class='ocrx_word' id='word_1_206' title='bbox 1550 2793 1770 2842; x_wconf 77' lang='grc' dir='ltr'>ὑπόνοια</span> <span class='ocrx_word' id='word_1_207' title='bbox 1804 2794 1869 2855; x_wconf 78' lang='grc' dir='ltr'><strong>τῇ</strong></span> 
     </span>
    </p>
   </div>
   <div class='ocr_carea' id='block_1_29' title="bbox 326 2878 1868 2957">
    <p class='ocr_par' dir='ltr' id='par_1_29' title="bbox 326 2878 1868 2957">
     <span class='ocr_line' id='line_1_29' title="bbox 326 2878 1868 2957; baseline -0.006 -17"><span class='ocrx_word' id='word_1_208' title='bbox 326 2891 470 2957; x_wconf 77' lang='grc' dir='ltr'>ψυχῇ</span> <span class='ocrx_word' id='word_1_209' title='bbox 508 2904 621 2948; x_wconf 59' lang='grc' dir='ltr'>σου,</span> <span class='ocrx_word' id='word_1_210' title='bbox 669 2888 768 2937; x_wconf 84' lang='grc' dir='ltr'><strong>οὑκ</strong></span> <span class='ocrx_word' id='word_1_211' title='bbox 806 2886 879 2945; x_wconf 84' lang='grc' dir='ltr'><strong>είς</strong></span> <span class='ocrx_word' id='word_1_212' title='bbox 929 2883 1131 2949; x_wconf 65' lang='grc' dir='ltr'>ἀγαθον</span> <span class='ocrx_word' id='word_1_213' title='bbox 1180 2884 1309 2951; x_wconf 85' lang='grc' dir='ltr'>ήμῖν</span> <span class='ocrx_word' id='word_1_214' title='bbox 1343 2880 1631 2948; x_wconf 79' lang='grc' dir='ltr'>καταλήξει</span> <span class='ocrx_word' id='word_1_215' title='bbox 1674 2878 1868 2946; x_wconf 72' lang='grc' dir='ltr'>πέρας.</span> 
     </span>
    </p>
   </div>
   <div class='ocr_carea' id='block_1_30' title="bbox 328 2971 1869 3048">
    <p class='ocr_par' dir='ltr' id='par_1_30' title="bbox 328 2971 1869 3048">
     <span class='ocr_line' id='line_1_30' title="bbox 328 2971 1869 3048; baseline -0.009 -15"><span class='ocrx_word' id='word_1_216' title='bbox 328 2983 547 3048; x_wconf 78' lang='grc' dir='ltr'>Πλήρης</span> <span class='ocrx_word' id='word_1_217' title='bbox 583 2980 689 3045; x_wconf 74' lang='grc' dir='ltr'>γὰρ</span> <span class='ocrx_word' id='word_1_218' title='bbox 722 2976 949 3042; x_wconf 52' lang='grc' dir='ltr'>ὑποψίας</span> <span class='ocrx_word' id='word_1_219' title='bbox 978 2971 1025 3025; x_wconf 80' lang='grc' dir='ltr'>εἷ</span> <span class='ocrx_word' id='word_1_220' title='bbox 1055 2973 1329 3024; x_wconf 76' lang='grc' dir='ltr'>ἀπώλειαν</span> <span class='ocrx_word' id='word_1_221' title='bbox 1370 2972 1707 3036; x_wconf 77' lang='grc' dir='ltr'>καταγνῶναι</span> <span class='ocrx_word' id='word_1_222' title='bbox 1736 2973 1869 3020; x_wconf 70' lang='grc' dir='ltr'>πᾶν·</span> 
     </span>
    </p>
   </div>
   <div class='ocr_carea' id='block_1_31' title="bbox 326 3059 1873 3134">
    <p class='ocr_par' dir='ltr' id='par_1_31' title="bbox 326 3059 1873 3134">
     <span class='ocr_line' id='line_1_31' title="bbox 326 3059 1873 3134; baseline -0.008 -12"><span class='ocrx_word' id='word_1_223' title='bbox 326 3086 433 3122; x_wconf 87' lang='grc' dir='ltr'><strong>των</strong></span> <span class='ocrx_word' id='word_1_224' title='bbox 498 3067 888 3134; x_wconf 80' lang='grc' dir='ltr'>διανοούμενος.</span> <span class='ocrx_word' id='word_1_225' title='bbox 936 3064 993 3117; x_wconf 86' lang='grc' dir='ltr'><strong>Ὀ</strong></span> <span class='ocrx_word' id='word_1_226' title='bbox 1040 3065 1094 3116; x_wconf 81' lang='grc' dir='ltr'>δὲ</span> <span class='ocrx_word' id='word_1_227' title='bbox 1146 3063 1404 3130; x_wconf 78' lang='grc' dir='ltr'>τύραννος</span> <span class='ocrx_word' id='word_1_228' title='bbox 1452 3061 1540 3112; x_wconf 70' lang='grc' dir='ltr'><strong>ἐπὶ</strong></span> <span class='ocrx_word' id='word_1_229' title='bbox 1583 3063 1649 3127; x_wconf 74' lang='grc' dir='ltr'><strong>τῇ</strong></span> <span class='ocrx_word' id='word_1_230' title='bbox 1701 3059 1873 3129; x_wconf 80' lang='grc' dir='ltr'>ἀθρόᾳ</span> 
     </span>
    </p>
   </div>
   <div class='ocr_carea' id='block_1_32' title="bbox 328 3148 1997 3224">
    <p class='ocr_par' dir='ltr' id='par_1_32' title="bbox 328 3148 1993 3224">
     <span class='ocr_line' id='line_1_32' title="bbox 328 3148 1993 3224; baseline -0.008 -15"><span class='ocrx_word' id='word_1_231' title='bbox 328 3158 420 3209; x_wconf 82' lang='grc' dir='ltr'>τοῦ</span> <span class='ocrx_word' id='word_1_232' title='bbox 447 3157 727 3220; x_wconf 69' lang='grc' dir='ltr'>Φιλολόγου</span> <span class='ocrx_word' id='word_1_233' title='bbox 759 3153 1039 3224; x_wconf 69' lang='grc' dir='ltr'>παρρησίᾳ</span> <span class='ocrx_word' id='word_1_234' title='bbox 1090 3150 1260 3218; x_wconf 82' lang='grc' dir='ltr'>θυμοῦ</span> <span class='ocrx_word' id='word_1_235' title='bbox 1292 3152 1387 3219; x_wconf 77' lang='grc' dir='ltr'>τὴν</span> <span class='ocrx_word' id='word_1_236' title='bbox 1434 3150 1610 3218; x_wconf 80' lang='grc' dir='ltr'>ψυχὴν</span> <span class='ocrx_word' id='word_1_237' title='bbox 1637 3148 1874 3213; x_wconf 85' lang='grc' dir='ltr'>ἁναπλη-</span> <span class='ocrx_word' id='word_1_238' title='bbox 1901 3168 1943 3224; x_wconf 75' lang='lat' dir='ltr'>c</span> <span class='ocrx_word' id='word_1_239' title='bbox 1980 3167 1993 3218; x_wconf 72' lang='grc' dir='ltr'>ι</span> 
     </span>
    </p>
   </div>
   <div class='ocr_carea' id='block_1_33' title="bbox 614 3148 2283 3224">
    <p class='ocr_par' dir='ltr' id='par_1_33' title="bbox 614 3148 2283 3224">
     <span class='ocr_line' id='line_1_33' title="bbox 614 3148 2283 3224; baseline -0.003 -4"><span class='ocrx_word' id='word_1_240' title='bbox 614 3157 727 3220; x_wconf 67' lang='grc' dir='ltr'>εγου</span> <span class='ocrx_word' id='word_1_241' title='bbox 759 3153 1039 3224; x_wconf 62' lang='grc' dir='ltr'>παρρησίᾳ</span> <span class='ocrx_word' id='word_1_242' title='bbox 1090 3150 1260 3218; x_wconf 83' lang='grc' dir='ltr'>θυμοῦ</span> <span class='ocrx_word' id='word_1_243' title='bbox 1292 3152 1387 3219; x_wconf 78' lang='grc' dir='ltr'>τὴν</span> <span class='ocrx_word' id='word_1_244' title='bbox 1434 3150 1610 3218; x_wconf 76' lang='grc' dir='ltr'>ψυχὴν</span> <span class='ocrx_word' id='word_1_245' title='bbox 1637 3148 1874 3213; x_wconf 84' lang='grc' dir='ltr'>ἀναπλη-</span> <span class='ocrx_word' id='word_1_246' title='bbox 1901 3168 1943 3224; x_wconf 86' lang='lat' dir='ltr'><strong>c</strong></span> <span class='ocrx_word' id='word_1_247' title='bbox 1980 3167 2283 3218; x_wconf 89' lang='lat' dir='ltr'><strong>libertatem</strong></span> 
     </span>
    </p>
   </div>
   <div class='ocr_carea' id='block_1_34' title="bbox 330 3239 1871 3313">
    <p class='ocr_par' dir='ltr' id='par_1_34' title="bbox 330 3239 1871 3313">
     <span class='ocr_line' id='line_1_34' title="bbox 330 3239 1871 3313; baseline -0.008 -14"><span class='ocrx_word' id='word_1_248' title='bbox 330 3248 475 3307; x_wconf 73' lang='grc' dir='ltr'>σθείς</span> <span class='ocrx_word' id='word_1_249' title='bbox 496 3261 507 3274; x_wconf 89' lang='grc'><strong>·</strong></span> <span class='ocrx_word' id='word_1_250' title='bbox 541 3246 635 3306; x_wconf 87' lang='grc' dir='ltr'>Τίς</span> <span class='ocrx_word' id='word_1_251' title='bbox 672 3246 777 3313; x_wconf 85' lang='grc' dir='ltr'>γάρ</span> <span class='ocrx_word' id='word_1_252' title='bbox 803 3260 857 3296; x_wconf 88' lang='grc' dir='ltr'>σε</span> <span class='ocrx_word' id='word_1_253' title='bbox 898 3245 990 3296; x_wconf 72' lang='grc' dir='ltr'>καὶ</span> <span class='ocrx_word' id='word_1_254' title='bbox 1024 3244 1207 3310; x_wconf 68' lang='grc' dir='ltr'>ἤρετο,</span> <span class='ocrx_word' id='word_1_255' title='bbox 1236 3243 1416 3309; x_wconf 77' lang='grc' dir='ltr'>φησὶν,</span> <span class='ocrx_word' id='word_1_256' title='bbox 1457 3241 1519 3290; x_wconf 78' lang='grc' dir='ltr'><strong>ἵν’</strong></span> <span class='ocrx_word' id='word_1_257' title='bbox 1551 3239 1720 3301; x_wconf 78' lang='grc' dir='ltr'>οὕτως</span> <span class='ocrx_word' id='word_1_258' title='bbox 1740 3239 1871 3290; x_wconf 83' lang='grc' dir='ltr'>ἀπό-</span> 
     </span>
    </p>
   </div>
   <div class='ocr_carea' id='block_1_35' title="bbox 327 3328 1873 3404">
    <p class='ocr_par' dir='ltr' id='par_1_35' title="bbox 327 3328 1873 3404">
     <span class='ocr_line' id='line_1_35' title="bbox 327 3328 1873 3404; baseline -0.006 -17"><span class='ocrx_word' id='word_1_259' title='bbox 327 3354 494 3404; x_wconf 82' lang='grc' dir='ltr'>τομον</span> <span class='ocrx_word' id='word_1_260' title='bbox 548 3336 644 3404; x_wconf 80' lang='grc' dir='ltr'>τὴν</span> <span class='ocrx_word' id='word_1_261' title='bbox 688 3336 977 3401; x_wconf 85' lang='grc' dir='ltr'>ἀπόκρισιν</span> <span class='ocrx_word' id='word_1_262' title='bbox 1019 3332 1155 3399; x_wconf 73' lang='grc' dir='ltr'>δῷςς</span> <span class='ocrx_word' id='word_1_263' title='bbox 1193 3332 1329 3399; x_wconf 76' lang='grc' dir='ltr'>Πρ³ς</span> <span class='ocrx_word' id='word_1_264' title='bbox 1364 3328 1531 3381; x_wconf 81' lang='grc' dir='ltr'>ταῦτα</span> <span class='ocrx_word' id='word_1_265' title='bbox 1555 3329 1581 3377; x_wconf 90' lang='lat'><strong>6</strong></span> <span class='ocrx_word' id='word_1_266' title='bbox 1613 3328 1873 3393; x_wconf 78' lang='grc' dir='ltr'>γεννάδας</span> 
     </span>
    </p>
   </div>
   <div class='ocr_carea' id='block_1_36' title="bbox 330 3416 1874 3493">
    <p class='ocr_par' dir='ltr' id='par_1_36' title="bbox 330 3416 1874 3493">
     <span class='ocr_line' id='line_1_36' title="bbox 330 3416 1874 3493; baseline -0.008 -15"><span class='ocrx_word' id='word_1_267' title='bbox 330 3431 533 3487; x_wconf 80' lang='grc' dir='ltr'>ἐκεῖνος</span> <span class='ocrx_word' id='word_1_268' title='bbox 558 3467 571 3487; x_wconf 89' lang='grc'><strong>,</strong></span> <span class='ocrx_word' id='word_1_269' title='bbox 617 3428 690 3493; x_wconf 77' lang='grc' dir='ltr'>μὴ</span> <span class='ocrx_word' id='word_1_270' title='bbox 732 3425 821 3476; x_wconf 89' lang='grc' dir='ltr'>τὸν</span> <span class='ocrx_word' id='word_1_271' title='bbox 874 3422 963 3474; x_wconf 83' lang='grc' dir='ltr'>τοῦ</span> <span class='ocrx_word' id='word_1_272' title='bbox 991 3423 1252 3489; x_wconf 74' lang='grc' dir='ltr'>τυραννον</span> <span class='ocrx_word' id='word_1_273' title='bbox 1276 3418 1442 3485; x_wconf 66' lang='grc' dir='ltr'>θυμὸν</span> <span class='ocrx_word' id='word_1_274' title='bbox 1476 3416 1874 3481; x_wconf 81' lang='grc' dir='ltr'>ὑπολογισάμε-</span> 
     </span>
    </p>
   </div>
   <div class='ocr_carea' id='block_1_37' title="bbox 330 3507 1875 3585">
    <p class='ocr_par' dir='ltr' id='par_1_37' title="bbox 330 3507 1875 3585">
     <span class='ocr_line' id='line_1_37' title="bbox 330 3507 1875 3585; baseline -0.008 -16"><span class='ocrx_word' id='word_1_275' title='bbox 330 3536 437 3577; x_wconf 86' lang='grc' dir='ltr'>νος,</span> <span class='ocrx_word' id='word_1_276' title='bbox 480 3518 551 3585; x_wconf 76' lang='grc' dir='ltr'>μὴ</span> <span class='ocrx_word' id='word_1_277' title='bbox 588 3517 685 3581; x_wconf 75' lang='grc' dir='ltr'>τῆς</span> <span class='ocrx_word' id='word_1_278' title='bbox 716 3513 957 3577; x_wconf 68' lang='grc' dir='ltr'>ἔξουσίας</span> <span class='ocrx_word' id='word_1_279' title='bbox 984 3511 1236 3579; x_wconf 84' lang='grc' dir='ltr'>φροντίδα</span> <span class='ocrx_word' id='word_1_280' title='bbox 1264 3508 1509 3575; x_wconf 61' lang='grc' dir='ltr'>θέμενος</span> <span class='ocrx_word' id='word_1_281' title='bbox 1548 3507 1611 3557; x_wconf 86' lang='grc' dir='ltr'>Τί</span> <span class='ocrx_word' id='word_1_282' title='bbox 1635 3507 1691 3557; x_wconf 77' lang='grc' dir='ltr'>δὲ</span> <span class='ocrx_word' id='word_1_283' title='bbox 1718 3508 1875 3571; x_wconf 72' lang='grc' dir='ltr'>ἡνίκα</span> 
     </span>
    </p>
   </div>
   <div class='ocr_carea' id='block_1_38' title="bbox 329 3597 1874 3672">
    <p class='ocr_par' dir='ltr' id='par_1_38' title="bbox 329 3597 1874 3672">
     <span class='ocr_line' id='line_1_38' title="bbox 329 3597 1874 3672; baseline -0.008 -14"><span class='ocrx_word' id='word_1_284' title='bbox 329 3610 377 3658; x_wconf 78' lang='grc' dir='ltr'>τ’</span> <span class='ocrx_word' id='word_1_285' title='bbox 412 3607 604 3672; x_wconf 79' lang='grc' dir='ltr'>ἀληθὲς</span> <span class='ocrx_word' id='word_1_286' title='bbox 628 3608 828 3669; x_wconf 77' lang='grc' dir='ltr'>ἐξείποι</span> <span class='ocrx_word' id='word_1_287' title='bbox 856 3622 959 3662; x_wconf 86' lang='grc' dir='ltr'>τις,</span> <span class='ocrx_word' id='word_1_288' title='bbox 988 3600 1229 3670; x_wconf 81' lang='grc' dir='ltr'>βασιλεύ,</span> <span class='ocrx_word' id='word_1_289' title='bbox 1252 3601 1457 3668; x_wconf 77' lang='grc' dir='ltr'>εἴρηκε,</span> <span class='ocrx_word' id='word_1_290' title='bbox 1488 3598 1581 3649; x_wconf 74' lang='grc' dir='ltr'><strong>καὶ</strong></span> <span class='ocrx_word' id='word_1_291' title='bbox 1612 3599 1667 3648; x_wconf 78' lang='grc' dir='ltr'><strong>σὲ</strong></span> <span class='ocrx_word' id='word_1_292' title='bbox 1695 3597 1874 3665; x_wconf 80' lang='grc' dir='ltr'>δεήσει</span> 
     </span>
    </p>
   </div>
   <div class='ocr_carea' id='block_1_39' title="bbox 330 3686 1875 3766">
    <p class='ocr_par' dir='ltr' id='par_1_39' title="bbox 330 3686 1875 3766">
     <span class='ocr_line' id='line_1_39' title="bbox 330 3686 1875 3766; baseline -0.008 -17"><span class='ocrx_word' id='word_1_293' title='bbox 330 3700 641 3766; x_wconf 72' lang='grc' dir='ltr'>παραυτίκα</span> <span class='ocrx_word' id='word_1_294' title='bbox 675 3697 831 3765; x_wconf 75' lang='grc' dir='ltr'>χολᾷν</span> <span class='ocrx_word' id='word_1_295' title='bbox 863 3712 877 3758; x_wconf 84' lang='lat'>;</span> <span class='ocrx_word' id='word_1_296' title='bbox 915 3690 1043 3746; x_wconf 78' lang='grc' dir='ltr'>Εἶτα</span> <span class='ocrx_word' id='word_1_297' title='bbox 1076 3694 1169 3745; x_wconf 75' lang='grc' dir='ltr'><strong>καὶ</strong></span> <span class='ocrx_word' id='word_1_298' title='bbox 1202 3692 1337 3760; x_wconf 77' lang='grc' dir='ltr'>πρὸς</span> <span class='ocrx_word' id='word_1_299' title='bbox 1385 3693 1509 3750; x_wconf 75' lang='grc' dir='ltr'>τοὺς</span> <span class='ocrx_word' id='word_1_300' title='bbox 1543 3686 1875 3756; x_wconf 77' lang='grc' dir='ltr'>παρεστηκό-</span> 
     </span>
    </p>
   </div>
   <div class='ocr_carea' id='block_1_40' title="bbox 332 3776 1873 3854">
    <p class='ocr_par' dir='ltr' id='par_1_40' title="bbox 332 3776 1873 3854">
     <span class='ocr_line' id='line_1_40' title="bbox 332 3776 1873 3854; baseline -0.01 -13"><span class='ocrx_word' id='word_1_301' title='bbox 332 3808 427 3850; x_wconf 82' lang='grc' dir='ltr'><strong>τας</strong></span> <span class='ocrx_word' id='word_1_302' title='bbox 491 3788 881 3854; x_wconf 75' lang='grc' dir='ltr'>συγκλητικοὺς</span> <span class='ocrx_word' id='word_1_303' title='bbox 910 3784 1136 3846; x_wconf 83' lang='grc' dir='ltr'>ἀπιδὼν,</span> <span class='ocrx_word' id='word_1_304' title='bbox 1170 3783 1261 3835; x_wconf 71' lang='grc' dir='ltr'><strong>Μὰ</strong></span> <span class='ocrx_word' id='word_1_305' title='bbox 1287 3782 1383 3850; x_wconf 74' lang='grc' dir='ltr'>τὴν</span> <span class='ocrx_word' id='word_1_306' title='bbox 1415 3779 1706 3846; x_wconf 81' lang='grc' dir='ltr'>σωτηρίαν,</span> <span class='ocrx_word' id='word_1_307' title='bbox 1747 3776 1873 3843; x_wconf 73' lang='grc' dir='ltr'>ἔφη,</span> 
     </span>
    </p>
   </div>
   <div class='ocr_carea' id='block_1_41' title="bbox 336 3869 1876 3946">
    <p class='ocr_par' dir='ltr' id='par_1_41' title="bbox 336 3869 1876 3946">
     <span class='ocr_line' id='line_1_41' title="bbox 336 3869 1876 3946; baseline -0.009 -16"><span class='ocrx_word' id='word_1_308' title='bbox 336 3883 552 3936; x_wconf 77' lang='grc' dir='ltr'>τάντων</span> <span class='ocrx_word' id='word_1_309' title='bbox 606 3878 778 3946; x_wconf 85' lang='grc' dir='ltr'>ὑμῶν,</span> <span class='ocrx_word' id='word_1_310' title='bbox 816 3877 968 3928; x_wconf 74' lang='grc' dir='ltr'>οὐδὲν</span> <span class='ocrx_word' id='word_1_311' title='bbox 1001 3876 1079 3927; x_wconf 85' lang='grc' dir='ltr'><strong>δεῖ</strong></span> <span class='ocrx_word' id='word_1_312' title='bbox 1107 3874 1332 3940; x_wconf 80' lang='grc' dir='ltr'>τοιούτῳ</span> <span class='ocrx_word' id='word_1_313' title='bbox 1382 3871 1534 3937; x_wconf 80' lang='grc' dir='ltr'>ἀνδρὶ</span> <span class='ocrx_word' id='word_1_314' title='bbox 1586 3869 1876 3936; x_wconf 82' lang='grc' dir='ltr'>ἀποκρίνε-</span> 
     </span>
    </p>
   </div>
   <div class='ocr_carea' id='block_1_42' title="bbox 337 3958 1879 4036">
    <p class='ocr_par' dir='ltr' id='par_1_42' title="bbox 337 3958 1879 4036">
     <span class='ocr_line' id='line_1_42' title="bbox 337 3958 1879 4036; baseline -0.01 -13"><span class='ocrx_word' id='word_1_315' title='bbox 337 3973 482 4023; x_wconf 82' lang='grc' dir='ltr'>σθαι.</span> <span class='ocrx_word' id='word_1_316' title='bbox 528 3969 633 4020; x_wconf 74' lang='grc' dir='ltr'><strong>Ποῦ</strong></span> <span class='ocrx_word' id='word_1_317' title='bbox 665 3968 773 4036; x_wconf 88' lang='grc' dir='ltr'>γὰρ</span> <span class='ocrx_word' id='word_1_318' title='bbox 800 3966 863 4019; x_wconf 82' lang='grc' dir='ltr'>ἂν</span> <span class='ocrx_word' id='word_1_319' title='bbox 906 3968 998 4017; x_wconf 69' lang='grc' dir='ltr'>καὶ</span> <span class='ocrx_word' id='word_1_320' title='bbox 1047 3964 1221 4031; x_wconf 81' lang='grc' dir='ltr'>ἀληθῆ</span> <span class='ocrx_word' id='word_1_321' title='bbox 1253 3963 1408 4027; x_wconf 86' lang='grc' dir='ltr'>λόγον</span> <span class='ocrx_word' id='word_1_322' title='bbox 1444 3961 1640 4029; x_wconf 78' lang='grc' dir='ltr'>μανίας</span> <span class='ocrx_word' id='word_1_323' title='bbox 1669 3958 1879 4021; x_wconf 78' lang='grc' dir='ltr'>δέξαιτο</span> 
     </span>
    </p>
   </div>
   <div class='ocr_carea' id='block_1_43' title="bbox 333 4046 1876 4127">
    <p class='ocr_par' dir='ltr' id='par_1_43' title="bbox 333 4046 1876 4127">
     <span class='ocr_line' id='line_1_43' title="bbox 333 4046 1876 4127; baseline -0.009 -15"><span class='ocrx_word' id='word_1_324' title='bbox 333 4059 732 4127; x_wconf 61' lang='grc' dir='ltr'>πεπληρωμένη</span> <span class='ocrx_word' id='word_1_325' title='bbox 766 4057 908 4123; x_wconf 69' lang='grc' dir='ltr'>ψυχή</span> <span class='ocrx_word' id='word_1_326' title='bbox 936 4072 948 4117; x_wconf 86' lang='grc'>;</span> <span class='ocrx_word' id='word_1_327' title='bbox 990 4057 1110 4105; x_wconf 78' lang='grc' dir='ltr'><strong>Ἐπὶ</strong></span> <span class='ocrx_word' id='word_1_328' title='bbox 1138 4054 1345 4113; x_wconf 76' lang='grc' dir='ltr'>τούτοις</span> <span class='ocrx_word' id='word_1_329' title='bbox 1374 4056 1401 4102; x_wconf 87' lang='lat'><strong>6</strong></span> <span class='ocrx_word' id='word_1_330' title='bbox 1433 4052 1686 4119; x_wconf 82' lang='grc' dir='ltr'>τύραννος</span> <span class='ocrx_word' id='word_1_331' title='bbox 1710 4046 1876 4116; x_wconf 76' lang='grc' dir='ltr'>θυμοῦ</span> 
     </span>
    </p>
   </div>
   <div class='ocr_carea' id='block_1_44' title="bbox 334 4140 1875 4215">
    <p class='ocr_par' dir='ltr' id='par_1_44' title="bbox 334 4140 1875 4215">
     <span class='ocr_line' id='line_1_44' title="bbox 334 4140 1875 4215; baseline -0.008 -13"><span class='ocrx_word' id='word_1_332' title='bbox 334 4154 470 4201; x_wconf 63' lang='grc' dir='ltr'>κατα</span> <span class='ocrx_word' id='word_1_333' title='bbox 490 4151 585 4215; x_wconf 75' lang='grc' dir='ltr'>τὴν</span> <span class='ocrx_word' id='word_1_334' title='bbox 604 4148 881 4215; x_wconf 73' lang='grc' dir='ltr'>όμοίωτιν,</span> <span class='ocrx_word' id='word_1_335' title='bbox 910 4147 982 4206; x_wconf 82' lang='grc' dir='ltr'><strong>ὡς</strong></span> <span class='ocrx_word' id='word_1_336' title='bbox 1001 4144 1159 4196; x_wconf 73' lang='grc' dir='ltr'>Δαυτδ</span> <span class='ocrx_word' id='word_1_337' title='bbox 1180 4144 1206 4194; x_wconf 93' lang='lat'><strong>6</strong></span> <span class='ocrx_word' id='word_1_338' title='bbox 1228 4144 1365 4202; x_wconf 89' lang='grc' dir='ltr'>θεῖος</span> <span class='ocrx_word' id='word_1_339' title='bbox 1394 4143 1545 4208; x_wconf 73' lang='grc' dir='ltr'>φησὶ,</span> <span class='ocrx_word' id='word_1_340' title='bbox 1572 4140 1663 4190; x_wconf 71' lang='grc' dir='ltr'>τοῦ</span> <span class='ocrx_word' id='word_1_341' title='bbox 1682 4140 1875 4205; x_wconf 69' lang='grc' dir='ltr'>ὄφεως,</span> 
     </span>
    </p>
   </div>
   <div class='ocr_carea' id='block_1_45' title="bbox 337 4231 1875 4307">
    <p class='ocr_par' dir='ltr' id='par_1_45' title="bbox 337 4231 1875 4307">
     <span class='ocr_line' id='line_1_45' title="bbox 337 4231 1875 4307; baseline -0.008 -15"><span class='ocrx_word' id='word_1_342' title='bbox 337 4240 675 4307; x_wconf 82' lang='grc' dir='ltr'>στρατιώτας</span> <span class='ocrx_word' id='word_1_343' title='bbox 711 4238 901 4302; x_wconf 77' lang='grc' dir='ltr'>στῆναι</span> <span class='ocrx_word' id='word_1_344' title='bbox 965 4236 1070 4303; x_wconf 84' lang='grc' dir='ltr'>πρὸ</span> <span class='ocrx_word' id='word_1_345' title='bbox 1121 4235 1228 4284; x_wconf 89' lang='grc' dir='ltr'><strong>τῶν</strong></span> <span class='ocrx_word' id='word_1_346' title='bbox 1280 4231 1454 4299; x_wconf 81' lang='grc' dir='ltr'>θυρῶν</span> <span class='ocrx_word' id='word_1_347' title='bbox 1504 4231 1875 4296; x_wconf 82' lang='grc' dir='ltr'>ὲγκελεύεται,</span> 
     </span>
    </p>
   </div>
   <div class='ocr_carea' id='block_1_46' title="bbox 331 4320 1877 4392">
    <p class='ocr_par' dir='ltr' id='par_1_46' title="bbox 331 4320 1877 4392">
     <span class='ocr_line' id='line_1_46' title="bbox 331 4320 1877 4392; baseline -0.008 -11"><span class='ocrx_word' id='word_1_348' title='bbox 331 4332 471 4381; x_wconf 76' lang='grc' dir='ltr'>ὥστε</span> <span class='ocrx_word' id='word_1_349' title='bbox 501 4329 620 4387; x_wconf 69' lang='grc' dir='ltr'>τοὺς</span> <span class='ocrx_word' id='word_1_350' title='bbox 659 4326 1027 4391; x_wconf 78' lang='grc' dir='ltr'>ἀντιλέγοντας</span> <span class='ocrx_word' id='word_1_351' title='bbox 1052 4323 1215 4392; x_wconf 77' lang='grc' dir='ltr'>αὐτῷ,</span> <span class='ocrx_word' id='word_1_352' title='bbox 1251 4321 1344 4374; x_wconf 66' lang='grc' dir='ltr'>καὶ</span> <span class='ocrx_word' id='word_1_353' title='bbox 1384 4320 1596 4388; x_wconf 80' lang='grc' dir='ltr'>πρῶτόν</span> <span class='ocrx_word' id='word_1_354' title='bbox 1636 4335 1699 4385; x_wconf 81' lang='grc' dir='ltr'><strong>γε</strong></span> <span class='ocrx_word' id='word_1_355' title='bbox 1738 4320 1877 4370; x_wconf 74' lang='grc' dir='ltr'>πάν-</span> 
     </span>
    </p>
   </div>
   <div class='ocr_carea' id='block_1_47' title="bbox 332 4409 1882 4483">
    <p class='ocr_par' dir='ltr' id='par_1_47' title="bbox 332 4409 1882 4483">
     <span class='ocr_line' id='line_1_47' title="bbox 332 4409 1882 4483; baseline -0.006 -15"><span class='ocrx_word' id='word_1_356' title='bbox 332 4418 823 4483; x_wconf 76' lang='grc' dir='ltr'>τωνἚλπιδιφόρον</span> <span class='ocrx_word' id='word_1_357' title='bbox 883 4414 1023 4481; x_wconf 82' lang='grc' dir='ltr'>ξίφει</span> <span class='ocrx_word' id='word_1_358' title='bbox 1075 4409 1515 4480; x_wconf 78' lang='grc' dir='ltr'>διαχειρίσασθαι.</span> <span class='ocrx_word' id='word_1_359' title='bbox 1549 4410 1882 4476; x_wconf 77' lang='grc' dir='ltr'>Καλλίστρα-</span> 
     </span>
    </p>
   </div>
   <div class='ocr_carea' id='block_1_48' title="bbox 1970 628 3504 700">
    <p class='ocr_par' dir='ltr' id='par_1_48' title="bbox 1970 628 3504 700">
     <span class='ocr_line' id='line_1_48' title="bbox 1970 628 3504 700; baseline 0.003 -21"><span class='ocrx_word' id='word_1_360' title='bbox 1970 636 2111 680; x_wconf 89' lang='lat' dir='ltr'><strong>trare</strong></span> <span class='ocrx_word' id='word_1_361' title='bbox 2142 628 2399 682; x_wconf 86' lang='lat' dir='ltr'><strong>adversus</strong></span> <span class='ocrx_word' id='word_1_362' title='bbox 2428 630 2525 685; x_wconf 88' lang='lat' dir='ltr'><strong>hos</strong></span> <span class='ocrx_word' id='word_1_363' title='bbox 2560 630 2797 700; x_wconf 79' lang='lat' dir='ltr'><strong>impios?</strong></span> <span class='ocrx_word' id='word_1_364' title='bbox 2829 630 3060 685; x_wconf 88' lang='lat' dir='ltr'><strong>Sanctus</strong></span> <span class='ocrx_word' id='word_1_365' title='bbox 3093 644 3222 683; x_wconf 84' lang='lat' dir='ltr'><strong>vero</strong></span> <span class='ocrx_word' id='word_1_366' title='bbox 3281 646 3504 697; x_wconf 85' lang='lat' dir='ltr'><strong>respon-</strong></span> 
     </span>
    </p>
   </div>
   <div class='ocr_carea' id='block_1_49' title="bbox 1966 717 3505 789">
    <p class='ocr_par' dir='ltr' id='par_1_49' title="bbox 1966 717 3505 789">
     <span class='ocr_line' id='line_1_49' title="bbox 1966 717 3505 789; baseline 0.003 -20"><span class='ocrx_word' id='word_1_367' title='bbox 1966 717 2079 769; x_wconf 90' lang='lat' dir='ltr'><strong>dit:</strong></span> <span class='ocrx_word' id='word_1_368' title='bbox 2116 717 2170 770; x_wconf 88' lang='lat' dir='ltr'><strong>Si</strong></span> <span class='ocrx_word' id='word_1_369' title='bbox 2202 717 2305 771; x_wconf 82' lang='lat' dir='ltr'><strong>hoc</strong></span> <span class='ocrx_word' id='word_1_370' title='bbox 2332 718 2426 771; x_wconf 88' lang='lat' dir='ltr'><strong>tibi</strong></span> <span class='ocrx_word' id='word_1_371' title='bbox 2454 720 2666 774; x_wconf 89' lang='lat' dir='ltr'><strong>videtur</strong></span> <span class='ocrx_word' id='word_1_372' title='bbox 2695 736 2981 789; x_wconf 89' lang='lat' dir='ltr'><strong>operosum</strong></span> <span class='ocrx_word' id='word_1_373' title='bbox 3012 736 3073 774; x_wconf 90' lang='lat' dir='ltr'><strong>ac</strong></span> <span class='ocrx_word' id='word_1_374' title='bbox 3094 720 3331 778; x_wconf 78' lang='lat' dir='ltr'><strong>diliicile.</strong></span> <span class='ocrx_word' id='word_1_375' title='bbox 3363 720 3505 782; x_wconf 87' lang='lat' dir='ltr'><strong>sine,</strong></span> 
     </span>
    </p>
   </div>
   <div class='ocr_carea' id='block_1_50' title="bbox 1968 808 3505 874">
    <p class='ocr_par' dir='ltr' id='par_1_50' title="bbox 1968 808 3505 874">
     <span class='ocr_line' id='line_1_50' title="bbox 1968 808 3505 874; baseline -0.001 -14"><span class='ocrx_word' id='word_1_376' title='bbox 1968 808 2157 874; x_wconf 88' lang='lat' dir='ltr'><strong>inquit,</strong></span> <span class='ocrx_word' id='word_1_377' title='bbox 2207 823 2298 861; x_wconf 88' lang='lat' dir='ltr'><strong>eos</strong></span> <span class='ocrx_word' id='word_1_378' title='bbox 2352 824 2449 863; x_wconf 79' lang='lat' dir='ltr'><strong>sua</strong></span> <span class='ocrx_word' id='word_1_379' title='bbox 2487 810 2637 864; x_wconf 87' lang='lat' dir='ltr'><strong>abire</strong></span> <span class='ocrx_word' id='word_1_380' title='bbox 2706 813 3000 864; x_wconf 74' lang='lat' dir='ltr'><strong>voluntate.</strong></span> <span class='ocrx_word' id='word_1_381' title='bbox 3076 810 3505 863; x_wconf 78' lang='lat' dir='ltr'><strong>humanissimus</strong></span> 
     </span>
    </p>
   </div>
   <div class='ocr_carea' id='block_1_51' title="bbox 1967 898 3510 968">
    <p class='ocr_par' dir='ltr' id='par_1_51' title="bbox 1967 898 3510 968">
     <span class='ocr_line' id='line_1_51' title="bbox 1967 898 3510 968; baseline -0.001 -18"><span class='ocrx_word' id='word_1_382' title='bbox 1967 913 2094 951; x_wconf 89' lang='lat' dir='ltr'><strong>vero</strong></span> <span class='ocrx_word' id='word_1_383' title='bbox 2140 898 2407 966; x_wconf 89' lang='lat' dir='ltr'><strong>Saporcs:</strong></span> <span class='ocrx_word' id='word_1_384' title='bbox 2455 899 2558 953; x_wconf 88' lang='lat' dir='ltr'><strong>Sed</strong></span> <span class='ocrx_word' id='word_1_385' title='bbox 2592 909 2873 968; x_wconf 89' lang='lat' dir='ltr'><strong>quantum,</strong></span> <span class='ocrx_word' id='word_1_386' title='bbox 2916 899 3111 966; x_wconf 89' lang='lat' dir='ltr'><strong>inquit.</strong></span> <span class='ocrx_word' id='word_1_387' title='bbox 3156 899 3252 950; x_wconf 91' lang='lat' dir='ltr'><strong>das</strong></span> <span class='ocrx_word' id='word_1_388' title='bbox 3297 912 3361 950; x_wconf 88' lang='lat' dir='ltr'><strong>ex</strong></span> <span class='ocrx_word' id='word_1_389' title='bbox 3406 898 3510 948; x_wconf 70' lang='grc' dir='ltr'><strong>ἐἰς</strong></span> 
     </span>
    </p>
   </div>
   <div class='ocr_carea' id='block_1_52' title="bbox 1966 990 3500 1058">
    <p class='ocr_par' dir='ltr' id='par_1_52' title="bbox 1966 990 3500 1058">
     <span class='ocr_line' id='line_1_52' title="bbox 1966 990 3500 1058; baseline -0.003 -18"><span class='ocrx_word' id='word_1_390' title='bbox 1966 990 2144 1041; x_wconf 84' lang='lat' dir='ltr'><strong>verbis</strong></span> <span class='ocrx_word' id='word_1_391' title='bbox 2178 990 2599 1058; x_wconf 86' lang='lat' dir='ltr'><strong>conjiciendum,</strong></span> <span class='ocrx_word' id='word_1_392' title='bbox 2632 990 2832 1045; x_wconf 90' lang='lat' dir='ltr'><strong>videris</strong></span> <span class='ocrx_word' id='word_1_393' title='bbox 2856 991 2959 1042; x_wconf 84' lang='lat' dir='ltr'><strong>illis</strong></span> <span class='ocrx_word' id='word_1_394' title='bbox 2982 991 3185 1058; x_wconf 80' lang='lat' dir='ltr'><strong>potius.</strong></span> <span class='ocrx_word' id='word_1_395' title='bbox 3218 1002 3378 1054; x_wconf 82' lang='lat' dir='ltr'><strong>quam</strong></span> <span class='ocrx_word' id='word_1_396' title='bbox 3408 1002 3500 1037; x_wconf 63' lang='lat' dir='ltr'><strong>nc-</strong></span> 
     </span>
    </p>
   </div>
   <div class='ocr_carea' id='block_1_53' title="bbox 1966 1078 3502 1144">
    <p class='ocr_par' dir='ltr' id='par_1_53' title="bbox 1966 1078 3502 1144">
     <span class='ocr_line' id='line_1_53' title="bbox 1966 1078 3502 1144; baseline -0.003 -9"><span class='ocrx_word' id='word_1_397' title='bbox 1966 1081 2069 1144; x_wconf 85' lang='lat' dir='ltr'><strong>bis.</strong></span> <span class='ocrx_word' id='word_1_398' title='bbox 2101 1081 2395 1135; x_wconf 76' lang='lat' dir='ltr'><strong>adhaerere.</strong></span> <span class='ocrx_word' id='word_1_399' title='bbox 2451 1082 2582 1135; x_wconf 84' lang='lat' dir='ltr'><strong>Nam</strong></span> <span class='ocrx_word' id='word_1_400' title='bbox 2630 1082 2759 1135; x_wconf 91' lang='lat' dir='ltr'><strong>mihi</strong></span> <span class='ocrx_word' id='word_1_401' title='bbox 2810 1081 2974 1134; x_wconf 87' lang='lat' dir='ltr'><strong>verba</strong></span> <span class='ocrx_word' id='word_1_402' title='bbox 3026 1080 3385 1133; x_wconf 75' lang='lat' dir='ltr'><strong>communiter</strong></span> <span class='ocrx_word' id='word_1_403' title='bbox 3439 1078 3502 1131; x_wconf 84' lang='lat' dir='ltr'><strong>ad</strong></span> 
     </span>
    </p>
   </div>
   <div class='ocr_carea' id='block_1_54' title="bbox 1965 1173 3507 1241">
    <p class='ocr_par' dir='ltr' id='par_1_54' title="bbox 1965 1173 3507 1241">
     <span class='ocr_line' id='line_1_54' title="bbox 1965 1173 3507 1241; baseline -0.005 -14"><span class='ocrx_word' id='word_1_404' title='bbox 1965 1189 2154 1227; x_wconf 91' lang='lat' dir='ltr'><strong>omnes</strong></span> <span class='ocrx_word' id='word_1_405' title='bbox 2190 1173 2424 1235; x_wconf 76' lang='lat' dir='ltr'><strong>facienti,</strong></span> <span class='ocrx_word' id='word_1_406' title='bbox 2454 1174 2566 1241; x_wconf 85' lang='lat' dir='ltr'><strong>ipse</strong></span> <span class='ocrx_word' id='word_1_407' title='bbox 2600 1175 2745 1226; x_wconf 89' lang='lat' dir='ltr'><strong>solus</strong></span> <span class='ocrx_word' id='word_1_408' title='bbox 2774 1174 2870 1226; x_wconf 90' lang='lat' dir='ltr'><strong>das</strong></span> <span class='ocrx_word' id='word_1_409' title='bbox 2918 1186 3173 1239; x_wconf 89' lang='lat' dir='ltr'><strong>responsa</strong></span> <span class='ocrx_word' id='word_1_410' title='bbox 3207 1210 3221 1231; x_wconf 92' lang='lat'><strong>,</strong></span> <span class='ocrx_word' id='word_1_411' title='bbox 3274 1179 3329 1223; x_wconf 88' lang='lat' dir='ltr'><strong>et</strong></span> <span class='ocrx_word' id='word_1_412' title='bbox 3378 1183 3507 1237; x_wconf 77' lang='lat' dir='ltr'><strong>sug-</strong></span> 
     </span>
    </p>
   </div>
   <div class='ocr_carea' id='block_1_55' title="bbox 1966 1263 3155 1334">
    <p class='ocr_par' dir='ltr' id='par_1_55' title="bbox 1966 1263 3155 1334">
     <span class='ocr_line' id='line_1_55' title="bbox 1966 1263 3155 1334; baseline -0.003 -17"><span class='ocrx_word' id='word_1_413' title='bbox 1966 1267 2127 1334; x_wconf 89' lang='lat' dir='ltr'><strong>geris,</strong></span> <span class='ocrx_word' id='word_1_414' title='bbox 2174 1276 2233 1317; x_wconf 92' lang='lat' dir='ltr'><strong>ut</strong></span> <span class='ocrx_word' id='word_1_415' title='bbox 2266 1265 2459 1333; x_wconf 81' lang='lat' dir='ltr'><strong>impios</strong></span> <span class='ocrx_word' id='word_1_416' title='bbox 2507 1264 2804 1331; x_wconf 86' lang='lat' dir='ltr'><strong>relinquam</strong></span> <span class='ocrx_word' id='word_1_417' title='bbox 2840 1263 3155 1331; x_wconf 90' lang='lat' dir='ltr'><strong>impunitos.</strong></span> 
     </span>
    </p>
   </div>
   <div class='ocr_carea' id='block_1_56' title="bbox 2040 1350 3502 1424">
    <p class='ocr_par' dir='ltr' id='par_1_56' title="bbox 2040 1350 3502 1424">
     <span class='ocr_line' id='line_1_56' title="bbox 2040 1350 3502 1424; baseline -0.005 -15"><span class='ocrx_word' id='word_1_418' title='bbox 2040 1357 2151 1410; x_wconf 70' lang='lat' dir='ltr'><strong>XV.</strong></span> <span class='ocrx_word' id='word_1_419' title='bbox 2191 1356 2283 1408; x_wconf 87' lang='lat' dir='ltr'><strong>llis</strong></span> <span class='ocrx_word' id='word_1_420' title='bbox 2333 1359 2409 1408; x_wconf 87' lang='lat' dir='ltr'><strong>sic</strong></span> <span class='ocrx_word' id='word_1_421' title='bbox 2439 1372 2466 1407; x_wconf 89' lang='lat' dir='ltr'><strong>a</strong></span> <span class='ocrx_word' id='word_1_422' title='bbox 2496 1356 2724 1424; x_wconf 90' lang='lat' dir='ltr'><strong>Saporio</strong></span> <span class='ocrx_word' id='word_1_423' title='bbox 2782 1356 2943 1407; x_wconf 89' lang='lat' dir='ltr'><strong>dictis</strong></span> <span class='ocrx_word' id='word_1_424' title='bbox 2995 1370 3117 1408; x_wconf 91' lang='lat' dir='ltr'><strong>cum</strong></span> <span class='ocrx_word' id='word_1_425' title='bbox 3172 1350 3502 1417; x_wconf 82' lang='lat' dir='ltr'><strong>suspicione,</strong></span> 
     </span>
    </p>
   </div>
   <div class='ocr_carea' id='block_1_57' title="bbox 1970 1443 3509 1514">
    <p class='ocr_par' dir='ltr' id='par_1_57' title="bbox 1970 1443 3509 1514">
     <span class='ocr_line' id='line_1_57' title="bbox 1970 1443 3509 1514; baseline -0.007 -12"><span class='ocrx_word' id='word_1_426' title='bbox 1970 1450 2157 1502; x_wconf 89' lang='lat' dir='ltr'><strong>beatus</strong></span> <span class='ocrx_word' id='word_1_427' title='bbox 2189 1448 2611 1514; x_wconf 86' lang='lat' dir='ltr'><strong>Elpidephorus:</strong></span> <span class='ocrx_word' id='word_1_428' title='bbox 2645 1446 2914 1510; x_wconf 84' lang='lat' dir='ltr'><strong>Quoniam</strong></span> <span class='ocrx_word' id='word_1_429' title='bbox 2950 1460 3091 1505; x_wconf 88' lang='lat' dir='ltr'><strong>sum,</strong></span> <span class='ocrx_word' id='word_1_430' title='bbox 3133 1446 3327 1508; x_wconf 89' lang='lat' dir='ltr'><strong>inquit.</strong></span> <span class='ocrx_word' id='word_1_431' title='bbox 3361 1443 3509 1508; x_wconf 88' lang='lat' dir='ltr'><strong>prin-</strong></span> 
     </span>
    </p>
   </div>
   <div class='ocr_carea' id='block_1_58' title="bbox 1969 1536 3510 1607">
    <p class='ocr_par' dir='ltr' id='par_1_58' title="bbox 1969 1536 3510 1607">
     <span class='ocr_line' id='line_1_58' title="bbox 1969 1536 3510 1607; baseline -0.008 -13"><span class='ocrx_word' id='word_1_432' title='bbox 1969 1556 2097 1607; x_wconf 86' lang='lat' dir='ltr'><strong>ceps</strong></span> <span class='ocrx_word' id='word_1_433' title='bbox 2155 1548 2393 1600; x_wconf 90' lang='lat' dir='ltr'><strong>senatus,</strong></span> <span class='ocrx_word' id='word_1_434' title='bbox 2431 1539 2484 1591; x_wconf 98' lang='lat' dir='ltr'><strong>hi</strong></span> <span class='ocrx_word' id='word_1_435' title='bbox 2516 1539 2647 1589; x_wconf 87' lang='lat' dir='ltr'><strong>mihi</strong></span> <span class='ocrx_word' id='word_1_436' title='bbox 2682 1537 2883 1589; x_wconf 89' lang='lat' dir='ltr'><strong>merito</strong></span> <span class='ocrx_word' id='word_1_437' title='bbox 2932 1536 3240 1588; x_wconf 88' lang='lat' dir='ltr'><strong>concedunt</strong></span> <span class='ocrx_word' id='word_1_438' title='bbox 3277 1547 3510 1598; x_wconf 81' lang='lat' dir='ltr'><strong>prmium</strong></span> 
     </span>
    </p>
   </div>
   <div class='ocr_carea' id='block_1_59' title="bbox 1972 1622 3510 1694">
    <p class='ocr_par' dir='ltr' id='par_1_59' title="bbox 1972 1622 3510 1694">
     <span class='ocr_line' id='line_1_59' title="bbox 1972 1622 3510 1694; baseline -0.008 -11"><span class='ocrx_word' id='word_1_439' title='bbox 1972 1630 2187 1683; x_wconf 91' lang='lat' dir='ltr'><strong>dicendi</strong></span> <span class='ocrx_word' id='word_1_440' title='bbox 2215 1631 2411 1683; x_wconf 92' lang='lat' dir='ltr'><strong>locum.</strong></span> <span class='ocrx_word' id='word_1_441' title='bbox 2442 1628 2545 1681; x_wconf 85' lang='lat' dir='ltr'><strong>Sed</strong></span> <span class='ocrx_word' id='word_1_442' title='bbox 2574 1628 2609 1680; x_wconf 88' lang='lat' dir='ltr'><strong>ii</strong></span> <span class='ocrx_word' id='word_1_443' title='bbox 2641 1642 2857 1694; x_wconf 85' lang='lat' dir='ltr'><strong>quoque</strong></span> <span class='ocrx_word' id='word_1_444' title='bbox 2882 1626 3086 1681; x_wconf 84' lang='lat' dir='ltr'><strong>dicant.</strong></span> <span class='ocrx_word' id='word_1_445' title='bbox 3112 1624 3254 1690; x_wconf 83' lang='lat' dir='ltr'><strong>quod</strong></span> <span class='ocrx_word' id='word_1_446' title='bbox 3296 1622 3510 1675; x_wconf 89' lang='lat' dir='ltr'><strong>videtur</strong></span> 
     </span>
    </p>
   </div>
   <div class='ocr_carea' id='block_1_60' title="bbox 1971 1716 3510 1790">
    <p class='ocr_par' dir='ltr' id='par_1_60' title="bbox 1971 1716 3510 1790">
     <span class='ocr_line' id='line_1_60' title="bbox 1971 1716 3510 1790; baseline -0.008 -15"><span class='ocrx_word' id='word_1_447' title='bbox 1971 1722 2296 1790; x_wconf 83' lang='lat' dir='ltr'><strong>unicuique,</strong></span> <span class='ocrx_word' id='word_1_448' title='bbox 2342 1720 2595 1789; x_wconf 91' lang='lat' dir='ltr'><strong>quoniam</strong></span> <span class='ocrx_word' id='word_1_449' title='bbox 2652 1720 2755 1780; x_wconf 86' lang='lat' dir='ltr'><strong>vis,</strong></span> <span class='ocrx_word' id='word_1_450' title='bbox 2802 1736 2833 1771; x_wconf 91' lang='grc' dir='ltr'><strong>ο</strong></span> <span class='ocrx_word' id='word_1_451' title='bbox 2877 1733 2990 1776; x_wconf 83' lang='lat' dir='ltr'><strong>rex.</strong></span> <span class='ocrx_word' id='word_1_452' title='bbox 3049 1716 3269 1769; x_wconf 88' lang='lat' dir='ltr'><strong>omnino</strong></span> <span class='ocrx_word' id='word_1_453' title='bbox 3323 1729 3510 1766; x_wconf 89' lang='lat' dir='ltr'><strong>verum</strong></span> 
     </span>
    </p>
   </div>
   <div class='ocr_carea' id='block_1_61' title="bbox 1971 1804 3512 1875">
    <p class='ocr_par' dir='ltr' id='par_1_61' title="bbox 1971 1804 3512 1875">
     <span class='ocr_line' id='line_1_61' title="bbox 1971 1804 3512 1875; baseline -0.008 -9"><span class='ocrx_word' id='word_1_454' title='bbox 1971 1813 2179 1866; x_wconf 85' lang='lat' dir='ltr'><strong>audire.</strong></span> <span class='ocrx_word' id='word_1_455' title='bbox 2225 1812 2451 1875; x_wconf 86' lang='lat' dir='ltr'><strong>Quidam</strong></span> <span class='ocrx_word' id='word_1_456' title='bbox 2504 1822 2682 1863; x_wconf 88' lang='lat' dir='ltr'><strong>autem</strong></span> <span class='ocrx_word' id='word_1_457' title='bbox 2712 1824 2853 1862; x_wconf 91' lang='lat' dir='ltr'><strong>unus</strong></span> <span class='ocrx_word' id='word_1_458' title='bbox 2880 1824 2945 1861; x_wconf 80' lang='lat' dir='ltr'><strong>ex</strong></span> <span class='ocrx_word' id='word_1_459' title='bbox 2998 1806 3363 1865; x_wconf 85' lang='lat' dir='ltr'><strong>senatoribus,</strong></span> <span class='ocrx_word' id='word_1_460' title='bbox 3417 1804 3512 1854; x_wconf 91' lang='lat' dir='ltr'><strong>ha-</strong></span> 
     </span>
    </p>
   </div>
   <div class='ocr_carea' id='block_1_62' title="bbox 1971 1894 3507 1967">
    <p class='ocr_par' dir='ltr' id='par_1_62' title="bbox 1971 1894 3507 1967">
     <span class='ocr_line' id='line_1_62' title="bbox 1971 1894 3507 1967; baseline -0.01 -8"><span class='ocrx_word' id='word_1_461' title='bbox 1971 1907 2101 1959; x_wconf 90' lang='lat' dir='ltr'><strong>bens</strong></span> <span class='ocrx_word' id='word_1_462' title='bbox 2162 1905 2391 1956; x_wconf 90' lang='lat' dir='ltr'><strong>animam</strong></span> <span class='ocrx_word' id='word_1_463' title='bbox 2444 1901 2626 1953; x_wconf 88' lang='lat' dir='ltr'><strong>divina</strong></span> <span class='ocrx_word' id='word_1_464' title='bbox 2684 1900 2853 1967; x_wconf 87' lang='lat' dir='ltr'><strong>gratia</strong></span> <span class='ocrx_word' id='word_1_465' title='bbox 2913 1898 3308 1949; x_wconf 83' lang='lat' dir='ltr'><strong>illuminatam:</strong></span> <span class='ocrx_word' id='word_1_466' title='bbox 3369 1894 3507 1957; x_wconf 90' lang='lat' dir='ltr'><strong>Quid</strong></span> 
     </span>
    </p>
   </div>
   <div class='ocr_carea' id='block_1_63' title="bbox 1968 1986 3508 2060">
    <p class='ocr_par' dir='ltr' id='par_1_63' title="bbox 1968 1986 3508 2060">
     <span class='ocr_line' id='line_1_63' title="bbox 1968 1986 3508 2060; baseline -0.011 -9"><span class='ocrx_word' id='word_1_467' title='bbox 1968 2012 2153 2051; x_wconf 79' lang='lat' dir='ltr'><strong>revera</strong></span> <span class='ocrx_word' id='word_1_468' title='bbox 2213 1996 2406 2047; x_wconf 91' lang='lat' dir='ltr'><strong>mirum</strong></span> <span class='ocrx_word' id='word_1_469' title='bbox 2468 2003 2573 2057; x_wconf 87' lang='lat' dir='ltr'><strong>est,</strong></span> <span class='ocrx_word' id='word_1_470' title='bbox 2611 1992 2804 2060; x_wconf 90' lang='lat' dir='ltr'><strong>inquit,</strong></span> <span class='ocrx_word' id='word_1_471' title='bbox 2834 2006 2865 2043; x_wconf 93' lang='grc' dir='ltr'><strong>ο</strong></span> <span class='ocrx_word' id='word_1_472' title='bbox 2896 2006 3006 2051; x_wconf 84' lang='lat' dir='ltr'><strong>rex,</strong></span> <span class='ocrx_word' id='word_1_473' title='bbox 3043 1989 3087 2041; x_wconf 91' lang='lat' dir='ltr'><strong>si</strong></span> <span class='ocrx_word' id='word_1_474' title='bbox 3118 1986 3508 2055; x_wconf 86' lang='lat' dir='ltr'><strong>Elpidcplioro,</strong></span> 
     </span>
    </p>
   </div>
   <div class='ocr_carea' id='block_1_64' title="bbox 1969 2079 3507 2157">
    <p class='ocr_par' dir='ltr' id='par_1_64' title="bbox 1969 2079 3507 2157">
     <span class='ocr_line' id='line_1_64' title="bbox 1969 2079 3507 2157; baseline -0.009 -16"><span class='ocrx_word' id='word_1_475' title='bbox 1969 2090 2061 2157; x_wconf 86' lang='lat' dir='ltr'><strong>qui</strong></span> <span class='ocrx_word' id='word_1_476' title='bbox 2110 2096 2194 2141; x_wconf 90' lang='lat' dir='ltr'><strong>est</strong></span> <span class='ocrx_word' id='word_1_477' title='bbox 2240 2086 2485 2153; x_wconf 79' lang='lat' dir='ltr'><strong>princeps</strong></span> <span class='ocrx_word' id='word_1_478' title='bbox 2540 2093 2782 2141; x_wconf 86' lang='lat' dir='ltr'><strong>senatus,</strong></span> <span class='ocrx_word' id='word_1_479' title='bbox 2818 2092 2873 2134; x_wconf 89' lang='lat' dir='ltr'><strong>et</strong></span> <span class='ocrx_word' id='word_1_480' title='bbox 2918 2081 3053 2133; x_wconf 90' lang='lat' dir='ltr'><strong>nihil</strong></span> <span class='ocrx_word' id='word_1_481' title='bbox 3113 2079 3381 2146; x_wconf 84' lang='lat' dir='ltr'><strong>insipiens</strong></span> <span class='ocrx_word' id='word_1_482' title='bbox 3423 2092 3507 2128; x_wconf 89' lang='lat' dir='ltr'><strong>re-</strong></span> 
     </span>
    </p>
   </div>
   <div class='ocr_carea' id='block_1_65' title="bbox 1971 2166 3509 2246">
    <p class='ocr_par' dir='ltr' id='par_1_65' title="bbox 1971 2166 3509 2246">
     <span class='ocr_line' id='line_1_65' title="bbox 1971 2166 3509 2246; baseline -0.01 -15"><span class='ocrx_word' id='word_1_483' title='bbox 1971 2178 2197 2246; x_wconf 82' lang='lat' dir='ltr'><strong>Spondet</strong></span> <span class='ocrx_word' id='word_1_484' title='bbox 2241 2186 2333 2228; x_wconf 82' lang='lat' dir='ltr'><strong>aut</strong></span> <span class='ocrx_word' id='word_1_485' title='bbox 2366 2175 2703 2233; x_wconf 89' lang='lat' dir='ltr'><strong>indecorum,</strong></span> <span class='ocrx_word' id='word_1_486' title='bbox 2737 2186 2836 2223; x_wconf 90' lang='lat' dir='ltr'><strong>nos</strong></span> <span class='ocrx_word' id='word_1_487' title='bbox 2878 2170 3086 2223; x_wconf 86' lang='lat' dir='ltr'><strong>discere</strong></span> <span class='ocrx_word' id='word_1_488' title='bbox 3118 2166 3509 2219; x_wconf 89' lang='lat' dir='ltr'><strong>concedimus?</strong></span> 
     </span>
    </p>
   </div>
   <div class='ocr_carea' id='block_1_66' title="bbox 1972 2254 3509 2329">
    <p class='ocr_par' dir='ltr' id='par_1_66' title="bbox 1972 2254 3509 2329">
     <span class='ocr_line' id='line_1_66' title="bbox 1972 2254 3509 2329; baseline -0.011 -9"><span class='ocrx_word' id='word_1_489' title='bbox 1972 2268 2081 2321; x_wconf 85' lang='lat' dir='ltr'><strong>Rex</strong></span> <span class='ocrx_word' id='word_1_490' title='bbox 2116 2276 2291 2317; x_wconf 86' lang='lat' dir='ltr'><strong>autem</strong></span> <span class='ocrx_word' id='word_1_491' title='bbox 2333 2280 2452 2315; x_wconf 90' lang='lat' dir='ltr'><strong>cum</strong></span> <span class='ocrx_word' id='word_1_492' title='bbox 2500 2262 2572 2326; x_wconf 89' lang='lat' dir='ltr'><strong>id,</strong></span> <span class='ocrx_word' id='word_1_493' title='bbox 2616 2261 2756 2329; x_wconf 84' lang='lat' dir='ltr'><strong>quod</strong></span> <span class='ocrx_word' id='word_1_494' title='bbox 2794 2269 2930 2319; x_wconf 90' lang='lat' dir='ltr'><strong>erat,</strong></span> <span class='ocrx_word' id='word_1_495' title='bbox 2985 2271 3172 2310; x_wconf 82' lang='lat' dir='ltr'><strong>revera</strong></span> <span class='ocrx_word' id='word_1_496' title='bbox 3205 2254 3509 2322; x_wconf 79' lang='lat' dir='ltr'><strong>deprehen-</strong></span> 
     </span>
    </p>
   </div>
   <div class='ocr_carea' id='block_1_67' title="bbox 1971 2354 3509 2421">
    <p class='ocr_par' dir='ltr' id='par_1_67' title="bbox 1971 2354 3509 2421">
     <span class='ocr_line' id='line_1_67' title="bbox 1971 2354 3509 2421; baseline -0.008 -10"><span class='ocrx_word' id='word_1_497' title='bbox 1971 2360 2173 2411; x_wconf 90' lang='lat' dir='ltr'><strong>disset:</strong></span> <span class='ocrx_word' id='word_1_498' title='bbox 2218 2357 2406 2417; x_wconf 79' lang='lat' dir='ltr'><strong>Video,</strong></span> <span class='ocrx_word' id='word_1_499' title='bbox 2440 2354 2636 2421; x_wconf 85' lang='lat' dir='ltr'><strong>inquit,</strong></span> <span class='ocrx_word' id='word_1_500' title='bbox 2676 2362 2908 2405; x_wconf 85' lang='lat' dir='ltr'><strong>vestram</strong></span> <span class='ocrx_word' id='word_1_501' title='bbox 2944 2360 3178 2404; x_wconf 88' lang='lat' dir='ltr'><strong>mentem</strong></span> <span class='ocrx_word' id='word_1_502' title='bbox 3232 2363 3339 2400; x_wconf 93' lang='lat' dir='ltr'><strong>non</strong></span> <span class='ocrx_word' id='word_1_503' title='bbox 3365 2356 3509 2398; x_wconf 90' lang='lat' dir='ltr'><strong>recte</strong></span> 
     </span>
    </p>
   </div>
   <div class='ocr_carea' id='block_1_68' title="bbox 1969 2440 3493 2509">
    <p class='ocr_par' dir='ltr' id='par_1_68' title="bbox 1969 2440 3493 2509">
     <span class='ocr_line' id='line_1_68' title="bbox 1969 2440 3493 2509; baseline -0.012 -8"><span class='ocrx_word' id='word_1_504' title='bbox 1969 2447 2214 2501; x_wconf 70' lang='lat' dir='ltr'><strong>aﬂectain</strong></span> <span class='ocrx_word' id='word_1_505' title='bbox 2258 2446 2308 2497; x_wconf 91' lang='lat' dir='ltr'><strong>in</strong></span> <span class='ocrx_word' id='word_1_506' title='bbox 2374 2453 2610 2498; x_wconf 86' lang='lat' dir='ltr'><strong>nostram</strong></span> <span class='ocrx_word' id='word_1_507' title='bbox 2668 2442 2987 2509; x_wconf 81' lang='lat' dir='ltr'><strong>potentiam.</strong></span> <span class='ocrx_word' id='word_1_508' title='bbox 3040 2440 3269 2502; x_wconf 83' lang='lat' dir='ltr'><strong>Quidam</strong></span> <span class='ocrx_word' id='word_1_509' title='bbox 3342 2448 3493 2491; x_wconf 80' lang='lat' dir='ltr'><strong>vero,</strong></span> 
     </span>
    </p>
   </div>
   <div class='ocr_carea' id='block_1_69' title="bbox 1971 2525 3513 2601">
    <p class='ocr_par' dir='ltr' id='par_1_69' title="bbox 1971 2525 3513 2601">
     <span class='ocr_line' id='line_1_69' title="bbox 1971 2525 3513 2601; baseline -0.009 -13"><span class='ocrx_word' id='word_1_510' title='bbox 1971 2537 2189 2589; x_wconf 88' lang='lat' dir='ltr'><strong>nomine</strong></span> <span class='ocrx_word' id='word_1_511' title='bbox 2232 2535 2560 2601; x_wconf 82' lang='lat' dir='ltr'><strong>Philologus,</strong></span> <span class='ocrx_word' id='word_1_512' title='bbox 2613 2542 2769 2585; x_wconf 67' lang='lat' dir='ltr'><strong>aetate</strong></span> <span class='ocrx_word' id='word_1_513' title='bbox 2808 2532 3011 2599; x_wconf 84' lang='lat' dir='ltr'><strong>junior,</strong></span> <span class='ocrx_word' id='word_1_514' title='bbox 3054 2530 3269 2595; x_wconf 81' lang='lat' dir='ltr'><strong>ingenio</strong></span> <span class='ocrx_word' id='word_1_515' title='bbox 3316 2525 3513 2578; x_wconf 84' lang='lat' dir='ltr'><strong>acutis-</strong></span> 
     </span>
    </p>
   </div>
   <div class='ocr_carea' id='block_1_70' title="bbox 1972 2614 3506 2689">
    <p class='ocr_par' dir='ltr' id='par_1_70' title="bbox 1972 2614 3506 2689">
     <span class='ocr_line' id='line_1_70' title="bbox 1972 2614 3506 2689; baseline -0.012 -7"><span class='ocrx_word' id='word_1_516' title='bbox 1972 2630 2133 2689; x_wconf 89' lang='lat' dir='ltr'><strong>simo,</strong></span> <span class='ocrx_word' id='word_1_517' title='bbox 2180 2627 2293 2677; x_wconf 77' lang='lat' dir='ltr'><strong>zelo</strong></span> <span class='ocrx_word' id='word_1_518' title='bbox 2324 2623 2777 2677; x_wconf 82' lang='lat' dir='ltr'><strong>ardentissimus:</strong></span> <span class='ocrx_word' id='word_1_519' title='bbox 2834 2620 2876 2673; x_wconf 91' lang='grc' dir='ltr'><strong>Ο</strong></span> <span class='ocrx_word' id='word_1_520' title='bbox 2922 2636 3034 2681; x_wconf 83' lang='lat' dir='ltr'><strong>rex,</strong></span> <span class='ocrx_word' id='word_1_521' title='bbox 3090 2619 3287 2683; x_wconf 75' lang='lat' dir='ltr'><strong>inquit.</strong></span> <span class='ocrx_word' id='word_1_522' title='bbox 3348 2614 3506 2671; x_wconf 76' lang='lat' dir='ltr'><strong>mala,</strong></span> 
     </span>
    </p>
   </div>
   <div class='ocr_carea' id='block_1_71' title="bbox 1972 2706 3512 2785">
    <p class='ocr_par' dir='ltr' id='par_1_71' title="bbox 1972 2706 3512 2785">
     <span class='ocr_line' id='line_1_71' title="bbox 1972 2706 3512 2785; baseline -0.012 -14"><span class='ocrx_word' id='word_1_523' title='bbox 1972 2734 2090 2785; x_wconf 73' lang='lat' dir='ltr'><strong>qua:</strong></span> <span class='ocrx_word' id='word_1_524' title='bbox 2124 2728 2272 2769; x_wconf 89' lang='lat' dir='ltr'><strong>tuum</strong></span> <span class='ocrx_word' id='word_1_525' title='bbox 2322 2717 2559 2767; x_wconf 91' lang='lat' dir='ltr'><strong>animum</strong></span> <span class='ocrx_word' id='word_1_526' title='bbox 2601 2712 2667 2764; x_wconf 92' lang='lat' dir='ltr'><strong>de</strong></span> <span class='ocrx_word' id='word_1_527' title='bbox 2719 2711 2876 2763; x_wconf 86' lang='lat' dir='ltr'><strong>nobis</strong></span> <span class='ocrx_word' id='word_1_528' title='bbox 2928 2708 3145 2763; x_wconf 84' lang='lat' dir='ltr'><strong>invasit,</strong></span> <span class='ocrx_word' id='word_1_529' title='bbox 3203 2706 3512 2772; x_wconf 69' lang='lat' dir='ltr'><strong>conjectura</strong></span> 
     </span>
    </p>
   </div>
   <div class='ocr_carea' id='block_1_72' title="bbox 1974 2795 3512 2860">
    <p class='ocr_par' dir='ltr' id='par_1_72' title="bbox 1974 2795 3512 2860">
     <span class='ocr_line' id='line_1_72' title="bbox 1974 2795 3512 2860; baseline -0.01 -1"><span class='ocrx_word' id='word_1_530' title='bbox 1974 2824 2079 2859; x_wconf 89' lang='lat' dir='ltr'><strong>non</strong></span> <span class='ocrx_word' id='word_1_531' title='bbox 2108 2805 2263 2857; x_wconf 87' lang='lat' dir='ltr'><strong>nobis</strong></span> <span class='ocrx_word' id='word_1_532' title='bbox 2300 2806 2350 2855; x_wconf 90' lang='lat' dir='ltr'><strong>in</strong></span> <span class='ocrx_word' id='word_1_533' title='bbox 2382 2805 2579 2855; x_wconf 89' lang='lat' dir='ltr'><strong>bonum</strong></span> <span class='ocrx_word' id='word_1_534' title='bbox 2612 2803 2817 2853; x_wconf 79' lang='lat' dir='ltr'><strong>exitum</strong></span> <span class='ocrx_word' id='word_1_535' title='bbox 2845 2801 3077 2851; x_wconf 85' lang='lat' dir='ltr'><strong>desinet.</strong></span> <span class='ocrx_word' id='word_1_536' title='bbox 3116 2797 3185 2848; x_wconf 87' lang='lat' dir='ltr'><strong>Es</strong></span> <span class='ocrx_word' id='word_1_537' title='bbox 3218 2796 3360 2847; x_wconf 86' lang='lat' dir='ltr'><strong>enim</strong></span> <span class='ocrx_word' id='word_1_538' title='bbox 3398 2795 3512 2860; x_wconf 78' lang='lat' dir='ltr'><strong>ple-</strong></span> 
     </span>
    </p>
   </div>
   <div class='ocr_carea' id='block_1_73' title="bbox 1983 2886 3514 2960">
    <p class='ocr_par' dir='ltr' id='par_1_73' title="bbox 1983 2886 3514 2960">
     <span class='ocr_line' id='line_1_73' title="bbox 1983 2886 3514 2960; baseline -0.01 -11"><span class='ocrx_word' id='word_1_539' title='bbox 1983 2912 2085 2949; x_wconf 89' lang='lat' dir='ltr'><strong>nus</strong></span> <span class='ocrx_word' id='word_1_540' title='bbox 2118 2894 2443 2960; x_wconf 85' lang='lat' dir='ltr'><strong>suspicione.</strong></span> <span class='ocrx_word' id='word_1_541' title='bbox 2506 2902 2563 2943; x_wconf 89' lang='lat' dir='ltr'><strong>ut</strong></span> <span class='ocrx_word' id='word_1_542' title='bbox 2595 2891 2685 2958; x_wconf 91' lang='lat' dir='ltr'><strong>qui</strong></span> <span class='ocrx_word' id='word_1_543' title='bbox 2717 2890 2919 2959; x_wconf 79' lang='lat' dir='ltr'><strong>cogites</strong></span> <span class='ocrx_word' id='word_1_544' title='bbox 2952 2886 3205 2939; x_wconf 89' lang='lat' dir='ltr'><strong>omnibus</strong></span> <span class='ocrx_word' id='word_1_545' title='bbox 3251 2896 3340 2937; x_wconf 89' lang='lat' dir='ltr'><strong>tua</strong></span> <span class='ocrx_word' id='word_1_546' title='bbox 3386 2899 3514 2935; x_wconf 86' lang='lat' dir='ltr'><strong>con-</strong></span> 
     </span>
    </p>
   </div>
   <div class='ocr_carea' id='block_1_74' title="bbox 1977 2973 3509 3047">
    <p class='ocr_par' dir='ltr' id='par_1_74' title="bbox 1977 2973 3509 3047">
     <span class='ocr_line' id='line_1_74' title="bbox 1977 2973 3509 3047; baseline -0.012 -8"><span class='ocrx_word' id='word_1_547' title='bbox 1977 2985 2319 3039; x_wconf 90' lang='lat' dir='ltr'><strong>damnatione</strong></span> <span class='ocrx_word' id='word_1_548' title='bbox 2346 2981 2539 3034; x_wconf 80' lang='lat' dir='ltr'><strong>aﬂ‘erre</strong></span> <span class='ocrx_word' id='word_1_549' title='bbox 2570 2980 2817 3033; x_wconf 79' lang='lat' dir='ltr'><strong>exitium.</strong></span> <span class='ocrx_word' id='word_1_550' title='bbox 2852 2979 3134 3047; x_wconf 80' lang='lat' dir='ltr'><strong>Tyrannus</strong></span> <span class='ocrx_word' id='word_1_551' title='bbox 3190 2983 3369 3026; x_wconf 83' lang='lat' dir='ltr'><strong>autem</strong></span> <span class='ocrx_word' id='word_1_552' title='bbox 3434 2973 3509 3022; x_wconf 83' lang='lat' dir='ltr'><strong>ira</strong></span> 
     </span>
    </p>
   </div>
   <div class='ocr_carea' id='block_1_75' title="bbox 1976 3062 3511 3143">
    <p class='ocr_par' dir='ltr' id='par_1_75' title="bbox 1976 3062 3511 3143">
     <span class='ocr_line' id='line_1_75' title="bbox 1976 3062 3511 3143; baseline -0.009 -15"><span class='ocrx_word' id='word_1_553' title='bbox 1976 3076 2209 3143; x_wconf 72' lang='lat' dir='ltr'><strong>repletus</strong></span> <span class='ocrx_word' id='word_1_554' title='bbox 2260 3086 2478 3142; x_wconf 85' lang='lat' dir='ltr'><strong>propter</strong></span> <span class='ocrx_word' id='word_1_555' title='bbox 2536 3069 2869 3138; x_wconf 89' lang='lat' dir='ltr'><strong>repentinam</strong></span> <span class='ocrx_word' id='word_1_556' title='bbox 2925 3066 3183 3132; x_wconf 80' lang='lat' dir='ltr'><strong>Philologi</strong></span> <span class='ocrx_word' id='word_1_557' title='bbox 3256 3062 3511 3131; x_wconf 89' lang='lat' dir='ltr'><strong>loquendi</strong></span> 
     </span>
    </p>
   </div>
   <div class='ocr_carea' id='block_1_76' title="bbox 2321 3158 3515 3228">
    <p class='ocr_par' dir='ltr' id='par_1_76' title="bbox 2321 3158 3515 3228">
     <span class='ocr_line' id='line_1_76' title="bbox 2321 3158 3515 3228; baseline -0.006 -14"><span class='ocrx_word' id='word_1_558' title='bbox 2321 3182 2332 3214; x_wconf 93' lang='lat'>:</span> <span class='ocrx_word' id='word_1_559' title='bbox 2385 3162 2540 3226; x_wconf 88' lang='lat' dir='ltr'><strong>Quis,</strong></span> <span class='ocrx_word' id='word_1_560' title='bbox 2577 3161 2772 3228; x_wconf 88' lang='lat' dir='ltr'><strong>inquit,</strong></span> <span class='ocrx_word' id='word_1_561' title='bbox 2805 3171 2855 3212; x_wconf 89' lang='lat' dir='ltr'><strong>te</strong></span> <span class='ocrx_word' id='word_1_562' title='bbox 2883 3158 3081 3225; x_wconf 78' lang='lat' dir='ltr'><strong>delegit</strong></span> <span class='ocrx_word' id='word_1_563' title='bbox 3112 3170 3170 3209; x_wconf 90' lang='lat' dir='ltr'><strong>ut</strong></span> <span class='ocrx_word' id='word_1_564' title='bbox 3218 3158 3372 3209; x_wconf 89' lang='lat' dir='ltr'><strong>dares</strong></span> <span class='ocrx_word' id='word_1_565' title='bbox 3412 3168 3515 3208; x_wconf 82' lang='lat' dir='ltr'><strong>tam</strong></span> 
     </span>
    </p>
   </div>
   <div class='ocr_carea' id='block_1_77' title="bbox 1978 3248 3516 3321">
    <p class='ocr_par' dir='ltr' id='par_1_77' title="bbox 1978 3248 3516 3321">
     <span class='ocr_line' id='line_1_77' title="bbox 1978 3248 3516 3321; baseline -0.006 -14"><span class='ocrx_word' id='word_1_566' title='bbox 1978 3257 2166 3308; x_wconf 86' lang='lat' dir='ltr'><strong>duram</strong></span> <span class='ocrx_word' id='word_1_567' title='bbox 2198 3264 2252 3307; x_wconf 90' lang='lat' dir='ltr'><strong>ct</strong></span> <span class='ocrx_word' id='word_1_568' title='bbox 2308 3268 2551 3321; x_wconf 87' lang='lat' dir='ltr'><strong>asperam</strong></span> <span class='ocrx_word' id='word_1_569' title='bbox 2608 3250 2969 3307; x_wconf 78' lang='lat' dir='ltr'><strong>sententiam?</strong></span> <span class='ocrx_word' id='word_1_570' title='bbox 3013 3250 3089 3301; x_wconf 78' lang='lat' dir='ltr'><strong>Ad</strong></span> <span class='ocrx_word' id='word_1_571' title='bbox 3142 3250 3253 3301; x_wconf 76' lang='lat' dir='ltr'><strong>haec</strong></span> <span class='ocrx_word' id='word_1_572' title='bbox 3287 3249 3367 3299; x_wconf 80' lang='lat' dir='ltr'><strong>\ir</strong></span> <span class='ocrx_word' id='word_1_573' title='bbox 3428 3248 3516 3299; x_wconf 89' lang='lat' dir='ltr'><strong>ille</strong></span> 
     </span>
    </p>
   </div>
   <div class='ocr_carea' id='block_1_78' title="bbox 1974 3338 3517 3415">
    <p class='ocr_par' dir='ltr' id='par_1_78' title="bbox 1974 3338 3517 3415">
     <span class='ocr_line' id='line_1_78' title="bbox 1974 3338 3517 3415; baseline -0.006 -17"><span class='ocrx_word' id='word_1_574' title='bbox 1974 3347 2242 3415; x_wconf 83' lang='lat' dir='ltr'><strong>egregius,</strong></span> <span class='ocrx_word' id='word_1_575' title='bbox 2293 3360 2398 3396; x_wconf 92' lang='lat' dir='ltr'><strong>non</strong></span> <span class='ocrx_word' id='word_1_576' title='bbox 2428 3343 2561 3395; x_wconf 89' lang='lat' dir='ltr'><strong>iram</strong></span> <span class='ocrx_word' id='word_1_577' title='bbox 2596 3342 2806 3412; x_wconf 84' lang='lat' dir='ltr'><strong>tyranni</strong></span> <span class='ocrx_word' id='word_1_578' title='bbox 2843 3341 3127 3399; x_wconf 89' lang='lat' dir='ltr'><strong>reveritus,</strong></span> <span class='ocrx_word' id='word_1_579' title='bbox 3171 3352 3268 3391; x_wconf 89' lang='lat' dir='ltr'><strong>nec</strong></span> <span class='ocrx_word' id='word_1_580' title='bbox 3308 3338 3372 3391; x_wconf 91' lang='lat' dir='ltr'><strong>de</strong></span> <span class='ocrx_word' id='word_1_581' title='bbox 3402 3340 3517 3405; x_wconf 80' lang='lat' dir='ltr'><strong>ejus</strong></span> 
     </span>
    </p>
   </div>
   <div class='ocr_carea' id='block_1_79' title="bbox 1976 3430 3513 3503">
    <p class='ocr_par' dir='ltr' id='par_1_79' title="bbox 1976 3430 3513 3503">
     <span class='ocr_line' id='line_1_79' title="bbox 1976 3430 3513 3503; baseline -0.004 -18"><span class='ocrx_word' id='word_1_582' title='bbox 1976 3444 2239 3503; x_wconf 83' lang='lat' dir='ltr'><strong>potestate</strong></span> <span class='ocrx_word' id='word_1_583' title='bbox 2299 3434 2601 3486; x_wconf 85' lang='lat' dir='ltr'><strong>sollicitus:</strong></span> <span class='ocrx_word' id='word_1_584' title='bbox 2662 3430 2802 3495; x_wconf 85' lang='lat' dir='ltr'><strong>Quid</strong></span> <span class='ocrx_word' id='word_1_585' title='bbox 2858 3445 3009 3493; x_wconf 86' lang='lat' dir='ltr'><strong>vero,</strong></span> <span class='ocrx_word' id='word_1_586' title='bbox 3061 3430 3275 3497; x_wconf 81' lang='lat' dir='ltr'><strong>quando</strong></span> <span class='ocrx_word' id='word_1_587' title='bbox 3326 3444 3513 3479; x_wconf 88' lang='lat' dir='ltr'><strong>verum</strong></span> 
     </span>
    </p>
   </div>
   <div class='ocr_carea' id='block_1_80' title="bbox 1975 3517 3517 3590">
    <p class='ocr_par' dir='ltr' id='par_1_80' title="bbox 1975 3517 3517 3590">
     <span class='ocr_line' id='line_1_80' title="bbox 1975 3517 3517 3590; baseline -0.006 -14"><span class='ocrx_word' id='word_1_588' title='bbox 1975 3523 2171 3576; x_wconf 80' lang='lat' dir='ltr'><strong>dixerit</strong></span> <span class='ocrx_word' id='word_1_589' title='bbox 2217 3524 2528 3590; x_wconf 81' lang='lat' dir='ltr'><strong>quispiam,</strong></span> <span class='ocrx_word' id='word_1_590' title='bbox 2590 3538 2622 3574; x_wconf 94' lang='lat' dir='ltr'><strong>o</strong></span> <span class='ocrx_word' id='word_1_591' title='bbox 2691 3535 2806 3581; x_wconf 83' lang='lat' dir='ltr'><strong>rex,</strong></span> <span class='ocrx_word' id='word_1_592' title='bbox 2866 3530 2993 3572; x_wconf 88' lang='lat' dir='ltr'><strong>tene</strong></span> <span class='ocrx_word' id='word_1_593' title='bbox 3055 3517 3327 3586; x_wconf 83' lang='lat' dir='ltr'><strong>Oportebit</strong></span> <span class='ocrx_word' id='word_1_594' title='bbox 3375 3517 3517 3568; x_wconf 89' lang='lat' dir='ltr'><strong>illico</strong></span> 
     </span>
    </p>
   </div>
   <div class='ocr_carea' id='block_1_81' title="bbox 1976 3608 3516 3675">
    <p class='ocr_par' dir='ltr' id='par_1_81' title="bbox 1976 3608 3516 3675">
     <span class='ocr_line' id='line_1_81' title="bbox 1976 3608 3516 3675; baseline -0.006 -7"><span class='ocrx_word' id='word_1_595' title='bbox 1976 3614 2179 3669; x_wconf 86' lang='lat' dir='ltr'><strong>irasci?</strong></span> <span class='ocrx_word' id='word_1_596' title='bbox 2232 3614 2431 3666; x_wconf 87' lang='lat' dir='ltr'><strong>Deinde</strong></span> <span class='ocrx_word' id='word_1_597' title='bbox 2461 3612 2620 3665; x_wconf 87' lang='lat' dir='ltr'><strong>etiam</strong></span> <span class='ocrx_word' id='word_1_598' title='bbox 2675 3612 2892 3663; x_wconf 87' lang='lat' dir='ltr'><strong>intuens</strong></span> <span class='ocrx_word' id='word_1_599' title='bbox 2921 3609 2985 3661; x_wconf 89' lang='lat' dir='ltr'><strong>ad</strong></span> <span class='ocrx_word' id='word_1_600' title='bbox 3026 3623 3233 3661; x_wconf 85' lang='lat' dir='ltr'><strong>omnes.</strong></span> <span class='ocrx_word' id='word_1_601' title='bbox 3268 3608 3357 3675; x_wconf 89' lang='lat' dir='ltr'><strong>qui</strong></span> <span class='ocrx_word' id='word_1_602' title='bbox 3388 3609 3516 3659; x_wconf 79' lang='lat' dir='ltr'><strong>ade-</strong></span> 
     </span>
    </p>
   </div>
   <div class='ocr_carea' id='block_1_82' title="bbox 1975 3700 3509 3767">
    <p class='ocr_par' dir='ltr' id='par_1_82' title="bbox 1975 3700 3509 3767">
     <span class='ocr_line' id='line_1_82' title="bbox 1975 3700 3509 3767; baseline -0.006 -10"><span class='ocrx_word' id='word_1_603' title='bbox 1975 3714 2114 3764; x_wconf 88' lang='lat' dir='ltr'><strong>rant,</strong></span> <span class='ocrx_word' id='word_1_604' title='bbox 2179 3715 2492 3757; x_wconf 80' lang='lat' dir='ltr'><strong>senatores:</strong></span> <span class='ocrx_word' id='word_1_605' title='bbox 2542 3704 2644 3755; x_wconf 80' lang='lat' dir='ltr'><strong>Per</strong></span> <span class='ocrx_word' id='word_1_606' title='bbox 2698 3704 2949 3763; x_wconf 88' lang='lat' dir='ltr'><strong>salutem,</strong></span> <span class='ocrx_word' id='word_1_607' title='bbox 3015 3700 3212 3767; x_wconf 89' lang='lat' dir='ltr'><strong>inquit,</strong></span> <span class='ocrx_word' id='word_1_608' title='bbox 3270 3709 3509 3751; x_wconf 83' lang='lat' dir='ltr'><strong>vestrum</strong></span> 
     </span>
    </p>
   </div>
   <div class='ocr_carea' id='block_1_83' title="bbox 1974 3789 3512 3859">
    <p class='ocr_par' dir='ltr' id='par_1_83' title="bbox 1974 3789 3512 3859">
     <span class='ocr_line' id='line_1_83' title="bbox 1974 3789 3512 3859; baseline -0.007 -10"><span class='ocrx_word' id='word_1_609' title='bbox 1974 3795 2235 3859; x_wconf 85' lang='lat' dir='ltr'><strong>omnium,</strong></span> <span class='ocrx_word' id='word_1_610' title='bbox 2272 3793 2359 3845; x_wconf 88' lang='lat' dir='ltr'><strong>tali</strong></span> <span class='ocrx_word' id='word_1_611' title='bbox 2408 3795 2523 3844; x_wconf 90' lang='lat' dir='ltr'><strong>viro</strong></span> <span class='ocrx_word' id='word_1_612' title='bbox 2547 3793 2678 3844; x_wconf 91' lang='lat' dir='ltr'><strong>nihil</strong></span> <span class='ocrx_word' id='word_1_613' title='bbox 2710 3800 2923 3858; x_wconf 82' lang='lat' dir='ltr'><strong>oportet</strong></span> <span class='ocrx_word' id='word_1_614' title='bbox 2975 3789 3321 3857; x_wconf 82' lang='lat' dir='ltr'><strong>respondere.</strong></span> <span class='ocrx_word' id='word_1_615' title='bbox 3366 3790 3512 3850; x_wconf 74' lang='lat' dir='ltr'><strong>Quo-</strong></span> 
     </span>
    </p>
   </div>
   <div class='ocr_carea' id='block_1_84' title="bbox 1978 3879 3511 3947">
    <p class='ocr_par' dir='ltr' id='par_1_84' title="bbox 1978 3879 3511 3947">
     <span class='ocr_line' id='line_1_84' title="bbox 1978 3879 3511 3947; baseline -0.007 -8"><span class='ocrx_word' id='word_1_616' title='bbox 1978 3886 2137 3939; x_wconf 90' lang='lat' dir='ltr'><strong>modo</strong></span> <span class='ocrx_word' id='word_1_617' title='bbox 2189 3887 2333 3939; x_wconf 90' lang='lat' dir='ltr'><strong>enim</strong></span> <span class='ocrx_word' id='word_1_618' title='bbox 2366 3899 2548 3937; x_wconf 80' lang='lat' dir='ltr'><strong>veram</strong></span> <span class='ocrx_word' id='word_1_619' title='bbox 2587 3883 2759 3936; x_wconf 90' lang='lat' dir='ltr'><strong>acciet</strong></span> <span class='ocrx_word' id='word_1_620' title='bbox 2810 3880 3132 3942; x_wconf 86' lang='lat' dir='ltr'><strong>orationem,</strong></span> <span class='ocrx_word' id='word_1_621' title='bbox 3168 3895 3285 3947; x_wconf 73' lang='lat' dir='ltr'><strong>quae</strong></span> <span class='ocrx_word' id='word_1_622' title='bbox 3330 3879 3511 3931; x_wconf 78' lang='lat' dir='ltr'><strong>furore</strong></span> 
     </span>
    </p>
   </div>
   <div class='ocr_carea' id='block_1_85' title="bbox 1977 3970 3521 4047">
    <p class='ocr_par' dir='ltr' id='par_1_85' title="bbox 1977 3970 3521 4047">
     <span class='ocr_line' id='line_1_85' title="bbox 1977 3970 3521 4047; baseline -0.008 -16"><span class='ocrx_word' id='word_1_623' title='bbox 1977 3979 2179 4047; x_wconf 90' lang='lat' dir='ltr'><strong>repleta</strong></span> <span class='ocrx_word' id='word_1_624' title='bbox 2206 3985 2310 4038; x_wconf 90' lang='lat' dir='ltr'><strong>est,</strong></span> <span class='ocrx_word' id='word_1_625' title='bbox 2366 3976 2580 4028; x_wconf 80' lang='lat' dir='ltr'><strong>anima?</strong></span> <span class='ocrx_word' id='word_1_626' title='bbox 2610 3974 2837 4041; x_wconf 85' lang='lat' dir='ltr'><strong>PrOpter</strong></span> <span class='ocrx_word' id='word_1_627' title='bbox 2880 3974 2994 4026; x_wconf 70' lang='lat' dir='ltr'><strong>haec</strong></span> <span class='ocrx_word' id='word_1_628' title='bbox 3039 3984 3299 4041; x_wconf 85' lang='lat' dir='ltr'><strong>tyrannus</strong></span> <span class='ocrx_word' id='word_1_629' title='bbox 3330 3970 3406 4021; x_wconf 88' lang='lat' dir='ltr'><strong>ira</strong></span> <span class='ocrx_word' id='word_1_630' title='bbox 3437 3984 3521 4020; x_wconf 90' lang='lat' dir='ltr'><strong>re-</strong></span> 
     </span>
    </p>
   </div>
   <div class='ocr_carea' id='block_1_86' title="bbox 1976 4060 3513 4136">
    <p class='ocr_par' dir='ltr' id='par_1_86' title="bbox 1976 4060 3513 4136">
     <span class='ocr_line' id='line_1_86' title="bbox 1976 4060 3513 4136; baseline -0.007 -16"><span class='ocrx_word' id='word_1_631' title='bbox 1976 4069 2174 4136; x_wconf 82' lang='lat' dir='ltr'><strong>pletus,</strong></span> <span class='ocrx_word' id='word_1_632' title='bbox 2230 4067 2326 4129; x_wconf 91' lang='lat' dir='ltr'><strong>ira,</strong></span> <span class='ocrx_word' id='word_1_633' title='bbox 2362 4066 2598 4132; x_wconf 88' lang='lat' dir='ltr'><strong>inquam,</strong></span> <span class='ocrx_word' id='word_1_634' title='bbox 2654 4064 2717 4114; x_wconf 89' lang='lat' dir='ltr'><strong>ad</strong></span> <span class='ocrx_word' id='word_1_635' title='bbox 2765 4061 3176 4114; x_wconf 85' lang='lat' dir='ltr'><strong>similitudinem</strong></span> <span class='ocrx_word' id='word_1_636' title='bbox 3221 4060 3513 4127; x_wconf 84' lang='lat' dir='ltr'><strong>serpentis,</strong></span> 
     </span>
    </p>
   </div>
   <div class='ocr_carea' id='block_1_87' title="bbox 1980 4150 3515 4218">
    <p class='ocr_par' dir='ltr' id='par_1_87' title="bbox 1980 4150 3515 4218">
     <span class='ocr_line' id='line_1_87' title="bbox 1980 4150 3515 4218; baseline -0.007 -9"><span class='ocrx_word' id='word_1_637' title='bbox 1980 4166 2037 4209; x_wconf 89' lang='lat' dir='ltr'><strong>ut</strong></span> <span class='ocrx_word' id='word_1_638' title='bbox 2074 4156 2205 4208; x_wconf 83' lang='lat' dir='ltr'><strong>dicit</strong></span> <span class='ocrx_word' id='word_1_639' title='bbox 2270 4155 2486 4207; x_wconf 82' lang='lat' dir='ltr'><strong>divinus</strong></span> <span class='ocrx_word' id='word_1_640' title='bbox 2536 4152 2722 4213; x_wconf 86' lang='lat' dir='ltr'><strong>David,</strong></span> <span class='ocrx_word' id='word_1_641' title='bbox 2777 4151 2979 4203; x_wconf 88' lang='lat' dir='ltr'><strong>milites</strong></span> <span class='ocrx_word' id='word_1_642' title='bbox 3015 4150 3169 4218; x_wconf 83' lang='lat' dir='ltr'><strong>jubet</strong></span> <span class='ocrx_word' id='word_1_643' title='bbox 3224 4159 3366 4201; x_wconf 89' lang='lat' dir='ltr'><strong>stare</strong></span> <span class='ocrx_word' id='word_1_644' title='bbox 3418 4165 3515 4216; x_wconf 87' lang='lat' dir='ltr'><strong>pro</strong></span> 
     </span>
    </p>
   </div>
   <div class='ocr_carea' id='block_1_88' title="bbox 1978 4237 3512 4310">
    <p class='ocr_par' dir='ltr' id='par_1_88' title="bbox 1978 4237 3512 4310">
     <span class='ocr_line' id='line_1_88' title="bbox 1978 4237 3512 4310; baseline -0.007 -12"><span class='ocrx_word' id='word_1_645' title='bbox 1978 4246 2206 4305; x_wconf 80' lang='lat' dir='ltr'><strong>foribus,</strong></span> <span class='ocrx_word' id='word_1_646' title='bbox 2247 4253 2305 4297; x_wconf 93' lang='lat' dir='ltr'><strong>ut</strong></span> <span class='ocrx_word' id='word_1_647' title='bbox 2348 4259 2461 4303; x_wconf 82' lang='lat' dir='ltr'><strong>eos.</strong></span> <span class='ocrx_word' id='word_1_648' title='bbox 2517 4242 2608 4310; x_wconf 90' lang='lat' dir='ltr'><strong>qui</strong></span> <span class='ocrx_word' id='word_1_649' title='bbox 2650 4242 2700 4293; x_wconf 92' lang='lat' dir='ltr'><strong>ei</strong></span> <span class='ocrx_word' id='word_1_650' title='bbox 2750 4240 3141 4308; x_wconf 81' lang='lat' dir='ltr'><strong>repugnabant,</strong></span> <span class='ocrx_word' id='word_1_651' title='bbox 3183 4247 3236 4290; x_wconf 92' lang='lat' dir='ltr'><strong>et</strong></span> <span class='ocrx_word' id='word_1_652' title='bbox 3282 4237 3512 4305; x_wconf 88' lang='lat' dir='ltr'><strong>primum</strong></span> 
     </span>
    </p>
   </div>
   <div class='ocr_carea' id='block_1_89' title="bbox 1978 4325 3513 4399">
    <p class='ocr_par' dir='ltr' id='par_1_89' title="bbox 1978 4325 3513 4399">
     <span class='ocr_line' id='line_1_89' title="bbox 1978 4325 3513 4399; baseline -0.007 -12"><span class='ocrx_word' id='word_1_653' title='bbox 1978 4336 2217 4387; x_wconf 90' lang='lat' dir='ltr'><strong>omnium</strong></span> <span class='ocrx_word' id='word_1_654' title='bbox 2256 4333 2695 4399; x_wconf 85' lang='lat' dir='ltr'><strong>Elpidcphorum,</strong></span> <span class='ocrx_word' id='word_1_655' title='bbox 2736 4344 2865 4382; x_wconf 88' lang='lat' dir='ltr'><strong>ense</strong></span> <span class='ocrx_word' id='word_1_656' title='bbox 2894 4328 3241 4380; x_wconf 83' lang='lat' dir='ltr'><strong>conﬁcerent.</strong></span> <span class='ocrx_word' id='word_1_657' title='bbox 3285 4325 3513 4390; x_wconf 88' lang='lat' dir='ltr'><strong>Quidam</strong></span> 
     </span>
    </p>
   </div>
   <div class='ocr_carea' id='block_1_90' title="bbox 1980 4416 3515 4484">
    <p class='ocr_par' dir='ltr' id='par_1_90' title="bbox 1980 4416 3515 4484">
     <span class='ocr_line' id='line_1_90' title="bbox 1980 4416 3515 4484; baseline -0.008 -7"><span class='ocrx_word' id='word_1_658' title='bbox 1980 4435 2158 4477; x_wconf 90' lang='lat' dir='ltr'><strong>autem</strong></span> <span class='ocrx_word' id='word_1_659' title='bbox 2199 4422 2563 4482; x_wconf 83' lang='lat' dir='ltr'><strong>Callistratus.</strong></span> <span class='ocrx_word' id='word_1_660' title='bbox 2605 4435 2729 4473; x_wconf 90' lang='lat' dir='ltr'><strong>cum</strong></span> <span class='ocrx_word' id='word_1_661' title='bbox 2789 4425 2933 4471; x_wconf 82' lang='lat' dir='ltr'><strong>esset</strong></span> <span class='ocrx_word' id='word_1_662' title='bbox 2984 4416 3094 4484; x_wconf 89' lang='lat' dir='ltr'><strong>regi</strong></span> <span class='ocrx_word' id='word_1_663' title='bbox 3136 4416 3515 4475; x_wconf 87' lang='lat' dir='ltr'><strong>amicissimus,</strong></span> 
     </span>
    </p>
   </div>
   <div class='ocr_carea' id='block_1_91' title="bbox 336 4498 2005 4582">
    <p class='ocr_par' dir='ltr' id='par_1_91' title="bbox 336 4498 2005 4573">
     <span class='ocr_line' id='line_1_91' title="bbox 336 4498 2005 4573; baseline -0.008 -12"><span class='ocrx_word' id='word_1_664' title='bbox 336 4525 428 4570; x_wconf 86' lang='grc' dir='ltr'><strong>τος</strong></span> <span class='ocrx_word' id='word_1_665' title='bbox 477 4509 530 4559; x_wconf 80' lang='grc' dir='ltr'>δέ</span> <span class='ocrx_word' id='word_1_666' title='bbox 562 4524 643 4565; x_wconf 81' lang='grc' dir='ltr'><strong>τις</strong></span> <span class='ocrx_word' id='word_1_667' title='bbox 690 4506 837 4573; x_wconf 80' lang='grc' dir='ltr'>φίλος</span> <span class='ocrx_word' id='word_1_668' title='bbox 889 4503 964 4555; x_wconf 80' lang='grc' dir='ltr'>ὢν</span> <span class='ocrx_word' id='word_1_669' title='bbox 996 4503 1073 4571; x_wconf 84' lang='grc' dir='ltr'><strong>τῷ</strong></span> <span class='ocrx_word' id='word_1_670' title='bbox 1103 4502 1309 4569; x_wconf 78' lang='grc' dir='ltr'>βασιλεῖ</span> <span class='ocrx_word' id='word_1_671' title='bbox 1334 4503 1388 4562; x_wconf 73' lang='grc' dir='ltr'>ις</span> <span class='ocrx_word' id='word_1_672' title='bbox 1421 4501 1492 4551; x_wconf 76' lang='grc' dir='ltr'><strong>τὰ</strong></span> <span class='ocrx_word' id='word_1_673' title='bbox 1543 4501 1775 4568; x_wconf 82' lang='grc' dir='ltr'>μάλιστα</span> <span class='ocrx_word' id='word_1_674' title='bbox 1800 4498 1877 4566; x_wconf 82' lang='grc' dir='ltr'>τῷ</span> <span class='ocrx_word' id='word_1_675' title='bbox 1906 4509 1950 4563; x_wconf 77' lang='grc' dir='ltr'>ῃ</span> <span class='ocrx_word' id='word_1_676' title='bbox 1981 4534 2005 4571; x_wconf 71' lang='grc' dir='ltr'>ε</span> 
     </span>
    </p>
   </div>
   <div class='ocr_carea' id='block_1_92' title="bbox 1843 4498 3512 4582">
    <p class='ocr_par' dir='ltr' id='par_1_92' title="bbox 1843 4498 3512 4582">
     <span class='ocr_line' id='line_1_92' title="bbox 1843 4498 3512 4582; baseline -0.01 -10"><span class='ocrx_word' id='word_1_677' title='bbox 1843 4498 1877 4566; x_wconf 58' lang='grc' dir='ltr'>ᾧ</span> <span class='ocrx_word' id='word_1_678' title='bbox 1906 4509 1950 4563; x_wconf 73' lang='grc' dir='ltr'>Π</span> <span class='ocrx_word' id='word_1_679' title='bbox 1981 4533 2103 4571; x_wconf 91' lang='lat' dir='ltr'><strong>eum</strong></span> <span class='ocrx_word' id='word_1_680' title='bbox 2140 4516 2279 4571; x_wconf 80' lang='lat' dir='ltr'><strong>collo</strong></span> <span class='ocrx_word' id='word_1_681' title='bbox 2312 4515 2610 4582; x_wconf 80' lang='lat' dir='ltr'><strong>amplexus.</strong></span> <span class='ocrx_word' id='word_1_682' title='bbox 2656 4511 2847 4582; x_wconf 85' lang='lat' dir='ltr'><strong>orabat</strong></span> <span class='ocrx_word' id='word_1_683' title='bbox 2897 4520 2957 4563; x_wconf 90' lang='lat' dir='ltr'><strong>ut</strong></span> <span class='ocrx_word' id='word_1_684' title='bbox 3004 4509 3136 4561; x_wconf 91' lang='lat' dir='ltr'><strong>iram</strong></span> <span class='ocrx_word' id='word_1_685' title='bbox 3174 4508 3512 4575; x_wconf 87' lang='lat' dir='ltr'><strong>reprimeret.</strong></span> 
     </span>
    </p>
   </div>
   <div class='ocr_carea' id='block_1_93' title="bbox 333 4589 1879 4664">
    <p class='ocr_par' dir='ltr' id='par_1_93' title="bbox 333 4589 1879 4664">
     <span class='ocr_line' id='line_1_93' title="bbox 333 4589 1879 4664; baseline -0.007 -13"><span class='ocrx_word' id='word_1_686' title='bbox 333 4597 482 4664; x_wconf 75' lang='grc' dir='ltr'>αὐτῷ</span> <span class='ocrx_word' id='word_1_687' title='bbox 522 4598 751 4663; x_wconf 74' lang='grc' dir='ltr'>περιφὺς</span> <span class='ocrx_word' id='word_1_688' title='bbox 781 4594 1057 4662; x_wconf 78' lang='grc' dir='ltr'>τραχήλῳ,</span> <span class='ocrx_word' id='word_1_689' title='bbox 1099 4593 1196 4662; x_wconf 82' lang='grc' dir='ltr'><strong>τὴν</strong></span> <span class='ocrx_word' id='word_1_690' title='bbox 1223 4592 1391 4661; x_wconf 83' lang='grc' dir='ltr'>ὀργὴν</span> <span class='ocrx_word' id='word_1_691' title='bbox 1424 4591 1663 4659; x_wconf 70' lang='grc' dir='ltr'>ἐπισχεῖν</span> <span class='ocrx_word' id='word_1_692' title='bbox 1693 4589 1879 4640; x_wconf 80' lang='grc' dir='ltr'>ὲλιπά·</span> 
     </span>
    </p>
   </div>
   <div class='ocr_carea' id='block_1_94' title="bbox 340 4678 1877 4755">
    <p class='ocr_par' dir='ltr' id='par_1_94' title="bbox 340 4678 1877 4755">
     <span class='ocr_line' id='line_1_94' title="bbox 340 4678 1877 4755; baseline -0.007 -17"><span class='ocrx_word' id='word_1_693' title='bbox 340 4707 442 4755; x_wconf 85' lang='grc' dir='ltr'>ρει,</span> <span class='ocrx_word' id='word_1_694' title='bbox 480 4689 574 4738; x_wconf 67' lang='grc' dir='ltr'>καὶ</span> <span class='ocrx_word' id='word_1_695' title='bbox 613 4686 923 4752; x_wconf 81' lang='grc' dir='ltr'>σύμπαντες</span> <span class='ocrx_word' id='word_1_696' title='bbox 959 4685 1011 4734; x_wconf 78' lang='grc' dir='ltr'>δὲ</span> <span class='ocrx_word' id='word_1_697' title='bbox 1061 4682 1566 4751; x_wconf 79' lang='grc' dir='ltr'>παρῤησιασάμενοι</span> <span class='ocrx_word' id='word_1_698' title='bbox 1595 4696 1609 4710; x_wconf 74' lang='grc' dir='ltr'><strong>ο</strong></span> <span class='ocrx_word' id='word_1_699' title='bbox 1653 4678 1877 4729; x_wconf 81' lang='grc' dir='ltr'>Ἀθλιώ-</span> 
     </span>
    </p>
   </div>
   <div class='ocr_carea' id='block_1_95' title="bbox 333 4767 1878 4843">
    <p class='ocr_par' dir='ltr' id='par_1_95' title="bbox 333 4767 1878 4843">
     <span class='ocr_line' id='line_1_95' title="bbox 333 4767 1878 4843; baseline -0.008 -13"><span class='ocrx_word' id='word_1_700' title='bbox 333 4796 458 4831; x_wconf 84' lang='grc' dir='ltr'>τατε</span> <span class='ocrx_word' id='word_1_701' title='bbox 517 4776 801 4843; x_wconf 83' lang='grc' dir='ltr'>βασιλέων.</span> <span class='ocrx_word' id='word_1_702' title='bbox 854 4772 1028 4833; x_wconf 83' lang='grc' dir='ltr'>εἷπον,</span> <span class='ocrx_word' id='word_1_703' title='bbox 1083 4774 1200 4840; x_wconf 72' lang='grc' dir='ltr'>εἴσῃ</span> <span class='ocrx_word' id='word_1_704' title='bbox 1235 4771 1326 4821; x_wconf 83' lang='grc' dir='ltr'>νῦν</span> <span class='ocrx_word' id='word_1_705' title='bbox 1357 4769 1617 4837; x_wconf 71' lang='grc' dir='ltr'>ἀκριϐῶς,</span> <span class='ocrx_word' id='word_1_706' title='bbox 1653 4768 1725 4827; x_wconf 72' lang='grc' dir='ltr'>ὼς,</span> <span class='ocrx_word' id='word_1_707' title='bbox 1781 4767 1878 4834; x_wconf 81' lang='grc' dir='ltr'><strong>οὐχ</strong></span> 
     </span>
    </p>
   </div>
   <div class='ocr_carea' id='block_1_96' title="bbox 334 4856 1878 4932">
    <p class='ocr_par' dir='ltr' id='par_1_96' title="bbox 334 4856 1878 4932">
     <span class='ocr_line' id='line_1_96' title="bbox 334 4856 1878 4932; baseline -0.009 -13"><span class='ocrx_word' id='word_1_708' title='bbox 334 4868 493 4932; x_wconf 83' lang='grc' dir='ltr'>ὃμοιά</span> <span class='ocrx_word' id='word_1_709' title='bbox 544 4881 621 4914; x_wconf 84' lang='grc' dir='ltr'><strong>σοι</strong></span> <span class='ocrx_word' id='word_1_710' title='bbox 678 4862 982 4930; x_wconf 72' lang='grc' dir='ltr'>φρονοῦμεν</span> <span class='ocrx_word' id='word_1_711' title='bbox 1036 4862 1195 4927; x_wconf 77' lang='grc' dir='ltr'>ἡμεῖς</span> <span class='ocrx_word' id='word_1_712' title='bbox 1233 4859 1353 4910; x_wconf 77' lang='grc' dir='ltr'>οὐδὲ</span> <span class='ocrx_word' id='word_1_713' title='bbox 1388 4858 1636 4917; x_wconf 78' lang='grc' dir='ltr'>ἀσεϐείας</span> <span class='ocrx_word' id='word_1_714' title='bbox 1687 4856 1878 4923; x_wconf 68' lang='grc' dir='ltr'>ἐπίσης</span> 
     </span>
    </p>
   </div>
   <div class='ocr_carea' id='block_1_97' title="bbox 332 4944 1877 5018">
    <p class='ocr_par' dir='ltr' id='par_1_97' title="bbox 332 4944 1877 5018">
     <span class='ocr_line' id='line_1_97' title="bbox 332 4944 1877 5018; baseline -0.008 -12"><span class='ocrx_word' id='word_1_715' title='bbox 332 4951 751 5018; x_wconf 79' lang='grc' dir='ltr'>ἀντιποιούμεθα</span> <span class='ocrx_word' id='word_1_716' title='bbox 778 4965 789 4976; x_wconf 94' lang='grc'><strong>·</strong></span> <span class='ocrx_word' id='word_1_717' title='bbox 828 4952 919 5001; x_wconf 57' lang='grc' dir='ltr'><strong>καί⁵</strong></span> <span class='ocrx_word' id='word_1_718' title='bbox 968 4949 1139 5000; x_wconf 82' lang='grc' dir='ltr'>ταῦτα</span> <span class='ocrx_word' id='word_1_719' title='bbox 1189 4947 1430 5007; x_wconf 85' lang='grc' dir='ltr'>είπόντες</span> <span class='ocrx_word' id='word_1_720' title='bbox 1462 4946 1686 5015; x_wconf 70' lang='grc' dir='ltr'>ἐξῄεσαν</span> <span class='ocrx_word' id='word_1_721' title='bbox 1737 4944 1877 4995; x_wconf 82' lang='grc' dir='ltr'>οὑτω</span> 
     </span>
    </p>
   </div>
   <div class='ocr_carea' id='block_1_98' title="bbox 334 5034 1880 5103">
    <p class='ocr_par' dir='ltr' id='par_1_98' title="bbox 334 5034 1880 5103">
     <span class='ocr_line' id='line_1_98' title="bbox 334 5034 1880 5103; baseline -0.009 -6"><span class='ocrx_word' id='word_1_722' title='bbox 334 5044 720 5103; x_wconf 83' lang='grc' dir='ltr'>καταλιπόντες</span> <span class='ocrx_word' id='word_1_723' title='bbox 773 5041 953 5094; x_wconf 76' lang='grc' dir='ltr'>αὑτόν.</span> <span class='ocrx_word' id='word_1_724' title='bbox 1005 5038 1141 5090; x_wconf 80' lang='grc' dir='ltr'>Ἀλλ’</span> <span class='ocrx_word' id='word_1_725' title='bbox 1185 5040 1387 5099; x_wconf 74' lang='grc' dir='ltr'>ἐκεῖνος</span> <span class='ocrx_word' id='word_1_726' title='bbox 1429 5035 1526 5099; x_wconf 77' lang='grc' dir='ltr'><strong>νὺξ</strong></span> <span class='ocrx_word' id='word_1_727' title='bbox 1569 5036 1644 5088; x_wconf 82' lang='grc' dir='ltr'>ὢν</span> <span class='ocrx_word' id='word_1_728' title='bbox 1677 5035 1772 5086; x_wconf 81' lang='grc' dir='ltr'>καὶ</span> <span class='ocrx_word' id='word_1_729' title='bbox 1818 5034 1880 5084; x_wconf 78' lang='grc' dir='ltr'>τὸ</span> 
     </span>
    </p>
   </div>
   <div class='ocr_carea' id='block_1_99' title="bbox 336 5128 1880 5203">
    <p class='ocr_par' dir='ltr' id='par_1_99' title="bbox 336 5128 1880 5203">
     <span class='ocr_line' id='line_1_99' title="bbox 336 5128 1880 5203; baseline -0.006 -16"><span class='ocrx_word' id='word_1_730' title='bbox 336 5137 555 5203; x_wconf 82' lang='grc' dir='ltr'>σύμπαν</span> <span class='ocrx_word' id='word_1_731' title='bbox 592 5133 813 5195; x_wconf 86' lang='grc' dir='ltr'>σκότους</span> <span class='ocrx_word' id='word_1_732' title='bbox 843 5133 955 5193; x_wconf 73' lang='grc' dir='ltr'>υίὸς</span> <span class='ocrx_word' id='word_1_733' title='bbox 983 5132 1081 5201; x_wconf 80' lang='grc' dir='ltr'>τὴν</span> <span class='ocrx_word' id='word_1_734' title='bbox 1116 5131 1284 5183; x_wconf 78' lang='grc' dir='ltr'>νύκτα</span> <span class='ocrx_word' id='word_1_735' title='bbox 1310 5130 1430 5198; x_wconf 76' lang='grc' dir='ltr'>ἔσχε</span> <span class='ocrx_word' id='word_1_736' title='bbox 1459 5130 1591 5196; x_wconf 81' lang='grc' dir='ltr'>πρὸς</span> <span class='ocrx_word' id='word_1_737' title='bbox 1624 5128 1688 5181; x_wconf 80' lang='grc' dir='ltr'><strong>τὰ</strong></span> <span class='ocrx_word' id='word_1_738' title='bbox 1720 5142 1880 5193; x_wconf 83' lang='grc' dir='ltr'>πονη-</span> 
     </span>
    </p>
   </div>
   <div class='ocr_carea' id='block_1_100' title="bbox 339 5218 1879 5295">
    <p class='ocr_par' dir='ltr' id='par_1_100' title="bbox 339 5218 1879 5295">
     <span class='ocr_line' id='line_1_100' title="bbox 339 5218 1879 5295; baseline -0.008 -17"><span class='ocrx_word' id='word_1_739' title='bbox 339 5228 537 5295; x_wconf 84' lang='grc' dir='ltr'>ρότατα</span> <span class='ocrx_word' id='word_1_740' title='bbox 587 5224 972 5293; x_wconf 75' lang='grc' dir='ltr'>συνεργοῦσαν,</span> <span class='ocrx_word' id='word_1_741' title='bbox 1029 5223 1125 5275; x_wconf 79' lang='grc' dir='ltr'>καὶ</span> <span class='ocrx_word' id='word_1_742' title='bbox 1150 5224 1265 5290; x_wconf 69' lang='grc' dir='ltr'>ἄμα</span> <span class='ocrx_word' id='word_1_743' title='bbox 1315 5222 1474 5287; x_wconf 76' lang='grc' dir='ltr'>φωτὶ,</span> <span class='ocrx_word' id='word_1_744' title='bbox 1512 5219 1741 5280; x_wconf 86' lang='grc' dir='ltr'>καθίσας</span> <span class='ocrx_word' id='word_1_745' title='bbox 1788 5218 1879 5267; x_wconf 74' lang='grc' dir='ltr'><strong>ἐπὶ</strong></span> 
     </span>
    </p>
   </div>
   <div class='ocr_carea' id='block_1_101' title="bbox 336 5309 1874 5385">
    <p class='ocr_par' dir='ltr' id='par_1_101' title="bbox 336 5309 1874 5385">
     <span class='ocr_line' id='line_1_101' title="bbox 336 5309 1874 5385; baseline -0.007 -16"><span class='ocrx_word' id='word_1_746' title='bbox 336 5319 426 5369; x_wconf 72' lang='grc' dir='ltr'>τοῦ</span> <span class='ocrx_word' id='word_1_747' title='bbox 484 5318 742 5385; x_wconf 74' lang='grc' dir='ltr'>βήματος,</span> <span class='ocrx_word' id='word_1_748' title='bbox 799 5317 944 5380; x_wconf 79' lang='grc' dir='ltr'>τρεῖς</span> <span class='ocrx_word' id='word_1_749' title='bbox 975 5314 1189 5365; x_wconf 83' lang='grc' dir='ltr'>κελεύει</span> <span class='ocrx_word' id='word_1_750' title='bbox 1247 5311 1471 5381; x_wconf 84' lang='grc' dir='ltr'>βύθρους</span> <span class='ocrx_word' id='word_1_751' title='bbox 1520 5309 1874 5377; x_wconf 80' lang='grc' dir='ltr'>διορυγῆναι,</span> 
     </span>
    </p>
   </div>
   <div class='ocr_carea' id='block_1_102' title="bbox 338 5398 1879 5477">
    <p class='ocr_par' dir='ltr' id='par_1_102' title="bbox 338 5398 1879 5477">
     <span class='ocr_line' id='line_1_102' title="bbox 338 5398 1879 5477; baseline -0.007 -17"><span class='ocrx_word' id='word_1_752' title='bbox 338 5409 499 5477; x_wconf 85' lang='grc' dir='ltr'>θηρία</span> <span class='ocrx_word' id='word_1_753' title='bbox 533 5424 589 5456; x_wconf 89' lang='grc' dir='ltr'><strong>τε</strong></span> <span class='ocrx_word' id='word_1_754' title='bbox 624 5408 716 5459; x_wconf 75' lang='grc' dir='ltr'><strong>καὶ</strong></span> <span class='ocrx_word' id='word_1_755' title='bbox 764 5404 966 5474; x_wconf 79' lang='grc' dir='ltr'>ἑρπετά</span> <span class='ocrx_word' id='word_1_756' title='bbox 995 5398 1203 5463; x_wconf 82' lang='grc' dir='ltr'>τούτοις</span> <span class='ocrx_word' id='word_1_757' title='bbox 1244 5400 1595 5468; x_wconf 78' lang='grc' dir='ltr'>ὲναφεθῆναι,</span> <span class='ocrx_word' id='word_1_758' title='bbox 1628 5401 1719 5451; x_wconf 82' lang='grc' dir='ltr'><strong>καὶ</strong></span> <span class='ocrx_word' id='word_1_759' title='bbox 1752 5400 1879 5460; x_wconf 80' lang='grc' dir='ltr'>τοὺς</span> 
     </span>
    </p>
   </div>
   <div class='ocr_carea' id='block_1_103' title="bbox 335 5492 1479 5564">
    <p class='ocr_par' dir='ltr' id='par_1_103' title="bbox 335 5492 1479 5564">
     <span class='ocr_line' id='line_1_103' title="bbox 335 5492 1479 5564; baseline -0.004 -17"><span class='ocrx_word' id='word_1_760' title='bbox 335 5514 401 5547; x_wconf 90' lang='grc' dir='ltr'><strong>πε</strong></span> <span class='ocrx_word' id='word_1_761' title='bbox 414 5499 463 5564; x_wconf 85' lang='grc' dir='ltr'><strong>ρί</strong></span> <span class='ocrx_word' id='word_1_762' title='bbox 489 5501 578 5547; x_wconf 78' lang='grc' dir='ltr'>τὸν</span> <span class='ocrx_word' id='word_1_763' title='bbox 612 5496 764 5562; x_wconf 76' lang='grc' dir='ltr'>ἅγιον</span> <span class='ocrx_word' id='word_1_764' title='bbox 790 5494 1093 5545; x_wconf 82' lang='grc' dir='ltr'>Ἀκίνδυνον</span> <span class='ocrx_word' id='word_1_765' title='bbox 1122 5492 1479 5559; x_wconf 74' lang='grc' dir='ltr'>ἐμϐληθῆναι.</span> 
     </span>
    </p>
   </div>
   <div class='ocr_carea' id='block_1_104' title="bbox 408 5583 1875 5652">
    <p class='ocr_par' dir='ltr' id='par_1_104' title="bbox 408 5583 1875 5652">
     <span class='ocr_line' id='line_1_104' title="bbox 408 5583 1875 5652; baseline -0.004 -15"><span class='ocrx_word' id='word_1_766' title='bbox 408 5586 522 5652; x_wconf 60' lang='grc' dir='ltr'><strong>ΙΕῙἏ</strong></span> <span class='ocrx_word' id='word_1_767' title='bbox 558 5586 708 5638; x_wconf 72' lang='grc' dir='ltr'>Ἐπεὶ</span> <span class='ocrx_word' id='word_1_768' title='bbox 751 5584 842 5637; x_wconf 76' lang='grc' dir='ltr'>οὖν</span> <span class='ocrx_word' id='word_1_769' title='bbox 900 5589 1073 5637; x_wconf 63' lang='grc' dir='ltr'>ἐκεῖσε</span> <span class='ocrx_word' id='word_1_770' title='bbox 1120 5586 1243 5644; x_wconf 81' lang='grc' dir='ltr'>τοὺς</span> <span class='ocrx_word' id='word_1_771' title='bbox 1278 5584 1465 5648; x_wconf 83' lang='grc' dir='ltr'>ἁγίους</span> <span class='ocrx_word' id='word_1_772' title='bbox 1524 5583 1793 5650; x_wconf 80' lang='grc' dir='ltr'>καθῆκαν,</span> <span class='ocrx_word' id='word_1_773' title='bbox 1852 5583 1875 5630; x_wconf 77' lang='grc' dir='ltr'>ὁ</span> 
     </span>
    </p>
   </div>
   <div class='ocr_carea' id='block_1_105' title="bbox 336 5674 1874 5744">
    <p class='ocr_par' dir='ltr' id='par_1_105' title="bbox 336 5674 1874 5744">
     <span class='ocr_line' id='line_1_105' title="bbox 336 5674 1874 5744; baseline -0.005 -15"><span class='ocrx_word' id='word_1_774' title='bbox 336 5679 488 5736; x_wconf 77' lang='grc' dir='ltr'>Θεὸ;,</span> <span class='ocrx_word' id='word_1_775' title='bbox 516 5678 686 5737; x_wconf 66' lang='grc' dir='ltr'>ὁθεδς</span> <span class='ocrx_word' id='word_1_776' title='bbox 717 5678 870 5744; x_wconf 89' lang='grc' dir='ltr'>ήμῶν</span> <span class='ocrx_word' id='word_1_777' title='bbox 897 5680 943 5727; x_wconf 83' lang='grc' dir='ltr'><strong>οί</strong></span> <span class='ocrx_word' id='word_1_778' title='bbox 977 5678 1248 5743; x_wconf 79' lang='grc' dir='ltr'>μάρτυρες</span> <span class='ocrx_word' id='word_1_779' title='bbox 1286 5676 1417 5742; x_wconf 84' lang='grc' dir='ltr'>πρός</span> <span class='ocrx_word' id='word_1_780' title='bbox 1446 5690 1501 5724; x_wconf 82' lang='grc' dir='ltr'><strong>σε</strong></span> <span class='ocrx_word' id='word_1_781' title='bbox 1534 5674 1874 5741; x_wconf 76' lang='grc' dir='ltr'>ὀρθρίζομεν,</span> 
     </span>
    </p>
   </div>
   <div class='ocr_carea' id='block_1_106' title="bbox 337 5766 1874 5837">
    <p class='ocr_par' dir='ltr' id='par_1_106' title="bbox 337 5766 1874 5837">
     <span class='ocr_line' id='line_1_106' title="bbox 337 5766 1874 5837; baseline -0.003 -17"><span class='ocrx_word' id='word_1_782' title='bbox 337 5770 557 5836; x_wconf 55' lang='grc' dir='ltr'>ἔψαλλον</span> <span class='ocrx_word' id='word_1_783' title='bbox 583 5785 593 5796; x_wconf 75' lang='grc'><strong><em>⁸</em></strong></span> <span class='ocrx_word' id='word_1_784' title='bbox 636 5769 847 5837; x_wconf 54' lang='grc' dir='ltr'>ἐδίψησὲ</span> <span class='ocrx_word' id='word_1_785' title='bbox 897 5786 948 5819; x_wconf 69' lang='grc' dir='ltr'><strong>σε</strong></span> <span class='ocrx_word' id='word_1_786' title='bbox 1227 5767 1399 5835; x_wconf 57' lang='grc' dir='ltr'>ἡμῶν,</span> <span class='ocrx_word' id='word_1_787' title='bbox 1447 5766 1658 5833; x_wconf 51' lang='grc' dir='ltr'>ἐδίψησὲ</span> <span class='ocrx_word' id='word_1_788' title='bbox 1700 5784 1751 5816; x_wconf 76' lang='grc' dir='ltr'><strong>σε</strong></span> <span class='ocrx_word' id='word_1_789' title='bbox 1790 5769 1874 5817; x_wconf 65' lang='grc' dir='ltr'>τὶν</span> 
     </span>
    </p>
   </div>
   <div class='ocr_carea' id='block_1_107' title="bbox 1976 4581 3511 4667">
    <p class='ocr_par' dir='ltr' id='par_1_107' title="bbox 1976 4581 3511 4667">
     <span class='ocr_line' id='line_1_107' title="bbox 1976 4581 3511 4667; baseline -0.009 -6"><span class='ocrx_word' id='word_1_790' title='bbox 1976 4608 2172 4662; x_wconf 90' lang='lat' dir='ltr'><strong>Omnes</strong></span> <span class='ocrx_word' id='word_1_791' title='bbox 2205 4620 2332 4657; x_wconf 89' lang='lat' dir='ltr'><strong>vero</strong></span> <span class='ocrx_word' id='word_1_792' title='bbox 2360 4602 2515 4655; x_wconf 91' lang='lat' dir='ltr'><strong>simul</strong></span> <span class='ocrx_word' id='word_1_793' title='bbox 2547 4603 2715 4654; x_wconf 84' lang='lat' dir='ltr'><strong>libere</strong></span> <span class='ocrx_word' id='word_1_794' title='bbox 2735 4581 3027 4667; x_wconf 71' lang='lat' dir='ltr'><strong>loquentes</strong></span> <span class='ocrx_word' id='word_1_795' title='bbox 3059 4616 3072 4650; x_wconf 93' lang='lat'>:</span> <span class='ocrx_word' id='word_1_796' title='bbox 3098 4598 3395 4650; x_wconf 80' lang='lat' dir='ltr'><strong>Miserrime</strong></span> <span class='ocrx_word' id='word_1_797' title='bbox 3428 4611 3511 4648; x_wconf 89' lang='lat' dir='ltr'><strong>re-</strong></span> 
     </span>
    </p>
   </div>
   <div class='ocr_carea' id='block_1_108' title="bbox 1976 4685 3515 4762">
    <p class='ocr_par' dir='ltr' id='par_1_108' title="bbox 1976 4685 3515 4762">
     <span class='ocr_line' id='line_1_108' title="bbox 1976 4685 3515 4762; baseline -0.01 -15"><span class='ocrx_word' id='word_1_798' title='bbox 1976 4710 2123 4762; x_wconf 85' lang='lat' dir='ltr'><strong>gum.</strong></span> <span class='ocrx_word' id='word_1_799' title='bbox 2158 4694 2427 4751; x_wconf 84' lang='lat' dir='ltr'><strong>dicebant,</strong></span> <span class='ocrx_word' id='word_1_800' title='bbox 2469 4690 2692 4755; x_wconf 89' lang='lat' dir='ltr'><strong>pulchre</strong></span> <span class='ocrx_word' id='word_1_801' title='bbox 2722 4688 2859 4739; x_wconf 91' lang='lat' dir='ltr'><strong>scies</strong></span> <span class='ocrx_word' id='word_1_802' title='bbox 2896 4700 2995 4739; x_wconf 88' lang='lat' dir='ltr'><strong>nos</strong></span> <span class='ocrx_word' id='word_1_803' title='bbox 3018 4701 3123 4738; x_wconf 90' lang='lat' dir='ltr'><strong>non</strong></span> <span class='ocrx_word' id='word_1_804' title='bbox 3161 4685 3370 4746; x_wconf 89' lang='lat' dir='ltr'><strong>eadem,</strong></span> <span class='ocrx_word' id='word_1_805' title='bbox 3394 4700 3515 4750; x_wconf 70' lang='lat' dir='ltr'><strong>qua)</strong></span> 
     </span>
    </p>
   </div>
   <div class='ocr_carea' id='block_1_109' title="bbox 1979 4773 3521 4847">
    <p class='ocr_par' dir='ltr' id='par_1_109' title="bbox 1979 4773 3521 4847">
     <span class='ocr_line' id='line_1_109' title="bbox 1979 4773 3521 4847; baseline -0.008 -11"><span class='ocrx_word' id='word_1_806' title='bbox 1979 4794 2055 4844; x_wconf 77' lang='lat' dir='ltr'><strong>tu,</strong></span> <span class='ocrx_word' id='word_1_807' title='bbox 2084 4785 2307 4839; x_wconf 83' lang='lat' dir='ltr'><strong>sentire.</strong></span> <span class='ocrx_word' id='word_1_808' title='bbox 2351 4794 2525 4847; x_wconf 86' lang='lat' dir='ltr'><strong>neque</strong></span> <span class='ocrx_word' id='word_1_809' title='bbox 2580 4776 2829 4831; x_wconf 89' lang='lat' dir='ltr'><strong>similiter</strong></span> <span class='ocrx_word' id='word_1_810' title='bbox 2880 4776 3019 4829; x_wconf 89' lang='lat' dir='ltr'><strong>tueri</strong></span> <span class='ocrx_word' id='word_1_811' title='bbox 3070 4775 3423 4842; x_wconf 86' lang='lat' dir='ltr'><strong>impietatem.</strong></span> <span class='ocrx_word' id='word_1_812' title='bbox 3457 4773 3521 4825; x_wconf 87' lang='lat' dir='ltr'><strong>Et</strong></span> 
     </span>
    </p>
   </div>
   <div class='ocr_carea' id='block_1_110' title="bbox 1978 4862 3519 4931">
    <p class='ocr_par' dir='ltr' id='par_1_110' title="bbox 1978 4862 3519 4931">
     <span class='ocr_line' id='line_1_110' title="bbox 1978 4862 3519 4931; baseline -0.01 -4"><span class='ocrx_word' id='word_1_813' title='bbox 1978 4876 2089 4927; x_wconf 64' lang='lat' dir='ltr'><strong>lmc</strong></span> <span class='ocrx_word' id='word_1_814' title='bbox 2117 4888 2237 4926; x_wconf 92' lang='lat' dir='ltr'><strong>cum</strong></span> <span class='ocrx_word' id='word_1_815' title='bbox 2266 4872 2546 4931; x_wconf 78' lang='lat' dir='ltr'><strong>dixissent,</strong></span> <span class='ocrx_word' id='word_1_816' title='bbox 2592 4868 2843 4921; x_wconf 82' lang='lat' dir='ltr'><strong>exierunt</strong></span> <span class='ocrx_word' id='word_1_817' title='bbox 2892 4878 2960 4919; x_wconf 89' lang='lat' dir='ltr'><strong>eo</strong></span> <span class='ocrx_word' id='word_1_818' title='bbox 3010 4865 3088 4918; x_wconf 88' lang='lat' dir='ltr'><strong>sic</strong></span> <span class='ocrx_word' id='word_1_819' title='bbox 3148 4863 3357 4917; x_wconf 88' lang='lat' dir='ltr'><strong>relicto.</strong></span> <span class='ocrx_word' id='word_1_820' title='bbox 3414 4862 3519 4914; x_wconf 87' lang='lat' dir='ltr'><strong>Sed</strong></span> 
     </span>
    </p>
   </div>
   <div class='ocr_carea' id='block_1_111' title="bbox 1977 4950 3521 5025">
    <p class='ocr_par' dir='ltr' id='par_1_111' title="bbox 1977 4950 3521 5025">
     <span class='ocr_line' id='line_1_111' title="bbox 1977 4950 3521 5025; baseline -0.009 -10"><span class='ocrx_word' id='word_1_821' title='bbox 1977 4963 2085 5025; x_wconf 90' lang='lat' dir='ltr'><strong>ille,</strong></span> <span class='ocrx_word' id='word_1_822' title='bbox 2118 4976 2236 5012; x_wconf 84' lang='lat' dir='ltr'><strong>cum</strong></span> <span class='ocrx_word' id='word_1_823' title='bbox 2267 4967 2407 5011; x_wconf 89' lang='lat' dir='ltr'><strong>esset</strong></span> <span class='ocrx_word' id='word_1_824' title='bbox 2441 4972 2568 5018; x_wconf 88' lang='lat' dir='ltr'><strong>nox,</strong></span> <span class='ocrx_word' id='word_1_825' title='bbox 2595 4965 2650 5009; x_wconf 90' lang='lat' dir='ltr'><strong>et</strong></span> <span class='ocrx_word' id='word_1_826' title='bbox 2676 4955 2743 5007; x_wconf 87' lang='lat' dir='ltr'><strong>ad</strong></span> <span class='ocrx_word' id='word_1_827' title='bbox 2768 4968 3031 5007; x_wconf 87' lang='lat' dir='ltr'><strong>summam</strong></span> <span class='ocrx_word' id='word_1_828' title='bbox 3083 4950 3226 5004; x_wconf 79' lang='lat' dir='ltr'><strong>ﬁlius</strong></span> <span class='ocrx_word' id='word_1_829' title='bbox 3269 4950 3521 5002; x_wconf 82' lang='lat' dir='ltr'><strong>tenebra-</strong></span> 
     </span>
    </p>
   </div>
   <div class='ocr_carea' id='block_1_112' title="bbox 1978 5040 3523 5113">
    <p class='ocr_par' dir='ltr' id='par_1_112' title="bbox 1978 5040 3523 5113">
     <span class='ocr_line' id='line_1_112' title="bbox 1978 5040 3523 5113; baseline -0.008 -9"><span class='ocrx_word' id='word_1_830' title='bbox 1978 5067 2116 5113; x_wconf 87' lang='lat' dir='ltr'><strong>rum,</strong></span> <span class='ocrx_word' id='word_1_831' title='bbox 2158 5048 2347 5101; x_wconf 88' lang='lat' dir='ltr'><strong>habuit</strong></span> <span class='ocrx_word' id='word_1_832' title='bbox 2407 5055 2617 5100; x_wconf 88' lang='lat' dir='ltr'><strong>noctem</strong></span> <span class='ocrx_word' id='word_1_833' title='bbox 2660 5058 2818 5111; x_wconf 89' lang='lat' dir='ltr'><strong>opem</strong></span> <span class='ocrx_word' id='word_1_834' title='bbox 2869 5041 3134 5096; x_wconf 80' lang='lat' dir='ltr'><strong>ferentem</strong></span> <span class='ocrx_word' id='word_1_835' title='bbox 3186 5040 3351 5093; x_wconf 81' lang='lat' dir='ltr'><strong>rebus</strong></span> <span class='ocrx_word' id='word_1_836' title='bbox 3403 5054 3523 5107; x_wconf 88' lang='lat' dir='ltr'><strong>pes—</strong></span> 
     </span>
    </p>
   </div>
   <div class='ocr_carea' id='block_1_113' title="bbox 1977 5128 3520 5205">
    <p class='ocr_par' dir='ltr' id='par_1_113' title="bbox 1977 5128 3520 5205">
     <span class='ocr_line' id='line_1_113' title="bbox 1977 5128 3520 5205; baseline -0.011 -10"><span class='ocrx_word' id='word_1_837' title='bbox 1977 5142 2147 5201; x_wconf 87' lang='lat' dir='ltr'><strong>simis,</strong></span> <span class='ocrx_word' id='word_1_838' title='bbox 2178 5151 2234 5193; x_wconf 85' lang='lat' dir='ltr'><strong>et</strong></span> <span class='ocrx_word' id='word_1_839' title='bbox 2263 5155 2384 5193; x_wconf 89' lang='lat' dir='ltr'><strong>cum</strong></span> <span class='ocrx_word' id='word_1_840' title='bbox 2417 5150 2651 5205; x_wconf 83' lang='lat' dir='ltr'><strong>primum</strong></span> <span class='ocrx_word' id='word_1_841' title='bbox 2702 5134 2989 5193; x_wconf 81' lang='lat' dir='ltr'><strong>illuxisset.</strong></span> <span class='ocrx_word' id='word_1_842' title='bbox 3040 5130 3236 5185; x_wconf 81' lang='lat' dir='ltr'><strong>sedens</strong></span> <span class='ocrx_word' id='word_1_843' title='bbox 3268 5144 3368 5197; x_wconf 90' lang='lat' dir='ltr'><strong>pro</strong></span> <span class='ocrx_word' id='word_1_844' title='bbox 3421 5128 3520 5180; x_wconf 92' lang='lat' dir='ltr'><strong>tri-</strong></span> 
     </span>
    </p>
   </div>
   <div class='ocr_carea' id='block_1_114' title="bbox 1979 5222 3519 5304">
    <p class='ocr_par' dir='ltr' id='par_1_114' title="bbox 1979 5222 3519 5304">
     <span class='ocr_line' id='line_1_114' title="bbox 1979 5222 3519 5304; baseline -0.009 -17"><span class='ocrx_word' id='word_1_845' title='bbox 1979 5236 2157 5289; x_wconf 88' lang='lat' dir='ltr'><strong>bunali</strong></span> <span class='ocrx_word' id='word_1_846' title='bbox 2183 5236 2337 5304; x_wconf 83' lang='lat' dir='ltr'><strong>jubet</strong></span> <span class='ocrx_word' id='word_1_847' title='bbox 2372 5244 2480 5287; x_wconf 88' lang='lat' dir='ltr'><strong>tres</strong></span> <span class='ocrx_word' id='word_1_848' title='bbox 2515 5233 2684 5285; x_wconf 81' lang='lat' dir='ltr'><strong>fossas</strong></span> <span class='ocrx_word' id='word_1_849' title='bbox 2725 5229 2912 5291; x_wconf 75' lang='lat' dir='ltr'><strong>effodi,</strong></span> <span class='ocrx_word' id='word_1_850' title='bbox 2945 5236 3000 5281; x_wconf 89' lang='lat' dir='ltr'><strong>et</strong></span> <span class='ocrx_word' id='word_1_851' title='bbox 3046 5227 3101 5279; x_wconf 86' lang='lat' dir='ltr'><strong>in</strong></span> <span class='ocrx_word' id='word_1_852' title='bbox 3162 5239 3254 5278; x_wconf 82' lang='lat' dir='ltr'><strong>eas</strong></span> <span class='ocrx_word' id='word_1_853' title='bbox 3304 5222 3519 5275; x_wconf 90' lang='lat' dir='ltr'><strong>immitti</strong></span> 
     </span>
    </p>
   </div>
   <div class='ocr_carea' id='block_1_115' title="bbox 1979 5319 3517 5393">
    <p class='ocr_par' dir='ltr' id='par_1_115' title="bbox 1979 5319 3517 5393">
     <span class='ocr_line' id='line_1_115' title="bbox 1979 5319 3517 5393; baseline -0.008 -14"><span class='ocrx_word' id='word_1_854' title='bbox 1979 5328 2178 5380; x_wconf 81' lang='lat' dir='ltr'><strong>bestias</strong></span> <span class='ocrx_word' id='word_1_855' title='bbox 2207 5339 2259 5381; x_wconf 86' lang='lat' dir='ltr'><strong>et</strong></span> <span class='ocrx_word' id='word_1_856' title='bbox 2308 5334 2604 5393; x_wconf 74' lang='lat' dir='ltr'><strong>serpentes,</strong></span> <span class='ocrx_word' id='word_1_857' title='bbox 2637 5335 2692 5379; x_wconf 89' lang='lat' dir='ltr'><strong>et</strong></span> <span class='ocrx_word' id='word_1_858' title='bbox 2719 5332 2969 5377; x_wconf 85' lang='lat' dir='ltr'><strong>sanctum</strong></span> <span class='ocrx_word' id='word_1_859' title='bbox 3022 5319 3360 5387; x_wconf 80' lang='lat' dir='ltr'><strong>Acindynum</strong></span> <span class='ocrx_word' id='word_1_860' title='bbox 3394 5330 3517 5369; x_wconf 85' lang='lat' dir='ltr'><strong>cum</strong></span> 
     </span>
    </p>
   </div>
   <div class='ocr_carea' id='block_1_116' title="bbox 1981 5417 2514 5484">
    <p class='ocr_par' dir='ltr' id='par_1_116' title="bbox 1981 5417 2514 5484">
     <span class='ocr_line' id='line_1_116' title="bbox 1981 5417 2514 5484; baseline -0.006 -13"><span class='ocrx_word' id='word_1_861' title='bbox 1981 5419 2093 5471; x_wconf 89' lang='lat' dir='ltr'><strong>suis</strong></span> <span class='ocrx_word' id='word_1_862' title='bbox 2118 5418 2171 5469; x_wconf 89' lang='lat' dir='ltr'><strong>in</strong></span> <span class='ocrx_word' id='word_1_863' title='bbox 2218 5432 2307 5470; x_wconf 88' lang='lat' dir='ltr'><strong>eas</strong></span> <span class='ocrx_word' id='word_1_864' title='bbox 2339 5417 2514 5484; x_wconf 84' lang='lat' dir='ltr'><strong>injici.</strong></span> 
     </span>
    </p>
   </div>
   <div class='ocr_carea' id='block_1_117' title="bbox 2047 5581 3512 5656">
    <p class='ocr_par' dir='ltr' id='par_1_117' title="bbox 2047 5581 3512 5656">
     <span class='ocr_line' id='line_1_117' title="bbox 2047 5581 3512 5656; baseline -0.008 -13"><span class='ocrx_word' id='word_1_865' title='bbox 2047 5592 2179 5643; x_wconf 71' lang='lat' dir='ltr'><strong>XVI.</strong></span> <span class='ocrx_word' id='word_1_866' title='bbox 2232 5591 2516 5650; x_wconf 84' lang='lat' dir='ltr'><strong>Postquam</strong></span> <span class='ocrx_word' id='word_1_867' title='bbox 2571 5604 2697 5656; x_wconf 83' lang='lat' dir='ltr'><strong>ergo</strong></span> <span class='ocrx_word' id='word_1_868' title='bbox 2747 5597 2962 5641; x_wconf 82' lang='lat' dir='ltr'><strong>sanctos</strong></span> <span class='ocrx_word' id='word_1_869' title='bbox 3021 5599 3087 5639; x_wconf 92' lang='lat' dir='ltr'><strong>co</strong></span> <span class='ocrx_word' id='word_1_870' title='bbox 3145 5581 3512 5636; x_wconf 89' lang='lat' dir='ltr'><strong>immisissent:</strong></span> 
     </span>
    </p>
   </div>
   <div class='ocr_carea' id='block_1_118' title="bbox 1988 5668 3517 5740">
    <p class='ocr_par' dir='ltr' id='par_1_118' title="bbox 1988 5668 3517 5740">
     <span class='ocr_line' id='line_1_118' title="bbox 1988 5668 3517 5740; baseline -0.006 -13"><span class='ocrx_word' id='word_1_871' title='bbox 1988 5700 2001 5727; x_wconf 85' lang='grc'><em>‹</em></span> <span class='ocrx_word' id='word_1_872' title='bbox 2049 5680 2207 5736; x_wconf 68' lang='lat' dir='ltr'><strong>licus,</strong></span> <span class='ocrx_word' id='word_1_873' title='bbox 2240 5680 2377 5729; x_wconf 76' lang='lat' dir='ltr'><strong>Dens</strong></span> <span class='ocrx_word' id='word_1_874' title='bbox 2403 5687 2543 5729; x_wconf 76' lang='lat' dir='ltr'><strong>nule</strong></span> <span class='ocrx_word' id='word_1_875' title='bbox 2560 5679 2684 5737; x_wconf 78' lang='lat' dir='ltr'><strong>r,a-I</strong></span> <span class='ocrx_word' id='word_1_876' title='bbox 2716 5687 2766 5729; x_wconf 92' lang='lat' dir='ltr'><strong>te</strong></span> <span class='ocrx_word' id='word_1_877' title='bbox 2796 5678 2861 5728; x_wconf 85' lang='lat' dir='ltr'><strong>de</strong></span> <span class='ocrx_word' id='word_1_878' title='bbox 2890 5677 3007 5728; x_wconf 85' lang='lat' dir='ltr'><strong>luco</strong></span> <span class='ocrx_word' id='word_1_879' title='bbox 3036 5674 3339 5740; x_wconf 82' lang='lat' dir='ltr'><strong>vigilamus,</strong></span> <span class='ocrx_word' id='word_1_880' title='bbox 3370 5668 3483 5727; x_wconf 76' lang='lat' dir='ltr'><strong>iisal</strong></span> <span class='ocrx_word' id='word_1_881' title='bbox 3506 5695 3517 5701; x_wconf 90' lang='lat'><strong>-</strong></span> 
     </span>
    </p>
   </div>
   <div class='ocr_carea' id='block_1_119' title="bbox 1983 5755 3511 5833">
    <p class='ocr_par' dir='ltr' id='par_1_119' title="bbox 1983 5755 3511 5833">
     <span class='ocr_line' id='line_1_119' title="bbox 1983 5755 3511 5833; baseline -0.008 -16"><span class='ocrx_word' id='word_1_882' title='bbox 1983 5768 2154 5819; x_wconf 61' lang='lat' dir='ltr'><strong>Iubam</strong></span> <span class='ocrx_word' id='word_1_883' title='bbox 2199 5776 2473 5833; x_wconf 60' lang='lat' dir='ltr'><strong>lli;lH}l&#39;(‘.S.</strong></span> <span class='ocrx_word' id='word_1_884' title='bbox 2530 5766 2709 5818; x_wconf 77' lang='lat' dir='ltr'><strong>Silivit</strong></span> <span class='ocrx_word' id='word_1_885' title='bbox 2763 5776 2809 5819; x_wconf 78' lang='lat' dir='ltr'><strong>te</strong></span> <span class='ocrx_word' id='word_1_886' title='bbox 2865 5765 3037 5815; x_wconf 76' lang='lat' dir='ltr'><strong>anima</strong></span> <span class='ocrx_word' id='word_1_887' title='bbox 3076 5770 3280 5821; x_wconf 84' lang='lat' dir='ltr'><strong>nostra,</strong></span> <span class='ocrx_word' id='word_1_888' title='bbox 3341 5755 3511 5810; x_wconf 81' lang='lat' dir='ltr'><strong>sitivit</strong></span> 
     </span>
    </p>
   </div>
  </div>
