4226 6418
724 403 793 463 27
1964 401 2248 462 MENSlS
2288 399 2385 456 NO

2241 406 2248 454 ι
2288 399 2718 462 NOl'lSMRER.
3841 408 3910 470 ΞΒ

724 520 890 571 Deum
961 514 1144 567 vivum
1224 522 1277 567 et
1321 515 1535 569 fortem.
1599 517 1700 570 Sed
1752 526 1805 569 tu
1854 519 1937 569 fac
1987 516 2268 569 nobiseum
2305 509 2393 567 Αε

2243 532 2268 566 ιι
2305 512 2345 567 Α
2376 508 2505 559 Θελν
2535 511 2706 571 ζῶντα
2755 531 2845 567 και
2901 514 3137 583 ἰσχυρόν.
3198 516 3355 568 ’Λλλὰ
3413 519 3476 570 συ
3522 517 3743 585 ποίησον
3796 519 3912 585 μεθ’

723 602 1111 657 convenienter
1165 608 1270 655 tua:
1323 602 1750 667 mansuetudini,
1787 614 1840 655 et
1883 606 2020 657 educ
2056 619 2153 655 nos
2206 605 2272 654 de

724 693 840 744 lacu
891 690 1136 742 miseriae.
1189 689 1453 754 Quoniam
1506 691 1734 758 benigna
1766 702 1849 745 est
1898 692 2267 745 misericorda

724 790 835 841 tua,
867 791 920 831 ct
950 780 1160 832 bonitas
1188 796 1307 846 qua:
1337 796 1442 832 non
1473 790 1647 848 potest
1679 783 1903 848 exprimi
1931 785 2005 833 ⁸.»
2045 783 2266 835 Interim

721 878 900 920 autem
952 868 1080 919 dum
1136 878 1524 935 precarentur,
1596 870 1861 936 Splendidi
1925 882 2269 925 accesserunt

726 958 922 1022 angeli,
994 959 1155 1009 veluti
1216 958 1538 1024 quibusdam
1594 959 1762 1027 virgis
1818 960 2010 1013 ferreis
2068 961 2269 1016 bestias

723 1047 1024 1111 abi-gentes,
1056 1056 1109 1099 et
1143 1062 1584 1115 unumquemque
1619 1064 1648 1101 e
1675 1052 1877 1104 sanctis
1922 1066 2081 1103 manu
2118 1054 2266 1105 acci-

729 1136 957 1199 pientes,
989 1150 1084 1187 eos
1129 1135 1320 1187 illmsos
1366 1152 1409 1188 e'
1436 1136 1596 1191 fossis
1636 1138 1961 1192 eduxerunt.
2012 1142 2115 1195 Sed
2174 1158 2265 1195 rex

725 1238 847 1273 (um
917 1234 1193 1288 oporteret
1241 1240 1429 1278 rursus
1471 1226 1671 1280 Christi
1737 1227 2033 1297 intelligere
2076 1240 2268 1299 poten-

738 1309 888 1370 tiam,
924 1319 977 1361 et
1008 1326 1220 1363 Cessare
1252 1313 1539 1380 aliquando
1566 1316 1806 1383 aggredi,
1835 1332 1952 1384 qua:
1987 1333 2093 1370 non
2139 1334 2263 1386 pos-

724 1407 848 1449 sunt
898 1398 1055 1457 eflici,
1113 1400 1199 1453 ille
1258 1401 1420 1468 jussit
1471 1412 1686 1455 sanctos
1742 1419 1929 1457 rursus
1974 1420 2267 1474 suspensos

727 1486 879 1540 medi.
924 1488 1055 1540 Cum
1101 1499 1280 1542 autem
1328 1490 1549 1546 vidisset
1602 1507 1789 1546 eorum
1843 1509 2033 1548 carnes
2083 1497 2267 1549 multis

726 1575 876 1627 horis
909 1576 1209 1638 conscindi,
1239 1577 1471 1645 fortique
1516 1590 1570 1632 et
1599 1596 1862 1649 generoso
1902 1583 2083 1636 animo
2124 1586 2264 1638 resi-

722 1675 866 1718 sterc
896 1667 1303 1731 certaminibus,
1340 1670 1495 1737 jubet
1526 1686 1621 1724 eos
1659 1686 1688 1724 e
1739 1673 1899 1739 lignis
1943 1674 2164 1741 deponi,
2208 1685 2264 1730 et

722 1756 801 1809 eis
828 1756 1005 1824 capita
1032 1759 1318 1827 amputari.
1345 1759 1462 1827 Ipse
1490 1763 1634 1813 enim
1669 1764 1838 1831 magis
1877 1773 1994 1816 erat
2020 1764 2264 1819 defessus

726 1845 997 1898 intentans
1053 1847 1313 1915 supplicia
1346 1888 1360 1912 ,
1404 1847 1570 1918 quani
1608 1861 1871 1921 martyres
1918 1856 2256 1908 sustinentes
2288 1822 2336 1881 Β

721 1948 805 1993 ca,
839 1949 957 2000 qua:
987 1936 1434 1989 intentabantur:
1469 1948 1523 1991 et
1569 1954 1775 1991 summa
1824 1941 2142 1995 fortitudine
2186 1943 2263 1994 vi-

722 2034 913 2076 cerunt
956 2026 1030 2077 illi
1067 2026 1331 2080 infinitam
1361 2029 1755 2083 crudelitatem.
1786 2030 1918 2083 Cum
1943 2033 2051 2100 jam
2079 2042 2259 2087 autem

721 2115 787 2167 ad
852 2126 1075 2168 mortem
1134 2118 1554 2179 abducerentur.
1604 2121 1695 2189 qui
1742 2122 1809 2173 ah
1858 2123 1938 2174 eis
1978 2124 2260 2178 illuminati

722 2206 941 2259 fuerant
978 2210 1039 2257 ad
1073 2208 1344 2275 pietatem,
1381 2210 1537 2262 simul
1584 2226 1704 2263 cum
1732 2223 1919 2264 senatu
1946 2230 1957 2259 :
1987 2213 2264 2267 Dimittitis

721 2309 839 2357 nos,
866 2295 1146 2361 dicebant,
1180 2311 1212 2348 ο
1237 2297 1482 2351 doctores
1512 2298 1744 2364 pietatis.
1771 2314 1932 2367 super
1952 2301 2261 2353 cathedram

722 2384 1059 2448 pestilentiee.
1099 2386 1150 2436 in
1182 2385 1355 2437 medio
1395 2385 1641 2439 licelesia‘.
1671 2388 2101 2455 malignantium,
2129 2404 2253 2441 cum

720 2474 783 2521 all
833 2487 1139 2524 mensuram
1166 2474 1337 2532 artatis
1366 2474 1417 2525 in
1467 2473 1682 2527 Christo
1717 2477 1957 2529 nondum
1995 2494 2259 2545 pervene-

722 2561 909 2612 rimus.
951 2561 1095 2612 Beati
1125 2571 1303 2614 autem
1335 2564 1405 2614 illi
1447 2566 1526 2617 eis
1554 2567 1944 2632 responderunt
1974 2586 1985 2619 :
2029 2568 2129 2632 Qui
2165 2569 2260 2621 do-

723 2658 805 2699 cet
833 2648 1101 2701 hominem
1133 2651 1410 2703 scientiam
1450 2654 1702 2709 Christus
1746 2656 1887 2710 Deus
1927 2668 2131 2723 noster,
2168 2662 2258 2727 qui

720 2746 801 2785 est
847 2737 1165 2790 illuminatio
1203 2740 1503 2791 animarum
1540 2753 1871 2804 nostrarum,
1919 2746 2032 2811 ipse
2064 2762 2159 2799 vos
2198 2749 2260 2800 il-

721 2825 1008 2878 luminabit
1036 2836 1090 2879 et
1123 2828 1311 2881 reddet
1342 2830 1724 2897 intelligentes,
1762 2832 2051 2901 firtnosque
2100 2836 2259 2889 faciet

717 2922 771 2964 et
799 2914 1014 2966 stabiles
1044 2914 1391 2970 fundamento
1422 2932 1532 2971 sua:
1566 2918 1709 2971 fidei.

797 3002 951 3054 XVII.
990 3003 1169 3057 ltelata
1226 3016 1349 3059 sunt
1398 3007 1512 3060 hzrc
1569 3010 1719 3077 regi:
1766 3019 1821 3064 et
1871 3012 2015 3079 quod
2066 3029 2254 3084 magna

2375 602 2530 667 ἡμῶν
2563 604 2698 652 κατὰ
2724 605 2820 671 τὴν
2854 606 2952 659 σὴν
3003 607 3325 667 ἐπιείκειαν,
3358 610 3449 658 καὶ
3497 608 3734 673 ἀνάγαγε
3766 609 3911 675 ἡμᾶς

2373 693 2435 741 ἐκ
2464 692 2661 743 λάκκου
2696 694 3068 761 ταλαιπωρίας
3090 712 3103 726 ’
3134 697 3214 747 ὅτι
3256 698 3316 747 τὸ
3367 696 3512 757 ἔὶεὸς
3543 714 3634 749 σου
3659 698 3911 766 χρηστὸν,

2371 777 2462 828 καὶ
2496 780 2527 846 ἡ
2564 779 2833 847 ἅγαθότης
2867 784 3201 842 ἁνείκαστος.
3229 784 3375 852 ’Ᾱμα
3413 783 3467 836 δὲ
3494 788 3556 853 τῇ
3591 786 3743 853 εὐχῇ,
3775 786 3912 851 λαμ.-

2372 870 2765 935 προφοροῦντες
2802 870 3109 939 ἐπέστησαν
3138 873 3376 937 ἄγγελοι,
3413 867 3499 924 οἷα
3528 889 3635 924 τισι
3668 874 3911 941 σιδηραῖς

2371 956 2585 1023 ρἀδοις
2607 959 2733 1019 τοὺς
2773 957 2944 1025 θῆρας
2984 961 3398 1023 ἀποσοϐοῦντες,
3429 962 3659 1014 ἑκάστου
3704 978 3762 1013 τε
3801 963 3911 1013 τῶν

2366 1050 2538 1116 ἁγίων
2577 1050 2863 1118 λαϐόμενοι
2906 1051 3004 1118 τῆς
3037 1051 3235 1119 χειρὸς.
3277 1051 3532 1113 ἀϐλαϐεῖς
3565 1053 3671 1104 τῶν
3704 1052 3911 1120 βάθρων

2367 1140 2577 1207 ἐξῆγον.
2624 1139 2765 1192 Ἀλλ’
2805 1142 2832 1192 ὁ
2866 1140 3135 1208 βασιλεὺς,
3183 1142 3302 1194 δέον
3338 1142 3497 1196 πάλιν
3539 1144 3773 1195 συνεῖναι
3812 1142 3911 1211 τὴν

2367 1229 2604 1298 Χριστου
2655 1229 2881 1298 δύναμιν
2926 1231 3017 1281 xa‘.
3069 1230 3375 1283 παύσασθαί
3439 1248 3566 1283 ποτε
3631 1233 3909 1296 ἀνηνύτοις

2366 1318 2681 1388 ἐπιχειρεῖν,
2711 1319 2741 1371 ὁ
2790 1320 2846 1372 δὲ
2883 1321 3134 1372 ἐκέλευσε
3192 1324 3315 1383 τοὺς
3357 1323 3540 1384 ἁγίους
3592 1318 3744 1381 αὖθις
3778 1339 3907 1391 κρε-

2371 1410 2675 1477 μασθέντας
2724 1410 2958 1475 ξέεσθαι.
2999 1412 3086 1472 Ὠς
3109 1412 3165 1464 δὲ
3197 1411 3289 1463 ἐπὶ
3326 1412 3542 1473 πολλαῖς
3570 1413 3687 1473 ταῖς
3738 1411 3905 1481 ὥραις

2364 1500 2462 1562 τὰς
2496 1503 2700 1568 σάρκας
2747 1503 3077 1570 τεμνομένας
3121 1505 3285 1571 ἐώρα,
3325 1504 3417 1555 καὶ
3479 1503 3622 1571 ψυχῇ
3682 1506 3905 1572 γενναία

2365 1589 2499 1656 πρὸς
2536 1591 2659 1647 τοὺς
2708 1590 2921 1657 ἀγῶνας
2952 1592 3294 1660 ἀντέχοντας,
3361 1592 3746 1660 καθαιρεθῆναι
3797 1593 3903 1642 τῶν

2364 1674 2535 1739 ξύλων
2551 1677 2776 1738 κελεύει.
2793 1681 2887 1732 καὶ
2909 1680 3004 1739 τὰς
3020 1682 3254 1745 κεφαλὰς
3274 1682 3514 1751 ἐκτμηθῆ
3527 1699 3629 1736 ναι.
3662 1683 3903 1748 Ἐκαμνε

2362 1769 2468 1838 γὰρ
2499 1768 2660 1831 αὐτὸς
2698 1768 2898 1834 μᾶλλον
2930 1770 3148 1836 ἐπάγων
3184 1772 3280 1831 τὰς
3306 1772 3595 1837 τιμωρίας,
3631 1770 3661 1837 ἢ
3690 1770 3738 1823 οί
3769 1770 3905 1836 μὰρ-

2362 1876 2522 1926 τυρες
2565 1859 2853 1927 ὑπομένειν
2891 1859 2959 1911 τα
2992 1862 3323 1928 ἐπαγομενα,
3361 1862 3453 1912 καὶ
3486 1860 3763 1926 νενίκηκεν
3806 1860 3904 1909 ύπ-

2363 1950 2556 2019 ερϐολῇ
2589 1950 2965 2018 γενναιότητος
2994 1991 3006 2009 ,
3033 1950 3312 2019 ὠμότητος
3354 1952 3634 2019 ἀμετρίαν.
3678 1952 3903 2015 Ἀπαγο-

2364 2044 2537 2111 μένων
2565 2043 2620 2095 δὲ
2652 2043 2756 2109 Ιἤδη
2789 2044 2886 2110 τὴν
2939 2044 3030 2093 ἐπὶ
3066 2044 3290 2095 θάνατον
3321 2046 3369 2096 οἱ
3424 2044 3552 2110 παρ’
3586 2045 3765 2096 αὐτῶν
3793 2060 3904 2110 φω-

2358 2132 2629 2193 τισθέντες
2654 2133 2732 2193 εἰς
2765 2131 3072 2184 θεοσέϐειαν
3104 2136 3197 2185 συν
3228 2135 3341 2200 ἅμα
3368 2136 3459 2185 καὶ
3487 2137 3551 2202 τῇ
3591 2134 3901 2201 συγκλήτῳ,

2374 2223 2581 2289 Ἀφίετε
2607 2223 2775 2289 ἡμᾶς,
2815 2222 3015 2288 ελεγον,
3049 2224 3095 2273 οἱ
3132 2225 3228 2289 τῆς
3263 2222 3537 2284 εὐσεϐείας
3567 2223 3899 2282 διδάσκαλοι,

2359 2313 2451 2362 ἐπὶ
2484 2312 2716 2381 καθέδρα
2742 2311 2944 2378 λοιμῶν
2981 2314 3035 2361 ἓν
3067 2312 3214 2378 μέσῳ
3250 2312 3571 2379 Ἐκκλησίας
3612 2329 3904 2379 πονηρευο-

2363 2402 2557 2466 μένων,
2595 2402 2758 2469 μήπω
2788 2401 2920 2468 πρὸς
2956 2402 3150 2468 μέτρον
3184 2402 3281 2467 τῆς
3314 2403 3369 2453 ἐν
3402 2401 3620 2469 Χριστῷ
3663 2402 3902 2468 φθάσαν-

2361 2508 2456 2551 τας
2488 2491 2722 2558 ἡλικίας.
2765 2493 2827 2541 Ol
2858 2494 2913 2544 δὲ
2954 2495 3206 2560 μακάριοι
3245 2494 3376 2559 πρὸς
3426 2494 3618 2554 αὐτοὺς
3673 2494 3904 2559 ἁπεκρί-

2360 2598 2533 2643 ναντο,
2553 2583 2610 2633 '0
2637 2582 2897 2634 διδάσκων
2924 2584 3201 2650 ἄνθρωπον
3224 2585 3423 2648 γνιῖσιν
3455 2584 3681 2651 Χριστὸς
3711 2585 3736 2632 ὁ
3771 2582 3901 2641 Θεὸς

2360 2671 2514 2737 ἡμῶν
2571 2672 2599 2722 δ
2662 2673 2937 2739 φωτισμὶς
3000 2673 3106 2723 τῶν
3156 2674 3434 2741 ἡμετέρων
3476 2674 3679 2739 ψυχῶν,
3744 2673 3900 2729 αὐτὸς

2359 2760 2501 2822 ὑμᾶς
2531 2762 2722 2824 φωτιεῖ
2753 2775 2810 2809 τε
2852 2759 2944 2809 καὶ
2978 2763 3227 2822 συνετιεῖ,
3256 2761 3347 2811 καὶ
3382 2758 3458 2828 τῷ
3491 2760 3720 2827 θεμελίῳ
3748 2760 3901 2825 ἐδρα-

2359 2862 2439 2897 σει
2468 2846 2565 2914 τῆς
2596 2846 2757 2899 αὐτοῦ
2785 2848 3043 2911 πῖστεωςς

2439 3024 2728 3091 Ἀνηνέχθη
2763 3025 2931 3075 ταῦτα
2956 3026 3029 3092 τῷ
3054 3026 3284 3093 βασιλεῖ,
3323 3029 3412 3079 καὶ
3446 3028 3517 3089 ὡς
3542 3028 3693 3096 ὅχλος
3717 3029 3897 3091 ἱκανὸς

719 3092 1010 3144 multitudo
1048 3107 1369 3161 sequeretur
1403 3108 1637 3159 sanctos.
1674 3116 1861 3153 eorum
1912 3104 2084 3158 credes
2133 3120 2255 3172 pro-
2286 3127 2327 3185 ο
2363 3114 2387 3164 ἓ

2226 3130 2255 3151 ι·
2286 3127 2327 3185 c
2363 3114 2544 3164 ἕποιτο
2574 3115 2685 3174 τοῖς
2721 3114 2894 3180 ἁγίοις
2924 3092 3201 3183 ἁπείγργων
3230 3117 3405 3169 αὐτῶν
3438 3119 3535 3187 τὴν
3568 3092 3802 3187 σφαγήν.
3837 3121 3895 3173 Ὀ

720 3183 930 3235 hihens.
971 3184 1058 3235 lllc
1092 3193 1270 3238 autem
1306 3189 1485 3241 statim
1533 3190 1735 3244 emittit
1786 3202 2054 3247 catervam
2110 3197 2256 3250 mili-

718 3282 828 3323 tum
860 3273 911 3325 in
947 3288 1061 3335 eos,
1108 3275 1197 3343 qui
1242 3278 1609 3343 sequebantur
1654 3292 1887 3345 sanctos,
1931 3286 2015 3337 cui
2041 3287 2252 3355 jussum

717 3365 891 3415 Inerat
931 3372 989 3415 ut
1016 3379 1107 3417 eos
1147 3367 1460 3433 etpellerct,
1513 3369 1605 3423 sed
1656 3373 1856 3441 egregii
1896 3373 1969 3425 illi
2008 3375 2129 3439 viri,
2162 3378 2252 3443 qui

716 3448 777 3499 ad
816 3448 973 3501 finem
1004 3465 1172 3518 usque
1222 3462 1521 3515 statuerant
1570 3458 1819 3511 resistere
1862 3470 2103 3526 peccato,
2154 3463 2255 3517 hoc

716 3538 847 3589 nihil
876 3538 1159 3606 facientes,
1190 3545 1494 3601 maluerunt
1556 3552 1735 3618 potius
1781 3554 1915 3604 mori
1957 3570 2079 3607 eum
2127 3572 2253 3609 san-

713 3626 827 3678 ctis.
895 3628 1134 3691 Quorum
1180 3638 1535 3690 constantiam
1577 3654 1696 3692 cum
1754 3652 2015 3711 tyrannus
2065 3662 2253 3700 rursus

718 3713 1088 3781 intellexisset,
1134 3721 1299 3787 jussit
1347 3739 1536 3779 omnes
1572 3727 1730 3781 simul
1769 3745 1891 3783 cum
1938 3734 2142 3787 sanctis
2170 3736 2253 3787 iu-

715 3803 905 3865 n-rfici,
968 3821 1077 3859 suae
1126 3811 1404 3866 occidendi
1467 3815 1712 3871 homines
1762 3820 2072 3888 cupiditatis
2125 3840 2249 3892 pra:-

715 3903 915 3945 textum
968 3899 1243 3965 accipiens
1299 3917 1487 3956 eorum
1530 3921 1768 3961 amorem
1822 3910 2059 3977 pictatis.
2113 3914 2247 3968 Cum

714 3993 892 4034 autem
927 3986 974 4035 ei
1009 3990 1401 4056 suggessissent
1446 3997 1685 4063 quidam,
1718 4014 1947 4067 quorum
1993 4012 2109 4057 erat
2134 4020 2246 4057 ma-

713 4086 849 4137 gnus
873 4074 1020 4128 zelus
1044 4078 1095 4129 in
1130 4079 1436 4143 simulacra,
1467 4086 1606 4152 quod
1632 4087 1817 4142 fuisset
1846 4101 2062 4146 senatus
2090 4108 2246 4147 causa

716 4160 906 4214 horum
974 4166 1260 4229 malorum,
1305 4170 1457 4238 jubet
1518 4174 1732 4229 beatum
1792 4178 1987 4234 adduci
2031 4182 2247 4251 Elpide-

710 4251 964 4317 phorum,
1012 4265 1069 4307 ut
1106 4258 1196 4325 qui
1231 4261 1370 4326 apud
1402 4277 1525 4315 eum
1554 4264 1719 4321 ferret
1750 4271 1952 4336 primos
1980 4274 2234 4331 honores.

713 4341 803 4393 Ille
860 4354 1039 4397 autem
1096 4362 1391 4406 conversus
1444 4354 1511 4407 ad
1560 4357 1791 4413 invictos
1832 4374 2116 4434 martyres,
2148 4371 2239 4436 qui

712 4432 945 4485 nondum
979 4448 1131 4491 erant
1161 4447 1511 4499 consummati
1540 4463 1553 4500 :
1580 4447 1799 4517 Rogate,
1827 4432 1984 4520 dixit,
2011 4473 2109 4525 pro
2137 4432 2239 4524 me,
2279 4441 2320 4495 θ

708 4517 890 4573 l’alres
919 4524 969 4576 in
1007 4527 1220 4593 spiritu,
1277 4530 1442 4587 duces
1492 4550 1624 4615 meae
1670 4538 1722 4590 in
1770 4540 2049 4599 Christum
2093 4548 2239 4612 fidei,

712 4616 768 4660 ut
798 4625 895 4677 ego
943 4628 1157 4682 quoque
1190 4633 1218 4670 a
1253 4631 1428 4675 vestro
1458 4637 1601 4679 coetu
1665 4643 1773 4682 non
1823 4633 2087 4689 excidam.
2141 4639 2237 4693 Cui

707 4697 875 4748 sancti
905 4715 916 4749 :
968 4700 1093 4753 Esto
1122 4703 1264 4759 bono
1306 4710 1505 4774 animo,
1540 4713 1811 4779 dixerunt,
1838 4733 1870 4770 o
1903 4719 2089 4787 frater,
2122 4738 2238 4779 esto

707 4782 848 4837 bono
893 4789 1091 4855 animo,
1124 4802 1179 4844 et
1208 4810 1273 4848 ne
1323 4799 1397 4851 sis
1446 4801 1625 4856 animo
1670 4808 1893 4873 anxius,
1941 4828 2037 4866 nos
2094 4816 2237 4868 enim

706 4874 1002 4961 praecedes,
1032 4880 1237 4945 primus
1260 4884 1529 4943 sistendus
1549 4906 1731 4948 coram
1761 4899 1965 4953 ctelesti
1992 4901 2237 4961 Domino.

703 4960 836 5013 Cum
866 4977 959 5018 eos
987 4981 1118 5037 ergo
1167 4985 1312 5028 esset
1347 4980 1645 5050 amplexus,
1704 4987 2003 5045 ducebatur
2047 4995 2113 5047 ad
2153 5006 2236 5066 ty-

705 5064 934 5155 rannum
967 5073 980 5108 :
1034 5072 1157 5113 eum
1187 5072 1368 5119 autem
1405 5076 1515 5125 tres
1550 5088 1776 5145 quoque
1801 5080 1892 5134 alii
1940 5064 2235 5155 conseque-

702 5138 921 5205 bantur,
968 5147 1062 5215 qui
1089 5162 1243 5207 erant
1270 5157 1512 5226 ejusdem
1541 5138 1705 5219 animi
1730 5176 1785 5221 et
1810 5168 2065 5228 instituti.

770 5229 952 5334 XXI".
1010 5235 1289 5308 Tyrannus
1325 5259 1503 5303 autem
1540 5271 1551 5306 :
1585 5253 1724 5310 Ouid
1789 5260 1964 5327 vobis,
2016 5264 2187 5334 inquit
2214 5306 2229 5330 ,

700 5322 917 5421 accidit,
945 5341 977 5380 ο
1007 5332 1176 5398 stulti,
1234 5344 1292 5389 ut
1340 5338 1563 5396 deorum
1610 5347 1827 5413 quidem
1878 5322 2105 5421 patriam
2150 5322 2234 5413 di;

704 5411 990 5470 mitteretis
1041 5422 1376 5493 religionem,
1433 5432 1787 5494 adhazreretis
1816 5457 1945 5497 vero
2000 5445 2085 5499 bis
2134 5450 2235 5500 im-

702 5504 1041 5565 postoribus?
1092 5514 1193 5567 Sed
1229 5518 1329 5570 nisi
1359 5522 1466 5573 cito
1502 5525 1902 5596 resipiscentes,
1932 5534 1994 5588 ad
2053 5538 2230 5603 prior-1

807 5684 825 5709 "
857 5687 995 5740 Psal.
1031 5706 1156 5750 uti,
1189 5692 1239 5752 Ξ,
1269 5710 1385 5763 sqq.

2356 3203 2412 3254 δὲ
2456 3205 2639 3268 στίφος

2356 3310 2481 3356 νων,
2532 3296 2640 3353 τοῖς
2700 3293 2876 3358 ἁγίοις
2932 3296 3225 3362 ἐκπέμπει.
3278 3297 3615 3363 ἀποσοϐῆσαι
3675 3298 3896 3358 τούτους

2357 3379 2795 3444 κεκελευσμένον.
2840 3380 2976 3431 Ἀλλ’
3017 3382 3069 3432 οἱ
3094 3386 3327 3448 γενναῖοι
3373 3385 3569 3435 ἐκείνοι
3606 3386 3699 3435 καὶ
3732 3386 3892 3452 μέχρι

2353 3468 2539 3528 τέλους
2570 3468 2704 3534 πρὸς
2733 3468 2830 3535 τὴν
2866 3470 3136 3537 ἁμαρτίαν
3178 3474 3471 3539 ἐγνωκότες
3518 3472 3896 3526 ἀντικαθίστα-

2356 3558 2499 3618 σθαι,
2536 3561 2665 3627 παρ’
2695 3560 2845 3610 οὐδὲν
2877 3560 3031 3611 τοῦτο
3080 3561 3314 3628 θὲμειοι,
3346 3564 3455 3623 τοῖς
3492 3563 3660 3627 ἁγίοι,
3696 3565 3894 3629 μᾶλλον

2353 3646 2555 3699 εἵλοντο
2596 3648 2995 3702 συναποθανεῖν.
3034 3642 3131 3700 Ὦ)
3163 3651 3258 3715 τὴν
3279 3650 3525 3701 ἔνστασιν
3586 3653 3610 3702 ὀ
3637 3651 3892 3717 τύραννος

2353 3732 2506 3797 αὖθις
2567 3738 2896 3803 ἀναμαθὼν,
2956 3739 3203 3791 ἐκέλευσε
3254 3742 3363 3800 τοῖς
3420 3739 3591 3805 ἁγίοις
3652 3740 3892 3800 ἆταντις

2355 3829 2895 3894 συγκατασφαγῆναι,
2953 3830 3222 3896 πρόφασιν
3272 3831 3363 3896 τῆς
3397 3831 3530 3897 πρὸς
3560 3830 3620 3880 τὸ
3649 3831 3891 3897 ἀναιρεῖν

2351 3917 2670 3985 ἀνθρώπους
2699 3919 3010 3983 ἐπιθυμίας,
3063 3920 3123 3970 τὸ
3161 3918 3476 3983 φιλευσεόἐς
3525 3920 3699 3971 αὐτῶν
3731 3935 3888 3987 ποιη-

2351 4006 2598 4074 σάμενος.
2647 4007 2997 4076 ’Υποεληθεὶς
3028 4008 3083 4059 δὲ
3129 4009 3229 4060 ὑπὸ
3265 4026 3420 4061 τινων
3449 4005 3527 4071 οἷς
3564 4010 3720 4076 ζῆλος
3767 4015 3889 4077 περὶ

2349 4097 2416 4147 τὰ
2446 4097 2636 4148 εἴδωλα
2669 4093 2756 4166 ἦν,
2799 4098 2871 4157 ὡς
2926 4099 2957 4165 ἡ
3005 4098 3305 4165 σύγκλητος
3355 4099 3501 4152 αἰτία
3543 4101 3749 4165 γένοιτο
3784 4101 3888 4152 τῶν

2348 4186 2612 4239 τοσούτων
2640 4187 2840 4250 κακῶν,
2866 4186 2955 4237 τὸν
2983 4188 3248 4254 μακάριον
3265 4187 3634 4255 Ἐλπιδιιρόρον
3657 4189 3887 4258 ἀχθῆναι

2351 4277 2673 4345 προστάττει
2719 4276 2811 4327 ἆτε
2852 4277 2947 4335 τὰς
2985 4277 3201 4345 πρώτας
3250 4277 3486 4347 φέροντα
3540 4278 3685 4346 παρὰ
3716 4281 3886 4348 ταᾷτῃ

2347 4367 2531 4432 τιμάς.
2574 4365 2631 4416 ὐ
2697 4366 2754 4417 δὲ
2815 4367 2947 4433 πρὸς
3005 4367 3126 4427 τοὺς
3179 4368 3474 4435 ἀηττήτους
3531 4369 3883 4436 ἐπιστραφεὶς

2349 4458 2649 4527 μάρτυρας,
2682 4458 2833 4510 οὔπω
2857 4459 3255 4522 τελειωθέντας,
3281 4458 3519 4523 Εΰξασθε
3566 4458 3713 4513 εἶπεν
3746 4463 3883 4530 ὑπὲρ

2348 4548 2481 4616 ἐμοῦ
2507 4550 2740 4617 ιιατὲρες
2772 4550 2830 4600 ἐν
2870 4550 3166 4616 πνεύματι,
3205 4552 3253 4602 ol
3281 4552 3400 4619 ἐμοὶ
3420 4552 3514 4619 τῆς
3544 4553 3620 4614 εἰς
3647 4553 3879 4623 Χριστὸν

2347 4642 2579 4700 πίστεως
2613 4640 2794 4707 ὁδηγοὶ
2837 4639 2975 4692 ὥστε
3021 4641 3164 4710 κὰμέ
3211 4641 3307 4710 τῆς
3343 4641 3494 4709 ὑμῶν
3522 4643 3765 4704 συνοδίας
3806 4644 3882 4711 μὴ

2343 4731 2611 4782 ἐκπεσεῖν.
2644 4730 2782 4798 Πρὸς
2814 4731 2938 4796 ὅνζοῑ
2963 4731 3125 4797 ἁγιοι·
3152 4731 3371 4799 Θάρσει,
3403 4730 3629 4799 ἔφησαν,
3655 4731 3869 4797 ἁδελφέ,

2346 4823 2555 4889 θάρσει,
2587 4824 2677 4874 καὶ
2714 4821 2787 4891 μὴ
2840 4821 3037 4889 ἀθύμει
3059 4838 3072 4851 ·
3106 4824 3392 4891 προηγήσῃ
3422 4822 3525 4892 γὰρ
3552 4822 3705 4890 ἡμῶν
3730 4824 3880 4892 πρῶ-

2342 4928 2433 4973 τος
2454 4906 2527 4978 τῷ
2546 4912 2777 4981 οὐρανίῳ
2800 4911 3039 4981 Δεσπότῃ
3073 4912 3574 4980 παραστησάμενος.
3608 4912 3878 4965 Ἀσπασά-

2344 5019 2501 5072 μενος
2529 4996 2622 5055 οὖν
2651 5002 2863 5064 αὐτοὺς,
2901 5002 3032 5070 πρὸς
3066 5002 3153 5051 τὸν
3184 5001 3444 5069 τύραννον
3481 5002 3666 5068 ἧγετο,
3702 5004 3877 5053 συνεί.

2343 5109 2502 5145 ποντο
2530 5091 2588 5144 δέ
2613 5090 2759 5160 αὐτῷ
2794 5089 2885 5143 καὶ
2914 5090 3089 5159 ἕτεροι
3122 5092 3269 5157 τρεῖς
3292 5089 3389 5157 τῆς
3418 5088 3589 5156 αὐτῆς
3627 5090 3873 5159 ἐχόμενοι

2343 5183 2565 5252 γνώμης
2593 5182 2687 5235 καὶ
2724 5180 3111 5251 προαιρέσεως.

2414 5273 2519 5328 ιη’.
2556 5273 2614 5327 '0
2640 5272 2965 5341 δέτύραννος
2988 5271 3052 5322 Τί
3087 5272 3407 5336 πεπόνθατε,
3436 5275 3614 5343 φησῖν,
3635 5274 3867 5339 ἀνόητοι.

2340 5368 2437 5434 τῆς
2480 5366 2576 5433 μὲν
2631 5362 2887 5433 πατρῴας
2942 5362 3048 5414 τῶν
3095 5361 3230 5415 θεῶν
3270 5363 3565 5433 θρησκείας
3612 5366 3867 5431 ἀφέμενοι

2336 5457 2445 5515 τοῖς
2473 5455 2745 5508 ἀπατεῶσι
2782 5453 2836 5505 δὲ
2873 5451 3079 5515 τούτοις
3120 5453 3645 5521 προσκολληθέντες;
3678 5453 3792 5505 ἀλλ’
3818 5455 3867 5505 εί

2341 5544 2411 5611 μὴ
2450 5544 2630 5611 τάχιον
2660 5541 3023 5609 ἀνανήψαντες
3053 5541 3388 5595 ἐπιλάϐοιοθε
3428 5543 3531 5595 τῶν
3567 5543 3862 5613 προτέρων,

2709 3206 3051 3272 στρατιωτῶν
3092 3207 3338 3273 ἐξαυτῆς,
3376 3206 3513 3259 κ”τὰ
3547 3206 3655 3258 τῶν
3700 3209 3896 3275 ἐπομε-
