4226 6418
301 373 374 434 29
1108 383 1570 443 MARTYBIUM
1609 387 1670 444 S.
1718 386 2082 448 ACINDYNI
2122 390 2211 450 ET
2254 392 2658 453 SOCIOIlUM.
3433 402 3502 467 30

300 492 496 555 πικρὸν
521 488 659 554 ὑμᾶς
692 489 748 540 τὸ
778 489 873 557 τῆς
900 489 1043 557 ζωῆς
1076 490 1349 557 ἐκδέξεται
1382 494 1575 560 πέρας.
1616 495 1756 562 Πρὸς
1795 495 1851 547 ὃν
1883 504 1923 555 Λ
1956 515 1969 549 ι

1829 515 1851 544 ν
1883 504 1923 555 Δ
1956 499 2245 564 redieritis,
2274 516 2366 555 vos
2394 503 2621 569 excipiet
2657 505 2886 559 acerbus
2912 508 3032 561 vitae
3061 507 3202 561 linis.
3228 511 3325 562 Cui
3354 512 3498 578 blpi-

312 579 683 645 Ἐλπιδιφορος
721 583 974 650 ἀπτοήτῳ
1031 586 1360 652 φρονήματι,
1424 588 1669 638 Γνωστὸν
1710 588 1851 639 ἔστω

305 686 405 723 σοι,
449 670 688 736 βασιὶεῦ,
725 671 849 737 ἔφη,
900 674 984 723 ὅτι
1039 677 1148 731 τοῖς
1188 675 1260 741 μὴ
1305 671 1421 727 οὖσι
1481 676 1618 737 Θεοῖς
1653 678 1712 727 οὐ
1761 678 1851 728 λα-

294 758 578 825 τρεύομεν,
611 758 698 810 καὶ
729 759 805 827 τῷ
827 761 1050 827 δόγματί
1077 780 1168 814 σου
1196 765 1624 831 ἀντιτασσόμεθα
1651 781 1663 794 °
1716 768 1849 834 ὅπερ

299 845 393 898 οὖν
425 865 503 900 σοι
530 848 735 912 δοκοῦν,
768 852 1022 904 ἐπιτέλει.
1065 853 1217 905 Ἐπεὶ
1256 854 1411 907 τοῦτο
1444 857 1675 924 ἀρέσκον
1702 858 1849 923 ὑμῖν,

296 942 323 991 ὁ
349 941 606 1007 τύραννος
650 942 770 1010 ἔφη,
809 944 867 995 τὸ
900 946 1006 1001 τοῖς
1040 945 1259 997 ἀσεϐέσι
1300 948 1509 1010 τούτοις
1544 950 1849 1016 ἑπομένους

296 1032 391 1082 τοῦ
424 1034 538 1083 ἴσου
570 1034 889 1102 κοινωνῆσαι
936 1035 1147 1100 τέλους,
1183 1037 1375 1091 οὔκουν
1407 1042 1849 1107 ἀποστερήσομεν

297 1122 444 1187 ὑμεῖς
475 1124 569 1189 τῆς
599 1125 858 1189 ἐφέσεως,
892 1126 1027 1178 ἀλλά
1067 1130 1158 1181 καὶ
1196 1131 1295 1191 τὰς
1326 1130 1478 1197 ὑμῶν
1510 1131 1650 1197 ξίφει
1684 1148 1848 1198 κεφα-

299 1213 397 1273 λὰς
429 1217 729 1283 ἐκκοπῆναι
759 1218 985 1272 κελεύω.
1035 1219 1119 1279 Ὦς
1148 1221 1205 1273 δὲ
1238 1222 1440 1290 ταύτης
1482 1224 1531 1274 οί
1566 1223 1711 1289 ἆγιοι
1750 1222 1849 1288 τῆς

296 1306 621 1372 ἀποφάσεως
662 1310 919 1374 ἥκουσαν,
955 1312 1237 1380 χαίροντές
1283 1330 1339 1364 τε
1370 1316 1460 1365 καὶ
1492 1314 1849 1382 ἀγαλλόμενοι

300 1398 438 1464 προς
472 1397 564 1447 τὸν
614 1396 840 1451 θάνατον
874 1401 1070 1468 ἧγοντο
1114 1404 1491 1467 συνεπομένων
1538 1405 1716 1466 αὐτοῖς
1760 1404 1849 1457 καὶ

297 1490 405 1539 τῶν
461 1490 841 1557 στρατιωτῶν,
896 1495 975 1554 είς
1027 1496 1369 1562 τριακοσίους
1411 1495 1848 1563 ἀριθμουμένων,

294 1579 343 1629 οἳ
377 1579 470 1629 σὺν
504 1578 579 1647 τῷ
608 1580 736 1646 θείῳ
785 1582 927 1651 φημὶ
967 1583 1258 1654 Ἀκινδύνῳ
1302 1588 1389 1637 καὶ
1421 1590 1533 1648 τοῖς
1580 1589 1676 1638 σὺν
1706 1588 1851 1653 αύτῷ

298 1669 482 1722 θανεῖν
527 1672 934 1739 ἀγαπήσαντες,
994 1676 1087 1726 καὶ
1132 1675 1272 1727 οὕτω
1308 1676 1442 1741 πρδς
1508 1677 1739 1744 Χριστὸν
1791 1672 1849 1729 οὗ

299 1761 548 1825 κρεῖττον
590 1759 728 1827 ὑπὲρ
761 1758 903 1822 ζωὰς
932 1761 991 1812 τὸ
1025 1762 1171 1821 ἔλεος
1217 1763 1489 1823 ἀπελθεῖν,
1522 1762 1610 1813 τὸν
1642 1761 1727 1813 διὰ
1779 1762 1847 1827 ξί-

296 1865 432 1911 φους
461 1849 703 1915 δέχονται
740 1849 992 1910 θάνατον,
1027 1852 1225 1919 πολλὴν
1249 1855 1337 1904 τοῦ
1370 1856 1635 1921 μακαρίου
1668 1855 1845 1905 ’Λκιν-
1877 1838 1916 1892 Β

296 1939 453 1988 δύνου
488 1941 583 2007 τὴν
614 1942 919 2008 προθυμίαν
949 1945 1126 2007 αὐτοῖς
1167 1945 1535 2011 ἐμποιοῦντος,
1580 1950 1671 1997 καὶ
1708 1947 1844 2013 πρῖς

296 2029 358 2077 τὸ
394 2030 689 2097 μαρτύριον
716 2032 1119 2097 ύπαλείςιοντος.

372 2120 473 2172 ΙΘ’.
532 2122 946 2189 Ἀναιρεθέντων
995 2126 1051 2176 δὲ
1098 2126 1205 2175 τῶν
1242 2126 1582 2193 στρατιωτῶν
1616 2127 1712 2192 ἤδη
1755 2128 1845 2175 καθ.

295 2209 407 2259 τῶν
462 2211 874 2278 συγκλητικῶν,
943 2218 1361 2282 μεταπέμπεται
1421 2217 1507 2265 δια
1562 2216 1766 2283 ταχέων
1822 2216 1846 2264 ὁ

297 2298 558 2366 τύραννος
586 2302 672 2350 τὸν
706 2303 972 2369 μακάριον
1014 2304 1340 2365 ’Δκίνδυνον,
1374 2304 1648 2371 Πηγάσιόν
1675 2322 1727 2354 τε
1757 2303 1847 2354 καὶ

314 2393 775 2457 Ἀνεμπόδιστον·
838 2391 956 2445 εἶτα
1008 2396 1102 2461 τὴν
1164 2394 1449 2460 ἀλωπεκῆν
1505 2395 1697 2453 ύποῖὺς
1760 2394 1845 2444 τὸν

298 2481 506 2547 ἥμεροι
550 2499 604 2532 τε
638 2485 728 2533 καὶ
761 2486 935 2551 πρᾶον
980 2484 1294 2550 ύποκριθεὶς
1327 2486 1664 2535 σκολιώτατα
1700 2500 1710 2512 ·
1756 2485 1846 2542 Τίς

299 2575 331 2635 ἡ
366 2573 584 2638 τοιαύτη
613 2572 763 2638 ὑμῶν
807 2574 1298 2641 ἕνστασις,ἓλεγεν,
1331 2576 1403 2635 ὼς
1445 2576 1539 2640 τῆς
1575 2574 1848 2641 παρούσης

298 2663 593 2728 ἀςειόἦσαι
648 2663 811 2731 ζωῆς,
866 2666 957 2717 καὶ
1004 2666 1230 2717 θάνατον
1275 2666 1472 2733 μᾶλλον
1524 2665 1847 2727 ἀλλάξασθαι

299 2750 502 2817 ταύτης
530 2768 543 2812 ;
573 2752 796 2819 Μάρτυς
845 2769 944 2818 μου
972 2752 1000 2801 ὁ
1055 2752 1189 2819 ἡδὺς
1241 2754 1401 2802 πᾶσιν
1446 2753 1616 2818 ἣλιος,
1668 2754 1746 2800 ὅτι
1784 2754 1849 2800 τα

304 2842 584 2909 σπλάγχνα
616 2842 711 2894 καὶ
743 2843 841 2909 τὴν
869 2842 1067 2910 ψυχὴν,
1099 2844 1188 2894 ἐπὶ
1214 2842 1288 2909 τῷ
1313 2842 1464 2909 ὑμῶν
1490 2842 1849 2904 διακόπτομαι

304 2933 520 3000 θανάτῳ
547 2948 558 2960 ·
597 2934 846 3000 οίκτείρω
893 2934 999 2999 γὰρ
1054 2934 1196 2999 ὑμᾶς
1251 2933 1342 2983 καὶ
1394 2933 1490 2997 τῆς
1517 2931 1727 2999 ἡλικίας
1759 2929 1851 2979 καὶ

303 3025 403 3090 τῆς
436 3024 705 3089 νεότητος,
748 3027 877 3091 πρὸς
915 3024 969 3074 δὲ
1011 3025 1101 3075 καὶ
1143 3024 1239 3089 τῆς
1260 3023 1353 3075 τοῦ
1403 3022 1651 3089 σώματος
1684 3022 1849 3089 ὥρα,

302 3110 367 3182 ἧς
403 3116 492 3166 καὶ
527 3116 715 3183 θηρίον
744 3114 995 3182 ἠλέησεν,
1029 3115 1092 3165 ἂν
1144 3118 1234 3167 καὶ
1280 3115 1553 3179 ἐφείσατο.
1588 3114 1847 3178 Πείσθητε
1876 3154 1922 3214 c

303 3202 394 3257 οὗ)
426 3223 511 3272 μοι
542 3205 659 3257 λίαν
685 3206 838 3271 ὑμῶν
881 3206 1161 3273 κηδομένῳ
1193 3207 1285 3256 καὶ
1321 3205 1386 3255 τὰ
1431 3206 1679 3270 λυσιτελῆ
1713 3220 1848 3269 συμ-

304 3297 641 3348 6ουλεύοντι·
698 3299 855 3363 ὁρᾶτε
900 3297 1004 3364 γὰρ
1044 3297 1116 3356 ὡς
1161 3296 1269 3346 τῶν
1330 3295 1706 3361 συγκλητικῶν
1762 3296 1849 3343 ού-

303 3387 452 3446 δενὸς
494 3386 525 3454 ἦ
565 3386 675 3436 τῶν
711 3384 1057 3453 στρατιωτῶν
1092 3385 1415 3449 ἐφεισάμην.
1460 3384 1639 3449 ’Υμῶν
1665 3384 1717 3432 δὲ
1750 3399 1847 3431 πα-

311 3477 504 3543 τρικῶς
530 3475 759 3543 κήδομαί
788 3491 842 3523 τε
893 3473 984 3525 καὶ
1032 3474 1370 3541 περιέχομαι,
1414 3474 1641 3540 μάλιστα
1672 3473 1728 3521 τὸ
1759 3473 1848 3522 ἀν-

304 3567 500 3634 δρῶδες
532 3566 681 3633 ὑμῶν
713 3564 803 3616 λαὶ
835 3568 1094 3629 γειναῖον,
1118 3564 1178 3614 ὲκ
1199 3562 1291 3613 τοῦ
1316 3564 1439 3629 περὶ⁵
1462 3565 1557 3623 τὰς
1592 3564 1850 3629 βασάνους

304 3658 583 3708 ἀνενδάτου
618 3656 961 3722 καταμαθών.
998 3654 1056 3704 El
1087 3656 1192 3721 γὰρ
1226 3654 1533 3719 πεισθείητέ
1591 3670 1711 3719 μου,
1744 3655 1850 3702 τῶν

306 3746 536 3812 πρώτων
583 3745 722 3811 ὑμᾶς
760 3744 975 3805 ἀξιώσω
1014 3744 1207 3809 τιμῶν,
1237 3744 1330 3793 καὶ
1374 3742 1520 3808 δῶρα
1556 3742 1848 3808 χαριοῦμαι

305 3839 401 3902 τῆς
431 3837 581 3903 ὑμῶν
621 3835 817 3902 ἀρετῆς
849 3834 993 3896 ἀξια.
1038 3836 1099 3884 Οἱ
1132 3833 1186 3884 δὲ
1222 3834 1398 3897 ἅγιοι·
1445 3834 1595 3900 Μήτε
1645 3832 1851 3899 σεαυτῷ

306 3929 527 3987 κόπους,
589 3928 814 3992 ἔφησαν,
873 3926 1007 3991 μήτε
1054 3923 1211 3992 ἡμῶν
1256 3922 1379 3991 είκῆ
1411 3922 1529 3973 θέλε
1576 3925 1848 3989 παρέχειν,

310 4020 442 4068 ἀλλὰ
478 4019 607 4083 μηδὲ
636 4015 829 4083 φειὸώς
864 4016 919 4066 σε
968 4016 1103 4082 τλῆ
1146 4013 1294 4076 ἔλεος
1322 4014 1475 4081 ἡμῶν
1501 4014 1844 4080 λαμϐανέτω,

310 4109 549 4174 κάμψεις
607 4108 712 4174 γὰρ
767 4106 1018 4156 οὐδέποτε
1059 4106 1148 4155 τὸν
1191 4105 1456 4171 ἡμέτερον
1494 4104 1767 4169 λογισμὸν,
1820 4106 1849 4169 ἢ

308 4200 528 4264 ἀγαθῶν
562 4197 905 4262 ἐπαγγελίαις
954 4196 986 4262 ἢ
1035 4194 1217 4246 κακῶν
1242 4193 1509 4254 ἀπειλαῖς,
1558 4195 1588 4257 ἦ
1626 4193 1849 4243 θανάτου

312 4288 437 4345 δέει,
470 4286 559 4336 τοῦ
603 4289 685 4335 σοι
726 4284 976 4351 φοῦεροῦ.
1011 4284 1131 4345 Πῶς
1156 4285 1262 4353 γὰρ
1302 4285 1367 4335 ἂν
1421 4284 1644 4334 θάνατον
1689 4284 1852 4348 φοϐη-

312 4378 472 4434 θεῖεν,
504 4375 595 4435 οὓς
645 4374 799 4425 τοῦτο
847 4374 1045 4441 μᾶλλον
1094 4374 1271 4433 λυπεῖ,
1309 4374 1368 4423 τὸ
1422 4371 1587 4432 ἀπαξ,
1642 4376 1731 4424 καὶ
1779 4375 1850 4440 μὴ

312 4467 567 4534 μυριάκις
595 4464 851 4516 δύνασθαι
879 4464 1127 4532 θνήσκειν
1163 4464 1299 4533 ὑπὲρ
1350 4463 1581 4531 Χριστοῦ
1614 4482 1627 4527 ;

312 4552 404 4606 οὖν
433 4555 606 4621 τὲήίη
630 4570 709 4604 σοι
732 4552 915 4620 κριθὲν
938 4551 1175 4618 ποίησον.
1240 4551 1545 4619 Ἐκδέχεται
1575 4553 1679 4619 γὰρ
1710 4556 1850 4620 ἡμᾶς

313 4648 341 4694 ὁ
373 4644 480 4695 τῶν
512 4644 680 4708 ἁγίων
725 4643 901 4710 χορὸς,
936 4642 1019 4693 ἵνα
1049 4659 1129 4693 σοι
1159 4642 1248 4692 καὶ
1274 4642 1499 4709 χάριτας
1532 4626 1729 4710 μᾶλλον
1760 4646 1852 4711 τῆς

313 4752 377 4786 τα
382 4735 529 4802 χείας
552 4732 981 4800 ὁμολογήσαιμεν
1026 4732 1371 4791 τελειώσεως.

383 4915 469 4966 Κ”,
506 4911 564 4963 v0
585 4910 639 4961 δὲ
672 4909 771 4977 τὴν
802 4908 1004 4977 σκηνὴν
1032 4907 1218 4969 λύσας,
1252 4908 1343 4958 καὶ
1367 4907 1463 4974 τὴν
1492 4908 1854 4975 προσποίητον

314 5005 646 5072 ἡμερότητα,
670 5000 764 5052 Μὰ
793 5002 917 5061 τοὺς
947 4998 1122 5059 θεοὺς,
1153 4994 1324 5058 εἶπεν,
1357 4997 1467 5050 ἀλλ’
1501 5000 1599 5049 οὐκ
1647 5000 1712 5050 ἂν
1740 5000 1854 5050 ἐπι-

312 5094 573 5163 τεύξησθε
603 5092 702 5158 τῆς
735 5090 1047 5158 ἐπιθυμίας.
1092 5088 1316 5141 Κιλιύει
1357 5090 1534 5141 τοίνυν
1582 5088 1847 5159 σιδηροδέ-

314 5201 438 5244 τους
468 5182 664 5248 αὐτοὺς
692 5180 1035 5248 γενομένους,
1067 5180 1125 5229 ὲν
1146 5178 1523 5248 ἀσφαλεστάτη
1552 5180 1616 5245 τῇ
1642 5180 1853 5248 φρουρᾷ

317 5245 621 5341 τηρεῖιέθαι.
654 5245 909 5331 Addici“
954 5269 1082 5337 παρ’
1122 5268 1252 5337 ὃλην
1295 5245 1724 5335 διωκεῷἀμενος
1758 5245 1854 5336 τὴν

320 5363 510 5425 νύκτα,
538 5362 674 5429 ποίῳ
696 5362 760 5412 ἂν
786 5360 981 5421 αὐτοὺς
1009 5358 1219 5430 διολόσῃ
1246 5360 1479 5425 θανάτῳ,
1504 5361 1716 5427 πρωϊας
1755 5360 1852 5428 ῆδη

317 5452 631 5518 γενομένης.
664 5450 872 5502 κελεύει
915 5448 1142 5517 κάμινον
1194 5448 1518 5515 ἑξαφθεῖσαν
1547 5450 1626 5502 ὅτι
1660 5449 1856 5518 πολλὴν

318 5544 441 5602 τοὺς
472 5540 647 5602 θείους
686 5537 970 5591 ὑπολαϐεῖν
1019 5538 1316 5607 μάρτυρας,
1375 5537 1512 5590 ὥστε
1553 5538 1659 5589 τῶν
1690 5539 1853 5603 ἁγίων

319 5631 503 5684 αὐτῶν
530 5633 795 5697 σωμάτων
816 5629 995 5681 τέλεον
1030 5628 1529 5694 ἑκδαπανηθέντων,
1566 5628 1695 5697 μηδὲ
1725 5628 1853 5695 χοῦν

322 5721 710 5785 υπολειςθῆναι
749 5719 1105 5787 Χριστιανοῖς,
1144 5719 1303 5771 πόθου
1349 5720 1442 5771 τοῦ
1486 5720 1617 5785 προς
1664 5720 1849 5779 αὐτους

1955 590 2235 658 dephorus
2262 593 2515 646 interrito
2543 604 2597 646 et
2626 599 2895 649 constanti
2924 600 3102 649 animo
3134 617 3145 650 :
3176 600 3370 651 Notum
3402 605 3493 652 ιιυι

1953 681 2041 738 sit.
2072 682 2267 748 inquit,
2300 698 2332 734 ο
2365 699 2478 745 rex,
2515 686 2656 751 quod
2706 686 2858 747 deos,
2906 686 2998 753 qui
3033 703 3137 740 non
3185 698 3333 748 sunt.
3384 706 3491 741 nun

1951 771 2202 830 colimus.
2255 780 2309 823 et
2347 780 2439 824 tuo
2466 775 2695 840 dogmati
2724 792 3103 843 repugnamus.
3136 778 3235 830 Fac
3262 794 3387 846 ergo
3418 781 3487 838 id,

1951 859 2091 925 quod
2124 860 2220 912 tibi
2269 861 2501 913 videtur.
2529 861 2790 925 Quoniam
2826 866 2929 917 hoc
2982 865 3135 918 vobis
3174 867 3365 933 placet,
3414 886 3492 918 m-

1949 952 2064 1018 quit
2116 961 2390 1019 tyrannus,
2476 955 2753 1019 sequendo
2818 956 2914 1009 hos
2978 958 3169 1023 impios
3250 961 3483 1024 ejusdmn

1949 1056 2163 1108 quoque
2205 1056 2323 1093 esse
2371 1042 2494 1095 linis
2548 1045 2743 1105 socios,
2797 1060 2970 1112 neque
3027 1063 3122 1098 nos
3169 1064 3259 1099 vos
3309 1062 3479 1103 VCHIE

1949 1131 2329 1185 frustrabimus
2382 1134 2674 1199 desiderio,
2708 1138 2800 1188 sed
2854 1146 3031 1189 vestra
3091 1139 3266 1205 capita
3320 1140 3483 1204 juhcu

1948 1223 2123 1290 gladio
2156 1226 2443 1291 amputari.
2477 1226 2612 1277 Cum
2644 1237 2823 1278 autem
2861 1229 3033 1280 sancti
3077 1230 3211 1279 hanc
3245 1229 3485 1280 auditis-

1948 1322 2067 1367 sent
2099 1316 2442 1375 sententiam,
2476 1318 2688 1383 laetique
2720 1328 2774 1371 et
2801 1319 3130 1371 exs-iltantes
3159 1323 3487 1371 ducerentur

1948 1404 2013 1457 ad
2050 1415 2296 1468 mortem,
2330 1421 2425 1457 eos
2448 1422 2663 1473 quoque
2704 1412 3161 1475 consequentibus
3204 1410 3483 1467 militibus,

1948 1496 2038 1561 qui
2070 1505 2224 1547 erant
2255 1510 2481 1548 numero
2524 1498 2743 1550 circiter
2791 1500 3038 1558 trecenti,
3091 1516 3180 1565 qui
3232 1516 3351 1552 cum
3403 1500 3487 1551 di-

1949 1586 2094 1645 vino.
2137 1587 2377 1652 inquam,
2416 1589 2693 1655 Acindyno
2729 1601 2781 1642 et
2831 1590 2950 1657 ejus
2988 1592 3150 1641 sui-iis
3186 1591 3315 1641 rnriri
3370 1608 3483 1642 tn..-

1948 1673 2187 1734 luerunt,
2233 1683 2287 1726 et
2320 1677 2398 1727 sic
2428 1677 2613 1728 venire
2650 1677 2716 1728 ad
2744 1676 3042 1736 Christum,
3081 1680 3235 1744 cujus
3272 1679 3479 1729 miser:-

1947 1763 2130 1815 cordia
2161 1773 2240 1814 est
2272 1778 2432 1827 supra
2465 1764 2621 1820 vitas.
2674 1773 2901 1814 mortem
2966 1763 3141 1827 gladio
3192 1764 3480 1827 accipiunt,

1948 1867 2187 1918 magnam
2219 1854 2381 1903 animi
2412 1852 2746 1903 alacritatem
2777 1854 2855 1903 eis
2882 1852 3140 1904 aﬂ'erente
3183 1852 3481 1918 Acindyno,

1947 1950 2000 1996 et
2043 1944 2330 2004 excitante,
2384 1944 2696 2009 animosque
2745 1943 2977 1995 addente
3026 1943 3090 1993 ad
3139 1943 3479 2008 martyrium.

2019 2118 2154 2171 XIX.
2190 2119 2304 2170 Jam
2344 2127 2519 2168 autem
2576 2116 2872 2169 interfectis
2919 2116 3183 2167 militibus
3231 2124 3283 2165 et
3326 2127 3482 2164 sena-

1949 2211 2170 2269 toribus,
2217 2209 2612 2273 quamprimum
2658 2208 2887 2258 accersit
2947 2216 3204 2272 tyrannus
3261 2206 3477 2256 beatum

1948 2300 2305 2365 Aeimlynum,
2338 2299 2724 2363 chasiumque
2775 2308 2825 2348 et
2864 2298 3334 2361 Anempodtstum.
3389 2296 3488 2347 De-

1949 2390 2070 2441 inde
2105 2389 2319 2454 vnlpina
2350 2388 2486 2454 pelle
2518 2388 2758 2447 indutus,
2784 2388 3232 2450 clementiamque
3251 2396 3303 2436 et
3332 2401 3484 2437 man-

1948 2476 2286 2528 suetudinem
2321 2474 2578 2527 simulans
2609 2475 3029 2541 pervcrsissime.
3087 2473 3341 2536 Qumnam
3377 2484 3476 2537 est,

1949 2567 2183 2623 diccbat.
2218 2569 2335 2617 talis
2371 2576 2547 2617 vestra
2596 2566 2925 2624 constantia,
2961 2574 3018 2614 ut
3050 2576 3169 2616 Vita:
3203 2565 3482 2629 praesentis

1950 2659 2068 2709 sitis
2114 2656 2345 2722 prodigi,
2378 2665 2433 2707 et
2478 2670 2595 2705 eam
2647 2664 2821 2706 morte
2868 2655 3251 2707 commutetis?
3302 2654 3482 2707 TeStis

1950 2746 2019 2796 sit
2079 2746 2208 2793 mihi
2275 2744 2377 2803 sol,
2431 2743 2522 2807 qui
2578 2754 2660 2794 est
2702 2744 2978 2810 jucundus
3035 2746 3305 2801 omnibus,
3342 2743 3484 2810 quod

1950 2839 2169 2898 propter
2202 2839 2434 2880 vestram
2470 2838 2697 2881 mortem
2725 2832 2857 2883 mihi
2911 2832 3233 2884 scinduntur
3280 2834 3483 2884 viscera

1951 2931 2002 2972 ct
2040 2922 2236 2971 anima.
2270 2920 2521 2971 Misereor
2574 2923 2719 2972 enim
2752 2930 2941 2973 vestra:
2991 2930 3160 2973 :utatis
3208 2932 3259 2973 et
3294 2924 3480 2989 iuven-

1955 3014 2101 3073 tutis,
2160 3024 2211 3063 et
2266 3012 2512 3079 corporis
2565 3028 2781 3078 quoque
2840 3014 3282 3079 pulchritudinis.
3332 3015 3482 3079 cujus

1953 3105 2034 3156 vel
2091 3106 2437 3155 misereretur
2487 3102 2677 3163 bestia,
2726 3111 2781 3154 et
2823 3104 2871 3155 ei
2931 3115 3198 3167 parceret.
3270 3104 3483 3155 Credite

1950 3208 2077 3259 ergo
2109 3193 2258 3253 mihi,
2296 3192 2387 3258 qui
2416 3193 2579 3244 vestri
2622 3207 2865 3259 magnam
2894 3207 3072 3245 curam
3106 3208 3249 3256 gero.
3281 3202 3333 3244 ct
3359 3208 3484 3244 con-

1949 3287 2065 3338 sulo
2100 3299 2216 3351 quae
2252 3293 2376 3336 sunt
2417 3283 2589 3334 utilia.
2626 3284 2828 3336 Videtis
2857 3284 3025 3345 enim,
3058 3286 3327 3352 quomodo
3358 3286 3485 3335 nulli

1954 3376 2283 3443 pepercerim
2314 3374 2570 3433 senatori,
2602 3390 2701 3426 nec
2740 3375 2913 3425 militi.
2949 3374 3123 3427 Vestri
3164 3384 3486 3439 autem-pa-

1953 3477 2104 3519 terue
2136 3481 2316 3517 curam
2341 3480 2488 3530 gero,
2517 3475 2571 3516 et
2599 3480 2694 3515 vos
2722 3466 3036 3531 amplector.
3065 3476 3121 3515 ut
3140 3468 3229 3531 qui
3260 3474 3486 3515 vestram

1956 3557 2237 3609 didicerim
2285 3558 2536 3607 virtutem
2572 3572 2626 3605 et
2653 3555 3026 3605 fortitudinem
3082 3571 3146 3606 ex
3185 3556 3485 3606 constantia

1956 3650 2007 3698 in
2059 3648 2361 3697 turntentis.
2403 3646 2456 3695 Si
2493 3646 2637 3696 enim
2674 3645 2802 3695 mihi
2837 3645 3144 3709 parueritis,
3177 3659 3271 3697 vos
3302 3646 3489 3711 primis

1952 3737 2212 3803 dignabor
2284 3736 2598 3795 honoribus,
2668 3742 2721 3784 et
2785 3735 3073 3786 concedam
3134 3736 3269 3786 dona
3329 3734 3484 3801 digna

1953 3838 2129 3879 vestra
2167 3825 2377 3877 virtute.
2412 3824 2594 3876 Sancti
2629 3834 2832 3875 autem:
2869 3823 2976 3875 Nec
3032 3824 3150 3882 tibi.
3209 3823 3485 3885 dixerunt,

1954 3934 2051 3971 nec
2079 3918 2233 3969 nobis
2264 3918 2461 3967 frustra
2497 3916 2710 3967 labores
2736 3916 2952 3966 exhibe.
2990 3916 3092 3967 Sed
3126 3930 3225 3967 nec
3286 3924 3337 3965 tu
3390 3929 3486 3965 no-

1954 4010 2033 4061 bis
2066 4022 2271 4075 parcas,
2300 4020 2399 4057 nec
2428 4014 2479 4057 te
2515 4006 2682 4057 nostri
2713 4007 2818 4056 ulla
2849 4014 3057 4056 moveat
3092 4003 3483 4063 misericordia,

1953 4112 2185 4155 mentem
2221 4101 2364 4152 enim
2409 4109 2647 4149 nostram
2682 4113 2954 4163 nunquam
2992 4098 3198 4156 ﬂectes,
3245 4105 3336 4147 aut
3392 4096 3486 4145 ho-

1952 4208 2142 4244 norum
2176 4188 2472 4252 promissis,
2514 4199 2607 4241 aut
2655 4188 2818 4239 minis
2880 4189 3140 4239 malorum
3186 4186 3481 4245 intentatis,

1952 4291 2044 4333 aut
2072 4291 2214 4331 metu
2255 4280 2463 4337 mortis,
2495 4292 2613 4344 qua:
2642 4286 2726 4329 est
2754 4277 2848 4328 tibi
2896 4278 3173 4328 terribilis.
3207 4276 3486 4339 Quomodo

1952 4372 2094 4423 enim
2153 4379 2377 4420 mortem
2433 4367 2734 4427 timuerint,
2778 4381 2915 4432 quos
2954 4368 3055 4417 hoc
3106 4367 3275 4431 magis
3326 4365 3489 4417 aﬂicit

1661 4467 1851 4533 Τάχιον
1885 4471 1926 4525 1)
1957 4461 2197 4514 molestia
2228 4458 2368 4525 quod
2403 4457 2566 4509 semel
2605 4466 2661 4509 et
2706 4471 2813 4508 non
2863 4457 3061 4507 millies
3096 4456 3301 4521 pos<int
3350 4456 3485 4505 mori

1956 4566 2053 4619 pro
2106 4550 2365 4602 Christo?
2412 4548 2512 4599 Fac
2551 4561 2681 4613 ergo
2720 4546 2847 4596 'eito
2893 4545 2965 4608 id,
3028 4546 3172 4611 quod
3203 4560 3231 4596 a
3266 4553 3316 4597 te
3374 4546 3482 4611 jam

1953 4638 2372 4707 estjndicatum.
2430 4636 2537 4687 Nos
2589 4636 2733 4687 enim
2779 4643 3055 4699 exspectat
3110 4636 3308 4685 chorus
3362 4649 3485 4686 san-

1954 4739 2161 4782 ctorum
2191 4747 2201 4780 ι
2246 4736 2304 4778 ιιι
2339 4728 2500 4779 etiam
2543 4726 2711 4793 magis
2742 4726 2838 4777 tibi
2874 4739 3097 4792 agamus
3132 4724 3332 4791 gratias
3362 4740 3486 4791 pro-

1954 4830 2074 4887 pter
2102 4820 2332 4871 celerem
2363 4825 2909 4868 consummationem.

2028 4908 2140 4959 XX.
2170 4906 2262 4957 Ille
2290 4914 2467 4956 autem
2506 4903 2751 4969 deposita
2783 4917 3032 4970 persona,
3086 4913 3138 4955 et
3171 4904 3288 4957 ﬁcta
3316 4904 3488 4956 ablata

1956 4994 2409 5052 mansuetudine:
2444 4993 2559 5044 Non
2610 5008 2706 5059 per
2745 4993 2896 5055 deos,
2946 4994 3139 5062 inquit,
3194 5008 3488 5066 nonassc-

1954 5084 2192 5155 quemini
2228 5083 2303 5147 id,
2337 5082 2479 5150 quod
2509 5082 2850 5136 desideratis.
2876 5082 3039 5137 lubet
3068 5099 3197 5153 ergo
3224 5098 3340 5145 eos,
3368 5098 3489 5136 cum

1954 5175 2155 5230 fuerint
2178 5172 2323 5226 ferro
2353 5173 2541 5235 vincti,
2577 5173 2631 5224 in
2687 5174 2957 5226 tutissima
2991 5176 3194 5228 servari
3222 5176 3486 5229 custodia.

1953 5268 2072 5336 Ipse
2096 5276 2276 5319 autem
2309 5280 2430 5318 cum
2463 5275 2571 5318 tota
2600 5275 2759 5319 nocte
2795 5268 3213 5330 considerasset,
3260 5283 3489 5335 quanam

1956 5365 2127 5409 morte
2157 5368 2253 5407 eos
2284 5354 2542 5415 alliceret,
2577 5368 2735 5407 mane
2764 5355 2917 5422 jubet
2946 5356 3000 5407 in
3040 5356 3315 5408 fornacem
3353 5356 3491 5423 ignis

1953 5445 2232 5498 ardentem
2263 5442 2476 5496 divinos
2498 5443 2678 5508 jacere
2710 5452 2994 5510 martyres,
3025 5453 3081 5496 ut
3110 5444 3333 5497 omnino
3361 5459 3487 5496 eon—

1955 5536 2183 5603 sumptis
2207 5534 2408 5588 sanctis
2435 5547 2621 5586 eorum
2678 5534 3017 5601 corporibus,
3072 5549 3136 5586 ne
3187 5535 3322 5586 cinis
3374 5534 3493 5599 qni-

1956 5628 2075 5680 dem
2130 5624 2525 5691 relinqueretur
2572 5623 2893 5675 Christianis
2923 5624 3172 5675 ilcsnlerii
3220 5623 3300 5674 sui
3351 5624 3495 5675 sola-

1959 5720 2107 5768 tium.
2144 5715 2241 5776 Qui
2299 5728 2418 5767 cum
2453 5728 2569 5764 mox
2626 5712 2804 5764 educti
2857 5714 3074 5766 fuissent
3138 5730 3165 5763 ρ
3220 5713 3489 5765 custodia
