4226 6418
749 441 812 504 31
1983 425 2262 487 MENSIS
2301 422 2732 488 NOVEMBER.
3871 431 3939 492 39

751 559 834 612 eis
866 567 1060 623 magna
1091 561 1220 603 voce
1265 543 1584 600 acclamavit
1617 550 1914 612 tyrannus:
1965 540 2100 594 Ecce
2159 554 2294 608 prae-
2323 539 2366 592 Α
2399 555 2420 588 τ

2274 565 2294 577 -
2323 539 2366 592 Α
2399 538 2766 606 παραμύθιον.
2801 531 2899 591 Ὧν
2950 541 3088 593 κατὰ
3138 543 3295 609 τάχος
3350 541 3678 611 ἐνεχθέντων
3708 544 3811 595 ἀπὸ
3849 546 3943 612 τῆς

753 647 860 700 mia
898 651 1084 697 sestra:
1120 634 1523 697 inobedientie,
1573 631 1866 686 ostendens
1895 646 2055 684 manu
2107 630 2288 684 forna-

754 750 893 795 cem,
926 743 1086 798 quam
1117 727 1297 780 nullus
1322 723 1483 782 alius,
1511 723 1604 775 sed
1637 737 1734 774 vos
1766 721 1920 774 vobis
1943 719 2073 788 ipsis
2103 733 2294 772 accen-

755 823 926 876 distis.
954 818 1266 886 Acindynus
1296 826 1429 881 ergo
1460 813 1650 865 beatus
1690 809 1894 863 Christi
1933 817 2136 878 martyr
2168 823 2291 862 cum

755 909 1131 964 intellexisset.
1161 920 1323 974 quam
1374 911 1522 958 esset
1553 900 1855 955 malitiosus
1887 907 1939 952 et
1994 898 2293 966 versipellis

759 1011 1054 1063 tyrannus:
1119 998 1300 1060 Forte,
1342 995 1535 1063 inquit,
1591 992 1903 1060 prophetice
1941 989 2038 1042 tibi
2091 1003 2287 1042 nomen

758 1061 1013 1157 imposuit
1070 1099 1260 1149 mater,
1311 1085 1362 1138 id
1410 1061 1556 1137 enim
1589 1092 1792 1150 patrem
1850 1080 2155 1134 dzemonum
2218 1080 2294 1132 si-

757 1180 994 1248 gnificat.
1019 1178 1097 1230 Tu
1127 1185 1304 1228 autem
1356 1189 1464 1227 non
1522 1183 1674 1242 pater
1711 1172 2037 1234 daemonum,
2091 1169 2182 1224 sed
2237 1184 2295 1224 es

757 1279 940 1336 aperte
980 1268 1118 1320 [ilius
1158 1267 1295 1335 ejus,
1349 1255 1441 1332 qui
1482 1263 1582 1316 fuit
1629 1261 1898 1314 homicida
1956 1261 2022 1314 ab
2086 1261 2243 1313 initio
2278 1277 2291 1313 :

758 1359 1008 1426 quoniam
1050 1355 1165 1423 ejus
1211 1367 1375 1422 Opera
1445 1351 1694 1415 imitaris,
1741 1360 1800 1404 ut
1868 1352 1958 1420 qui
2016 1349 2295 1405 hominum

761 1446 1038 1512 sanguine,
1071 1445 1209 1496 sicut
1263 1444 1396 1511 ipse,
1455 1442 1760 1495 delecteris.
1815 1442 1905 1495 llle
1956 1456 2105 1505 vero,
2171 1457 2295 1496 cum

760 1533 909 1585 verbi
949 1532 1246 1585 accerbitas
1273 1531 1390 1600 ejus
1452 1531 1691 1584 animum
1742 1532 2138 1594 momordisset,
2182 1547 2298 1585 ma-

761 1635 840 1676 tre
880 1640 973 1675 sua
1017 1625 1275 1677 accersita
1317 1623 1499 1688 :Quid
1558 1624 1711 1685 mihi,
1756 1624 1959 1692 inquit,
2010 1639 2042 1676 ο
2099 1634 2291 1688 mater,

765 1724 955 1760 nomen
987 1708 1088 1759 sibi
1123 1708 1280 1761 vult?
1332 1709 1423 1761 llla
1474 1719 1651 1762 autem
1687 1729 1698 1763 :
1753 1710 1897 1772 Scio,
1931 1711 2126 1779 inquit,
2193 1711 2296 1766 huc

760 1812 878 1849 esse
947 1797 1038 1848 tibi
1078 1805 1382 1864 paternum.
1417 1797 1681 1863 Quidnam
1712 1815 1840 1854 vero
1889 1803 2061 1869 possit
2089 1804 2291 1872 signiti-

763 1901 904 1944 care.
941 1887 1139 1938 nescio.
1179 1884 1408 1953 Saporcs
1442 1897 1620 1941 autem
1652 1907 1664 1940 :
1699 1890 1802 1944 Sed
1844 1891 1951 1952 isti,
1985 1893 2178 1960 inquit,
2207 1909 2296 1948 ca-

762 1977 1095 2027 codaemones
1132 1975 1320 2036 dicunt
1347 1977 1448 2030 hoc
1484 1979 1784 2047 signiﬁcare
1841 1992 2044 2049 patrem
2098 1982 2295 2036 daemo-

761 2081 910 2117 num.
955 2068 1106 2129 Quod
1157 2068 1198 2120 si
1245 2068 1478 2122 habeant
1528 2073 1803 2123 veritatem
1834 2072 1887 2124 in
1923 2072 2022 2125 hoc
2047 2074 2146 2126 sibi
2187 2074 2297 2126 suf-

762 2157 1077 2226 fragantem,
1124 2173 1228 2210 non
1277 2160 1413 2220 illos,
1459 2161 1552 2214 sed
1604 2172 1653 2214 te
1692 2163 1840 2229 prius
1878 2165 2081 2217 tradam
2137 2167 2294 2219 morti

762 2248 986 2298 acerbae.
1044 2247 1134 2300 Illa
1171 2263 1299 2300 vero
1367 2249 1706 2305 subridens:
1764 2252 2040 2318 Omnino,
2101 2256 2295 2323 inquit,

763 2337 862 2387 nisi
894 2338 993 2388 hoc
1037 2348 1219 2402 aperte
1260 2348 1500 2401 nossent,
1546 2357 1652 2394 non
1699 2343 1772 2395 ita
1830 2343 2091 2397 auderent
2145 2346 2294 2414 loqui

761 2427 944 2479 multis
997 2429 1368 2494 praasentibus.
1401 2429 1534 2483 llinc
1557 2431 1752 2485 factum
1812 2443 1892 2486 est
1943 2443 2001 2487 ut
2041 2437 2136 2499 ira,
2180 2453 2298 2504 qua:

761 2518 998 2570 cohiberi
1029 2533 1130 2569 non
1165 2528 1390 2584 poterat,
1421 2521 1694 2574 invaderet
1727 2524 1869 2578 hunc
1890 2531 2294 2592 exsecrandum,

761 2607 1048 2672 statimque
1099 2621 1219 2658 cum
1275 2609 1432 2660 simul
1481 2624 1601 2661 cum
1657 2612 1765 2664 Deo
1815 2627 2154 2669 communem
2206 2618 2300 2669 ab-

762 2706 1009 2763 negasset
1056 2707 1320 2761 naturam,
1357 2708 1410 2752 et
1442 2713 1540 2752 nec
1576 2701 1746 2768 ipsum
1782 2706 2033 2760 omnibus
2077 2709 2298 2761 charum

762 2801 955 2838 nomen
1027 2788 1210 2840 matris
1276 2799 1417 2841 esset
1484 2792 1767 2854 reveritus,
1834 2795 1976 2859 quod
2025 2797 2104 2848 vel
2171 2798 2300 2863 ipsis

763 2875 893 2927 feris
922 2884 976 2928 et
1008 2877 1332 2929 animalibus
1374 2878 1598 2930 rationis
1627 2881 1936 2946 expertibus
1993 2882 2148 2936 affert
2212 2900 2297 2936 re-

764 2967 1084 3026 verentiam,
1119 2968 1166 3018 ei
1202 2982 1392 3020 manus
1439 2967 1628 3036 injicit,
1682 2984 1869 3022 manus
1898 2985 1930 3022 ο
1966 2969 2182 3037 (divina
2215 2973 2298 3039 ju-

761 3056 939 3108 stitia!
965 3069 982 3122 )
1017 3056 1176 3109 homo
1205 3059 1258 3109 in
1293 3066 1538 3122 matrem,
1558 3069 1614 3111 et
1646 3069 1870 3113 matrem
1897 3061 2001 3128 jam
2044 3063 2298 3127 vetulam,

2395 629 2658 697 φυλακῆς,
2689 629 2952 696 ἐπεφώνει
2997 632 3206 692 τούτοις
3265 633 3293 682 ὀ
3341 631 3619 701 τύραννος,
3685 633 3814 687 Ἰδοὺ
3846 635 3944 702 τῆς

2392 719 2672 779 ἀπειθείας
2695 721 2849 788 ὑμῶν
2897 723 2964 773 τά
3007 722 3280 790 ἐπίχειρα,
3313 723 3410 792 τὴν
3441 724 3669 792 κάμινον
3701 728 3763 794 τῇ
3801 726 3942 793 χειρὶ

2392 809 2625 872 δεικνὺς,
2656 811 2721 880 ἢν
2757 812 2926 873 οὐδεὶς
2973 813 3178 881 ἕτερος,
3216 813 3333 868 ἀλλ’
3394 815 3550 882 ὑμεῖς
3590 818 3800 878 ἑαυτοῖς
3831 817 3942 880 ἑξε-

2393 899 2652 953 καύσατε.
2719 900 3022 962 Ἀκίνδυνος
3055 901 3144 953 οῦν
3173 904 3199 954 ὁ
3249 904 3518 970 μακάριος
3568 904 3658 955 τοῦ
3707 904 3940 972 Χριστοῦ

2397 991 2623 1057 μάρτυς.
2673 991 2732 1041 τὸ
2777 989 2869 1042 τοῦ
2901 992 3162 1058 τυράννου
3207 992 3531 1060 κακότεχνον
3576 995 3667 1045 καὶ
3705 996 3941 1048 ποικίλον

2397 1079 2746 1148 καταμαθὼν,
2789 1081 2939 1148 Τάχα
2983 1082 3338 1150 προφητικῶς
3376 1099 3480 1145 σοι,
3517 1086 3668 1150 φησὶ,
3709 1085 3940 1152 τοΰνομα

2392 1168 2636 1221 τέθεικεν
2687 1172 2720 1238 ἡ
2776 1169 3271 1236 τεκοῦσα,πατέρα
3305 1171 3406 1241 γὰρ
3460 1172 3734 1241 δαιμόνων
3791 1175 3944 1227 τοῦτο

2393 1261 2541 1326 δηλοῖ
2567 1277 2582 1291 θ
2613 1259 2677 1314 σὺ
2707 1261 2762 1313 δι
2789 1260 2849 1313 οὐ
2879 1260 3060 1330 πατὴρ
3082 1261 3371 1329 δαιμόνων,
3397 1262 3510 1315 ἀλλ’
3541 1263 3653 1325 υἰδς
3688 1264 3941 1333 ἄντικρυς

2395 1347 2463 1414 εἴ,
2494 1350 2584 1403 τοῦ
2615 1351 2848 1420 ἐξαρχῆς
2888 1351 3358 1421 ἅνθρωποκτόνου,
3419 1355 3539 1406 ἐπεὶ
3589 1356 3682 1407 καὶ
3714 1356 3781 1406 τὰ
3811 1356 3944 1424 ἔργα

2393 1441 2582 1494 τούτου
2637 1441 2820 1509 ζηλοῖς
2875 1443 3102 1508 αῖμασιν
3158 1442 3458 1510 ἀνθρώπων
3501 1445 3707 1512 χαίρων
3758 1445 3945 1514 ῶσπερ

2395 1530 2576 1591 αὑτός.
2640 1529 2698 1581 '0
2733 1529 2788 1582 δὲ
2827 1529 2903 1598 τῷ
2948 1531 3132 1600 πικρῷ
3163 1530 3255 1582 τοῦ
3295 1533 3535 1600 ῥήματος
3587 1533 3800 1601 δηχθεὶς
3851 1536 3947 1603 τὴν

2393 1620 2587 1690 ψυχὴν,
2618 1620 2717 1689 τὴν
2739 1621 2928 1673 ἑαυτοῦ
2965 1621 3174 1689 μητέρα
3207 1622 3724 1690 μεταπεμψάμενος,
3764 1625 3826 1675 Τί
3858 1643 3944 1691 μοι

2395 1713 2549 1778 φησὶ,
2584 1712 2776 1778 μῆτερ,
2805 1712 2866 1761 τὸ
2903 1709 3070 1777 ὄνομα
3107 1709 3297 1777 δηλοῦν
3329 1710 3603 1776 gadium;
3649 1713 3709 1762 'H
3749 1712 3802 1763 δὲ
3843 1731 3947 1764 πα-

2395 1799 2568 1868 τρῷον
2623 1800 2721 1868 μὲν
2758 1796 2872 1851 οἶδα
2911 1799 3068 1851 τοῦτό
3115 1816 3193 1850 σοι
3223 1802 3507 1867 τυγχάνον,
3541 1801 3568 1852 ὃ
3618 1803 3672 1852 δὲ
3728 1803 3948 1854 δύναται

2403 1891 2686 1958 σημαίνειν
2706 1891 3273 1958 ἑπίσταμαιοὺδαμῶς.
3303 1894 3408 1944 Καὶ
3430 1895 3454 1944 δ
3495 1894 3792 1960 Σαπιῖ,›ριος,
3815 1895 3946 1945 ’Λὶῖιῖ

2400 1981 2448 2031 oi.
2485 1980 2872 2046 κακοδαίμονες
2899 1974 3062 2044 οῦτοι,
3095 1982 3248 2049 φησί,
3281 1983 3486 2047 πατέρα
3523 1983 3736 2048 λέγουσι
3761 1984 3946 2049 δαιμό-

2402 2088 2505 2122 νων
2528 2071 2685 2122 τοῦτο
2722 2071 2930 2137 δηλοῦν,
2962 2072 3053 2122 καὶ
3087 2073 3149 2139 νὴ
3175 2072 3272 2140 τὴν
3307 2073 3443 2140 ἐμὴν
3474 2074 3766 2141 σωτηρίαν,
3805 2077 3853 2125 εἴ
3888 2091 3946 2140 γε

2402 2161 2493 2211 καὶ
2519 2162 2616 2227 τὴν
2641 2160 2891 2226 ἀλήθειαν
2912 2162 2968 2210 ἐν
2992 2160 3161 2225 τούτῳ
3188 2160 3676 2229 συμφθεγγομένην
3710 2163 3947 2230 ἔχουσιν.

2402 2249 2499 2300 οὐκ
2531 2249 2792 2310 ἐκείνους,
2845 2249 2979 2301 ἀλλὰ
3029 2249 3086 2300 σὲ
3141 2251 3402 2318 πρότερον
3435 2251 3614 2318 τικρῷ
3644 2251 3948 2320 παραδώσω

2403 2336 2631 2405 θανάτῳ.
2664 2335 2725 2387 'H
2758 2338 2812 2389 δδ
2838 2337 3286 2404 ὑπομειδιάσασα,
3331 2341 3548 2401 Πάντως
3575 2342 3623 2391 εἰ
3664 2343 3736 2409 μὴ
3776 2341 3948 2405 τοῦτο,

2403 2425 2529 2494 ἔφη,
2571 2427 2752 2492 σαφῶς
2799 2426 3010 2494 ⁴ᾔδεσαν,
3057 2427 3157 2477 οὐκ
3209 2428 3274 2480 ἂν
3313 2427 3483 2489 οὕτως
3540 2430 3803 2498 ἐθάρρουν
3849 2433 3951 2482 ὑπ’)

2405 2515 2617 2575 πολλοῖς
2651 2519 2761 2574 τοῖς
2793 2515 3101 2588 παρεστῶσι
3135 2517 3332 2569 λαλεῖν.
3367 2518 3544 2585 eum;
3599 2521 3823 2588 ἄσχετος
3863 2525 3948 2572 ὲν-

2401 2603 2589 2654 τεῦθεν
2652 2605 2915 2672 λαμϐάνει
2965 2605 3052 2655 τὸν
3106 2605 3398 2672 βδελυρὸν,
3461 2611 3554 2659 καί⁵
3611 2615 3951 2680 παραχρῆμα

2409 2692 2547 2757 μετὰ
2570 2691 2704 2742 Θεοῦ
2736 2695 2826 2743 καὶ
2856 2693 2952 2759 τὴν
2974 2693 3156 2761 κοινὴν
3178 2695 3341 2761 φύσιν
3374 2697 3829 2765 ὲξαρνησάμενος,
3860 2703 3953 2754 καὶ

2410 2782 2540 2847 μηδὲ
2588 2783 2719 2833 αὐτὸ
2748 2783 2808 2833 τὸ
2841 2785 2994 2847 φίλον
3044 2787 3176 2835 πᾶσι
3221 2785 3319 2851 τῆς
3370 2791 3573 2855 μητρὸς
3620 2789 3952 2859 δυσωπψές

2405 2871 2594 2938 δνομα,
2630 2871 2658 2922 δ
2699 2873 2790 2922 καὶ
2836 2875 3023 2941 θηρσὶν
3064 2875 3196 2926 αἰδῶ
3231 2878 3407 2943 φέρει,
3443 2878 3538 2929 καί
3576 2881 3684 2938 τοῖς
3719 2880 3951 2946 ἀλόγοες,

2407 2962 2591 3028 χεῖρας
2621 2962 2892 3014 ἐπιϐάλλει
2921 2964 3110 3032 ταύτῃ.
3136 2968 3339 3032 χεῖρας,
3386 2967 3429 3017 ῶ
3459 2967 3574 3018 θεία
3605 2968 3752 3036 δίκη,
3806 2973 3946 3022 κατὰ

2410 3053 2615 3118 μητρδς
2675 3053 2957 3119 ἄνθρωπος
3003 3056 3095 3105 καὶ
3148 3056 3353 3122 μητρὸς
3397 3061 3630 3125 γηραιᾶς
3686 3061 3804 3127 ἤδη,
3860 3063 3952 3112 καὶ

762 3152 817 3196 et
843 3145 981 3197 lilius
999 3147 1153 3199 matri
1182 3147 1671 3216 impingitalapam,
1709 3150 1974 3218 egregiam
1993 3152 2042 3204 ei
2066 3151 2294 3206 reddens
2328 3167 2372 3229 ο
2409 3157 2431 3190 τ

2281 3169 2294 3206 ς
2328 3167 2372 3229 c
2409 3141 2512 3204 πὺξ
2550 3141 2716 3209 αὐτὴν
2746 3145 2882 3194 κατα
2931 3145 3133 3216 κόρρης
3173 3147 3346 3205 παίει,
3388 3147 3526 3198 καλά
3567 3165 3629 3214 γε
3676 3150 3950 3209 ἀποδιδοὺς

764 3235 1070 3288 mercedem
1096 3237 1431 3299 nutritionis,
1461 3247 1554 3290 aut
1584 3240 1765 3306 potius
1792 3239 2043 3295 lubenter
2072 3242 2296 3306 dixeris,

764 3326 854 3392 qui
905 3326 1162 3393 majorem
1200 3328 1318 3394 jure
1355 3336 1471 3380 erat
1495 3328 1826 3393 redditurus,
1872 3332 2016 3398 quod
2059 3333 2145 3386 illa
2196 3335 2300 3388 tale

767 3415 962 3466 malum
1029 3415 1081 3468 in
1137 3416 1309 3469 lucem
1349 3416 1599 3471 ediderit.
1655 3419 1749 3472 Illa
1786 3430 1966 3474 autem
2014 3423 2302 3488 procidens

765 3504 830 3556 ad
865 3503 1028 3571 pedes
1061 3513 1391 3558 sanctorum:
1439 3504 1661 3562 Servate
1713 3523 1882 3562 meam
1938 3520 2297 3579 senectutem,

766 3595 901 3646 dixit
930 3608 1051 3648 cum
1084 3595 1268 3647 multis
1301 3595 1577 3666 lacrymis.
1615 3597 1794 3665 ipsum
1824 3598 1991 3662 enim,
2033 3609 2091 3654 ut
2119 3601 2298 3666 video,

767 3683 1041 3746 Satanam,
1072 3684 1220 3737 illum
1246 3686 1420 3753 ipsum
1450 3700 1550 3755 ego
1579 3687 1762 3756 genui.

839 3773 976 3826 XXI.
1015 3776 1109 3828 ille
1140 3786 1321 3829 autem
1373 3777 1517 3830 illam
1566 3778 1971 3847 nihilipendens
2026 3789 2080 3835 et
2121 3783 2301 3850 repel-

769 3864 906 3924 lens.
969 3867 1185 3920 intuens
1227 3867 1293 3920 ad
1352 3878 1659 3938 martyres:
1732 3869 1939 3936 Vestra,
1992 3873 2184 3942 inquit,
2247 3874 2300 3927 in

771 3954 924 4005 malis
960 3957 1355 4021 perseverantia
1413 3957 1576 4012 eilicit
1618 3967 1677 4011 ut
1709 3960 1863 4014 vobis
1896 3961 2080 4015 l‘ornax
2114 3979 2305 4017 accen-

770 4045 928 4096 datur
959 4045 1208 4112 amplius.
1244 4047 1322 4099 llli
1353 4063 1499 4115 vero,
1547 4048 1659 4102 Tua
1713 4059 1921 4112 mater,
1982 4053 2152 4114 aiunt,
2213 4068 2309 4107 cu-

770 4149 841 4186 ne
875 4135 967 4186 tibi
1001 4137 1071 4189 sit
1101 4136 1153 4188 in
1205 4139 1510 4203 prmsentia.
1537 4138 1674 4203 Quid
1705 4139 1847 4193 enim
1899 4142 2061 4194 animi
2109 4141 2304 4195 habea-

773 4239 914 4286 mus,
965 4227 1073 4294 jam
1120 4227 1251 4280 satis
1307 4242 1365 4280 es
1411 4238 1682 4295 expertus.
1745 4231 2027 4300 Tyrannus
2101 4242 2301 4286 autem:

771 4315 907 4378 Quid
959 4330 1042 4376 ea,
1078 4316 1270 4383 inquit,
1312 4318 1382 4369 sit
1414 4317 1544 4369 mihi
1577 4319 1761 4373 curas?
1789 4319 1845 4373 Si
1882 4321 1999 4385 tibi,
2034 4321 2304 4390 inquiunt,

777 4407 1083 4459 remittetur
1118 4407 1316 4469 scelus,
1378 4408 1468 4474 qui
1516 4407 1742 4476 injustas
1800 4425 1992 4464 manus
2025 4411 2078 4463 in
2134 4412 2302 4480 ipsam

2403 3231 2540 3298 αὐτῇ
2571 3232 2636 3282 τὰ
2672 3235 2920 3301 τροφεῖα,
2951 3234 2982 3302 ἢ
3026 3236 3225 3301 μᾶλλον
3263 3233 3416 3288 εἶπεν
3445 3239 3507 3290 ἄν
3535 3256 3616 3299 τις
3644 3240 3829 3306 ἡδέως.
3861 3243 3954 3292 καὶ

2404 3321 2580 3388 πολλῷ
2639 3321 2858 3388 μείζονα
2918 3323 3124 3383 δίκαιος
3172 3324 3246 3374 ῶν
3288 3326 3600 3388 ἀποδοῦναι,
3653 3330 3734 3380 ὅτι
3785 3329 3951 3379 κακὴν

2402 3409 2581 3479 ὲκείνη
2625 3411 2863 3463 τοιοῦτον
2902 3413 2978 3473 εἰς
3035 3413 3148 3479 φῶς
3189 3415 3438 3482 ἧνεγκεν.
3495 3415 3559 3467 Ἡ
3607 3417 3662 3468 δὲ
3706 3420 3815 3478 τοῖς
3846 3418 3952 3468 τῶν

2401 3501 2572 3566 ἁγίων
2615 3503 2742 3555 ποσὶ
2789 3503 3230 3572 προσδραμοῦσα,
3265 3505 3484 3558 Σώσατί
3534 3524 3633 3573 μου
3671 3509 3726 3558 τὸ
3753 3509 3948 3576 γῆρας,

2401 3591 2528 3660 ἔφη.
2562 3591 2657 3644 σὺν
2688 3592 2898 3654 πολλοῖς
2922 3595 3032 3654 τοῖς
3054 3593 3314 3662 δάκρυσιν
3339 3613 3351 3626 ·
3384 3596 3546 3646 αὑτὸν
3580 3599 3687 3665 γὰρ
3717 3598 3789 3658 ὼς
3820 3599 3951 3666 ὀρᾷν

2403 3682 2512 3748 ιχω
2536 3682 2628 3734 τὸν
2659 3682 2922 3745 Σατανᾶν,
2961 3685 3122 3734 αὑτὸν
3155 3686 3360 3735 ἐκεῖνον
3407 3685 3514 3750 ἐγὼ
3552 3687 3877 3753 γεγέννηκα.

2475 3773 2603 3825 KA'.
2639 3771 2698 3824 ⁸0
2729 3772 2784 3824 δὲ
2818 3774 3030 3841 εκείνην
3062 3773 3352 3836 ὲξουθενῶν
3385 3791 3440 3825 τε
3472 3777 3562 3826 καὶ
3597 3775 3949 3842 διωθούμενος

2405 3863 2607 3916 ἀπιδὼν
2656 3864 2792 3931 πρὸς
2838 3864 2961 3924 τοὺς
2997 3865 3294 3933 μάρτυρας,
3327 3865 3397 3916 Τὸ
3427 3867 3560 3934 πρὸς
3605 3867 3703 3934 τὴν
3757 3868 3950 3918 κακίαν

2405 3956 2577 4021 ὑμῶν,
2610 3955 2736 4023 ἔφη.
2764 3957 3106 4023 παράμονον,
3138 3956 3231 4006 καὶ
3261 3955 3358 4023 τὴν
3381 3955 3611 4022 κάμινον
3641 3955 3734 4007 ἐπὶ
3768 3957 3949 4006 πλεῖον

2406 4047 2533 4114 ἡμῖν
2558 4045 2926 4114 ἐκπυροῦσθαι
2955 4045 3372 4114 παρεσκευάζει.
3391 4048 3451 4098 Οἱ
3483 4046 3560 4109 δὲ,
3583 4045 3662 4097 Τὰ
3699 4047 3820 4114 περὶ
3851 4046 3946 4112 τῆς

2409 4135 2632 4203 μητρὸς,
2668 4130 2843 4198 εἷπον,
2871 4137 2965 4202 τῆς
2989 4135 3083 4202 σῆς
3109 4135 3166 4185 τό
3196 4151 3255 4200 γε
3285 4135 3378 4186 νῦν
3409 4136 3568 4202 ἔχων,
3601 4135 3808 4202 μελέτω
3843 4152 3946 4193 σοι,

2405 4227 2555 4292 ἡμῶν
2590 4225 2684 4294 ἥδη
2721 4225 2819 4294 τὴν
2847 4224 3068 4292 γνώμην
3097 4225 3242 4286 ὅπως
3272 4225 3404 4292 ἔχει,
3445 4225 3530 4278 διὰ
3571 4225 3764 4291 πείρας
3793 4225 3950 4291 ἀκρι-

2406 4309 2530 4370 ϐοῦς
2561 4309 2816 4377 ἔσχηκας.
2856 4312 2963 4362 Καὶ
2994 4313 3021 4362 ὁ
3052 4310 3310 4376 τύραννος
3334 4326 3350 4342 ο
3395 4311 3459 4362 Τί
3496 4312 3540 4362 δ’
3573 4313 3637 4366 ἄν
3685 4329 3774 4380 μοι
3804 4313 3949 4380 μέλοι

2406 4401 2532 4468 περὶ
2559 4401 2751 4469 αὐτῆς
2782 4401 2840 4452 Εἰ
2868 4400 3195 4468 ἀφεθήσεταί
3230 4419 3330 4464 σοι,
3374 4397 3548 4466 εἶπον,
3595 4403 3653 4454 τὸ
3693 4403 3778 4454 ἐπ’
3817 4404 3949 4470 αὐτῇ

777 4504 999 4548 matrem
1043 4497 1295 4550 intulisti.
1349 4496 1450 4551 Sed
1483 4497 1527 4551 si
1558 4513 1656 4564 pro
1710 4499 1842 4562 ﬁlio,
1893 4501 2088 4568 inquit,
2134 4478 2305 4556 mater
2339 4478 2382 4533 θ
2410 4495 2443 4545 ἀ

2281 4519 2305 4555 ι-
2339 4478 2382 4533 θ
2410 4495 2666 4562 άνόμημα
2690 4494 2853 4561 μητρὶ
2905 4496 3087 4560 χεῖρας
3127 4492 3338 4555 ἀδίκους
3389 4493 3750 4547 ἐπισαλλόντι.
3812 4495 3949 4546 Ἀλλ’

775 4597 988 4654 precata
1021 4587 1202 4647 fuerit,
1234 4587 1308 4640 dii
1339 4589 1442 4642 mei
1475 4589 1774 4657 ignoscent.
1799 4590 1888 4644 illa
1914 4602 2090 4645 autem
2123 4595 2309 4647 oculos

774 4678 952 4730 statim
991 4677 1044 4729 in
1078 4677 1242 4729 altum
1279 4679 1492 4734 tollens:
1526 4679 1742 4734 Christe
1775 4681 2072 4750 unigenite,
2111 4682 2304 4750 inquit,

776 4765 867 4818 Dei
917 4765 1058 4828 Filii,
1108 4767 1219 4819 tilio
1247 4782 1368 4821 meo
1398 4783 1466 4821 ne
1495 4771 1759 4832 remittas,
1787 4784 1961 4837 neque
1994 4771 2046 4822 in
2083 4771 2182 4823 hoc
2206 4786 2307 4824 ste-

776 4856 920 4916 culo,
950 4870 1126 4924 neque
1161 4856 1215 4908 in
1256 4856 1459 4911 luturo.
1490 4859 1582 4911 ille
1611 4867 1790 4912 autem
1845 4875 2032 4913 rursus
2065 4860 2306 4929 iniquus:

778 4942 976 5010 Longa,
1005 4945 1198 5014 inquit,
1245 4955 1304 4999 ut
1336 4946 1568 5011 videtur,
1609 4958 1665 5002 et
1700 4949 1987 5003 multorum
2040 4965 2306 5004 annorum

778 5045 1026 5089 senectus
1073 5045 1217 5090 tuam
1260 5043 1486 5091 mutavit
1539 5047 1592 5092 et
1638 5039 1879 5108 eorrupit
1923 5049 2194 5103 mentem;
2255 5051 2310 5094 et

779 5123 902 5177 ideo
938 5133 1044 5177 tam
1077 5125 1231 5179 facile
1265 5125 1539 5180 induceris
1585 5136 1643 5180 ut
1667 5127 1823 5181 nobis
1858 5129 1995 5182 male
2047 5131 2303 5198 preceris.

779 5209 859 5260 Ad
891 5209 1002 5264 haec
1030 5225 1164 5264 anus
1191 5211 1278 5263 illa
1315 5212 1565 5280 sapiens:
1606 5215 1708 5268 Sed
1738 5215 1781 5269 si
1811 5207 1934 5284 ego,
1964 5216 2158 5286 inquit,
2189 5234 2309 5287 quae

783 5305 832 5350 te
862 5300 1018 5366 genui
1050 5315 1168 5353 sum
1204 5302 1357 5370 inops
1391 5304 1605 5366 mentis,
1644 5315 1698 5358 tu
1729 5307 1820 5375 qui
1851 5307 1918 5359 ab
1945 5323 2007 5362 ea
2055 5323 2114 5362 es
2155 5309 2309 5377 geni-

784 5394 888 5445 tus,
933 5385 1202 5451 quomodo
1251 5389 1450 5441 salvam
1508 5400 1739 5443 mentem
1798 5393 1994 5447 habere
2038 5395 2310 5448 existima-

782 5474 972 5528 bcris?
1017 5477 1130 5530 Non
1183 5494 1332 5547 ergo,
1378 5481 1550 5550 inquit
1598 5492 1876 5550 tyrannus,
1926 5483 1993 5536 ab
2033 5499 2118 5546 eo,
2168 5486 2308 5552 quod

780 5561 937 5614 decet
989 5564 1268 5617 aberravi:
1322 5567 1415 5635 qui
1465 5568 1580 5629 tibi,
1637 5585 1757 5637 quae
1788 5584 1848 5624 es
1900 5572 2184 5638 ejusmodi,
2234 5582 2311 5625 ta-

783 5653 887 5701 lem
938 5650 1094 5705 intuli
1154 5654 1250 5707 tibi
1278 5657 1508 5724 alapam,
1557 5658 1856 5726 impingens
1905 5645 2307 5714 contumeliam.

783 5744 874 5796 Ilia
905 5755 1101 5809 autem,
1153 5746 1268 5800 Tibi
1305 5769 1314 5799 ;
1357 5749 1549 5814 inquit,
1588 5750 1864 5811 testiﬁcor,
1902 5752 2042 5818 quod
2075 5751 2188 5812 Dei,
2221 5755 2308 5819 qui

2408 4583 2544 4651 ὑπὲρ
2575 4581 2715 4645 υἰοῦ,
2745 4582 2871 4648 εφη,
2907 4581 3109 4648 μητρὸς
3140 4579 3460 4650 εὐξαμένης,
3498 4584 3545 4632 οἰ
3577 4582 3685 4633 θεοί
3717 4598 3807 4650 μοι
3830 4600 3953 4650 συγ·

2407 4671 2869 4740 γνωμονήσουσιν.
2896 4670 2960 4720 Ἥ
2989 4670 3043 4721 δὲ
3072 4669 3233 4730 εὐθὺς
3260 4671 3504 4738 τδ’δμμα
3537 4671 3669 4738 ὑψοῦ
3693 4672 3949 4741 διάρασα,

2407 4762 2533 4829 ἔφη,
2571 4762 2705 4813 Θεοῦ
2749 4761 2866 4824 παῖ,
2897 4758 2973 4827 τῷ
3004 4758 3119 4827 ἐμῷ
3146 4759 3245 4827 υίῷ
3287 4762 3362 4830 μὴ
3402 4762 3568 4829 ἀφῇς,
3608 4762 3742 4831 μήτε
3787 4765 3844 4814 ὲν
3874 4766 3952 4832 τῷ

2409 4851 2504 4903 νῦν
2546 4852 2702 4903 αἰῶνι
2751 4851 2888 4918 μήτε
2919 4851 2974 4900 ἐν
3005 4849 3080 4916 τῷ
3130 4849 3398 4915 μέλλοντι.
3431 4851 3536 4902 Καὶ
3575 4855 3602 4904 ὁ
3643 4854 3951 4922 παράνομος

2407 4937 2582 5004 αὖθις,
2616 4941 2688 5002 ὡς
2730 4940 2923 5002 ἔοικεν,
2977 4935 3113 5000 εἶπε,
3151 4939 3223 4990 Τὸ
3275 4939 3482 5008 μακρὸν
3520 4941 3612 4992 τοῦ
3642 4943 3825 5010 γήρως
3859 4944 3952 4996 καὶ

2409 5031 2777 5100 πολυχρόνιον,
2818 5028 3099 5081 ἀλλοίωσίν
3137 5045 3217 5079 σοι
3252 5028 3360 5081 τῶν
3404 5031 3612 5098 φρενῶν
3634 5033 3947 5098 εἰργάσατο,

2409 5124 2500 5176 καὶ
2525 5123 2612 5176 διὰ
2652 5121 2809 5174 τοῦτο
2853 5121 2946 5172 καὶ
2988 5120 3121 5188 πρὸς
3161 5121 3257 5182 τὰς
3294 5121 3413 5173 καθ’
3440 5122 3593 5188 ἡμῶν
3620 5124 3757 5190 ἀρὰς
3779 5123 3950 5187 οὕτως

2410 5211 2643 5280 εὐχερῶς
2697 5210 3008 5280 ἐξηνέχθης.
3039 5213 3178 5280 Πρὸς
3225 5210 3394 5262 ταῦτα
3449 5211 3480 5278 ἡ
3529 5212 3721 5278 συνετὴ
3777 5214 3946 5280 γραῦς

2410 5304 2612 5372 ἐκείνη,
2652 5303 2789 5354 Ἀλλ’
2839 5302 2994 5370 εἰπερ
3041 5301 3173 5368 ἐγὼ,
3231 5302 3417 5370 φησὶν,
3473 5301 3506 5369 ἡ
3574 5304 3946 5370 γεννησαμέντ.

2412 5393 2622 5462 φρενῶν
2644 5392 2842 5459 ἐνδεὴς,
2866 5395 2893 5444 ὁ
2917 5392 3066 5461 παρὰ
3089 5390 3342 5459 τοιαύτης
3371 5393 3433 5442 σὺ
3463 5391 3760 5457 γεννηθεὶς,
3788 5392 3943 5444 πόθεν

2414 5486 2557 5545 σιῖξας
2615 5481 2758 5552 εἶχεν
2808 5482 2904 5544 τὰς
2965 5484 3163 5550 φρένας
3221 5481 3617 5552 ὺποληφθήσῃς
3663 5482 3865 5532 Οῦκουν
3920 5485 3946 5533 έ

2414 5573 2667 5640 τύραννος
2731 5572 2855 5640 ἔφη,
2907 5570 2996 5622 τοῦ
3054 5571 3417 5638 προσήκοντος
3470 5571 3803 5638 ἀπεσφάλην,
3837 5588 3943 5622 τοι-

2417 5663 2553 5732 αύτῃ
2573 5662 2702 5729 οὔσῃ
2725 5679 2804 5712 σοι
2832 5662 2925 5728 τὴν
2954 5662 3028 5719 εἰς
3051 5661 3146 5720 τὰς
3174 5661 3398 5728 παρείας
3431 5660 3585 5726 ὓϐριν
3615 5662 3938 5724 ἐπενεγκών.

2428 5753 2486 5803 'll
2524 5752 2599 5815 δὲ,
2625 5750 3071 5819 Διαμαρτύρομσιί,
3109 5766 3206 5812 σοι,
3246 5749 3424 5814 φησὶν,
3464 5749 3535 5810 ὡς
3579 5749 3826 5802 τοῦ-θεοῦ
3851 5750 3941 5802 τὸν
