4226 6418
275 443 342 503 33
1084 435 1541 495 MAR'I‘YIIIUM
1586 436 1646 495 S.
1688 434 2041 495 ACINDYNI
2090 434 2183 493 ET
2225 431 2635 496 SOCIORUM.
3404 444 3473 504 34

279 555 455 600 πάντα
493 549 754 616 βλέποντι
789 548 1084 615 ἀφ’)αλμὸν,
1126 549 1214 597 καὶ
1264 548 1322 597 τὸ
1376 546 1580 601 ἔνδικον
1628 546 1835 598 ἐκείνου
1868 554 1948 605 At

1807 566 1835 597 υ
1868 554 1906 605 Α
1937 546 2117 599 omnia
2148 546 2363 613 aspicit,
2419 548 2636 599 oculum
2683 556 2737 601 et
2781 549 2983 615 justum
3035 552 3179 605 illius
3218 555 3476 623 judicium

280 644 453 706 κρῖμα
476 644 533 690 ο)
574 639 855 707 διαφεύξῃ.

353 732 476 781 KB'.
525 732 711 791 Οὕτως
756 732 924 794 αὐτῆς
959 730 1422 796 ἀποκριναμένης,
1463 728 1673 793 ἀφωνία
1703 745 1831 778 κατ-

275 823 399 883 ἐσίε
432 821 519 869 τὸν
558 821 767 886 μιαρόν.
802 820 925 881 Ὀᾦὶ
961 820 1051 870 καὶ
1104 818 1253 885 μόλις
1294 820 1403 877 τοῖς
1471 818 1830 884 παρεστῶσιν,

290 910 593 975 ’Λρίιέντες,
639 906 814 968 εἶπεν,
845 908 1093 959 ἐντεῦθεν
1126 909 1175 958 οί
1199 906 1498 968 δυσσεδεῐς,
1534 910 1597 973 τῇ
1632 908 1834 957 δκκαυ-

275 1001 431 1069 θείσῃ
488 1001 701 1067 καμίνῳ
753 998 1201 1067 ὲμϐληθήτωσαν,
1263 998 1384 1049 ἐπεὶ
1440 996 1513 1064 μὴ
1551 997 1837 1063 πεισθῆναι

278 1094 388 1149 τοῖς
438 1093 724 1157 ἡμετέροις
771 1088 1132 1157 φιλονεικοῦσι
1181 1089 1588 1155 προστάγμασι*
1632 1088 1833 1155 ταύτην

273 1180 331 1230 δὲ
384 1180 441 1229 τὸ
494 1174 626 1231 εἶναι
681 1180 889 1247 μητέρα
935 1179 1070 1247 ἐμὴν
1104 1178 1531 1245 ὲξομοσαμένην,
1568 1179 1661 1228 καὶ
1710 1181 1832 1239 τοὺς

279 1270 542 1332 φυσικοὺς
575 1268 811 1335 θεσμοὺς
852 1268 1211 1336 άθετήσασαν,
1245 1268 1321 1336 τῷ
1360 1268 1472 1335 ἰδίῳ
1505 1268 1832 1334 πορεύεσθαι

273 1358 540 1425 θελήματι
564 1359 910 1411 καταλίπετε.
942 1362 1003 1410 'II
1020 1360 1075 1411 δὲ
1104 1362 1365 1429 μακαρία,
1386 1362 1520 1412 Θεοῦ
1544 1364 1832 1429 ἐπόμνυμι,

276 1452 463 1512 φησιν,
495 1448 525 1514 ἦ
564 1449 668 1515 μὴν
706 1453 767 1516 τῇ
802 1452 1107 1516 μαρτυρικῇ
1133 1449 1296 1518 ταύτῃ
1322 1451 1509 1517 Τριάδι
1541 1451 1834 1500 συναποθα-

274 1539 507 1597 νείσθαι,
542 1542 633 1588 καὶ
668 1542 800 1607 μήτε
848 1542 953 1590 τινὶ
994 1540 1137 1606 ἄλλῳ
1187 1541 1453 1607 μηδέποτε
1496 1542 1697 1608 ταύτης
1726 1542 1833 1591 δια-

274 1626 593 1691 ζευχσιῆναι.
649 1628 705 1678 '0
764 1628 818 1678 δὲ
865 1628 1121 1696 τύραννος
1177 1632 1236 1679 τὸ
1284 1633 1380 1696 τῆς
1453 1630 1663 1698 ἀγαθῆς
1734 1633 1833 1697 γῆς

273 1716 508 1783 πονηρὸν
539 1717 600 1765 ἐκ
625 1716 718 1766 τοῦ
753 1718 1051 1785 παραδόξου
1089 1718 1401 1785 βλάσφημα,
1443 1721 1514 1770 Οὐ
1548 1721 1707 1781 πολύς
1747 1739 1832 1787 μοι

271 1803 433 1867 λόγος
465 1806 636 1867 τοῦδε,
669 1808 820 1872 φησὶ,
861 1809 1064 1874 πρᾶττε
1104 1808 1240 1858 κατὰ
1270 1808 1328 1857 το
1374 1807 1639 1875 βούλημα.
1685 1812 1831 1861 Ἐπεὶ

1934 650 2040 686 non
2074 634 2317 701 effugies.

2002 724 2167 777 XXII.
2204 724 2337 777 Cum
2372 741 2432 779 ea
2482 730 2560 779 sic
2616 730 3003 795 respondisset,
3079 742 3258 784 mutus
3308 734 3479 786 evasit

1932 815 2245 877 sceleratus,
2280 818 2366 868 vix
2421 819 2633 870 tandem
2688 830 2867 871 autem
2901 820 3037 872 dixit
3086 822 3167 880 iis,
3226 824 3317 890 qui
3384 825 3478 876 ad-

1938 914 2093 954 erant
2123 922 2135 956 :
2163 904 2295 957 llinc
2330 906 2583 957 tollantur
2614 910 2781 974 impii,
2810 919 2863 961 et
2896 910 2946 961 in
2980 912 3256 963 ardentem
3294 915 3474 967 forna-

1934 1008 2049 1044 cem
2098 994 2429 1063 injiciantur,
2467 998 2723 1064 quoniam
2753 1002 3089 1053 contendunt
3126 1017 3229 1053 non
3287 1019 3476 1069 parere

1934 1084 2136 1134 nostris
2163 1086 2348 1151 jussis.
2383 1087 2530 1141 Ilanc
2568 1103 2715 1149 vero,
2758 1104 2875 1155 qua:
2908 1091 3171 1155 abjuravit
3217 1107 3272 1144 se
3304 1108 3473 1145 meam

1932 1186 2051 1223 esse
2114 1183 2359 1235 matrem,
2408 1186 2461 1228 et
2506 1177 2724 1229 violavit
2771 1180 2860 1245 jus
2914 1191 3134 1241 naturw,
3191 1183 3477 1248 rilinquitc

1933 1278 2048 1314 eam
2104 1280 2198 1316 sua
2234 1265 2509 1317 voluntate
2550 1268 2845 1319 ambulare.
2898 1269 2987 1319 Illa
3045 1281 3223 1321 autem
3278 1272 3474 1324 beata;

1936 1350 2121 1413 Deum,
2154 1354 2345 1418 inquit,
2376 1357 2520 1422 juro,
2555 1372 2638 1407 me
2684 1372 2801 1408 esse
2849 1359 3161 1411 moritu:am
3211 1376 3329 1411 (‘utn
3378 1362 3477 1414 hac

1936 1443 2174 1515 trinitate
2212 1455 2529 1512 martyrum,
2569 1457 2622 1498 ct
2663 1464 2837 1514 neque
2892 1462 3082 1509 morte,
3141 1467 3313 1517 neque
3372 1455 3475 1504 ulla

1937 1548 1992 1584 re
2028 1534 2129 1584 alia
2191 1550 2273 1585 Ine
2340 1552 2575 1601 unquam
2638 1539 2706 1588 ab
2764 1539 2847 1589 liis
2899 1554 3015 1591 esse
3071 1543 3474 1608 sejungendam.

1937 1619 2219 1687 Tyrannus
2252 1638 2398 1682 vero,
2450 1625 2597 1676 bonae
2630 1636 2782 1677 teme
2811 1628 3006 1677 malum
3035 1643 3248 1693 germen
3282 1641 3477 1694 praeter

1938 1713 2432 1775 exspectationem:
2491 1713 2611 1765 ΙΙωο
2669 1731 2773 1775 res,
2832 1718 3028 1783 inquit,
3068 1732 3177 1769 non
3216 1728 3299 1769 est
3346 1721 3474 1771 mihi

1936 1816 2137 1867 magna:
2166 1818 2309 1854 cura:
2344 1822 2355 1854 :
2394 1805 2475 1854 fac
2507 1816 2559 1856 ut
2598 1813 2651 1855 tu
2695 1806 2953 1858 volueris.
2985 1808 3116 1857 Cum
3167 1824 3295 1876 ergo
3336 1826 3478 1861 mar-

270 1891 367 1943 οὖν
408 1896 454 1945 οἱ
486 1871 757 1964 μάρτυρες
792 1871 1169 1965 προσήγγισαν
1196 1901 1261 1966 τῇ
1313 1871 1556 1967 κομίξαι,
1588 1902 1647 1951 τὸ
1679 1902 1828 1969 ὅμμα
1866 1871 1901 1922 Β
1935 1902 1939 1938 ¹

1805 1922 1828 1953 ι
1866 1871 1901 1922 Β
1935 1901 2075 1957 tyres
2118 1893 2319 1945 fornaci
2358 1896 2904 1963 appropinquassent,
2964 1899 3217 1951 tollentes
3273 1901 3324 1951 in
3366 1916 3474 1953 cm-

949 1988 1138 2054 Κύριε,
1178 1985 1350 2053 εἷπον,
1396 1990 1568 2055 Ἰησοῦ
1603 1993 1824 2059 Χριστὲ,

269 2081 329 2125 το
356 2078 609 2144 ἀληθινὸν
640 2080 773 2145 φῶς,
808 2079 866 2128 τὸ
896 2080 999 2147 πρὸ
1029 2079 1135 2129 τῶν
1176 2079 1385 2131 αἰώνων
1414 2081 1512 2146 τῆς
1558 2084 1827 2149 πατρικῆς

270 2003 290 2034 ε
306 1988 351 2045 ἱς
385 1989 516 2053 οὐρα
532 1990 609 2037 ιον
648 1991 895 2055 ἄραντες,

268 2167 425 2232 δόξης
458 2170 768 2235 ἐκλάμψαν,
807 2169 1234 2236 εὐχαριστοῦμεν
1287 2188 1387 2229 σοι,
1432 2173 1513 2221 ὅτι
1541 2173 1826 2239 ὲνίσχυσας

269 2260 413 2322 ἡμᾶς
447 2259 537 2309 τὶν
573 2260 712 2328 ὑπὲρ
745 2257 836 2309 σοῦ
879 2260 1059 2323 άγῶνα
1102 2260 1413 2324 διενεγκεῖν,
1450 2262 1539 2312 καὶ
1567 2264 1663 2313 οὐκ
1688 2266 1825 2329 ἀφῆ-

268 2366 371 2407 κας
390 2352 447 2399 ιν
472 2353 533 2417 τῇ
567 2351 745 2417 παγίδι
774 2352 1147 2419 συλληφυῆναι
1176 2350 1282 2401 τῶν
1314 2352 1670 2418 Θηρευόντων,
1709 2356 1823 2406 ἀλλ’

270 2441 352 2501 ὡς
394 2441 671 2508 στρουθίον
701 2444 798 2509 τὴν
841 2442 1013 2510 ψυχὴν
1059 2444 1211 2510 ἡμῶν
1254 2444 1317 2492 ὲκ
1346 2443 1549 2509 ταύτης
1590 2445 1821 2511 ὲρρύσω,

268 2533 359 2579 καὶ
392 2531 509 2592 νῦν,
543 2534 807 2594 Δέσποτα,
852 2534 1121 2601 νεύρωσον
1168 2535 1322 2600 ἡμων
1370 2535 1435 2583 τά
1482 2540 1820 2603 φρονήματα.

266 2622 358 2671 τοῦ
382 2623 672 2691 δυνηθῆναι
709 2625 969 2689 γενναίως
1001 2625 1092 2673 τοῦ
1120 2625 1380 2689 παρόντος
1416 2627 1821 2691 κατατολμῆσαι

264 2711 456 2775 πυρός.
491 2711 803 2779 [Ιαράστηοι
848 2712 903 2761 δὲ
941 2712 1070 2778 ἡμῖν
1100 2712 1191 2761 καὶ
1226 2712 1281 2762 έν
1314 2712 1385 2778 τῷ
1419 2712 1592 2779 καιρῷ
1624 2713 1718 2779 τῆς
1761 2716 1820 2765 ὲκ

263 2798 357 2846 τοῦ
389 2800 640 2849 ταπεινοῦ
667 2799 910 2867 σώματος
944 2800 1229 2865 ἐκδημίας,
1270 2803 1360 2849 καὶ
1407 2801 1671 2866 πρόστηοι
1714 2804 1820 2851 τῶν

264 2889 551 2955 ἡμετέρων
576 2890 782 2955 ψυχῶν.
818 2889 906 2939 Σοὶ
942 2889 1047 2957 γὰρ
1087 2889 1177 2939 καὶ⁸
1208 2892 1271 2955 τῇ
1319 2892 1383 2957 σῇ
1427 2890 1661 2939 δυνάμει
1698 2891 1821 2959 03p-

266 2979 555 3044 ρήσαντες,
588 2980 681 3045 τῆς
721 2979 915 3043 φλογὸς
938 2978 1305 3044 ἐπιϐαίνομεν.

341 3063 461 3116 ΚΓ.
496 3068 612 3117 Ὑών
635 3066 723 3117 οὖν
758 3067 1101 3135 στρατιωτῶν
1132 3068 1293 3132 ἐγγύς
1326 3085 1428 3118 που
1466 3070 1591 3135 περὶ
1629 3069 1688 3118 τὸ
1722 3070 1819 3135 τῆς

1930 1984 2039 2034 Ιυιιι
2075 1985 2279 2041 oculos,
2324 1987 2577 2037 dixerunt
2607 2006 2617 2036 :
2673 1988 2898 2039 Domine
2928 1989 3051 2041 Jesu
3086 1990 3317 2049 Christe.
3351 2007 3473 2043 vcra

1928 2074 2039 2131 lux,
2089 2090 2207 2139 qua:
2245 2086 2367 2127 ante
2422 2079 2614 2129 sa'eula
2654 2094 2683 2129 e
2743 2088 2962 2144 paterna
3020 2080 3227 2132 eﬂulsit
3280 2082 3471 2149 gloria,

1926 2166 2132 2231 agimus
2198 2166 2290 2216 tibi
2348 2169 2562 2232 gratias,
2613 2170 2753 2234 quod
2793 2186 2889 2221 nos
2948 2173 3350 2231 corroborasti.
3416 2182 3473 2224 ut

1925 2253 2186 2306 ferremus
2236 2270 2331 2322 pro
2384 2268 2432 2308 te
2477 2267 2769 2314 certamen,
2807 2269 2859 2309 et
2909 2275 3013 2311 non
3066 2263 3355 2325 permisisti
3414 2274 3471 2315 ut

1926 2345 2511 2412 comprehenderentur
2535 2362 2563 2399 a
2603 2348 2792 2415 laqueo
2821 2350 3129 2402 venantium
3166 2368 3178 2402 :
3230 2354 3319 2405 sed
3356 2365 3471 2405 tau-

1924 2450 2083 2500 quam
2122 2451 2389 2502 passercm
2448 2439 2680 2489 animam
2725 2450 2966 2491 nostram
3013 2457 3078 2494 ex
3111 2458 3175 2494 co
3204 2444 3464 2496 liberasti.

1925 2524 2161 2577 Etnunc
2208 2528 2468 2579 confirma
2530 2538 2743 2581 nostros
2800 2531 3030 2591 animos,
3091 2540 3146 2582 ut
3203 2534 3469 2599 possimus

1922 2614 2185 2668 adversus
2228 2616 2371 2668 hunc
2422 2618 2593 2685 ignem
2641 2634 2740 2671 nos
2789 2620 3004 2671 fortiter
3049 2637 3256 2687 gerere.
3304 2622 3470 2674 Nobis

1922 2719 2138 2770 quoque
2187 2704 2334 2757 adsis
2382 2707 2434 2757 in
2490 2716 2731 2774 tempore
2800 2723 3053 2761 excessus
3125 2727 3188 2761 cx
3230 2712 3331 2764 hoc
3379 2714 3470 2763 ab-

1917 2793 2065 2857 jecto
2127 2810 2377 2861 corpore,
2430 2806 2483 2848 et
2547 2798 2775 2850 defende
2850 2811 3062 2851 nostras
3115 2801 3343 2855 animas.
3394 2802 3468 2855 Te

1920 2882 2063 2932 enim
2099 2882 2227 2935 freti
2270 2894 2324 2936 et
2360 2896 2447 2936 tua
2507 2887 2724 2946 virtute,
2782 2888 2921 2941 hanc
2966 2889 3231 2942 ﬂammam
3284 2906 3442 2944 ascen

1924 2968 2120 3022 dinius.

1994 3060 2175 3114 XXIII.
2212 3064 2344 3115 Cum
2400 3067 2580 3131 itaque
2630 3066 2860 3120 fuissent
2933 3068 3134 3123 milites
3183 3086 3347 3139 prope
3407 3087 3470 3124 os

266 3157 501 3221 καμίνου
531 3158 700 3224 στόμα
725 3159 1049 3225 γενομένων,
1076 3158 1163 3208 καί
1188 3161 1286 3222 τὴν
1308 3159 1629 3209 ἀνύποιστον
1653 3160 1819 3225 αὐτῆς
1848 3180 1888 3236 c
1922 3152 1935 3203 Ι

1797 3178 1819 3220 ς
1848 3180 1888 3236 c
1922 3152 2175 3215 fornacis,
2198 3162 2251 3205 et
2294 3155 2683 3208 intolerabilem
2710 3158 2827 3225 ejus
2852 3159 3095 3211 ardorem
3122 3177 3224 3211 non
3248 3172 3466 3227 possent

268 3247 581 3311 ἐκπύρωσιν
614 3248 823 3311 στέγειν
874 3248 932 3296 οὗ
980 3248 1307 3313 δυναμένων.
1364 3250 1409 3297 οἶ
1447 3248 1587 3313 ἅγιοι
1626 3266 1815 3317 πεφρί·

266 3336 424 3395 κὸτας
458 3337 654 3397 ἰδόντες
681 3339 895 3398 αᾶτοῦς,
942 3337 1004 3385 Τί
1066 3338 1325 3402 ἑστήκατε
1380 3336 1569 3399 οὕτως,
1610 3337 1810 3402 ἔλεγον,

263 3426 322 3473 το
354 3426 639 3475 κελευσθὲν
674 3428 747 3493 μὴ
784 3425 1101 3488 ποιοῦντεςς
1142 3424 1201 3476 Et
1239 3425 1299 3476 τὸ
1349 3426 1630 3493 ὁμόδουλον
1662 3428 1814 3477 τοᾶτο

265 3520 358 3564 καὶ
413 3516 743 3585 πρόσκαιρον
787 3516 897 3585 πῦρ
950 3515 1091 3567 οὓτω
1131 3515 1359 3582 φοϐερὸν
1391 3516 1518 3579 ὑμῖν
1551 3516 1717 3580 ἔδοξε,
1757 3520 1815 3566 τὸ

263 3604 623 3672 ἀτελεύτητον
656 3608 826 3655 ἐκεῖνο
856 3605 953 3671 τῆς
1000 3606 1222 3671 γεέννης
1271 3604 1363 3656 καὶ
1396 3605 1651 3656 ἄστεκῑον
1682 3608 1814 3674 άλη-

266 3696 371 3753 Oti);
411 3695 519 3755 πῶς
549 3695 790 3745 ὑποίσετε
816 3711 829 3758 ;
864 3696 923 3746 Οί
949 3696 1025 3757 δὲ,
1058 3696 1165 3746 Καὶ
1195 3694 1309 3755 πῶς
1335 3695 1397 3745 ἂν
1433 3699 1636 3759 γένοιτο
1661 3698 1808 3762 ἡμῖν,

264 3782 439 3844 εἴποι,
472 3787 533 3852 ἦν
562 3786 715 3851 ὑμεῖς
741 3786 922 3849 λέγετε
956 3786 1171 3835 κόλασιν
1195 3786 1471 3850 ὲκρυγεῖη
1515 3785 1574 3835 Εἰ
1608 3788 1683 3853 μὴ
1716 3790 1812 3852 τὴν

263 3877 368 3923 τὼν
396 3875 629 3924 εἰδώλων
660 3874 980 3942 ἀρνηθέντες
1005 3873 1315 3941 Θρησκείαν,
1342 3876 1389 3924 οἱ
1411 3875 1549 3938 άγιοι
1582 3876 1810 3943 ἔφησαν,

266 3964 484 4031 Χριστῴ
507 3962 579 4030 τῷ
610 3964 799 4031 άληθεί
831 3962 949 4031 Θεῴ
971 3964 1069 4014 σὺν
1099 3963 1321 4029 ἀληθεία
1348 3963 1688 4028 πιστεύσετε,
1720 3967 1814 4015 οὐκ

266 4058 330 4104 αν
360 4057 573 4105 δυνατοὶ
604 4056 841 4120 γένοισθε
870 4056 964 4115 τὰς
992 4055 1235 4114 κολάσεις
1267 4055 1475 4114 ὲκείνας
1506 4054 1809 4121 διαφυγεῖν.

268 4146 406 4211 ΙΙρδς
440 4145 611 4195 ταῦτα
655 4148 701 4194 oi
758 4144 1107 4210 στρατιῶται·
1142 4144 1265 4193 Ὅτε
1310 4146 1371 4210 τῇ
1407 4144 1495 4194 τοῦ
1532 4145 1811 4210 βασιλέως,

264 4238 496 4302 ἔφησαν,
538 4234 962 4301 ύπηρετούμενοι
1021 4232 1329 4300 προστάξει,
1390 4233 1484 4292 τὰς
1549 4234 1811 4301 τιμωρίας

266 4325 392 4388 ύμῖν
428 4324 720 4389 ἀπή-γομεν,
762 4320 1007 4389 ἔντρομοί
1042 4338 1184 4381 τινες
1218 4323 1307 4371 καὶ
1338 4321 1605 4389 περιδεεὶ.-
1650 4318 1809 4391 ἦμεν,

264 4414 339 4471 ὣς
367 4430 417 4463 τι
449 4415 733 4464 πείσεσθαι
762 4413 994 4482 χαλεπὸν
1023 4412 1363 4479 ἐκδεχόμενοι
1392 4428 1407 4442 ⁶
1447 4416 1562 4463 νυνὶ
1584 4413 1639 4463 δὲ
1667 4415 1806 4465 διδα-

266 4502 493 4562 σκαλίας
530 4504 622 4553 καὶ
664 4504 1037 4571 παραινέσεως
1077 4505 1174 4569 τῆς
1211 4501 1361 4570 παρ’·
1408 4501 1557 4569 ὑμῶν
1582 4502 1814 4553 ἁπολαύ-
1844 4504 1885 4557 ῐ]
1914 4500 2188 4554 consecuti

264 4610 457 4654 σαντες
480 4595 721 4662 γαληνιοι
754 4594 1095 4661 κατέστημεν
1130 4594 1224 4651 τὰς
1251 4592 1446 4659 ψυχὰς,
1475 4594 1664 4645 ἐλπίδα
1690 4597 1809 4646 τινὰ

264 4686 535 4751 σωτηρίας
594 4685 668 4746 ὡς
727 4685 871 4745 εἰκὸς
920 4682 1270 4750 ἀναμένοντες
1301 4722 1314 4744 ,
1368 4684 1526 4751 ὑμεῖς
1574 4684 1629 4735 δὲ
1679 4684 1811 4736 ἀλλὰ

265 4776 589 4841 ποιήσαντες
629 4776 707 4834 είς
755 4775 901 4841 ἡμᾶς
945 4774 1045 4823 ὅσα
1076 4771 1175 4834 δεῖ,
1222 4772 1375 4839 καὶὴ
1425 4773 1603 4834 πίστις
1658 4773 1811 4839 ὑμῶν

266 4863 541 4929 βούλεται,
578 4862 655 4930 τῷ
707 4862 909 4929 αἰωνίῳ
956 4864 1257 4928 προσάγετε
1318 4860 1543 4929 βασιλεῖ·
1573 4861 1663 4913 τὸν
1700 4866 1808 4931 γάρ

264 4958 502 5025 φῢαρτὸν
550 4958 648 5025 ήδη
698 4956 887 5009 τοῦτον
941 4955 1333 5023 ὲὸδελνξάμεθα
1357 4957 1711 5025 εὐφροσύνης.
1746 4959 1806 5008 Οί

268 5051 542 5115 μάρτυρες
596 5049 685 5099 ἐπὶ
730 5050 938 5107 τούτοις
999 5048 1452 5113 ὑποπλησθέντες,
1505 5049 1809 5113 Αἰνεσωμεν

266 5138 593 5205 συμφώνως,
629 5135 803 5200 εἷπον,
826 5139 917 5189 τὸν
944 5138 1169 5205 Κύριον,
1189 5140 1268 5188 ὃτι
1297 5136 1516 5203 ἀγαθὸς,
1541 5140 1634 5188 καὶ
1655 5138 1809 5205 ἡδυν-

266 5229 383 5294 οείη
429 5232 599 5295 τούτῳ
628 5229 825 5295 μᾶλλον
854 5230 886 5296 ἡ
932 5230 1153 5288 αῐνεσις,
1211 5228 1288 5295 τῷ
1324 5226 1684 5294 οἰκοδομοῦντι
1712 5229 1805 5289 τὰς

262 5320 439 5385 ψυχὰς
466 5318 571 5367 τῶν
597 5318 745 5385 αὐτῷ
778 5318 956 5368 πίστει
996 5318 1470 5385 προσερχομένων,
1505 5317 1598 5367 καὶ
1633 5319 1807 5383 χαρᾶς

264 5411 357 5456 tm
391 5410 453 5473 τῇ
486 5407 689 5458 ἑαυτῶν
742 5409 982 5475 σωτηρία
1028 5408 1317 5475 πληροῦντι
1367 5406 1433 5458 τὰ
1488 5409 1803 5469 ἐπουράνια.

266 5496 579 5561 Πρόσδεξαι,
606 5498 873 5559 Δέσποτα,
912 5497 1002 5554 οὒς
1045 5498 1170 5562 περὶ
1203 5498 1297 5563 τὴν
1328 5497 1610 5563 ἑνδεκάτην
1637 5496 1802 5565 ὥραν,

266 5588 345 5645 είς
378 5586 465 5638 τὸν
497 5587 589 5637 τοῦ
634 5589 932 5654 μαρτυρίου
982 5587 1279 5653 ἀμπελῶνα
1327 5585 1681 5650 συνεκαλέσω,
1713 5590 1804 5637 καὶ

267 5674 348 5731 δὸς
371 5676 547 5735 αὐτοῖς
571 5678 658 5725 τὸν
692 5678 877 5744 μισθὸν
914 5678 1059 5737 ἄξιον
1088 5676 1181 5738 τῆς
1214 5678 1310 5741 σῆς
1342 5678 1667 5745 ἀγαθότητινς
1695 5679 1802 5737 τοῖς

269 5764 595 5829 προλαϐοῦσῐ
629 5783 718 5818 σον
749 5767 1060 5831 άΟλοσέροις
1093 5766 1452 5830 σνναριθμιῖιν.

1920 3244 2204 3303 sustinere,
2252 3247 2418 3297 sancti
2468 3248 2556 3311 qui
2613 3263 2705 3299 eos
2760 3250 3002 3299 viderant
3035 3252 3249 3303 territos
3282 3268 3292 3300 :
3323 3253 3461 3315 Quid

1916 3332 2088 3393 statis,
2123 3332 2394 3393 dicebant,
2448 3334 2743 3401 quodjussi
2795 3337 2945 3393 estis,
2993 3352 3096 3389 non
3153 3338 3465 3391 facientes?

1918 3421 1970 3473 Si
2006 3423 2111 3479 hic,
2148 3424 2237 3487 qui
2273 3431 2355 3473 est
2384 3438 2675 3475 conservus
2704 3434 2754 3474 et
2784 3433 2864 3475 est
2922 3426 2985 3475 ad
3037 3435 3246 3492 tempus
3300 3429 3459 3495 ignis,

1918 3512 2070 3563 vobis
2096 3512 2242 3563 visus
2276 3522 2354 3563 est
2392 3513 2642 3563 terribilis
2678 3531 2688 3563 ε
2747 3514 2884 3579 ignis
2914 3515 2999 3565 ille
3030 3516 3309 3582 gehennae,
3365 3521 3460 3584 qui

1918 3616 2189 3668 nunquatn
2217 3603 2439 3659 desinit,
2473 3613 2525 3652 et
2558 3617 2831 3665 nunquam
2858 3603 3241 3671 exstinguitur,
3274 3622 3462 3672 quein-

1914 3692 2197 3742 admodum
2224 3707 2251 3742 a
2283 3692 2433 3743 vobis
2489 3692 2844 3743 tolerabitur?
2879 3693 2941 3743 Et
2991 3695 3281 3759 quomodo,
3309 3696 3461 3748 dixe-

1917 3790 2040 3831 runt
2069 3780 2162 3840 illi,
2210 3781 2543 3846 potuerimus
2600 3781 2860 3848 eﬂ'ngere,
2917 3784 3060 3848 quod
3118 3800 3210 3835 vos
3253 3785 3460 3847 dicitis,

1914 3869 2235 3935 supplicium
2261 3867 2282 3917 ?
2312 3869 2419 3921 Nisi
2444 3870 2705 3937 abnegato
2734 3872 2879 3922 cultu
2917 3872 3462 3936 idolorum,dixerunt

1915 3960 2108 4017 sancti,
2164 3958 2378 4011 ChriSto
2432 3974 2558 4010 vero
2618 3960 2725 4011 Deo
2780 3976 2903 4014 vere
2949 3963 3312 4027 credideritis,
3350 3982 3457 4019 non

1914 4050 2160 4121 poteritis
2192 4050 2277 4101 illa
2308 4048 2544 4117 effugere
2592 4052 2878 4118 supplicia.
2938 4054 3016 4105 Ad
3067 4054 3179 4107 luce
3219 4057 3452 4109 milites:

1912 4142 2135 4203 Quando
2168 4178 2182 4199 ,
2218 4142 2487 4200 dixerunt,
2534 4142 2869 4209 regisjussui
2927 4145 3247 4206 servientes,
3300 4149 3453 4199 vobis

1915 4230 2273 4282 inferebamus
2334 4230 2617 4295 supplicia,
2668 4232 3217 4285 contremiscebamus
3287 4243 3341 4287 et
3390 4236 3455 4287 ti-

1917 4335 2063 4371 more
2112 4318 2498 4381 aﬂiciebamur,
2570 4326 2627 4369 ut
2699 4321 2790 4385 qui
2850 4332 3288 4387 exspectaremus
3352 4340 3450 4377 nos

1913 4411 2118 4476 aliquid
2148 4423 2309 4477 grave
2331 4424 2449 4461 esse
2482 4423 2755 4476 passuros.
2784 4408 2935 4462 Nunc
2982 4421 3159 4463 autem
3219 4424 3449 4466 vestram

2282 4500 2580 4551 doctrinam
2651 4509 2705 4553 et
2756 4500 3203 4563 admonitionem,
3263 4518 3454 4556 sumus

1914 4592 2216 4657 tranquillis
2259 4592 2472 4651 animis,
2504 4592 2739 4658 aliquam
2787 4606 2934 4658 spem
2987 4593 3194 4655 salutis,
3247 4602 3307 4646 ut
3356 4610 3453 4662 par

1909 4691 2011 4741 est,
2042 4690 2450 4747 exspectantes:
2480 4681 2573 4733 sed
2615 4696 2710 4733 vos
2755 4696 2876 4733 cum
2929 4683 2983 4733 in
3034 4697 3131 4733 nos
3190 4683 3450 4745 feceritis,

1910 4787 2029 4839 qua:
2053 4780 2266 4839 oportet
2296 4780 2350 4823 et
2382 4771 2494 4822 vult
2524 4779 2696 4824 vestra
2729 4771 2882 4833 fides,
2928 4775 2995 4823 ad
3045 4772 3240 4839 [legem
3290 4783 3451 4826 aeter-

1909 4876 2037 4914 num
2066 4862 2335 4922 adducite,
2366 4862 2507 4913 hunc
2530 4862 2699 4922 enim,
2734 4862 2785 4911 in
2808 4876 2967 4927 quem
2994 4864 3139 4913 cadit
3172 4864 3440 4925 interitus,

1906 4956 2013 5023 jam
2074 4967 2262 5005 sumus
2322 4951 2637 5003 abominati.
2703 4950 2931 5018 Pr0pter
3000 4952 3112 5004 haec
3187 4963 3451 5020 martyres

1910 5045 2093 5110 repleti
2121 5042 2297 5094 laetitia
2324 5055 2338 5091 :
2366 5041 2673 5103 Dominum,
2706 5040 2980 5102 dixerunt,
3016 5056 3119 5093 una
3153 5057 3282 5095 voce
3328 5043 3447 5093 Iau-

1908 5134 2116 5191 demus,
2160 5132 2411 5198 quoniam
2439 5132 2610 5183 bonus
2661 5140 2715 5182 et
2747 5131 2928 5184 suavis
2958 5132 3150 5183 evadat
3182 5134 3229 5184 ei
3262 5143 3445 5184 nostra

1908 5224 2162 5285 laudatio,
2202 5223 2292 5289 qui
2317 5221 2542 5274 :ediflcat
2576 5222 2779 5273 animas
2801 5237 3006 5281 eorum,
3035 5223 3125 5289 qui
3158 5223 3223 5273 ad
3261 5223 3434 5289 ipsum

1910 5316 2011 5367 fide
2078 5314 2358 5373 accedunt,
2432 5310 2625 5379 gaudio
2700 5320 2917 5378 propter
2970 5327 3158 5364 eorum
3213 5314 3438 5366 salutem

1908 5406 2092 5462 implet
2147 5405 2403 5456 caelestia.
2440 5403 2657 5468 Excipe,
2701 5403 2939 5463 Domine,
2973 5416 3088 5463 eos,
3120 5418 3256 5467 quos
3309 5404 3439 5458 bora

1909 5496 2189 5546 undecima
2226 5492 2531 5545 convocasti
2565 5490 2632 5543 ad
2662 5492 2871 5541 vineam
2919 5492 2993 5542 tui
3038 5491 3303 5558 martyrii,
3384 5505 3437 5544 et

1905 5588 1969 5640 da
1987 5587 2065 5637 eis
2088 5583 2386 5636 mercedem
2420 5583 2633 5647 dignam
2668 5590 2754 5632 tua
2783 5580 3040 5642 bonitate,
3076 5595 3169 5632 eos
3200 5585 3437 5635 referens

1910 5696 1962 5731 ιιι
2001 5692 2281 5731 numerum
2311 5676 2548 5743 priorum
2579 5681 2790 5727 tuorum
2817 5672 3235 5725 decertatorum.
