4226 6418
771 371 843 433 35
2021 370 2305 430 MENSIS
2347 371 2790 435 NOVEMBER.
2917 350 2933 370 '
3910 384 3976 446 36

843 477 1025 531 XXIV.
1055 478 1247 531 Milites
1276 491 1404 544 ergo
1427 477 1595 530 veluti
1630 477 1956 547 quibusdam
1983 479 2148 533 armis
2174 480 2320 533 inev-
2348 485 2398 542 Α
2495 483 2512 533 l

2310 509 2320 520 -
2348 485 2398 542 Α
2495 483 2619 534 KA'.
2655 485 2716 535 Οί
2742 485 2921 537 τοίνυν
2948 485 3275 554 στρατιῶται
3303 485 3554 558 καθάπερ
3585 487 3732 554 ὅπλῳ
3766 488 3874 540 τινὶ
3905 490 3979 558 τῷ

774 568 1171 637 pugnabilibus,
1210 565 1411 620 Christi
1449 566 1639 619 muniti
1665 567 1967 636 signaculo,
2003 568 2158 621 simul
2195 583 2317 621 cum

771 657 973 711 sanctis
995 655 1296 724 Acindyno,
1331 655 1550 726 Pegasio
1601 664 1656 709 et
1703 657 2092 725 Anempodisto
2134 657 2319 710 forna-

770 763 886 800 cen.
915 747 1142 814 ingressi
1170 757 1317 809 sunt,
1351 761 1475 800 eum
1511 756 1697 801 essent
1723 762 1950 802 numero
2015 747 2203 816 viginti
2265 757 2320 802 et

770 846 913 899 octo,
975 853 1042 890 ne
1096 837 1210 904 ipsa
1260 836 1477 904 quidem
1533 837 1742 906 tyranni
1775 845 1946 890 matre
1973 838 2180 899 relicta,
2224 838 2318 892 sed

770 943 892 982 cum
947 928 1027 980 eis
1076 929 1237 980 simul
1288 928 1548 996 ingressa.
1613 925 1827 980 Chorus
1883 935 2061 980 autem
2099 928 2320 996 angelo-

771 1034 890 1070 rum
911 1020 1052 1071 circa
1105 1017 1379 1072 fornacem
1410 1026 1625 1072 sanctos
1658 1017 1946 1071 videbatur
1987 1018 2289 1086 excipiens,

767 1120 821 1162 et
847 1125 966 1161 cum
993 1111 1074 1163 eis
1105 1111 1360 1180 hymnum
1387 1125 1610 1185 canens.
1662 1111 1922 1180 Martyres
1977 1121 2156 1164 autem
2189 1123 2315 1163 cum

767 1213 946 1252 sacras
971 1201 1179 1252 animas
1225 1201 1365 1267 apud
1399 1201 1565 1254 Deum
1601 1216 1697 1268 per
1731 1201 1907 1268 ignem
1935 1200 2316 1267 deposuissent

765 1287 1004 1338 secundo
1033 1288 1118 1339 die
1156 1288 1497 1352 Novembris,
1535 1290 1710 1341 locum
1765 1290 2105 1356 repleverunt
2149 1289 2316 1340 odore

766 1375 1046 1442 ineffabili,
1079 1377 1216 1430 adeo
1245 1388 1302 1430 ut
1327 1381 1418 1445 qui
1459 1381 1564 1432 illic
1595 1380 1817 1433 aderant
1853 1379 2171 1441 Christiani,
2197 1394 2316 1447 qua:

764 1467 868 1519 dici
909 1485 1014 1521 non
1041 1478 1239 1536 potest,
1268 1473 1595 1537 voluptatem
1647 1473 1935 1533 senserint,
1966 1483 2021 1525 et
2045 1487 2168 1525 eum
2200 1473 2314 1525 lau-

763 1559 964 1622 darint,
1006 1561 1292 1627 quireipsa
1320 1561 1504 1629 implet
1532 1578 1650 1629 qua:
1684 1563 1815 1615 dicit
1855 1562 2074 1614 divinus
2123 1560 2308 1626 David,

763 1660 815 1703 ct
848 1651 897 1702 in
922 1653 1122 1704 sanctis
1152 1653 1265 1704 suis
1300 1669 1355 1705 se
1385 1654 1622 1706 ostendit
1674 1653 2002 1707 mirabilem.
2065 1653 2308 1718 Quorum

763 1757 923 1794 sacrae
951 1751 1006 1794 et
1039 1746 1285 1810 pretiosa:
1313 1745 1550 1813 reliquiae
1573 1745 1833 1814 deposita:
1881 1755 2006 1798 sunt
2062 1746 2115 1799 in
2166 1747 2306 1810 loco,

2423 571 2587 623 παντὶ
2615 573 2895 643 ἀχειρώτῳ
2934 576 2998 644 τῇ
3033 577 3288 646 σφραγῖδι
3317 577 3554 647 Χριστοῦ
3581 577 3974 648 σφραξάμενοι,

2422 661 2637 732 σύναμα
2665 666 2774 725 τοῖς
2797 665 2994 731 ἁγίοις,
3018 667 3329 738 ’Δχινδύνῳ,
3357 670 3618 739 ῐίηγασίῳ
3648 669 3742 722 καὶ
3788 672 3977 738 ’Δνεμ-

2422 752 2680 820 ποδίστῳ,
2713 753 2814 822 τὴν
2861 755 3092 823 κάμινον
3139 758 3488 826 ύπεισῆλθον,
3525 760 3670 813 ὀκτὼ
3699 761 3831 831 πρὸς
3865 762 3975 822 τοῖς

2420 842 2594 893 εἰκοσι
2636 843 2728 895 τὸν
2771 844 3007 914 ἀριθμὸν
3035 846 3211 909 δντες,
3248 849 3383 917 μηδὲ
3416 849 3586 917 αὐτῆς
3629 851 3973 920 ἀπολειφθείο

2420 946 2519 999 σης
2547 932 2647 1001 τῆς
2673 934 2766 986 τοῦ
2798 937 3067 1006 τυράννου
3099 942 3325 1008 μητρὸς,
3357 941 3496 994 ἀλλὰ
3525 941 3621 995 καί
3659 943 3828 1011 αὐτῆς
3857 943 3970 1012 ἅμα

2421 1022 2958 1094 συνεπεισε).θούσης.
3035 1027 3208 1096 Χορὸς
3279 1030 3338 1082 δὲ
3396 1031 3642 1097 ἀγγέλων
3696 1035 3823 1101 περὶ
3873 1035 3973 1102 τὴν

2418 1111 2648 1176 κάμινον
2704 1114 2915 1184 ἑωρᾶτο
2964 1118 3090 1180 τοὺς
3149 1119 3338 1184 ἁγίους
3403 1121 3816 1190 ὑποδεχόμενος,
3879 1126 3972 1176 καὶ

2419 1199 2586 1267 ὕμνον
2618 1202 2714 1254 σὺν
2743 1205 2926 1268 αὐτοῖς
2981 1208 3332 1273 ἀναμέλπων.
3382 1212 3444 1264 οι
3480 1211 3756 1280 μάρτυρες
3793 1213 3970 1279 μέντοι

2415 1291 2512 1350 τὰς
2567 1293 2716 1361 ἱερὰς
2774 1295 2951 1364 ψυχὰς
3003 1298 3080 1365 τῷ
3106 1298 3222 1365 θεῷ
3252 1298 3341 1350 διὰ
3386 1299 3555 1367 πυρὸς
3603 1303 3968 1370 παραθέμενοι

2420 1383 2560 1434 κατὰ
2585 1382 2681 1450 τὴν
2712 1383 2969 1454 δευτέραν
2993 1386 3087 1437 τοῦ
3147 1387 3457 1456 Νοεμὸρὶου
3508 1390 3696 1458 μηνὸς,
3744 1389 3968 1450 εὐωδίας

2412 1472 2652 1539 ἀρρήτου
2682 1473 2774 1525 τὸν
2802 1476 2963 1527 τόπον
2987 1477 3336 1546 ἐπλήρωσαν,
3365 1480 3441 1540 ὡς
3464 1481 3589 1541 τοὺς
3611 1482 3785 1532 ἐκεῖσε
3823 1498 3963 1547 παρ-

2411 1563 2572 1624 όντας
2632 1566 2994 1633 Χριστιανοὺς
3035 1569 3228 1637 ἡδονῆς
3261 1571 3567 1634 αἰσθέσθαι,
3604 1572 3858 1640 λεχθῆναι
3891 1573 3964 1639 μὴ

2411 1653 2737 1724 δυναμένης,
2783 1658 2952 1711 αίνείν
2997 1676 3054 1710 τε
3098 1661 3187 1712 τὸν
3223 1661 3369 1732 ἔργῳ
3397 1661 3462 1714 τὰ
3491 1663 3584 1715 τοῦ
3619 1663 3760 1715 θείου
3807 1661 3964 1713 Aea-“:5

2410 1743 2737 1814 πληροῦντα,
2778 1749 2871 1799 καὶ
2916 1748 3230 1818 θαυμαστὸν
3278 1756 3386 1815 τοῖς
3424 1753 3598 1819 ἁγίοις
3648 1752 3810 1804 αὐτοῦ
3854 1752 3963 1803 δει-

763 1832 854 1898 qui
891 1834 1092 1886 dicitur
1147 1835 1438 1895 lrenessus,
1493 1851 1559 1888 ex
1589 1836 1786 1903 quibus
1813 1845 1991 1888 manat
2017 1836 2186 1903 gratia
2241 1837 2305 1888 ad
2340 1838 2382 1892 Β
2417 1849 2432 1884 1

2287 1837 2305 1888 1
2340 1838 2382 1892 Β
2417 1831 2700 1900 κνύμενον.
2730 1829 2831 1887 Ὦν
2856 1835 2924 1888 τὰ
2958 1838 3076 1906 ίερὰ
3101 1839 3192 1890 καὶ
3209 1840 3362 1908 τίμια
3386 1840 3611 1908 λείψανα
3641 1844 3696 1892 ὲν
3715 1843 3778 1907 τῇ
3807 1843 3956 1907 εἰρη-

762 1937 872 1984 eos,
903 1925 994 1990 qui
1023 1925 1283 1978 accedunt
1313 1943 1325 1977 :
1358 1925 1422 1977 ad
1449 1926 1674 1990 gloriam
1723 1925 1932 1978 Domini
1963 1925 2133 1978 nostri
2179 1925 2307 1979 Jesu

760 2009 981 2071 Christi,
1035 2026 1194 2078 quem
1219 2010 1372 2064 decet
1397 2014 1647 2081 majestas
1676 2021 1732 2066 et
1755 2013 1994 2066 laudatio
2025 2027 2147 2066 cum
2191 2014 2308 2082 ejus

761 2098 1027 2165 principio
1049 2109 1264 2152 carente
1301 2101 1477 2163 Patre,
1523 2109 1579 2153 et
1627 2101 1842 2155 viviﬁco
1887 2102 2114 2169 Spiritu,
2165 2117 2308 2156 nunc

758 2200 807 2236 et
840 2201 1072 2256 semper,
1099 2189 1221 2242 etin
1251 2191 1442 2243 saaeula
1470 2191 1812 2244 sreculorum.
1849 2192 2043 2245 Amen.

2413 1925 2549 1994 μένῃ
2584 1926 2908 1994 Είρηνησσῷ
2944 1929 3232 1997 κατετέθη,
3276 1930 3475 1999 πολλὴν
3515 1931 3646 1998 ὅσην
3676 1931 3771 1997 τὴν
3803 1932 3960 1998 χάριν

2407 2019 2519 2077 τοῖς
2564 2017 2848 2084 προσιοῦσι
2898 2017 3237 2086 πηγάζονται
3289 2021 3369 2081 είς
3419 2019 3578 2085 δόξαν
3615 2017 3706 2072 τοῦ
3755 2019 3958 2088 Κυρίου

2407 2107 2564 2174 ἡμῶν
2611 2107 2780 2176 Ἰησοῦ
2833 2108 3086 2178 Χριστοῦ,
3130 2103 3173 2176 ᾧ
3224 2111 3421 2177 πρέπει
3473 2110 3831 2178 μεγαλωσύνη
3869 2115 3958 2162 καὶ

2408 2199 2617 2257 αἴνεσις
2654 2197 2751 2249 σὺν
2785 2199 2860 2266 τῷ
2893 2200 3114 2268 ἁνὰρχῳ
3159 2199 3320 2252 αὐτοῦ
3362 2199 3534 2268 Πατρὶ
3581 2199 3672 2252 καὶ
3714 2199 3790 2267 τῷ
3823 2200 3955 2260 ζωο-

2408 2287 2546 2357 ποιῷ
2594 2288 2870 2357 Πνεύματι
2899 2328 2914 2353 ,
2946 2289 3040 2344 νῦν
3077 2291 3169 2342 καὶ
3200 2292 3285 2344 ἀεὶ
3339 2293 3432 2344 καὶ
3465 2294 3542 2354 είς
3587 2293 3709 2355 τοὺς
3761 2292 3956 2356 αίιίνας

2406 2378 2510 2430 τῶν
2536 2379 2593 2432 αι
2613 2381 2762 2434 ὗνων.
2818 2382 2992 2450 Αμήν.

755 2507 3921 2555 -————___._______.___.__________________________

1407 2668 1646 2753 ΒΙοΣ
1721 2674 1911 2755 ΚΑΙ
1988 2674 2524 2763 ΠΟΛΙΤΕΙΑ
2598 2682 2792 2765 ΚΑΙ
2868 2684 3299 2771 ΑΓΩΝΕΣ

1891 2850 2026 2904 Τοι·
2067 2851 2267 2905 οΣιοΥ
2306 2841 2570 2910 ΠΑτΡοΣ
2609 2859 2801 2913 ΗΜΩΝ

1856 3013 2841 3155 ΙΩΑΝΝΙΚΙΟΥ

1467 3408 1711 3484 VITA
1769 3411 1950 3488 RES
2025 3412 2376 3493 GESTJE
2465 3419 2593 3496 ET
2651 3421 3231 3507 CERTAMINA

1916 3591 2161 3648 SANCTI
2200 3596 2449 3654 PATRIS
2486 3599 2531 3654 Ν
2539 3598 2742 3654 OSTRI

1419 3766 2361 3927 JOANNICII
2475 3777 3273 3947 ABBATIS

1423 4035 1612 4096 (Latine
1646 4037 1772 4098 apud
1799 4038 1993 4087 Surium
2015 4038 2071 4085 ad
2100 4038 2230 4088 diem
2269 4041 2296 4090 l
2315 4041 2460 4101 Non,
2495 4042 2661 4095 Grece
2685 4059 2746 4096 ex
2774 4052 2879 4099 cod.
2924 4065 3011 4100 ms.
3037 4066 3082 4101 ιι.
3113 4053 3270 4117 H81.)

817 4344 854 4394 I.
890 4343 1037 4394 Viam
1070 4357 1190 4410 quae
1235 4343 1388 4397 ducit
1426 4345 1492 4398 ad
1536 4348 1813 4412 virtutem,
1869 4353 2050 4406 sciunt
2107 4363 2364 4421 omnesc,
2467 4358 2486 4408 Λ

2260 4363 2364 4421 :sc
2427 4357 2548 4449 ,Λα
2591 4358 2701 4449 Την
2744 4361 2880 4428 πρὸς
2931 4362 3130 4432 ἀρετὴν
3179 4365 3297 4418 ὁδὸν
3339 4368 3628 4439 φέρουσαν,
3676 4384 3929 4449 τραχεῖαν

743 4447 867 4484 esse
918 4447 1187 4498 aSperam,
1222 4434 1449 4487 arduam
1490 4449 1546 4490 et
1584 4437 1874 4500 dillicilem,
1907 4441 2067 4509 idque
2100 4453 2287 4511 aperte

747 4521 859 4588 ipsa
894 4521 1112 4574 discunt
1154 4526 1504 4591 experientia.
1552 4528 1614 4581 Et
1675 4528 1795 4582 ideo
1831 4532 2014 4586 multis
2072 4547 2287 4601 quoque

748 4611 1005 4678 indigent,
1041 4627 1160 4679 qua:
1194 4615 1259 4665 ad
1294 4614 1461 4681 ipsam
1511 4618 1769 4682 excitent,
1821 4623 2015 4688 partim
2069 4623 2284 4689 quidem

745 4699 1237 4762 exhortationibus,
1275 4702 1467 4768 partim
1521 4714 1700 4758 autem
1757 4708 1878 4760 vita:
1915 4723 2130 4777 quoque
2199 4710 2284 4765 hi-

745 4789 906 4839 storia
939 4803 1150 4851 eorum,
1187 4790 1278 4857 qui
1302 4791 1355 4842 in
1390 4791 1480 4844 illa
1521 4794 1671 4860 prius
1707 4806 1832 4849 sunt
1863 4800 2108 4866 ingressi,
2140 4803 2284 4871 quod

744 4877 904 4927 etiam
959 4878 1130 4944 magis
1165 4879 1230 4930 ad
1299 4895 1416 4932 eam
1472 4883 1696 4936 attrahit
1743 4888 1858 4938 sine
1915 4889 2177 4955 molestia,
2231 4903 2286 4948 et

742 4963 904 5017 cllicit
934 4975 991 5016 ut
1025 4981 1131 5019 non
1181 4967 1553 5037 despondeant
1601 4974 1835 5026 animum
1886 4990 2105 5046 propter
2148 4981 2286 5034 diﬂi-

741 5056 997 5108 eultatem
1039 5058 1268 5112 itineris.
1307 5060 1367 5113 Ei
1413 5063 1577 5126 enim,
1619 5065 1709 5132 qui
1764 5067 1899 5139 viam
1946 5079 2031 5124 est
2077 5071 2281 5140 ingres-

743 5161 904 5198 surus
935 5163 1177 5213 asperam
1211 5161 1265 5202 et
1301 5151 1597 5219 dillicilem,
1629 5158 1860 5212 suadens
1887 5169 1942 5212 et
1988 5162 2281 5218 adhortans

743 5235 1008 5302 quispiam
1081 5239 1260 5292 minus
1333 5248 1679 5311 persuaserit,
1757 5250 2050 5304 ostendens
2103 5264 2277 5307 autem

744 5328 939 5380 multos
971 5343 1090 5381 eam
1119 5330 1231 5399 jam
1279 5334 1595 5400 confecisse,
1654 5347 1705 5391 et
1753 5341 1817 5392 ad
1867 5351 2104 5409 optatum
2157 5353 2276 5398 tan-

740 5416 861 5468 dem
921 5418 1079 5471 linem
1133 5425 1463 5489 pervenisse,
1516 5428 1592 5480 sic
1631 5430 1798 5497 magis
1842 5435 2166 5498 persuaserit
2220 5442 2279 5486 ut

741 5518 988 5576 prompto
1038 5523 1094 5564 et
1135 5513 1298 5566 alacri
1337 5516 1518 5570 animo
1553 5519 1654 5572 iter
1692 5521 2054 5589 aggrediatur.
2095 5524 2273 5578 Talem

735 5611 854 5651 esse
883 5599 1134 5654 existimo
1155 5606 1328 5672 magni
1361 5622 1576 5676 quoque
1599 5610 1772 5665 Patris
1800 5611 2065 5666 Joannicii
2088 5613 2271 5679 vitam,

737 5699 790 5742 ει
843 5693 995 5758 longe
1028 5694 1499 5764 jucundissimam,
1535 5710 1589 5754 et
1625 5701 1778 5770 longe
1816 5703 2175 5770 utilissimam,
2220 5717 2270 5761 et

2393 4444 2532 4498 εἶναι
2570 4448 2669 4501 καὶ
2708 4449 2910 4520 ἀνάντη
2957 4454 3051 4506 καὶ
3098 4454 3356 4533 δυσχερῆ,
3396 4462 3596 4520 πάντες
3631 4444 3812 4533 ίσιισι,⁷
3843 4475 3936 4524 καὶ

2393 4539 2458 4604 τῇ
2501 4539 2668 4606 πείρα
2701 4539 2886 4607 σαφῶς
2921 4542 3251 4610 μανθάνουσι
3284 4530 3418 4602 ma
3451 4554 3609 4607 τοῦτο
3661 4560 3755 4611 καὶ
3787 4530 3933 4614 ⁷πολ-

2392 4627 2498 4679 λῶν
2547 4628 2757 4681 δέονται
2815 4631 2926 4682 τῶν
2983 4635 3114 4703 πρὸς
3170 4639 3374 4707 ταύτην
3432 4647 3930 4716 παρακαλούντων,

2393 4715 2549 4769 τοῦτο
2581 4718 2678 4786 μὲν
2707 4722 3098 4789 παραινέσεων,
3134 4728 3290 4780 τοῦτο
3319 4730 3374 4781 δὲ
3408 4734 3501 4784 καὶ
3537 4735 3662 4802 βίων
3695 4741 3931 4812 ἱστορίας

2393 4807 2499 4856 τῶν
2528 4807 2741 4875 εκείνην
2772 4811 3210 4876 προωδευκότων,
3242 4817 3268 4867 δ
3301 4818 3394 4870 καὶ
3418 4821 3614 4888 μᾶλλον
3642 4807 3930 4892 ἀκωλύτως

2394 5075 2640 5142 μέλλοντι
2696 5076 2929 5144 βαδίζειν
2986 5079 3103 5132 ὁδὸν
3157 5080 3422 5152 δύσπορον
3488 5057 3581 5138 atat
3647 5057 3926 5157 τραχεῖαν,

2395 5164 2675 5232 παραινῶν
2709 5182 2812 5229 τις,
2856 5168 2947 5218 καὶ
2981 5173 3440 5240 προτρεπόμενος,
3477 5172 3638 5244 ἧττον
3667 5181 3925 5246 πείσειεν,

2389 5253 2770 5335 ὑποδεικνύων.
2825 5257 2880 5309 δὲ
2938 5257 3159 5322 πελλοὺς
3217 5263 3382 5332 αὐτὴν
3441 5265 3539 5334 ἤδη
3601 5266 3923 5336 διελθόντας,

2385 5341 2501 5397 εἶτα
2547 5346 2644 5398 κάν
2712 5345 2786 5414 τῷ
2831 5347 2972 5398 τέλει
3045 5350 3223 5411 καλῶς
3271 5353 3713 5419 καταλύσαντας,
3781 5359 3926 5413 οὕτω

2389 5437 2566 5487 πείσει
2602 5437 2800 5503 μᾶλλον
2828 5440 2922 5492 καὶ
2949 5441 3109 5491 αὐτὸν
3139 5441 3204 5492 ἂν
3246 5441 3538 5512 προθύμως
3567 5446 3662 5510 τῆς
3701 5452 3922 5517 πορείας

2390 5526 2648 5593 ἅψασθαι.
2688 5529 2934 5581 Τοιοῦτον
2963 5527 3281 5598 οἷμαιέἷναι
3325 5536 3414 5585 καὶ
3445 5536 3534 5587 τὸν
3560 5536 3653 5589 τοῦ
3682 5540 3916 5607 μεγάλου

2386 5619 2595 5688 Harpe;
2639 5621 2958 5672 Ἰωαννικίου
3021 5621 3170 5690 βίον,
3221 5624 3362 5691 μάλα
3410 5628 3506 5694 μὲν
3545 5632 3915 5699 χαριέστατον,

2384 5711 2524 5777 μάλα
2557 5712 2607 5763 δὲ
2650 5713 3068 5780 ὄφελῳώτατον
3095 5754 3110 5780 ν
3150 5717 3240 5781 καὶ
3268 5716 3561 5786 δυνάμενον
3598 5723 3793 5786 nam};
3827 5725 3918 5778 καὶ
