4226 6418
757 426 826 484 39
2000 415 2280 475 MENSIS
2319 410 2750 472 NOVEMBER.
3885 405 3957 466 40

761 535 1081 601 ρι-ειξοιοτυηι
1121 536 1262 588 inter
1300 536 1706 597 excreitatorcs,
1741 542 1795 585 et
1828 529 2034 583 inducit
2076 543 2199 580 cum
2241 525 2304 578 ad
2337 533 2377 584 Α
2413 526 2430 574 ὲ

2287 525 2304 578 l
2337 533 2377 584 Α
2413 523 2694 588 ἐπάγεται.
2725 522 2799 572 Τὸ
2822 521 2914 571 ἀπ’
2939 518 3147 571 ἐκείνου
3190 519 3368 571 τοίνυν
3405 520 3523 581 ταῖς
3551 518 3723 579 θείαις
3751 515 3956 568 εἰκόσιν

764 625 1124 689 perniciosam
1151 636 1349 678 sectam
1377 625 1870 679 lconomachorum.
1899 621 1978 675 Ab
2003 621 2094 672 illo
2123 627 2301 672 autem

761 721 1002 781 tempore
1041 713 1242 766 divinis
1266 714 1594 783 imaginibus
1644 728 1749 765 non
1785 710 1944 763 modo
1992 723 2150 776 quem
2207 720 2304 772 par

759 812 897 865 erat,
927 803 1078 855 multi
1104 802 1360 856 honorem
1390 819 1494 855 non
1519 801 1844 859 tribuebant.
1879 799 1969 852 sed
1995 813 2092 850 nec
2121 810 2303 848 earum

762 894 977 959 quidem
1010 892 1342 946 auditionem
1397 892 1622 945 auribus
1676 890 1897 945 omnino
1927 886 2302 941 admittebant.

766 984 918 1036 Totis
947 999 1073 1035 vero
1123 984 1511 1051 quinquaginta
1570 990 1775 1050 septem
1836 980 2010 1042 annis,
2058 979 2224 1046 ﬁgura
2277 993 2305 1030 a

762 1073 982 1126 Christo
1021 1082 1284 1140 suscepta:
1318 1072 1690 1134 humanitatis,
1723 1069 1940 1123 crimini
1981 1067 2211 1121 dabatur
2252 1075 2307 1120 et

765 1164 1096 1226 contemptui
1138 1162 1446 1215 habebatur.
1475 1161 1542 1214 ab
1584 1160 1668 1222 iis,
1702 1159 1794 1226 qui
1849 1159 2155 1227 pugnabant
2209 1155 2304 1207 ad-

762 1263 952 1302 versus
984 1250 1264 1318 imagines.
1308 1250 1442 1302 Cum
1478 1249 1678 1316 quibus
1708 1248 1813 1301 fuit
1839 1247 2105 1300 abductus
2137 1251 2190 1297 et
2220 1258 2308 1297 ca-

767 1350 891 1406 ptus
918 1341 1004 1394 hic
1037 1353 1248 1408 quoque
1284 1341 1366 1392 vir
1399 1339 1770 1397 admirandus.
1802 1347 1856 1390 et
1886 1335 2040 1404 pauci
2066 1335 2305 1398 luerunt,

767 1430 856 1496 qui
890 1430 1102 1498 maligni
1137 1430 1388 1497 laqueum
1414 1428 1718 1497 elTugerint.
1748 1426 1920 1495 Atque
1949 1426 2062 1478 haec
2089 1423 2309 1494 quidem

768 1523 846 1573 sic
881 1537 935 1573 se
983 1522 1290 1575 habebant:
1327 1531 1379 1573 et
1417 1521 1616 1574 Christi
1652 1520 1818 1588 ﬁgura
1858 1529 2057 1572 nostrae
2095 1516 2306 1580 similis,
2340 1507 2344 1511 ’

769 1611 902 1673 proli
935 1610 1127 1661 dolor!
1165 1609 1581 1677 despiciebatur,
1616 1617 1668 1661 ct
1705 1606 1837 1660 nihil
1887 1606 2106 1661 omnino
2160 1615 2313 1673 puta-

771 1700 950 1753 batur.

839 1791 924 1842 ιν.
974 1793 1260 1859 Postquam
1303 1803 1484 1845 autem
1538 1791 1700 1861 hujus
1733 1789 1953 1845 sceleris
2002 1799 2313 1859 operatores

2403 615 2499 680 οὐχ
2557 615 2639 665 ὅτι
2709 612 2804 679 μὴ,
2857 612 2931 673 ὠς
2987 613 3284 679 προσῆκεν,
3342 611 3617 677 ἀπένεμον
3667 612 3717 660 οἱ
3771 606 3956 658 πολλοὶ

2407 703 2590 763 σέϐας,
2633 701 2747 753 ἀλλ’
2787 701 2913 752 οὐδὲ
2962 703 3059 770 τὴν
3093 700 3285 753 τούτου
3331 700 3502 769 ἀκοὴν
3535 700 3671 759 ὅλως
3700 699 3810 756 τοῖς
3851 696 3956 748 ὠσὶ

2405 797 2780 864 παρεδέχοντο.
2847 795 2934 846 Ἐν
2980 795 3119 856 ἑπτά
3166 794 3222 845 δὲ
3265 795 3358 845 καὶ
3411 792 3554 849 ὅλοις
3612 791 3954 856 πεντήκοντα

2405 888 2580 937 ἐτεσιν
2629 890 2654 936 ὀ
2692 885 2788 952 τῆς
2831 884 3297 952 ἐνανθρωπήσεως
3343 880 3437 933 τοῦ
3467 879 3702 950 Χριστοῦ
3743 879 3912 940 τύπος
3938 917 3953 938 ,

2405 977 2712 1031 δεϐάλλετό
2785 993 2842 1026 τε
2922 974 3073 1042 παρὰ
3135 974 3243 1024 τῶν
3297 971 3793 1039 είκονομαχούντων
3859 973 3954 1020 καὶ

2407 1068 2710 1136 ἡτιμάζετο
2745 1083 2759 1096 ο
2793 1063 2872 1127 οἷς
2923 1067 2986 1135 δὴ
3018 1067 3111 1117 καὶ
3168 1066 3196 1117 ὁ
3242 1063 3541 1131 Θαυμάσιος
3590 1057 3742 1122 οἶτος
3793 1078 3953 1111 συνα-

2407 1159 2594 1227 πήχθη
2625 1159 2718 1212 καὶ
2745 1157 2851 1210 τῶν
2880 1158 3115 1210 ἁλόντων
3137 1159 3359 1223 γέγονεν
3377 1195 3390 1220 ,
3441 1156 3637 1222 ὀλίγων
3671 1156 3818 1223 μόλις
3858 1154 3961 1222 τὴν

2408 1249 2590 1318 πάγην
2635 1247 2729 1301 τοῦ
2785 1247 3018 1317 πονηροῦ
3072 1247 3425 1314 διαδράντων.
3481 1241 3605 1313 Εἶχε
3658 1246 3757 1312 μὲν
3815 1245 3961 1296 οὓτω

2407 1339 2600 1401 ταῦτα,
2651 1337 2746 1391 καὶ
2787 1339 2814 1390 ό
2869 1337 2992 1391 καθ’
3041 1337 3186 1405 ἡμᾶς
3236 1335 3328 1387 τοῦ
3375 1335 3610 1403 Χριστοῦ
3673 1334 3960 1403 χαρακτὴρ

2409 1432 2758 1498 παρεωρᾶτο,
2788 1428 2957 1498 οἴμοι,
2987 1427 3082 1481 καὶ
3105 1427 3161 1480 ἐν
3188 1425 3401 1492 οὐδενὸς
3428 1426 3584 1496 μέρει
3617 1425 3960 1479 παντάπασιν

2412 1519 2706 1586 ἐλογίζετο.

2483 1779 2556 1834 Δ⁰.
2609 1781 2764 1832 Ἐπεὶ
2811 1779 2869 1832 δὲ
2907 1780 2956 1831 οί
3001 1779 3096 1846 τῆς
3143 1779 3338 1840 κακίας
3382 1778 3584 1847 ταύτης
3621 1779 3846 1846 ἐργάται
3890 1781 3960 1846 τῇ

771 1895 894 1932 cum
929 1882 1201 1947 impietate
1255 1881 1636 1935 miserabiliter
1690 1881 1987 1948 perierunt,
2030 1889 2083 1931 et
2113 1878 2310 1932 lloma-
2346 1865 2385 1921 Β
2416 1870 2440 1922 ἀ

2276 1903 2310 1930 ιο
2346 1865 2385 1921 Β
2416 1869 2638 1938 ἀσεϐείᾳ
2692 1868 2941 1930 ἐλεεινῶς
2994 1867 3385 1927 συναπώλοντο,
3434 1869 3528 1919 καὶ
3571 1868 3602 1936 ἡ
3661 1867 3945 1935 Ῥωμαίων

771 1983 962 2020 norum
990 1970 1273 2036 imperium
1307 1973 1516 2023 transiit
1543 1970 1606 2022 ad
1634 1970 1915 2036 cunjugem
1940 1967 2308 2037 ejuslrenem,

772 2073 891 2122 quae
921 2073 1006 2109 res
1035 2058 1463 2112 Christianorum
1494 2058 1743 2111 tuebatur
1772 2068 1824 2111 et
1860 2057 2092 2111 habebat
2126 2057 2178 2109 in
2211 2056 2310 2109 ho-

773 2161 924 2208 nore,
951 2149 1189 2211 etiamsi,
1225 2159 1442 2217 propter
1476 2160 1678 2202 metum
1718 2150 1931 2210 mariti,
1966 2164 2070 2201 non
2103 2157 2314 2216 poterat

769 2249 834 2286 eo
867 2239 1153 2303 superstite
1191 2238 1358 2290 libere
1390 2237 1570 2304 eloqui
1601 2253 1784 2290 veram
1812 2235 2151 2304 religionem.
2177 2235 2310 2288 Cum

768 2337 831 2375 ea
869 2340 995 2378 vero
1037 2327 1089 2376 in
1144 2327 1368 2393 imperio
1423 2326 1612 2379 fuisset
1666 2326 1982 2386 constituta,
2023 2333 2150 2378 tunc
2199 2324 2313 2392 ipse

770 2430 984 2481 quoque
1010 2416 1278 2477 Christus,
1309 2417 1400 2484 qui
1441 2426 1662 2484 propter
1721 2431 1820 2468 nos
1868 2429 2083 2468 carnem
2112 2414 2310 2478 induit,

773 2522 957 2558 rursus
995 2508 1360 2560 honorabatur
1391 2507 1593 2575 ﬁguris,
1621 2517 1675 2562 et
1701 2516 1967 2575 exoptata:
1995 2516 2311 2560 sanctorum

773 2596 1061 2663 imagines,
1091 2598 1144 2648 in
1185 2597 1465 2657 ecclesiis,
1511 2597 1564 2649 in
1599 2600 1748 2656 l'oro,
1788 2597 1839 2647 in
1883 2597 2082 2664 populo
2121 2610 2312 2648 eerne-

773 2684 988 2738 bantur.
1025 2686 1126 2738 Sed
1169 2703 1234 2739 ne
1262 2687 1339 2739 sic
1383 2686 1599 2753 quidem
1641 2686 1790 2739 multi
1839 2685 2000 2753 hujus
2035 2687 2313 2739 lconoma-

771 2771 996 2822 chorum
1049 2773 1267 2825 heresis
1316 2773 1667 2825 acerbitatem
1716 2774 2061 2825 elueruntex
2096 2774 2312 2837 animis,

771 2861 864 2913 sed
900 2877 1020 2914 cum
1078 2864 1332 2929 temporis
1382 2862 1738 2914 diuturnitate
1782 2861 1845 2914 ad
1891 2861 2015 2913 mali
2071 2862 2314 2914 habitum

776 2952 1175 3016 pervenissent,
1226 2966 1366 3019 a‘gre
1417 2951 1667 3004 ferebant
1725 2966 1781 3003 se
1829 2951 1896 3004 ab
1945 2965 2011 3004 eo
2070 2951 2310 3003 liberari.

771 3039 1011 3102 Quorum
1055 3055 1193 3092 unus
1239 3051 1355 3093 erat
1385 3041 1472 3093 hic
1521 3053 1735 3109 quoque
1769 3041 2060 3108 praeclarus
2090 3040 2314 3094 Joanni-

771 3131 922 3189 eius,
966 3131 1054 3196 qui
1089 3144 1191 3182 non
1229 3139 1345 3182 erat
1379 3140 1660 3198 promptus
1688 3145 1786 3183 nec
1821 3131 1976 3183 velox
2027 3131 2090 3183 ad
2143 3140 2316 3182 muta-

773 3219 1006 3279 tionem,
1040 3235 1212 3285 neque
1257 3221 1403 3272 omni
1440 3229 1603 3273 vento
1631 3222 2054 3273 convertebatur
2086 3230 2178 3273 aut
2208 3221 2314 3273 cir-

771 3309 1206 3365 cumlerehatur.
1252 3309 1344 3361 sed
1396 3325 1603 3362 morum
1641 3309 1933 3362 ostendens
1974 3310 2311 3376 gravitatem,

773 3407 871 3448 ets:
915 3398 966 3448 in
1012 3413 1068 3449 re
1103 3413 1207 3449 non
1236 3397 1528 3459 laudabili,
1567 3399 1916 3464 permanebat
1962 3399 2014 3449 in
2062 3399 2165 3462 iis,
2197 3414 2315 3465 qua:

755 3487 877 3538 .sihi
913 3498 1053 3540 recte
1079 3488 1289 3554 opinari
1322 3489 1607 3540 videbatur
1628 3527 1642 3550 ,
1678 3497 1733 3540 et
1762 3488 1961 3541 divinis
1993 3489 2315 3556 imaginibus

775 3577 981 3627 nullum
1034 3577 1237 3629 cultum
1292 3578 1580 3630 tribuebat.
1637 3578 1840 3633 Deinde
1872 3581 1999 3647 quid
2045 3582 2142 3631 lit?
2180 3582 2312 3632 Eum

772 3675 1000 3717 \enatur
1033 3668 1280 3734 egregius
1310 3667 1546 3735 agricola
1567 3705 1580 3729 ,
1604 3668 1696 3736 qui
1731 3669 1882 3721 novit
1915 3677 2114 3721 terram
2146 3668 2313 3722 animi

773 3757 1214 3822 uniuscujusque,
1266 3766 1320 3808 et
1349 3758 1392 3808 is
1440 3757 1632 3825 accipit
1685 3758 1892 3812 semina
1945 3758 2072 3812 ﬁdei
2120 3757 2313 3811 ortho-

772 3847 939 3898 durae.
978 3845 1257 3909 Quomodo
1285 3846 1506 3898 autem?

838 4020 900 4072 V.
941 4020 1165 4073 Mittitur
1196 4021 1262 4073 ab
1317 4021 1637 4088 imperatore
1684 4023 1749 4075 ad
1782 4023 2128 4078 Occidentem
2187 4041 2312 4080 cum

771 4119 882 4161 toto
908 4112 1165 4162 exercitu.
1199 4112 1348 4163 Illinc
1383 4122 1562 4165 autem
1619 4123 1919 4174 revertens,
1956 4115 2168 4168 transiit
2209 4132 2307 4184 per

768 4203 1051 4268 quamdam
1083 4213 1287 4270 partem
1322 4204 1552 4273 Olympi,
1591 4213 1646 4258 et
1684 4216 1815 4259 nutu
1842 4208 2026 4262 divino
2053 4211 2154 4264 iter
2178 4212 2308 4266 t'ecit

768 4306 934 4360 prope
965 4293 1247 4359 quemdam
1289 4309 1351 4345 ex
1401 4285 1699 4357 monachis,
1755 4297 1845 4364 qui
1900 4298 1952 4349 iu
2009 4314 2076 4352 eo
2127 4311 2310 4354 monte

767 4382 1178 4434 exercebantur.
1217 4383 1416 4435 Deinde
1449 4383 1534 4437 ille
1564 4399 1827 4451 apparens
1849 4401 1914 4439 ex
1944 4387 2075 4441 silva
2106 4407 2118 4442 :
2151 4389 2194 4443 Ο
2214 4390 2311 4456 ﬁli,

2413 1959 2557 2028 ἁρχὴ
2591 1957 2683 2010 ἐπὶ
2715 1957 2814 2027 τὴν
2857 1956 2948 2009 τοῦ
3000 1958 3229 2019 Λέοντος
3259 1958 3488 2024 σύζυγον
3523 1958 3759 2026 Εἰρήνην
3804 1959 3963 2026 μετέ-

2412 2066 2626 2109 πιπτεν,
2648 2049 2768 2118 ἥτις
2797 2048 3095 2118 ἐπρέσϐευε
3124 2066 3183 2100 τε
3215 2049 3281 2101 τὰ
3311 2048 3602 2116 Χριστιανῖ
3624 2066 3672 2112 ν,
3700 2050 3792 2100 καὶ
3823 2049 3963 2098 ἐντί-

2415 2157 2531 2206 μως
2594 2136 2751 2208 ἦγεν,
2799 2141 2846 2189 εί
2888 2140 2979 2190 καὶ
3023 2141 3086 2207 τῇ
3165 2139 3291 2206 περὶ
3323 2138 3412 2189 τὸν
3442 2138 3610 2206 ἄνδρα
3645 2138 3812 2204 φειδοῖ
3859 2138 3967 2188 οὐχ

2412 2223 2556 2296 εἶχεν
2610 2230 2756 2288 ὅπως
2802 2228 3010 2280 ἐκείνου
3063 2230 3342 2296 περιόντος
3387 2227 3466 2279 ἔτι
3524 2229 3964 2298 παρρηςςάτεται

2412 2319 2508 2387 τὴν
2542 2318 2846 2370 εὐσέϐειαν.
2892 2318 2980 2380 Ὠς
3021 2313 3112 2370 οῦν
3161 2320 3252 2369 ἐπὶ
3289 2318 3387 2386 τῆς
3435 2317 3606 2386 ἀρχῆς
3635 2317 3770 2385 αὑτὴ
3807 2318 3968 2368 κατέ-

2415 2426 2535 2478 στη,
2568 2409 2685 2460 τότε
2711 2409 2803 2461 καὶ
2839 2409 3073 2475 Χριστὸς
3104 2409 3261 2468 αὐτὸς
3289 2409 3316 2459 ὁ
3350 2407 3451 2475 τὴν
3489 2408 3756 2477 ἡμετέραν
3787 2409 3966 2474 σάρκα

2414 2501 2480 2555 δι’
2539 2505 2686 2571 ἡμᾶς
2741 2501 3096 2570 ἐνδυσάμενος
3153 2502 3377 2570 ἐτιμᾶτο
3425 2502 3586 2554 πάλιν
3629 2504 3742 2563 τοῖς
3791 2518 3966 2571 χαρα-

2415 2594 2632 2661 κτῆρσι,
2671 2596 2762 2645 καὶ
2795 2595 2844 2644 οί
2899 2591 3254 2662 περιπόθητοι
3324 2591 3429 2644 τῶν
3481 2592 3648 2659 ἁγέων
3697 2591 3854 2644 τύποι
3904 2593 3970 2642 ἐν

2415 2687 2528 2747 ταῖς
2569 2684 2884 2754 ἐκκλησίαις
2914 2725 2926 2748 ,
2959 2688 3077 2746 ταῖς
3114 2686 3340 2753 ἀγοραῖς
3385 2685 3526 2736 κατὰ
3559 2685 3760 2752 πλῆθος
3811 2683 3968 2750 ἐφαί-

2415 2792 2585 2827 νοντο.
2630 2774 2775 2825 Ἀλλ’
2805 2775 2926 2826 οῦδὲ
2959 2773 3129 2835 οῦτως
3163 2776 3216 2825 οί
3244 2773 3427 2826 πολλοὶ
3461 2775 3558 2842 τὴν
3609 2776 3830 2842 πικρίαν
3863 2773 3970 2840 τῆς

2414 2862 2666 2929 τοιαύτης
2712 2862 2818 2913 τῶν
2867 2863 3251 2931 Είκονομάχων
3300 2864 3586 2931 αἱρέσεως,
3641 2865 3749 2916 τῶν
3779 2863 3970 2931 ψυχῶν

2415 2949 2773 3017 ἀπενίψαντο,
2811 2951 2947 3002 ἀλλὰ
2980 2951 3056 3019 τῷ
3090 2951 3183 3002 τοῦ
3225 2952 3422 3019 χρόνον
3472 2953 3656 3020 μήκει,
3711 2952 3970 3018 καθάπερ

2416 3041 2472 3089 ἐν
2501 3039 2614 3102 ’ἐξει
2657 3039 2752 3092 τοῦ
2795 3040 2966 3093 κακοῦ
2995 3041 3296 3106 γεγονότες,
3336 3040 3470 3108 πρὸς
3512 3041 3607 3108 τὴν
3647 3041 3970 3110 ἀπαλλαγὴν

2415 3127 2792 3196 ἐδυσχέραινον
2825 3143 2840 3157 ³
2876 3123 2950 3180 ὧν
3004 3126 3083 3190 εἷς
3123 3132 3216 3180 καὶ
3265 3132 3290 3180 6
3338 3130 3640 3199 περιφανὴς
3669 3129 3969 3197 ἐτύγχανεν

2428 3215 2774 3278 Ἰωαννίκιος.
2818 3218 2952 3270 Οὑδέ
3003 3219 3172 3286 ταχὺς
3208 3213 3358 3279 οὗτος
3407 3215 3471 3287 ἦν
3504 3222 3582 3282 εἰς
3636 3220 3965 3288 μεταϐολὴν,

2416 3303 2535 3355 οὐδὲ
2569 3304 2877 3372 πρόχειρος,
2926 3306 3043 3357 οὐδὲ
3076 3309 3237 3357 παντὶ
3278 3307 3464 3375 ἀνέμῳ
3499 3308 3971 3378 περιτρεπόμενος

2417 3393 2446 3459 ἢ
2487 3393 2807 3461 φερόμενος.
2856 3395 2972 3446 ἀλλ’
3014 3395 3175 3463 ἤθους
3226 3396 3391 3466 βάρος
3421 3398 3637 3458 δεικνὺς
3670 3400 3717 3449 εί
3749 3400 3842 3450 καὶ
3885 3399 3968 3468 μὴ

2413 3480 2680 3547 ἐπαινετῷ
2719 3481 3022 3551 πράγματι,
3061 3484 3280 3549 ἐνέμενε
3337 3487 3446 3545 τοῖς
3491 3485 3564 3546 ὡς
3607 3483 3743 3553 ᾤετο
3780 3485 3970 3547 καλῶς

2416 3569 2565 3637 αὐτῷ
2617 3571 2983 3639 δεδογμένοις,
3029 3574 3123 3624 καὶ
3172 3575 3292 3635 ταῖς
3343 3574 3516 3633 θείαις
3573 3574 3799 3635 εἰκόσιν,
3851 3574 3968 3625 οὐδ’

2413 3660 2590 3712 ὁτιοῦν
2623 3661 2785 3721 σέϐας
2829 3663 3119 3729 ἀπένεμεν.
3151 3659 3281 3713 Εἶτα
3328 3663 3380 3715 τί
3431 3662 3640 3728 γίνεται
3671 3679 3683 3727 ;
3717 3663 3969 3731 Θηρᾶται

2415 3757 2565 3820 παρὰ
2595 3753 2688 3804 τοῦ
2721 3751 2885 3804 καλοῦ
2927 3753 2964 3802 Γ
2967 3753 3172 3819 εωργοῦ
3203 3753 3296 3805 τοῦ
3319 3754 3416 3822 τὴν
3477 3754 3705 3805 ἑκάστου
3735 3754 3838 3821 γῆν
3864 3754 3968 3821 τῆς

2415 3842 2594 3911 ψυχῆς
2619 3843 2841 3904 εἰδότος,
2885 3844 2980 3894 καὶ
3008 3845 3074 3893 τὰ
3100 3844 3199 3911 τῆς
3220 3842 3500 3912 ὀρθοδόξου
3530 3845 3762 3905 πίστεως
3796 3844 3968 3912 σπέρο

2417 3949 2560 4000 ματα
2593 3933 2825 3999 δέχεται.
2859 3935 2965 3985 Καὶ
2993 3934 3020 3983 ό
3047 3934 3263 4001 τρόπος,
3288 3935 3462 3998 ὅπως;

2485 4021 2558 4074 Ε’.
2597 4023 2879 4075 Στέλλεται
2913 4024 3015 4074 ὑπὸ
3042 4025 3134 4074 τοῦ
3166 4024 3485 4092 κρατοῦντος
3514 4025 3612 4076 σὺν
3637 4028 3701 4093 τῇ
3736 4028 3965 4095 στρατιᾷ

2417 4113 2564 4183 πάσῃ
2613 4114 2750 4163 κατὰ
2792 4112 2890 4179 τὴν
2933 4111 3104 4180 Ἐᾡαν
3139 4128 3152 4142 ο
3183 4114 3400 4177 ἐκεῖθεν
3442 4114 3498 4166 δέ
3538 4116 3852 4183 ἐπανήκων,
3904 4117 3965 4167 ἐν

2414 4220 2519 4254 τινι
2568 4202 2678 4254 τῶν
2725 4202 2818 4254 τοῦ
2880 4203 3155 4271 Ὀλύμπου
3210 4204 3347 4272 διῄει
3402 4206 3603 4273 μερῶν,
3652 4207 3876 4274 πλησίον
3903 4207 3963 4257 τέ

2414 4311 2559 4354 τινος
2592 4295 2698 4345 τῶν
2726 4293 2865 4345 κατὰ
2899 4294 2957 4345 τὸ
2987 4294 3225 4345 τοιοῦτον
3253 4295 3377 4363 ϐρος
3405 4298 3761 4363 ἀσκουμένων
3795 4288 3954 4363 μονα-

2416 4384 2544 4452 χῶν,
2579 4382 2756 4434 νεύσει
2793 4384 2900 4434 τινὶ
2932 4384 3213 4451 παρώδευε
3258 4384 3527 4454 θειοτέρα.
3570 4381 3800 4439 Ἔπειτα
3840 4387 3961 4440 διας»

769 4467 968 4534 inquit,
998 4469 1260 4532 Joanniei,
1291 4470 1333 4522 si
1366 4486 1613 4538 magnum
1664 4472 1758 4524 tibi
1782 4485 1883 4536 est,
1935 4475 2124 4542 inquit,
2156 4477 2311 4531 Chri-
2347 4486 2386 4539 ι)
2417 4487 2438 4534 (ί

2290 4507 2311 4519 .
2347 4486 2386 4539 ι)
2417 4470 2602 4534 φανεὶς
2634 4472 2696 4521 ἐκ
2731 4471 2825 4522 τοῦ
2865 4472 3060 4532 ἄλσους
3106 4474 3333 4537 ἐκεῖνος,
3395 4468 3465 4524 Ὠ
3510 4473 3694 4527 τέκνον
3720 4513 3736 4538 ,
3772 4471 3959 4540 εἶπεν,

767 4561 1002 4611 stianum
1033 4577 1148 4614 esse
1196 4572 1249 4613 et
1295 4564 1585 4626 nominari,
1641 4579 1738 4616 cur
1788 4565 1984 4618 ChriSti
2022 4569 2306 4638 imaginem

766 4650 1086 4716 despiciens.
1134 4650 1300 4703 ellicis
1359 4663 1416 4704 ut
1455 4653 1610 4705 labor
1664 4656 1878 4708 virtutis
1923 4673 1951 4709 a
2007 4667 2056 4712 te
2108 4660 2307 4713 frustra

768 4740 1138 4806 suscipiatur?
1196 4741 1314 4793 llmc
1347 4743 1553 4796 audivit
1585 4746 1668 4797 vir
1698 4746 1936 4809 divinus,
1981 4757 2037 4801 et
2084 4753 2309 4804 miratus

767 4841 869 4890 cst,
903 4831 1044 4896 quod
1090 4830 1141 4881 ei
1191 4830 1592 4885 evidentissime
1642 4835 1864 4889 dixisset
1913 4836 1979 4889 de
2036 4840 2307 4893 omnibus.

773 4915 927 4966 llumi
971 4926 1149 4982 itaque
1179 4922 1397 4980 cadens,
1421 4921 1574 4987 petiit
1605 4925 1835 4986 veniam,
1860 4927 2004 4990 quod
2041 4928 2127 4980 ille
2161 4928 2310 4995 igno-

772 5020 896 5056 rans
921 5004 1114 5058 fuisset
1146 5008 1384 5074 ingratus
1410 5009 1461 5060 in
1502 5010 1809 5077 Dominum,
1845 5025 1899 5066 et
1939 5015 2222 5069 allirmavit
2250 5034 2307 5072 se

767 5094 1024 5162 deinceps
1055 5095 1252 5150 Christi
1286 5098 1570 5166 imaginem
1606 5109 1661 5154 et
1689 5105 1949 5168 omnium,
1985 5106 2077 5171 qui
2109 5105 2158 5158 ei
2192 5107 2306 5173 pla-

767 5196 1017 5250 cuerunt,
1073 5186 1461 5241 honoraturum
1494 5207 1615 5244 eum
1674 5195 1819 5248 omni
1882 5197 2175 5261 prOposito.
2226 5197 2306 5250 Ab

767 5275 860 5327 illo
884 5290 1011 5344 ergo
1043 5287 1302 5344 tempore,
1340 5281 1524 5333 beatus
1558 5282 1646 5336 ille
1698 5284 1939 5335 satellitis
1967 5283 2142 5338 ollicio
2183 5288 2304 5339 lun-

769 5378 900 5431 gens
925 5368 977 5417 in
1014 5368 1281 5420 vestibulo
1310 5372 1487 5438 regias,
1537 5372 1833 5424 recubabat
1884 5373 1937 5425 in
1986 5376 2131 5427 nudo
2163 5377 2302 5438 Suln,

764 5463 989 5521 eratque
1017 5459 1245 5511 orationi
1277 5459 1516 5514 intentus
1554 5463 1605 5514 in
1631 5464 1854 5532 jejunio.
1885 5464 2014 5516 Nam
2038 5470 2141 5520 etsi
2170 5483 2302 5520 cou-

762 5546 1400 5613 viviaiutbatcumaliis,
1435 5553 1617 5605 cibum
1671 5565 1846 5607 tamen
1901 5571 2005 5607 non
2059 5560 2303 5611 sumebat

767 5646 936 5702 usque
958 5635 1022 5688 ad
1055 5639 1376 5703 satietatem,
1405 5643 1496 5693 sed
1539 5652 1782 5706 eatenus,
1818 5655 1877 5697 ut
1927 5647 2030 5699 illis
2085 5649 2300 5715 quidem

762 5737 868 5777 non
902 5725 1474 5798 videreturjt‘junare;
1505 5749 1701 5803 corpus
1733 5744 1909 5789 autem
1945 5740 1993 5790 ei
2034 5739 2294 5793 consiste-

2432 4558 2742 4621 Ἰωαννίκιε,
2789 4563 2834 4610 εἰ
2887 4561 3028 4626 μέγα
3081 4579 3161 4614 σοι
3209 4563 3268 4614 τὸ
3307 4562 3629 4632 Χριστιανὶν
3685 4565 3777 4615 καὶ
3824 4560 3966 4621 εἶναι

2419 4652 2512 4701 καὶ
2563 4649 2951 4718 ὀνομάζεσθαι,
3008 4652 3095 4703 ἵνα
3136 4653 3188 4704 τί
3235 4652 3333 4722 τὴν
3381 4653 3473 4704 τοῦ
3515 4653 3748 4721 Χριστοῦ
3780 4655 3956 4709 εἰκόνα

2421 4743 2791 4808 περιφρονῶν,
2857 4743 3038 4811 μάτην
3090 4759 3172 4794 σοι
3225 4744 3656 4812 διαπεπονῆσθαι
3720 4745 3810 4796 τὸν
3862 4748 3960 4815 τῆς

2416 4832 2613 4899 ἀρετῆς
2666 4833 2830 4884 κόπον
2893 4833 3374 4901 παρασκευάζειςς
3441 4835 3708 4887 Ἤκουσεν
3753 4839 3780 4889 ὁ
3820 4837 3959 4899 θεῖος

2417 4923 2572 4989 ἀνὴρ,
2608 4924 2700 4975 καὶ
2765 4925 2911 4985 ὃτως
2945 4924 3091 4991 αὺτῷ
3124 4925 3550 4991 διορατικώτατα
3589 4927 3715 4993 περὶ
3746 4927 3961 4980 πάντων

2413 5013 2624 5075 ἐξεῖπεν
2652 5016 2975 5084 ἐθαύμασεν.
3007 5015 3097 5075 Εἰς
3133 5015 3324 5082 ἔδαφος
3349 5012 3444 5068 οὖν
3476 5016 3676 5080 πεσὼν,
3714 5018 3956 5084 συγγνώ-

2418 5123 2526 5173 μην
2581 5106 2699 5174 ⁴ᾔτει
2744 5107 2873 5174 περὶ
2932 5098 3008 5158 ὧν
3059 5106 3267 5174 ἀγνοῶν
3333 5108 3538 5169 ἐκεῖνος
3589 5110 3667 5169 είς
3725 5105 3955 5176 Χριστὸν

2412 5197 2738 5264 ἠγνωμόνει,
2788 5198 2880 5248 καὶ
2929 5196 3314 5260 διεϐεϐαιοῦτο,
3352 5195 3382 5266 ἦ
3414 5199 3518 5266 μὴν
3554 5200 3612 5250 τὸ
3637 5199 3817 5250 λοιπὸν
3860 5201 3958 5270 τὴν

2413 5289 2593 5340 εἰκόνα
2626 5288 2862 5355 Χριστοῦ
2890 5291 2983 5341 καὶ
3027 5288 3135 5342 τῶν
3175 5292 3620 5358 εὐηρεστηκότων
3649 5293 3794 5362 αὐτῷ
3824 5294 3958 5350 πάν-

2413 5395 2538 5439 των,
2572 5379 2664 5428 σὺν
2698 5378 2950 5446 προθέσει
2997 5381 3059 5447 τῇ
3112 5381 3259 5447 πάσῃ
3308 5381 3496 5448 τιμᾷν.
3546 5381 3617 5430 Τὸ
3666 5382 3955 5434 ἀπεκείνου

2413 5468 2504 5518 οῦν
2551 5469 2577 5517 6
2633 5469 2898 5537 μακάριος
2946 5471 3430 5536 σωματοφυλακών
3464 5473 3541 5532 είς
3570 5470 3636 5522 τὰ
3671 5471 3776 5521 τῶν
3805 5470 3960 5539 βασι-

2413 5558 2568 5609 λείων
2609 5559 2872 5627 προαύλια
2893 5598 2908 5620 ,
2936 5560 3024 5609 ἐπὶ
3063 5555 3215 5625 ψιλοῦ
3249 5559 3338 5610 τοῦ
3369 5561 3592 5622 ἐδάφους
3613 5560 3961 5631 ἀνακλινόμεη

2411 5665 2496 5710 νος
2526 5645 2611 5717 ἦν,
2647 5652 2966 5717 προσέκειτο
2997 5650 3049 5702 δὲ
3089 5668 3360 5721 χαμευνια
3415 5654 3505 5702 καὶ
3549 5656 3820 5721 προσευχῇ
3866 5654 3960 5706 καὶ

2412 5740 2650 5809 νηστείᾳ.
2714 5740 2773 5791 ΕΞ
2823 5742 2930 5810 γὰρ
2983 5743 3073 5794 καὶ
3125 5745 3232 5806 τοῖς
3297 5744 3527 5813 ἑταίροις
3597 5743 3948 5808 συνειστιᾶτο,
