4226 6418
212 389 282 452 41
1295 393 1476 453 VITA
1521 394 1580 452 S.
1627 392 1881 451 JOANNJ

1768 393 2008 451 NNICII
2042 394 2373 453 ABBA'I’IS.
3363 402 3431 463 I8

214 501 364 570 πλὴν
393 499 513 555 ἀλλ’
546 503 605 555 οὖ
638 503 797 573 μέχρι
829 506 991 574 κόρου
1021 505 1520 579 μετελάμϐανε-της
1549 505 1772 572 τροφῆς,
1808 514 1849 567 Α

1731 521 1772 566 ς.
1808 514 1849 567 Α
1886 515 1985 570 ret,
2034 516 2088 560 et
2170 508 2235 560 ad
2308 515 2618 575 pernoctem
2694 508 2834 565 illam
2891 509 3179 565 inserviret
3242 514 3400 567 statio

201 593 353 646 ἀλλὰ
404 592 674 659 τοσοῦτον,
734 597 842 665 ὅσῳ
908 598 1020 659 τοῖς
1060 597 1159 665 μὲν
1212 597 1286 665 μὴ
1336 595 1623 664 φαίνεσθαι
1678 612 1769 662 νη-

200 686 439 749 στεύων,
467 686 527 739 τὸ
558 687 717 755 σῶμα
740 687 794 740 δέ
825 688 973 756 αὐτῷ
1010 690 1351 752 συνεστάναι,
1380 687 1471 739 καὶ
1505 689 1637 755 πρὸς
1672 686 1769 755 τὴν

207 780 489 847 πάννυχον
514 778 731 846 ἐκείνην
765 780 949 832 στάσιν
984 781 1297 848 ὑπηρετεῖν.

286 867 381 935 ς’.
462 869 549 921 Ἐν
597 868 807 931 τούτοις
862 869 954 921 οῦν
1016 870 1223 923 ἐκείνου
1284 870 1629 939 σχολάζοντος
1684 870 1769 937 ἐφ’

196 963 346 1023 ὅλοις
396 960 572 1012 ἐτεσιν
603 959 683 1023 ἒξ,
736 961 795 1012 τὸ
839 961 948 1012 τῶν
998 961 1332 1031 Βουλγάρων
1381 962 1580 1024 ἔξεισιν
1618 963 1768 1025 ἔθνος

195 1054 303 1120 τὴν
333 1051 444 1103 τῶν
492 1050 719 1121 Θρᾳκῶν
756 1052 1093 1120 ληϊζόμενον.
1136 1053 1769 1122 Ἀντιστρατοπεδεύεται

195 1144 389 1196 τοίνυν
420 1144 603 1205 αὐτοῖς
637 1145 664 1193 ὀ
686 1143 785 1209 τῆς
826 1144 1116 1210 Ῥωμαίων
1143 1145 1262 1197 τότε
1311 1146 1551 1214 κρατῶν,
1612 1148 1767 1213 χεῖρα

206 1234 416 1302 πολλὴν
449 1236 545 1286 καὶ
580 1234 819 1301 μάχιμον
851 1235 1230 1303 συναθροίσας,
1259 1230 1339 1296 οἷς
1365 1235 1534 1304 δήπου
1581 1236 1767 1301 συνεξ-

209 1324 446 1393 τιτάζετο
476 1325 568 1375 καὶ
610 1326 637 1375 ό
680 1323 928 1386 νεανικὸς
954 1326 1051 1394 τὴν
1088 1325 1370 1378 εὐσέϐειαν
1393 1321 1546 1388 οὗτος
1572 1342 1587 1356 ο
1616 1326 1772 1377 πόλε-

207 1418 310 1483 μός
343 1431 401 1466 τε
441 1414 615 1482 μέγας
644 1415 833 1477 αὐτοῖς
859 1417 1172 1485 συνερῤάγη
1196 1457 1210 1480 ,
1249 1419 1344 1470 καὶ
1384 1418 1526 1468 κατὰ
1563 1416 1765 1483 πλῆθος

199 1507 256 1556 at
308 1504 591 1571 φάλαγγες
646 1506 903 1558 πίπτουσι
964 1507 1070 1556 τῶν
1139 1508 1446 1575 Ῥωμαίων.
1484 1508 1548 1559 Τί
1599 1508 1692 1559 οῦν
1741 1510 1768 1559 ό

202 1598 385 1662 μέγας
424 1596 482 1645 ἐν
525 1593 828 1663 ἀριστεῦσι,
872 1598 965 1647 καὶ
1004 1595 1202 1664 μείζων
1240 1599 1297 1649 ἐν
1329 1600 1592 1663 ἀσκητοῖς
1618 1594 1764 1660 οὗτος

212 1686 576 1749 Ἱωαννίκιοςς
635 1682 735 1736 Οἷα
796 1686 957 1739 Δαυῖδ
1009 1686 1164 1749 ἄλλος
1194 1684 1263 1757 ἦν
1307 1688 1614 1740 διακόπτων
1671 1692 1767 1758 μὲν

197 1778 331 1838 τοὺς
369 1777 703 1844 ἀλλοφύλους
756 1778 853 1830 σὺν
891 1779 1157 1848 μυριάσι,
1203 1781 1489 1843 πλείστους
1536 1782 1591 1834 δὲ
1642 1782 1764 1851 ῥυό-

1873 612 2022 651 nem.

1942 862 2028 916 Vl.
2058 863 2193 919 Cum
2226 866 2314 918 ille
2341 880 2472 933 ergo
2522 876 2663 919 totos
2689 883 2779 919 sex
2819 884 2992 921 annos
3056 871 3140 923 bis
3188 884 3401 925 vacaret

1869 951 2147 1020 egreditur
2184 970 2315 1023 gens
2351 955 2728 1023 Bulgarorum,
2754 957 3035 1011 Thraciam
3068 961 3427 1028 depopulans.

1868 1041 2146 1096 Adversus
2203 1059 2299 1099 eos
2352 1055 2533 1099 autem
2580 1046 2732 1101 ducit
2789 1049 3105 1114 exercitum,
3152 1051 3245 1120 qui
3299 1060 3430 1105 tunc

1867 1141 1987 1186 erat
2011 1133 2305 1202 imperator
2338 1135 2723 1199 Romanorum,
2752 1154 2941 1207 magna
2971 1140 3219 1194 etvalida
3254 1157 3415 1194 manu

1869 1232 2075 1286 coacta,
2104 1225 2155 1277 in
2178 1241 2407 1293 quorum
2428 1242 2655 1281 numero
2672 1236 2790 1281 erat
2815 1230 2903 1283 hic
2954 1246 3171 1300 quoque
3223 1232 3427 1301 pietate

1870 1316 2283 1383 planejuvcnis.
2336 1318 2581 1387 Magnum
2628 1321 2808 1390 itaque
2850 1323 3094 1390 praclium
3144 1324 3246 1379 fuit
3290 1325 3429 1378 inter

1869 1417 1965 1455 eos
2005 1408 2379 1472 commissum,
2422 1418 2476 1463 et
2508 1426 2573 1463 ex
2605 1414 2847 1465 exercitu
2892 1414 3259 1468 Romanorum
3286 1416 3428 1469 cadit

1870 1513 2096 1567 magnus
2136 1516 2415 1555 numerus.
2455 1503 2594 1566 Quid
2630 1520 2758 1572 ergo
2800 1506 2888 1559 ille
2919 1508 3059 1559 inter
3086 1509 3231 1561 viros
3263 1510 3431 1562 fortes

1871 1604 2115 1657 magnus,
2147 1602 2202 1644 et
2228 1592 2369 1645 inter
2392 1594 2779 1649 exercitatcres
2814 1598 3032 1663 pietatis
3063 1600 3236 1667 major
3267 1600 3419 1653 Joanr

1870 1681 2084 1734 nicius?
2107 1683 2235 1735 Erat
2266 1694 2519 1753 tanquam
2551 1688 2689 1739 alius
2721 1689 2911 1749 David,
2947 1690 3280 1758 alienigenas
3305 1696 3426 1760 qui-

1869 1770 1990 1822 dem
2036 1786 2397 1840 perrumpens
2428 1790 2548 1827 cum
2598 1777 2784 1829 multis
2838 1779 3101 1841 millibus,
3165 1781 3429 1846 plurimos

204 1884 371 1933 μενος
400 1866 507 1918 τῶν
536 1868 839 1937 ὁμογενῶν,
881 1868 1025 1921 ὥστε
1063 1870 1157 1922 καί
1183 1887 1305 1921 τινα
1345 1871 1453 1923 τῶν
1486 1871 1762 1939 ἐπιφανῶν
1796 1847 1839 1904 Β
1871 1900 1873 1910 η

1757 1893 1762 1915 ι
1796 1847 1839 1904 Β
1871 1871 2049 1915 autem
2076 1862 2311 1918 liberans
2347 1881 2410 1918 ex
2461 1867 2544 1926 iis,
2598 1870 2688 1935 qui
2725 1877 2881 1921 erant
2912 1870 3155 1939 ejusdem
3188 1874 3426 1940 generis,

212 1959 533 2025 Ῥωμαίων,
575 1962 791 2028 μηχανῇ
828 1959 929 2027 μὶν
964 1960 1066 2012 ὑπὸ
1096 1959 1203 2013 τῶν
1231 1962 1553 2032 Βουλγάρων
1601 1965 1761 2031 ίμαν-

195 2050 359 2101 τώδει
387 2049 681 2119 ληφθῆναι,
708 2051 799 2101 τὸν
820 2051 875 2102 δέ
906 2051 1108 2122 ταύτην
1131 2052 1207 2121 τῷ
1251 2053 1389 2121 ξίφει
1436 2054 1761 2123 διατεμόντα

200 2141 301 2206 τῆς
330 2139 596 2207 πολεμίας
628 2141 808 2207 χειρὸς
838 2141 927 2192 τὸν
961 2141 1245 2207 ἄνθρωπον
1278 2143 1754 2208 ρύσασθαι.Ταῦτα

201 2233 266 2294 δὴ
300 2230 422 2279 τότε
458 2231 551 2280 καὶ
592 2231 754 2288 αὐτὸς
790 2231 815 2280 ό
852 2229 1107 2295 βασιλεὺς
1156 2231 1490 2300 θεασάμενος
1514 2276 1525 2295 ,
1572 2235 1664 2284 καὶ
1706 2232 1763 2283 τὸ

200 2323 447 2385 γενναῖον
495 2318 586 2370 τοῦ
633 2321 821 2387 ἀνδρὸς
872 2320 1187 2385 ἐκπλαγεὶς,
1241 2322 1336 2389 τὴν
1389 2321 1621 2389 πατρίδα
1674 2324 1766 2373 καὶ

198 2411 304 2480 τὴν
332 2411 428 2462 τοῦ
461 2410 725 2479 ὀνόματος
757 2411 949 2480 κλῆσιν
979 2412 1158 2481 ἐζήτει
1191 2414 1402 2480 μαθεῖν.
1452 2414 1511 2465 Ὀ
1543 2413 1596 2463 δὲ
1630 2414 1763 2482 πρὸς

198 2502 418 2564 τούτοις
448 2502 542 2555 καὶ
575 2505 674 2570 τὴν
707 2505 802 2571 τῆς
842 2490 1131 2568 στρατείας
1168 2504 1411 2555 ἐδίδασκε
1442 2504 1614 2567 τάξιν.
1657 2504 1764 2555 Καὶ

195 2596 226 2644 ὁ
258 2591 518 2661 βασιλεὺς
553 2594 733 2645 πάντα
759 2592 941 2657 εὐθὺς,
974 2592 1048 2654 ὡς
1076 2592 1143 2645 ἂν
1183 2596 1256 2662 μὴ
1285 2595 1383 2663 τὴν
1413 2596 1633 2663 μνήμην
1668 2597 1766 2645 αὑ-

200 2683 296 2737 τοῦ
331 2684 605 2752 διαφύγοι,
639 2686 965 2753 γράμμασιν
994 2684 1307 2739 ἐκτίθεσθαι
1339 2686 1419 2754 τῷ
1459 2687 1765 2753 ὑπογραφεί

200 2774 443 2838 κελεύει,
480 2777 573 2827 καὶ
614 2779 679 2844 τῇ
714 2776 999 2843 φιλοτιμίᾳ
1029 2775 1137 2826 τῶν
1168 2776 1489 2827 ἀντιδόσεων
1530 2777 1635 2845 τὴν
1669 2777 1764 2827 τοῦ

196 2866 369 2921 καλοῦ
406 2868 596 2921 τούτου
628 2871 959 2935 στρατιώτου
1000 2869 1157 2937 χεῖρα
1186 2868 1468 2935 καμοῦσαν
1520 2867 1765 2935 ἐπέρρω-

199 2972 318 3009 σεν.
385 2955 667 3007 Ἐντεῦθεν
716 2956 807 3006 καὶ
855 2955 1062 3007 πλείονι
1113 2958 1177 3023 τῇ
1210 2957 1350 3024 ῥοπῇ
1399 2952 1764 3022 χρησάμενος,

198 3048 297 3099 ἕνα
386 3047 505 3099 τινὰ
577 3046 688 3097 τῶν
773 3046 982 3115 ἐχθρῶν
1058 3047 1150 3097 ἐπὶ
1232 3050 1420 3113 στενῆς
1502 3048 1765 3113 ἑστηκότα

196 3136 346 3195 ὁδοῦ,
404 3138 498 3188 καὶ
527 3134 753 3195 πολλοὺς
786 3134 1114 3204 ἀναιροῦντα
1153 3136 1438 3202 Ῥωμαίων
1466 3136 1492 3185 ό
1527 3136 1765 3200 γενναῖος

195 3223 354 3288 οὗτος
413 3226 775 3289 ἐπεισπεσὼν,
838 3225 1080 3293 κεφαλῆς
1125 3226 1338 3295 ἐστέρει
1399 3226 1491 3276 τὸν
1551 3224 1761 3277 πολλῶν

197 3317 405 3384 ἐτέρων
480 3315 714 3381 κεφαλὰς
766 3314 1112 3382 ἀφελόμενον.
1161 3314 1345 3374 Οὕτως
1384 3314 1435 3364 αἱ
1468 3314 1606 3365 κατὰ
1658 3314 1763 3365 τῶν

196 3408 499 3475 ὁρωμένων
548 3406 757 3475 ἐχθρῶν
796 3408 1068 3473 ἀριστείαι
1121 3404 1386 3471 σύμὸολον
1429 3401 1566 3475 ἦσαν
1619 3404 1763 3472 αὐτῷ

199 3492 311 3544 τῶν
340 3491 641 3561 μελλόντων
676 3490 815 3542 κατὰ
853 3490 958 3541 τῶν
998 3490 1057 3541 οὐ
1096 3490 1436 3560 φαινομένων
1486 3490 1766 3558 δυσμενῶν

201 3585 512 3653 τροπαίων.

271 3674 345 3727 Z'.
381 3678 485 3728 Καὶ
505 3677 611 3745 δρα
636 3716 650 3734 .
686 3678 796 3739 πῶς
834 3677 1081 3729 ἐντεῦθεν
1112 3677 1204 3729 καὶ
1245 3675 1379 3744 πρὸς
1410 3675 1507 3744 τὴν
1538 3676 1765 3727 ἐκείνων

195 3766 435 3834 ἅμιλλαν
464 3767 747 3832 ὠδηγείτο,
795 3769 886 3818 καὶ
925 3768 1024 3837 ήδη
1051 3768 1224 3834 πάλης
1272 3767 1500 3834 ἥπτετο,
1541 3769 1634 3817 καὶ
1674 3766 1763 3817 τὸν

194 3860 427 3926 ὁπλίτην
485 3859 607 3912 νοῦν
640 3863 816 3929 ἀποχῇ
873 3860 1056 3911 σιτίων
1103 3860 1196 3911 καὶ
1253 3860 1526 3927 προσευχῇ
1580 3858 1762 3918 καλῶς

196 3949 434 4012 ὥπλιζε.
493 3950 602 4017 Τῆς
646 3950 773 4018 γὰρ,
812 3949 945 4017 πρὸς
995 3950 1121 4009 τοὺς
1182 3949 1493 4016 ὁρωμένους
1542 3948 1762 4009 τοᾶτους

194 4040 429 4109 ἐχθροὺς
485 4041 660 4108 μάχης
715 4040 901 4108 ἠρέμα
952 4042 1045 4092 καὶ
1094 4041 1235 4093 κατά
1290 4040 1462 4109 βραχὺ
1514 4040 1756 4100 διαστὰς,

196 4135 294 4183 καὶ
350 4134 409 4183 ἐν
460 4132 638 4199 ἑαυτῷ
674 4130 857 4181 λοιπὸν
907 4131 1164 4196 γεγονὼς,
1214 4129 1442 4197 ἐστρεφὲ
1481 4147 1537 4180 τε
1583 4130 1686 4180 τῶν
1727 4130 1760 4182 ἃ

192 4221 425 4288 δυνάμει
446 4220 583 4272 Θεοῦ
621 4222 761 4272 κατά
787 4222 893 4273 τῶν
924 4220 1133 4289 ἐχθρῶν
1162 4220 1448 4287 ⁴Ιλρίστευσε
1481 4221 1762 4287 γενναίως,

200 4312 296 4362 καὶ
327 4311 675 4379 ζημιωθῆναι
702 4312 908 4379 πικράν
940 4310 1153 4378 ἐκείνην
1186 4311 1388 4377 ζημίαν
1420 4313 1509 4361 τὸν
1540 4311 1762 4363 δπισθεν

200 4402 355 4467 ἔλεγε
409 4402 621 4470 χρόνον,
678 4403 735 4451 ἐν
790 4402 898 4470 ὅσῳ
937 4402 1011 4470 μὴ
1055 4401 1143 4451 διὰ
1176 4400 1343 4468 τιμῆς
1380 4399 1531 4468 αὑτῷ
1583 4404 1615 4467 ἡ
1668 4401 1760 4451 τοῦ

1866 1956 2001 2009 adeo
2034 1957 2335 2024 utquidain
2382 1974 2444 2009 ex
2498 1960 2804 2012 illustribus
2858 1962 3119 2016 Romanis
3178 1966 3427 2020 machina

1866 2044 2090 2111 quidem
2137 2059 2201 2097 ex
2230 2044 2364 2095 loris
2394 2054 2643 2099 contexta
2684 2058 2971 2115 caperetur
3006 2064 3033 2102 a
3085 2050 3349 2120 Bulgaris,
3387 2058 3429 2106 is

1866 2147 1996 2185 vero
2025 2140 2088 2185 ea
2123 2134 2300 2201 gladio
2323 2135 2577 2195 dissecta,
2616 2152 2643 2188 a
2683 2154 2841 2190 manu
2902 2140 3087 2193 hostili
3151 2143 3424 2197 hominem

1867 2222 2215 2277 liberaverit.
2248 2225 2369 2280 Haec
2400 2241 2519 2277 cum
2556 2237 2682 2281 tunc
2708 2230 2820 2295 ipse
2862 2234 3161 2299 aspexisset
3192 2235 3425 2302 impera-

1864 2319 1970 2375 tor,
1991 2324 2046 2367 et
2078 2318 2195 2385 ejus
2224 2328 2366 2370 esset
2393 2318 2647 2371 virtutem
2672 2320 2991 2385 admiratus,
3012 2326 3260 2392 cupiebat
3287 2328 3427 2381 scire

1865 2407 2113 2473 patriam,
2150 2410 2368 2475 etquod
2391 2420 2533 2461 esset
2571 2412 2619 2464 ei
2658 2428 2874 2467 nomen.
2912 2415 3001 2469 Ille
3027 2429 3205 2471 autem
3234 2429 3430 2485 praeter

1864 2494 1980 2550 haec
2007 2498 2373 2551 docuitetiam
2405 2501 2655 2554 ordinem
2702 2506 2927 2557 militiae.
2960 2507 3259 2574 Imperator
3296 2525 3425 2566 vero

1867 2589 2045 2640 omnia
2071 2590 2274 2649 statim,
2306 2604 2370 2642 ne
2396 2604 2655 2644 memoria
2692 2596 3024 2659 exciderent,
3059 2601 3251 2653 scriba:
3274 2602 3427 2670 jubet

1870 2679 2127 2733 mandare
2160 2682 2396 2748 scriptis,
2465 2694 2519 2736 et
2580 2686 2974 2750 magnificentia
3028 2693 3426 2744 remuneratio-

1870 2786 2021 2831 num,
2055 2772 2395 2825 conﬁrmavit
2445 2775 2709 2828 defessam
2752 2793 2968 2830 manum
3014 2780 3177 2848 hujus
3225 2786 3426 2852 egregii

1869 2863 2074 2915 militis.
2104 2862 2240 2917 IIinc
2267 2865 2435 2931 magis
2478 2866 2749 2927 incitatus,
2807 2884 2971 2920 unum
3016 2874 3306 2937 quemdam
3360 2891 3428 2930 ex

1871 2952 2129 3015 inimicis,
2160 2955 2251 3021 qui
2308 2964 2525 3007 steterat
2566 2958 2617 3008 in
2675 2958 2757 3010 via
2814 2970 3060 3026 angusta,
3112 2972 3167 3015 et
3227 2965 3426 3017 multos

1870 3044 2150 3097 occidebat
2185 3061 2248 3098 ex
2279 3047 2555 3107 Romanis.
2584 3050 2665 3100 vir
2706 3050 2794 3103 ille
2835 3062 3110 3115 strenuus,
3169 3056 3311 3109 facto
3371 3058 3423 3109 in

1868 3149 1990 3186 eum
2027 3135 2252 3201 impetu,
2288 3137 2436 3188 illum
2472 3139 2927 3209 privaviteapite,
2960 3145 3051 3210 qui
3095 3146 3280 3199 multis
3306 3148 3425 3201 aliis

1865 3224 2037 3291 capita
2079 3225 2399 3279 abstulerat.
2440 3228 2528 3279 Sic
2572 3230 2833 3283 adversus
2888 3233 3069 3287 hostes
3104 3236 3194 3301 qui
3227 3236 3420 3290 viden-

1866 3320 1971 3371 tur,
2008 3313 2257 3377 prmclara
2290 3314 2546 3372 facinora.
2599 3330 2756 3370 erant
2802 3319 3013 3387 signum
3070 3331 3419 3391 tropaeorum,

1864 3418 1983 3468 qme
2017 3414 2131 3456 erat
2154 3417 2436 3459 erecturus
2489 3419 2675 3461 contra
2731 3411 3000 3475 inimicos,
3026 3418 3116 3483 qui
3154 3433 3260 3471 non
3322 3436 3421 3488 ap-

1867 3504 2075 3559 parent.

1933 3672 2043 3726 VII.
2074 3674 2205 3728 Vide
2241 3687 2420 3730 autem
2446 3680 2717 3746 quomodo
2747 3681 2872 3735 hinc
2904 3681 3005 3736 fuit
3053 3684 3320 3739 deductus
3350 3688 3418 3740 ad

1863 3766 2268 3832 susripiendum
2328 3781 2513 3823 contra
2577 3774 2697 3825 illos
2757 3784 3078 3828 certamen:
3123 3785 3177 3829 et
3208 3778 3315 3845 jam
3351 3783 3416 3831 ad

1860 3857 2175 3911 luctandum
2228 3870 2312 3913 est
2389 3877 2693 3930 aggressus.
2751 3876 2805 3917 et
2880 3866 3059 3933 gravis
3132 3879 3419 3922 armatum-

1863 3960 2120 4014 tnentem,
2149 3952 2479 4006 abstinentia
2531 3970 2558 4007 a
2593 3957 2734 4009 cibis
2781 3966 2835 4009 et
2883 3960 3132 4013 oratione
3184 3961 3417 4028 pulchro

1862 4041 2109 4093 armavit.
2138 4040 2267 4094 Nam
2301 4059 2422 4096 cum
2457 4061 2483 4096 a
2516 4062 2690 4113 pugna
2724 4048 2984 4101 adversus
3017 4065 3131 4112 eos,
3167 4052 3257 4118 qui
3294 4066 3415 4103 cer-

1862 4141 2086 4193 nuntur,
2118 4132 2300 4186 hostes
2329 4150 2385 4186 se
2410 4138 2611 4189 sensim
2681 4147 2731 4190 ct
2784 4140 3043 4205 paulatim
3077 4142 3413 4202 dimovisset.

1862 4231 1916 4273 ct
1951 4236 2008 4274 se
2043 4223 2302 4292 deinceps
2328 4227 2655 4292 collegisset,
2686 4231 2939 4283 versabat
2978 4231 3160 4284 animo
3189 4247 3251 4285 ea
3295 4248 3415 4301 qua:

1864 4311 1954 4364 Dei
1988 4313 2187 4366 virtute
2215 4316 2475 4369 adversus
2501 4318 2685 4370 hostes
2737 4319 2949 4371 fortiter
2979 4332 3239 4389 gesserat.
3264 4333 3320 4376 et
3347 4340 3407 4376 se

1863 4406 2152 4470 posteriori
2184 4415 2427 4473 tempore
2454 4408 2667 4459 diccbat
2697 4413 2953 4463 acerbum
2983 4412 3115 4464 illud
3156 4412 3412 4466 damnum

201 4488 440 4557 Χριστοῦ
492 4488 656 4539 εἰκὼν
711 4488 898 4557 ἧγετο,
942 4490 1179 4547 καὶτοῖς
1228 4487 1327 4552 τῆς
1390 4489 1755 4555 μεταμελείας
1790 4511 1870 4571 Da

1746 4506 1755 4547 :
1790 4518 1831 4571 υ
1862 4497 2161 4563 accepisse,
2208 4513 2317 4564 quo
2346 4498 2547 4552 Christi
2591 4502 2672 4551 sui
2708 4500 2881 4569 imago
2910 4503 2961 4553 in
2991 4504 3197 4556 honore
3254 4505 3321 4557 ab
3351 4521 3415 4559 eo

201 4583 417 4648 βέλεσιν
456 4578 713 4633 ἐϐάλλετο
751 4579 850 4645 τὴν
894 4578 1095 4646 ψυχὴν,
1126 4578 1223 4628 καὶ
1256 4578 1496 4646 ὡσπερεὶ
1521 4578 1745 4629 τοιαῦτα

198 4671 339 4739 πρὸς
381 4669 572 4722 ἑαυτὸν
598 4670 892 4735 διελέγετο⁹
918 4668 1155 4736 Τοιούτῳ
1192 4683 1256 4735 με
1282 4667 1552 4719 δουλεύειν
1591 4686 1759 4736 προσ-

198 4764 305 4830 ῆκε
339 4760 611 4827 Δεσπότῃ,
648 4760 741 4810 καὶ
784 4761 855 4829 μὴ
896 4761 1035 4810 κατά
1066 4761 1173 4811 τῶν
1213 4760 1502 4827 ὁρωμένων
1556 4760 1757 4811 τούτων

206 4854 371 4922 μόνον
394 4850 626 4920 ἐχθρῶν,
658 4850 792 4902 ἀλλά
819 4852 873 4901 δὲ
910 4850 1005 4903 καὶ
1028 4849 1172 4905 κατά
1193 4850 1299 4900 τῶν
1328 4850 1573 4919 ἀοράτων
1606 4850 1756 4901 ὁπλί-

198 4944 437 5006 ζεσθαι·
491 4943 519 4993 ὃ
579 4942 673 4993 καὶ
739 4940 810 4991 δι’
856 4943 1018 5010 εὐχῆς
1073 4941 1184 5008 ἐγὼ
1238 4941 1470 5009 μάλιστα
1520 4944 1755 5011 τίθεμαι,

198 5035 422 5101 δοθῆναί
499 5051 587 5101 μοι
639 5033 867 5101 καιρὸν,
922 5034 1040 5085 καθ’
1082 5034 1141 5085 ὃν
1194 5034 1346 5087 ἐσται
1397 5052 1485 5103 μοι
1532 5035 1758 5087 δυνα.δν

207 5124 478 5181 ὑποτάξαι
506 5125 604 5191 τὴν
634 5125 812 5191 σάρκα
842 5124 919 5192 τῷ
951 5124 1242 5193 πνεύματι,
1288 5127 1381 5177 καὶ
1417 5126 1563 5195 μόνῳ
1595 5142 1759 5193 προσ-

208 5219 431 5284 ανέχειν
478 5217 616 5279 Θεῷ.
686 5215 966 5268 Ἐντεῦθεν
1008 5218 1101 5267 καὶ
1144 5218 1240 5285 τῆς
1298 5218 1564 5282 συνήθους
1622 5218 1755 5279 ὅλως

202 5310 423 5374 ἐγένετο
464 5306 808 5374 προσευχῆς,
867 5307 1050 5358 καὶτὸ
1090 5308 1481 5377 ὑπερκείμενον
1526 5311 1580 5360 ἐν
1616 5310 1757 5378 δεξιᾷ

200 5400 301 5469 τῆς
340 5397 590 5461 Βιθυνίας
632 5399 752 5466 lips;
780 5398 807 5449 δ
850 5397 976 5467 παρ’
1004 5400 1135 5469 ημῖν
1169 5400 1445 5470 Ὄλυμπος
1488 5403 1754 5466 καλεῖται,

201 5490 437 5555 ὠδίνησε
470 5490 558 5539 τὸν
585 5490 787 5556 ἥσυχον
810 5491 899 5541 καὶ
934 5490 1235 5559 φιλιρημον
1273 5492 1405 5559 βίον.

274 5673 357 5729 it'.
417 5672 755 5737 Ἐνδημήσας
814 5668 907 5722 οὖν
969 5672 1346 5742 βασιλευούσῃ.
1394 5675 1483 5725 καὶ
1540 5674 1650 5733 τοῖς
1703 5675 1759 5723 tv

206 5772 342 5837 μ,τῇ
388 5767 697 5829 ειίικτηρῖοις
738 5764 1137 5832 συνταξάμενος
1168 5767 1336 5827 οἴκοις
1365 5804 1376 5825 .

485 5858 1121 5920 1Ἀτιιοι..(ἶιι.ίῖῖκί.

1411 5767 1503 5818 καὶ
1547 5766 1642 5834 τὴν
1672 5783 1754 5817 τεο

1861 4602 1965 4638 tion
1998 4587 2320 4650 habebatur,
2350 4600 2406 4641 et
2431 4589 2548 4640 telis
2570 4588 2901 4656 paenitentia:
2934 4593 3279 4647 sauciabatur
3299 4598 3415 4664 ejus

1860 4677 2095 4740 animus,
2142 4685 2198 4730 et
2249 4679 2301 4731 in
2358 4680 2502 4731 hunc
2558 4682 2776 4733 modum
2824 4696 3007 4734 secum
3064 4683 3411 4751 loquebatur:

1860 4768 2112 4836 Oportnit
2166 4784 2250 4822 me
2308 4770 2400 4821 tali
2459 4771 2685 4823 Domino
2744 4774 2969 4835 servire,
3002 4784 3197 4826 etnon
3239 4776 3412 4827 solum

1862 4858 2124 4912 adversus
2156 4860 2274 4923 hos,
2306 4860 2396 4928 qui
2449 4870 2767 4923 cernuntur,
2797 4861 3066 4925 inimicos,
3122 4863 3213 4918 sed
3249 4866 3413 4921 etiam

1861 4950 2059 5002 armari
2123 4952 2174 5002 in
2230 4966 2327 5002 eos
2385 4952 2476 5017 qni
2536 4966 2643 5003 non
2701 4953 2903 5004 cadunt
2959 4954 3060 5005 sub
3114 4966 3413 5021 aspectum.

1861 5038 2014 5102 Quod
2043 5038 2261 5106 quidem
2294 5054 2423 5107 ergo
2459 5038 2635 5091 habeo
2666 5042 2895 5093 maxime
2928 5044 2981 5093 in
3029 5044 3185 5105 votis,
3220 5060 3413 5111 nempe

1861 5128 1976 5182 dari
2011 5129 2141 5182 mihi
2178 5137 2407 5196 tempus.
2437 5130 2488 5181 in
2520 5146 2630 5198 quo
2652 5131 2847 5198 possim
2877 5146 3093 5184 carnem
3146 5134 3411 5202 subjieero

1861 5216 2096 5285 spiritui,
2126 5228 2180 5269 et
2206 5217 2301 5269 soli
2335 5218 2443 5269 Deo
2478 5220 2719 5270 animum
2748 5219 3029 5275 adhibere.
3061 5220 3197 5275 Hinc
3228 5237 3283 5275 se
3311 5222 3411 5275 de-

1861 5311 1937 5361 dit
1970 5318 2141 5360 totum
2163 5310 2333 5361 solita:
2362 5311 2612 5370 orationi,
2653 5321 2849 5362 etcum
2900 5313 3119 5366 vidisset
3150 5324 3406 5382 montem,

1863 5401 1951 5469 qui
1988 5400 2357 5469 supereminet
2386 5416 2412 5453 a
2440 5404 2658 5454 tlextera
2694 5402 2979 5471 Bithyniae,
3024 5408 3113 5473 qui
3142 5406 3280 5475 apud
3312 5422 3409 5462 nos

1863 5500 2085 5545 vocatur
2116 5490 2393 5559 Olympus,
2428 5494 2674 5559 concepit
2724 5495 2902 5546 animo
2951 5496 3114 5547 vitam
3170 5498 3407 5565 quietam

1862 5593 1915 5632 et
1939 5591 2205 5633 amantem
2242 5582 2570 5635 solitudinis.

1938 5671 2500 5725 \'Ill.t1nm\enlaaet
2559 5690 2687 5740 ergo
2738 5676 2787 5726 in
2829 5678 3014 5727 urbem
3078 5678 3296 5744 regiam,
3352 5687 3399 5728 et

1866 5764 2310 5830 \'1tIL‘:‘f‘th§Slee’l
2358 5778 2440 5823 ea,
2481 5780 2597 5833 quae
2644 5776 2769 5819 sunt
2826 5768 2874 5817 in
2912 5770 3040 5832 ipsa,
3074 5772 3307 5825 oratoria
3355 5783 3402 5838 et

2986 5863 3015 5914 2
