4226 6418
247 399 323 457 45
1298 398 1478 462 νιΤΑ
1517 403 1584 463 S.
1613 402 1647 462 Ι
1654 402 1799 462 OA‘N
1810 402 1858 460 N
1866 402 1916 460 1(

1773 402 1999 460 SNlCll
2040 404 2359 462 ABBATIS
3374 417 3442 472 46

240 510 307 557 ἐκ
352 505 593 571 βνιτανῶν
633 504 741 557 τῶν
792 505 910 558 ἐκεῖ
939 502 1250 579 φυομένων,
1280 502 1687 583 καὶποσαύτη,
1720 504 1794 564 ὡς
1824 511 1868 565 Α
1899 520 1909 573 ι

1776 521 1794 564 ς
1824 511 1868 565 Α
1899 504 2047 573 pilis,
2082 507 2258 559 victus
2286 516 2466 560 autem
2502 514 2621 560 erat
2646 521 2714 561 ex
2751 507 2963 575 herbis,
3004 525 3125 579 qua
3187 512 3297 567 illic
3350 530 3444 568 na-

235 598 454 665 ἀποζῇν
511 594 779 647 δύνασθαι
812 595 1001 665 μόνον,
1053 595 1148 648 καὶ
1189 593 1266 658 ὡς
1307 590 1572 664 ὰγγὲλους
1608 596 1667 647 ἑν
1718 596 1802 663 γῇδ

239 686 513 755 βιοτεύειν
556 685 697 753 μετὰ
750 684 844 737 τοῦ
911 684 1184 753 σώματος.
1251 683 1561 759 Ἐκοινοῦτο
1614 682 1794 737 τοίνυν

238 778 453 839 αὑταῖς,
500 775 627 844 περὶ
644 771 719 827 ὦν
750 776 892 827 κατὰ.
924 775 1048 828 νοῦν
1073 774 1305 843 ἐστρεφέ
1332 792 1391 828 τε
1420 776 1516 828 καὶ
1542 774 1792 843 ἐμελέτα.

242 868 311 923 Οἱ
350 868 445 933 δὲ,
487 866 631 937 μετὰ
686 868 747 919 τὸ
805 869 1198 938 προσενεγκεῖν
1248 868 1391 937 ὕπὶρ
1445 866 1635 919 τούτου
1700 866 1800 929 τὰς

243 959 505 1028 συνήθεις
543 960 706 1028 εὐχὰς
752 957 831 1028 τῷ
874 958 1017 1028 Θεῷ,
1046 958 1187 1011 κατὰ
1235 958 1399 1029 μέρος
1438 958 1644 1012 ἕκαστα
1689 960 1800 1026 διη-

243 1052 447 1119 γοῦντο
482 1054 608 1121 περὶ
645 1044 721 1103 ὧν
779 1050 1144 1116 ἐπυνθάνετο,
1185 1048 1511 1119 προσθέντες
1547 1050 1621 1114 ὡς
1662 1052 1800 1121 μετὰ

243 1144 309 1194 τὸ
346 1143 721 1210 πεντηκοστὸν
752 1142 851 1209 τῆς
886 1142 1172 1210 ἀσκήσεως
1210 1140 1328 1201 hoc
1369 1141 1462 1197 καὶ
1495 1144 1624 1211 περὶ
1669 1143 1800 1195 αὐτὸ

241 1234 304 1285 τὸ
346 1234 523 1301 πέρας
566 1232 659 1285 τοῦ
707 1232 825 1301 βίου
882 1232 1185 1303 πειρασμὸς
1241 1232 1387 1301 αὐτῷ
1441 1230 1801 1302 ιπενεχθήσεσ-

239 1340 331 1376 ται
359 1339 375 1354 ·
406 1323 706 1392 βασκάνους
748 1323 804 1374 δὲ
836 1322 961 1386 τοὺς
999 1322 1297 1385 ιπὰξοντας
1332 1318 1470 1374 εἶναι
1497 1325 1594 1375 καὶ
1627 1340 1795 1391 πονη-

240 1415 395 1482 ρούς.
433 1412 574 1466 Ἀλλ’
610 1412 841 1475 ἐκείνοις
896 1414 994 1481 μιν
1043 1415 1071 1466 ό
1101 1414 1260 1475 πόνος
1290 1414 1366 1474 είς
1398 1414 1637 1483 κεφαλὴν
1674 1416 1797 1466 ἑπι-

240 1505 507 1573 στρέψειο
538 1503 609 1554 Σὺ
644 1502 702 1555 δὲ
748 1503 919 1565 οὐδὲν,
963 1501 1137 1564 εἷπον.
1187 1503 1351 1572 πείσῃ
1386 1503 1579 1556 δεινόν.
1635 1504 1700 1555 '0
1734 1518 1797 1570 γε

237 1600 338 1650 καὶ
361 1596 582 1665 ὕστερον
607 1597 686 1657 είς
716 1594 875 1661 ἔργον
909 1592 1067 1661 ἰξίϐη
1092 1632 1107 1656 ,
1143 1593 1283 1645 καθὰ
1326 1593 1421 1645 καὶ
1469 1593 1597 1659 περὶ
1632 1591 1797 1645 αὑτοῦ

238 1691 270 1739 ό
302 1688 464 1752 λόγος
492 1686 721 1755 δηλώσει
776 1683 918 1736 κατὰ
963 1684 1174 1752 καιρόν.
1232 1683 1416 1737 Ταῦτα
1460 1683 1797 1753 προαγορεύ-

245 1796 442 1841 σαντες
500 1774 674 1839 οὗτοι,
734 1775 831 1829 καὶ
883 1774 1087 1844 χιτῶνα
1148 1774 1579 1844 (λεϐητωνάριον
1638 1775 1800 1828 αὑτὸν

243 1865 388 1920 οἶδεν
438 1868 471 1935 ἡ
501 1866 762 1935 ἐγχώριος
809 1865 1019 1931 γλῶττα
1051 1865 1258 1927 καλεῖν,
1286 1866 1348 1916 ὲκ
1384 1862 1583 1933 τριχῶν
1608 1863 1663 1915 δὲ
1702 1862 1800 1913 αὐ-

245 1956 323 2027 τῷ
355 1959 386 2026 ἡ
419 1955 687 2025 σύνθεσις)
744 1954 821 2022 τῷ
856 1954 1009 2023 ἀνδρὶ
1046 1954 1477 2023 ἐγχειρίσαντες,
1520 1952 1800 2021 ἀπηλλάτ-

242 2063 442 2099 τοντο’
482 2046 641 2096 τοῦτο
696 2044 832 2112 πρὸς
895 2045 1074 2095 πᾶσαν
1133 2038 1201 2111 ἦν
1269 2040 1415 2111 αὐτῷ
1484 2039 1800 2111 ἐπιϐουλὴν,

243 2141 413 2190 ὅπλον
437 2136 647 2205 ἄμαχόν
677 2152 736 2187 τε
765 2135 863 2187 καὶ
904 2132 1280 2205 ίσχυρότατον,
1312 2134 1386 2195 ὡς
1417 2134 1619 2195 ἐκεῖνος
1646 2131 1799 2184 ὓστε-

248 2247 344 2300 ρον
374 2229 691 2297 διηγήσατο.
732 2222 860 2278 Εἶτα
886 2225 994 2276 τῶν
1034 2224 1242 2276 ἐκεῖθεν
1288 2224 1605 2283 ἀπαναστὰς
1641 2225 1699 2275 ὲν
1726 2222 1802 2291 τῷ

243 2324 366 2392 ϐρει
396 2321 424 2373 ὃ
470 2320 533 2387 δὴ
575 2316 839 2389 Τριχάλιξ
882 2316 1149 2381 καλεῖται,
1201 2314 1461 2383 ὕπαιθρον
1512 2313 1649 2381 ὁμοῦ
1703 2318 1797 2367 καὶ⁹

244 2413 487 2480 ἄσκηνον
511 2410 609 2479 τὴν
642 2408 917 2477 διαγωγὴν
940 2409 1194 2459 ἐποιεῖτο.

319 2503 420 2553 IA’.
460 2500 565 2552 Τοῦ
595 2499 632 2549 Γ
640 2498 897 2567 ρηγορίου
924 2496 1003 2561 δὲ,
1033 2496 1091 2551 ὃν
1117 2498 1144 2546 ό
1167 2495 1325 2561 λόγος
1353 2493 1564 2561 φθάσας
1598 2494 1800 2563 ἐδήλω-

244 2610 363 2653 σεν,
419 2590 764 2658 αὐτοσχέδιον
815 2586 1193 2654 ἁνεγείραντος
1261 2582 1463 2657 οἴκημα
1524 2584 1600 2653 τῷ
1636 2584 1797 2654 ἁγίῳ,

248 2683 456 2751 μικράν
506 2697 629 2739 τινα
679 2677 886 2747 σκέπην
930 2678 989 2740 ἐξ
1037 2676 1259 2745 ὄμϐρων
1306 2674 1400 2727 καὶ
1440 2674 1694 2741 νιφετῶν,
1741 2675 1800 2728 ιν

243 2771 425 2840 τούτῳ
460 2768 798 2822 κατακλείων
829 2764 896 2838 ἦν
922 2766 1131 2819 ὲαυτόν.
1151 2764 1291 2816 Ἀλλ’
1317 2765 1439 2817 ἐπεὶ
1466 2764 1801 2831 παρέϐαλλον

245 2866 431 2918 ἐκεῖσε
476 2859 663 2913 πολλοὶ
710 2861 790 2921 είς
820 2858 1035 2928 ὁμιλίαν
1071 2858 1226 2929 ἣκειν
1276 2854 1423 2925 αὑτῷ
1458 2854 1799 2924 γλιχόμενοι,

246 2956 346 3009 καὶ
382 2954 482 3021 τὴν
522 2951 683 3019 φίλην
724 2950 917 3019 ἐκείνῳ
954 2948 1045 3001 καὶ
1079 2947 1324 2999 σύνοικον
1350 2947 1639 2998 διέκοπτον
1670 2946 1802 3016 ησυ-

244 3044 624 3115 χίαν,ὲκείθεν
648 3042 885 3110 ἀπάρας,
916 3040 1142 3095 ὲπίτινα
1179 3036 1576 3107 Ἑλλησπόντου
1609 3035 1802 3105 κώμην

1903 595 2216 658 scebantur,
2239 604 2297 649 et
2327 606 2527 662 tantus,
2562 606 2621 652 ut
2648 598 2823 653 solum
2873 610 3096 669 possent
3136 603 3337 669 vivere,
3392 616 3447 658 et

1903 696 1963 740 ut
1988 695 2242 753 tanquam
2288 688 2463 755 angeli
2498 689 2551 741 in
2583 698 2728 743 terra
2770 691 3016 745 viverent
3046 709 3167 745 cum
3200 711 3445 762 corpore.

1868 784 1871 787 '
1902 775 1994 829 Eis
2020 791 2149 843 ergo
2177 777 2600 830 communicavit
2624 794 2706 843 ea,
2738 795 2859 848 quae
2906 782 3088 835 animo
3113 784 3362 836 versabat
3394 798 3447 839 et

1904 865 2292 920 meditabatur.
2330 867 2411 920 llli
2443 878 2648 929 autem.
2683 879 2967 938 postquam
3010 887 3199 940 preces
3261 877 3448 933 solitas

1902 958 2014 1012 Deo
2041 972 2140 1024 pro
2192 973 2258 1011 eo
2303 958 2650 1019 obtulissent.
2710 960 2985 1027 sigillatim
3035 975 3329 1020 narrarunt
3380 969 3448 1022 de

1900 1048 2176 1111 omnibus,
2227 1062 2346 1117 qua:
2402 1051 2716 1118 interrogat,
2773 1052 3095 1120 adjicieutes
3141 1058 3284 1127 quod
3332 1070 3452 1127 post

1904 1138 2412 1207 quinquagesimum
2474 1156 2675 1192 annum
2728 1142 3149 1207 exercitationis,
3196 1154 3252 1198 et
3307 1148 3449 1201 circa

1906 1230 2083 1297 ipsum
2120 1229 2282 1282 finem
2308 1231 2428 1283 vitre
2455 1231 2503 1283 ei
2537 1230 2799 1284 inferetur
2851 1235 3077 1287 tentatio
3111 1254 3124 1286 :
3189 1251 3309 1289 esse
3356 1252 3451 1289 au-

1905 1330 2011 1374 tem
2049 1320 2261 1372 invidos
2290 1328 2344 1372 et
2373 1322 2635 1389 malignos
2664 1336 2777 1383 eos,
2808 1322 2901 1389 qui
2930 1339 3049 1376 eam
3073 1336 3198 1377 sunt
3229 1326 3445 1381 illaturi.

1904 1409 2009 1463 Sed
2036 1409 2143 1462 illis
2174 1412 2391 1478 quidem
2425 1412 2576 1463 labor
2612 1412 2667 1467 in
2712 1423 2874 1480 caput
2927 1430 3117 1469 eorum
3163 1426 3451 1471 converteq

1907 1509 2044 1555 tur:
2104 1499 2183 1553 Tu
2230 1509 2431 1565 autem,
2478 1501 2752 1562 dicebant,
2797 1503 2932 1557 nihil
2986 1520 3146 1573 grave
3206 1507 3446 1573 patieris.

1905 1588 2055 1655 Quod
2086 1591 2249 1643 etiam
2282 1602 2469 1659 postea
2492 1592 2783 1647 deductum
2809 1606 2891 1648 est
2915 1595 2981 1648 ad
3012 1596 3286 1659 effectum,
3321 1614 3452 1666 quo.~

1906 1679 2067 1733 modo
2099 1681 2265 1732 etiam
2292 1697 2391 1734 suo
2441 1692 2685 1749 tempore
2740 1684 3036 1739 declarabit
3094 1687 3290 1743 oratio.
3347 1688 3447 1742 Sel

1902 1782 2025 1821 eum
2050 1768 2163 1821 haec
2195 1768 2594 1836 praedixisseut,
2640 1781 2695 1824 et
2722 1771 2959 1825 tunicam
2990 1774 3129 1843 (eam
3182 1775 3454 1830 lebetona-

1903 1860 2043 1913 rium
2068 1869 2222 1913 vocat
2255 1861 2434 1928 lingua
2490 1862 2635 1916 illius
2683 1862 2957 1931 regionis:
3016 1874 3101 1918 est
3154 1875 3334 1919 autem
3386 1882 3449 1923 ex

1900 1950 2026 2018 pilis
2059 1957 2334 2019 contexta)
2389 1952 2439 2005 ei
2504 1953 2876 2016 tradidissent,
2937 1966 3315 2020 recesserunt;
3350 1958 3452 2011 hoc

1900 2042 2164 2094 adversus
2189 2056 2377 2095 omnes
2408 2041 2631 2096 insidias
2656 2053 2711 2096 et
2744 2044 2977 2097 insultus
3033 2044 3138 2099 fuit
3190 2047 3239 2099 ei
3304 2062 3452 2101 arma

1902 2131 2338 2200 inexpugnabilia
2410 2143 2465 2185 et
2538 2133 2850 2194 fortissima,
2920 2144 2979 2188 ut
3052 2137 3138 2188 ille.
3210 2141 3452 2193 narravit

1904 2233 2109 2291 postea.
2144 2224 2347 2277 Deinde
2394 2239 2514 2275 eum
2559 2224 2702 2277 illine
2738 2224 3054 2292 emigrasset
3087 2226 3140 2277 in
3189 2237 3448 2289 montem,

1901 2314 1992 2383 qui
2022 2326 2244 2371 vocatur
2272 2314 2565 2373 Trichalix.
2616 2316 2842 2383 degebat
2872 2316 2974 2369 sub
3023 2316 3112 2369 dio
3161 2327 3216 2373 et
3248 2320 3451 2395 absque

1903 2406 2013 2457 ullo
2043 2406 2412 2462 tabernaculo.

1972 2494 2063 2547 XI.
2091 2496 2227 2550 Cum
2253 2497 2551 2564 Gregorius
2572 2508 2773 2561 autem,
2808 2502 2872 2554 de
2898 2517 3006 2569 quo
3027 2503 3176 2570 prius
3192 2502 3449 2569 diximus,

1901 2596 2091 2639 sancto
2122 2588 2256 2641 rude
2304 2589 2593 2642 excitasset
2646 2592 3037 2657 habitaculum,
3098 2602 3155 2647 ut
3200 2605 3344 2650 esset
3401 2598 3451 2654 ei

1900 2695 2136 2749 parvum
2171 2688 2541 2749 tegumentum
2577 2684 2643 2735 ab
2675 2682 2944 2737 imbribus
3003 2694 3059 2738 et
3107 2687 3343 2751 nivibus,
3394 2702 3451 2742 so

1902 2772 1957 2824 in
1978 2787 2044 2825 eo
2076 2771 2319 2825 inclusit.
2351 2772 2457 2825 Sed
2479 2774 2731 2840 quoniam
2765 2776 2917 2827 multi
2944 2776 3074 2832 illuc
3101 2778 3452 2843 accedebant,

1901 2875 2025 2914 eurn
2050 2860 2344 2914 convenire
2368 2860 2668 2930 cupientes,
2706 2870 2759 2915 et
2806 2862 2880 2915 illi
2931 2875 3142 2933 gratum
3196 2877 3250 2919 et
3300 2868 3455 2922 fami-

1906 2952 2042 3005 liare
2095 2952 2370 3005 silentium
2434 2952 2916 3018 interrumpentes,
2966 2955 3116 3009 illinc
3170 2957 3453 3016 discedens

1905 3042 1957 3093 in
2006 3042 2292 3110 quemdam
2325 3041 2505 3095 vicum
2533 3041 2889 3110 Hellesponti,
2918 3043 2972 3096 in
3001 3045 3234 3112 quodam
3269 3056 3453 3102 monte

247 3140 308 3187 ὲν
347 3137 462 3204 ϐρει
493 3134 601 3185 τινὶ
644 3132 899 3183 κατάλσει
932 3147 991 3181 τε
1022 3131 1113 3182 καὶ¹
1141 3127 1427 3195 δυσϐάτῳ,
1462 3126 1642 3195 φέρων
1674 3126 1799 3177 ὲαυ·
1828 3144 1869 3200 C
1903 3149 1916 3185 ι

1783 3151 1799 3163 ·
1828 3144 1869 3200 c
1903 3147 2190 3186 nemoroso
2214 3142 2271 3186 et
2296 3132 2445 3185 aditu
2476 3130 2679 3185 diﬂlcili
2712 3146 2769 3187 se
2800 3132 3026 3189 collocat
3057 3152 3069 3187 :
3102 3136 3154 3189 in
3186 3151 3293 3204 quo
3326 3153 3448 3193 cum

244 3229 339 3278 τὸν
392 3225 707 3287 ἀποικίζει,
759 3225 817 3274 ιν
879 3215 1036 3289 ᾧπερ
1090 3221 1229 3285 ὀπήν
1290 3236 1413 3270 τινα
1466 3216 1657 3285 στενὴν
1708 3215 1801 3269 κα)⁸

244 3319 476 3386 βαθεῖαν
517 3315 621 3367 ὑπὸ
649 3316 757 3382 γῆν
787 3312 1010 3382 ὀρύξας,
1045 3312 1295 3377 ἁπρὸἳτος
1327 3309 1515 3376 ἔμενεν
1544 3311 1600 3360 ἐν
1639 3309 1797 3377 αὐτῇ,

242 3412 307 3462 οὐ
337 3411 549 3476 κόρακα
584 3405 857 3474 σιτοδότην
904 3405 1062 3473 ἔχων,
1100 3401 1286 3467 ὥσπερ
1332 3400 1535 3463 Ἠλίας,
1576 3399 1690 3451 ἀλλ’
1723 3401 1803 3452 ἑνὶ

244 3500 458 3566 αῑπόλῳ
478 3498 638 3551 τοῦτο
656 3497 972 3557 ἐπίστευσε,
1000 3494 1084 3548 ἵνα
1114 3492 1208 3543 καὶ
1236 3490 1433 3559 ἀντιδῷ
1464 3490 1529 3541 τὰ
1559 3488 1799 3557 μείζοναο

244 3591 337 3657 ὑφ’
368 3585 429 3643 οὗ
467 3588 528 3657 δὴ
563 3589 655 3639 καὶ
688 3588 764 3647 είς
800 3585 1029 3637 ἕκαστον
1067 3584 1209 3652 μῆνα
1255 3581 1417 3647 ἄρτον
1450 3582 1653 3640 ἐκεῖνος
1700 3582 1795 3631 καὶ

243 3682 395 3747 ὕδωρ
432 3680 503 3740 ὡς
565 3676 757 3743 καινὴν
799 3674 966 3734 ὅντως
1002 3670 1326 3723 πανδαισίαν
1366 3670 1595 3737 ἐδέχετο.
1663 3668 1802 3735 Τρία

243 3772 340 3824 οὖν
386 3772 480 3837 ἐτη
520 3769 614 3820 ὅλα
662 3766 877 3835 ἡσύχως
923 3761 1195 3825 διαγαγὼν
1255 3762 1313 3811 ὲν
1352 3760 1522 3827 αὐτῷ,
1567 3775 1802 3827 προσευ-

244 3867 349 3935 χῆς
387 3865 482 3932 μὲν
511 3860 848 3928 ἐπεμελεῖτο,
890 3858 983 3909 καὶ
1012 3855 1117 3906 τῶν
1148 3856 1225 3914 είς
1252 3853 1381 3904 Θεὸν
1406 3852 1609 3919 ὕμνων,
1636 3850 1805 3901 νύκτα

247 3958 345 4007 καὶ
415 3952 531 4022 μεθ’
587 3950 818 4018 ἡμέραν.
890 3948 997 3997 Καὶ
1056 3944 1211 3998 τοῦτο
1263 3943 1421 4011 ἔργον
1468 3941 1654 4009 αὐτῷ,
1702 3942 1797 3991 καὶ

248 4044 437 4113 ’.ρυφὴ
482 4042 573 4092 καὶ
616 4037 987 4106 παράκλησις’
1023 4035 1175 4085 ταυτὶ
1223 4032 1376 4083 δὲτὰ
1424 4031 1638 4099 ῥήματα
1694 4023 1803 4079 οἷον

249 4134 472 4203 ἧδ’)σμά
494 4151 545 4183 τι
575 4134 663 4182 ἐπὶ
685 4128 931 4195 γλώσσης
958 4120 1068 4193 εἶχε
1096 4122 1355 4192 διηνεκῶς
1383 4122 1706 4186 ὐπαδόμενα.
1738 4121 1801 4171 Ἡ

251 4225 409 4284 ἐλπίς
449 4240 551 4286 μου
590 4224 617 4273 ό
665 4220 816 4281 Θεὸς,
860 4216 1146 4284 καταφυγή
1200 4230 1319 4280 μου,
1369 4214 1395 4263 ό
1442 4213 1705 4277 Χριστός·
1769 4213 1795 4279 ἡ

250 4318 433 4383 σκέπη
474 4332 597 4381 μου,
630 4313 691 4363 τὸ
748 4311 964 4378 Πνεῦμα
1002 4310 1060 4359 τὸ
1104 4306 1275 4373 ἆγιον.
1312 4305 1399 4356 Διὸ
1450 4305 1543 4355 καὶ
1578 4302 1805 4363 πολλοὺς

250 4404 401 4453 ἐστιν
459 4401 515 4462 ἐξ
567 4400 777 4450 ἐκείνου
830 4395 1215 4464 παραλαϐόντα
1278 4393 1410 4461 όρᾷν
1458 4394 1557 4460 τὴν
1625 4390 1794 4457 καλὴν

245 4493 456 4559 ταύτην
485 4492 640 4560 ῥῆσιν
670 4490 771 4541 ἁνὶ
809 4489 976 4556 στόμα
1008 4486 1094 4536 διὲ
1134 4484 1329 4544 παντὸς
1373 4483 1651 4550 φέροντας.

326 4666 427 4717 lB'.
465 4663 651 4724 Οὕτως
685 4657 777 4714 οὖν
810 4660 968 4728 ἔχων,
998 4658 1091 4709 καὶ
1129 4655 1404 4715 τοιαύταις
1431 4657 1549 4715 ταῖς
1578 4653 1797 4720 καρδίας

252 4757 559 4823 ὑψοὺμενος
602 4752 951 4811 ἀναϐάσεσιν,
985 4748 1213 4814 ἐπείπερ
1258 4745 1314 4797 ἐν
1357 4745 1461 4796 τινί
1505 4759 1633 4794 πστε
1690 4743 1797 4793 τῶν

253 4849 368 4898 ἐκεῖ
418 4842 721 4911 εὖκτηρίων
779 4842 939 4890 οἴκεον
994 4835 1302 4902 προσευχῆς
1345 4836 1501 4901 χάριν
1533 4832 1798 4900 ἠθέλησεν

252 4935 571 5005 ἀφικέσθαι,
598 4935 651 4981 ὲν
672 4927 714 4996 ᾧ
739 4928 921 4980 πολλοὶ
955 4928 1042 4977 καλ⁶
1073 4925 1250 4992 ἕτερ’,ι
1278 4924 1385 4973 τῶν
1416 4922 1797 4990 πέριξχωρίων

254 5026 590 5095 ἡθροίζοντο,
651 5017 874 5086 συνῆ).θέ
920 5032 1002 5077 τις
1038 5018 1129 5066 καὶ
1173 5014 1277 5065 τῶν
1318 5012 1585 5081 πρότερον
1652 5012 1796 5080 αὐτῷ

255 5114 792 5186 συστρατευομένων,
851 5110 989 5161 οὕτω
1046 5107 1275 5175 συμϐὰν,
1336 5107 1427 5157 καὶ
1474 5104 1564 5155 τὸν
1625 5104 1797 5171 μέγαν

253 5210 441 5262 τοῦτον
472 5208 529 5258 ἐν
564 5206 827 5273 ἀσκηταίς
858 5203 1212 5269 θεασάμενος,
1251 5198 1413 5249 αὐτόν
1442 5214 1498 5247 τε
1530 5195 1615 5265 -ρὴ
1658 5192 1797 5246 εἶναι

258 5295 568 5357 ὑπολαϐὼν,
618 5297 695 5354 είς
746 5294 965 5361 μνήμην
997 5287 1164 5359 ἦλθεν
1219 5287 1381 5347 εὐθὺς
1426 5285 1516 5336 τοῦ
1574 5284 1797 5335 παλαιοῦ

257 5390 404 5456 αὐτῷ
442 5387 657 5454 ἑταίρου
694 5384 785 5434 καὶ
818 5383 1076 5449 συνήθους
1120 5378 1465 5437 Ἰωανκιικέου,
1500 5378 1589 5429 τό)
1622 5394 1676 5426 τε
1704 5376 1799 5443 τῆς

253 5482 425 5546 (dare;
480 5476 798 5543 χαρακτῆρα
878 5475 968 5523 καὶ
1028 5472 1088 5519 τὸ
1138 5471 1231 5535 τῆς
1305 5467 1516 5534 ἡλικίας
1574 5465 1799 5533 μέγεθος

257 5573 334 5629 εἰς
362 5572 565 5619 ἐκεῖνοι
598 5565 902 5631 ἀναφέρων,
956 5560 1056 5612 κᾶν
1092 5562 1123 5623 ἡ
1162 5559 1341 5625 μακρὰ
1394 5556 1569 5622 ἐκείνη
1620 5554 1799 5605 ἀσιτία

254 5663 406 5727 καὶή
442 5659 684 5715 ἑκούσιος
719 5659 774 5705 ἐν
805 5654 881 5721 τῷ
920 5654 1102 5719 λάκκῳ
1143 5646 1416 5715 κάθειρξις
1467 5646 1689 5714 παρεῖλε
1733 5646 1800 5696 τὰ

254 5752 421 5803 πολλὰ
448 5751 553 5803 τῶν
602 5747 691 5803 τοῦ
739 5744 924 5814 ἀνδρὸς
966 5741 1376 5813 γνωρισμάτων.
1418 5738 1659 5789 ’Υστατα
1707 5734 1797 5789 οὖν

1904 3222 2145 3273 foramen
2200 3222 2470 3289 quoddam
2525 3230 2811 3289 angustum
2870 3234 2924 3276 et
2975 3225 3301 3291 profundum
3350 3228 3452 3282 sub

1902 3318 2044 3363 terra
2071 3310 2312 3373 fodisset,
2344 3310 2396 3362 in
2415 3325 2480 3364 eo
2498 3311 2770 3374 manebat,
2791 3328 3054 3381 nusquam
3077 3317 3445 3384 progrediens.

1902 3413 2009 3450 non
2064 3396 2271 3451 habens
2324 3413 2547 3451 corvum
2598 3400 2705 3453 cibi
2762 3402 3247 3468 suppeditatoretn,
3311 3407 3453 3463 sicut

1901 3487 2066 3547 Elias.
2106 3488 2197 3540 sed
2243 3488 2455 3541 cuidam
2501 3504 2784 3557 caprarum
2817 3492 3018 3559 pastori
3064 3495 3162 3547 boc
3204 3498 3451 3549 commit,

1906 3585 2043 3641 tens,
2070 3587 2127 3630 ut
2161 3579 2249 3631 ille
2276 3579 2513 3632 vicissim
2544 3579 2611 3631 ab
2641 3594 2704 3632 eo
2735 3582 3247 3651 majoraﬁaccipcrct.
3274 3586 3316 3639 A
3338 3603 3446 3655 quo

1901 3668 2125 3733 quidem
2153 3676 2369 3736 pastore
2396 3668 2511 3735 ipse
2555 3670 2781 3737 singulis
2829 3673 3107 3726 mensibus
3168 3690 3359 3741 panem
3396 3687 3451 3728 et

1903 3771 2096 3823 aquam
2130 3766 2385 3825 tanquam
2420 3760 2691 3825 quoddam
2731 3760 2889 3827 plane
2924 3777 3123 3815 novum
3151 3765 3451 3832 accipiebat

1902 3846 2141 3911 epulum.
2177 3845 2311 3899 Tres
2349 3854 2489 3899 totos
2513 3863 2685 3900 annos
2725 3849 2944 3902 silentio
2980 3852 3030 3902 in
3056 3866 3121 3904 eo
3152 3855 3450 3923 transigens

1903 3936 2236 4003 precationis
2256 3936 2471 4005 quidem
2506 3951 2689 3989 curam
2739 3940 2961 4005 gerebat
3018 3951 3073 3993 et
3123 3942 3447 4011 hymnorum

1903 4026 1966 4101 ad
1995 4026 2163 4078 Deum
2196 4038 2359 4079 noetu
2390 4036 2445 4079 et
2476 4027 2739 4081 interdiu.
2768 4029 2897 4081 Erat
2937 4039 3117 4084 autem
3177 4033 3277 4085 hoc
3328 4035 3449 4101 ejus

1902 4131 2062 4183 opus,
2096 4116 2411 4183 deliciaeque
2468 4127 2522 4168 et
2552 4117 2869 4170 consolatio.
2918 4118 3041 4171 Hsec
3075 4121 3235 4173 verba
3274 4122 3326 4175 in
3354 4137 3447 4176 ore

1906 4206 2144 4260 habebat
2179 4207 2343 4260 veluti
2372 4207 2643 4273 quoddam
2693 4210 3260 4277 eondimentum,quae
3304 4216 3442 4269 assi-

1902 4298 2007 4350 due
2032 4300 2098 4349 ab
2143 4300 2256 4365 ipso
2293 4300 2667 4350 canebantur:
2721 4298 2853 4365 Spes
2916 4314 3034 4353 mea
3091 4301 3253 4365 Deus,
3301 4303 3446 4357 refu-

1901 4388 2048 4455 gium
2084 4402 2259 4439 meum
2291 4387 2558 4449 Christus,
2590 4388 2853 4454 protectio
2881 4404 2997 4443 mea
3048 4390 3279 4459 Spiritus
3327 4409 3448 4446 san-

1823 4482 1875 4540 ι)
1904 4482 2046 4526 ctus.
2081 4472 2342 4537 Quocirca
2378 4473 2505 4526 licet
2534 4474 2716 4527 videre
2757 4475 2959 4528 multos
3010 4478 3113 4533 hoc
3152 4479 3439 4547 pulchrum

1900 4562 2101 4616 dictum
2126 4566 2192 4615 ab
2245 4566 2335 4617 illo
2386 4575 2707 4632 acceptum,-
2741 4568 2795 4621 in
2838 4583 2932 4621 ore
2970 4568 3111 4622 ferre
3162 4582 3439 4638 perpetuo.

1970 4653 2079 4706 ΧΗ.
2106 4654 2238 4705 Cum
2260 4656 2337 4707 sic
2367 4670 2494 4721 ergo
2527 4670 2583 4708 se
2613 4656 2854 4720 haberet,
2880 4668 2932 4712 et
2969 4660 3317 4713 extolleretur
3365 4671 3443 4716 ιλ-

1898 4743 2039 4796 libus
2075 4746 2255 4797 cordis
2300 4746 2736 4808 aseensionibus.
2807 4750 3066 4802 voluisset
3128 4761 3307 4805 autem
3342 4754 3439 4805 ali-

1900 4837 2115 4901 quando
2167 4838 2350 4889 venire
2419 4838 2469 4889 in
2532 4838 2818 4904 quamdam
2892 4838 3109 4893 domum
3149 4843 3439 4899 oratoriam

1900 4942 1963 4978 ex
1997 4927 2082 4986 iis,
2109 4942 2227 4995 quae
2260 4930 2368 4981 illic
2393 4938 2571 4987 erant.
2602 4929 2654 4980 in
2688 4943 2791 4997 qua
2820 4930 2971 4981 multi
3011 4939 3167 4983 erant
3217 4946 3441 4999 congre-

1899 5016 2002 5085 gati
2028 5032 2093 5070 ex
2122 5018 2353 5086 praediis,
2380 5032 2498 5085 quae
2537 5025 2694 5070 erant
2737 5017 3107 5078 circumcirca,
3149 5019 3347 5091 accidit
3380 5029 3437 5073 ut

1899 5111 2213 5165 conveniret
2236 5109 2398 5161 etiam
2429 5109 2645 5176 quidam
2684 5122 2747 5160 ex
2782 5108 2901 5175 ejus
2952 5108 3435 5171 commilitonibus,

1900 5200 1989 5268 qui
2019 5213 2139 5251 cum
2167 5198 2311 5250 hunc
2350 5210 2597 5263 magnum
2624 5194 2843 5248 vidisset
2870 5196 3011 5248 inter
3030 5198 3437 5260 exercitatores,

1900 5300 1956 5343 et
1985 5290 2157 5357 ipsum
2186 5303 2291 5339 non
2325 5286 2556 5353 amplius
2594 5300 2711 5339 esse
2728 5286 3110 5349 existimasset,
3145 5286 3323 5339 statim
3358 5296 3439 5340 est

1902 5377 2219 5431 recordatus
2266 5376 2464 5427 veteris
2524 5373 2669 5426 illius
2722 5373 2801 5425 sui
2851 5373 3132 5427 familiaris
3173 5384 3227 5426 et
3279 5375 3436 5428 amici

1899 5468 2187 5530 Joannicii,
2220 5467 2363 5519 illius
2397 5466 2578 5517 vultus
2608 5463 2831 5531 efﬁgiem
2858 5472 2913 5517 et
2963 5474 3182 5517 statura:
3230 5466 3440 5532 magni-

1904 5559 2141 5611 tudinem
2180 5567 2458 5625 reputans.
2482 5555 2690 5608 etiamsi
2717 5554 2871 5621 longa
2904 5554 2991 5607 illa
3028 5554 3224 5617 inedia,
3276 5564 3331 5608 et
3354 5572 3444 5607 vos

1903 5650 2135 5703 luntaria
2164 5648 2215 5699 in
2270 5651 2385 5700 lacu
2447 5646 2697 5707 inrlusio,
2754 5645 2919 5697 multa
2976 5645 3329 5699 destruxisset
3375 5663 3439 5705 ex

1907 5740 1994 5804 iis,
2029 5740 2227 5807 quibus
2257 5748 2463 5807 poterat
2520 5737 2789 5803 COgnosci.
2843 5736 3032 5789 Stabat
3084 5752 3231 5803 ergo,
3293 5739 3438 5801 illum
