4226 6418
788 391 858 454 t7
1976 382 2257 443 MENSIS
2291 379 2728 442 normam.
3926 380 4012 447 43

783 501 1078 575 perfectius
1113 499 1378 555 memoria
1416 504 1667 568 repetens
1699 514 1712 551 :
1756 493 1802 550 is
1829 505 2010 549 autem
2060 496 2108 548 ei
2168 492 2337 560 magis
2366 503 2452 557 Αη

2316 507 2337 544 s
2366 503 2412 557 Α
2440 490 2773 561 τελεώτερον
2811 490 3208 561 ἀναλαμϐάνων
3242 492 3306 562 τῇ
3342 491 3531 563 μνήμῃ
3556 492 3646 545 τὶν
3675 493 3860 566 ἄνδρα,
3899 512 3985 550 κα.

784 594 1070 664 magisque
1101 590 1193 644 ille
1251 604 1370 644 esse
1432 587 1738 642 videbatur.
1771 585 2061 653 Postquam
2108 597 2236 636 vero
2282 583 2335 635 in
2438 582 2453 633 i

2438 581 2535 633 hri
2586 581 2749 633 πλέον
2790 576 2956 644 οὗτος
2999 583 3206 645 ἐκεῖνος
3246 578 3388 635 εἶναι
3442 583 3618 653 τούτῳ
3661 583 3852 638 ἐδόκει.
3902 586 4017 649 Ὠς

781 697 904 738 eum
931 679 1108 735 oculis
1160 678 1440 733 curiosius
1495 675 1782 745 conjectis,
1832 687 2024 727 revera
2081 672 2338 741 cognovit
2438 691 2450 727 ι

2438 673 2531 728 οὖν
2561 676 2984 745 περιεργοτέραν
3034 674 3181 744 αὐτῷ
3230 676 3330 742 τὴν
3373 675 3497 744 ὄψιν
3531 676 3823 741 ἐπισαλὼν,
3853 676 4015 744 ἔγνω

781 778 928 829 hunc
957 773 1110 827 illum
1143 785 1264 826 esse
1298 768 1598 822 amicorum
1635 776 1691 822 et
1734 765 2082 820 familiarium
2119 763 2336 818 amicis—
2436 782 2450 817 ι

2436 769 2501 837 τῇ
2533 766 2765 837 ἀληθείᾳ
2810 766 3000 819 τοῦτον
3032 768 3240 820 ἐκεῖνον
3269 761 3407 818 εἶναι
3434 766 3526 820 τὸν
3561 767 3816 835 φίλτατον
3844 766 4015 834 αυτῷ

781 868 978 920 simum
1025 861 1388 923 Joannicium,
1439 861 1557 930 ejus
1612 857 1794 912 statim
1850 856 2050 911 collum
2103 856 2337 909 eireum-
2435 872 2450 906 ι

2435 856 2544 908 τῶν
2567 855 2801 923 ἐταίρων
2826 857 3178 922 Ἰωαννίκιον,
3215 857 3380 919 εὐθὺς
3411 855 3579 910 αὐτοῦ
3619 855 3698 925 τῷ
3735 856 4011 925 τραχήλῳ

779 959 914 1010 dans
937 954 1190 1008 ardenter
1219 950 1680 1021 complectebatur
1707 967 1721 1005 :
1769 959 1957 1018 aperte
1989 948 2334 1009 ostendebat,
2436 963 2448 996 τ

2436 947 2693 1015 περιφὺς,
2726 947 3182 1015 περιεπτύσσετο,
3213 948 3432 1019 θερμῶς
3459 947 3810 1016 περιέϐαλλε,
3832 948 4012 1016 δῆλος

780 1057 837 1095 se
873 1039 1111 1109 pendere
1142 1039 1208 1094 ab
1237 1039 1381 1093 illius
1413 1038 1612 1101 anima,
1648 1037 1695 1091 ci
1737 1037 1984 1106 lacryma:
2008 1036 2337 1090 distillabant
2433 1030 2449 1087 i

2433 1030 2502 1104 ἦν
2528 1037 2627 1104 τῆς
2670 1038 2882 1090 ἐκείνου
2928 1038 3109 1107 ψυχῆς
3153 1040 3569 1110 ἐκκρεμάμενος
3594 1080 3608 1104 ,
3638 1039 3871 1110 δάκρυον
3902 1038 4007 1091 ἐπ’

781 1149 890 1202 pne
919 1134 1136 1202 gaudio,
1179 1141 1233 1186 et
1288 1133 1342 1184 in
1378 1132 1692 1185 memoriam
1743 1129 2038 1182 revocabat
2089 1138 2330 1181 veterem
2437 1142 2450 1175 c

2437 1125 2583 1193 αὐτῷ
2618 1130 2788 1195 χαρᾶς
2817 1127 3047 1190 ἔσταξε,
3083 1128 3184 1195 τῆς
3221 1130 3460 1191 παλαιᾶς
3493 1129 3658 1180 αὑτὸν
3693 1128 4009 1197 ἀνεμίμνη-

787 1223 1258 1278 consuetudinem.
1300 1224 1504 1277 Deinde
1541 1223 1628 1275 ille
1654 1221 1873 1289 quidem
1905 1220 2174 1280 excurrit,
2209 1217 2336 1271 reli-
2435 1231 2456 1266 ε

2332 1244 2336 1254 ι
2435 1231 2529 1266 σκε
2558 1217 2867 1285 συνηθείας.
2903 1213 3032 1270 Εἶτα
3069 1221 3097 1271 ὁ
3129 1219 3228 1287 μὲν
3256 1220 3568 1288 ἀποτρέχει,
3607 1219 3698 1270 καὶ
3731 1222 3795 1288 τῇ
3825 1219 4001 1287 λοιπῇ

781 1317 904 1381 quis
927 1315 1088 1367 sociis
1127 1329 1238 1367 rem
1272 1315 1457 1367 volens
1495 1312 1842 1381 signiﬁcare:
1889 1309 2209 1364 Joannicius
2235 1325 2331 1362 au-
2435 1306 2450 1355 ἐ

2435 1306 2648 1374 ἑταιρία
2708 1306 3029 1376 βουλόμενος
3089 1310 3151 1360 τὸ
3198 1312 3432 1378 πρᾶγμα
3487 1309 3721 1377 μηνῦσαι
3781 1325 3794 1337 ·
3849 1311 3875 1361 ὁ
3940 1310 4025 1361 δὲ-

784 1423 890 1460 tt'm
925 1407 1110 1460 volens
1141 1406 1312 1473 magis
1339 1405 1532 1466 latere,
1566 1404 1799 1472 pervasit
1836 1403 1888 1454 in
1950 1414 2162 1454 montes
2195 1400 2335 1454 Con-
2434 1396 2453 1447 λ

2434 1395 2711 1450 λανθάνειν
2769 1397 2970 1465 μᾶλλον
3017 1398 3237 1462 ἐθέλων,
3275 1399 3414 1468 διῄει
3455 1401 3548 1452 ἐπὶ
3581 1399 3648 1452 τὰ
3683 1397 4005 1468 θηροτρόφα

785 1499 959 1559 tnrim,
985 1498 1036 1550 in
1072 1496 1270 1564 quibus
1309 1494 1576 1564 degebant
1612 1493 1756 1556 form,
1794 1505 2037 1544 seorsum
2074 1505 2196 1542 cum
2225 1490 2333 1542 Deo
2430 1500 2454 1534 τ

2430 1485 2529 1551 τῆς
2575 1485 2909 1556 Κοντουρίας
2953 1487 3076 1558 ὅρη,
3120 1491 3433 1558 καταμόνας
3491 1489 3878 1557 συγγινόμενος
3911 1487 4005 1557 τῷ

781 1589 1152 1659 congrediens.

850 1680 990 1733 Xlll.
1020 1679 1153 1733 Cum
1192 1690 1317 1733 tunc
1345 1687 1525 1731 autem
1575 1677 1711 1730 fonte
1746 1676 1961 1729 fortuna
1993 1675 2230 1727 venisset
2275 1672 2326 1724 in

779 1775 948 1826 acdem
974 1771 1285 1832 oratoriam,
1306 1769 1499 1822 incidit
1534 1770 1586 1822 in
1611 1769 1780 1820 virum
1812 1765 2096 1834 quemdam
2131 1773 2184 1816 el
2214 1780 2330 1816 mu-

2429 1571 2567 1641 Θεῷ.

2509 1666 2605 1718 ll".
2652 1666 2739 1718 Ἐν
2769 1669 3041 1739 εὐκτηρίῳ
3078 1671 3135 1723 δὲ
3169 1672 3291 1725 τότε
3324 1674 3457 1743 οἴκῳ
3493 1677 3633 1730 κατὰ
3671 1678 3839 1748 τύχην
3884 1697 4002 1732 πα-

2433 1755 2701 1824 ραλαϐὼν,
2759 1759 3078 1829 ἐντυγχάνει
3126 1763 3282 1834 ἀνδρί
3309 1763 3381 1832 {re
3426 1768 3519 1819 καὶ
3561 1773 3801 1835 γυναικὶ,
3847 1771 4002 1823 κατὰ

781 1866 988 1925 liorem,
1017 1865 1108 1933 qui
1140 1869 1512 1916 convenerant
1569 1873 1624 1913 ut
1681 1860 1873 1912 festum
1924 1857 2156 1927 patrium
2208 1872 2335 1925 pcr-
2367 1847 2450 1917 Β)

2324 1886 2335 1897 .
2367 1847 2406 1900 Β
2437 1847 2622 1917 χρείαν
2662 1849 2978 1904 συνελθοῦσι
3025 1853 3119 1905 τοῦ
3171 1856 3399 1925 πάτριον
3447 1857 3640 1928 ἑορτὴν
3683 1859 3993 1912 ἐκτελέσαι.

782 1966 1022 2027 agerent.
1053 1955 1150 2021 Qui
1198 1969 1321 2006 cum
1358 1962 1601 2006 sanetum
1629 1951 1912 2013 vidissent,
1945 1951 1998 2002 in
2043 1950 2213 2018 primo
2243 1962 2334 2001 oc-

781 2064 969 2109 cursu,
1003 2046 1094 2098 illo
1124 2043 1342 2096 insolito
1385 2052 1439 2096 et
1474 2039 1703 2095 terribili
1734 2041 1851 2107 ejus
1901 2038 2208 2108 spectaculo
2235 2040 2335 2091 ob-

785 2136 1094 2206 Stttpeiatti,
1139 2148 1205 2186 ne
1241 2140 1531 2201 potuerunt
1562 2130 1776 2200 quidem
1826 2130 2159 2197 interrogare
2186 2127 2333 2195 quis-

784 2246 908 2282 nu.n
935 2237 1098 2287 esset,
1129 2239 1226 2277 nec
1249 2224 1470 2275 omnino
1495 2237 1615 2275 cum
1647 2236 1712 2275 eo
1737 2219 1981 2274 conferre
2002 2233 2328 2272 sermonem.

781 2322 910 2373 lii-at
951 2319 1094 2371 enim
1138 2317 1219 2369 vir
1249 2315 1378 2368 satis
1409 2314 1628 2382 quidem
1671 2312 1826 2381 justa:
1895 2310 2328 2380 magnitudinis:

789 2413 982 2478 pannis
1013 2417 1190 2462 autetn
1234 2407 1462 2467 obsitus,
1494 2413 1547 2458 et
1579 2403 1739 2456 nudis
1775 2402 2032 2456 incedens
2078 2401 2328 2470 pedibus,

783 2516 834 2552 et
863 2511 1005 2552 totus
1045 2498 1351 2561 capillatus,
1381 2505 1435 2549 et
1454 2510 1606 2548 coma
1656 2493 1960 2546 mirandum
2015 2492 2068 2544 in
2111 2491 2327 2542 modum

781 2592 1074 2661 promissa.
1126 2590 1207 2643 illi
1265 2603 1396 2656 ergo
1445 2601 1568 2640 cum
1636 2592 1881 2643 sanctum
1949 2581 2024 2634 sic
2069 2579 2330 2633 vidissent

781 2685 1054 2744 :itl‘eetum,
1078 2679 1257 2734 allecti
1291 2687 1420 2733 sunt
1470 2681 1686 2732 timore.
1719 2674 1810 2728 llle
1839 2683 2015 2726 autem
2048 2668 2252 2738 placida
2276 2677 2331 2723 et

781 2774 897 2827 miti
928 2785 1057 2826 voce
1104 2772 1263 2840 jussit
1306 2784 1401 2822 eos
1446 2781 1563 2820 esse
1615 2767 1758 2819 bono
1796 2764 1998 2824 animo,
2048 2773 2101 2815 et
2140 2759 2205 2813 ab
2238 2759 2328 2812 illo

783 2867 973 2918 timore
997 2861 1284 2916 recreavit.
1314 2858 1516 2913 Deinde
1544 2873 1637 2910 eos
1659 2855 1881 2926 rogavit,
1915 2869 2160 2923 quamam
2186 2858 2330 2906 esset

784 2960 891 3023 via,
927 2973 1046 3025 qua:
1071 2963 1214 3008 recta
1247 2952 1434 3005 ferret.
1483 2949 1562 3003 lili
1588 2963 1717 3002 vero
1746 2948 1996 3000 dixerunt
2052 2954 2174 2997 ante
2226 2945 2329 2996 llu-

782 3048 925 3100 vium
960 3049 1146 3108 ﬂuere,
1171 3058 1259 3108 qui
1313 3055 1418 3095 non
1450 3048 1568 3094 erat
1605 3045 1830 3093 transitu
1879 3041 2075 3102 tacitis,
2126 3049 2177 3093 et
2205 3048 2337 3093 tunc

786 3134 1043 3200 maxime,
1086 3146 1206 3186 cum
1241 3139 1347 3184 tam
1393 3129 1544 3184 multi
1594 3128 1793 3184 imbres
1842 3127 1907 3183 ad
1945 3144 2064 3181 cum
2099 3127 2337 3181 allluxis-

787 3236 924 3282 scnt.
962 3224 1113 3279 Tunc
1146 3223 1287 3276 enim
1321 3221 1609 3285 acciderat,
1665 3230 1721 3274 ut
1756 3221 2102 3274 vehementer
2137 3219 2342 3287 ptui-rit

791 3329 843 3373 et
870 3317 987 3371 ideo
1037 3324 1373 3387 restagnaret
1417 3314 1633 3369 ﬂuvius.
1672 3313 1762 3366 Ille
1811 3322 1988 3365 autem
2031 3327 2150 3362 enin
2200 3309 2340 3362 circa

796 3411 1022 3464 inediam
1057 3420 1268 3462 noctem
1324 3407 1644 3461 surresiaset
1692 3404 1775 3473 (0
1830 3404 1989 3470 pedes
2044 3402 2341 3470 speciosus,

790 3520 822 3555 o
856 3503 1155 3572 ingressum
1210 3500 1356 3553 illum
1408 3497 1857 3563 admirabilem!)
1911 3508 2104 3562 aquam
2157 3506 2345 3546 ascen-

793 3595 874 3649 dit
904 3609 999 3649 nec
1032 3593 1131 3647 l'uit
1163 3590 1516 3653 madefactus,
1551 3602 1602 3644 et
1631 3588 1942 3644 transmittit
1968 3587 2022 3641 in
2066 3585 2344 3640 continen-

798 3695 903 3739 tem
960 3698 1081 3754 qua:
1105 3692 1220 3739 erat
1247 3697 1310 3736 ex
1338 3681 1580 3736 adverso.

852 3839 987 3893 XIV.
1031 3840 1179 3895 illinc
1232 3850 1409 3895 autem
1471 3842 1615 3897 venit
1661 3849 1716 3898 ln
1773 3845 2029 3914 templum
2081 3846 2334 3914 magistre

782 3934 999 3988 Christo
1021 3933 1200 3989 dilecti
1229 3935 1499 4004 discipuli,
1523 3936 1665 4004 quod
1699 3945 1816 3991 erat
1867 3937 2064 4006 Ephesi
2092 3955 2106 3991 :
2144 3938 2188 3991 ei
2239 3955 2334 3990 au-

787 4037 892 4078 tem
926 4026 1104 4080 statim
1145 4041 1242 4080 sua
1299 4034 1491 4095 sponte
1550 4038 1745 4093 aperta:
1798 4038 1923 4084 sunt
1977 4041 2142 4097 porta:
2193 4030 2334 4085 illius

787 4115 990 4183 templi.
1063 4114 1156 4169 Ille
1214 4130 1341 4172 vero
1404 4117 1699 4187 ingressus,
1759 4134 1878 4172 eum
1933 4118 2156 4173 Domino
2209 4135 2336 4174 suas

788 4219 975 4274 preces
1012 4206 1350 4270 reddidisset,
1380 4223 1565 4262 rursus
1603 4209 1881 4278 egreditur
1910 4229 1922 4263 :
1956 4221 2004 4264 et
2037 4227 2160 4264 cum
2192 4217 2333 4264 esset

787 4310 1062 4366 egressus,
1120 4297 1365 4364 protinus
1418 4299 1744 4353 clauduntur
1796 4309 1982 4369 portae,
2038 4310 2089 4353 et
2150 4315 2336 4354 rursus

788 4389 1120 4442 convertitur
1173 4389 1226 4441 in
1259 4389 1595 4455 Centuriam,
1657 4400 1711 4445 et
1767 4393 2019 4444 convenit
2073 4390 2332 4456 quasdam

2437 1939 2609 2010 Οῖπερ
2640 1939 2715 2002 ὡς
2742 1939 2882 1994 εἶδον
2920 1943 3008 1995 τὸν
3038 1945 3212 2011 ἅγιον,
3252 1947 3314 1998 ἐκ
3345 1948 3563 2016 πρώτης
3597 1948 3889 2011 ἐντεύξεως
3907 1949 4000 2018 τῷ

2432 2031 2692 2101 ἀσυνήθει
2728 2035 2821 2084 καὶ
2866 2035 3161 2106 καταφόσῳ
3193 2037 3383 2090 τούτου
3410 2038 3506 2107 τῆς
3540 2040 3665 2102 θέας
3706 2041 3998 2093 καταπλατ-

2430 2119 2655 2187 γέντες,
2696 2121 2816 2174 οὐδὲ
2865 2123 3130 2177 πυθέσθαι
3184 2128 3328 2189 ὃςτις
3377 2121 3529 2191 οὗτος
3577 2130 3696 2199 εἴη,
3749 2131 3864 2183 οὐδὲ
3901 2133 3994 2192 εἰς

2430 2211 2626 2278 λόγους
2655 2213 2789 2274 ὅλως
2821 2214 2968 2284 αὐτῷ
2999 2213 3171 2268 ἐλθεῖν
3206 2217 3450 2287 ἴσχυσαν.
3479 2214 3588 2272 Ἦν
3634 2223 3741 2290 γὰρ
3785 2225 3811 2274 ό
3841 2223 3990 2293 ἀνὴρ

2432 2304 2632 2366 ἱκανῶς
2669 2304 2768 2372 μὲν
2795 2303 2932 2374 ἔχων
2969 2306 3258 2375 μεγέθους,
3287 2313 3668 2380 περικείμενος
3720 2313 3775 2365 δὲ
3815 2316 3988 2385 ῥάκη,

2428 2395 2522 2447 καὶ
2570 2397 2963 2463 γυμνοποδῶν,
3017 2399 3151 2461 ὅλως
3198 2418 3256 2452 τε
3309 2405 3621 2474 κατάκομος
3657 2410 3774 2470 ταῖς
3813 2408 3986 2477 θριξῖ,

2428 2487 2551 2548 τοὺς
2589 2486 2920 2558 βοστρύχους
2954 2491 3318 2559 περιττότατα
3364 2494 3712 2564 καθειμένος.
3764 2501 3824 2550 0i
3881 2501 3987 2569 μὲν

2428 2572 2519 2629 οῦν
2561 2576 2734 2638 οὕτως
2785 2578 2978 2646 ἔχοντα
3030 2580 3117 2634 τὸν
3161 2582 3314 2649 ἅγιον
3363 2585 3579 2648 ἰδόντες,
3607 2587 3775 2658 δειλία
3804 2593 3987 2642 συνεί-

2428 2683 2600 2734 χοντο.
2647 2665 2704 2720 Ὀ
2737 2667 2792 2719 δὲ
2845 2670 3046 2741 πραεῖα
3077 2672 3300 2735 τούτους
3347 2677 3439 2727 καὶ
3491 2678 3681 2748 ἡμέρῳ
3735 2667 3797 2750 τῇ
3827 2687 3982 2753 φωνῇ

2429 2754 2651 2828 θαρρεῖν
2681 2760 2923 2824 ἐκέλευε,
2973 2762 3065 2815 καὶ
3111 2762 3211 2832 τῆς
3257 2764 3460 2830 δειλίας
3502 2770 3714 2841 ἐκείνης
3743 2773 3985 2843 ἀνελαμ-

2431 2848 2558 2900 6ανέ
2589 2864 2646 2900 τε
2681 2851 2774 2901 καὶ
2802 2853 3088 2908 ἀνεκτᾶτο.
3116 2850 3247 2908 Εἶτα
3276 2858 3366 2910 καὶ
3392 2859 3518 2911 ποία
3542 2863 3650 2914 τῶν
3671 2865 3803 2917 όδῶν
3836 2870 3985 2919 ἐστιν

2426 2943 2458 3009 ἡ
2489 2943 2620 3010 πρὸς
2658 2943 2716 2994 τὸ
2764 2942 2896 2997 εὐθὺ
2942 2945 3182 3015 φέρουσα
3210 2986 3224 3011 ,
3259 2948 3518 3020 διηρώτα.
3551 2954 3612 3005 Οἱ
3643 2956 3698 3007 δὲ
3737 2963 3984 3026 ποταμὸν

2427 3029 2571 3100 αὐτῷ
2600 3033 2692 3084 ἐπὶ
2732 3034 2797 3086 τὰ
2832 3036 3020 3104 πρόσω
3053 3039 3169 3106 ῥεῖν
3202 3039 3408 3111 ἔφησαν
3430 3082 3444 3106 ,
3481 3044 3557 3114 μὴ
3606 3048 3807 3117 εὐχερῆ
3845 3050 3983 3117 μηδὲ

2425 3124 2616 3193 ῥᾳδίαν
2661 3125 2855 3195 ἔχοντα
2903 3127 3005 3197 τὴν
3054 3132 3374 3200 περαίωσιν,
3417 3137 3509 3187 καὶ
3551 3138 3786 3204 μάλιστα
3819 3145 3878 3193 τό
3915 3161 3982 3210 γε

2428 3216 2522 3269 νῦν
2569 3218 2713 3287 ἕχον,
2772 3219 2994 3288 ὗμσρων
3053 3222 3202 3293 αὑτῴ
3230 3226 3502 3280 τοσούτων
3549 3230 3925 3300 ἐπιρῤυὲντων
3963 3254 3977 3266 ·

2423 3309 2581 3379 ἔτυχε
2639 3313 2746 3381 γὰρ
2797 3313 2920 3365 κατ’
2953 3315 3132 3368 ἐκεῖνο
3164 3317 3265 3385 τῆς
3311 3317 3460 3388 ὥρας
3502 3317 3630 3376 ὗσαι
3679 3326 3977 3394 ραγδαίως,

2424 3402 2718 3455 κάντεῦθεν
2761 3404 3166 3476 πλημμυρῆσαι
3209 3408 3302 3462 τὸν
3345 3413 3610 3482 ποταμόν.
3645 3416 3828 3471 Ταῦτα
3874 3421 3979 3490 μὲν

2423 3490 2514 3544 οῦν
2543 3495 2741 3547 ἐκεῖνοι
2764 3510 2776 3522 ·
2809 3497 2836 3547 ό
2866 3495 2920 3547 δὲ
2966 3499 3095 3566 περὶ
3129 3497 3300 3567 μέσας
3333 3499 3532 3566 νύκτας
3570 3504 3855 3570 διαναστὰς
3907 3510 3979 3577 (ὦ

2426 3585 2598 3637 ποδῶν
2619 3586 2866 3654 ὠραίωνῐ
2896 3587 3272 3662 ὣθαυμαστῆς
3295 3593 3504 3664 ἐκείνης
3529 3597 3755 3668 πορείας
3781 3599 3821 3668 i)
3857 3603 3978 3655 ἐπι-

2423 3676 2600 3730 δαίνει
2628 3677 2872 3748 ἁϐρόχως
2908 3681 2985 3750 τῷ
3018 3679 3193 3748 ὕδατι,
3239 3686 3333 3737 καὶ
3385 3686 3463 3749 εἰς
3515 3686 3616 3757 τὴν
3671 3690 3975 3761 ἀντιπέρας

2423 3765 2648 3834 ἧπειρον
2689 3768 2978 3822 διαϐαίνει.

2496 3856 2590 3908 Μ’.
2640 3857 2879 3913 Ἐκεῖθεν
2928 3861 2983 3914 δὲ
3052 3864 3112 3916 ἐν
3185 3866 3389 3936 Ἐφέσῳ
3453 3870 3577 3925 ναὸν
3624 3873 3718 3927 τοῦ
3753 3876 3973 3946 ἀγαπη-

2423 3949 2515 4001 τοῦ
2550 3949 2626 4019 τῷ
2650 3950 2950 4023 διδασκάλῳ
2977 3954 3200 4026 Χριστῷ
3232 3961 3481 4030 μαθητοῦ
3539 3967 3973 4038 καταλαμϐάνει,

2423 4041 2515 4092 καὶ
2551 4042 2726 4110 τούτῳ
2755 4044 3075 4113 αὐτομάτως
3104 4051 3158 4100 αι
3190 4051 3283 4102 τοῦ
3320 4055 3422 4105 νεὼ
3443 4055 3753 4123 ἀνοίγονται
3783 4061 3972 4115 πύλαι.

2423 4133 2529 4184 Καὶ
2557 4133 2616 4195 ὃς
2662 4136 2794 4186 εῖσω
2843 4137 3154 4206 γενόμενος,
3217 4143 3310 4194 καὶ
3353 4146 3451 4206 τὰς
3482 4147 3644 4215 εὐχὰς
3683 4150 3848 4202 αὑτοῦ
3894 4152 3974 4221 τῷ

2419 4222 2609 4290 Κυρίῳ
2667 4224 2971 4291 ἀποδιδοὺς,
3035 4227 3235 4293 ἔξεισιν
3296 4227 3451 4295 αὖθις
3491 4251 3503 4264 ³
3551 4237 3645 4289 καὶ
3686 4239 3827 4305 μετὰ
3874 4242 3972 4311 τὴν

2422 4311 2717 4378 ἐξέλευσιν,
2751 4318 2804 4366 αἱ
2841 4316 3005 4370 πύλαι
3042 4319 3200 4383 εὐθὺς
3253 4323 3641 4393 ἐπικλείονται,
3693 4332 3787 4382 καὶ
3826 4332 3972 4384 οὕτω

2419 4407 2517 4472 τῆς
2548 4405 2640 4455 ἐπὶ
2673 4406 3006 4474 Κοντουρίαν
3033 4408 3262 4462 ἅπτεται
3297 4412 3458 4466 πάλιν
3484 4430 3498 4443 °
3537 4417 3629 4468 καί
3666 4435 3773 4470 τισι
3806 4436 3970 4486 μονα.

791 4479 1106 4544 monacbas,
1137 4489 1383 4543 matrem,
1428 4479 1669 4548 inquam,
1726 4496 1844 4535 eum
1912 4481 2037 4534 lilia.
2098 4479 2395 4560 QuarumD
2425 4492 2460 4552 ςη

2296 4494 2395 4560 MD
2425 4492 2645 4554 ζούσαις
2673 4495 3010 4562 ἐντυγχάνει,
3051 4499 3236 4568 μητρὶ,
3267 4500 3439 4569 φημὶ,
3477 4504 3614 4571 μετὰ
3649 4479 3965 4574 θυγατρίου,

787 4571 892 4625 lilia
924 4571 1140 4640 quidem
1166 4571 1277 4640 jam
1308 4579 1425 4627 erat
1477 4571 1685 4628 defessa
1744 4572 2002 4627 libidine:
2039 4583 2209 4624 mater
2239 4587 2338 4625 au-

788 4672 891 4716 tem
923 4663 1175 4717 studebat
1237 4663 1691 4718 admonitionibus
1749 4672 1927 4716 motus
1979 4663 2095 4732 ejus
2163 4662 2342 4718 carnis

786 4754 1163 4820 comprimere.
1226 4753 1358 4808 Cum
1419 4753 1471 4808 in
1526 4769 1618 4807 eas
1663 4755 1942 4810 incidisset
1997 4761 2234 4814 sanctus,
2289 4761 2343 4808 et

777 4841 998 4901 propter
1034 4832 1232 4902 puella:
1288 4832 1480 4886 vitium
1521 4841 1667 4886 esset
1713 4832 1893 4885 animo
1949 4835 2320 4902 perturbatus,

776 4925 948 4991 puella
975 4923 1040 4976 ad
1072 4938 1130 4978 se
1160 4936 1367 4987 vocata,
1419 4925 1573 4993 jubet
1601 4939 1718 4977 eam
1758 4939 1974 4978 manum
2006 4941 2156 4979 suam
2185 4930 2324 4983 collo

777 5011 919 5065 illius
945 5013 1244 5078 imponere.
1280 5012 1433 5080 Quod
1473 5013 1688 5081 quidem
1726 5027 1849 5066 cum
1893 5013 2091 5068 factum
2136 5016 2326 5072 fuisset

779 5113 832 5156 ut
859 5105 1116 5172 jusserat,
1150 5103 1360 5172 rogavit
1421 5113 1478 5154 ut
1535 5103 1710 5172 puella
1746 5104 1962 5172 quidem
2001 5105 2322 5161 liberaretur

777 5211 803 5245 a
836 5194 997 5257 malo,
1053 5194 1196 5263 quod
1236 5209 1351 5246 eam
1412 5195 1659 5259 vexabat,
1703 5197 1754 5248 in
1818 5211 1876 5249 se
1922 5205 2104 5250 autem
2160 5214 2321 5266 grave

779 5286 907 5339 illud
941 5288 1142 5339 malum
1173 5286 1456 5340 recideret.
1501 5288 1676 5355 Atque
1729 5288 1814 5340 illa
1839 5288 2053 5357 quidem
2095 5289 2321 5344 liberata

776 5390 803 5424 a
834 5374 973 5427 bello
996 5375 1194 5434 carnis,
1252 5375 1428 5428 ordini
1484 5376 1869 5428 monaebarum
1905 5392 1982 5438 se,
2026 5388 2083 5430 ut
2146 5377 2318 5443 prius,

777 5466 1035 5518 restituit.
1067 5466 1121 5520 In
1186 5476 1430 5520 sanetum
1479 5475 1659 5521 autem
1721 5483 1879 5535 grave
1937 5468 2065 5520 illud
2119 5467 2317 5522 bellum

775 5557 1128 5610 excitabatur.
1161 5556 1294 5611 Cum
1334 5570 1513 5610 autem
1557 5545 2087 5625 intelligeretturpes
2123 5562 2321 5627 cogita—

781 5645 953 5699 tiones
980 5663 1103 5700 eum
1137 5650 1202 5700 ad
1238 5649 1373 5702 facta
1410 5665 1517 5703 non
1564 5652 1786 5702 honesta
1832 5650 2126 5717 impellere,
2171 5652 2319 5705 inve-

777 5739 856 5790 nit
890 5740 1173 5793 draconem
1201 5743 1487 5810 quemdam
1529 5758 1594 5794 ex
1618 5743 1959 5810 serpentibus
1986 5747 2033 5793 in
2065 5744 2313 5811 quadam,

2421 4585 2486 4651 τῇ
2561 4585 2658 4652 μὲν
2720 4587 3052 4657 ἀπειρηκυίᾳ
3114 4589 3212 4659 ήδη
3288 4593 3423 4659 πρὸς
3484 4595 3582 4657 τὰς
3636 4596 3967 4660 ἀκολάστους

2421 4671 2592 4738 ὁρμὰς
2617 4711 2632 4735 ,
2658 4675 2721 4740 τῇ
2757 4676 2922 4742 μητρὶ
2953 4674 3008 4724 δὲ
3053 4675 3139 4727 διὰ
3173 4680 3543 4746 παραινέσεως
3571 4682 3869 4752 σπευδούσῃ
3899 4686 3970 4737 τὰ

2422 4758 2520 4826 τῆς
2552 4764 2747 4827 σαρκὸς
2779 4763 2914 4831 αὐτῇ
2949 4765 3221 4834 κινήματα
3267 4769 3670 4823 καταστέλλειν.
3729 4771 3967 4834 Ταύταις

2422 4841 2514 4898 οὖν
2544 4849 2571 4898 ό
2598 4846 2747 4912 ἅγιος
2780 4851 3042 4918 ἐντυχὼν,
3073 4855 3167 4905 καί
3193 4871 3243 4906 τι
3269 4857 3362 4908 καὶ
3396 4859 3529 4928 πρὸς
3568 4859 3627 4911 τὸ
3661 4860 3831 4924 πάθος
3868 4864 3967 4933 τῆς

2423 4936 2590 5004 κόρης
2639 4937 2822 4987 παθὼν
2873 4942 2971 5010 τὴν
3022 4943 3221 5012 ψυχὴν,
3268 4949 3368 5014 τὴν
3413 4949 3576 5000 παῖδα
3608 4951 3740 5020 πρὸς
3774 4953 3968 5006 ἐαυτὸν

2425 5024 2678 5085 καλέσας,
2727 5024 2996 5080 ἐπιθεῖναι
3052 5030 3128 5098 τῷ
3175 5033 3382 5084 ἐκείνου
3444 5037 3628 5103 αὐχένι
3670 5039 3766 5109 τὴν
3798 5043 3968 5112 αὐτῆς

2424 5117 2790 5182 προτρέπεται
2821 5120 2999 5187 χεῖρα.
3040 5123 3104 5173 Ὃ
3131 5122 3192 5192 δὴ
3221 5127 3315 5176 καὶ
3342 5126 3414 5187 ὡς
3441 5129 3692 5183 ἐκέλευσε
3723 5136 3965 5201 γεγονὶς,

2421 5205 2797 5274 ἀπαλλαγῆναι
2831 5208 2930 5275 μὲν
2964 5208 3161 5277 ηὔχετο
3185 5215 3278 5280 τὴν
3314 5215 3476 5285 κόρην
3498 5219 3589 5270 τοῦ
3620 5221 3965 5288 ἐνοχλοῦντος

2422 5295 2612 5356 κακοῦ,
2649 5296 2795 5365 αὐτῷ
2825 5298 2880 5349 δὲ
2909 5300 2968 5350 τὸ
2998 5301 3170 5352 δεινὸν
3202 5305 3376 5356 ἐ.κεῖνο
3406 5309 3712 5362 ἐπιπεσεῖν.
3761 5313 3824 5363 'H
3856 5314 3955 5380 μὲν

2422 5383 2533 5446 οὖν,
2561 5385 2653 5435 τοῦ
2683 5388 2777 5454 τῆς
2817 5392 3016 5454 σαρκὸς
3056 5394 3289 5460 πολέμου
3325 5396 3723 5465 ἀπαλλαγεῖσα,
3755 5402 3828 5469 τῷ
3858 5406 3964 5455 τῶν

2425 5475 2769 5540 μοναζουσῶν
2801 5479 3062 5548 τάγματι,
3096 5484 3238 5535 καθα
3266 5487 3328 5554 δὴ
3368 5488 3458 5538 καὶ
3494 5492 3756 5561 πρότερον
3796 5489 3962 5563 εἶχεν,

2421 5566 2617 5632 ἑαυτὴν
2679 5570 3000 5622 ἀποδίδωσισ
3062 5573 3137 5641 τῷ
3194 5576 3333 5644 ἁγίῳ
3369 5579 3424 5628 δὲ
3480 5585 3506 5631 ὁ
3559 5581 3727 5645 δεινὸς
3759 5586 3965 5657 ἐκεῖνος

2421 5658 2744 5729 ἀπιτηνείρετο
2785 5661 3037 5730 πόλεμος.
3073 5665 3256 5727 Συνεὶς
3284 5666 3374 5720 οῦν
3402 5667 3694 5738 λογισμοὺς
3730 5677 3963 5740 ἀτόπους

2421 5746 2510 5794 ἐπὶ
2577 5745 2800 5814 πράξεις
2861 5748 3023 5802 αὑτὸν
3077 5752 3169 5814 τὰς
3212 5754 3270 5804 οὺ
3330 5756 3492 5818 καλὰς
3547 5761 3956 5826 συνωθοῦντας,
