4226 6418
211 400 293 462 49
1271 406 1448 465 VITA
1489 405 1551 464 S.
1592 396 1980 463 JOANNICII
2019 399 2357 459 AB-BATIS.
3389 387 3457 457 50

211 511 499 579 δρακοντά
534 528 652 563 τινα
686 512 791 564 τῶν
838 512 1190 581 έρπυστικῶν
1226 514 1283 565 έν
1314 531 1421 587 τινι
1448 514 1559 567 τῶν
1595 512 1773 565 ἐκεῖσε
1804 511 1849 565 Α
1878 538 1880 550 ‹

1804 511 1849 565 Α
1878 523 1997 576 quae
2026 510 2137 563 illic
2171 520 2310 569 erat,
2343 508 2619 576 spelunca,
2650 514 2703 558 et
2737 503 2974 573 scipsunt
3015 501 3193 555 statim
3249 503 3448 568 prrebet

214 602 507 671 σπηλαίων
545 604 819 669 εὑρίσκει,
856 604 951 656 καὶ
990 604 1166 673 τούτῳ
1214 604 1553 673 κατὰδρωμα
1594 602 1787 655 ἑαυτὸν

222 694 392 756 εὐθὺς
440 694 771 763 ὲμπαρὲχει,
834 697 967 763 πρὸς
1025 693 1147 761 βίαν
1206 692 1643 761 παρασκευάζων
1697 690 1791 743 καὶ

208 786 420 839 ἄκοντα
468 784 561 836 τοῦ
591 784 857 854 σώματος,
880 782 1047 837 αὐτοῦ
1080 783 1343 852 ἅψασθαι.
1381 782 1648 837 Τεθνάναι
1678 781 1789 849 γὰρ

216 876 427 944 μᾶλλον
472 876 659 944 ᾑρεῖτο
704 874 737 944 ἦ
785 874 847 927 τὸ
891 873 993 942 τῆς
1029 874 1212 943 ψυχῆς
1264 874 1488 941 εὐγενὲς
1539 875 1654 934 τοῖς
1692 871 1789 940 τῆς

217 964 428 1033 σαρκὸς
456 965 723 1033 θελήμασι
763 964 1122 1032 δουλωθῆναι.
1170 964 1229 1016 ὐ
1266 964 1362 1033 μὲν
1401 960 1494 1016 οῦν
1548 963 1623 1031 τῷ
1665 962 1792 1031 δρά-

214 1074 371 1110 κοντι
407 1057 605 1110 ἑαυτὴν
638 1058 1004 1125 έμπαρείχενο
1048 1058 1095 1109 οί
1133 1058 1363 1125 πονηροὶ
1410 1055 1466 1109 δέ
1514 1054 1786 1122 λογισμοὶ,

214 1150 287 1201 τὰ
323 1148 421 1202 τοῦ
455 1148 647 1219 νοητοῦ
678 1148 971 1216 δράκοντος
1003 1149 1323 1216 σπέρματα,
1353 1147 1517 1209 εὐθὺς
1539 1145 1788 1215 ὰπηλάτι

212 1254 399 1300 τοντο,
432 1238 529 1290 καὶ
573 1240 682 1291 πᾶν
708 1236 762 1289 εί
789 1255 841 1289 τι
867 1236 1083 1306 θέλημα
1110 1237 1311 1305 σαρκὸς
1342 1234 1578 1304 ἠνώχλει
1619 1234 1685 1287 αὑ
1704 1232 1789 1300 τῷ,

214 1328 313 1379 καὶ
343 1325 502 1389 τοῦτο
535 1320 648 1378 οἷον
683 1324 1014 1395 ἐμαραίνετὸ
1068 1340 1126 1376 τε
1172 1325 1265 1377 καὶ
1313 1320 1597 1392 ὲνεκροῦτο
1620 1340 1633 1356 ο
1668 1340 1789 1373 συν-

214 1433 322 1467 at:
361 1414 585 1484 εκροῦτο
631 1414 690 1467 δὲ
724 1415 817 1467 καὶ
870 1415 1001 1467 αὐτὸ
1052 1414 1113 1466 τὸ
1165 1413 1305 1477 ζῶον
1343 1414 1564 1474 αὐτίκα,
1599 1416 1692 1464 καὶ
1726 1411 1784 1462 τό

223 1507 321 1555 ἀπ’
356 1507 571 1557 ἐκείνου
606 1507 637 1574 ἡ
672 1507 816 1557 κατά
853 1506 1127 1557 παντοίων
1158 1504 1341 1573 θηρῶν
1371 1505 1585 1573 ὁρατῶν
1620 1520 1673 1555 τε
1696 1503 1788 1554 καὶ

217 1596 467 1663 ἀοράτων
498 1595 731 1665 δύναμις
768 1596 1061 1663 παρείχετο
1090 1595 1167 1665 τῷ
1202 1599 1507 1667 ἀγωνιστῇ.

293 1771 390 1823 ΙΕ.
462 1772 682 1824 ’Δλλοτε
733 1773 840 1840 γάρ
897 1776 923 1826 δ
976 1775 1077 1842 μὶν
1126 1776 1248 1837 τοὺς
1307 1774 1399 1827 τοῦ
1446 1774 1607 1828 Δαυτδ
1639 1775 1794 1846 ἐπῄει

214 1864 283 1929 τῇ
321 1863 510 1931 μνήμῃ
551 1838 820 1931 duino-5;"
844 1838 1042 1933 σωρεία
1066 1866 1123 1920 δέ
1154 1883 1235 1929 τις
1262 1866 1426 1919 λίθων
1459 1838 1789 1931 ὑπεκινεῖτπο,
1830 1838 1869 1896 Β

1009 1883 1042 1917 α
1066 1866 1123 1920 δέ
1154 1883 1235 1929 τις
1262 1866 1426 1919 λίθων
1459 1869 1789 1931 ὑπεκινεῖτο,
1830 1838 1869 1896 Β
1900 1873 2018 1912 tuos
2053 1859 2267 1913 diccbat
2314 1862 2538 1913 memori
2569 1879 2630 1913 er
2668 1879 2678 1913 :

215 1951 315 2005 καὶ
345 1955 471 2016 τοὺς
501 1954 595 2006 τοῦ
629 1954 786 2022 ἁγίου
815 1957 1126 2027 ὀφθαλμοὺς
1157 1960 1242 2025 έφ’
1269 1959 1467 2023 ἑαυτὴν
1491 1960 1789 2013 ἐπεσπᾶτο.

221 2042 389 2111 Ὄφιν
446 2043 539 2097 οῦν
595 2062 719 2098 τινα
773 2048 1106 2117 φοινικοειδῆ
1155 2050 1413 2119 μέγιστον
1476 2052 1538 2103 ὲκ
1586 2050 1790 2118 ταύτης

219 2135 661 2203 ὑποφαινὸμενον
711 2137 858 2201 ἰδὼν,
894 2139 989 2191 καὶ
1103 2142 1243 2192 κατᾶ
1274 2143 1431 2209 χεῖρα.
1460 2136 1574 2210 εἶχε
1608 2140 1790 2209 ῥάϐδῳ

220 2225 439 2291 πλήξας
476 2226 671 2289 αὐτὸν,
706 2227 911 2279 ἄπνουν
960 2227 1024 2293 ἐξ
1082 2229 1253 2298 αὐτῆς
1287 2229 1527 2283 δεικνύει
1574 2230 1786 2292 νεκρόν.

218 2309 361 2368 Εἶτα
417 2316 510 2366 καὶ
541 2311 697 2377 αὖθις
735 2318 1003 2386 χειμῶνος
1055 2318 1176 2388 ὥρᾳ
1220 2320 1246 2370 ὁ
1297 2320 1397 2387 μὲν
1440 2320 1690 2386 ὑπόγειον
1737 2338 1789 2372 τι

219 2405 495 2471 σπήλαιον
553 2406 850 2475 ὑπέρχεται
910 2408 1005 2461 καὶ
1061 2410 1335 2462 σκοτεινόν
1378 2425 1393 2441 ⁶
1456 2410 1533 2478 τῷ
1568 2411 1623 2463 δὲ
1683 2412 1788 2480 ἄρα

218 2494 444 2564 δράκων
476 2497 692 2565 ἐνῴκει,
729 2500 830 2553 ὅσα
864 2503 960 2553 καὶ
989 2500 1182 2569 φωλεῷ
1228 2502 1308 2570 τῷ
1351 2503 1601 2571 σπηλαίῳ
1644 2503 1788 2572 χρώ-

224 2602 415 2652 μενος.
480 2588 839 2657 ’Υπέλαμπον
869 2589 961 2642 οὖν
990 2594 1039 2643 οἱ
1072 2591 1166 2644 τοῦ
1184 2593 1476 2662 δράκοντοξ
1499 2592 1786 2661 ὀφθαλμοὶ,

224 2679 325 2728 καὶ
358 2677 437 2744 τῷ
478 2679 736 2747 μακαρίῳ
768 2681 945 2742 τούτῳ
992 2682 1165 2750 lla.th
1227 2684 1337 2753 πῦρ
1393 2685 1566 2736 ἐδόκει
1604 2686 1736 2754 ὀρᾷν
1775 2704 1786 2715 ο

222 2766 352 2817 οὐδὲ
386 2767 497 2836 γὰρ
526 2768 589 2818 ἂν
622 2784 755 2819 ποτε
792 2770 898 2838 πρὸ
929 2770 1029 2837 τῆς
1071 2771 1268 2840 πείρας
1319 2773 1471 2842 ᾠήθη
1518 2774 1790 2841 δράκοντα

219 2859 302 2923 τῷ
364 2858 615 2927 σπηλαίῳ
651 2859 876 2912 ἐνεῖναι.
932 2861 1046 2929 Πῦρ
1080 2861 1263 2914 τοίνυν
1318 2863 1651 2917 ἀνάπτεσθαι
1699 2862 1791 2917 τεῦ

227 2946 502 3016 σπηλαίου
536 2949 732 3012 δοκῶν,
764 2951 896 3015 ξύλα
923 2968 982 3003 τε
1017 2953 1360 3019 συνελέξατο,
1399 2955 1631 3017 καὶτοῖς
1665 2956 1792 3025 δρά·

228 3056 421 3099 κοντος
452 3041 636 3107 φέρων
657 3039 958 3117 ὀφθαλμοῖς
987 3042 1256 3107 ἐπετίθει,
1284 3043 1568 3112 ὐπανάψαι
1619 3044 1792 3097 ταῦτα

1893 598 1962 652 ab
1995 614 2060 652 eo
2100 598 2465 658 exedendum,
2514 598 2597 651 vel
2650 612 2746 665 per
2798 594 2906 646 vim
2961 608 3158 659 cvgens
3223 591 3452 644 invitum

1893 689 2011 757 ejus
2058 703 2258 756 corpus
2293 699 2534 757 tangere.
2591 687 2822 741 Malebat
2877 685 3023 738 enim
3076 683 3234 745 mori,
3289 698 3452 751 quant

1902 779 2066 831 animi
2103 778 2185 832 sui
2211 778 2551 831 nobilitatem
2581 776 2845 830 voluntati
2880 775 3058 829 carnis
3094 787 3211 838 esse
3252 775 3456 826 manci-

1894 882 2094 940 patam.
2142 873 2315 939 Atque
2373 871 2459 923 ille
2520 868 2742 939 quidem
2790 884 2845 921 se
2904 865 3137 935 przebuit
3192 865 3453 918 draconi:

1894 962 2045 1015 mala:
2082 973 2260 1015 autem
2284 962 2659 1029 coaitatiuues,
2688 974 2807 1027 quae
2848 968 2976 1011 sunt
3028 960 3235 1011 semina
3270 956 3457 1010 draco-

1892 1051 1996 1113 nis,
2040 1051 2130 1119 qui
2169 1052 2312 1104 cadit
2346 1051 2397 1103 in
2434 1049 2870 1119 intelligentiam,
2925 1048 3170 1116 protinus
3218 1060 3458 1100 recesse-

1894 1153 2055 1197 runt:
2094 1152 2147 1197 et
2178 1144 2220 1197 si
2255 1160 2359 1211 qua
2395 1143 2641 1195 \oluntas
2664 1140 2845 1194 carnis
2892 1140 2941 1193 ei
2989 1138 3283 1193 exhibebat
3344 1154 3457 1190 mo-

1892 1234 2126 1295 lestiam,
2156 1252 2219 1287 ea
2248 1232 2652 1303 quodammodo
2687 1242 2795 1286 tota
2820 1232 3177 1287 ﬂaccescebat
3204 1240 3452 1283 ettnorte

1892 1321 2249 1373 alliciebatnr.
2288 1321 2461 1374 Simul
2491 1336 2669 1375 autem
2706 1331 2879 1375 morte
2931 1336 3149 1390 quoque
3201 1320 3456 1373 allectum

1896 1408 1997 1460 fuit
2024 1409 2205 1460 statim
2240 1408 2412 1477 ipsum
2443 1410 2639 1463 animal
2682 1420 2737 1462 ct
2766 1410 2963 1464 exhinc
3004 1410 3266 1463 adversus
3299 1425 3457 1461 omne

1897 1516 2069 1568 genus
2140 1500 2302 1559 feras,
2350 1511 2458 1553 tam
2528 1517 2646 1569 quae
2720 1502 2820 1554 sub
2876 1509 3157 1570 aspectum
3233 1501 3455 1557 eadunt.

1895 1604 2211 1658 quamqua:
2243 1606 2349 1643 non
2399 1590 2623 1654 cadunt,
2679 1589 2799 1643 data
2847 1598 2930 1645 est.
2990 1599 3227 1660 potestas
3272 1591 3459 1645 decer-

1898 1677 2080 1730 latori.

1969 1766 2082 1819 XV.
2120 1769 2424 1835 Aliquando
2459 1771 2603 1823 enim
2641 1772 2729 1824 illc
2772 1772 2991 1839 quidem
3041 1771 3257 1825 Davidis
3313 1773 3457 1839 psal-

2749 1862 3067 1915 movebatur
3118 1871 3297 1916 autem
3339 1863 3459 1930 qni-

1896 1949 2017 2002 dam
2050 1964 2276 2004 acervus
2314 1952 2575 2019 lapidum,
2606 1964 2661 2006 et
2706 1954 2877 2006 sancti
2936 1953 3003 2005 ad
3045 1968 3102 2006 se
3152 1953 3461 2006 attrahebat

1893 2040 2100 2093 oculos.
2127 2040 2260 2094 Cum
2292 2057 2420 2110 ergo
2462 2045 2751 2112 quemdam
2815 2045 3107 2098 maximum
3149 2053 3457 2113 serpentem

1894 2131 2109 2197 punicei
2140 2131 2339 2185 coloris
2362 2148 2426 2185 ex
2452 2148 2518 2186 eo
2551 2133 2775 2187 vidisset
2804 2144 3185 2201 apparentem,
3213 2144 3267 2187 et
3296 2150 3457 2203 quam

1892 2224 1945 2277 in
1973 2238 2133 2279 manu
2162 2223 2415 2289 habebat,
2446 2227 2590 2296 virga
2618 2243 2741 2281 euut
2798 2227 3177 2296 percussisset,
3208 2242 3334 2281 eum
3367 2228 3453 2281 ni-

1892 2315 1965 2369 hil
1994 2315 2289 2385 spirantem
2351 2317 2610 2382 reddidit,
2660 2331 2714 2372 et
2768 2327 2944 2373 morte
2975 2317 3180 2373 aﬂecit.
3251 2317 3459 2373 Deinde

1890 2418 2076 2457 rursus
2137 2419 2354 2475 quoque
2450 2418 2689 2477 tempore
2774 2407 3005 2463 hiberno
3072 2408 3161 2462 ille
3238 2408 3459 2475 quidem

1890 2493 2299 2549 subterraneam
2394 2497 2684 2565 quamdam
2772 2507 2827 2551 et
2916 2499 3202 2552 obscuram
3308 2490 3460 2552 Subit

1888 2584 2219 2651 Sptltitcml.
2275 2584 2328 2639 ln
2377 2603 2439 2639 ea
2505 2597 2686 2640 autem
2772 2587 3053 2641 habitabat
3119 2587 3296 2641 .draco
3333 2629 3347 2651 ,
3382 2598 3439 2641 ut

1895 2674 1989 2739 qui
2033 2676 2291 2751 spelunca
2321 2686 2567 2730 uteretur
2588 2691 2685 2745 pro
2715 2691 2969 2731 caverna.
3015 2676 3296 2732 anebant
3323 2692 3453 2731 vero

1894 2766 2151 2820 draconis
2181 2767 2347 2831 oculi,
2398 2776 2454 2821 et
2510 2767 2794 2822 videbatur
2826 2767 3019 2822 beatus
3057 2767 3214 2821 Pater
3283 2768 3460 2837 ignem

1896 2851 2121 2905 intueri.
2156 2853 2343 2920 Neque
2371 2854 2517 2908 enim
2550 2855 2863 2924 priusquam
2886 2863 3326 2925 etsetexpertus,
3364 2872 3463 2924 pu-

1897 2951 2065 2995 tasset
2094 2958 2330 3012 unquam
2368 2944 2663 2999 draconem
2713 2946 2889 3001 inesse
2917 2950 2968 3000 tn
2999 2947 3278 3016 spelunca.
3326 2946 3460 3002 Cum

1894 3046 2025 3101 ergo
2052 3033 2227 3087 visum
2260 3034 2361 3087 sibi
2391 3043 2537 3089 esset
2564 3036 2741 3105 ignem
2764 3038 2815 3089 in
2845 3036 3102 3105 spelunca
3132 3037 3461 3101 accendere,

224 3128 434 3181 ἐθέλων
466 3129 554 3181 διὰ
589 3130 647 3181 τὺ
679 3131 775 3196 τῆς
803 3130 953 3201 ὥρας
976 3134 1279 3203 χειμέριον.
1337 3133 1443 3185 Τοῦ
1478 3134 1533 3185 δὲ
1564 3135 1791 3186 ἀποσει-
1821 3165 1861 3222 C

1821 3165 1861 3222 Ο
1895 3122 2036 3192 ligna
2066 3124 2305 3193 collegit,
2331 3134 2384 3178 et
2408 3126 2663 3181 draconis
2690 3127 2863 3181 oculis
2905 3128 3188 3196 imposuit,
3250 3144 3314 3182 ea
3369 3145 3462 3181 v0-

224 3222 473 3288 σαμένου
500 3222 568 3273 ea
594 3220 881 3275 ἐντεθέντα
905 3266 918 3289 ,
976 3226 1153 3286 συνεὶς
1184 3227 1211 3276 ὁ
1257 3226 1447 3294 Πατὴρ
1479 3226 1560 3277 ὅτι
1597 3226 1787 3295 θηρίον

224 3310 339 3376 εἴη,
386 3312 539 3362 οὐδὲν
599 3310 824 3378 φαῦλον,
883 3312 1035 3365 οὐδὲν
1089 3313 1339 3379 ἀγεννὲς,
1392 3313 1598 3375 δειλίας
1635 3313 1790 3365 οὐδὲν

227 3400 459 3462 ἔπαυελ,
505 3401 642 3452 ἀλλά
685 3401 859 3470 βραχύ
902 3419 954 3454 τι
1002 3404 1369 3472 παρεκκλίνας
1400 3404 1457 3454 ὲν
1488 3404 1640 3473 δεξιᾷ
1697 3403 1789 3455 τοῦ

225 3492 541 3559 σπηλαίιιυ,
602 3495 817 3564 ἀπαθὴς
882 3495 1072 3548 κακῶν
1131 3496 1206 3564 τῷ
1256 3497 1509 3566 δράκοντι
1574 3495 1793 3566 συνδιῃο

226 3601 384 3641 ςατο.

306 3851 429 3917 ις’.
477 3850 635 3914 Ἔτος
680 3851 738 3903 δὲ
778 3851 880 3920 ήδη
930 3850 1239 3904 δωδέκατον
1271 3851 1370 3921 τῆς
1412 3853 1472 3905 έν
1506 3855 1572 3923 τῇ
1602 3853 1796 3922 ἐρήμῳ

225 3941 518 4010 ἄατριδῆς
576 3940 652 4009 τῷ
700 3940 795 3992 τοῦ
852 3940 988 3994 Θεοῦ
1046 3940 1322 4011 ἀνθρώπῳ
1384 3942 1578 4011 ὴνύιτο
1640 3958 1651 3973 ·
1701 3944 1798 3995 καὶ

228 4033 543 4101 πρόρρησις
564 4030 713 4100 αὐτῷ
736 4031 942 4086 ἄνωθεν
966 4032 1111 4102 ἥκει,
1132 4031 1345 4084 έκεῖθεν
1364 4031 1463 4099 μὲν
1480 4030 1795 4097 ἀναζεῦξαι,

228 4124 288 4174 ἐν
315 4123 372 4173 δὲ
398 4121 476 4188 τῷ
512 4121 731 4189 Ἐριστῇ
765 4122 1087 4191 καλουμένῳ
1115 4122 1439 4192 ἀσκητηρίῳ
1491 4123 1794 4189 σκηιῶσαι,

230 4210 327 4263 καὶ
354 4210 415 4261 τὸ
448 4210 556 4262 τῶν
584 4211 836 4280 μοναχῶν
868 4211 1198 4265 ἐνδύσασθαι
1234 4212 1421 4283 σχῆμα
1441 4228 1457 4244 ο
1489 4212 1643 4265 οῠπω
1683 4212 1794 4281 γὰρ

226 4297 297 4370 ἦν
326 4302 356 4351 δ
383 4300 634 4363 τοσοῦτος
670 4304 767 4370 τὴν
809 4302 1013 4373 ἀρετὴν
1053 4304 1113 4355 τὸ
1151 4303 1259 4355 τῶν
1308 4302 1558 4373 μοναχῶν
1596 4302 1799 4372 ἔνδυμα

1896 3213 2018 3266 lens
2055 3220 2355 3269 accendere
2417 3228 2640 3285 propter
2676 3228 2888 3287 tempus
2914 3218 3224 3273 hibernum.
3258 3218 3391 3274 Cum
3420 3222 3463 3273 is

1893 3316 2074 3358 autem
2100 3310 2429 3363 exettssissct
2458 3324 2543 3369 ea,
2568 3325 2688 3377 qua:
2722 3310 2937 3365 fuerant
2981 3310 3254 3378 imposita,
3304 3312 3462 3365 intel-

1894 3392 2071 3461 ligens
2101 3394 2257 3449 Pater
2283 3411 2400 3451 esse
2427 3397 2674 3461 bestiam,
2705 3414 2810 3451 non
2847 3398 2955 3452 fuit
2982 3398 3177 3467 ignavo
3234 3401 3460 3453 nec‘ab-

1889 3488 2035 3555 jeeto
2059 3487 2259 3549 animo,
2295 3503 2392 3541 nec
2425 3488 2532 3541 ullo
2576 3490 2767 3542 timore
2790 3499 2874 3543 est
2904 3489 3155 3553 allectus,
3184 3490 3275 3544 sed
3334 3506 3459 3558 pau-

1898 3576 2067 3628 lulum
2118 3576 2398 3631 declinans
2449 3578 2512 3631 ad
2565 3580 2842 3632 dexteram
2898 3581 3194 3648 spelunca),
3253 3583 3462 3636 nullum

1901 3666 2099 3720 malum
2166 3684 2377 3736 passus,
2433 3670 2749 3725 versabatur
2800 3670 2959 3725 simul
3029 3687 3152 3726 cum
3211 3673 3464 3727 daemone

1897 3757 1976 3826 ll.
2016 3760 2305 3830 dracone].

1967 3850 2098 3903 XVI.
2130 3852 2403 3920 Agebatur
2429 3870 2554 3910 vero
2598 3858 2703 3927 jam
2760 3856 3119 3912 duodecimus
3162 3871 3357 3922 annus,
3395 3873 3463 3913 ex

1897 3955 2007 4008 quo
2039 3944 2354 3997 morabatur
2380 3945 2432 3998 in
2458 3947 2756 4002 solitudine
2792 3950 2954 4001 homo
2994 3948 3086 4001 Dei
3124 3966 3136 4002 :
3192 3950 3339 4003 venit
3368 3965 3464 4003 au-

1899 4040 2006 4097 tem
2046 4033 2111 4085 ad
2149 4050 2273 4087 eum
2303 4054 2330 4088 a
2363 4038 2575 4105 superis
2623 4041 2925 4108 praedictio,
2957 4050 3015 4095 ut
3045 4040 3193 4095 illinc
3239 4040 3461 4110 quidem

1896 4122 2177 4191 migraret,
2201 4126 2470 4181 habitaret
2492 4137 2672 4182 autem
2714 4132 2766 4183 in
2798 4140 3153 4195 monasterio,
3185 4134 3461 4201 quod‘vo-

1897 4226 2055 4267 catur
2113 4216 2310 4279 Eriste,
2366 4229 2421 4271 et
2454 4219 2699 4273 habitum
2757 4221 3039 4276 induceret
3071 4223 3457 4277 monasticult.

1896 4305 2029 4359 Nam
2061 4321 2184 4360 cum
2218 4317 2363 4362 tanta
2395 4304 2538 4362 esset
2568 4314 2787 4375 virtute,
2835 4312 3313 4367 nondumvestem
3365 4315 3454 4368 in-

228 4390 612 4458 πιριθέμενος,
648 4392 761 4443 ἀλλ’
786 4392 866 4445 ἔτι
892 4393 1001 4443 τῶν
1028 4393 1281 4461 μεγάλων
1309 4392 1537 4459 ἀγώνων
1574 4390 1669 4444 τοῦ
1705 4411 1802 4459 μο-

1792 4425 1802 4437 -
1900 4398 2095 4452 duerat
2122 4401 2495 4464 monasticam,
2541 4404 2633 4457 sed
2675 4404 2855 4457 adhuc
2915 4420 3231 4475 magnorum
3272 4422 3461 4461 mona-

229 4480 460 4549 ναχικοῦ
490 4482 771 4550 σχήματος
797 4484 867 4535 τὰ
900 4482 1167 4552 εἰρημένα
1190 4478 1259 4553 ἦν
1290 4484 1792 4553 προγυμνάσματα.
1828 4500 1873 4557 υ

1786 4524 1792 4539 .
1828 4500 1873 4557 υ
1899 4486 2020 4539 stici
2041 4486 2260 4541 habitus
2291 4491 2650 4545 certaminum
2679 4502 2832 4546 erant
2868 4509 2951 4556 ea,
2987 4510 3106 4563 quae
3128 4494 3275 4549 dicta
3306 4505 3455 4559 sunt,

235 4573 445 4643 Θέρους
477 4576 656 4627 τοίνυν
706 4576 768 4627 τὸ
800 4576 1113 4647 προρρηθὲν
1146 4577 1483 4647 ἀσκητήριον
1514 4579 1794 4647 καταλαμ-

236 4665 412 4732 ϐάνει,
443 4668 536 4720 καὶ
566 4666 636 4719 τά
658 4667 756 4735 τῆς
779 4669 1176 4738 ἀποκαλύψεως
1209 4670 1467 4740 Στεφάνῳ
1491 4670 1567 4739 τῷ
1594 4670 1700 4724 τῶν
1737 4672 1794 4722 ὲν

237 4754 385 4823 αὖτῷ
439 4755 690 4824 μοναχῶν
743 4757 1117 4825 ἀφηγουμένῳ
1165 4754 1439 4809 πιστεύει.
1512 4754 1673 4808 Ὀλδὶ
1724 4758 1795 4824 τῇ

233 4847 522 4917 ὑστεραίᾳ,
571 4846 737 4915 μηδὲν
799 4847 1069 4916 μελλήσας
1099 4886 1113 4911 ,
1179 4847 1343 4917 εὑχάς
1405 4864 1467 4901 τι
1512 4846 1661 4917 αὐτῷ
1704 4849 1796 4899 καὶ

237 4937 546 5005 ἱερολογίας
573 4940 670 4999 τὰς
704 4938 958 5007 συνήθεις
1004 4938 1269 5005 ἐπιλέγει,
1311 4938 1406 4991 καὶ
1451 4938 1645 5008 στολὴν
1694 4940 1794 5008 τὴν

236 5027 539 5096 μοναχικὴν
577 5030 925 5096 ἀμφιέννυσι.
964 5030 1041 5080 Τὸ
1072 5028 1316 5081 τοιοῦτον
1348 5028 1641 5097 τοιγαροῦν
1688 5030 1796 5082 τῶν

238 5116 584 5185 μοναζόντων
620 5118 803 5189 σχῆμα
835 5121 985 5183 nec;
1031 5120 1058 5171 δ
1104 5120 1353 5189 μονάζων
1405 5121 1500 5171 καὶ
1551 5120 1655 5188 πρδ
1702 5118 1795 5171 τοῦ

238 5210 526 5276 σχήματος
558 5208 591 5275 ἢ
622 5210 716 5261 καὶ
754 5210 897 5278 ὑπὲρ
945 5210 1283 5279 μονάζοντας
1330 5209 1426 5274 ῶν,
1476 5209 1551 5271 ὡς
1598 5209 1793 5273 εἰπεῖν,

235 5298 553 5365 ἐξαγώνιον
602 5314 661 5350 τε
705 5300 840 5369 πρὸς
880 5300 1097 5367 ἀγῶνας
1132 5300 1523 5367 ἀποδυόμενος,
1581 5301 1672 5352 καὶ
1720 5302 1794 5362 είς

238 5389 439 5450 πόνους
482 5390 544 5439 ὲκ
582 5389 761 5441 πόνων
794 5388 1283 5458 προόιόαζόμενος,
1314 5388 1371 5439 έν
1414 5386 1559 5455 τόπῳ
1590 5386 1795 5453 Κρίτα-

241 5496 322 5549 μα
374 5480 697 5548 καλουμένῳ
731 5481 926 5533 ἑαυτὸν
979 5478 1353 5549 καθειργνύει,
1409 5478 1503 5530 καὶ
1553 5478 1796 5537 ἁλύσεως

238 5572 434 5639 δεσμεῖ
469 5570 529 5633 ἒξ
558 5572 770 5639 ὀργυῶν
804 5571 940 5641 οὔσῃ
981 5572 1042 5623 τὸ
1074 5572 1270 5641 μῆκος.

313 5662 408 5714 lZ'.
472 5662 631 5724 Ἔτος
677 5660 769 5715 οὖν
826 5663 970 5731 αὐτῷ
1012 5664 1194 5731 τρίτον
1253 5658 1320 5731 ἦν
1373 5663 1467 5727 τῆς
1519 5664 1575 5713 έν
1627 5661 1797 5729 τούτῳ

242 5755 544 5823 διαγωγῆς,
602 5758 696 5810 καὶ
745 5755 900 5821 δόξαν
948 5754 1094 5823 αὐτῷ
1152 5756 1242 5806 ἐπὶ
1316 5753 1571 5806 Χελιδύνκ
1629 5753 1791 5805 τόπον

1898 4593 2008 4645 pra:
2031 4578 2474 4633 exercitationes.
2514 4580 2898 4651 Venit’itaque
2936 4592 3127 4637 testate
3162 4583 3228 4636 ad
3259 4582 3459 4652 praedi-

1895 4678 2044 4722 ctum
2078 4670 2491 4734 monasterium,
2536 4681 2592 4725 et
2637 4672 2913 4741 Stephano
2974 4673 3231 4742 praefecto
3270 4689 3459 4728 mona~

1897 4761 2145 4823 chorum,
2168 4761 2261 4830 qui
2294 4763 2347 4814 in
2379 4777 2446 4815 eo
2473 4773 2649 4825 erant,
2679 4765 2850 4831 aperit
2898 4765 3311 4819 revelationem.
3361 4765 3457 4819 llle

1897 4861 2079 4906 autem
2106 4854 2366 4921 postridie
2391 4854 2524 4906 nihil
2552 4863 2858 4917 cunctatus,
2888 4855 3074 4909 solitas
3122 4854 3302 4909 fundit
3332 4870 3458 4920 pre-

1897 4958 2011 5009 ces,
2044 4953 2098 4997 et
2119 4958 2301 5005 sacras
2330 4944 2463 4998 dicit
2501 4945 2795 5005 orationes,
2834 4954 2890 4999 et
2921 4961 3047 5000 eum
3081 4955 3230 5000 veste
3278 4946 3460 4999 induit

1899 5036 2215 5089 monastii-a.
2264 5036 2378 5089 Tali
2425 5052 2555 5105 ergo
2620 5037 2806 5090 habitu
2860 5037 3158 5091 monastico
3211 5036 3454 5100 indutus,

1896 5125 1988 5192 qui
2018 5134 2136 5178 erat
2174 5126 2472 5180 monachus
2522 5127 2603 5180 vel
2663 5139 2788 5181 ante
2838 5127 3105 5189 habitum,
3153 5137 3247 5181 aut
3292 5125 3455 5180 etiam

1898 5230 2062 5283 supra
2104 5218 2422 5279 monachos,
2447 5226 2503 5269 et
2533 5231 2561 5269 a
2600 5216 2990 5271 certaminibus
3020 5232 3077 5270 se
3121 5215 3343 5284 parabat
3385 5214 3453 5267 ad

1899 5308 2219 5370 certamina,
2251 5316 2304 5362 et
2348 5323 2377 5359 a
2407 5308 2689 5361 laboribus
2720 5308 3046 5375 procedebat
3105 5307 3173 5359 ad
3215 5306 3452 5365 labores.

1897 5413 1957 5452 se
1993 5398 2219 5451 includit
2270 5398 2322 5450 in
2344 5398 2484 5458 loco,
2515 5400 2608 5465 qui
2650 5408 2876 5451 vocatur
2919 5396 3178 5459 Critatna,
3212 5405 3267 5450 et
3301 5411 3358 5448 se
3387 5395 3455 5448 li-

1898 5496 1985 5555 gat
2014 5497 2225 5548 catena,
2258 5502 2377 5554 quae
2412 5496 2533 5541 erat
2558 5487 2713 5553 longa
2746 5500 2839 5539 sex
2878 5485 3053 5537 ulnas.

1969 5662 2128 5716 XVII.
2162 5663 2277 5716 lant
2325 5673 2505 5716 autem
2536 5671 2651 5717 erat
2688 5662 2884 5715 tertius
2930 5674 3122 5722 annus,
3162 5674 3223 5712 ex
3257 5673 3363 5727 quo
3398 5658 3452 5711 in

1900 5769 1965 5809 eo
1988 5753 2229 5822 degrbat,
2272 5764 2321 5807 et
2349 5769 2472 5808 cum
2496 5754 2544 5809 ei
2580 5754 2752 5807 visum
2777 5762 2923 5807 esset
2973 5752 3049 5805 ire
3107 5749 3173 5805 ad
3204 5749 3456 5805 Chelido-
