4226 6418
765 366 828 432 δι
1961 367 2240 427 MENSIS
2279 367 2714 434 NOVEMBER.
3900 369 3989 435 53

766 493 913 544 nem,
947 488 1005 534 ut
1031 479 1345 535 conveniret
1385 480 1562 533 virum
1590 477 1878 549 quemdam
1927 479 2132 532 virtute
2185 481 2317 534 insi-
2344 480 2434 537 At

2344 483 2392 537 Α
2419 478 2578 544 ίέναι,
2614 481 2755 535 ὥστε
2780 484 2890 536 τινὶ
2925 485 3180 551 ιπιφανετ
3223 483 3323 550 τὴν
3355 485 3562 557 ἀρετὴν
3611 485 3769 554 ἀνδρὶ
3813 485 3988 538 ἔντυ-

765 585 922 640 gnem
957 571 1095 628 (erat
1122 577 1303 623 autem
1339 567 1386 624 is
1434 584 1662 638 magnus
1705 567 2018 638 Georgius).
2077 571 2314 622 venisset

766 670 950 714 autem
984 659 1050 713 ad
1103 657 1328 713 ﬂuvium
1372 657 1593 725 Goram,
1654 658 1846 714 incidit
1901 659 1955 712 in
2003 658 2312 720 draconem,

764 751 856 817 qui
905 747 1196 803 cohibebat
1250 763 1406 817 aqua:
1455 745 1740 813 fluentum,
1815 757 1871 803 et
1926 749 2211 803 transitum
2263 748 2312 801 ei

765 833 1124 906 irrutupebat.
1151 837 1220 894 Et
1251 854 1376 894 eum
1422 839 1643 911 quidem
1703 839 2014 908 precatione
2063 847 2118 893 et
2161 839 2316 908 signo

763 932 944 985 crucis
981 938 1257 985 mortuum
1291 930 1473 986 statim
1509 930 1676 985 tradit
1707 931 1882 1000 aquis.
1952 930 2089 986 Tres
2133 938 2314 983 autem

762 1037 936 1077 annos
963 1038 1088 1077 cum
1147 1038 1344 1094 magno
1385 1031 1632 1078 versatus
1680 1021 1934 1092 Georgio,
1988 1039 2111 1078 cum
2151 1021 2219 1077 ab
2250 1036 2314 1076 eo

765 1124 937 1169 totum
968 1115 1249 1171 didicisset
1282 1115 1626 1179 Psalterium,
1651 1114 1763 1170 abit
1801 1131 1990 1169 rursus
2035 1114 2099 1167 ad
2135 1121 2314 1182 pasto-

763 1219 880 1257 rem
930 1205 1160 1270 Antidii,
1213 1220 1336 1259 cum
1380 1203 1676 1260 Pacbomio
1731 1203 2020 1274 discipulo.
2075 1201 2142 1258 Et
2190 1217 2314 1258 cum

764 1296 920 1350 illinc
941 1309 1131 1350 rursus
1152 1297 1393 1352 venisset
1423 1298 1478 1351 in
1517 1296 1906 1351 monasterium
1954 1295 2312 1364 Agaurorum,

763 1387 1012 1441 ascendit
1066 1402 1191 1441 cum
1243 1389 1366 1443 aliis
1421 1388 1702 1444 monachis
1756 1388 1809 1441 in
1858 1395 2095 1442 montem
2148 1401 2316 1455 prope

762 1477 949 1542 situm,
1006 1487 1062 1531 ut
1112 1489 1294 1533 essent
1318 1489 1655 1549 spectatores
1707 1479 1926 1544 domus,
1977 1493 2097 1548 quae
2146 1479 2198 1531 in
2249 1494 2316 1532 eo

761 1569 1156 1626 aediﬁcabatur.
1221 1571 1654 1627 Construebatur
1713 1573 1858 1626 enim
1917 1571 1971 1624 in
2017 1583 2086 1626 eo
2130 1579 2314 1625 monte

762 1661 1034 1728 quoddam
1065 1661 1434 1718 habitaculum
1470 1664 1554 1727 iis,
1587 1665 1681 1734 qui
1709 1673 1866 1719 erant
1894 1663 1945 1718 In
1963 1665 2314 1724 monasterio,

761 1751 904 1818 quod
929 1760 984 1805 et
1015 1752 1324 1807 volentibus
1375 1755 1638 1823 majorem
1688 1753 2020 1809 conciliabat
2074 1754 2312 1823 quietem

763 1853 818 1898 ct
849 1844 1146 1908 silentium,
1168 1855 1224 1900 et
1243 1845 1622 1914 perlectiorem
1663 1862 1785 1902 cum
1819 1847 1930 1902 Deo
1979 1847 2320 1916 conjunctio-

764 1951 910 1989 nem.
934 1937 1066 1990 Cum
1103 1953 1232 2006 ergo
1263 1939 1613 1994 venissentin
1663 1950 1926 2006 montem,
1954 1940 2142 1994 hircus
2181 1938 2319 1993 insi-

762 2029 882 2095 gnis
932 2029 1326 2098 magnitudine,
1397 2031 1647 2086 alicunde
1696 2049 1729 2088 e
1796 2048 1959 2104 grege
2040 2035 2314 2104 apparuit.

762 2114 948 2189 Itaque
977 2123 1067 2190 qui
1103 2137 1225 2176 cum
1269 2124 1370 2178 hoc
1422 2123 1583 2177 beato
1628 2124 1788 2180 Patre
1834 2134 1989 2180 erant
2043 2127 2314 2192 monachi,

761 2227 886 2265 cum
926 2213 1188 2265 vidissent
1218 2214 1453 2276 hircum.
1490 2223 1544 2269 et
1578 2230 1672 2271 eos
1717 2217 2039 2271 invasissent
2066 2217 2316 2272 bumante

762 2300 1007 2367 quaedam
1044 2301 1420 2370 cogitationes,
1479 2303 1664 2357 animo
1710 2305 2018 2367 versabant.
2078 2320 2312 2376 quonam

761 2392 923 2445 modo
956 2407 1079 2444 eum
1103 2405 1382 2461 caperent,
1417 2406 1473 2448 et
1516 2404 1575 2449 ut
1605 2395 1753 2451 illius
1784 2396 1977 2465 pellem
2020 2399 2074 2451 in
2138 2408 2314 2453 utrem

766 2491 1207 2545 tranemtutztrent,
1241 2485 1460 2543 maximi
1503 2485 1793 2541 faciebant.
1836 2485 1972 2542 Cum
2003 2487 2058 2542 in
2092 2502 2158 2542 eo
2187 2503 2314 2560 ergo

764 2572 1103 2628 inhabitante
1162 2575 1356 2644 spiritu
1413 2576 1756 2645 cognovisset
1799 2578 1957 2633 Pater
2015 2594 2117 2643 ea,
2194 2595 2314 2650 quae

761 2666 997 2719 erantin
1033 2674 1216 2720 mente
1269 2667 1681 2732 monachorum,
1736 2684 1904 2722 unum
1961 2685 2029 2724 ex
2084 2671 2172 2736 iis,
2224 2671 2312 2726 cui

762 2771 960 2810 nomen
992 2766 1111 2810 erat
1141 2755 1330 2821 Sabas,
1367 2756 1434 2811 ad
1489 2772 1547 2813 se
1581 2771 1802 2819 vocans.
1824 2759 1980 2829 jubet
2001 2758 2211 2814 hircum
2244 2761 2312 2814 ad

763 2862 822 2901 se
857 2847 1147 2901 adducere.
1185 2847 1280 2908 lllo
1307 2864 1436 2903 vero
1461 2849 1854 2920 interrogante,
1914 2850 1959 2905 si
2023 2852 2079 2905 in
2130 2853 2310 2921 fugam

763 2937 929 2991 fuerit
965 2952 1280 3000 conversus.
1307 2939 1580 3007 quomodo
1619 2954 1742 2994 eum
1780 2941 2264 3010 comprehenderet
2296 2955 2309 2996 :

765 3028 910 3082 Vade
932 3029 1130 3092 solum,
1155 3043 1187 3082 o
1217 3029 1406 3094 frater,
1445 3030 1621 3099 inquit
1649 3030 1738 3084 ille
1772 3046 1998 3100 magnus
2023 3049 2038 3085 :
2067 3031 2156 3085 ille
2214 3047 2311 3085 atto

2417 570 2532 636 κεῖν
2585 567 2644 637 (ὁ
2685 568 2866 641 μέγας,
2902 571 2959 624 δὲ
3001 565 3158 634 οὗτος
3202 573 3415 642 ὑπῆρχε
3461 573 3756 643 Γεὼργιος)
3785 611 3801 637 ,
3842 571 3989 624 ἐπεὶ

2419 659 2559 710 κατά
2609 659 2703 713 τὸν
2752 660 3022 730 γοράντην
3056 663 3276 729 εγένετο
3305 665 3570 732 ποταμὸν,
3602 665 3854 732 δράκοντι
3877 663 3990 714 εν.

2417 751 2674 821 τυγχάνει
2707 753 3108 821 ἅναχαιτίζοντί
3151 771 3207 808 τε
3256 753 3317 807 τδ
3361 755 3456 808 τοῦ
3487 754 3734 823 ποταμοῦ
3766 754 3988 825 ῥεῦμα,

2419 842 2512 896 καὶ
2543 843 2635 896 τὸν
2660 845 2824 913 πόρον
2856 844 3005 914 αύτῷ
3047 845 3413 900 διακόπτοντι.
3451 845 3560 898 Καὶ
3583 844 3677 898 τὸν
3717 847 3838 915 μιν,
3864 847 3987 899 ,εὐ-

2419 936 2487 1003 χῇ
2519 935 2612 986 καὶ
2648 935 2904 1003 σφραγῖδι
2932 935 3126 1003 νεκρδν
3146 935 3349 990 αὐτίκα
3375 935 3486 998 τοῖς
3532 919 3710 988 ὕδασι
3736 937 3988 1006 παραδί-

2418 1027 2548 1080 δωσι
2585 1043 2598 1058 ο
2641 1025 2718 1096 τῷ
2777 1029 2999 1096 μεγάλῳ
3053 1028 3109 1081 δὲ
3162 1027 3294 1098 παρ’
3357 1028 3501 1090 δλοις
3549 1031 3698 1095 τρεῖς
3745 1029 3986 1098 χρόνους

2420 1117 2812 1184 συγγενόμενος
2838 1116 3116 1187 Γεωργίῳ,
3159 1118 3290 1187 παρ’
3329 1118 3496 1172 αὐτοῦ
3538 1119 3598 1172 δδ
3642 1121 3735 1172 καὶ
3761 1121 3880 1173 ὅλον
3911 1120 3988 1172 τὸ

2420 1205 3035 1278 Ψαλτήριονοδιδαχθεὶς,
3058 1211 3254 1264 ἄπεισι·
3276 1211 3442 1263 πάλιν
3475 1210 3624 1281 παρὰ
3653 1211 3747 1264 τὸν
3777 1210 3987 1278 ποιμὲ-

2416 1315 2483 1352 να
2505 1300 2603 1363 τῆς
2648 1298 2907 1351 ’Δντιδίου
2958 1298 3074 1368 ἅμα
3107 1300 3388 1370 Παχωμίῳ
3431 1298 3509 1369 τῷ
3558 1298 3795 1369 μαθητῇ.
3856 1299 3986 1350 Κάο

2417 1390 2598 1443 κεῖθεν
2629 1391 2688 1444 tv
2713 1392 2779 1459 τῇ
2837 1394 2972 1462 μονῇ
3014 1391 3122 1444 τῶν
3165 1389 3448 1460 ’Δγαύρων
3487 1390 3779 1458 γενόμενος
3811 1385 3978 1451 αὖθις

2415 1483 2506 1533 ἐπὶ
2544 1481 2604 1534 τὺ
2638 1481 3043 1550 παρακείμενον
3086 1482 3225 1551 αὐτῇ
3281 1481 3416 1550 μετὰ
3462 1481 3559 1534 καὶ
3590 1479 3767 1533 ἄλλων
3801 1495 3981 1546 μονα-

2418 1573 2529 1643 χῶν
2556 1573 2761 1625 ἄνεισιν
2792 1571 2915 1640 ὅρος
2935 1609 2951 1634 ,
2986 1571 3062 1633 ὠς
3091 1571 3157 1624 ἂν
3187 1571 3288 1641 τῆς
3317 1573 3375 1625 ιν
3402 1571 3549 1641 αύτῷ
3579 1569 3980 1638 οἰκοδομουμὲ-

2417 1685 2513 1736 νης
2548 1669 2724 1729 οἰκίας
2752 1665 2942 1719 θεαταὶ
2981 1666 3244 1732 γένωνται
3285 1664 3739 1734 (κατεσκευάζετο
3773 1664 3878 1732 γάρ
3909 1677 3977 1714 τε

2419 1761 2552 1830 πρὸς
2592 1758 2670 1829 τῷ
2721 1759 2950 1828 τοιούτῳ
3002 1757 3118 1828 δρει
3170 1759 3377 1826 οίκημα
3433 1759 3548 1818 τοῖς
3600 1757 3659 1808 ἰν
3699 1757 3766 1824 τῇ
3805 1757 3972 1822 μονῇ.

2421 1849 2665 1912 πλείονός
2692 1862 2752 1901 τε
2783 1851 2896 1910 τοῖς
2930 1847 3278 1916 βουλομένοις
3308 1847 3571 1918 πρόξενον
3596 1846 3846 1914 ἡσυχίας,
3875 1843 3980 1896 καὶ

2419 1943 2752 2011 τελεωτιρας
2816 1940 2953 2008 πρὸς
2980 1941 3072 1993 τὸν
3100 1940 3233 1992 Θεὸν
3272 1938 3642 2007 οίκειώσεως).
3697 1937 3848 1989 Ἐπεὶ
3881 1934 3984 1988 οὖν

2419 2035 2550 2103 πρὸς
2580 2034 2658 2104 τῷ
2687 2034 2802 2104 δρει
2825 2033 3064 2101 γένοιντο
3091 2031 3214 2100 ἠδη,
3244 2031 3447 2100 τράγος
3475 2029 3638 2083 ποθεν
3662 2029 3724 2081 τὸ
3746 2027 3985 2097 μέγεθος

2419 2127 2739 2196 ὑπερφυὴς.
2793 2125 2886 2178 τοῦ
2928 2124 3175 2177 αἰπολίου
3229 2124 3567 2194 ὑπερεφάνη.
3626 2123 3689 2175 οι
3743 2124 3841 2174 σὺν
3894 2120 3985 2187 τῷ

2420 2215 2675 2285 μακαρίῳ
2707 2216 2884 2266 τοίνυν
2906 2213 3081 2280 τούτῳ
3120 2213 3297 2281 Πατρὶ
3344 2213 3587 2283 μοναχοὶ,
3639 2211 3734 2263 τὸν
3771 2210 3983 2278 τράγον

2419 2306 2619 2366 ίδόντες
2657 2305 2751 2358 καί
2797 2321 2941 2358 τισιν
2980 2303 3341 2370 ἀνθρωπίνοις
3383 2305 3708 2371 κατάσχετοι
3746 2301 3982 2369 γενόμει

2416 2415 2496 2451 νοι
2539 2396 2840 2465 λογισμοῖς,
2877 2395 3026 2457 ὅπως
3070 2409 3128 2447 τε
3173 2392 3364 2445 τοῦτον
3412 2392 3757 2461 ζωγρήσειαν
3781 2427 3798 2450 ,
3831 2390 3982 2442 κατὰ

2413 2487 2535 2540 νοῦν
2598 2486 2881 2556 ἔστρεφον,
2955 2485 3052 2536 καὶ
3125 2484 3273 2545 ὅπως
3335 2483 3438 2551 τὴν
3528 2480 3737 2534 ἐκείνου
3809 2478 3980 2547 δορὰν

2415 2580 2493 2640 είς
2524 2576 2689 2631 ἀσκὸν
2720 2574 3188 2646 μετασκευάσειαν
3226 2573 3355 2644 περὶ
3399 2571 3639 2633 πλείονος
3671 2569 3981 2623 εποιοῦντο.

2417 2668 2582 2728 Γνοὺς
2598 2661 2691 2719 οὖν
2733 2666 2812 2734 τῷ
2859 2663 3152 2718 ἐνοικοῦντι
3197 2662 3346 2732 αύτῷ
3391 2660 3661 2730 πνεύματι
3707 2659 3778 2712 τὰ
3835 2658 3985 2712 κατὰ

2418 2758 2540 2812 νοῦν
2567 2758 2695 2810 όντα
2721 2757 2832 2818 τοῖς
2861 2756 3154 2826 μοναχοῑςό
3173 2751 3481 2824 Πατὴρ,ενα
3503 2750 3709 2805 τούτων
3731 2744 3775 2817 ᾧ
3793 2749 3979 2811 Σάσας

2417 2853 2449 2917 ἡ
2484 2849 2670 2915 κλῆσις
2695 2843 2782 2918 ἦν,
2811 2847 2948 2916 πρὸς
2980 2846 3173 2900 ἑαυτὸν
3205 2844 3474 2907 καλέσας,
3520 2843 3595 2904 ὼς
3634 2843 3796 2895 αὐτὸν
3831 2842 3978 2908 ἀγα-

2416 2943 2533 3005 γεῖν
2579 2939 2672 2991 τὸν
2715 2940 2917 3007 τράγον
2944 2938 3175 2991 κελεύει.
3227 2937 3467 2990 Ἑκείνου
3512 2935 3570 2988 δι
3611 2933 3978 3005 διερωτῶντος

2417 3031 2514 3095 ὡς,
2555 3031 2714 3100 είπερ
2747 3032 2827 3092 είς
2866 3029 3042 3098 φυγὴν
3073 3027 3332 3097 τραπείη,
3369 3026 3485 3087 πῶς
3513 3026 3582 3080 ἂν
3614 3026 3778 3078 αὐτὸν
3803 3040 3982 3078 πατα⁸

767 3129 874 3174 tem
905 3120 1081 3175 libens
1126 3121 1330 3184 veniet,
1360 3130 1416 3175 et
1445 3130 1495 3174 te
1529 3129 1810 3191 sequetur.
1851 3120 2162 3177 Conversus
2183 3137 2312 3178 vero
2342 3142 2384 3192 ο
2419 3121 2436 3172 i

2342 3142 2384 3192 ο
2419 3121 2594 3181 λάϐοι,
2618 3121 2924 3189 Ὀρμησον,
2963 3119 3184 3186 ὰδελφδ,
3219 3119 3400 3186 μόνον,
3439 3118 3468 3169 6
3498 3117 3671 3188 μέγας
3700 3115 3828 3186 εφη,
3862 3117 3890 3168 6
3921 3116 3982 3168 δὲ

767 3213 830 3264 nd
857 3213 991 3266 alios
1029 3213 1342 3276 monachos,
1391 3213 1598 3281 rogavit
1649 3227 1715 3265 an
1769 3214 1905 3267 hirci
1966 3214 2121 3283 pellis
2171 3224 2317 3268 esset

767 3313 886 3370 opta
914 3302 980 3354 ad
1011 3311 1185 3356 utrem
1219 3305 1676 3372 componendum.
1710 3304 1790 3358 llli
1825 3315 2028 3359 autem:
2065 3305 2313 3372 Maxime,

769 3396 1021 3462 inquiunt
1053 3415 1065 3447 ;
1098 3405 1154 3448 et
1178 3405 1465 3463 antequam
1494 3395 1596 3450 hoc
1622 3393 1855 3454 diceres.
1892 3411 1991 3450 nos
2020 3397 2071 3450 id
2114 3398 2317 3466 cogita-

770 3479 981 3537 bamus.
1013 3483 1235 3536 Interim
1275 3491 1454 3538 autem
1486 3483 1681 3538 ductus
1700 3486 1798 3538 fuit
1825 3485 2010 3540 hircus
2063 3499 2094 3540 a
2131 3500 2320 3540 mona-

770 3575 874 3627 eho
895 3573 1055 3636 Saba,
1080 3583 1133 3627 et
1158 3573 1315 3627 Pater
1341 3577 1426 3628 vel
1484 3575 1537 3628 in
1593 3575 1777 3629 verbis
1808 3575 2107 3630 ostendens
2160 3575 2316 3630 Μηί-

768 3665 1051 3733 gnitatetn,
1141 3665 1460 3718 transmittit
1532 3681 1723 3720 rursus
1784 3664 2048 3734 pecudem
2104 3664 2172 3718 ad
2220 3678 2318 3719 sua

770 3768 990 3821 pascua,
1047 3769 1156 3807 non
1211 3754 1383 3806 solum
1435 3753 1564 3807 hinc
1623 3753 2172 3817 commiserationem,
2223 3753 2318 3807 sed

768 3843 933 3896 etiam
1010 3842 1436 3912 amputationem
1513 3841 1720 3897 docens
1813 3857 2034 3897 suarum
2121 3842 2316 3896 volun-

771 3944 962 3987 tatum.

842 4110 1025 4166 XVIII.
1064 4115 1119 4165 In
1152 4111 1255 4168 hoc
1279 4124 1460 4166 autem
1489 4126 1670 4168 monte
1707 4127 1951 4178 versans,
2002 4114 2070 4170 iis
2121 4115 2314 4178 etiam,

771 4206 862 4271 qui
899 4219 1096 4273 genere
1131 4204 1435 4256 attinebant
1466 4204 1532 4257 ad
1591 4203 1971 4287 imperatorem
2022 4205 2313 4272 (Nicepho-

775 4310 866 4346 rus
894 4310 1023 4347 vero
1052 4303 1180 4347 tunc
1212 4294 1516 4347 Romanum
1546 4294 1964 4348 administrabat
2008 4293 2316 4364 imperium)

774 4383 1015 4452 praedicit
1044 4385 1161 4453 ejus
1185 4394 1410 4437 mortem
1459 4386 1622 4453 paulo
1677 4395 1796 4453 post
1841 4398 1960 4438 esse
2005 4393 2313 4440 venturam.

2417 3213 2510 3266 καὶ
2535 3209 2675 3265 ἑκὼν
2699 3211 2997 3264 ἐλεύσεται.
3020 3211 3162 3280 Πρὸς
3188 3209 3244 3263 δὲ
3263 3209 3388 3272 τοὺς
3408 3208 3600 3270 ἄλλους
3621 3209 3984 3276 ἐπιστραφεὶς

2421 3305 2687 3373 μοναχοὺς
2716 3303 2930 3372 ἠρώτα,
2961 3304 3013 3355 εί
3042 3304 3075 3372 ἡ
3107 3302 3204 3356 τοῦ
3243 3303 3450 3371 τράγου
3483 3301 3615 3369 δορὰ
3656 3301 3982 3369 ἐπιτηδείως

2415 3395 2526 3464 ιχοι
2557 3397 2691 3466 πρὸς
2713 3396 2882 3449 άσκδν
2914 3394 3440 3465 μετασκευασθῆναι.
3467 3395 3529 3446 Ol
3559 3394 3640 3457 δὲ,
3663 3393 3769 3444 Καὶ
3801 3393 3976 3460 μάλα.

2418 3489 2573 3556 φασὶ,
2606 3487 2702 3540 καὶ
2732 3486 2892 3541 τοῦτό
2918 3504 2982 3553 γε
3018 3487 3124 3556 πρὸ
3158 3486 3268 3540 τῶν
3310 3485 3418 3538 σῶν
3465 3484 3658 3552 λόγων,
3692 3486 3786 3536 καὶ
3818 3484 3976 3536 αὐτοὶ

2417 3579 2558 3632 κατὰ
2591 3579 2834 3632 διάνοιαν
2859 3578 3103 3646 εἴχομεν.
3141 3577 3320 3646 Ἥχθη
3353 3571 3449 3629 οῦν
3493 3578 3553 3628 ιν
3587 3573 3823 3641 τοσούτῳ
3867 3573 3976 3625 ὑπὸ

2416 3669 2511 3723 τοῦ
2546 3668 2780 3739 μοναχοῦ
2813 3668 2960 3722 Σάσα
2989 3668 3018 3720 6
3045 3668 3273 3738 τράγος,
3305 3666 3400 3718 καὶ
3439 3669 3467 3718 6
3501 3664 3692 3734 Πατὴρ
3729 3664 3828 3717 κάν
3859 3665 3978 3726 τοῖς

2416 3761 2629 3828 άλόγοις
2655 3759 2844 3825 ὥσπερ
2867 3757 3174 3820 ιπιδεικνὺς
3192 3757 3252 3809 τὸ
3283 3754 3583 3824 φιλάγαθον
3603 3792 3619 3817 ,
3644 3755 3738 3805 επὶ
3772 3754 3871 3808 τὰς
3897 3753 3980 3804 ol-

2418 3851 2572 3911 κείας
2638 3848 2799 3901 πάλιν
2849 3849 3019 3916 νομὰς
3056 3847 3121 3899 τδ
3166 3845 3419 3915 βόσκημα
3478 3844 3863 3914 παραπέμπει,
3909 3844 3972 3896 οὗ

2420 3941 2760 4010 συμπάθειαν
2794 3940 2955 4008 μόνον
2982 3938 3260 4001 ἐντεῦθεν,
3279 3936 3414 3991 ἀλλὰ
3443 3936 3536 3989 καὶ
3560 3933 3804 4004 εκκοπὴν
3832 3932 3954 3987 διδά

2418 4046 2563 4084 σκων
2596 4031 2702 4083 τῶν
2733 4029 2947 4083 οίκείων
2974 4027 3270 4098 θελήσεων.

2490 4124 2593 4177 lll'.
2637 4124 2725 4175 ‘Ev
2777 4123 2950 4192 τούτῳ
2983 4123 3040 4174 δι
3083 4121 3396 4190 διατρίδωνι
3445 4119 3524 4189 τῷ
3570 4120 3708 4188 δρει,
3734 4121 3829 4173 καὶ
3857 4123 3972 4182 τοῖς

2414 4214 2509 4266 τοῦ
2539 4214 2729 4281 γένους
2781 4212 3090 4265 κοινωνοῦσι
3147 4212 3226 4281 τῷ
3282 4212 3490 4280 βασιλεῖ
3535 4211 3868 4281 (Νικηφόρος
3915 4211 3974 4263 δδ

2415 4305 2536 4357 τότε
2564 4303 2662 4375 τὴν
2703 4304 2988 4371 Ῥωμαίων
3031 4303 3236 4356 διεῖπεν
3295 4302 3488 4374 άρχὴν)
3549 4303 3650 4368 τὴν
3686 4300 3850 4353 αὐτοῦ
3882 4318 3974 4352 τε·-

2415 4395 2611 4466 λευτὴν
2644 4396 2824 4466 μικρῷ
2859 4395 3082 4464 ὕστερον
3131 4395 3283 4464 ἥξειν
3336 4393 3717 4461 προαγορεύει.
3763 4393 3973 4460 Ὲνάτῳ

771 4478 924 4530 Νυηο
953 4492 1080 4545 ergo
1113 4491 1256 4530 anno
1287 4477 1405 4546 ejus
1449 4475 1662 4544 imperii
1721 4483 2072 4546 erumpentes
2110 4477 2313 4542 llunni,
2346 4479 2392 4536 D
2421 4505 2440 4540 ιι

2278 4477 2313 4542 ἱ,
2346 4479 2392 4536 D
2421 4488 2600 4540 τοίνυν
2649 4486 2759 4540 ιτει
2817 4489 2915 4554 τῆς
2946 4486 3110 4540 αὐτοῦ
3162 4484 3336 4555 ἀρχῆς
3367 4484 3426 4536 τὸ
3457 4483 3711 4536 Ούννικὺν
3739 4482 3947 4552 εξορμῆ

771 4569 1054 4623 Thraciam
1087 4568 1500 4636 populabantur.
1522 4567 1666 4623 Satis
1687 4579 1868 4624 autem
1901 4584 2093 4639 magno
2122 4580 2313 4624 coacto

768 4662 1034 4722 exercitu.
1065 4661 1358 4728 imperator
1406 4659 1626 4728 quidem
1669 4676 1764 4714 eos
1792 4663 1942 4730 prius
1987 4662 2120 4715 vicit
2148 4677 2161 4716 :
2195 4672 2314 4730 post

773 4755 887 4806 btec
909 4767 1061 4814 vero,
1095 4750 1302 4803 coactis
1341 4751 1536 4820 c0piis.
1573 4752 1754 4805 Hunni
1797 4767 2059 4807 vexavere
2113 4753 2314 4806 Roma-

771 4859 888 4896 nos.
924 4841 1042 4907 Quo
1088 4851 1329 4908 tempore
1361 4840 1475 4909 ipse
1502 4857 1718 4911 quoque
1757 4843 2051 4912 imperator
2107 4843 2316 4897 saucia-

770 4945 880 4996 tus,
947 4947 1070 4986 cum
1121 4932 1354 4999 imperio
1413 4932 1585 5000 ipsam
1631 4947 1851 5000 quoque
1909 4934 2028 4986 finit
2092 4933 2311 4986 vitam:

770 5032 1112 5092 sceptrorum
1146 5032 1324 5076 autem
1369 5033 1426 5076 et
1458 5023 1674 5092 imperii
1710 5022 1979 5078 heredem
2027 5022 2196 5076 filium
2230 5038 2319 5077 re-

771 5114 968 5181 linquit
1000 5112 1361 5170 Stauracium.
1388 5111 1522 5166 Cum
1549 5125 1693 5168 esset
1718 5127 1848 5183 ergo
1878 5113 2193 5168 Stauracius
2219 5115 2319 5167 im-

770 5205 920 5271 perio
935 5203 1280 5263 constitutus.
1309 5203 1366 5264 ii.
1426 5204 1622 5272 quibus
1674 5204 1742 5258 de
1777 5213 1948 5258 morte
1978 5204 2314 5273 imperatoris

771 5293 1067 5360 Nicephori
1123 5293 1192 5346 ab
1255 5294 1563 5348 admirabili
1608 5295 1893 5349 Joannicio
1947 5295 2099 5362 prius
2143 5295 2317 5350 fuerat

770 5381 1149 5453 significatum,
1178 5385 1336 5453 paulo
1365 5388 1963 5455 postquamimperator
1984 5387 2315 5450 decesserat,

774 5475 1040 5529 recordati
1073 5491 1426 5545 eorum,qu:e
1476 5477 1732 5544 praedicta
1781 5478 2017 5540 fuerant,
2066 5492 2316 5532 accesse-

773 5579 899 5620 runt
926 5583 1117 5622 rursus
1147 5568 1213 5621 ad
1244 5570 1388 5621 hunc
1417 5584 1667 5637 magnum
1694 5569 1928 5630 Patrem.
1966 5579 2022 5624 et
2059 5564 2320 5639 rogarunt

771 5657 838 5710 «le
873 5656 982 5713 lilio
1010 5660 1130 5730 ejus
1163 5660 1467 5722 Stauracio,
1492 5677 1558 5714 an
1593 5662 1666 5715 sit
1718 5662 1879 5730 longo
1931 5671 2174 5731 tempore
2232 5664 2315 5715 vi-

773 5756 964 5805 cturus
1007 5749 1061 5806 in
1119 5751 1367 5820 imperio.
1427 5751 1517 5806 llle
1569 5762 1747 5807 autem
1799 5754 2047 5824 prtuliin
2128 5770 2316 5811 rursus

2419 4595 2516 4632 σαν
2569 4577 2671 4648 τὴν
2723 4576 2953 4648 Θρακῶν
3015 4574 3274 4645 unum.
3323 4575 3644 4643 Στράτευμα
3672 4571 3764 4624 οὖν
3808 4573 3967 4639 λόγου

2417 4669 2564 4732 ἀξιον
2601 4667 2870 4737 δκρατῶν
2939 4666 3284 4737 συναγείρας,
3340 4666 3600 4734 πρότερον
3647 4663 3744 4732 μιν
3770 4664 3967 4725 αὐτοὺς

2416 4760 2620 4830 ἥττησε
2641 4776 2655 4791 ο
2719 4761 2856 4829 μετὰ
2893 4758 2948 4811 δὲ
2979 4759 3153 4812 ταῦτα
3185 4757 3325 4810 κατὰ
3378 4755 3662 4817 συστάσεις
3691 4757 3740 4806 οἱ
3777 4753 3967 4806 Οὒνσδοι

2418 4852 2715 4920 γενόμενοι,
2753 4851 2938 4913 κακῶς
2991 4850 3206 4903 ἐποίουν
3241 4847 3562 4916 Ῥωμαίους,
3594 4845 3718 4897 ἔνθα
3758 4844 3822 4912 δὴ
3878 4845 3973 4896 καὶ

2418 4939 2580 5002 αὐτὸς
2605 4942 2633 4992 6
2663 4940 2915 5008 βασιλεὺς
2943 4939 3282 5009 τραυματίας
3297 4939 3586 5007 γενόμενος
3614 4938 3709 4988 σὺν
3740 4938 3804 5002 τῇ
3826 4936 3970 5004 ἀρχῇ

2419 5033 2515 5086 καὶ
2546 5032 2705 5085 αὑτὸν
2735 5031 2995 5084 καταλύει
3024 5030 3114 5082 τὸν
3155 5030 3267 5099 βίον
3295 5045 3312 5062 ο
3343 5029 3675 5097 κληρονόμον
3705 5027 3762 5079 δὲ
3785 5027 3891 5078 τῶν
3910 5039 3972 5078 τε

2422 5126 2712 5194 σκήπτρων
2761 5124 2855 5175 καὶ
2909 5123 3010 5191 τῆς
3044 5121 3288 5185 ἐξουσίας
3347 5121 3438 5174 τὸν
3483 5121 3600 5172 υίὸν
3633 5119 3971 5188 Σταυράκεον

2420 5217 2760 5271 καταλείπει.
2817 5213 2921 5267 Τοῦ
2977 5212 3110 5280 γοῦν
3156 5209 3491 5280 Σταυρακίου
3521 5207 3617 5260 ἐπὶ
3655 5211 3753 5275 τῆς
3799 5209 3969 5276 ἀρχῆς

2421 5303 2807 5366 καταστάντος,
2846 5297 2925 5364 οἷς
2961 5303 3031 5354 τὰ
3084 5301 3210 5369 περὶ
3257 5299 3356 5367 τῆς
3401 5297 3658 5366 τελευτῆς
3691 5296 3783 5347 τοῦ
3812 5297 3969 5348 αὺτο-

2420 5396 2683 5465 κράτορος
2733 5393 3046 5462 Νικηφόρον
3085 5391 3236 5462 παρὰ
3263 5391 3356 5443 τοῦ
3383 5388 3695 5457 θαυμαστοῦ
3737 5387 3970 5439 Ἰωαννι-

2422 5487 2542 5538 κίου
2565 5485 2924 5554 προήγγελτο,
2979 5478 3248 5547 οὖτοι,-ὡς
3290 5481 3424 5549 μετὰ
3461 5479 3632 5548 βραχὺ
3667 5480 3695 5530 6
3719 5476 3968 5546 βασιλεὺς

2421 5575 2802 5643 ιτελεύτησεν,
2858 5577 2935 5634 είς
2987 5573 3206 5641 μνήμην
3257 5571 3366 5623 τῶν
3423 5567 3966 5637 προσαγορευθέντων

2421 5667 2686 5728 ιλθόντες,
2719 5665 2796 5733 τῷ
2835 5665 3055 5731 μεγαλῳ
3092 5663 3263 5732 τούτῳ
3299 5662 3391 5713 καὶ
3423 5658 3576 5722 αὖθις
3610 5657 3782 5726 [Iath
3802 5673 3965 5722 προσ.

2423 5757 2601 5824 ἦλθον,
2663 5759 2754 5812 καὶ
2783 5757 2907 5824 περὶ
2940 5759 3029 5811 τοῦ
3066 5759 3251 5820 παιδὸς
3276 5757 3611 5821 Σταυρακίου
3668 5747 3963 5804 ἀνεπννίιάο
