4226 6418
265 372 340 438 53
1326 389 1495 449 VITA
1536 390 1595 454 S.
1641 394 1934 456 JOANNH

1816 396 2025 459 iNiClI
2062 406 2401 473 seems.
3418 428 3485 494 δι

270 503 443 551 θοντο,
479 487 525 538 εἰ
549 488 716 541 πολύν
754 508 873 544 τινα
932 493 1122 561 χρόνον
1156 497 1221 565 τῇ
1261 497 1401 569 ἀρχῇ
1431 502 1735 558 ἀπιειώσει.
1772 505 1830 557 ὐ
1856 508 1939 566 Δρ

270 576 318 603 7“.
347 580 572 603 _...--?__.
620 579 829 603 l---n__
868 600 877 603 -
911 583 951 603 Α
1008 584 1099 603 men
1245 587 1257 603 ο
1410 590 1418 599 ε
1488 592 1513 603 ρ
1547 593 1597 603 .-
1934 602 1939 603 ,

1815 510 1830 557 ἰ
1856 508 1903 566 Δ
1931 528 2147 603 quoque
2176 521 2412 577 celerem
2434 528 2808 597 mutationem,
2839 540 2911 600 et,
2951 542 3010 591 ut
3034 535 3210 603 aiunt,
3225 554 3337 594 rem
3364 556 3484 597 esse

262 576 319 625 ἰ
347 580 573 644 ταχεῖαν
619 579 833 633 ἔσεσθαι
866 583 960 635 καὶ
1004 584 1162 637 πάλιν
1204 587 1305 657 τὴν
1340 590 1644 663 μεταεολὴν
1696 613 1824 665 προ-

261 669 518 738 ηγόρευε,
570 673 661 723 καὶ
692 673 718 724 ὃ
754 690 933 742 φασιν,
976 678 1066 729 ἐπὶ
1099 677 1262 746 ξυροῦ
1296 681 1518 739 ἑστάναι
1553 689 1619 740 τὰ
1651 692 1829 757 πράγ-

266 775 437 825 ματα.
473 761 653 832 Βραχὺ
691 766 753 818 τδ
779 766 1006 834 μεταξὺ,
1040 771 1137 823 καὶ
1164 772 1263 841 τῆς
1284 775 1460 844 ἀρχῆς
1489 778 1581 830 ἐπὶ
1613 780 1829 849 Μιχαὴλ

262 851 359 901 τὸν
390 854 635 922 γαμϐρὸν
666 856 760 909 τοῦ
795 858 1057 931 βασιλέως
1116 869 1552 937 μεταπεσούσης,
1586 870 1826 934 ἑξέϐαινε

262 943 335 994 τὰ
387 946 823 1016 προηγγελμένα.
886 949 944 1002 Ὀ
998 952 1054 1005 δὲ
1101 954 1322 1024 Μιχαὴλ
1380 952 1536 1021 οὗτος
1578 962 1686 1030 πρὸ
1720 964 1827 1016 τῶν

263 1037 561 1105 σκήπτρων
612 1040 674 1091 τὸ
730 1040 822 1093 τοῦ
861 1045 1268 1112 κουροπαλάτου
1308 1044 1379 1118 ἧν
1408 1048 1629 1119 ἀξίωμα
1663 1052 1823 1122 ἔχων.

261 1124 341 1177 οὐ
376 1127 554 1195 πολλῷ
599 1129 778 1182 τοίνυν
828 1131 1051 1201 ὕστερον
1099 1137 1196 1189 καὶ
1253 1134 1445 1192 Οὖννοι
1498 1142 1567 1195 τά
1594 1142 1825 1212 Θρακῶν

264 1214 423 1288 αὖθις
482 1221 637 1274 πεδία
678 1226 1049 1295 κατέτρεχον·
1110 1230 1332 1295 φροντὶς
1358 1231 1414 1284 δὲ
1442 1231 1535 1284 τὸν
1604 1234 1825 1303 βασιλέα

261 1305 378 1378 εἶχε
418 1309 636 1379 πολλὴ,
690 1316 835 1378 ὅπως
858 1333 918 1368 τε
962 1320 1175 1380 τούτοις
1230 1320 1390 1390 βαρεῖ
1412 1322 1624 1377 ἀπέλθοι
1658 1342 1825 1394 στρα-

262 1400 363 1469 τῷ,
401 1403 491 1453 καὶ
518 1404 663 1465 ὅπως
688 1406 883 1468 αὐτοὺς
915 1409 1100 1472 κακῶς
1127 1409 1362 1479 διαθείη.
1396 1411 1485 1464 Ἐν
1507 1414 1746 1484 τοσούτῳ
1768 1415 1824 1469 δι

261 1492 360 1543 καὶ
387 1494 591 1546 Διοντα
615 1494 705 1545 τὸν
722 1496 1003 1564 Ἀρμένιον
1032 1500 1237 1560 ἰκτῖνος
1273 1499 1372 1569 μὲν
1394 1504 1506 1565 τοῖς
1529 1505 1627 1571 τῆς
1654 1504 1822 1575 Ἐῴας

259 1584 537 1649 τάγμασιν
558 1586 797 1653 ἀρχηγὸν
824 1588 1015 1656 sum;
1043 1604 1054 1616 '
1092 1591 1122 1643 ό
1153 1590 1228 1655 δὲ,
1257 1593 1383 1661 περὶ
1408 1592 1505 1662 τὴν
1547 1594 1823 1663 βασιλείαν

260 1672 326 1722 ἐκ
358 1672 551 1723 πολλοῦ
597 1676 872 1741 ἐρωτικῶς
934 1678 1113 1746 ἔχων,
1176 1680 1334 1748 μόνον
1374 1680 1533 1734 τοῦτο
1593 1683 1820 1754 ιστρειρε

260 1761 412 1813 κατά
461 1762 606 1826 νοῦν,
665 1765 811 1827 ὅπως
848 1768 1118 1837 ἐγκρατὴς
1163 1768 1388 1837 γένηται
1448 1771 1673 1843 ταύτης,
1726 1775 1820 1827 καὶ

261 1854 373 1905 πᾶν
405 1852 433 1905 ὅ
462 1854 535 1922 μὴ
570 1855 704 1924 πρὸς
730 1855 887 1910 τοῦτο
945 1857 1129 1928 ἔφερε,
1191 1858 1469 1929 πάρεργον
1527 1864 1816 1931 ἐλογίζετο.

330 1946 438 1998 19’.
495 1946 739 2016 Πολέμου
789 1948 966 2001 τοίνυν
1046 1950 1183 2019 μετὰ
1227 1951 1337 2003 τῶν
1391 1954 1607 2024 Οῠννων
1638 1959 1819 2019 αὐτοῖς

262 2040 657 2108 συρραγέντος,
707 2039 827 2091 οὐδὲ
877 2040 976 2108 τὴν
1009 2042 1231 2110 πρώτην
1262 2043 1289 2094 ό
1331 2046 1613 2113 ’Δρμένιος
1650 2065 1817 2115 προσ-

259 2129 425 2198 ϐολὴν
450 2130 707 2197 ἐνεγκὼν,
726 2130 904 2183 ἑκοντὶ
926 2131 1068 2183 νῶτα
1095 2132 1237 2195 δοὺς.
1270 2136 1497 2206 αἰσχύνῃ
1528 2139 1817 2208 περιέϐαλε

256 2224 329 2276 τὰ
376 2225 681 2292 Ῥωμαίων,
739 2225 813 2286 ώς
865 2225 1015 2278 ἇντδ
1048 2226 1263 2296 Μιχαὴλ
1303 2226 1417 2296 ἅμα
1471 2229 1569 2297 μὲν
1630 2227 1819 2297 μῶμον

264 2316 599 2384 προστρίψῃ,
642 2317 754 2384 ἃμα
786 2315 843 2369 δὲ
906 2317 994 2369 καὶ
1030 2318 1236 2387 ἀθυμίᾳ
1292 2318 1476 2370 τοῦτον
1536 2320 1817 2388 περιϐάλοι

259 2405 434 2472 δεινῇ.
489 2405 670 2469 Οὕτως
718 2406 807 2459 οὖν
865 2408 959 2459 καὶ
993 2407 1424 2477 βουλευσάμενος
1452 2410 1479 2461 δ
1520 2410 1692 2474 Λέων,
1726 2412 1817 2464 καὶ

254 2495 488 2562 δράσας,
523 2495 597 2562 τῷ
624 2513 681 2549 τε
708 2496 798 2549 τοῦ
852 2498 1014 2563 ηοους
1066 2499 1282 2565 ὑπούλῳ
1316 2499 1409 2551 καὶ
1464 2500 1686 2571 δολερῷ,
1721 2504 1816 2566 τὰς

259 2587 371 2639 τῶν
420 2588 764 2653 στρατιωτῶν
801 2586 1024 2655 γνώμας
1076 2588 1520 2657 οἰκειωσάμενος,
1578 2590 1722 2660 αὐτῷ
1759 2609 1817 2644 τε

262 2679 641 2746 προσανέχειν,
703 2680 797 2732 καὶ
858 2679 1003 2749 μόνῳ
1036 2681 1281 2733 σαλεύειν
1318 2681 1417 2745 τὰς
1451 2682 1669 2743 ἐλπίδας
1719 2683 1819 2751 τῆς

262 2770 537 2838 σωτηρίας
565 2772 920 2836 παρέπεισεν,
955 2765 1048 2823 οἷα
1077 2770 1207 2838 περὶ
1231 2770 1404 2823 ταῦτα
1443 2772 1821 2841 διακειμένους

259 2861 666 2930 ἁσκεπτότερόν
735 2876 849 2922 πως
908 2862 1000 2913 καὶ
1030 2860 1406 2930 ἁϐουλότερον,
1471 2864 1563 2915 καὶ
1622 2864 1729 2917 τῶν
1763 2867 1820 2917 ἐν

260 2952 453 3020 χερσὶν
520 2951 741 3017 ἀγαθῶν
792 2952 1030 3020 ἀνοήτοις
1074 2952 1141 3003 τὰ
1180 2952 1607 3021 προσδοκώμενα
1634 2970 1821 3023 προτι-

1928 602 1984 657 in
2012 608 2129 661 acie
2169 613 2465 670 novaculae.
2493 616 2667 675 Breve
2695 630 2909 693 tempus
2939 602 3267 693 intercessit,
3293 640 3345 685 et
3380 633 3483 687 im-

1930 698 2085 764 perio
2113 704 2376 760 translato
2412 707 2479 760 ad
2509 708 2824 767 Hichaelem
2866 730 3146 785 generum,
3179 731 3485 777 evenerunt

1880 818 1886 823 -
1926 802 2015 850 ea,
2039 805 2160 857 qua:
2192 796 2449 859 praedicta
2490 800 2726 858 fuerant.
2758 804 2858 860 Hic
2880 819 3062 862 autem
3089 809 3320 867 Michael
3354 825 3482 869 ante

1930 891 2092 945 quam
2130 886 2441 949 perveniret
2465 889 2532 943 ad
2557 890 2865 961 imperium,
2891 898 3216 969 dignitatem
3246 902 3482 958 habebat

1930 975 2304 1036 procuratoris
2330 978 2534 1046 palatii.
2567 983 2685 1037 Non
2742 986 2915 1042 multo
2954 990 3137 1060 itaque
3182 1001 3307 1063 post
3345 1002 3483 1047 tem-

1926 1075 2059 1131 pore
2089 1064 2272 1122 llunni
2302 1084 2491 1126 rursus
2526 1072 2583 1127 in
2634 1075 2921 1134 Thraciam
2970 1080 3241 1139 faciebant
3291 1083 3481 1139 incur-

1924 1154 2127 1210 siones.
2160 1158 2347 1228 Itaque
2379 1163 2679 1231 imperator
2708 1179 2827 1223 erat
2852 1170 3006 1225 valde
3028 1172 3317 1237 sollicitus,
3344 1190 3481 1241 quo-

1924 1262 2052 1301 nam
2109 1252 2270 1306 modo
2325 1263 2379 1307 et
2432 1270 2531 1310 eos
2578 1260 2728 1327 gravi
2792 1261 3075 1318 invaderet
3127 1263 3392 1325 exercitu,
3423 1277 3477 1319 et

1924 1339 2384 1404 quemadmodum
2414 1360 2509 1399 eos
2539 1348 2676 1402 male
2709 1350 2958 1405 haberet.
3019 1353 3241 1408 Interim
3290 1367 3472 1409 autem

1925 1425 2015 1481 ille
2038 1429 2256 1496 quidem
2282 1432 2518 1489 Leonem
2548 1440 2863 1495 Armenium
2916 1443 3155 1511 praefecit
3219 1443 3424 1498 Orienti
3459 1465 3472 1498 :

1924 1516 2035 1573 Leo
2094 1537 2242 1585 vero,
2273 1525 2365 1591 qui
2417 1527 2526 1595 jam
2586 1528 2677 1582 diu
2706 1532 2939 1586 maxime
2960 1548 3146 1587 amore
3179 1535 3474 1587 tenebatur

1925 1610 2165 1680 imperii,
2190 1615 2295 1669 hoc
2324 1617 2505 1670 solum
2543 1620 2729 1674 animo
2782 1624 3051 1687 versabat,
3101 1625 3377 1693 quomodo
3408 1643 3475 1680 eo

1924 1703 2239 1771 potiretur:
2297 1715 2354 1761 et
2397 1708 2659 1775 quidquid
2725 1728 2833 1767 non
2893 1713 2960 1768 ad
2993 1714 3047 1769 id
3105 1716 3383 1783 tendebat,
3418 1717 3469 1771 id

1924 1804 2149 1858 parvum
2174 1795 2526 1850 existimabat
2554 1808 2610 1852 et
2638 1815 2744 1855 non
2770 1803 2948 1872 magni
2978 1806 3259 1858 momenti.

1989 1963 2132 2018 XIX.
2168 1965 2304 2020 Cum
2333 1982 2466 2038 ergo
2517 1986 2708 2025 rursus
2770 1974 2970 2029 bellum
3019 1987 3267 2032 exortum
3329 1990 3473 2034 esset

1920 2053 2184 2111 adversus
2211 2056 2457 2124 llunnos,
2492 2069 2551 2113 et
2589 2077 2688 2116 nec
2716 2064 2893 2131 primo
2943 2067 3164 2135 quidem
3218 2084 3339 2122 cum
3391 2070 3473 2125 eis

1920 2144 2250 2201 conﬂixisset
2300 2148 2609 2216 Armenius,
2668 2169 2765 2206 sua
2822 2169 3016 2224 sponte
3082 2161 3247 2228 tergis
3303 2160 3466 2226 datis,

1920 2237 2193 2293 Romanos
2222 2239 2403 2304 aﬂ‘ecit
2461 2242 2751 2309 dedecore,
2805 2256 2865 2301 ut
2916 2248 3075 2303 simul
3136 2251 3356 2318 quidem
3414 2265 3471 2307 et

1918 2327 2144 2382 Michael
2168 2331 2431 2384 maculam
2471 2334 2739 2399 inureret,
2766 2346 2822 2390 ct
2863 2352 2987 2391 eum
3018 2338 3169 2408 gravi
3231 2340 3471 2395 aﬂiccret

1916 2419 2083 2472 animi
2115 2420 2456 2489 aegritudine.
2491 2423 2627 2477 Cum
2656 2441 2784 2495 ergo
2845 2426 2956 2482 Leo
3018 2430 3124 2484 hoc
3180 2433 3467 2487 consilium

1917 2510 2172 2577 cepisset,
2208 2522 2263 2565 et
2289 2512 2339 2565 id
2365 2514 2607 2571 fecisset.
2666 2514 2963 2585 fraudeque
3018 2528 3074 2572 ct
3124 2521 3470 2575 simulatione

1918 2600 2262 2656 conciliasset
2283 2604 2494 2658 animos
2523 2604 2775 2668 militum,
2841 2609 3113 2675 persuasit
3152 2618 3208 2661 ut
3232 2625 3353 2663 eum
3381 2626 3469 2663 so-

1918 2688 2031 2742 lum
2064 2701 2401 2760 spectarent,
2434 2704 2490 2747 et
2530 2694 2585 2747 in
2612 2710 2679 2748 eo
2714 2695 2831 2749 solo
2853 2710 3002 2765 spem
3024 2698 3216 2751 salutis
3240 2698 3470 2753 colloca-

1920 2788 2164 2842 rent,ut
2220 2783 2315 2849 qui
2370 2782 2770 2850 imprudentius
2820 2794 2876 2839 et
2930 2787 3389 2843 inconsideratius
3415 2790 3467 2843 in

1920 2868 2006 2925 his
2029 2871 2192 2925 rebus
2212 2887 2270 2927 se
2299 2885 2579 2941 gererent,
2605 2884 2660 2929 et
2709 2875 2887 2942 bonis,
2933 2893 3052 2946 qua:
3110 2878 3384 2933 habebant
3413 2880 3467 2933 in

1918 2960 2189 3025 manibus,
2226 2963 2393 3017 stulte
2422 2963 2743 3031 praeferrent
2764 2982 2850 3031 ea,
2903 2982 3023 3035 qum
3082 2971 3469 3037 exspectaban-

262 3044 500 3112 μῶντας.
561 3042 783 3103 Εὖνοίας
818 3038 909 3095 οὖν
934 3045 962 3094 ό
991 3042 1142 3095 Δάων
1180 3043 1277 3111 τῆς
1325 3044 1452 3113 περὶ
1476 3044 1569 3095 τὸν
1592 3044 1817 3111 βασιλέα
1843 3044 1891 3107 C
1922 3060 1931 3103 l

1794 3063 1817 3098 ι
1843 3044 1891 3107 C
1922 3060 2029 3104 tur.
2053 3049 2162 3105 Leo
2197 3067 2326 3121 ergo
2354 3068 2478 3107 cum
2504 3054 2772 3110 induisset
2804 3072 3091 3123 personam
3135 3059 3463 3114 benevolen-

259 3132 900 3204 προσωπεῖονύπελθὼν,
934 3132 1062 3202 περὶ
1087 3133 1285 3195 παντός
1310 3149 1371 3184 τε
1435 3135 1701 3187 ποιεῖσθαι
1725 3136 1817 3187 καὶ

257 3225 587 3293 θεραπεύειν
646 3224 970 3296 ὑπεκρίνετο
1001 3223 1211 3278 τοῦτον.
1244 3224 1401 3276 Μετὰ
1432 3224 1524 3277 οὖν
1562 3227 1659 3288 τὴν
1713 3227 1818 3279 ὑπ’

256 3315 422 3367 αὑτοῦ
444 3315 819 3383 γεγενημένην
848 3308 1020 3384 ἧτταν
1048 3313 1144 3382 τὴν
1192 3313 1517 3379 ἐθελούσιον,
1547 3315 1640 3367 τοῦ
1665 3315 1816 3384 βασι·

255 3405 394 3467 ut»;
453 3405 672 3475 Μιχαὴλ
723 3406 859 3473 πρὸς
910 3406 972 3457 τὸ
1019 3405 1313 3463 Βυζάντιον
1356 3405 1814 3476 ὑποστρέψαντος,

255 3498 402 3553 κτὰ
462 3497 650 3563 καιρὸν
689 3498 893 3558 ἐκεῖνος
925 3496 1023 3564 τὴν
1057 3494 1222 3547 ώδζνα
1248 3496 1345 3564 τῆς
1385 3496 1609 3564 καρδίας
1639 3498 1816 3567 ἐκφή-

258 3606 376 3653 νας,
401 3592 495 3641 καὶ
524 3589 614 3640 τὸν
641 3588 790 3649 ἐντὸς
816 3586 1164 3649 ἀνακαλύψας
1183 3586 1404 3652 Λέοντα,
1430 3589 1555 3650 τοὺς
1582 3588 1647 3640 τὰ
1688 3588 1817 3641 Ῥω-

256 3684 438 3753 μαίων
482 3677 833 3751 ληίζομὲνους
878 3682 1209 3745 καταλιπὼν,
1236 3681 1417 3744 εὐθὺς,
1449 3681 1523 3742 ὡς
1574 3678 1687 3750 εἶχε
1723 3682 1816 3733 τάο

253 3774 413 3843 κους,
438 3772 717 3835 ὁπλίζεται
742 3772 884 3825 κατά
910 3774 1019 3825 τῶν
1045 3772 1283 3835 οἰκείων,
1310 3773 1405 3825 καὶ
1435 3772 1683 3840 βασιλεὺς
1712 3773 1815 3824 ιτδ

251 3864 365 3917 ¹ιῶν
425 3864 705 3931 παρόντων
740 3861 1152 3931 ἀναγορεύεται,
1203 3862 1299 3913 καὶ
1335 3862 1433 3930 τὴν
1472 3860 1814 3930 περιώνυμον

251 3954 365 4006 τῶν
402 3954 607 4005 πόλεων
652 3951 935 4019 καταλαμὸ
948 3953 1082 4003 ἁνει.
1126 3950 1185 4001 '0
1208 3948 1426 4018 Μιχαὴλ
1458 3948 1514 4001 δὲ
1546 3951 1641 4001 καὶ
1665 3948 1813 4001 ἄκων

254 4043 406 4110 αὐτῷ
434 4043 752 4111 παραχωρεῖ
776 4040 876 4108 τῆς
920 4039 1220 4107 βασιλείας,
1266 4040 1447 4109 ὅρκοις
1480 4039 1692 4100 πολλοῖς
1721 4039 1812 4090 καὶ

254 4138 577 4201 ἀσςεαλὲσιν,
630 4136 705 4196 ώς
767 4132 920 4201 ᾤετο,
957 4135 1197 4185 πίστεσιν
1247 4127 1587 4196 ἑαυτὸν,οῒον
1619 4133 1808 4194 εἰπεῖν,

255 4224 579 4295 ἐμπεδώσας
605 4224 698 4276 καὶ
728 4224 959 4293 βεδαίως
998 4224 1453 4290 ἀσφαλισάμενος,
1481 4223 1565 4290 ἐφ’
1588 4216 1630 4288 ᾧ
1664 4237 1796 4288 συγ⁴

257 4314 511 4384 χωρῆσαι
535 4312 721 4365 τοῦτον
754 4312 869 4381 ἅμα
906 4313 1126 4380 γυναικὶ
1159 4312 1388 4372 καὶτοῖς
1410 4312 1619 4373 τέκνοις
1662 4311 1806 4363 ἰδιωο

253 4406 425 4465 τικῶς
454 4407 572 4475 ζῇν.

326 4498 411 4550 K'.
456 4496 514 4547 '0
551 4494 608 4547 δὲ
631 4493 766 4564 ὀμοῦ
788 4493 865 4563 τῷ
895 4494 995 4561 τῆς
1012 4494 1186 4564 ἀρχῆς
1217 4492 1491 4562 ιπισῆναι,
1512 4492 1670 4555 εὐθὺς
1691 4493 1805 4548 ὦσ-

259 4602 366 4653 περ
382 4589 460 4648 εἰς
489 4584 658 4653 λήθην
681 4585 892 4638 πάντων
924 4584 1110 4648 ἐλθὼν,
1142 4584 1233 4636 καὶ
1255 4583 1478 4652 μηδενὸς
1505 4584 1796 4653 φροντίσας

251 4668 329 4732 ὧν
362 4676 467 4728 ὑπὸ
513 4676 749 4745 μάρτυρι
788 4675 864 4744 τῷ
914 4673 1031 4743 Θεῷ
1082 4673 1426 4742 ἀπωμόσατο,
1487 4675 1675 4740 πρῶτα
1712 4675 1809 4743 μὲν

254 4766 553 4837 ὑπερορίαν
611 4766 704 4818 τοῦ
734 4782 790 4817 τε
834 4764 1050 4834 Μιχαὴλ
1104 4766 1198 4816 καὶ
1247 4767 1346 4831 τῆς
1400 4763 1635 4831 συζύγου
1658 4764 1806 4817 τοῦδε

252 4858 609 4928 κατακρίνει⁹
645 4857 782 4925 μετᾶ
815 4856 987 4925 βραχὺ
1015 4856 1071 4908 δὲ
1106 4857 1167 4908 τδ
1199 4855 1309 4907 τῶν
1335 4856 1584 4924 μοναχῶν
1618 4856 1806 4924 σχῆμα

256 4949 351 5001 καὶ
400 4949 631 5007 ἄκοντας
683 4945 879 5007 αὐτοὺς
936 4944 1235 5010 μετενδύει.
1283 4946 1355 4996 Οὐ
1400 4946 1560 5014 μέχρι
1590 4946 1646 4997 δὲ
1682 4946 1807 4998 τοὺ-

252 5054 364 5091 των
392 5037 545 5105 ἔστη,
597 5034 731 5086 ἀλλὰ
769 5034 859 5086 καὶ
913 5034 1121 5101 ὀλίγαις
1175 5032 1403 5101 ὕστερον
1444 5035 1673 5104 ἡμέραις
1714 5036 1806 5086 ἀ).-

252 5126 428 5194 λήλων
458 5126 718 5188 διέζευξε,
744 5124 838 5177 καὶ
865 5126 1047 5193 μένειν
1075 5122 1208 5191 ὁμοῦ
1244 5124 1380 5176 κατά
1405 5123 1585 5191 χώραν
1611 5126 1803 5182 αὐτοὺς

247 5218 353 5271 οὐκ
386 5218 588 5277 εῐασεν,
632 5215 767 5269 ἀλλά
792 5214 883 5267 τὸν
916 5216 1013 5284 μὲν
1044 5213 1319 5282 ἀλλαχόθι,
1368 5214 1463 5281 τὴν
1492 5214 1548 5265 δὲ
1580 5214 1802 5283 ἑτέρωθι

251 5307 437 5376 φέρων
491 5305 758 5374 ἀπῴκισε.
819 5303 934 5356 Καὶ
982 5303 1086 5371 ὅρα
1144 5302 1303 5371 μέχρι
1355 5301 1519 5353 πόσον
1583 5304 1799 5370 πρόεισι

253 5398 529 5469 μοχθηρία
557 5397 841 5465 δυνάμεως
871 5392 1265 5461 ὲπιλαὸομένη.
1320 5392 1491 5453 Εὐθὺς
1520 5395 1625 5463 γὰρ
1644 5398 1671 5446 ὁ
1711 5396 1802 5446 καὶ

247 5485 561 5555 ήνκλῆσῑν
613 5484 708 5536 καὶ
762 5481 851 5534 τὸν
914 5479 1115 5550 τρόπον
1164 5477 1288 5549 θὴρ,
1340 5483 1431 5532 καὶ
1460 5483 1576 5531 κατ’
1615 5483 1800 5543 αὐτοῦ,

249 5581 305 5636 et
332 5598 422 5650 μοι
448 5582 459 5633 l
495 5577 757 5649 Χριστοῦ,
792 5580 885 5632 καὶ
908 5577 1008 5646 τῆς
1063 5568 1225 5626 αὐτοῦ
1249 5571 1408 5637 ἁγίας
1444 5574 1646 5636 εἰκόνος
1675 5577 1800 5626 λυτ-

249 5681 446 5747 τήσας,
480 5675 697 5737 πολλαῖς
738 5676 941 5735 αἰκίαις
1004 5674 1316 5742 περιϐάλλει
1366 5671 1487 5731 τοὺς
1516 5669 1615 5735 τῆς
1644 5667 1798 5719 εὐσε-

252 5767 410 5827 ϐείας
438 5764 840 5834 προσκυνητὰς,
888 5764 997 5816 τῶν
1030 5763 1335 5831 προσόντι-ιν
1366 5777 1421 5813 τε
1480 5759 1794 5827 ἀλλοτριῶν,

1922 3138 2007 3192 tia:
2040 3140 2094 3193 in
2150 3141 2557 3209 imperatorem,
2616 3146 2904 3199 simulabat
2952 3161 3010 3200 se
3061 3163 3185 3201 eum
3246 3150 3465 3203 iiiaximi

1917 3228 2095 3283 facere
2115 3240 2171 3284 οι
2189 3233 2390 3287 colere.
2427 3234 2555 3288 Post
2582 3235 2729 3289 illam
2752 3247 2935 3291 autem
2965 3239 3171 3292 cladem
3225 3239 3294 3293 ab
3348 3241 3465 3309 ipso

1914 3317 1982 3371 de
2012 3318 2279 3375 industria
2300 3334 2354 3375 et
2384 3324 2689 3378 voluntarie
2712 3336 3054 3395 conceptam,
3110 3344 3232 3383 cum
3284 3346 3465 3384 rever-

1914 3422 2008 3462 sus
2031 3418 2176 3463 esset
2207 3410 2435 3465 llichael
2481 3413 2819 3483 Byzantium,
2856 3416 2950 3470 illo
2994 3426 3235 3487 tempore
3286 3420 3466 3488 profe-

1917 3511 2062 3561 rens,
2092 3499 2332 3567 quandiu
2354 3502 2705 3569 parturierat,
2738 3514 2794 3557 et
2818 3506 2910 3575 qui
2949 3506 3096 3561 intus
3142 3519 3283 3571 erat,
3329 3509 3467 3565 Leo-

1916 3602 2039 3640 nem
2068 3590 2340 3657 aperiens,
2395 3592 2460 3645 iis
2492 3594 2716 3658 relictis,
2770 3598 2863 3665 qui
2910 3596 3280 3653 Romanorum
3307 3615 3466 3670 agros

1914 3678 2342 3745 populabantur,
2374 3696 2535 3749 quam
2568 3684 2802 3738 maxima
2832 3688 3335 3755 potuitceleritate
3373 3704 3463 3743 ar-

1914 3774 2093 3820 matur
2124 3767 2389 3823 adversus
2440 3786 2570 3825 suos
2627 3774 2778 3827 etab
2829 3775 2916 3840 iis,
2972 3776 3066 3844 qui
3104 3777 3463 3840 aderant,re-

1912 3855 2192 3909 nuntiatur
2246 3858 2562 3927 imperator,
2612 3870 2669 3915 et
2700 3864 2766 3915 ad
2820 3864 3063 3917 omnium
3104 3866 3459 3921 clarissimam

1912 3947 2459 4011 pervenitcivilatem.
2483 3951 2707 4005 Michael
2735 3968 2862 4007 vero
2890 3954 2969 4007 vel
3002 3954 3204 4009 invitus
3228 3957 3279 4010 ei
3316 3957 3462 4011 cedit

1914 4034 2165 4103 imperio,
2198 4054 2321 4092 cum
2341 4043 2697 4112 jurejurando
2730 4045 2800 4098 ab
2824 4061 2891 4101 eo
2927 4056 3149 4116 accepto
3178 4048 3281 4102 sibi
3311 4050 3461 4117 prius

1910 4127 2162 4190 suisset,
2193 4139 2246 4182 et
2277 4130 2381 4185 tide
2402 4132 2601 4201 dignis,
2654 4143 2711 4188 ut
2742 4138 2984 4204 putabat,
3049 4137 3335 4208 promissis
3395 4153 3456 4193 se

1910 4218 2215 4281 muniisset,
2245 4221 2389 4288 quod
2417 4223 2467 4275 ei
2497 4239 2619 4277 cum
2648 4241 2813 4280 uxore
2855 4240 2909 4281 et
2940 4229 3129 4284 liberis
3160 4233 3452 4299 permitte-

1912 4315 1995 4360 ret
2026 4322 2186 4377 agere
2212 4311 2376 4363 vitam
2411 4313 2699 4381 privatam.

1981 4486 2099 4541 XX.
2135 4488 2229 4543 llle
2258 4499 2440 4543 autem
2471 4504 2594 4545 cum
2637 4494 2871 4562 primum
2909 4497 3152 4552 ascendit
3187 4500 3252 4550 ad
3306 4514 3456 4568 mpe-

1913 4575 2073 4640 rium,
2095 4578 2260 4631 veluti
2280 4580 2522 4633 omnium
2546 4581 2769 4647 oblitus,
2798 4592 2853 4637 et
2874 4585 3007 4638 nihil
3026 4601 3222 4640 curans
3243 4601 3453 4650 eorum,

1912 4682 2031 4735 qua:
2060 4668 2168 4721 Deo
2200 4677 2337 4723 teste
2361 4671 2659 4738 juraverat,
2698 4674 2931 4742 primum
2972 4676 3192 4744 quidem
3225 4677 3450 4731 Michae—

1910 4758 2016 4811 lem
2042 4768 2095 4812 et
2155 4760 2275 4829 ejus
2329 4762 2614 4830 conjugem
2681 4765 3007 4820 condemnat
3036 4768 3267 4823 exsilio:
3298 4772 3455 4837 paulo

1912 4858 2030 4914 post
2058 4864 2208 4911 vero,
2235 4850 2423 4904 habitu
2453 4853 2846 4907 monachorum
2899 4856 2979 4910 vel
3006 4857 3203 4910 invitos
3255 4859 3450 4913 induit.

1908 4938 2023 4990 Non
2051 4954 2290 5007 eousque
2334 4952 2516 4995 autem
2568 4945 2857 5007 constitit;
2911 4946 3006 4999 sed
3057 4948 3218 5001 etiam
3268 4952 3453 5017 paucis

1908 5040 2030 5097 post
2064 5032 2256 5085 diebus
2283 5048 2376 5086 cos
2411 5050 2437 5085 a
2464 5050 2518 5088 se
2573 5035 2800 5089 imicem
2852 5038 3145 5105 separavit,
3204 5054 3302 5092 nec
3352 5056 3447 5093 eos

1907 5122 2065 5175 simul
2100 5124 2342 5177 habitare
2378 5126 2501 5178 sivit
2529 5127 2581 5178 in
2619 5128 2857 5197 regione,
2880 5129 2973 5183 sed
3031 5130 3179 5183 illum
3230 5132 3449 5200 quidem

1908 5213 1959 5265 in
1986 5230 2149 5266 unum
2176 5218 2373 5281 locum,
2400 5217 2542 5270 hunc
2572 5232 2701 5271 vero
2726 5218 2780 5271 in
2804 5218 2967 5272 alium
3001 5221 3277 5289 relegavit.
3314 5222 3448 5277 Vide

1905 5314 2239 5374 autcm,quo
2277 5309 2531 5373 procedat
2557 5308 2874 5377 improbitas
2942 5322 3262 5379 petestatem
3319 5330 3451 5366 con-

1903 5392 2087 5449 secuta
2123 5415 2137 5448 :
2174 5398 2351 5450 statim
2381 5398 2526 5451 enim
2574 5400 2666 5468 qui
2694 5409 2749 5453 et
2812 5400 3031 5454 nomine
3089 5411 3145 5455 et
3202 5404 3444 5457 moribus

1901 5497 2021 5541 erat
2046 5488 2244 5551 bellua,
2273 5490 2326 5541 in
2356 5490 2552 5558 ipsum.
2586 5506 2682 5560 pro
2706 5491 2896 5546 dolor!
2927 5492 3204 5547 Christum
3228 5505 3285 5548 et
3310 5498 3442 5565 ejus

1904 5578 2190 5648 imaginem
2218 5580 2362 5634 rabie
2393 5583 2717 5651 exagitatus,
2760 5584 2949 5639 multis
2965 5583 3129 5640 aﬂicit
3155 5588 3441 5655 suppliciis

1903 5685 2042 5723 verae
2068 5670 2285 5738 pietatis
2332 5672 2668 5736 adoratores,
2728 5675 2797 5728 ab
2853 5677 2940 5740 iis,
2990 5691 3109 5744 quae
3144 5677 3437 5739 habebant,

1901 5762 2142 5815 alirnans
2192 5772 2244 5815 ct
2292 5763 2676 5831 exterminans,
2708 5765 2851 5833 quod
2886 5782 2990 5819 non
3020 5766 3220 5821 Christi
3244 5778 3295 5822 et
3325 5772 3443 5838 ejus
