4226 6418
683 383 749 444 59
1893 381 2176 439 MENSIS
2216 382 2649 446 NUVEMBER.
3830 384 3902 446 60

750 487 938 546 XXIV.
972 487 1206 554 Quidam
1261 490 1411 544 enim
1459 491 1767 550 Eustratius
1827 495 2072 559 nomine,
2142 493 2234 563 qui
2266 498 2310 551 Δ
2408 496 2419 547 l

2233 540 2234 545 η
2266 498 2310 551 Δ
2408 492 2533 547 ΚΔἏ
2578 491 2904 565 Eua-spinos
2959 496 3069 564 γάρ
3114 511 3198 558 τις
3229 495 3419 563 όνομα,
3454 494 3594 564 ἀνὴρ
3622 494 3712 546 τὸν
3739 495 3902 549 αὐτὸν

682 581 929 637 eamdem
961 581 1131 634 vitam
1159 596 1324 651 quam
1367 582 1563 638 beatus
1585 585 1893 652 exercebat,
1957 587 2235 657 magnoin

682 689 808 729 eum
837 680 960 726 erat
981 672 1100 727 zelo
1132 673 1382 739 aﬂectus,
1407 683 1462 729 et
1491 677 1824 731 incitabatur
1861 678 1927 732 ad
1973 680 2093 748 ejus
2117 679 2238 732 imi-

682 764 969 828 tationem,
995 774 1053 820 et
1080 766 1300 819 maximi
1323 764 1558 822 faciebat
1595 769 1784 823 videre
1814 783 1900 834 ea,
1962 785 2084 839 qua:
2136 771 2239 826 fie-

681 856 813 909 bant
840 871 870 909 a
929 865 1139 912 sancto.
1173 857 1310 911 Eum
1334 873 1467 928 ergo
1520 859 1814 929 aliquando
1855 871 2076 916 secutus
2113 877 2238 916 cum

681 954 848 1008 esset,
881 961 1075 1015 preces
1104 957 1397 1002 consuetas
1419 948 1652 1004 Domino
1714 951 2054 1015 redditurus.
2113 970 2239 1009 cum

684 1052 764 1100 se,
793 1046 850 1091 ut
875 1039 1079 1108 potuit,
1101 1039 1498 1107 abscondisset,
1556 1057 1625 1097 ne
1676 1043 1744 1098 ab
1785 1045 1880 1099 illo
1939 1045 2239 1116 videretur,

683 1138 738 1182 et
805 1130 878 1184 ibi
949 1131 1530 1211 permansissetuoto
1596 1143 1842 1206 tempore
1889 1139 2240 1206 precationis,

686 1221 898 1289 stupuit
926 1223 1166 1290 quidem,
1207 1223 1355 1292 quod
1394 1223 1532 1279 adeo
1557 1228 1814 1281 ardenter
1841 1237 1898 1282 et
1949 1231 2243 1286 vehemen-

690 1319 773 1363 ter
799 1322 944 1366 esset
968 1313 1209 1368 intentus
1264 1315 1546 1371 orationi:
1603 1319 1816 1387 stupuit
1839 1329 2020 1376 autem
2074 1327 2238 1378 etiam

688 1404 835 1472 quod
901 1421 989 1458 res
1042 1404 1229 1461 divina
1288 1406 1344 1460 in
1375 1422 1498 1462 eum
1547 1410 1951 1474 ostenderetur,
2008 1423 2062 1468 et
2095 1416 2240 1483 quod

687 1510 796 1547 non
855 1496 1033 1548 solum
1091 1497 1307 1565 spiritu,
1373 1498 1469 1552 sed
1523 1499 1686 1552 etiam
1717 1516 1944 1570 corpore
1994 1504 2243 1559 sublimis

690 1585 758 1638 ab
785 1601 850 1639 eo
880 1597 1214 1651 cerneretur,
1231 1598 1286 1642 et
1305 1605 1596 1660 assurgens
1621 1607 1649 1645 a
1672 1596 1834 1646 rebus
1857 1597 2238 1652 terrestribus.

694 1674 806 1728 lloc
844 1692 972 1745 ergo
1023 1659 1146 1730 cum
1200 1680 1544 1748 cognovisset
1602 1681 1692 1736 ille
1759 1682 1972 1749 beatus,
2033 1694 2242 1739 tantum

689 1766 862 1820 abfuit
887 1778 945 1822 ut
968 1784 1092 1822 eum
1121 1779 1405 1839 propterea
1431 1771 1756 1837 laudaverit,
1808 1784 1867 1828 ut
1916 1791 2040 1829 eum
2076 1780 2241 1831 etiam

690 1858 972 1911 curiosum
1007 1861 1211 1929 aliquid
1243 1860 1434 1916 fecisse
1459 1865 1531 1917 sit
1559 1865 1884 1934 suspicatus.
1921 1877 1972 1921 et
2010 1871 2249 1937 graviter

691 1949 1076 2018 increpaverit,
1132 1953 1367 2008 dicens:
1402 1975 1419 2006 ι
1455 1956 1571 2009 Non
1641 1957 1911 2010 habitabit
1981 1960 2134 2028 juxta
2198 1971 2248 2016 te

693 2039 961 2108 malignus
985 2041 1023 2091 ⁸.
1058 2061 1073 2090 ι
1107 2042 1180 2095 Ita
1212 2044 1730 2100 studebutseorsum
1769 2050 2030 2105 invocare
2064 2053 2249 2106 Domi-

692 2145 840 2180 num.
893 2129 1152 2194 Qua-num
1202 2145 1382 2188 autem
1443 2136 1651 2191 fuerint
1703 2139 1961 2209 deinceps
1990 2146 2249 2210 praeclare

691 2218 759 2269 ab
783 2233 847 2270 eo
870 2231 1040 2287 gesta,
1074 2222 1136 2272 ad
1168 2239 1229 2275 ea
1251 2223 1358 2292 jam
1391 2227 1583 2280 transit
1605 2228 1798 2282 oratio.

763 2309 925 2363 XXV.
991 2313 1097 2367 Mul
1124 2329 1183 2366 er
1261 2315 1506 2384 quaedam
1589 2333 1712 2372 cum
1775 2335 1893 2375 eam
1957 2324 2012 2376 in
2060 2323 2247 2378 orbem

695 2398 849 2450 ιιιιιΙίί
877 2399 1376 2457 circumdedissent
1399 2413 1455 2458 et
1482 2405 1813 2462 invasissent
1866 2410 2162 2476 daemones,
2196 2426 2252 2468 et

694 2504 811 2541 eam
842 2489 1106 2559 adturpia
1153 2492 1434 2555 irritarent
1487 2496 1786 2566 desideria,
1842 2518 1963 2557 cum
2013 2507 2251 2562 nesciret

696 2595 926 2644 quanam
976 2582 1186 2636 ratione
1249 2585 1447 2641 vitaret
1503 2589 1827 2656 periculum,
1879 2595 2123 2666 confugit
2185 2599 2253 2652 ad

697 2670 1063 2736 Joannicium,
1094 2675 1188 2743 qui
1216 2685 1642 2748 erat-promptus
1668 2698 1731 2736 ac
1787 2696 2010 2753 paratus
2040 2689 2107 2743 ad
2134 2705 2253 2746 eam

697 2758 1112 2822 defendendam,
1173 2771 1228 2815 et
1274 2764 1328 2818 ei
1373 2770 1624 2823 enuntiat
1666 2770 1971 2836 daemonum
2004 2775 2253 2846 insidias,

699 2860 754 2900 ‹-ι
780 2864 846 2902 eo
887 2852 1057 2904 utitur
1089 2852 1340 2922 adjutore
1385 2865 1576 2912 contra
1614 2859 1977 2919 adversarios.
2038 2865 2132 2922 llle
2156 2885 2257 2922 au-

704 2951 807 2991 tum
843 2951 1093 3008 precatus
1119 2952 1200 2996 cst
1226 2943 1513 2999 Dominum
1540 2963 1608 3002 ne
1631 2950 1829 3006 mulier
1880 2956 2114 3023 amplius
2167 2974 2260 3013 ve-

705 3043 925 3084 xarctur
979 3047 1008 3084 a
1032 3032 1373 3089 daemonibus
1403 3053 1418 3090 :
1445 3037 1651 3101 bellum
1703 3057 1834 3096 vero
1873 3042 1928 3096 in
1955 3059 2012 3098 se
2037 3061 2262 3102 conver-

2342 584 2589 647 κάκεῖνος
2625 583 2822 656 μετιὼν
2873 583 2983 655 βίον
3020 583 3098 655 τῷ
3142 583 3445 657 μακαρίτῃ,
3493 584 3689 655 ἐζήλου
3719 600 3777 637 τε
3832 586 3901 639 τὰ

2340 674 2638 738 αύτοῦ,καὶ
2665 673 2802 744 πρὸς
2832 673 3063 746 μίμησιν
3085 675 3410 738 διανίστατο,
3457 677 3550 728 καὶ
3595 675 3731 744 ὅπερ
3764 674 3902 728 αὐτὰ

2338 768 2408 823 τὰ
2435 768 2584 838 παρά
2632 766 2729 822 τοῦ
2771 767 2929 837 ἀγίου
2976 767 3274 838 τελούμενα
3303 767 3475 838 θεῷτο
3509 769 3639 838 περὶ
3700 766 3901 832 παντὸς

2341 859 2604 913 ἐποιεῖτο.
2666 855 3063 924 ’Δκολουθήσας
3083 855 3174 909 οὖν
3224 871 3355 908 ποτε
3387 855 3562 922 αὐτῷ,
3610 853 3713 918 τάς
3739 853 3906 924 συνήι-

2341 949 2450 1011 θεις
2480 947 2771 1002 ἀποδοῦναι
2836 947 3084 1016 μὲλλοντι
3130 945 3210 1020 τῷ
3252 945 3441 1016 Κυρίῳ
3491 945 3677 1015 εύχάς,
3711 945 3904 997 ἑαυτόν

2339 1057 2398 1092 τε
2431 1040 2505 1103 ὡς
2526 1040 2654 1109 δνῆν
2679 1036 3023 1108 ὑποκρύψας,
3055 1037 3192 1106 ὅπερ
3222 1036 3298 1107 μὴ
3329 1035 3419 1089 ὑπ’
3453 1036 3665 1088 ικείνου
3691 1034 3887 1107 ὁρῷτο,

2341 1131 2437 1184 καὶ
2455 1133 2585 1199 παρ’
2602 1130 2732 1200 ὅλην
2759 1129 2909 1199 αὐτῷ
2938 1129 3434 1198 προσκαρτερήσας
3460 1127 3560 1190 τὴν
3592 1127 3904 1196 προσευχὴν

2343 1222 2658 1292 κατεπλάγη
2697 1221 2796 1290 μιν
2826 1215 2908 1284 οἷς
2941 1215 3094 1283 οὗτος
3151 1219 3356 1281 ἐποίει,
3386 1217 3608 1289 θερμῶς
3638 1216 3783 1280 ἄγαν
3809 1217 3907 1270 καὶ

2344 1314 2622 1381 περικαῶς
2681 1313 3080 1383 προσκείμενος
3127 1313 3194 1380 τῇ
3254 1310 3478 1381 δεήσει·
3501 1310 3816 1380 κατεπλάγη
3848 1310 3906 1362 δὲ

2344 1406 2438 1458 καὶ
2493 1399 2574 1466 οἷς
2601 1404 2662 1457 τὸ
2720 1404 2864 1458 θείον
2919 1402 3262 1457 ἐπεδείκνυτο
3294 1402 3376 1464 είς
3399 1401 3581 1466 αὑτὸν,
3633 1403 3728 1455 καὶ
3760 1402 3908 1464 ὅπως

2345 1495 2405 1547 οὐ
2440 1494 2712 1564 πνεύματι
2769 1495 2950 1566 μόνον.
3009 1493 3144 1548 ἀλλὰ
3205 1493 3302 1546 καὶ
3360 1491 3574 1561 σώματι
3634 1492 3908 1561 μετέωρος

2347 1585 2493 1654 αὐτῷ
2526 1585 2742 1654 ἐθεάθη.
2771 1585 2996 1640 καὶτῶν
3025 1587 3228 1653 γηΐνων
3256 1583 3716 1652 ἀπανιστάμενος.
3739 1581 3910 1634 Τοῦτο

2347 1675 2523 1730 τοίνυν
2553 1679 2580 1730 ό
2611 1679 2880 1747 μακάριος
2928 1676 3112 1745 γνοὺς,
3142 1675 3391 1729 τοσοῦτον
3415 1673 3601 1745 ιδέησε
3628 1671 3720 1726 τὸν
3746 1671 3912 1743 ἄνδρα

2349 1763 2444 1817 τοῦ
2497 1766 2818 1835 πράγματος
2865 1767 3176 1830 ἐπαινέσαι,
3228 1765 3341 1835 δσῳ
3367 1766 3460 1818 καὶ
3511 1762 3803 1835 περίεργόν
3856 1777 3911 1816 τε

2354 1859 2526 1908 ποιεῖν
2588 1857 2850 1920 ὑπέλαϐε,
2881 1859 2974 1910 καὶ
3004 1856 3216 1925 βαρέως
3263 1855 3411 1925 αύτῷ
3442 1856 3796 1924 ἐπετίμησεν,
3833 1851 3910 1906 Οὐ

2352 1950 2674 2018 παροικήσει
2713 1963 2804 2001 ’σοι
2838 1949 3289 2019 πονηρευόμενος,
3334 1948 3526 2002 είπών.
3559 1945 3716 2001 οὕτω
3745 1959 3914 1998 κατα·

2357 2039 2885 2108 μόνας¹ὲσπούδαζεν
2909 2039 3288 2094 ἐπικαλεῖσθαι
3310 2039 3401 2092 τδν
3421 2039 3648 2108 Κύριον.
3683 2037 3821 2089 Τίνα
3853 2034 3914 2088 δι

2355 2129 2446 2182 καὶ
2479 2128 2546 2181 τὰ
2589 2129 2837 2181 ἐντεῦθεν
2862 2129 2956 2182 τοῦ
2989 2129 3176 2198 ἀνδρὸς
3240 2126 3668 2197 κατορθώματα,
3695 2123 3793 2178 καὶ
3820 2122 3915 2176 ἰπὶ

2350 2222 2470 2273 τίνα
2491 2221 2559 2274 τὰ
2592 2221 2684 2275 τοῦ
2715 2221 2872 2288 λόγου
2894 2221 3113 2292 ἔρχεται
3138 2221 3463 2290 μεταϐῆναι.

2427 2317 2553 2370 KE'.
2607 2314 2833 2367 Γύναιόν
2853 2331 2904 2367 τι
2956 2313 3142 2384 κύκλῳ
3169 2311 3611 2380 συνεπιθεμένων
3642 2312 3919 2380 δαιμόνων

2355 2408 2584 2471 πολλῶν,
2654 2407 2751 2458 καὶ
2809 2405 2946 2473 πρὸς
3004 2404 3239 2466 ἀτόπους
3283 2403 3658 2472 ικμαινόντων
3714 2403 3915 2472 ὁρμὰς,

2354 2498 2476 2550 επεὶ
2536 2498 2636 2551 οὐκ
2699 2492 2845 2565 εἶχεν
2873 2497 3021 2557 ὅπως
3043 2496 3136 2548 τὸν
3186 2494 3431 2548 κίνδυνον
3466 2494 3761 2563 διαδράσει,
3827 2492 3921 2546 ἰπὶ

2353 2592 2445 2643 τὸν
2471 2591 2684 2659 ἕτοιμον
2712 2591 2940 2656 ἀμύνειν
2981 2588 3306 2640 Ἰωαννίκιον
3354 2589 3709 2655 καταφεύγει,
3745 2586 3920 2656 τούτῳ

2353 2699 2413 2735 τε
2438 2681 2504 2734 τὰ
2531 2683 2631 2750 τῆς
2671 2680 2780 2732 τῶν
2813 2679 3086 2747 δαιμόνων
3123 2677 3418 2745 επιϐουλῆς
3454 2677 3795 2744 ἐξαγγέλλει,
3825 2677 3920 2737 καὶ

2356 2773 2501 2842 αύτῷ
2557 2771 2739 2842 βοηθῷ
2796 2771 2993 2840 χρῆται
3016 2769 3159 2822 κατὰ
3189 2769 3297 2821 τῶν
3321 2766 3600 2821 ἐναντίων.
3644 2767 3703 2820 '0
3740 2767 3802 2820 δδ
3845 2767 3920 2835 τῷ

2360 2863 2550 2932 Κυρίῳ
2611 2860 2978 2931 προσηύξατο,
3041 2861 3241 2928 μηκέτι
3273 2858 3372 2926 μὶν
3394 2857 3494 2928 τὴν
3529 2860 3761 2924 γυναῖκα
3815 2857 3922 2909 ὑπὸ

2357 2955 2628 3024 δαιμόνων
2681 2950 3052 3022 ἑνοχληθῆναι,
3109 2949 3199 3002 ἐπ’
3248 2949 3408 3002 αὐτὸν
3438 2948 3493 3001 δὲ
3536 2950 3627 3002 τὸν
3689 2949 3923 3018 πόλεμον

2367 3045 2721 3114 μεταπεσεῖν,
2784 3041 3043 3109 κάκείνην
3096 3039 3190 3093 τοῦ
3259 3039 3466 3103 πάθους
3515 3040 3921 3106 ἀπαλλαγῆναι.

667 3140 670 3142 ν
705 3127 932 3180 teretur,
954 3127 1008 3174 et
1039 3119 1126 3174 illa
1150 3120 1475 3176 liberaretur
1513 3123 1581 3178 ab
1606 3125 1772 3180 animi
1823 3130 2257 3196 perturbatione.
2287 3167 2329 3223 ο

2253 3174 2257 3186 ,
2287 3167 2329 3223 c
2373 3137 2623 3206 Ἐθάρῤει
2655 3134 2764 3204 γὰρ
2783 3133 2878 3204 τὴν
2916 3132 3094 3186 αὐτῶν
3128 3132 3430 3223 προσϐολῆν
3451 3133 3756 3223 ἀνέχεσθαι,
3779 3133 3922 3223 διδα-

703 3209 1028 3264 Conddebat
1076 3214 1222 3265 enim
1252 3227 1310 3266 se
1343 3228 1501 3281 posse
1527 3229 1716 3269 eorum
1770 3220 2042 3276 sustinere
2090 3222 2260 3292 impe-

706 3311 842 3363 tum,
871 3316 994 3356 cum
1061 3303 1285 3358 haberet
1310 3319 1504 3359 manus
1535 3306 1723 3362 doctas
1765 3309 1829 3362 ad
1856 3309 2085 3376 bellum,
2114 3323 2171 3367 et
2195 3313 2260 3369 ad

709 3407 894 3444 arcum
925 3408 1135 3446 aeneum
1167 3397 1470 3463 composita
1504 3397 1750 3452 brachia.
1803 3400 1898 3454 Ille
1919 3417 2049 3472 ergo
2075 3404 2262 3459 statim

708 3481 927 3548 quidem
953 3483 1209 3552 precibus
1238 3495 1489 3554 tanquam
1540 3489 1660 3543 telis
1704 3489 1974 3545 daemones
2017 3494 2260 3561 conﬁxit,

712 3587 835 3624 cum
865 3588 966 3625 nec
991 3575 1228 3641 primum
1262 3577 1482 3643 quidem
1504 3579 1624 3648 ejus
1655 3579 1916 3647 impetum
1971 3585 2265 3638 sustinuis-

709 3672 854 3717 sent.
891 3663 1083 3716 Mulier
1121 3678 1300 3719 autem
1327 3667 1430 3720 fuit
1473 3669 1699 3722 liberata
1727 3669 1796 3723 ab
1847 3671 2015 3727 animi
2048 3685 2266 3744 pertur-

711 3753 957 3816 batione,
988 3764 1036 3808 et
1070 3756 1289 3809 domum
1329 3773 1568 3820 revcrsa,
1597 3758 1708 3812 Deo
1749 3760 2151 3829 universorum,
2210 3773 2266 3820 et

708 3846 829 3914 ejus
885 3862 1041 3900 servo
1075 3848 1380 3913 Juannicio,
1434 3859 1708 3918 acceptam
1765 3851 2071 3908 ascribebat
2119 3856 2266 3909 salu-

711 3943 843 3989 tem.

786 4023 973 4078 XXVI.
1003 4024 1142 4090 Quid
1165 4042 1317 4096 ergo,
1368 4029 1462 4096 qui
1520 4029 1702 4083 omnia
1751 4030 1979 4096 audent,
2028 4031 2264 4102 improbi

711 4122 768 4167 et
801 4115 1055 4169 malitiosi
1081 4117 1392 4173 dannones?
1413 4120 1530 4174 Non
1557 4121 1691 4174 satis
1717 4121 1994 4176 duxerunt
2013 4137 2072 4176 se
2094 4123 2266 4179 fuisse

716 4207 884 4258 semel
909 4206 1130 4261 affectos
1175 4209 1491 4287 ignominia,
1541 4225 1643 4264 nec
1691 4211 1771 4267 eis
1824 4212 2043 4268 suﬂ‘ecit
2098 4215 2266 4268 semel

713 4293 878 4349 fuisse
930 4297 1136 4362 victos;
1190 4300 1285 4353 sed
1349 4301 1529 4355 missis
1584 4302 1820 4368 insidiis,
1876 4318 1996 4372 quae
2044 4313 2266 4359 structa

714 4385 932 4439 fuerant
967 4387 1324 4452 in'fcminam,
1357 4400 1603 4446 sanctum
1635 4394 2047 4462 aggrediuntur,
2072 4405 2125 4450 et
2147 4411 2266 4463 qua

2363 3222 2518 3293 χθεὶς
2542 3223 2644 3301 dub
2667 3221 2823 3284 Θεοῦ,
2847 3222 2945 3282 τὰς
2975 3221 3158 3290 χεῖρας
3189 3219 3269 3281 είς
3294 3218 3525 3286 πόλεμον
3552 3220 3644 3270 καὶ
3671 3219 3750 3280 είς
3777 3218 3927 3280 τόξον

2366 3312 2595 3385 χαλκοῦν
2626 3309 3022 3380 συναρμοσθεὶς
3046 3308 3171 3370 τοὺς
3202 3307 3515 3377 βραχίονας.
3569 3306 3744 3368 Εὐθὺς
3767 3305 3863 3361 οὖν
3896 3308 3926 3358 ό

2370 3404 2470 3474 μιν
2525 3397 2612 3455 οἷα
2670 3400 2846 3470 βέλεσι
2901 3399 3019 3461 ταῖς
3090 3399 3422 3467 προσευχαίς
3483 3397 3611 3458 τοὺς
3669 3395 3928 3464 δαίμονας

2367 3497 2743 3558 κατετόξευσε,
2787 3493 2921 3562 μηδὲ
2952 3492 3050 3560 τὴν
3082 3491 3304 3561 πρώτην
3344 3490 3651 3560 προσϐολὴν
3677 3490 3924 3556 ἐνεγκόν-

2366 3605 2464 3651 τας
2490 3604 2502 3619 ·
2540 3589 2573 3656 ἡ
2599 3585 2734 3654 γυνὴ
2772 3586 2828 3637 δὲ
2875 3583 2968 3637 τοῦ
2989 3583 3194 3647 πάθους
3222 3584 3443 3652 ἀφείθη,
3472 3584 3567 3636 καὶ
3585 3582 3926 3651 ἀναστρέψα-

2369 3693 2434 3729 σα
2462 3676 2621 3739 οῐκοι,
2670 3676 2747 3744 τῷ
2808 3677 2899 3728 επὶ
2947 3677 3164 3731 πάντων
3219 3673 3359 3744 Θεῷ,
3403 3673 3496 3726 καὶ
3545 3671 3621 3741 τῷ
3645 3671 3806 3724 αὑτοῦ
3838 3672 3929 3723 θε-

2367 3766 2590 3837 ράποντι
2623 3765 2933 3836 Ίωαννικίῳ
2961 3767 3030 3819 τά
3067 3765 3165 3835 τῆς
3187 3763 3463 3834 σωτηρίας
3493 3762 3792 3832 ιπὲγραφε.

2437 4030 2583 4100 KG‘.
2615 4031 2682 4084 τί
2711 4049 2803 4084 ουν
2826 4033 2872 4082 oi
2902 4030 2971 4081 τὰ
3026 4029 3200 4081 πάντα
3261 4027 3569 4096 τολμῶντες
3611 4025 3927 4094 κακότεχνοι

2365 4126 2651 4194 δαίμονες;
2709 4123 2823 4175 Ούκ
2856 4122 3147 4190 ἠγάπησαν
3193 4118 3340 4182 ἃπαξ
3381 4117 3784 4188 αίσχυνθέντες,
3810 4118 3932 4170 οὐδ’

2367 4217 2459 4268 ἐπὶ
2489 4215 2585 4283 τῆς
2623 4214 2844 4282 πρώτης
2888 4211 3108 4280 ἔμειναν
3135 4210 3303 4278 ἥττης
3329 4225 3342 4238 ·
3379 4208 3493 4260 ἀλλ’
3531 4207 3795 4276 ἀφέμενοι
3832 4212 3929 4279 τῆς

2368 4307 2509 4360 κατά
2529 4305 2623 4358 τοῦ
2657 4303 2879 4371 γυναίου
2906 4301 3217 4370 ἐπιϐουλῆς,
3248 4299 3642 4370 προσϐάλλουσι
3666 4299 3744 4367 τῷ
3768 4300 3930 4368 ἁγίῳ,

2370 4397 2465 4448 καὶ
2500 4393 2536 4447 ἃ.
2559 4394 2676 4445 κατ’
2712 4393 2925 4460 ἐκείνης
2964 4392 3290 4452 ιτέκταινον,
3330 4387 3502 4441 ταῦτα
3531 4388 3619 4441 διὰ
3655 4387 3932 4456 λογισμῶν

713 4478 973 4531 adversus
1011 4480 1156 4533 illam
1183 4481 1540 4545 fabricantur,
1566 4499 1628 4538 ea
1665 4501 1761 4552 per
1819 4493 2008 4556 turpes
2049 4486 2254 4556 cogita-
2296 4484 2382 4540 [δέ

2296 4484 2336 4538 D
2365 4487 2584 4540 ἀτόπων
2613 4484 3010 4550 ἀντεπαγαγεῖν
3035 4480 3184 4548 αύτῷ
3202 4479 3521 4549 ἐπειρῶντο·
3558 4474 3634 4532 ῶν
3661 4478 3722 4541 ἐξ
3751 4479 3926 4547 ἀρχῆς

719 4569 901 4622 tiones
926 4571 975 4622 ei
1008 4581 1196 4624 contra
1231 4570 1434 4626 inferre
1487 4573 1842 4628 conabantur.
1908 4576 2116 4642 Quibus
2146 4593 2267 4630 cum
2367 4596 2388 4631 ιι

2263 4597 2267 4629 ι
2367 4577 2642 4645 κυριεύειν
2665 4570 2841 4638 οὗτος,
2873 4575 2933 4625 ού
2962 4572 3234 4625 δουλεύειν
3272 4569 3627 4641 μεμαθηκὼς,
3652 4565 3741 4622 οἶα
3764 4587 3932 4623 navo-

717 4658 764 4710 is
800 4659 868 4711 ab
895 4659 1050 4713 initio
1081 4661 1372 4723 dominari.
1418 4678 1527 4717 non
1585 4665 1815 4730 servire,
1871 4665 2173 4729 didicisset,
2213 4678 2272 4721 ut
2371 4689 2386 4721 ι

2263 4681 2272 4721 L
2371 4670 2500 4739 πλίᾳ
2561 4669 2945 4734 πεφραγμένος
3024 4663 3424 4733 ἀγωνισμάτων
3480 4663 3768 4726 νεανικῶν,
3829 4661 3932 4714 ἀνά

718 4748 993 4815 quiesset
1063 4752 1308 4820 undique
1367 4755 1612 4808 munitus
1641 4764 1917 4808 armatura
1945 4756 2269 4825 juvenilium
2377 4775 2387 4809 ι

2263 4777 2269 4810 ι
2377 4757 2575 4826 κράτος
2601 4771 2660 4807 τε
2689 4755 2909 4817 τούτους
2939 4754 3036 4807 καὶ
3074 4752 3227 4817 αὖθις
3250 4753 3409 4822 ῆττα,
3444 4757 3539 4805 καὶ
3569 4754 3650 4814 είς
3678 4751 3739 4804 rb
3766 4751 3932 4820 μηδὲν

719 4841 1100 4902 certaminum,
1127 4855 1221 4895 eos
1250 4857 1439 4896 rursus
1476 4844 1662 4909 vincit,
1687 4852 1742 4897 et
1771 4858 1959 4898 eorum
1997 4845 2277 4899 machinas
2372 4866 2388 4901 ι

2259 4861 2277 4899 s
2372 4849 2553 4911 αὐτοῖς
2604 4847 2703 4910 τὰς
2748 4845 2996 4917 μηχανὰς
3041 4843 3410 4914 περιίστησιν.
3443 4845 3557 4895 Οὐκ
3605 4841 3842 4895 ενταῦθα
3871 4842 3928 4894 δὲ

722 4931 787 4984 ad
823 4932 1050 4985 nihilum
1083 4931 1296 5002 redigit.
1331 4932 1447 4986 Non
1480 4935 1568 4988 hic
1626 4944 1808 4988 autem
1858 4937 2052 5001 solum,
2096 4952 2269 5005 neque
2370 4956 2391 5008 ιι

2370 4940 2548 5008 μόνον,
2577 4939 2699 4991 οὐδὲ
2736 4938 2819 5006 ἐφ’
2841 4932 2922 5000 οἷς
2950 4937 3252 5006 είρήκαμεν
3279 4936 3564 5005 πρότερον,
3589 4934 3650 4987 τὸ
3691 4933 3929 5001 πονηρὸν
4011 4975 4013 4977 .

723 5033 946 5090 propter
1005 5039 1089 5083 ea,
1148 5038 1269 5091 quae
1305 5025 1456 5093 prius
1511 5025 1767 5091 diximus,
1801 5025 2044 5080 decertat
2076 5028 2272 5081 advcr-
2367 5045 2392 5081 τ

2258 5056 2272 5068 -
2367 5030 2477 5081 τῶν
2495 5030 2762 5098 δαιμόνων
2780 5024 2944 5097 φύλον
2960 5026 3340 5091 καταπαλαίει,
3364 5026 3495 5079 ἀλλὰ
3511 5026 3605 5077 καὶ
3624 5024 3783 5078 παῖδά
3800 5041 3927 5076 ποτε

722 5125 815 5166 sus
839 5111 1131 5180 malignum
1155 5129 1323 5184 genus
1346 5113 1649 5168 dwmonum
1674 5133 1688 5180 ;
1713 5116 1808 5170 sed
1831 5117 1994 5170 etiam
2013 5132 2265 5185 puerum,
2372 5123 2391 5174 ἰ

2258 5159 2265 5182 ,
2372 5122 2476 5174 ὑπὸ
2509 5122 2712 5176 τούτων
2770 5122 3248 5192 παροδηγούμενόν
3281 5137 3343 5173 τε
3393 5124 3486 5174 καὶ
3521 5120 3927 5191 παρελκόμενον

723 5200 817 5267 qui
852 5201 1142 5270 aliquando
1197 5203 1264 5258 ab
1323 5205 1391 5258 iis
1431 5205 1750 5274 intempesta
1813 5216 1972 5261 nocte
1999 5207 2054 5260 in
2080 5208 2275 5262 monti-
2372 5214 2392 5266 ἐ

2260 5239 2275 5247 -
2372 5214 2510 5282 ἀωρὶ
2540 5213 2645 5266 τῶν
2666 5213 2875 5266 νυκτῶν
2903 5217 2960 5266 ὲν
2984 5213 3134 5283 ὄρεσι
3180 5211 3472 5267 κατάλσεσι
3502 5211 3593 5264 καὶ
3649 5211 3710 5262 οὐ
3741 5210 3929 5280 ῥᾳδίαν

722 5288 826 5342 bus
853 5292 1155 5344 nemorosis
1192 5300 1246 5344 et
1278 5291 1438 5345 inviis
1488 5292 1881 5356 deducebatur,
1946 5306 2002 5349 et
2055 5297 2275 5366 jamjam
2375 5305 2391 5355 ι

2260 5312 2275 5350 ι
2375 5304 2555 5373 ἔχουσι
2604 5304 2704 5373 τὴν
2758 5304 3004 5374 πορείαν,
3072 5305 3166 5357 καὶ
3223 5304 3381 5374 μόνον
3408 5305 3467 5356 ού
3516 5303 3656 5356 κατὰ
3683 5299 3929 5372 κρημνοῦ

723 5393 844 5437 erat
893 5383 962 5437 ab
1007 5385 1088 5439 eis
1139 5401 1170 5440 e
1203 5387 1503 5456 praecipitio
1552 5388 1948 5453 deturbandus,
2007 5399 2278 5460 apparens
2379 5411 2392 5444 ι

2264 5407 2278 5445 5
2379 5392 2619 5459 ὠσθῆναι
2658 5392 2918 5457 μέλλοντα
2961 5392 3053 5445 ὑπ’
3089 5391 3265 5446 αὐτῶν
3295 5392 3580 5460 ἐπιφανεὶς
3611 5392 3639 5443 ό
3665 5382 3933 5474 ἃγιοςίῆν

725 5484 948 5527 sanctus
983 5487 1120 5542 (erat
1143 5479 1313 5544 enim,
1367 5479 1412 5532 si
1449 5479 1534 5532 vel
1567 5480 1745 5534 solum
1777 5481 1854 5534 eis
1913 5481 2278 5548 apparuisset,
2375 5503 2394 5551 η

2263 5522 2278 5546 ,
2375 5486 2482 5553 γαρ
2515 5487 2608 5538 καὶ
2644 5485 2787 5554 μόνῳ
2843 5483 2920 5554 τῷ
2951 5483 3188 5553 φανῆναι
3242 5481 3479 5552 φοϐερὸς
3505 5479 3754 5548 ἐκείνοις)
3790 5477 3931 5542 ἑξεί-

726 5565 1286 5628 terribilisfliberavit
1320 5571 1396 5623 ab
1431 5569 1666 5634 insidiis,
1715 5580 1769 5624 et
1800 5571 2102 5626 deduxit-in
2137 5573 2277 5625 vium
2378 5575 2395 5625 )

2264 5589 2277 5625 l
2378 5575 2497 5626 λετό
2531 5592 2586 5626 τε
2615 5575 2711 5644 τῆς
2773 5572 3084 5644 ἐπιϐουλῆς,
3134 5576 3227 5629 καὶ
3256 5575 3394 5644 πρὸς
3435 5573 3534 5642 τὴν
3568 5569 3782 5623 εὐθεῖαν
3809 5569 3933 5638 tif;-

731 5663 955 5706 rectam.
2381 5685 2566 5732 ’τα-[εν.

806 5775 827 5804 ⁸
865 5774 1002 5830 ιἐηι.
1032 5793 1082 5840 ν,
1121 5782 1171 5830 (ὅ.
