4226 6418
262 368 335 430 Gl
1321 373 1495 433 VITA
1540 376 1600 433 ὃ.
1636 368 2025 433 ΙΟΑΝΝΙΟΗ
2066 371 2400 435 ΑΒΒᾹἹἹΞ.
3408 367 3480 430 62

335 480 461 537 ην,
536 478 623 540 Ὠς
686 472 778 532 οῦν
823 478 967 533 οὕτω
1022 480 1124 549 τὴν
1166 481 1701 551 ἄσκησινβιανύων,
1734 482 1829 536 καὶ
1861 483 1901 537 Α

1807 482 1829 533 l
1861 483 1901 537 Α
2007 486 2220 539 XXVII.
2248 487 2384 539 Cum
2412 498 2543 553 ergo
2573 484 2652 536 sic
2695 489 2975 550 perageret
3032 479 3476 534 exercitationem

261 566 411 623 οῦτω
462 568 584 632 τοὺς
631 569 856 639 νοητοὺς
894 570 1068 642 ῥᾷστα
1097 554 1730 641 καταϐάλλωνὲχθροὺς,
1763 574 1823 624 iv

264 660 379 719 τοῖς
415 658 669 712 ἀπάντων
697 658 871 713 ἔκειτο
903 659 1152 729 στόμασι,
1180 664 1276 714 τοῦ
1297 660 1403 729 μιν»
1422 660 1482 714 τὸ
1526 661 1825 731 ἀσκητικὸν

266 747 362 800 τοῦ
394 747 586 818 ἀνδρὸς
638 750 732 801 καὶ
782 750 1068 815 φιλόπονον
1120 752 1505 821 διηγουμένου,
1542 750 1636 805 τοῦ
1680 750 1739 804 δὲ
1763 750 1825 803 τὸ

264 840 472 895 ἁπλοῦν
502 842 596 895 καὶ
634 843 762 913 περὶ
822 844 921 906 τάς
950 843 1165 913 ὁμιλίας
1190 844 1292 898 οὐκ
1314 844 1510 912 ἀφελις
1540 843 1660 912 μὶν,
1686 843 1823 898 ἀλλά

265 934 364 991 καὶ
391 933 511 1005 λίαν
544 934 844 1002 ἑπωφελδς,
894 938 1022 1003 περὶ
1074 935 1257 1006 δδςτὴν
1308 936 1541 1006 ἀσκησιν
1566 935 1825 1006 ιμϐριθές

260 1037 321 1073 τε
354 1024 448 1076 καὶ
477 1022 748 1101 σύντονον,
778 1025 980 1094 ἑτέρων
1006 1023 1063 1077 δι
1093 1025 1192 1097 τὴν
1217 1024 1361 1078 κατὰ
1407 1023 1515 1078 τῶν
1550 1024 1824 1093 δαιμόνων

264 1113 515 1178 ἔξουσίαν
571 1115 1044 1187 ἀπαγγελλόντων.
1098 1116 1285 1170 Πολλὰ
1328 1117 1439 1187 γάρ
1467 1118 1691 1179 τικεῖνος
1728 1116 1825 1169 καὶ

261 1201 436 1271 λέγων
492 1206 713 1274 ἐνήργει
744 1244 765 1273 ,
814 1206 921 1267 καὶ
954 1196 1393 1277 προσευχόμενος
1424 1207 1630 1285 ῑσχυεν.
1670 1200 1825 1261 Ἐπεὶ

261 1291 358 1346 οὖν
386 1293 541 1357 οῦτωί
574 1296 785 1362 ταῦτα,
802 1296 905 1360 ,καὶ
961 1296 1212 1359 τοσοῦτος
1238 1298 1268 1350 δ
1289 1298 1417 1368 περὶ
1471 1297 1639 1350 αὐτοῦ
1664 1295 1822 1363 λόγος

263 1384 480 1453 ἐγϋρει,
515 1385 741 1449 πολλοὺς
766 1381 878 1453 εἶχε
917 1386 1041 1448 τοὺς
1080 1388 1195 1439 ἐκεῖ
1228 1385 1676 1455 παραϐάλλοντας
1728 1386 1824 1438 καὶ

261 1477 359 1542 τὴν
389 1477 619 1544 ἄσκησιν
644 1476 1069 1539 ὶπικὸπτοντας,’
1104 1477 1257 1531 ἔθετο
1304 1478 1412 1546 γὰρ
1435 1477 1597 1530 αὐτὸν
1634 1478 1663 1529 ό
1690 1475 1823 1534 Θεὸς

261 1569 342 1624 είς
371 1568 720 1636 περιποίησιν
779 1568 1077 1637 σωτηρίας,
1119 1568 1261 1622 κατά
1301 1570 1391 1621 τὸν
1446 1569 1617 1637 μέγαν
1660 1568 1821 1620 ’Λπό-

265 1657 450 1709 στολον
492 1698 507 1720 ,
575 1657 647 1720 ὡς
703 1661 761 1711 ὲν
832 1659 981 1728 αὑτῷ
1036 1660 1232 1725 ζῶντα,
1292 1660 1694 1731 ιγρηγοροῦντά
1760 1679 1818 1715 τε

262 1749 355 1799 καὶ
426 1748 722 1801 σπεύδοντα
754 1789 771 1815 ,
824 1749 940 1801 ἀνθ’
992 1742 1066 1803 ὧν
1141 1752 1275 1804 ποτὲ
1333 1751 1434 1819 μὲν
1504 1752 1679 1819 ὄφεων
1728 1753 1820 1804 καὶ

263 1839 467 1907 θηρίων
490 1839 668 1909 λύμης
720 1841 843 1902 τοὺς
872 1842 1281 1911 περιοικοῦντας
1311 1842 1670 1913 ἀπήλλαττεν,
1729 1843 1821 1895 ἁν-

261 1930 431 1998 αιρῶν
460 1930 632 1984 ταῦτα
666 1937 756 1983 καὶ
798 1931 1173 1996 καταϐάλλων,
1228 1930 1385 1985 τοῦτο
1416 1932 1513 2001 μὲν
1561 1936 1628 2003 τῇ
1693 1934 1821 1986 ἑαν-

263 2018 356 2070 τοῦ
409 2018 611 2088 ῥάϐδῳ,
660 2019 818 2089 τοῦτο
866 2019 922 2072 δὲ
976 2020 1052 2090 τῷ
1106 2020 1200 2073 τιῦ
1262 2023 1493 2093 σταυροῦ
1567 2022 1818 2092 σημείῳ,

264 2108 395 2159 ποτὲ
451 2108 508 2161 δὲ
563 2108 906 2179 δαιμονικῆς.
950 2110 1240 2180 επιϐουλῆς
1272 2128 1329 2165 τε
1390 2114 1483 2165 καὶ
1510 2114 1821 2185 τυραννίδος

262 2201 387 2264 τοὺς
417 2203 842 2271 ἐντυγχάνοντας
883 2204 1208 2274 ἠλευθέρου,
1242 2204 1542 2274 σύνδρομον
1580 2206 1820 2276 εἰληφὼς

263 2295 328 2359 τῇ
362 2292 616 2361 βουλήσει
679 2296 831 2365 παρὰ
883 2293 1022 2348 Θεοῦ
1051 2297 1111 2349 τὸ
1163 2296 1445 2351 δύνασθαι.
1472 2295 1820 2367 Καταμαοὼν

264 2386 443 2438 τοίνυν
471 2386 547 2449 ὡς
582 2387 678 2439 καὶ
710 2388 773 2441 τὸ
793 2390 851 2440 ὲν
883 2390 1111 2459 ἐρήμοις
1136 2388 1365 2459 όχληρὶν
1394 2389 1586 2459 μικρὸν
1611 2387 1643 2458 ἢ
1668 2386 1819 2441 οῦδὲν

262 2480 373 2532 τῶν
425 2480 665 2534 ἀστικῶν
719 2482 965 2551 διαφέρει
1021 2482 1292 2552 θορύϐων,
1346 2481 1622 2550 ἐπιμελῶς
1678 2481 1819 2536 κατὰ

262 2573 355 2624 τὸν
399 2573 717 2627 διδάσκαλον
761 2573 1072 2635 διώκωντδ
1102 2576 1327 2643 ἀγαθὸν,
1365 2575 1528 2628 πάλιν
1584 2591 1821 2643 μετανα-

267 2662 444 2714 oss-3n
497 2662 633 2734 πρρς
663 2666 724 2717 τὸ
754 2664 851 2718 τοῦ
882 2666 1205 2736 Τριχάλικος
1236 2665 1359 2738 δρος
1386 2667 1714 2735 θερμότερον
1740 2666 1819 2727 εἰς

264 2754 344 2803 ἔτι
392 2755 483 2807 καὶ
540 2755 935 2826 ἀνδρικώτερον
985 2757 1178 2810 ἑαυτὸν
1208 2756 1697 2826 ἀπαναλαμϐάνων,
1727 2757 1819 2809 καὶ

260 2843 452 2913 ὥσπερ
482 2846 903 2916 σπουδαιότερον
932 2848 1095 2912 αὐτὸς
1130 2849 1329 2902 ἑαυτοῦ
1360 2850 1497 2921 πρὸς
1518 2849 1641 2912 τοὺς
1659 2865 1820 2901 πνευο

263 2938 532 3003 ματικοῦς
557 2938 770 3004 ἀγῶνας
809 2940 1111 3010 γινόμενος.

1923 588 1980 633 et
2032 578 2301 638 inimicos,
2359 577 2456 644 qui
2527 572 2889 641 intelligentia
2964 568 3474 641 apprehenduntur,

1924 668 2183 723 facillime
2216 674 2612 737 prosterneret,
2654 664 2853 719 eratin
2898 677 2996 715 ore
3047 661 3313 722 omnium,
3365 660 3476 713 alio

1922 760 2141 828 quidem
2185 765 2438 811 narrante
2469 756 2607 822 ejus,
2636 770 2757 823 quas
2806 754 2858 808 in
2915 752 3306 807 exercitatione
3358 768 3479 805 ver-

1923 849 2164 909 sabatur,
2186 846 2351 900 vitam
2376 844 2701 899 laboriosam
2730 843 2874 909 ;alio
2915 850 3098 897 autem
3148 840 3474 909 simplicita-

1923 953 2058 1009 tem,
2111 953 2168 998 et
2221 944 2279 998 in
2343 939 2699 997 sermonibus
2748 927 3099 1000 soliditatem,
3142 944 3201 991 et
3226 949 3474 1003 magnam

1922 1037 2211 1093 utilitatem
2240 1035 2329 1098 ;in
2360 1031 2747 1087 exercitatione
2775 1044 2905 1084 vero
2931 1027 3243 1096 gravitatem
3264 1037 3320 1080 et
3340 1040 3474 1080 eoa-

1922 1128 2176 1186 stantiam
2213 1126 2380 1183 :aliis
2410 1135 2593 1178 autem
2641 1120 3059 1177 enuntiantibus
3110 1134 3253 1179 eam.
3301 1133 3475 1187 quam

1922 1220 1979 1276 in
2013 1220 2299 1275 daemones
2317 1216 2552 1271 habebat
2580 1221 2928 1284 potestatem.
2960 1211 3054 1265 llle
3098 1210 3247 1263 enim
3278 1221 3333 1263 et
3351 1225 3476 1262 ver-

1923 1314 2011 1369 bis
2068 1313 2236 1365 multa
2291 1309 2578 1372 eﬂiciebat,
2626 1314 2683 1361 et
2744 1306 2956 1360 valebat
3013 1303 3289 1372 precibus.
3338 1302 3474 1356 Cum

1922 1421 2055 1473 ergo
2085 1403 2199 1457 hac
2229 1416 2287 1455 se
2311 1401 2391 1454 sic
2419 1399 2705 1461 haberent,
2727 1406 2783 1451 et
2816 1406 2923 1450 tam
2954 1395 3123 1448 multa
3150 1393 3218 1448 de
3239 1408 3307 1447 eo
3328 1392 3477 1446 dice-

1925 1504 2137 1556 rentur,
2161 1492 2365 1545 multos
2416 1489 2647 1543 habebat
2692 1488 2821 1542 illuc
2848 1485 3173 1539 accedentes
3208 1493 3263 1537 et
3308 1482 3477 1537 inter-

1924 1594 2243 1653 rumpentes
2269 1580 2743 1635 exercitationem.
2770 1579 2911 1633 Deus
2942 1577 3089 1630 enim
3120 1589 3245 1629 eum
3273 1588 3477 1642 posue-

1925 1688 2008 1730 rat
2036 1678 2101 1730 ad
2130 1675 2549 1743 acquisitionem
2580 1670 2795 1733 salutis,
2818 1680 2878 1723 ut
2904 1683 3132 1737 magnus
3161 1666 3293 1719 dicit
3334 1666 3477 1733 Apo-

1922 1771 2114 1832 stolus,
2139 1769 2309 1835 utqui
2350 1767 2405 1819 in
2452 1765 2570 1835 ipso
2591 1767 2820 1825 viveret,
2862 1770 2918 1815 et
2972 1760 3220 1827 vigilaret
3269 1758 3477 1811 ctdor-

1924 1862 2080 1914 miret
2108 1859 2152 1911 '.
2184 1856 2547 1921 Quamobrem
2606 1850 2898 1920 aliquando
2932 1848 3153 1918 quidem
3208 1846 3477 1901 liberabat

1920 1951 2134 2006 accolas
2160 1954 2543 2001 anocuento
2585 1952 2900 2011 serpentum
2945 1950 2999 1995 et
3058 1942 3319 2004 ferarum,
3380 1953 3475 1992 eas

1921 2042 2245 2097 interimeus
2294 2046 2351 2093 et
2412 2037 2483 2091 de
2541 2036 2721 2090 medio
2780 2034 2996 2093 tollens,
3026 2032 3222 2102 partim
3255 2030 3472 2099 quidem

1920 2136 2069 2202 virga
2090 2148 2211 2197 sua,
2238 2131 2430 2200 partim
2489 2139 2669 2184 autem
2728 2127 2882 2195 signo
2918 2125 3127 2179 crucis:
3181 2121 3474 2191 aliquando

1918 2242 2052 2282 vero
2082 2242 2111 2280 a
2143 2226 2452 2279 daemonum
2505 2221 2723 2275 insidiis
2756 2229 2812 2274 et
2872 2216 3161 2289 tyrannide
3210 2216 3476 2269 liberabat

1919 2334 2036 2379 eos,
2066 2316 2158 2385 qui
2190 2315 2245 2367 in
2272 2328 2369 2369 eos
2401 2312 2735 2374 incidebant,
2796 2319 2856 2363 ut
2896 2308 2989 2375 qui
3017 2323 3046 2358 a
3086 2307 3193 2360 Deo
3232 2304 3475 2371 accepis-

1921 2416 2010 2463 set
2041 2410 2463 2460 eoncurrentem
2494 2416 2620 2455 cum
2656 2399 2937 2454 voluntate
2992 2395 3313 2464 potentiam.
3336 2393 3471 2447 Cum

1923 2511 2058 2566 ergo
2082 2495 2380 2557 didicisset,
2403 2492 2549 2561 quod
2582 2506 2703 2560 quae
2722 2497 2806 2544 est
2833 2488 2889 2541 in
2917 2485 3309 2541 solitudinibus
3352 2497 3471 2536 mo-

1924 2587 2102 2650 lestia,
2128 2601 2319 2655 parum
2366 2592 2463 2637 aut
2505 2581 2640 2635 nihil
2666 2578 2849 2634 dillert
2871 2577 2940 2631 ab
2984 2577 3199 2631 urbium
3225 2574 3476 2628 tumulti-

1921 2679 2044 2741 bus,
2075 2678 2369 2747 diligenter
2395 2672 2791 2728 convenienter
2837 2669 3092 2731 Domino,
3117 2667 3319 2722 bonum
3352 2680 3475 2734 per-

1918 2784 2154 2839 sequens
2172 2782 2362 2821 rursus
2406 2766 2604 2834 migrat
2632 2763 2689 2817 in
2718 2770 2960 2817 montem
3019 2759 3360 2822 Trichalicis,
3392 2772 3475 2810 ar-

1919 2862 2141 2918 dentius
2162 2868 2220 2913 et
2248 2857 2449 2912 fortius
2500 2854 2681 2909 adhuc
2698 2852 2938 2921 seipsum
2969 2865 3246 2910 recreans,
3274 2858 3330 2904 et
3359 2849 3473 2917 ipse

1919 2944 2765 3021 aeipsoquodammodoeﬂectus
2787 2941 2958 3011 magis
2981 2950 3238 2995 strenuus
3260 2938 3325 2992 ad
3348 2954 3474 2993 eer-

1921 3043 2123 3100 tamina
2156 3038 2440 3108 spiritalia.

334 3121 466 3173 κη’.
498 3122 606 3174 Καὶ
636 3122 710 3190 μή
746 3138 855 3187 τις.
885 3116 954 3175 τά
994 3122 1134 3176 κατὰ
1152 3123 1244 3176 τὸν
1272 3124 1445 3191 μέγαν
1470 3124 1527 3175 iv
1552 3123 1815 3191 ἀσκηταίς
1841 3131 1883 3188 c
1983 3132 2003 3185 1

1800 3131 1883 3188 :C
1983 3129 2218 3185 XXVIII.
2247 3127 2417 3182 Nemo
2467 3133 2649 3180 autem
2702 3122 2818 3178 hac
2870 3122 3101 3176 audiens
3160 3121 3227 3175 de
3274 3134 3469 3188 magno

257 3212 448 3264 τοῦτον
480 3213 715 3275 ἀκούων,
751 3213 831 3274 είς
864 3214 1076 3266 ιννοιαν
1103 3213 1246 3267 οὕτω
1292 3215 1526 3280 ματαίαν
1565 3214 1821 3278 {Monii};

257 3304 321 3356 οὐ
354 3304 462 3355 τῶν
517 3305 745 3356 είκότων
798 3305 915 3357 ιστὶ
942 3303 1163 3357 τοσοῦτο
1203 3304 1477 3374 πανταχοῦ
1522 3304 1819 3373 διαλάμψαι

256 3398 351 3449 τὸν
372 3399 437 3465 τῇ
497 3396 639 3464 ψυχῇ
680 3395 1045 3465 προειληφότα
1078 3397 1176 3465 τὴν
1213 3398 1341 3463 περὶ
1370 3398 1468 3457 τὰς
1500 3396 1658 3462 ἀγίας
1674 3396 1819 3448 sintd-

259 3502 357 3547 νας
384 3485 662 3549 ἀσέϐειαν,
696 3486 789 3537 καὶ
814 3487 890 3554 μὴ
924 3485 1128 3549 ταύτας
1169 3487 1263 3538 iaci
1294 3486 1488 3554 χρόνον
1512 3485 1634 3538 τινὰ
1656 3485 1820 3554 τιμᾷν

259 3575 606 3643 εὶλήσαντα.
665 3574 730 3627 Et
784 3574 886 3627 πού
934 3591 1017 3639 τις
1085 3575 1161 3637 ὡς
1211 3573 1509 3643 παράδοξον
1548 3573 1816 3643 ἑκπλαγῇ.

264 3666 433 3735 μῦθον
462 3667 571 3735 ἄρα
610 3669 702 3719 καὶ
743 3652 811 3720 τά
842 3670 941 3736 τῆς
971 3666 1298 3736 οικουμίνης
1342 3648 1538 3719 ἀλιέων
1560 3665 1819 3734 τεράστιά

259 3774 323 3811 τε
348 3760 443 3811 καὶ¹
498 3756 756 3823 μεγαλεῖα
814 3757 1045 3825 νομίσοι,
1094 3755 1189 3808 καὶ
1222 3755 1327 3824 πρό
1374 3770 1439 3822 γε
1485 3755 1592 3806 τῶν
1644 3753 1818 3806 ἄλλων

262 3849 480 3903 Παύλου
532 3846 630 3899 τοῦ
679 3845 885 3917 θερμοῦ
918 3846 1180 3916 πρότερον
1202 3845 1431 3898 διώκτου
1455 3845 1555 3912 τῆς
1592 3844 1819 3911 Ἐκκλη-

264 3942 409 4003 σίας.
443 3938 585 4007 Πρὸς
631 3938 795 4007 χάριν
822 3936 880 3989 δι
906 3938 1000 3988 καὶ
1031 3936 1110 4004 τῷ
1158 3935 1348 4005 κυρίῳ
1386 3935 1633 4006 εἰρῆσθαι
1679 3934 1817 3998 δόξει

260 4036 357 4088 τά⁸
389 4034 489 4085 εὈ
527 4030 801 4084 πιστεύων
851 4031 931 4091 είς
980 4029 1082 4096 ἐμὲ
1134 4030 1202 4082 τά
1263 4029 1399 4099 ἔργα
1440 4028 1476 4082 ἃ
1505 4027 1615 4095 ἐγὼ
1657 4028 1814 4091 ποιῶ,

258 4126 512 4185 Δκάκεῖνος
536 4122 805 4190 ποιήσεαι
845 4120 951 4175 Ποῦ
992 4121 1049 4173 δὲ
1073 4121 1260 4189 δήσεις
1297 4120 1394 4172 καὶ
1418 4118 1500 4171 τόδ
1539 4137 1559 4171 ι
1584 4120 1646 4170 Ei
1665 4118 1817 4186 ἔχετε

263 4221 449 4270 πίστιν
478 4216 553 4277 ὡς
596 4215 793 4267 κόκκον
837 4212 1132 4277 σινάπεως,
1166 4214 1339 4281 ipsis:
1366 4210 1443 4280 τῷ
1478 4211 1597 4280 δρει
1617 4210 1815 4278 τούτῳ,

262 4306 570 4374 Μετάϐηθι,
585 4304 679 4357 καὶ
702 4305 1065 4373 μεταϐήσεται
1084 4319 1132 4369 ;›
1152 4304 1213 4355 El
1234 4302 1408 4356 ταῦτα
1420 4302 1511 4354 οῦν
1533 4303 1817 4372 προφανὴς

262 4400 359 4453 καὶ
406 4397 809 4466 ὁμολογουμένη
859 4378 1107 4464 ἀλήθεια,
1159 4396 1255 4448 καὶ
1312 4398 1379 4446 τὰ
1429 4394 1504 4462 τῷ
1529 4394 1815 4461 θαυμασίῳ

266 4490 482 4546 πάντως
536 4482 991 4552 διαπεπραγμένα
1050 4482 1276 4553 ψεύδους
1330 4483 1607 4550 ἐλεύθερα.
1658 4484 1813 4536 Ἀλλὰ

265 4581 374 4646 γὰρ
443 4574 827 4641 ιπανέλοωμεν
876 4574 1000 4626 ὅθεν
1042 4572 1330 4640 ἰξὲϐημεν.
1380 4572 1535 4622 Κατὰ
1568 4572 1625 4624 δὲ
1650 4573 1815 4625 τὸτοῦ

266 4664 587 4733 Τριχάλικος
629 4662 751 4731 ὅρος
784 4660 1043 4729 γεγονὼς,
1073 4662 1134 4713 οὐ
1184 4661 1388 4729 σκηνὴν
1437 4659 1721 4723 ἐξέτεινεν,
1755 4661 1815 4712 οὐ

271 4757 513 4823 καλύϐην
550 4755 807 4823 ἐπήξατο,
833 4753 969 4804 αλλά
996 4754 1093 4821 τὴν
1120 4752 1383 4824 ὕπαιθρον
1411 4767 1470 4806 τε
1497 4755 1590 4805 καὶ
1637 4753 1818 4806 ἄοικον

265 4853 439 4902 εἵλετο
489 4846 780 4917 διαγωγὴν,
829 4846 902 4907 ὡς
956 4845 1223 4915 φιλοτίμῳ
1288 4846 1455 4917 στέγῃ
1500 4846 1575 4914 τῷ
1604 4844 1817 4917 ούρανῷ

261 4936 566 5008 χρώμενος.
596 4935 741 5003 Πλὴν
763 4932 877 4986 ἀλλ’
898 4933 1018 4985 οὐδὲ
1046 4932 1219 4996 οὕτως
1249 4932 1405 4986 ἔλαθε
1432 4934 1652 5002 βιώσας,
1682 4933 1817 4987 ἀλλά

264 5048 346 5093 τις
395 5027 720 5097 Εὐστράτιος
750 5028 815 5079 ἐκ
846 5024 945 5093 τῆς
987 5025 1268 5093 ’Δγαύρων
1312 5024 1497 5093 μονῆς,
1539 5025 1700 5094 ἔρωτι
1720 5024 1814 5077 τοῦ

266 5121 456 5190 ἀνδρὸς
504 5120 682 5182 ἁλοὺς,
731 5118 851 5170 ἐπεὶ
881 5117 954 5187 μὴ
996 5118 1135 5169 κατὰ
1183 5115 1364 5186 χώραν
1405 5117 1583 5183 μένειν
1616 5111 1725 5179 οἷός
1753 5133 1813 5169 τε

263 5208 333 5280 ἦν
369 5205 661 5278 (ὴιάγκαζε
692 5206 798 5273 γὰρ
837 5205 999 5258 αὐτὸν
1044 5207 1071 5257 ό
1101 5206 1241 5267 θεῖος
1294 5206 1497 5266 ἐκεῖνος
1526 5204 1687 5273 ἔρως,
1720 5206 1815 5258 καὶ

265 5305 326 5353 τί
360 5300 468 5351 τῶν
501 5298 670 5365 άγίων
730 5296 951 5348 εἰκόνων
1003 5296 1241 5363 ἀτεχνῶς
1273 5295 1677 5364 περικαίεσθαι,
1740 5297 1815 5357 ὡς

266 5393 428 5445 αὑτὸν
484 5386 894 5457 παραγεγονὼς.
953 5388 1046 5439 καὶ
1102 5387 1266 5455 μηδὲν
1322 5386 1485 5439 πλέον
1530 5387 1563 5457 ἢ
1616 5386 1715 5456 τὴν
1758 5387 1817 5450 ἐξ

268 5482 424 5541 ιοους
474 5479 639 5547 εὐχὴν
695 5478 1007 5546 ἀναμείνας,
1084 5475 1246 5538 εὐθὺς
1300 5476 1367 5528 τὰ
1412 5476 1504 5529 τοῦ
1552 5479 1812 5544 τυράννου

270 5574 519 5633 Λέοντος,
573 5573 621 5623 εί
680 5570 773 5623 ἐπὶ
837 5570 1097 5638 μήκιστον
1175 5568 1388 5622 ἔσονται
1431 5569 1688 5638 διηρώτα.
1753 5569 1814 5623 '0

343 5755 364 5786 ⁸
396 5753 415 5810 Ι
444 5753 635 5807 Thess.
669 5772 718 5819 γ,
747 5754 798 5818 9,
840 5752 914 5805 l0.
995 5753 1010 5774 "
1043 5750 1195 5804 lonn.
1231 5767 1338 5814 λιν,
1376 5752 1454 5803 1:2.

1922 3224 2067 3277 inter
2096 3219 2507 3280 exercitatores,
2539 3215 2775 3269 inaniter
2804 3214 3027 3282 cogitet,
3054 3212 3200 3279 quod
3238 3227 3345 3265 non
3385 3221 3471 3263 est

1919 3311 2213 3369 verisimile
2239 3324 2366 3364 eum
2422 3307 2624 3375 ubique
2648 3305 2786 3359 adeo
2822 3303 3123 3365 refulsisse,
3153 3302 3245 3370 qui
3289 3300 3473 3353 animo

1919 3408 2257 3472 praceperat
2324 3400 2377 3451 in
2414 3406 2631 3451 sanctas
2687 3393 2950 3459 imagines
2998 3392 3351 3460 impietatem,
3418 3397 3474 3442 et

1919 3506 2015 3548 eas
2040 3491 2223 3557 aliquo
2268 3496 2508 3553 tempore
2544 3484 2795 3538 noluerat
2818 3482 3109 3535 honorare.
3136 3478 3194 3533 Si
3216 3479 3341 3546 quis
3367 3476 3472 3530 hoc

1918 3582 2221 3636 admiratus
2274 3576 2440 3630 fuerit
2502 3582 2758 3642 tanquam
2816 3570 3138 3626 incredibile
3188 3577 3242 3622 et
3282 3577 3472 3621 contra

1918 3669 2255 3737 opinionem,
2313 3667 2360 3720 is
2408 3677 2627 3733 quoque
2682 3661 2992 3731 prodigiosa
3051 3655 3472 3718 existimaverit,

1919 3774 2040 3829 qua
2068 3758 2209 3811 facta
2236 3765 2366 3810 sunt
2390 3771 2421 3808 a
2450 3754 2816 3823 piscatoribus
2846 3750 2998 3804 orbis
3024 3758 3201 3811 term,
3257 3756 3315 3801 et
3359 3759 3473 3813 pra

1918 3849 2131 3905 ceteris
2159 3864 2192 3901 a
2224 3848 2411 3909 Paulo,
2460 3846 2553 3913 qui
2584 3847 2741 3912 prius
2768 3842 2871 3896 fuit
2907 3845 3229 3908 persecutor
3280 3834 3469 3888 Eccle-

1917 3940 2029 3994 sia.
2062 3938 2142 3993 Ad
2193 3937 2423 4005 gratiam
2484 3944 2669 3987 autem
2714 3930 2991 3984 videbitur
3045 3928 3213 3981 etiam
3257 3924 3468 3977 dictum

1915 4044 2038 4084 esse
2071 4044 2101 4081 a
2150 4028 2381 4081 Domino
2435 4024 2571 4079 illud
2610 4042 2625 4077 :
2662 4042 2681 4074 ι
2716 4022 2821 4087 Qui
2851 4020 3026 4074 credit
3049 4019 3104 4071 in
3152 4031 3262 4082 me,
3302 4029 3469 4083 opera

1919 4136 2044 4190 qua:
2071 4134 2173 4189 ego
2217 4117 2383 4180 facio,
2440 4117 2531 4170 ille
2562 4121 2781 4183 quoque
2814 4111 2974 4165 faciet
2992 4110 3035 4164 ⁸.
3076 4127 3095 4160 a
3135 4107 3236 4162 Ubi
3285 4118 3467 4160 autem

1917 4226 2087 4280 pones
2127 4209 2259 4263 illud
2331 4221 2590 4276 quoque:
2627 4224 2647 4257 ι
2708 4205 2764 4258 Si
2824 4202 3033 4257 habetis
3087 4200 3271 4261 ﬁdem,
3326 4199 3468 4251 sicut

1918 4316 2146 4371 granum
2198 4299 2425 4367 sinapis,
2481 4296 2681 4350 dicetis
2719 4296 2847 4350 huic
2903 4292 3120 4347 monti:
3162 4289 3374 4351 Transi,
3413 4299 3463 4339 et

1922 4390 2239 4445 transibit'.
2285 4408 2302 4439 ι
2356 4388 2413 4442 Si
2471 4388 2586 4441 hac
2619 4402 2750 4456 ergo
2805 4393 2936 4440 sunt
2982 4382 3207 4437 evidens
3227 4388 3284 4433 et
3317 4389 3467 4433 certa

1926 4485 2162 4536 veritas:
2192 4497 2254 4535 ea
2284 4482 2610 4548 etiatn,qu:e
2640 4487 2767 4532 sunt
2791 4475 3017 4529 omnino
3046 4473 3185 4526 facta
3232 4471 3302 4524 ab
3361 4469 3467 4521 boc

1914 4574 2032 4626 viro
2061 4570 2393 4633 admirabili,
2413 4579 2543 4622 sunt
2568 4554 2743 4622 aliena
2769 4584 2797 4621 a
2824 4566 3129 4621 mendacio.
3155 4562 3260 4616 Sed
3315 4562 3464 4613 enim

1917 4665 2201 4717 redeamus
2226 4702 2240 4722 ,
2305 4660 2447 4714 unde
2495 4659 2724 4729 digressi
2766 4672 2977 4711 sumus.
3015 4655 3153 4709 Cum
3182 4652 3374 4707 luisset
3410 4653 3464 4703 in

1920 4756 2024 4808 hoc
2039 4764 2221 4807 monte
2247 4751 2593 4816 Trichalicis,
2625 4766 2733 4805 non
2762 4748 3009 4803 extendit
3029 4743 3464 4803 tabernaculum,

1920 4860 2027 4898 non
2061 4844 2174 4896 lixit
2212 4842 2517 4910 tugurium,
2550 4854 2609 4894 sc
2635 4841 2736 4894 sub
2764 4838 2857 4891 dio
2887 4846 2943 4891 et
2967 4838 3085 4891 sine
3109 4834 3272 4889 domo
3294 4834 3461 4888 vitam

1918 4949 2078 5004 agere
2103 4933 2410 4997 constituit,
2448 4940 2508 4984 ut
2546 4932 2640 4999 qui
2694 4929 2979 4998 magniﬁco
3024 4935 3168 4981 tecto
3217 4934 3464 4979 uteretur

1917 5028 2076 5082 cmlo.
2100 5024 2204 5078 Sed
2236 5038 2304 5077 ne
2330 5023 2410 5076 sic
2438 5022 2657 5091 quidem
2696 5021 2884 5074 vivens
2908 5019 3084 5079 latuit,
3113 5017 3208 5071 sed
3243 5017 3467 5071 Eustra—

1918 5122 2025 5172 tius
2061 5116 2281 5185 quidam
2306 5130 2372 5169 ex
2405 5115 2728 5168 monasterio
2752 5116 3106 5182 Agaurorum.
3134 5111 3251 5178 ejus
3281 5123 3466 5162 amore

1919 5218 2270 5275 captus,cum
2307 5221 2413 5259 non
2470 5206 2640 5273 possit
2666 5219 2887 5257 manere
2939 5204 2992 5255 in
3047 5200 3266 5270 regione
3319 5200 3463 5267 (eum

1918 5300 2064 5353 enim
2100 5298 2326 5367 cogebat
2373 5311 2525 5350 amor
2583 5296 2675 5349 ille
2724 5295 2964 5357 divinus,
3027 5291 3248 5361 etquod
3311 5288 3464 5341 valde

1917 5388 2042 5443 cuin
2076 5388 2436 5441 inﬂammaret
2465 5386 2707 5442 studium
2770 5393 3080 5440 sanctarum
3116 5379 3458 5448 imaginum),

1917 5495 2040 5533 cum
2074 5480 2137 5533 ad
2171 5494 2293 5533 eum
2329 5480 2667 5541 accessisset.
2711 5486 2765 5531 et
2809 5476 2945 5529 nihil
2996 5473 3227 5542 amplius
3274 5483 3465 5536 exspe-

1919 5580 2140 5629 classct,
2172 5584 2331 5639 quam
2383 5578 2693 5625 consuetam
2728 5566 3112 5637 precationem,
3146 5563 3323 5617 statim
3382 5568 3464 5614 est

1536 5754 1551 5779 ⁷
1580 5750 1762 5804 Matth.
1812 5766 1938 5814 xm,
1976 5752 2054 5804 l9.
