4226 6418
698 394 769 455 63

1934 390 2218 448 MENSiS
2255 386 2509 448 NOVIZM
2526 393 2690 450 BER.

3878 381 3950 446 64

699 505 1026 564 sciscitatus.
1087 520 1152 556 an
1215 502 1306 556 diu
1377 503 1700 556 duraturum
1763 512 1907 556 (εδει-ι
1974 501 2262 571 imperium
2302 502 2342 557 Α

2302 502 2342 557 Α
2375 503 2426 553 δὲ
2499 505 2776 574 περιπαθῆ
2834 504 3020 558 τοῦτον
3085 504 3207 558 ἰδὼν
3260 503 3318 556 τὶ
3365 505 3471 557 τῶν
3515 503 3675 556 θείων
3721 501 3948 554 εἰκόνων

699 595 918 652 Leonis.
951 596 1042 649 llle
1071 605 1251 647 autem
1279 595 1468 648 videns
1495 610 1619 647 eum
1682 611 1870 662 magna
1921 594 2086 646 animi
2143 594 2275 645 alle—

703 689 883 745 ctione
942 697 1296 749 commotum,
1349 687 1492 756 quod
1527 702 1625 754 pro
1691 687 1890 740 divinis
1944 685 2274 754 imaginibus

709 781 1004 835 maximum
1067 787 1285 846 caperet
1355 776 1598 831 dolorem
1668 780 1744 845 (in
1809 794 1904 832 eas
1955 779 2099 832 enim
2157 788 2274 831 erat

707 870 911 939 impius
935 869 1023 923 hic
1046 868 1179 933 Leo,
1209 880 1268 922 ut
1293 867 1336 922 si
1369 868 1492 937 quis
1524 869 1686 935 alius)
1715 878 1770 922 et
1799 869 1920 922 illeo
1952 883 2274 938 properasse

709 962 776 1015 ad
801 961 1305 1028 interrogationem,
1342 976 1451 1014 non
1499 960 1766 1023 substitit,
1814 977 1992 1030 neque
2049 975 2275 1029 respon-

707 1053 920 1107 sionem
961 1061 1044 1105 est
1115 1050 1432 1111 meditatus.
1484 1051 1576 1104 sed
1613 1059 1670 1104 ut
1723 1051 1960 1120 Spiritus
2003 1049 2276 1118 profunda

707 1152 1067 1205 scrutaretur,
1101 1150 1155 1194 et
1189 1141 1331 1194 haud
1374 1141 1446 1195 ita
1473 1142 1564 1195 diu
1624 1144 1691 1196 ab
1720 1143 1847 1196 hinc
1878 1142 2116 1197 futuram
2144 1156 2281 1210 prse-

711 1235 1042 1306 signillcavit
1099 1235 1217 1304 ejus
1273 1226 1640 1297 eversionem,
1693 1246 1748 1289 et
1792 1233 2042 1303 predixit
2075 1233 2280 1288 futura.

711 1325 847 1379 Nam
879 1339 986 1377 non
1015 1322 1185 1375 multo
1214 1330 1334 1391 post
1355 1337 1422 1375 eo
1444 1321 1510 1374 de
1562 1323 1740 1375 medio
1784 1323 2020 1386 sublato,
2047 1322 2278 1376 Michael

713 1415 943 1484 arripuit
960 1413 1274 1482 Imperium,
1295 1414 1386 1482 qui
1407 1429 1514 1466 non
1533 1414 1683 1467 auxit
1701 1413 1919 1483 quidem
1948 1415 2283 1483 persecutio-

2379 596 2712 664 ὑπεραλγείν
2746 596 2973 666 (ἀσεϐὴς
3006 597 3115 664 γάρ
3155 597 3283 666 περὶ
3337 586 3547 658 ταύτας
3619 595 3711 646 καὶ
3739 589 3890 657 οὗτος
3919 594 3948 644 6

2377 688 2527 739 Λέων
2571 688 2729 756 εἴπερ
2790 705 2872 751 τις
2934 687 3134 756 ἀλλος),
3187 689 3282 741 καὶ
3325 687 3415 742 διὰ
3475 685 3632 740 τοῦτο
3706 685 3801 738 καὶ
3847 683 3948 753 τὴν

2377 779 2643 846 ἐρώτησιν
2701 776 3136 842 ἐπισπεὺσαντα,
3194 778 3296 832 οὐκ
3352 778 3606 847 ἀπέσχεν,
3658 775 3781 830 οΰδὶ
3813 775 3950 844 πρδς

2375 869 2472 937 τὴν
2514 869 2807 940 ἀπόκρισιν
2880 868 3225 939 διεσκέψατο,
3289 867 3405 921 ἀλλ’
3457 864 3544 922 οἷα
3581 867 3645 920 τὰ
3689 865 3825 936 βάθη
3853 863 3949 919 τοῦ

2377 956 2694 1026 Πνεύματος
2755 958 3010 1028 ἐρευνῶν,
3045 957 3139 1010 καὶ
3189 957 3287 1026 τὴν
3331 955 3726 1024 καταστροφὴν
3751 953 3815 1006 οὗ
3847 969 3952 1022 μα·

2378 1050 2517 1121 κράν
2547 1049 2767 1104 ἔσεσθαι
2797 1051 3143 1120 διεσήμαινε,
3184 1050 3281 1103 καὶ
3317 1050 3386 1104 τά
3419 1047 3682 1119 μέλλοντα
3711 1041 3955 1116 προηγόο

2383 1155 2596 1208 ρευσεν.
2631 1140 2704 1192 Οὐ
2767 1139 2985 1209 πολλῷ.
3019 1140 3128 1211 γὰρ
3177 1140 3342 1194 αὔτδν
3397 1139 3626 1209 ὕστερον
3650 1138 3679 1190 6
3727 1133 3951 1204 Μιχαὴλ

2380 1233 2606 1297 ἀνελὼν,
2670 1232 2922 1301 ἀφείλετο
2982 1232 3084 1303 τὴν
3126 1232 3306 1303 ἀρχήν
3332 1247 3346 1263 ·
3403 1232 3464 1296 ὃς
3499 1231 3594 1285 τδν
3645 1228 3746 1298 μιν
3805 1227 3954 1281 κατά

2381 1325 2724 1395 Χριστιανῶν
2753 1324 2992 1394 διωγμὸν
3024 1326 3130 1378 οὐκ
3159 1324 3464 1394 επηύεηκε,
3490 1322 3562 1376 τὰ
3599 1320 3656 1374 δι
3688 1319 3788 1389 τῆς
3826 1317 3956 1370 Ἐκ-

2385 1417 2614 1485 κλησίας
2645 1417 2752 1470 ὑπὸ
2811 1419 2924 1479 τοις
2956 1418 3258 1486 αίρετικοῐς
3283 1416 3500 1469 κεῖσθαι
3532 1412 3803 1482 παρῆκεν,
3828 1408 3956 1462 οὕτε

717 1524 843 1562 nem
875 1508 1139 1560 adversus
1177 1505 1540 1570 Christianos,
1571 1505 1699 1560 sivit
1758 1515 1939 1559 autem
1976 1506 2276 1559 Ecclesiam

2387 1513 2454 1580 τῇ
2507 1510 2614 1561 τῶν
2676 1509 3062 1577 Εἰκονομὰχων
3115 1507 3325 1578 αίρέσει
3365 1505 3680 1559 παντάπασι
3725 1516 3957 1573 προστε-

717 1617 840 1656 esse
877 1601 978 1654 sub
1009 1598 1297 1663 haereticis,
1332 1608 1392 1652 ut
1421 1599 1513 1668 qui
1561 1614 1738 1667 neque
1799 1597 2284 1651 lconomachorum

2386 1601 2519 1665 θεὶς,
2571 1601 2704 1653 ἀλλὰ
2738 1599 3120 1670 μαλακώτερος
3148 1599 3279 1668 περὶ
3335 1598 3427 1651 τὸν
3466 1597 3635 1665 αὐτῆς
3667 1594 3959 1662 γενόμενον

719 1693 913 1748 haeresi
941 1692 1166 1746 omnino
1195 1690 1508 1754 accesserit,
1535 1690 1631 1743 sed
1655 1691 1706 1743 in
1727 1691 1844 1760 ejus
1867 1690 2041 1743 zelum
2060 1689 2288 1744 elTectus

2393 1691 2575 1759 ζῆλον,
2599 1693 2674 1754 ὠς
2717 1691 2784 1746 ἂν
2841 1692 2965 1762 δόξῃ
3024 1693 3134 1755 τοῖς
3175 1690 3393 1752 πολλοῖς
3434 1688 3530 1741 καὶ
3573 1685 3958 1756 φιλάνθρωππς

722 1783 1054 1846 sitmollior,
1111 1791 1170 1835 ut
1221 1782 1387 1835 etiam
1437 1782 1626 1834 multis
1677 1782 1961 1834 videretur
1994 1782 2284 1849 benignus,
2321 1837 2360 1854 η

2321 1837 2360 1854 η
2392 1784 2513 1837 οὔτε
2545 1784 2690 1847 τινὸς
2729 1783 3010 1854 ὀρθοδόξου
3050 1783 3322 1854 δόγματος
3375 1781 3590 1852 πρῶτος
3629 1779 3957 1849 ἀρξάμενος,

723 1891 902 1944 neque
967 1875 1137 1928 ullum
1169 1871 1532 1927 orthodoxum
1574 1871 1769 1942 dogma
1796 1872 1945 1941 prior
1999 1871 2284 1941 inceperit,
2322 1867 2392 1921 νε

2322 1867 2362 1894 ν
2389 1874 2463 1937 ὡς
2501 1875 2820 1944 συμϐαίνειν
2865 1878 3001 1946 μήτε
3035 1875 3133 1944 τῆς
3172 1874 3372 1937 κακίας
3415 1869 3716 1942 ἀπέχεσθαι
3745 1867 3957 1929 τοῦτρν,

727 1970 868 2023 adeo
893 1978 953 2022 ut
982 1966 1326 2036 contingeret
1357 1980 1534 2034 neque
1566 1966 1742 2034 ipsum
1776 1981 1804 2018 a
1825 1964 1956 2018 vitio
1987 1964 2284 2026 abstinere,
2395 2022 2396 2029 η

2395 1967 2532 2035 μήτε
2557 1966 2654 2035 τῆς
2709 1963 2987 2035 σωτηρίας
3021 1963 3368 2033 ἀντέχεσθαι,
3394 1960 3870 2032 περινενοημένως
3905 1958 3961 2010 δι

727 2075 904 2128 neque
961 2058 1194 2112 salutem
1260 2054 1574 2120 defendere,
1647 2056 1740 2110 sed
1793 2055 2058 2110 malitiose
2111 2058 2292 2126 potius
2394 2084 2396 2124 λ

2394 2059 2593 2128 μᾶλλον
2646 2059 2714 2110 τὰ
2753 2058 2850 2127 μὲν
2910 2057 3008 2125 τῆς
3061 2056 3330 2125 αἱρέσεως
3386 2054 3718 2125 προκόπτειν
3757 2051 3961 2120 ἀφῆκε,

727 2150 976 2205 heresim
1015 2147 1234 2218 quidem
1276 2145 1404 2201 sivit
1437 2161 1706 2210 crescere,
1747 2146 1907 2200 ﬁdem
1961 2157 2141 2201 autem
2201 2164 2292 2202 or-
2391 2167 2396 2181 ε

2391 2148 2459 2201 τὰ
2494 2147 2550 2200 δὲ
2581 2149 2680 2217 τῆς
2741 2147 3024 2217 ὀρθοδόξου
3076 2146 3313 2206 πίστεως
3337 2142 3636 2214 μειοῦσθαι
3664 2142 3760 2196 καὶ
3793 2141 3963 2212 ὑπορε-

727 2241 1020 2294 thodoxam
1060 2237 1229 2292 minui
1253 2246 1309 2292 et
1339 2235 1607 2292 dililuere.
1643 2237 1708 2292 Et
1739 2237 1841 2292 hoc
1886 2236 2105 2307 quidem
2137 2238 2209 2292 ita
2233 2253 2292 2294 se

1896 2236 2105 2307 quidem
2137 2238 2209 2292 ita
2233 2253 2292 2294 se
2396 2242 2535 2310 ῥεῖν.
2592 2238 2702 2292 Kal.
2740 2237 2897 2292 τοῦτο
2937 2237 3038 2309 μιν
3067 2235 3131 2307 δὴ
3170 2237 3343 2300 οὕτως
3393 2231 3565 2306 εῖχεν.

735 2330 990 2385 habebat.

803 2421 993 2475 XXIX.
1036 2420 1330 2491 Postquam
1378 2432 1560 2477 autem
1618 2421 1728 2475 Leo
1778 2421 1882 2476 fuit
1943 2422 2292 2485 interfectus,
2465 2425 2472 2476 l

2465 2421 2593 2477 KG'.
2646 2422 2798 2476 Ἐπεὶ
2835 2421 2891 2474 δὲ
2923 2422 3018 2474 καὶ
3057 2422 3084 2473 6
3108 2418 3264 2472 Λέων
3300 2415 3640 2488 ἀναιρεθείη,
3665 2407 3771 2485 ἦκε
3805 2412 3973 2467 πάλιν

731 2512 883 2566 venit
912 2527 1104 2566 rursus
1137 2526 1261 2564 cum
1295 2511 1534 2580 quodam
1560 2513 1667 2565 alio
1713 2511 2044 2575 Eustratius,
2105 2513 2295 2566 divino

2402 2515 2520 2585 μεθ’
2567 2514 2756 2584 ἐτέρου
2824 2511 2972 2572 τινὸς
3003 2513 3031 2564 6
3087 2511 3437 2579 Εὺπράτιος,
3484 2507 3848 2574 ἀπαγγέλλων
3890 2503 3972 2575 τῷ

734 2602 864 2655 huic
885 2602 1004 2656 viro
1063 2601 1387 2655 renuntians
1435 2611 1692 2655 eventum
1749 2617 1961 2664 eorum,
2010 2618 2131 2670 qua:
2182 2602 2298 2671 ipse
2400 2616 2403 2650 ι

2400 2606 2530 2676 θείῳ
2553 2607 2727 2674 τούτῳ
2785 2604 2939 2673 ἀνδρὶ
2967 2602 3067 2673 τὴν
3097 2600 3323 2654 ἔκϐασιν
3364 2598 3472 2651 τῶν
3512 2598 3609 2651 ὑπ’
3637 2597 3803 2652 αὐτοῦ
3834 2613 3971 2666 προ-

736 2693 1086 2763 praedixerat.
1119 2692 1428 2748 Contritum
1461 2703 1545 2748 est
1601 2703 1783 2752 autem
1843 2694 1910 2747 ab
1939 2694 2019 2747 eis
2043 2695 2297 2761 aliquan-

741 2793 852 2835 tum
883 2781 1151 2851 temporis
1175 2781 1227 2835 in
1255 2797 1530 2836 sermone.
1574 2781 1804 2848 Quidam
1833 2797 1962 2836 vero
2011 2783 2156 2837 Elias
2203 2798 2302 2836 no-

743 2874 911 2936 mine,
954 2874 1046 2942 qui
1073 2872 1435 2926 exercebatur
1467 2887 1574 2926 non
1603 2874 1797 2942 procul
1835 2890 1862 2925 a
1888 2882 2097 2936 saneto,
2124 2873 2300 2941 ipsum

743 2979 995 3033 magnum
1048 2964 1391 3019 Joannicium
1440 2964 1653 3033 excepit
1696 2965 1966 3026 convivio,
1995 2975 2049 3017 et
2086 2979 2180 3018 eos
2209 2965 2302 3034 qui

743 3062 1002 3105 venerant
1025 3052 1187 3106 simul
1210 3067 1332 3105 cum
1359 3052 1658 3106 Eustratio.
1685 3052 1911 3105 Divinus
1940 3060 2121 3105 autem
2141 3051 2304 3108 Iom-

2399 2695 2808 2768 ηγορευμένων.
2878 2693 3083 2760 Καιρδς
3137 2693 3319 2744 τοίνυν
3387 2691 3569 2752 αὐτοῖς
3601 2690 3660 2743 εν
3688 2691 3752 2759 τῇ
3786 2687 3973 2760 ὁμιλίᾳ

2402 2785 2615 2856 ἐτρίϐη,
2657 2784 2750 2837 καί
2775 2801 2898 2846 τις,
2944 2782 3128 2844 Ἠλίας
3153 2782 3344 2850 ϐνομα,
3388 2781 3446 2832 εν
3484 2779 3744 2847 γειτόνων
3771 2777 3974 2832 ἀσκού-

2405 2895 2563 2948 μενος
2616 2877 2695 2947 τῷ
2725 2878 2883 2946 ἁγίῳ,
2933 2875 3098 2929 αὐτόν
3137 2891 3197 2926 τε
3241 2875 3415 2942 μέγαν
3477 2873 3572 2923 καὶ
3625 2871 3749 2932 τοὺς
3779 2870 3973 2938 ἀνελη-

2403 2970 2630 3032 λυθότας
2689 2971 2784 3022 σὺν
2841 2967 3159 3038 Εὑστρατίφ
3217 2965 3418 3019 εἱστία.
3461 2965 3522 3016 Ὀ
3585 2963 3642 3016 δέ
3709 2979 3772 3030 γε
3834 2962 3976 3024 θεῖος

2417 3061 2746 3123 ἰωαννίκιος
2789 3059 3128 3130 ματαιότητα
3176 3058 3270 3111 τοῦ
3323 3057 3441 3126 βίου
3489 3055 3836 3124 κατηγορῶν,
3883 3053 3978 3107 καὶ

743 3143 924 3196 nicius
957 3144 1117 3213 hujus
1166 3142 1288 3196 vitae
1321 3157 1586 3197 accusans
1636 3142 1957 3203 vanitatem,
2015 3151 2070 3195 et
2121 3143 2304 3197 verbis
2333 3163 2412 3225 οι

2333 3163 2376 3225 ο
2407 3154 2520 3214 τοῖς
2562 3152 2741 3220 λόγοις
2796 3151 3111 3218 ὑποφαίνων
3157 3146 3219 3201 τὸ
3249 3150 3482 3202 ἄστατον
3525 3146 3695 3198 αὑτοῦ
3759 3161 3816 3196 τε
3884 3144 3976 3195 καὶ

743 3235 1061 3299 ostendens,
1085 3251 1246 3303 quam
1279 3233 1710 3289 essetinstabilis
1750 3241 1805 3286 et
1851 3231 2032 3295 inﬁda,
2060 3247 2306 3287 comnm-

750 3325 892 3378 niter
938 3325 1186 3394 jubebat,
1209 3335 1268 3378 ut
1301 3339 1357 3378 se
1393 3325 1584 3392 procul
1633 3331 1980 3376 removerent
2031 3323 2101 3377 ab
2153 3325 2307 3378 urbi-

745 3416 850 3470 bus
877 3423 930 3468 et
965 3415 1118 3468 vicis.
1186 3414 1314 3469 Elia:
1371 3424 1551 3469 autem
1585 3414 1802 3468 dicebat
1837 3413 1938 3466 hoc
1975 3414 2146 3483 magis
2183 3430 2313 3468 con-

745 3505 953 3564 venire,
979 3520 1139 3573 quam
1159 3504 1298 3558 aliis.
1333 3506 1383 3559 Is
1410 3519 1540 3558 vero
1576 3517 1589 3556 :
1625 3503 1696 3557 De
1729 3503 1852 3569 hoc,
1877 3504 2124 3572 inquit.o
2151 3505 2310 3558 Pater

744 3595 1052 3658 Jeoannici,
1076 3606 1194 3649 esto
1225 3595 1366 3649 bono
1393 3595 1594 3648 animo.
1626 3594 1695 3650 Ut
1720 3596 1976 3665 majorem
2000 3605 2180 3649 autem
2207 3597 2309 3649 bu-

743 3687 835 3756 jus
863 3684 939 3740 rei
978 3684 1138 3740 ﬁdem
1164 3685 1394 3750 faceret,
1444 3686 1682 3746 dicebat,
1741 3686 1883 3754 quod
1925 3687 1978 3738 in
2012 3685 2312 3742 totisannis

750 3777 1181 3846 praecedentibus
1218 3776 1410 3832 luisset
1470 3777 1764 3842 solitarius,
1795 3787 1847 3831 el
1901 3793 1960 3832 se
1991 3777 2313 3833 removisset

749 3868 819 3922 ab
858 3867 1137 3922 hominum
1180 3868 1589 3938 congressione.
1644 3866 1795 3921 Unus
1837 3867 2022 3936 itaque
2075 3879 2132 3924 et
2173 3870 2312 3924 alter

751 3959 869 4012 dies
925 3958 1280 4026 praeterierat,
1338 3973 1401 4010 ex
1463 3973 1569 4026 quo
1604 3957 1718 4012 haec
1751 3958 1896 4012 dicta
1946 3959 2182 4014 fuerant.
2216 3959 2312 4013 llle

752 4063 888 4102 vero
916 4047 1222 4103 monachus
1253 4047 1400 4101 Elias
1425 4047 1489 4100 ad
1522 4064 1646 4101 eum
1683 4048 1968 4110 accedens,
2001 4049 2313 4116 postulabat

2415 3243 2664 3306 ἄπιστον,
2695 3242 2892 3304 κοινῶς
2931 3241 3231 3311 μακρύνειν
3258 3237 3475 3292 εκέλευε
3514 3238 3624 3290 τῶν
3650 3237 3856 3289 πόλεων
3883 3234 3979 3286 καὶ

2416 3332 2653 3403 χωρίων
2696 3331 2852 3400 Ἠλία
2877 3330 2934 3382 δι
2967 3330 3167 3400 μᾶλλον
3191 3330 3298 3380 τῶν
3321 3327 3495 3381 ἀλλων
3526 3325 3686 3378 τοῦτό
3718 3342 3781 3392 γε
3809 3339 3980 3393 προσ-

2415 3424 2539 3491 ῆκε,
2578 3417 2722 3482 εἷπε,
2757 3424 2947 3474 ποιεῖν.
2989 3421 3100 3473 Καὶ
3151 3413 3328 3479 οὗτος.
3368 3417 3599 3487 θάρρει,
3639 3414 3767 3485 ῑφη,
3800 3415 3859 3467 τὺ
3889 3413 3984 3466 επὶ

2416 3511 2612 3581 τούτῳ,
2668 3512 2849 3581 Πάτερ
2897 3508 3191 3561 ’ίωαννίκιε
3229 3524 3243 3538 ·
3313 3509 3406 3560 καὶ
3465 3506 3688 3558 πλείονά
3747 3521 3810 3572 γε
3848 3502 3986 3571 πρὸς

2415 3604 2573 3657 τοῦτο
2603 3605 2780 3655 πίστιν
2825 3604 3056 3670 παρεῖχε
3085 3601 3144 3653 τὸ
3175 3603 3230 3650 ἐν
3261 3604 3370 3660 τοῖς
3409 3596 3772 3668 προλαϐοὖσιν
3803 3594 3986 3647 ίτεσιν

2417 3695 2559 3756 ὅλοις
2616 3693 2882 3762 ὲρημικόν
2937 3709 2997 3744 τε
3047 3694 3142 3744 καὶ
3205 3691 3458 3757 ἄμικτον.
3526 3689 3641 3742 Μία
3686 3683 3986 3754 τοιγαροῦν

2419 3783 2600 3852 ἡμέρα
2631 3782 2723 3835 ἐπὶ
2759 3785 2826 3852 τῇ
2857 3782 3020 3850 ἑτέρᾳ
3061 3781 3246 3850 ἤγετο,
3297 3779 3390 3845 ἀφ’
3425 3773 3485 3830 οὗ
3527 3775 3700 3829 ταῦτα
3723 3773 3802 3841 τῷ
3843 3773 3986 3842 ἁγίῳ

2419 3875 2630 3944 ἐλέχθη.
2680 3874 2774 3927 καὶ
2798 3877 2826 3926 6
2868 3873 3094 3941 μοναχὸς
3134 3873 3339 3930 ἐκεῖνος
3389 3869 3576 3931 Ἠλίας
3608 3865 3760 3933 αὺτῷ
3816 3880 3988 3932 προσ-

2419 3965 2611 4029 ελθὼν,
2645 3965 2808 4035 εὐχὴν
2865 3964 3130 4034 ἐξῃτεῖτο,
3173 3961 3257 4029 ἐφ’
3290 3955 3333 4028 ᾧ
3360 3959 3448 4013 διὰ
3503 3959 3658 4013 νόσον
3679 3957 3827 4027 αὐτῷ
3863 3960 3988 4008 επι-

2421 4055 2705 4124 σκὴψασαν
2748 4054 2805 4108 ἓν
2860 4069 2966 4106 τινι
3012 4052 3123 4104 τῶν
3174 4051 3526 4104 ἀναδιδόντων
3572 4046 3750 4116 θερμὰ
3820 4045 3990 4096 ὕδατα

752 4143 870 4209 ejus
897 4155 1108 4206 preces,
1135 4148 1196 4193 ut
1221 4151 1442 4208 propter
1469 4139 1743 4202 morbum,
1807 4140 1900 4208 qui
1932 4154 2058 4193 eum
2094 4142 2311 4194 invase-

757 4237 861 4290 rat,
895 4227 1000 4282 iret
1025 4227 1092 4281 ad
1152 4227 1426 4296 quoddam
1491 4228 1774 4296 praedium,
1836 4230 1981 4298 quod
2031 4230 2313 4284 emitti-bat

756 4332 924 4384 aquas
959 4316 1187 4371 calidas.
1214 4317 1350 4371 Cum
1419 4307 1600 4372 autem
1626 4319 1714 4372 ille
1748 4319 1969 4387 quidem
2000 4320 2188 4384 nollet,
2223 4321 2312 4374 hic

759 4423 886 4461 vero
918 4406 1146 4462 instaret
1175 4423 1189 4472 ;
1223 4417 1279 4462 et
1313 4417 1587 4477 postremo
1643 4409 1709 4461 ad
1747 4409 2175 4463 imbecillitatem
2203 4409 2312 4462 fra-
2417 4436 2428 4454 ι

2417 4423 2484 4488 τῇ
2508 4419 2618 4471 τῶν
2661 4417 2879 4488 θερμῶν
2926 4417 3136 4470 ῠδάτων
3189 4413 3481 4482 ἐπιφανείᾳ
3530 4410 3792 4478 ὑπέμεινε
3852 4405 3988 4474 πλη-

761 4499 858 4552 tris
890 4514 947 4552 se
972 4499 1269 4554 demittens
1301 4508 1522 4552 sanctus
1554 4514 1680 4552 eum
1711 4498 2003 4562 emisisset,
2070 4501 2155 4553 vix
2213 4517 2308 4567 po-
2343 4507 2384 4561 ι)
2415 4529 2430 4564 ς

2343 4507 2384 4561 D
2415 4512 2623 4576 σιάσαι,
2655 4511 3066 4578 λειποψυχῆσας
3101 4508 3161 4561 δὶ
3210 4509 3310 4560 καὶ
3356 4504 3507 4572 παρά
3553 4501 3663 4554 τῶν
3719 4501 3836 4552 ἐκεῖ
3894 4514 3991 4550 τυ-

760 4591 862 4642 tuit
893 4589 962 4642 ad
1014 4604 1184 4658 aquas
1229 4589 1431 4644 calidas
1483 4591 1760 4644 accedere.
1795 4588 1930 4643 Cum
1959 4606 2086 4644 eum
2125 4601 2308 4645 autem
2418 4622 2429 4672 1

2418 4602 2620 4672 χόντων
2676 4601 2884 4670 ἀρθεὶς,
2927 4600 2986 4652 ἐν
3019 4599 3128 4652 τινί
3153 4615 3212 4651 τε
3242 4597 3350 4649 τῶν
3413 4596 3551 4663 πρὸς
3589 4592 3665 4661 τῷ
3723 4592 3839 4658 ὄρει
3866 4588 3992 4640 κελ-

758 4681 1007 4750 liquisset
1038 4682 1272 4744 animus,
1304 4690 1359 4735 et
1386 4680 1454 4734 ab
1477 4681 1546 4734 iis
1582 4682 1674 4750 qui
1709 4681 1824 4734 illic
1851 4690 2009 4734 erant
2043 4681 2310 4743 sublatus.
2419 4693 2427 4743 1

2419 4693 2544 4744 λίων
2584 4689 2954 4754 κατακλιθεὶς,
2991 4690 3119 4758 περὶ
3175 4688 3345 4756 μέσας
3369 4685 3573 4744 νύκτας
3603 4681 3701 4753 τὴν
3735 4678 3990 4732 ἐντεῦθεν

759 4773 815 4827 in
846 4771 1078 4840 quadam
1124 4772 1281 4835 cella,
1335 4787 1456 4841 quae
1489 4781 1609 4827 erat
1663 4773 1730 4827 ad
1790 4783 2052 4836 montem,
2117 4772 2315 4827 fuisset
2419 4785 2428 4832 ί

2419 4782 2699 4834 ἀστείλατο
2725 4779 3014 4849 ἐκδημίαν,
3077 4777 3303 4830 τοσοῦτο
3355 4778 3464 4836 τοῖς
3511 4774 3795 4843 προτέροις
3823 4769 3992 4822 αὐτοῦ

2418 4149 2634 4214 χωρίων
2664 4144 3090 4216 παραγενέσθαι.
3136 4143 3288 4195 Ἐπεὶ
3317 4141 3374 4194 δὲ
3399 4141 3426 4191 6
3460 4139 3559 4207 μὲν
3582 4138 3683 4191 οὐκ
3711 4135 3985 4198 ἐϐούλετο,

2417 4241 2444 4289 6
2479 4237 2532 4289 δὲ
2572 4235 2840 4296 ἐπέκειτο,
2875 4236 2968 4287 καὶ
3027 4232 3178 4293 τέλος
3225 4235 3293 4301 τῇ
3323 4230 3417 4283 τοῦ
3447 4228 3681 4296 ἀδελφοῦ
3732 4225 3992 4294 ἀσθενείᾳ

2420 4326 2766 4394 συγκαταϐὰς
2809 4327 2838 4378 6
2865 4328 3038 4393 ἅγιος,
3071 4325 3346 4392 ὲξὲπεμπε
3401 4320 3614 4384 nam,
3655 4317 3840 4386 σχεδὸν
3863 4315 3991 4367 οὐδὲ

759 4863 990 4925 locatus,
1023 4863 1168 4915 circa
1199 4861 1434 4916 mediam
1461 4873 1675 4916 noctem
1704 4865 1939 4917 excessit
1959 4878 2026 4917 ex
2057 4863 2156 4916 hac
2180 4864 2313 4926 vita,

761 4951 1039 5020 prioribus
1057 4951 1216 5006 bonis
1244 4967 1357 5005 suae
1385 4953 1800 5006 exercitationis
1823 4953 1963 5007 hanc
2011 4953 2184 5006 solam
2221 4953 2318 5006 ha-

764 5041 902 5096 bens
927 5042 1182 5111 gratiam.
1233 5042 1381 5111 quod
1440 5043 1493 5096 in
1535 5044 1635 5098 hac
1689 5053 1932 5098 extrema
1987 5044 2319 5112 cogitatione

2421 4875 2518 4940 τῆς
2574 4873 2860 4942 ἀσκήσεως
2918 4870 3102 4930 πόνοις
3150 4867 3313 4937 χάριν
3368 4865 3546 4930 εἰδὼς,
3592 4866 3716 4917 ὅσον
3781 4863 3872 4912 ἐπὶ
3914 4860 3997 4930 τῷ

2425 4961 2716 5029 τελευταίῳ
2745 4958 2919 5029 τούτῳ
2975 4959 3072 5012 καὶ
3105 4957 3432 5028 μετεμέλετο
3456 4953 3724 5022 λογισμιῗ,
3773 4953 3856 5005 ὅτι
3885 4966 3997 5019 περ

2425 5054 2558 5117 ὅλως
2593 5051 2800 5122 ὑπῆρξε
2831 5050 3098 5119 θεραπεία
3130 5048 3243 5116 ,τοῦ
3299 5047 3568 5116 σώματος.
3607 5045 3747 5098 Ἀλλ’
3804 5045 4000 5095 ἀπανι-

765 5133 962 5186 ductus
990 5140 1135 5185 esset
1185 5131 1527 5200 pmnitentia,
1588 5134 1734 5203 quod
1789 5135 2018 5188 omnino
2066 5135 2322 5188 cessisset
2425 5162 2434 5177 -

2202 5145 2322 5188 :sset
2425 5144 2546 5194 τέων
2577 5148 2670 5195 καὶ
2699 5143 2860 5194 πάλιν
2893 5141 3026 5208 ἡμίν
3051 5141 3144 5190 ἐπὶ
3173 5139 3263 5189 τὸν
3313 5139 3487 5206 μέγαν
3522 5134 3871 5190 Ἰωαννίκιον.

767 5223 1036 5277 curationi
1063 5223 1330 5289 corporis.
1363 5223 1470 5278 Sed
1513 5225 1675 5280 nobis
1712 5225 2099 5280 revertendum
2131 5235 2214 5280 est
2249 5225 2316 5280 ad

773 5331 1026 5386 magnum
1047 5316 1418 5371 Joannicium.

845 5405 1011 5460 XXX.
1042 5406 1140 5460 llic
1169 5408 1253 5460 vir
1301 5406 1521 5462 divinus
1554 5409 1761 5463 solebat
1794 5409 1946 5464 obire
1991 5423 2115 5462 eum
2149 5408 2322 5478 virga,
2476 5413 2514 5462 A

2476 5407 2552 5463 A'.
2569 5401 2783 5475 Οὗτοςή
2803 5404 2922 5461 θεία
2937 5403 3147 5473 κεφαλὴ
3168 5399 3512 5471 μετὰ”ρἀδου
3526 5398 3684 5451 εἴωθε
3702 5397 3993 5467 περιιέναι,

773 5498 878 5553 etsi
925 5512 1176 5552 sermone
1231 5500 1433 5567 potius,
1486 5513 1648 5568 quam
1701 5499 1871 5567 virga,
1921 5513 2061 5567 opus
2100 5497 2326 5552 haberet
2435 5515 2442 5547 :

2435 5497 2610 5548 καίτοι
2635 5496 2702 5548 τὰ
2743 5494 2912 5547 πολλά
2944 5493 3104 5558 λόγου
3131 5490 3331 5563 μᾶλλον
3361 5489 3394 5558 ἢ
3432 5488 3630 5558 ῥάϐδου
3689 5487 3828 5556 πρὸς
3894 5487 3998 5556 τὴν

781 5588 1040 5643 adversus
1086 5602 1243 5642 suum
1297 5603 1531 5657 gregem.
1591 5588 1724 5642 Cum
1781 5591 1824 5643 is
1867 5603 1996 5657 ergo
2037 5587 2328 5657 aliquando
2436 5588 2450 5638 ί

2436 5585 2628 5639 ἑαυτοῦ
2658 5585 2890 5653 ποίμνην
2929 5583 3202 5650 δεόμενος.
3246 5579 3402 5631 Ἐπεὶ
3435 5573 3528 5630 οὖν
3567 5574 3666 5630 ἀνὰ
3697 5573 3998 5637 δυσϐάτους

775 5680 1032 5741 transiret
1067 5695 1162 5748 per
1197 5680 1309 5732 loca
1337 5680 1579 5747 quasdam
1617 5681 1845 5733 transitu
1883 5681 2140 5742 ilillicilia,
2184 5681 2327 5733 act-i-
2436 5698 2444 5711 ·

2436 5680 2631 5738 τόπους
2685 5674 2934 5742 διήρχετό
2963 5690 3112 5737 ποτε,
3137 5671 3346 5740 συμϐὰν
3384 5668 3552 5738 αὐτὴν
3577 5669 3669 5735 τῆς
3695 5667 3870 5736 χειρὸς
3905 5667 3999 5718 ὲκ-

775 5776 947 5831 dissel
975 5784 1152 5830 autem
1179 5786 1234 5828 ut
1267 5791 1326 5826 ea
1361 5775 1434 5826 illi
1469 5792 1495 5828 ρ
1532 5792 1686 5828 manu
1710 5776 1997 5837 «uides-vl,
2030 5779 2328 5843 ηιιςιοὶιςιιιιε
2440 5789 2444 5800 '

2327 5794 2328 5799 η
2440 5770 2642 5832 πίτυι
2692 5764 2875 5833 ἦνλίτό
2903 5782 2955 5817 τε
2993 5767 3056 5833 τῇ
3087 5762 3330 5832 ἀπωλείὲ
3364 5761 3463 5828 τῆς
3510 5759 3702 5827 ρἀδου
3734 5759 3822 5810 ὐἱ
3851 5758 3996 5824 an-
