4226 6418
246 347 321 410 65
1296 362 1470 421 ιίΤΑ
1512 363 1574 422 S.
1618 361 1915 422 JOANNH

1792 360 2002 419 lNlCll
2049 364 2387 427 ABB.\TIS.
3394 374 3461 435 65

244 457 425 527 χάνκις
456 454 564 525 εἶχε
604 460 730 529 περὶ
753 459 851 527 τὴν
880 461 1118 534 εὕρεσιν.
1176 463 1309 523 Εἶτα
1338 472 1473 541 πρὸς
1503 474 1601 542 τὴν
1632 473 1798 541 ζήτη·
1825 475 1871 531 Δ
1900 487 1913 525 t

1793 475 1871 531 »Α
1900 473 2106 537 animo,
2143 475 2290 544 quod
2330 476 2480 547 virga
2522 477 2797 546 periisset,
2845 494 2943 535 nec
2978 480 3097 549 ejus
3121 482 3462 542 invenienda

249 564 335 599 σιν
364 549 537 617 αὐτῆς
568 552 858 619 ἀπογνοὺς,
893 556 960 607 τά
1019 557 1219 624 γόνατα
1255 560 1501 631 κάμψας,
1528 564 1628 625 τὰς
1681 578 1806 615 συν-

246 639 401 707 ήθεις
447 640 612 710 τύχάς
675 643 752 713 τῷ
815 646 1004 715 Κυρίῳ
1066 649 1340 706 ἀπεδίδου.
1404 653 1469 706 Ἦ
1535 654 1593 706 δέ
1646 654 1808 707 πέλιν

247 729 431 799 ἀέριος
460 725 585 801 ἧκε,
625 735 717 786 καὶ
745 737 810 805 τῇ
843 736 935 789 τοῦ
972 738 1129 805 ἀγίου
1156 744 1301 812 χειρὶ
1340 746 1613 814 φερομένη
1641 745 1809 797 ἐνετί-

249 821 373 874 θετο
398 840 414 854 ·
447 825 540 877 καὶ
566 827 594 878 ὁ
628 826 725 895 μέν
754 828 913 887 εὐθὺς
958 832 1099 883 κατά
1153 850 1274 886 τινα
1331 836 1554 904 λόχμιον
1611 838 1805 908 ἄντρον

248 912 448 979 είσέδυ,
489 913 674 986 ὥσπερ
732 920 852 972 τινὰ
911 921 1070 992 φίλην
1093 925 1267 992 ἑαυτῷ
1321 928 1601 981 κατοικίαν
1635 932 1808 998 ἀρπά-

250 1021 352 1065 σας
375 1020 390 1035 ο
429 1005 491 1057 τὸ
520 1004 577 1057 δέ
628 1007 735 1076 ἄρα
769 1008 943 1078 βραχύ
992 1030 1050 1065 τε
1092 1010 1159 1083 ἦν
1194 1018 1387 1087 κομιδῇ
1424 1021 1515 1070 καὶ
1554 1020 1658 1071 ὑπὸ
1692 1021 1805 1074 δαι-

250 1096 426 1162 μόνων
464 1096 675 1167 ᾠκεῖτο,
734 1102 941 1168 οἵτινες,
990 1104 1063 1166 ὡς
1107 1101 1246 1159 εἶδον
1270 1109 1360 1160 τὸν
1394 1111 1545 1176 ἅγιον
1595 1113 1807 1180 ἀοράτῳ

246 1184 476 1252 δυνάμει
524 1188 629 1239 τινὶ
692 1189 1119 1260 δυναμούμενον.
1192 1199 1284 1249 καὶ
1306 1200 1445 1250 κατά
1492 1200 1699 1253 Παῦλον
1748 1204 1806 1254 ὲν

252 1277 438 1345 ἡμέρᾳ
472 1281 683 1349 πονηρᾷ
709 1280 1280 1354 δικαιοσύνηςθώρακι
1304 1290 1397 1341 καὶ
1436 1290 1611 1359 θυρεῷ
1635 1309 1805 1346 κατα-

251 1366 601 1434 καυχώμενον
645 1368 894 1433 πίστεως,
945 1373 1051 1442 ὅλῳ
1085 1374 1239 1445 θυμῷ
1281 1378 1668 1451 ἐξεκαύθησαν,
1714 1386 1807 1438 καί

248 1472 301 1507 τι
329 1457 425 1508 καὶ
456 1457 717 1521 παθόντες
748 1462 837 1514 ὑπ’
867 1465 1032 1516 αὑτοῦ
1099 1470 1389 1539 ἀντιδρῶσί
1413 1489 1461 1523 τι
1512 1475 1603 1525 καὶ
1634 1468 1802 1529 οὗτοι.

264 1546 414 1599 Ἐπεὶ
442 1547 499 1600 δὲ
524 1552 641 1611 ταῖς
665 1551 899 1617 ἀφανέσι
947 1556 1147 1620 πάσαις
1181 1560 1503 1629 προσϐολαῖς
1535 1564 1803 1635 ἀπεκρού-

249 1636 457 1705 σθησαν
527 1640 798 1709 ἰσχυρῶς,
865 1644 1051 1699 τούτου
1103 1656 1633 1722 περιτετειχισμένου
1685 1660 1805 1719 ταῖς

249 1730 599 1796 προσευχαῖς,
655 1731 804 1794 τέλος
865 1734 973 1787 τῶν
1025 1737 1169 1790 κατά
1197 1742 1296 1808 τῆς
1321 1741 1497 1812 ψυχῆς
1548 1746 1804 1814 ἀφέμενοι

254 1820 511 1909 μηχανῶν
564 1822 884 1887 ἐπετίθεντο,
921 1828 1228 1897 ὲχτεύαζον,
1285 1832 1472 1898 ἐϐόων,
1514 1836 1801 1909 έπλησσον,

251 1908 504 1977 ἔφευγον,
539 1915 904 1984 καταθαμϐετν
942 1920 1344 1988 προσδοκῶντες
1370 1925 1613 1995 ἔϐρυχον,
1640 1908 1808 1998 ἐπήρ-

254 2016 410 2068 χοντο
469 2003 609 2056 κατά
674 2006 985 2074 πρόσωπον,
1054 2012 1256 2066 κλονεῖν
1299 2016 1512 2069 ἐδόκουν
1557 2019 1615 2070 τὸ
1665 2021 1805 2089 σπή-

252 2093 427 2149 λαιον.
497 2096 587 2157 Ὠς
630 2097 688 2149 δὲ
722 2101 748 2151 ὁ
820 2101 919 2168 μὲν
970 2102 1168 2169 φαῦλον
1224 2106 1394 2168 οὐδὲν,
1446 2108 1553 2161 οὐδ’
1614 2112 1805 2177 άγενὲς

253 2185 617 2250 ἐπεδείκνυτο,
675 2190 723 2240 oi
755 2191 809 2242 δὲ
840 2192 1017 2246 πάντα
1065 2196 1162 2262 τῆς
1197 2197 1406 2252 ἑαυτῶν
1455 2203 1805 2271 κακοτεχνίας

252 2276 434 2328 κάλων
499 2280 841 2347 κινήσαντες,
903 2284 1052 2347 τέλος
1113 2287 1248 2356 πρὸς
1291 2289 1350 2340 τὸ
1408 2296 1652 2358 γενναῖον
1711 2296 1804 2347 τοῦ

250 2369 444 2435 ἀνδρὸς
503 2371 597 2421 καὶ
654 2372 911 2444 σταθερὸν
972 2378 1356 2449 ἀπειρήκασιν,
1421 2386 1667 2447 ἐλεεινῶς
1728 2391 1805 2450 είς

253 2454 424 2527 ἧτταν
445 2462 764 2528 τραπέντες,
797 2466 861 2517 Τί
893 2469 1023 2537 ἡμῖν
1048 2472 1138 2522 καὶ
1165 2473 1279 2537 σοί;
1314 2468 1517 2539 Ἤλθες
1550 2480 1651 2546 πρὸ
1681 2495 1803 2530 και-

255 2550 353 2619 ροῦ
380 2551 664 2618 βασανίσαι
717 2559 862 2626 ἡμᾶς
889 2575 902 2621 ;
932 2559 1024 2612 καὶ
1083 2554 1226 2613 οὗτοι
1261 2566 1393 2632 πρὸς
1434 2567 1592 2619 αὑτὸν
1616 2568 1803 2633 ἐϐόων,

252 2638 445 2711 ῶσπερ
468 2643 529 2711 δὴ
572 2645 664 2695 καὶ
698 2646 831 2714 πρὸς
859 2648 950 2699 τὸν
977 2650 1105 2718 ἐμὸν
1142 2652 1345 2721 Ἰησοῦν
1378 2657 1423 2707 oi
1462 2656 1555 2723 τὴν
1601 2658 1806 2710 ἐκείνου

254 2734 557 2800 παρουσὲαν
594 2735 973 2803 ὑπομένοντες.
1032 2740 1179 2793 Ἐπεὶ
1236 2743 1291 2793 δέ
1326 2745 1383 2795 τὸ
1415 2747 1675 2815 σπήλαιον
1714 2748 1806 2802 καὶ

253 2824 474 2885 ἄκοντες
517 2827 911 2895 ἀπελίμπανον,
945 2830 1130 2898 ἕτερον
1151 2836 1247 2884 οῦκ
1275 2831 1421 2904 εἶχον
1454 2839 1653 2905 εὑρεῖν,
1686 2840 1713 2891 ὃ
1756 2858 1804 2892 τι

252 2916 384 2967 ποτὲ
405 2918 701 2983 οἰκήσουσι.
739 2920 1014 2988 ῙΙανταχοῦ
1058 2926 1164 2992 γὰρ
1216 2929 1472 2993 παρεῖναι
1520 2930 1609 2981 τὸν
1653 2930 1804 2996 ἆγιον

254 3008 624 3071 ἐςαντάζοντο
696 3013 1094 3077 μεταδιώκοντα
1149 3017 1241 3067 καὶ
1290 3018 1677 3085 τροπούμενον,
1713 3025 1806 3072 καὶ

1911 563 2073 617 ullam
2097 564 2410 621 inveniebat
2435 566 2721 621 rationein.
2759 568 2961 624 Deinde
2988 586 3114 626 cum
3142 571 3197 627 in
3222 587 3284 627 ea
3316 590 3466 643 qua.

1908 654 2077 708 renda
2129 654 2512 723 despondisset
2556 658 2822 720 animum,
2861 659 3013 715 ﬂexis
3058 661 3292 729 genibus
3332 678 3464 717 con-

1906 753 2089 799 suetas
2144 760 2335 813 preces
2382 748 2639 802 reddebat
2686 750 2934 804 Domino.
2986 752 3078 806 llla
3122 762 3300 807 autem
3348 770 3468 807 rur-

1907 848 2002 889 sus
2051 836 2200 889 venit
2258 852 2355 905 per
2414 853 2617 900 aerem,
2669 850 2723 894 et
2774 843 2827 895 in
2880 844 3054 897 sancti
3106 860 3321 898 manum
3364 846 3466 899 fuit

1907 925 2159 993 imposita
2192 942 2207 979 :
2242 938 2297 981 et
2341 927 2428 981 ille
2459 929 2675 997 quidem
2731 932 2910 984 statim
2948 948 3045 1000 per
3076 933 3350 1001 quoddam
3379 950 3461 986 ar-

1904 1018 2124 1072 bustum
2159 1028 2374 1073 antrum
2405 1022 2590 1083 snbiit.
2632 1032 2687 1074 ut
2721 1024 2813 1091 qui
2870 1024 2970 1077 sibi
3024 1025 3298 1092 quoddam
3336 1042 3460 1095 gra-

1911 1116 2024 1162 tum
2058 1112 2377 1180 arripuisset
2418 1114 2804 1166 habitaculum.
2849 1114 2903 1167 ld
2934 1124 3116 1168 autem
3145 1126 3263 1170 erat
3293 1117 3456 1172 breve

1906 1202 2289 1263 admodum,et
2322 1204 2665 1257 habitabatur
2696 1221 2721 1255 ιι
2757 1206 3089 1260 daemonibus
3126 1225 3135 1258 :
3173 1210 3263 1275 qui
3301 1220 3449 1275 post—

1906 1309 2065 1361 quam
2096 1294 2348 1346 viderunt
2384 1306 2627 1347 sanctum
2666 1298 2865 1347 virtute
2898 1299 3153 1358 quadam,
3206 1313 3325 1366 qua!
3358 1301 3459 1351 sub

1905 1395 2181 1453 aspectum
2239 1401 2345 1439 non
2392 1387 2635 1449 cadebat,
2704 1387 3040 1449 roboratam,
3090 1397 3164 1447 et,
3213 1400 3270 1441 ut
3329 1391 3460 1445 dicit

1907 1476 2126 1539 Paulus,
2178 1477 2229 1529 in
2289 1478 2374 1529 die
2436 1477 2575 1529 malo
2638 1477 2857 1529 thorace
2931 1478 3156 1544 justitizn
3225 1488 3279 1531 et
3334 1478 3456 1531 ﬁdei

1907 1564 2092 1633 clypeo
2166 1564 2481 1634 gloriantem
2527 1566 2590 1627 ",
2655 1565 2873 1619 fuerunt
2942 1564 3018 1616 ira
3095 1567 3314 1619 omnino
3371 1583 3457 1621 ac-

1906 1657 2074 1715 censi.
2110 1666 2163 1708 et
2202 1658 2268 1709 ab
2294 1659 2412 1725 ipso
2439 1658 2641 1724 aliquid
2672 1657 2834 1725 passi,
2873 1660 2921 1710 ei
2952 1674 3167 1727 quoque
3209 1674 3304 1723 par
3338 1659 3452 1724 pari

1907 1748 2164 1801 referunt.
2208 1747 2341 1803 Cum
2388 1764 2513 1802 vero
2546 1749 2802 1816 gobscuris
2867 1750 3118 1802 omnibus
3168 1751 3458 1803 insultibus

1907 1840 2131 1893 inissent
2159 1840 2473 1906 propulsati,
2502 1854 2567 1893 eo
2601 1839 2752 1892 valde
2788 1840 2996 1891 munito
3020 1840 3290 1907 precibus,
3336 1850 3453 1891 tan.

1906 1933 2026 1986 dem
2079 1933 2257 1985 missis
2301 1931 2565 1983 adversus
2610 1931 2843 1982 animam
2907 1930 3445 1988 machinationibus.

1904 2032 2085 2092 aperte
2115 2022 2583 2091 aggrediebantur,
2630 2021 2950 2083 irridebant,
3000 2022 3454 2083 vociferabantur,

1906 2114 2216 2181 pulsabant,
2245 2112 2535 2181 fugiebant,
2560 2122 2933 2179 exspectantes
2965 2110 3079 2163 fore
3120 2122 3173 2163 ut
3203 2111 3251 2164 ei
3293 2112 3456 2163 aﬂ'er-

1908 2213 2028 2257 rent
2058 2216 2321 2257 terrorem
2360 2222 2371 2254 :
2412 2204 2712 2269 rugiebant,
2765 2205 2813 2256 in
2868 2203 3060 2256 faciem
3108 2203 3455 2264 invadebant,

1906 2310 2124 2349 movere
2183 2296 2502 2347 videbantur
2558 2295 2887 2361 speluncam.
2950 2294 3083 2347 Cum
3126 2304 3306 2346 autem
3366 2295 3453 2346 ille

1906 2384 2040 2437 nihil
2095 2392 2459 2447 ostendisset,
2522 2382 2663 2449 quod
2714 2393 2857 2436 esset
2910 2383 3087 2449 pusilli
3148 2392 3203 2435 et
3261 2383 3454 2449 alijecti

1906 2475 2106 2531 animi;
2138 2475 2213 2528 illi
2245 2489 2369 2526 vero
2403 2483 2547 2525 moto
2580 2474 2728 2525 omni
2761 2473 2985 2524 rudente
3018 2488 3127 2525 sua:
3152 2473 3456 2525 calliditatis

1905 2576 1959 2619 et
1988 2565 2222 2625 malitiae,
2253 2574 2525 2633 postremo
2556 2579 2768 2616 omnem
2812 2579 2958 2631 spem
2994 2565 3323 2633 abjeeisseiit
3354 2564 3449 2616 ad-

1905 2670 2094 2711 versus
2129 2656 2258 2707 tanti
2306 2655 2405 2705 viri
2444 2655 2784 2706 \‘irtatcm'et
2813 2655 3190 2712 constantiam,
3224 2655 3449 2706 misera-

1906 2750 2086 2803 biliter
2120 2748 2245 2800 victi
2294 2756 2349 2800 et
2403 2748 2454 2797 in
2501 2746 2677 2813 fugam
2708 2748 2969 2798 conversi.
3027 2745 3165 2809 Quid
3212 2747 3368 2799 nobis
3396 2762 3449 2799 et

1907 2841 2043 2894 tibi?
2094 2839 2294 2892 Venisti
2326 2838 2390 2889 ad
2442 2852 2540 2889 nos
2590 2837 2918 2903 torquendos
2961 2846 3083 2890 ante
3135 2838 3386 2905 tempus?
3420 2840 3452 2890 ii

1906 2942 2118 2996 quoque
2145 2926 2210 2979 ad
2262 2927 2433 2993 ipsum
2467 2926 2794 2984 clamabant,
2834 2925 3105 2991 quomodo
3134 2928 3294 2979 etiam
3336 2941 3455 2978 meo

1906 3018 2028 3071 Jesu
2064 3018 2121 3079 ii,
2152 3018 2239 3085 qui
2273 3016 2563 3069 adventum
2595 3016 2737 3066 illius
2766 3030 2873 3067 non
2904 3017 3261 3075 sustinebant.
3318 3016 3453 3068 Cum

252 3098 438 3159 αὐτοῖς
488 3100 675 3168 ὥσπερ
731 3103 837 3153 τισὶ
902 3103 1141 3173 καλάμου
1196 3105 1404 3174 θηρίοις
1448 3110 1800 3176 ἐπιτιμῶντα.
1832 3112 1921 3167 (Ζε

1777 3150 1800 3163 ..
1832 3112 1871 3167 C
1906 3117 2083 3159 autem
2117 3106 2424 3173 Speluncam
2460 3104 2540 3155 vel
2580 3104 2733 3155 inviti
2784 3104 3147 3171 reliquissent,
3196 3121 3300 3158 non
3355 3122 3446 3174 po-

254 3188 445 3249 Οῦτως
487 3192 616 3242 ἄνευ
651 3192 877 3259 ἀνομίας
910 3195 1121 3263 τρέχων
1146 3196 1425 3265 ηύθύνετο,
1461 3202 1552 3252 καὶ⁵
1574 3202 1651 3261 είς
1685 3218 1805 3254 συν-

251 3281 481 3347 ι”.ντησιν
559 3280 766 3349 ἐχθρῶν
834 3285 1179 3352 ἐγειρόμενος
1238 3288 1369 3338 Θεὸν
1431 3288 1802 3356 προφθάνοντι

252 3365 538 3439 ηὕρισκεν,
580 3371 741 3423 αὑτὸν
783 3373 883 3440 μὲν
938 3376 1074 3425 ἐλέει
1137 3377 1588 3443 περικυκλοῦντα,
1618 3381 1801 3442 κακῶς

255 3461 315 3513 δὲ
345 3462 469 3521 τοὺς
510 3463 715 3524 κακοὺς
764 3464 1118 3517 ἀπολλύοντα.
1162 3466 1332 3534 Ὅσης
1376 3468 1474 3532 μὲν
1505 3468 1596 3520 οῦν
1618 3468 1802 3535 ἀηδίας

258 3549 353 3599 καὶ
374 3548 617 3616 ταραχῆς
648 3552 713 3617 τῇ
770 3551 876 3602 τῶν
908 3552 1179 3619 δαιμόνων
1212 3556 1472 3625 φυγαδεία
1496 3558 1618 3616 τοὺς
1651 3558 1707 3609 ἐν
1728 3557 1802 3625 τῷ

258 3637 376 3705 ῦρει
402 3638 726 3707 ἀπήλλαξεν,
748 3640 775 3692 ὃ
798 3646 1067 3693 κατοικεῖν
1094 3644 1251 3694 αὑτὸν
1277 3647 1412 3696 κατὰ
1445 3647 1533 3696 τὸν
1571 3646 1800 3713 Ψαλμῳ-

260 3728 348 3778 δὸν
396 3726 682 3794 εὐδόκησεν
710 3731 735 3780 ὁ
765 3728 918 3790 Θεὸς,
971 3732 1200 3794 ἐκείνοις
1230 3735 1545 3800 κηρύττειν,
1568 3738 1659 3787 καὶ
1698 3731 1805 3787 οἷον

260 3817 583 3883 ἀνάγραπτα
625 3818 692 3868 τά
738 3819 835 3883 τῆς
890 3821 1207 3887 εὐεργεσίας
1268 3825 1437 3873 ποιεῖν
1493 3824 1810 3875 καταλείπο-

265 3923 387 3973 μεν.
446 3906 633 3975 Ἡμεῖς
682 3907 739 3960 δέ
788 3910 920 3976 πρδς
975 3912 1038 3963 τὰ
1086 3912 1208 3979 ἑξῆς
1255 3912 1346 3964 τοῦ
1395 3914 1552 3979 λόγου
1602 3914 1812 3983 τρεψώ-

266 3999 428 4064 μεθα.

1907 3205 2081 3250 terant
2127 3196 2365 3247 invenire
2418 3195 2577 3245 aliam
2629 3208 2789 3261 quam
2855 3194 3184 3248 habitarent.
3242 3196 3454 3264 Ubique

1903 3288 2048 3340 enim
2106 3286 2290 3338 adesse
2351 3294 2596 3337 sanctum
2663 3284 2869 3337 visione
2924 3285 3451 3352 apprehendebant,

1905 3385 2315 3446 persequentem
2368 3384 2423 3427 et
2461 3375 2753 3438 (ligantem.
2806 3385 2861 3427 et
2908 3390 3002 3427 eos
3060 3377 3449 3443 increpantem,

1906 3478 2158 3536 tanquam
2195 3466 2335 3519 feras
2366 3467 2573 3532 aliquas
2624 3466 2925 3519 arundinis.
2981 3466 3070 3520 Sic
3104 3467 3220 3521 sine
3252 3468 3459 3535 iniqui~

1912 3566 2019 3609 tate
2050 3568 2275 3607 currens
2301 3553 2654 3621 dirigebatur,
2687 3562 2742 3605 et
2766 3554 3030 3605 excitatus
3067 3554 3130 3605 ad
3158 3570 3453 3607 occurren—

1906 3644 2034 3696 dum
2092 3643 2359 3701 inimicis,
2416 3642 2724 3693 inveniebat
2780 3640 2945 3693 Deum
3008 3644 3449 3709 pravenientem,

1906 3734 2079 3800 ipsum
2109 3731 2327 3799 quidem
2359 3732 2787 3784 circumdantem
2822 3733 3195 3786 misericordia
3225 3776 3239 3797 ,
3281 3737 3452 3789 malos

1907 3832 2086 3875 autem
2121 3822 2257 3873 male
2285 3821 2620 3889 perdentem.
2649 3823 2712 3874 Et
2749 3838 2778 3875 a
2806 3831 3005 3889 quanta
3046 3824 3267 3888 quidem
3294 3828 3448 3879 turba

1905 3922 1960 3967 et
1992 3911 2255 3975 molestia,
2308 3909 2615 3963 daemonum
2674 3912 2795 3979 fuga
2842 3914 3154 3966 liberaverit
3201 3929 3316 3974 eos,
3357 3917 3447 3981 qui

1910 4010 2066 4055 erant
2100 4002 2152 4054 in
2192 4010 2397 4063 monte,
2431 4002 2484 4053 in
2516 4016 2624 4069 quo
2654 4002 2923 4064 habitare,
2956 4012 3015 4056 ut
3050 4005 3180 4055 dicit
3212 4005 3454 4056 Psalmo-

263 4096 524 4161 graphus,
558 4095 658 4163 ipsi
709 4095 817 4148 Deo
845 4096 1195 4164 complacuit,
1244 4098 1350 4151 illis
1379 4098 1724 4153 scribendum
1785 4105 1840 4153 et
1880 4094 2203 4151 beneﬁcium
2239 4092 2440 4145 iitteris
2505 4093 2868 4146 mandandum
2911 4096 3275 4162 relinquamus
3345 4096 3453 4148 Nos

264 4194 449 4237 autem
516 4196 900 4239 convertamur
956 4187 1023 4238 ad
1092 4203 1197 4249 ea,
1247 4204 1366 4255 qua:
1413 4188 1670 4257 deinceps
1734 4195 2057 4256 sequuntur.

336 4279 464 4329 ΛΝ.
529 4276 740 4328 Ἑνόσει
771 4278 866 4344 μέν
896 4293 999 4329 τινι
1043 4277 1147 4328 τῶν
1183 4277 1555 4345 συγκλητικῶν
1591 4277 1688 4347 μία
1709 4278 1814 4330 τῶν
1840 4278 1892 4337 D
1986 4276 2005 4328 1

1787 4296 1814 4330 ν
1840 4278 1892 4337 D
1986 4272 2175 4328 XXXI.
2216 4274 2437 4329 Cuidam
2486 4273 2718 4327 senatori
2771 4271 3065 4341 aegrotabat
3107 4287 3209 4324 una
3241 4287 3305 4325 ex
3344 4274 3454 4327 suis

266 4368 605 4433 θυγατέρων,
667 4368 852 4419 καὶτά
889 4358 1020 4436 μέλη
1062 4369 1308 4436 παρεῖτο,
1346 4367 1574 4436 εὐσεϐής
1602 4384 1660 4419 τε
1679 4366 1812 4421 οὒσα

268 4459 363 4511 καὶ
386 4459 451 4509 τά
484 4456 827 4525 Χριστιανῶν
862 4455 1259 4523 πρεσϐεύουσα.
1301 4455 1362 4507 Ὀ
1389 4455 1433 4508 δ’
1490 4456 1578 4507 ἐπ’
1611 4457 1812 4524 ἀδελφῇ

265 4549 345 4617 τῷ
401 4547 539 4616 ἁγίῳ
592 4546 837 4615 γαμϐρὸς
870 4545 1055 4607 δεινῶς
1112 4547 1251 4598 κατά
1302 4546 1407 4598 τῶν
1438 4544 1531 4599 τοῦ
1576 4545 1810 4613 Χριστοῦ

268 4641 491 4691 εἰκόνων
535 4636 733 4690 ἐλύσσα
758 4654 815 4688 τε
860 4637 952 4689 καὶ
1014 4638 1255 4705 ἐφέρετο.
1288 4636 1500 4697 Φθάσας
1534 4635 1626 4686 οῦν
1654 4636 1683 4685 ό
1713 4651 1815 4702 μα-

268 4731 480 4796 κάριος,
515 4729 610 4796 τὴν
641 4728 739 4797 μὲν
787 4728 919 4794 εύχῇ
951 4728 1043 4779 καὶ
1066 4728 1219 4793 τύπῳ
1260 4725 1493 4794 σταυροῦ
1528 4724 1626 4793 τῆς
1654 4726 1812 4793 χαλε-

271 4823 377 4889 πῆς
430 4819 663 4884 ἐξείλετο
691 4819 869 4881 νόσου,
895 4819 982 4869 τὸν
1005 4818 1081 4879 δέ,
1125 4818 1246 4867 ἐπεὶ
1272 4816 1345 4884 μὴ
1370 4815 1573 4867 πείθειν
1620 4810 1729 4877 οἷός
1755 4831 1814 4867 τε

268 4899 339 4978 ἦν
370 4908 634 4960 νουθετῶν
686 4908 787 4974 τῆς
847 4907 1026 4974 δεινῆς
1073 4905 1405 4973 ἀποσχέσθαι
1465 4906 1682 4972 μανίας,
1724 4905 1815 4956 ἐπὶ

270 5004 369 5065 τὴν
398 5000 557 5049 παῖδα
582 4994 706 5067 ἧκε,
765 5000 858 5049 καὶ
912 4997 1227 5062 σπλάγχνων
1285 4994 1599 5059 συγγενείας
1650 4994 1815 5063 ὑπερ-

273 5089 417 5151 ιδὼν,
476 5089 675 5138 οἰκείου
714 5087 769 5137 δὲ
826 5086 913 5137 διὰ
959 5086 1057 5153 τὴν
1108 5084 1387 5135 εὐσέϐειαν
1427 5082 1815 5149 ἐπιλαθόμενος

270 5179 524 5245 αἱματος,
581 5180 743 5245 πηροί
794 5176 963 5245 τούτῳ
1005 5176 1124 5237 τοὺς
1195 5174 1501 5241 ὀρθαλμοὺς
1532 5174 1599 5225 δι’
1628 5174 1813 5242 εὒκῆἶ·

272 5270 429 5319 υῦτιυ
465 5268 622 5335 ζῆλος
685 5266 991 5327 θεοσεϐείας
1023 5267 1431 5333 κατακαυχᾶται
1464 5267 1555 5315 καὶ
1582 5264 1814 5332 φύσεως,

274 5364 370 5412 καὶ
426 5360 588 5420 πόθος
644 5345 843 5427 ἀληθὴς
926 5358 1060 5423 πρὸς
1128 5357 1258 5408 Θεὸν
1339 5358 1429 5408 καὶ
1495 5358 1815 5424 συγγενικῆς

270 5456 519 5519 ἀνάγκης
576 5451 1050 5515 ἐπικρατέστερος.
1118 5447 1227 5517 Τὴν
1258 5448 1355 5517 μέν
1382 5449 1510 5516 γάρ,
1539 5450 1588 5499 εί
1619 5451 1711 5499 καὶ
1746 5447 1818 5514 μὴ

273 5545 412 5596 κατὰ
448 5544 595 5607 γένος
626 5538 772 5608 αὐτῷ
804 5539 1098 5609 προσῆκεν,
1129 5539 1244 5591 ἀλλ’
1265 5540 1345 5591 ὃτι
1384 5540 1450 5592 τά
1478 5537 1815 5607 Χριστιανῶν

346 5700 362 5727 ⁷
392 5695 587 5766 Ephes.
626 5708 694 5755 vi,
733 5694 813 5744 Η.

1914 4366 2146 4430 ﬁliabus,
2204 4366 2554 4432 membraque
2599 4372 2754 4417 erant
2807 4363 2856 4417 ei
2906 4363 3103 4424 soluta,
3158 4378 3278 4416 cum
3311 4379 3455 4418 esset

1915 4456 2022 4523 pia,
2043 4464 2099 4508 et
2125 4454 2482 4508 Christianam
2513 4461 2751 4506 servaret
2780 4452 3117 4519 religionem.
3145 4452 3246 4517 Qui
3270 4463 3450 4507 autem

1912 4544 2081 4598 sancti
2121 4560 2360 4598 sororem
2396 4544 2623 4597 duxerat
2673 4526 2913 4603 uiorern,
2954 4541 3213 4594 adversus
3243 4540 3448 4596 Christi

1910 4636 2171 4703 imagines
2206 4634 2439 4701 graviter
2481 4633 2713 4693 furebat,
2758 4641 2811 4683 et
2847 4632 2900 4683 in
2933 4646 3025 4683 eas
3073 4632 3451 4685 invehebatur.

1911 4724 2189 4777 Accedens
2227 4732 2406 4774 autem
2437 4722 2646 4779 beatus.
2681 4722 2823 4773 illam
2852 4720 3069 4786 quidem
3108 4722 3364 4787 precibus
3400 4733 3454 4775 et

1918 4815 2069 4881 signo
2096 4816 2272 4865 erucis
2301 4827 2329 4863 a
2358 4813 2504 4880 gravi
2554 4812 2740 4863 inorbo
2787 4811 3039 4863 liberavit
3075 4827 3086 4860 :
3133 4812 3273 4863 hunc
3305 4828 3454 4875 veru,

1916 4919 2040 4956 cum
2069 4902 2364 4955 admonens
2398 4915 2504 4953 non
2557 4909 2738 4967 posset
2784 4902 3107 4969 persuadere
3140 4908 3198 4953 ut
3231 4917 3258 4951 a
3307 4917 3453 4968 graVi

1921 4993 2010 5045 illa
2046 4992 2341 5044 abstineret
2384 4990 2612 5053 insania,
2646 4992 2872 5042 tradidit
2902 4992 3222 5057 discipline,
3260 5000 3315 5044 et
3345 4991 3457 5042 viso

1917 5097 2099 5138 cerum
2139 5080 2392 5148 despecta
2422 5080 2757 5148 cognatione.
2793 5090 2847 5132 et
2892 5081 2975 5132 sui
3004 5082 3280 5147 sanguinis
3311 5080 3452 5130 obli.

1918 5182 2003 5225 tus
2064 5182 2281 5240 propter
2342 5185 2521 5222 veram
2583 5171 2942 5238 religionem,
3008 5170 3262 5235 precibus
3322 5182 3448 5219 cum

1917 5266 2071 5316 orbat
2100 5262 2287 5315 oculis.
2343 5260 2419 5312 lta
2454 5262 2602 5313 zelus
2642 5262 2855 5327 pietatis
2886 5269 2938 5311 et
2988 5258 3100 5311 veri
3150 5259 3240 5310 Dei
3279 5259 3459 5310 cultus

1918 5355 2177 5422 gloriatur
2202 5351 2363 5404 etiam
2397 5361 2581 5403 contra
2616 5352 2782 5417 ipsam
2819 5359 3065 5402 naturam
3101 5367 3115 5401 :
3160 5359 3214 5400 et
3264 5363 3452 5400 verum

1922 5446 1974 5498 in
2012 5445 2176 5497 Deum
2214 5441 2543 5495 desiderium
2591 5450 2671 5493 est
2707 5441 2938 5492 validius
2986 5439 3307 5492 necessitate
3359 5451 3456 5491 co-

1918 5535 2205 5603 gnationis.
2272 5532 2403 5585 Nam
2438 5533 2577 5584 illam
2634 5530 2872 5598 quidem,
2925 5529 3131 5582 etiamsi
3164 5542 3360 5596 genere
3384 5526 3455 5583 ad
