4226 6418
771 444 840 508 δ]
1980 417 2262 478 ttENSIS
2301 417 2440 474 .\'«'.-\‘

2301 416 2739 474 .\'(':\'EMBF.R.
3899 415 3966 476 68

758 563 884 604 eum
936 560 1044 599 non
1093 541 1370 600 attineret,
1427 533 1683 604 quoniam
1735 538 1914 583 tamen
1952 526 2313 580 Christianam
2344 525 2427 584 Ai

2301 539 2313 573 ι
2344 531 2385 584 Α
2415 522 2596 592 ἐτίμα,
2621 523 2721 576 τοῦ
2782 521 2986 584 πάθους
3038 520 3330 588 ἀπήλλαξε,
3382 521 3471 572 τὸν
3498 521 3578 586 δὲ,
3615 521 3791 574 καίτοι
3825 537 3970 590 γαμ-

757 637 1084 696 οὺεειννιιὶιιιι
1135 633 1473 700 religionem,
1505 641 1536 680 ε
1581 624 1774 679 morbo
1819 619 2114 674 liberavit:
2164 616 2310 668 hanc
2401 616 2426 663 .t

2301 629 2310 667 :
2401 614 2544 682 .6pbv
2600 614 2752 676 ὄντα,
2813 614 2893 667 ὅτι
2932 616 3052 675 ταῖς
3097 613 3271 674 θείαις
3337 613 3540 665 είιεόσιν
3603 614 3858 683 ἐμάχετο,
3908 616 3970 667 τὸ

759 739 960 788 autem,
1009 724 1110 778 etsi
1173 734 1426 775 sororem
1462 715 1705 770 duxisset
1763 714 1816 765 in
1880 706 2308 767 matrimonium,

2415 703 2633 772 βλέπειν
2698 704 2971 768 ἀφείλετο,
3017 703 3112 755 καὶ
3166 702 3417 755 παιδείαν
3438 703 3584 770 ἔχειν
3615 703 3720 754 τῶν
3749 704 3971 770 ἀφανῶν

758 819 1018 889 quoniam
1062 828 1186 867 cum
1235 810 1436 865 divinis
1491 805 1763 875 pugnabat
1807 799 2150 869 imaginibus,
2189 799 2306 848 visu
2407 794 2427 843 ἐ

1850 799 2150 869 naginibus,
2189 799 2306 848 visu
2407 794 2696 861 ὀφθαλμῶν
2723 796 2852 855 τοὺς
2890 794 3162 861 φανεροὺς
3213 793 3519 845 ἐδικαίωσε.

760 881 1031 980 privavit,
1085 915 1140 958 et
1189 916 1403 970 aequum
1449 896 1680 957 censuit,
1724 907 1783 948 ut
1819 894 1963 947 oculi
2013 890 2108 959 qui
2149 893 2308 941 erant
2347 883 2637 949 manifesti,
2693 885 3088 954 castigarentur
3134 897 3233 952 pro
3291 881 3379 944 iis,
3446 882 3540 951 qui
3597 897 3704 935 non
3786 897 3973 937 cerne-

762 1007 960 1059 bantur
989 1000 1183 1055 oculis.
1218 996 1312 1049 His
1342 1009 1439 1063 par
1465 1002 1542 1046 est
1575 991 1709 1046 illud
1738 989 1962 1042 addere.

831 1094 1045 1148 XXXII.
1091 1090 1228 1144 lluic
1271 1101 1464 1155 magno
1497 1083 1643 1139 Patri
1692 1089 1811 1135 erat
1839 1076 2044 1137 studio,
2090 1073 2135 1128 si
2180 1084 2316 1141 quos

761 1186 826 1240 ad
854 1201 909 1239 se
947 1182 1200 1236 audiebat
1223 1177 1540 1237 ascendere,
1576 1189 1607 1228 e
1641 1179 1824 1225 monte
1871 1166 2226 1228 descendere,
2262 1170 2319 1215 et

765 1279 840 1329 eis
884 1274 1096 1327 obviam
1136 1269 1454 1339 procedere.
1506 1265 1616 1320 Cur
1654 1265 1757 1317 hoc
1789 1259 2034 1316 faciens?
2071 1257 2315 1325 Magnam

763 1369 816 1420 in
867 1380 1090 1420 ascensu
1150 1375 1404 1414 resecans
1454 1356 1792 1411 vexationem
1841 1365 2053 1414 eorum,
2101 1347 2192 1415 qui
2249 1345 2315 1397 ad

765 1461 938 1526 ipsum
985 1454 1369 1508 ascendebant.
1405 1450 1498 1502 Est
1545 1447 1690 1501 enim
1725 1460 1884 1513 asper
1918 1453 1974 1496 et
2001 1439 2222 1494 acclivis
2250 1437 2316 1491 ad

765 1562 1002 1602 montem
1049 1559 1325 1603 ascensus,
1356 1550 1410 1595 et
1435 1555 1540 1594 non
1573 1539 1727 1592 facile
1757 1550 1855 1588 nec
1878 1533 2186 1602 expeditum
2214 1530 2318 1582 iter

766 1639 1013 1707 prmbens
1064 1633 1501 1688 ascendentibus.
1545 1625 1847 1695 Aliquando
1882 1625 2061 1690 itaque
2117 1624 2180 1677 is.
2229 1619 2316 1672 cui

2495 1065 2614 1121 AB’.
2673 1067 2856 1135 Τούτῳ
2904 1066 3052 1129 ἄξιον
3081 1068 3259 1118 ἐκεῖνο
3304 1066 3644 1133 προσθεῖναι.
3680 1065 3776 1116 Διά
3809 1081 3974 1116 σπουσ

2422 1160 2514 1228 δῆς
2552 1156 2618 1228 ἦν
2640 1159 2718 1228 τῷ
2752 1156 2970 1226 μεγάλῳ
2995 1157 3174 1226 τούτῳ
3218 1157 3414 1224 Πατρι,
3482 1155 3638 1223 ειπερ
3673 1159 3822 1214 τινὰς
3849 1156 3975 1206 ἐπύ-

2424 1253 2545 1305 θετο
2604 1251 2738 1320 πρὸς
2791 1249 2952 1301 αὑτὸν
3005 1248 3275 1310 ἀνιόντας,
3314 1245 3560 1299 κατιέναι
3587 1261 3644 1298 τε
3694 1245 3786 1296 τοῦ
3812 1246 3972 1312 ὅρους

2425 1344 2519 1393 καὶ
2554 1340 2777 1401 τούτους
2807 1340 3179 1407 προῦπαντᾷν.
3213 1338 3278 1389 Τί
3300 1336 3459 1389 τοῦτο
3494 1336 3698 1401 ποιῶν;
3731 1337 3805 1388 Τὸ
3839 1336 3986 1397 πολὺ,

2421 1432 2520 1500 τῆς
2552 1433 2610 1483 ἐν
2636 1433 2699 1500 τῇ
2762 1430 2931 1498 ἀνόδῳ
2992 1427 3362 1496 ταλαιπωρίας
3385 1428 3824 1495 ὑποτεμνόμενος
3865 1427 3974 1477 τῶν

2421 1521 2495 1583 ώς
2556 1522 2718 1574 αὑτὸν
2771 1520 3048 1573 ἀνιόντων.
3079 1520 3318 1588 Τραχεῖα
3369 1518 3478 1588 γὰρ
3524 1519 3556 1586 ἡ
3593 1520 3726 1584 πρὲς
3764 1518 3825 1569 τὸ
3852 1517 3974 1586 ὅρος

2423 1613 2605 1674 ἀνοδος
2674 1613 2765 1664 κα)⁴
2815 1613 3070 1679 ἀνάντης,
3099 1614 3210 1663 ικαὶ
3264 1611 3337 1680 μὴ
3399 1608 3585 1679 ῥᾳδίαν
3622 1611 3734 1668 τοῖς
3765 1607 3973 1660 ἀνιοῦσι

767 1696 1034 1796 obtigerat
1067 1724 1428 1779 Chalcedonis
1464 1719 1828 1789 pontificatus,
1878 1725 1951 1776 et,
1990 1712 2075 1764 cui
2112 1710 2311 1769 Niceae,
2347 1696 2388 1753 Β
2421 1721 2436 1772 ι

2301 1747 2311 1769 ,
2347 1696 2388 1753 Β
2421 1704 2542 1772 μηδ’
2577 1704 2770 1773 εὐχερῆ
2838 1705 3150 1773 παρέχουσα
3201 1702 3299 1768 τὴν
3322 1700 3568 1770 πορείαν.
3617 1700 3755 1753 [loss
3784 1698 3915 1765 γοῦν
3943 1699 3970 1749 ὁ

767 1823 977 1883 Petrus,
1029 1831 1082 1873 et
1143 1817 1481 1874 Theodorus,
1531 1812 1816 1882 praefectus
1865 1806 2094 1875 insignis
2144 1803 2321 1873 gregis

775 1911 974 1972 Studii,
1003 1923 1125 1962 cum
1151 1906 1349 1970 Joseph
1379 1913 1432 1957 et
1453 1903 1731 1957 Clemente
1766 1899 1831 1951 ad
1867 1900 2039 1964 ipsum
2065 1892 2324 1946 ascende-

769 2003 922 2054 bant.
957 1997 1070 2051 lloc
1103 2006 1281 2049 autem
1331 2008 1452 2046 cum
1490 1989 1831 2057 cognovisset
1859 1993 2100 2044 sanctus,
2134 1981 2323 2033 volens

769 2107 956 2144 eorum
995 2103 1238 2157 magnam
1273 2087 1452 2139 levare
1496 2084 1594 2134 vim
1648 2079 1967 2137 molestiam,
2001 2074 2069 2129 ad
2108 2087 2200 2127 eos
2233 2071 2325 2125 de-

781 2182 996 2234 scendit
1045 2195 1073 2231 e
1135 2187 1336 2232 monte.
1385 2175 1518 2230 Cum
1567 2188 1695 2225 vero
1748 2170 1983 2224 hominis
2022 2167 2114 2219 Dei
2145 2173 2326 2218 essent

772 2285 953 2340 partes
989 2281 1042 2325 ct
1071 2271 1249 2324 faCere
1285 2285 1371 2329 ea,
1408 2282 1525 2334 qua:
1563 2273 1746 2317 essent
1793 2262 1901 2315 Deo
1933 2269 2104 2328 grata,
2132 2258 2186 2309 in
2215 2270 2329 2308 ser-

773 2378 952 2423 mone,
977 2379 1136 2430 quem
1169 2363 1234 2413 ad
1265 2361 1411 2427 ipsos
1443 2357 1650 2413 habuit.
1687 2352 1942 2405 censebat
1966 2348 2324 2402 humilitatem

771 2468 891 2505 esse
933 2451 1316 2519 prmferendam
1367 2447 1622 2501 omnibus
1663 2442 1975 2496 virtutibus.
2031 2438 2322 2505 Postquam

770 2554 954 2598 autem
1003 2542 1069 2594 ad
1127 2540 1310 2593 cibum
1351 2535 1677 2590 sumendum
1726 2533 1836 2600 jam
1891 2529 2251 2584 accessissent
2308 2542 2323 2578 :

773 2633 853 2686 Ne
882 2631 1248 2693 conturberis,
1279 2626 1475 2694 inquit,
1502 2625 1665 2677 frater
1694 2621 1915 2690 Josepb,
1942 2620 2033 2672 sed
2063 2619 2137 2672 sis
2170 2631 2329 2686 para-

777 2733 865 2775 tus
892 2721 958 2774 ad
984 2722 1208 2775 exitum.
1242 2719 1353 2771 Hoc
1386 2716 1604 2785 quidem
1635 2723 1764 2766 tunc
1789 2713 1867 2766 sic
1896 2711 2128 2772 dictum,
2161 2707 2320 2778 quid-

780 2827 905 2867 nam
936 2812 1036 2865 sibi
1072 2811 1231 2865 vellet
1268 2807 1623 2862 dubitabatur
1658 2804 1723 2856 ab
1753 2803 1840 2864 iis,
1866 2802 1959 2868 qui
1987 2799 2325 2852 audiverant.

2422 1796 2520 1863 τὴν
2571 1795 2887 1864 Καλχηδόνα
2957 1795 3135 1865 λαχὼν
3180 1797 3275 1848 καὶ
3326 1793 3425 1864 τὴν
3470 1793 3706 1846 Νίκαιαν
3751 1791 3977 1859 Πέτρος,

2424 1885 2695 1954 Θεόδωρός
2725 1902 2782 1939 τε
2819 1889 2847 1938 ό
2879 1886 2979 1953 τῆς
3015 1887 3287 1956 ἐπισήμου
3333 1883 3430 1936 τοῦ
3461 1883 3710 1936 Στουδίου
3743 1883 3978 1951 ποίμνης

2427 1978 2806 2046 ἀφηγούμενος
2861 1980 2997 2046 μετὰ
3061 1979 3258 2047 Ἰωσὴφ
3317 1979 3414 2029 καὶ
3459 1977 3794 2044 Κλήμεντος,
3842 1976 3978 2043 πρὸς

2426 2070 2587 2120 αὑτὸν
2633 2070 2733 2139 τὴν
2787 2070 2972 2123 ἄνοδον
3028 2069 3327 2122 ἐποιοῦντο.
3365 2068 3436 2120 Τὸ
3481 2068 3538 2120 δὲ
3577 2068 3675 2128 ώς⁵
3704 2066 3978 2135 γνώριμον

2426 2162 2614 2228 γέγονε
2665 2162 2742 2229 τῷ
2798 2162 2961 2226 ἁγίῳ,
3010 2161 3112 2228 τὴν
3192 2160 3391 2225 πολλὴν
3465 2157 3645 2209 αὐτῶν
3690 2157 3981 2222 ὑποτεμεῖν

2427 2250 2624 2303 ἐθέλων
2659 2248 3055 2316 ταλαιπωρίαν,
3108 2246 3311 2300 ἄνωθεν
3373 2244 3572 2312 μᾶλλον
3601 2242 3763 2303 αὐτὸς
3787 2244 3848 2293 ὲκ
3883 2242 3981 2293 τοῦ

2427 2343 2586 2412 ὅρους
2615 2344 2746 2411 πρὸς
2775 2341 2971 2402 αὐτοὺς
2996 2341 3261 2392 κάτεισιν.
3305 2337 3456 2390 Ἐπεὶ
3509 2335 3564 2386 δὲ
3607 2333 3685 2402 τῷ
3724 2334 3818 2385 τοῦ
3844 2331 3981 2386 Θεοῦ

2429 2432 2697 2501 ἀνθρώπῳ
2723 2434 2817 2484 καὶ
2857 2431 3116 2500 πράττειν
3145 2424 3215 2498 ἦν
3241 2429 3399 2496 ἔργον
3431 2426 3525 2478 καὶ
3556 2425 3735 2490 λέγειν
3758 2424 3824 2476 τὰ
3852 2423 3984 2492 φίλα

2427 2523 2565 2592 Θεῷ,
2588 2524 2647 2574 ὲν
2674 2525 2739 2591 τῇ
2768 2521 2903 2590 πρὸς
2933 2521 3132 2576 αὐτοὺς
3155 2517 3341 2585 ὁμιλία
3386 2515 3576 2568 πασῶν
3598 2513 3812 2583 ἀρετῶν
3846 2530 3987 2581 προσ

2429 2614 2698 2681 τιμητέαν
2737 2608 2879 2663 εἶναι
2912 2610 3012 2680 τὴν
3044 2610 3378 2662 ταπείνωσιν
3407 2607 3769 2667 ἐδικαίου.⁹ος
3802 2605 3859 2656 δὲ
3890 2605 3988 2657 καὶ

2433 2705 2615 2761 σιτίων
2655 2705 2908 2757 ἀπτοιντο
2931 2702 3051 2771 ἠδη,
3091 2700 3172 2766 [li]
3198 2695 3503 2766 παραχθῇς,
3535 2693 3653 2748 εἷπε
3676 2697 3753 2766 τῷ
3773 2694 3988 2765 ἀδελφῷ

2444 2798 2661 2867 Ἰωσὴφ,
2697 2794 2832 2848 ἀλλά
2901 2794 2995 2845 καὶ
3053 2792 3187 2859 πρὸς
3226 2793 3324 2858 τὴν
3374 2790 3552 2854 ἔξοδον
3604 2787 3985 2854 ἑτοιμάσθητι.

777 2901 914 2955 Cum
946 2911 1126 2954 autem
1159 2910 1278 2966 post
1320 2895 1508 2949 decem
1543 2902 1599 2946 et
1627 2899 1752 2944 octo
1782 2890 1899 2942 dies
1924 2887 2121 2956 Ioseph
2151 2901 2182 2940 e
2220 2886 2328 2940 vita
2431 2888 2446 2938 '.

2321 2904 2328 2936 ι
2431 2887 2600 2939 Τοῦτο
2632 2887 2732 2954 μὲν
2770 2883 2857 2951 δὴ,
2894 2884 3016 2936 τότε
3055 2880 3196 2933 οὓτω
3223 2879 3430 2947 λεχθὲν,
3461 2880 3488 2930 ὃ
3513 2895 3563 2929 τι
3593 2881 3721 2929 ποτὲ
3749 2876 3990 2945 βούλοιτο

780 2990 1123 3052 excessisset,
1179 2995 1325 3040 recte
1371 2984 1750 3038 intellexerunt
1808 2977 1940 3046 quid
1996 2977 2098 3030 sibi
2143 2977 2325 3036 vellet,
2361 2979 2449 3074 ci

2320 3013 2325 3034 ν
2361 3017 2406 3074 c
2435 2978 2540 3030 ὑπὸ
2592 2978 2700 3028 τῶν
2754 2975 3102 3027 ἀκουσάντων
3159 2973 3490 3040 διηπορεῖτο.
3551 2970 3704 3021 Ἐπεὶ
3753 2969 3808 3020 δὲ
3848 2971 3989 3036 μετὰ

781 3082 927 3151 quod
982 3093 1207 3150 magnus
1230 3078 1460 3131 dixerat.
1481 3074 1723 3129 'Divinus
1750 3085 1880 3138 ergo
1919 3069 2009 3122 hic
2057 3069 2216 3122 Pater
2253 3066 2333 3120 sic
2363 3057 2406 3074 ν
2437 3070 2450 3120 ί

2318 3080 2333 3119 :
2363 3057 2406 3074 ν
2437 3070 2568 3123 δέκα
2600 3069 2696 3121 καὶ
2720 3065 2861 3118 ὀκτὼ
2912 3065 3120 3132 ἡμέρας
3165 3066 3193 3116 ό
3227 3057 3420 3130 Ἰωσὴφ
3452 3063 3543 3125 τρν
3597 3061 3708 3129 βίον
3729 3061 3987 3122 ἀπέλιπε,

782 3149 840 3224 se
875 3149 1128 3230 habebat,
1165 3177 1220 3220 et
1261 3173 1464 3219 tantam
1495 3163 1717 3232 gerebat
1745 3174 1936 3213 curam
1958 3157 2193 3212 fratrum
2227 3157 2329 3210 uti-
2439 3178 2451 3210 ‹

2321 3187 2329 3198 -
2439 3162 2673 3225 συνῆκαν
2723 3156 3016 3226 ἁκριὸὦςὸ
3050 3172 3103 3206 τι
3148 3154 3279 3207 ποτε
3324 3153 3402 3218 τῷ
3443 3151 3660 3219 μεγάλῳ
3711 3152 3769 3201 τὸ
3799 3149 3990 3218 λεχθὲν

783 3263 983 3325 litatis,
1034 3268 1092 3312 ut
1137 3258 1319 3311 omnia
1373 3257 1423 3309 ei
1476 3269 1642 3323 parva
1678 3251 1995 3304 viderentur
2036 3255 2092 3301 et
2137 3246 2334 3299 nullius
2439 3253 2452 3300 i

2320 3260 2334 3298 Ξ
2439 3249 2815 3318 τ,6ούλετο.⁹υ
2848 3247 2946 3314 μὲν
3012 3244 3102 3297 οὖν
3167 3246 3312 3303 Θείος
3373 3238 3526 3302 οὗτος
3587 3241 3770 3308 Πατὴρ
3813 3241 3989 3300 οὕτως

786 3352 966 3420 pretii,
995 3351 1098 3405 nisi
1129 3349 1288 3402 etiam
1318 3362 1469 3401 suam
1499 3346 1730 3398 animam
1778 3348 2002 3410 poneret
2030 3353 2127 3406 pro
2158 3337 2334 3390 fratri-

787 3446 936 3496 bus:
994 3445 1045 3493 in
1095 3442 1196 3493 hoc
1243 3454 1461 3508 quoque
1515 3452 1691 3491 meum
1748 3435 1965 3488 imitans
2017 3432 2330 3496 Dominum,

784 3533 898 3601 qui,
917 3547 1038 3585 cum
1065 3539 1208 3584 esset
1235 3538 1437 3598 pastor,
1463 3537 1649 3582 etnon
1681 3523 2074 3585 mercenarius,
2097 3521 2332 3574 animam

788 3621 1024 3691 ponebat
1059 3635 1157 3688 pro
1187 3619 1379 3672 ovibus
1407 3620 1450 3671 '.

859 3901 1094 3957 XXXI“.
1135 3899 1252 3954 Jam
1303 3897 1561 3967 agebatur
1612 3895 1832 3965 quidem
1891 3896 2115 3965 quintus
2158 3909 2332 3949 annos

791 3988 1003 4060 imperii
1034 3989 1337 4050 Michaelis;
1371 3986 1847 4055 quartusdecimus
1877 3995 2080 4047 autem,
2115 4000 2182 4038 ex
2227 3999 2334 4052 quo

791 4081 1006 4150 Bulgari
1039 4079 1280 4132 fecerant
1305 4077 1707 4145 expeditionem
1740 4085 1796 4128 et
1825 4076 2132 4129 decesserat
2172 4075 2336 4128 Niceo

789 4173 1030 4242 [ἂιοι-ιιες
1065 4185 1094 4223 a
1159 4183 1269 4237 quo
1315 4178 1558 4236 tempore
1587 4167 1743 4220 multi
1786 4165 2171 4227 Romanorum,
2210 4180 2332 4218 cum

789 4261 961 4331 ptris
1005 4261 1255 4312 libertate
1283 4257 1517 4318 amissa,
1560 4255 1953 4310 detinebantur
1988 4255 2184 4321 captivi
2221 4270 2336 4306 ma-

2436 3341 2570 3411 εἶχε,
2618 3340 2714 3392 καὶ
2771 3337 3007 3405 τοσούτῳ
3067 3336 3164 3403 τῆς
3216 3335 3325 3387 τῶν
3377 3331 3618 3400 ἀδελφῶν
3672 3331 3990 3400 ἐφρόντιζεν

2437 3433 2717 3500 ὠφελείας,
2779 3430 2888 3498 ὅσῳ
2951 3430 3044 3479 καὶ
3093 3428 3198 3481 πᾶν
3254 3426 3450 3495 μικρὸν
3502 3423 3651 3492 αὐτῷ
3687 3424 3854 3474 ἐδόκει
3889 3424 3988 3474 καὶ

2439 3522 2536 3576 τοῦ
2599 3521 2822 3590 μηδενὸς
2889 3519 3060 3581 ἀξιον,
3101 3518 3151 3569 εί
3194 3517 3266 3585 μὴ
3316 3517 3411 3567 καὶ
3457 3515 3555 3584 τὴν
3592 3512 3757 3566 αὑτοῦ
3806 3512 3990 3581 ψυχὴν

2441 3616 2580 3683 ὑπὲρ
2615 3610 2844 3677 ἀδελφοῦ
2900 3607 3179 3676 τιθέμενος
3227 3606 3333 3675 εἴη,
3367 3606 3459 3657 τὸν
3497 3606 3626 3672 ἐμὸν
3660 3607 3762 3656 κάν
3812 3604 3988 3669 τούτῳ

2437 3706 2711 3772 Δεσπότην
2777 3701 3128 3771 μιμούμενος,
3179 3699 3258 3764 ὃς,
3310 3701 3516 3769 ποιμὴν
3542 3696 3618 3749 ὢν
3657 3699 3749 3750 καὶ
3779 3696 3840 3749 οὗ
3896 3714 3989 3764 μι-

2440 3792 2664 3856 σθωτὸς,
2716 3792 2880 3844 ἐτίθει
2916 3791 3013 3860 τὴν
3045 3789 3220 3859 ψυχὴν
3261 3790 3400 3860 ὑπὲρ
3434 3789 3737 3857 προϐάτων.

2505 3888 2623 3940 AI".
2683 3887 2887 3938 Λύτίκα
2938 3887 2965 3937 ό
3019 3884 3117 3951 μὶν
3173 3883 3392 3953 Μιχαὴλ
3441 3882 3692 3950 πέμπτον
3739 3883 3829 3931 ἐπὶ
3883 3882 3986 3947 τῆ;

2451 3977 2734 4048 Ῥωμαίων
2784 3975 2957 4047 ἀρχῆς
3021 3975 3135 4036 ἔτος
3189 3971 3326 4045 ἦγε,
3391 3974 3982 4042 τεσσαρεσκαιδέκατον

2437 4075 2491 4125 δὲ
2523 4073 2629 4126 ἀπὸ
2652 4073 2748 4137 τῆς
2813 4070 2953 4123 κατά
2989 4067 3314 4136 Βουλγάρων
3340 4066 3695 4133 ἐκστρατείας
3751 4067 3848 4117 καὶ
3889 4084 3982 4119 τε-

2437 4164 2693 4217 λευτῶντι
2723 4162 2800 4231 τῷ
2826 4160 3125 4228 Νικηφόρῳ
3171 4157 3385 4228 ἠνύετο,
3421 4158 3481 4222 ἐξ
3529 4160 3652 4210 ὅσου
3692 4158 3984 4227 Ῥωμαίων

2440 4257 2636 4308 πολλοὶ
2664 4255 2800 4321 μετά
2827 4253 2924 4320 τῆς
2979 4250 3237 4317 πατρίδος
3272 4250 3364 4300 καὶ
3390 4248 3487 4317 τὴν
3507 4245 3818 4317 ἐλευθερίαν
3847 4250 3986 4301 ἀξιον

789 4350 952 4403 nibus
1003 4347 1376 4414 Bttlgarorum.
1417 4344 1576 4397 Venit
1626 4345 1809 4412 itaque
1860 4342 1915 4395 in
1968 4350 2205 4394 mentem
2257 4339 2333 4393 illi
2367 4332 2458 4397 De

2318 4339 2333 4392 i
2367 4332 2409 4386 ί)
2438 4345 2714 4407 όαλόντες,
2735 4342 3068 4411 αἰχμάλωτοι
3102 4340 3422 4407 Βουλγάρων
3467 4339 3622 4407 χερσὶ
3647 4339 3982 4406 κατείχοντο.

787 4440 1036 4509 benigna
1063 4446 1118 4490 et
1147 4437 1399 4490 elementi
1423 4436 1637 4498 anim,
1668 4434 1713 4488 si
1753 4449 1862 4504 quo
1893 4433 2054 4488 modo
2075 4447 2172 4486 eos
2211 4447 2334 4499 pos-

790 4539 873 4586 set
911 4529 1144 4584 educere
1181 4543 1215 4582 ε
1240 4527 1507 4582 laboriosa
1539 4527 1629 4580 illa
1668 4535 1723 4580 et
1751 4525 1945 4579 afflicta
1975 4528 2109 4578 vita.
2161 4522 2334 4577 inter-

791 4634 987 4688 rogas
1014 4627 1216 4680 autem,
1241 4616 1450 4685 accepit
1477 4630 1749 4670 carcerem
1775 4616 1947 4676 illum,
1973 4613 2030 4668 in
2060 4627 2222 4682 quem
2253 4612 2332 4666 illi

791 4713 945 4763 erant
996 4708 1252 4776 conjecti,
1304 4721 1422 4759 esse
1472 4705 1762 4759 obscurum
1809 4712 1864 4760 et
1907 4703 2332 4766 tenebricosum,

792 4799 926 4850 adeo
952 4806 1009 4847 ιιι
1053 4795 1134 4846 eis
1162 4793 1479 4846 usuveniret
1502 4807 1645 4860 agre
1682 4779 1856 4855 ferre,
1879 4791 2026 4860 quod
2072 4806 2179 4844 non
2211 4807 2332 4843 cum

793 4889 963 4959 patria
993 4887 1158 4938 vitam
1181 4899 1398 4951 quoque
1421 4885 1726 4937 amisissent
1750 4901 1764 4946 ;
1800 4884 1942 4951 quod
1965 4882 2180 4950 quidem
2207 4896 2333 4934 eum

795 4977 964 5044 magis
995 4974 1245 5040 angebat.
1281 4973 1417 5025 l-luic
1444 4986 1573 5039 ergo
1599 4971 1878 5039 proposito
1905 4969 2160 5022 omnibus
2194 4978 2336 5036 post-

794 5066 1007 5137 positis,
1050 5065 1310 5130 relinquit
1341 5063 1559 5131 quidem
1592 5061 1736 5114 illam
1783 5069 1991 5129 gratam
2037 5068 2093 5113 et
2121 5058 2332 5112 solitam

794 5158 1008 5211 vivendi
1057 5158 1368 5210 rationem:
1425 5165 1480 5207 et
1525 5154 1630 5214 via,
1679 5150 2156 5220 qute'tintercedit,
2204 5163 2336 5202 con-

797 5250 960 5313 iecta,
1006 5262 1117 5300 non
1164 5246 1372 5300 curavit
1420 5244 1695 5306 custodes,
1732 5241 1825 5310 qui
1852 5255 1946 5294 eos
1977 5239 2335 5293 circumside-

798 5341 956 5400 bant;
995 5337 1088 5390 sed
1139 5351 1244 5389 non
1278 5336 1426 5388 visus
1457 5334 1523 5387 ad
1571 5347 1667 5386 eos
1713 5331 1997 5395 accedens,
2030 5329 2209 5383 statim
2237 5343 2336 5397 pro

799 5431 1052 5482 omnibus
1096 5428 1268 5493 copiis
1298 5439 1430 5478 usus
1459 5433 1543 5477 est
1585 5424 1753 5493 ﬁgura
1781 5423 1980 5486 crucis,
2007 5431 2066 5474 et
2109 5436 2172 5474 ea
2216 5437 2336 5489 per-

799 5519 987 5574 fractis
1019 5518 1253 5571 vinculis
1284 5527 1338 5570 et
1361 5517 1611 5570 claustris
1643 5523 1942 5584 portarum,
1972 5522 2226 5581 tanquam
2266 5513 2334 5566 ab

801 5610 988 5664 inferis
1026 5619 1082 5664 et
1155 5610 1341 5663 umbra
1385 5608 1577 5661 mortis
1608 5645 1624 5672 ,
1670 5604 1941 5674 quomodo
1992 5601 2143 5657 meus
2179 5603 2337 5658 Jesus

870 5794 890 5824 ⁸
921 5793 1073 5846 Joan.
1109 5807 1162 5852 x,
1198 5790 1280 5846 15.

2436 4436 2622 4508 Είσῄει
2646 4435 2932 4504 τοιγαροῦν
2987 4433 3164 4485 ιννοια
3193 4432 3291 4500 τὴν
3338 4429 3712 4500 φιλάνθρωπον
3762 4431 3978 4496 εκείνην

2432 4529 2629 4597 ψυχὴν,
2653 4528 2822 4587 εῐπως
2868 4523 3067 4583 αὐτοὺς
3101 4523 3202 4591 τῆς
3246 4521 3503 4572 ιπιπόνου
3546 4520 3650 4572 καὶι
3688 4520 3978 4587 μοχθηρᾶς

2434 4621 2646 4688 ἐκείνης
2679 4615 2949 4684 διαγωγῆς
2983 4615 3284 4680 ἑξενεγκετν
3331 4611 3606 4682 δυνηθείη.
3632 4612 3740 4664 Καὶ
3769 4612 3977 4663 πυνθα-

2435 4710 2654 4776 νόμενος
2707 4706 2974 4774 ὲμάνθανε
3035 4706 3134 4774 τὴν
3211 4705 3436 4772 είρκτὴν
3498 4705 3530 4771 ἢ
3587 4704 3713 4765 τοὺς
3777 4704 3978 4771 ἀνδρας

2435 4803 2675 4866 κατεῖχε,
2735 4797 2946 4865 ζοφώδη
2994 4813 3054 4848 τε
3093 4791 3230 4847 εῐναι
3270 4795 3363 4845 καί
3413 4793 3706 4861 πνιγηρὰν,
3733 4795 3805 4854 ὡς
3841 4809 3981 4861 συμ-

2435 4891 2606 4946 ϐαίνει
2666 4890 2861 4948 αὐτοὺς
2916 4889 2996 4940 ὅτι
3035 4887 3108 4955 μὴ
3160 4885 3350 4937 θᾶττον
3409 4882 3868 4937 συναποδάλλουτι
3909 4886 3976 4950 τῇ

2437 4980 2652 5048 πατρίδι
2685 4978 2778 5029 καὶ
2811 4979 2908 5036 τὰς
2940 4975 3112 5044 ψυχὰς
3153 4973 3400 5026 ἀνιᾶσθαι
3429 4992 3443 5006 ·
3474 4973 3502 5024 ὃ
3541 4974 3630 5025 καὶ
3658 4971 3852 5042 μᾶλλον
3882 4980 3978 5024 τὶν

2435 5071 2599 5138 ἄνδρα
2650 5069 3002 5134 ὑπέθραττεν.
3069 5065 3238 5124 Εὐθὺς
3283 5059 3377 5116 οὖν
3421 5062 3647 5131 δεύτερα
3673 5066 3845 5115 πάντα
3878 5065 3974 5113 τοῦ

2434 5158 2790 5226 προκειμένου
2838 5153 3035 5206 σκοποῦ
3093 5154 3334 5220 θέμενος,
3364 5155 3680 5205 καταλείπει
3734 5153 3832 5220 μὲν
3878 5153 3976 5220 τὴν

2435 5245 2596 5313 φίλην
2662 5243 2872 5310 ἐκείνην
2926 5241 3018 5292 καί
3060 5239 3263 5308 συνήθη
3312 5230 3613 5308 διατριϐὴν,
3655 5240 3865 5306 ἀφειδεῖ
3915 5241 3975 5291 δὲ

2436 5333 2704 5402 σφαλερᾶς
2730 5331 2823 5382 καὶ
2864 5327 3211 5388 κινδυνώδους
3239 5326 3461 5396 πορείας
3491 5330 3582 5378 καὶ
3613 5327 3708 5396 τὴν
3739 5332 3795 5378 ἐν
3822 5329 3976 5395 μέσῳ

2436 5423 2617 5491 τρίϐον
2639 5418 2920 5489 διηννκὼς,
2965 5418 3070 5468 τῶν
3099 5416 3547 5484 περικαθημένων
3582 5418 3775 5478 αὐτοὺς
3802 5435 3972 5484 (ppon-

2441 5514 2548 5581 ρῶν
2602 5513 2698 5562 οὐκ
2763 5511 3095 5578 ἐφρόντισεν,
3135 5506 3262 5558 ,ἀλλ’
3304 5506 3471 5567 οὓτως
3502 5508 3718 5574 ἀφανῶς
3746 5511 3974 5570 ἐπιστὰς

2445 5607 2556 5665 τοῖς
2586 5600 2856 5664 ἁνδοάσιν,
2883 5597 3082 5660 εὐθέως
3118 5597 3237 5649 ἀντὶ
3264 5597 3442 5659 πάστίς
3473 5596 3748 5665 δυνάμεως
3773 5595 3849 5648 τῶ
3877 5597 3972 5648 τοῦ
