4226 6418
230 400 310 466 69
1324 404 1496 463 ΗΤᾹ
1542 406 1599 466 5.
1636 406 1899 466 JOANNJ

1780 407 2023 467 NNICli
2058 410 2399 471 ABBA'l'lS.
3381 418 3447 482 70

232 506 470 575 σταυροῦ
535 508 797 577 κέχρηται
861 509 1036 578 τύπῳ,
1084 510 1178 562 καὶ
1210 511 1648 595 τούτῳιδεσμοὺς
1701 518 1901 576 κιὶΑι

1777 518 1793 566 l.
1820 521 1866 576 Α
1897 527 2113 570 revocat
2136 533 2254 580 eos,
2287 520 2381 586 qui
2414 519 2522 574 illic
2545 521 2803 577 sedabant
2830 541 2844 590 ;
2876 538 2931 578 et
2955 534 3103 591 potat
3136 542 3239 581 non
3269 533 3446 597 aquis'

229 598 457 667 κλεῖθρα
522 600 631 651 τῶν
693 600 870 669 θυρῶν
895 599 1189 671 διαρρήξας
1229 598 1307 653 ὥσ
1322 584 1510 670 περ’ἑξ
1547 602 1671 673 ᾅδου
1703 606 1795 657 καὶ

229 692 391 751 σκιᾶς
442 690 671 743 Θανάτου
700 692 838 743 κατὰ
885 691 977 741 τὸν
1018 693 1152 758 ἐμὸν
1185 691 1392 760 Ἰησοῦν
1434 694 1558 755 τοὺς
1614 697 1792 746 ἑκείσε

228 781 576 850 καθημένους
644 782 1014 843 ἀνακαλεῖται,
1075 783 1289 846 ποτίζει
1340 799 1419 845 τε,
1458 783 1554 852 οὐχ
1581 782 1788 846 ὕδασιν,

229 872 366 922 ἀλλὰ
426 872 603 936 λόγοις
647 872 932 941 σωτηρίοις
979 874 1126 940 νᾶμα
1168 875 1261 939 τῆς
1301 873 1671 936 δ.δασκαλίας,
1715 875 1789 944 μὴ

230 961 487 1026 γενέσθαι
521 962 657 1011 κατὰ
693 964 820 1021 τοὺς
874 960 1053 1012 αὐτῶν
1089 964 1334 1031 πατέρας
1385 963 1670 1027 νουθετῶν,
1704 982 1790 1030 γε-

228 1050 358 1100 νεᾶν
406 1051 625 1101 σκολιὰν
660 1051 757 1102 καὶ
802 1051 1373 1119 παραπικραίνουσαν,
1409 1050 1542 1102 ἀλλὰ
1591 1050 1649 1100 τὸ
1686 1052 1791 1102 ἀπ’

228 1139 439 1190 ἐκείνου
473 1142 561 1190 ἐπὶ
604 1140 693 1191 τὸν
735 1138 865 1191 Θεὸν
902 1140 999 1208 τὴν
1052 1138 1240 1191 ἐλπίδα
1302 1138 1509 1202 θέσθαι,
1557 1138 1647 1190 καὶ
1680 1137 1788 1189 τῶν

229 1232 396 1282 αὑτοῦ
455 1232 861 1284 ἁνταποδόσεων
916 1232 988 1300 μὴ
1041 1230 1528 1283 ἐπιλανθάνεσθαισ
1579 1232 1709 1299 πρὸς
1734 1230 1789 1281 δὲ

226 1325 492 1390 γνωρίσαι
520 1326 612 1375 καὶ
646 1326 754 1384 τοῖς
813 1325 941 1383 υἱοῖς
983 1323 1050 1375 τὰ
1096 1322 1302 1375 ἐκείνου
1347 1319 1787 1391 μυστήρια.Εἶτα

226 1415 285 1463 ὲν
307 1415 464 1481 φῳτὶ.
488 1414 630 1465 καθά
662 1413 884 1480 Μωσῆς,
908 1413 1005 1483 τὴν
1040 1413 1207 1465 νύκτα
1233 1413 1451 1470 τούτους
1484 1410 1780 1479 διαγαγὼν,

230 1510 396 1573 μέχρι
458 1506 552 1555 καὶ
602 1504 707 1555 τῶν
767 1506 1050 1573 ἡμετέρων
1103 1506 1263 1573 όρίων
1316 1503 1700 1573 παραπέμπων
1721 1498 1787 1573 ἦν

228 1598 319 1645 καὶ
352 1596 766 1663 διασωζόμενοῖ.
840 1594 1176 1655 Ἐκὸιασθεὶς
1215 1590 1305 1646 οὗν
1346 1594 1495 1664 παρὰ
1522 1594 1627 1645 τῶν
1686 1610 1787 1645 σω-

1895 606 1988 659 sed
2065 608 2411 663 sermonibus
2481 611 2808 667 salutaribus
2866 615 3091 671 viviﬁcz
3154 618 3444 683 doctrina,

1893 694 2209 761 admonens,
2246 713 2314 751 ne
2343 709 2526 753 essent
2555 703 2696 755 sicut
2725 714 2903 768 patres
2927 721 3137 767 eorum,
3168 712 3447 775 generatio

1892 800 2147 851 perversa
2176 798 2232 841 et
2257 802 2608 857 exasperatis,
2637 796 2728 846 sed
2763 793 3021 864 deinceps
3057 815 3205 865 spem
3246 802 3296 851 in
3336 800 3447 854 Deo

1892 888 2178 943 ponerent,
2226 887 2284 933 et
2332 896 2441 933 non
2480 884 2932 938 obliviscerentur
2963 890 3079 955 ejus
3119 905 3441 943 remunera-

1894 965 2120 1028 tionum,
2151 976 2409 1036 praterea
2436 980 2617 1024 autem
2646 973 2768 1027 tlliis
2794 992 3010 1043 quoque
3039 988 3163 1030 nota
3203 979 3448 1037 lacerent

1892 1051 2037 1107 illius
2068 1057 2353 1110 mirabilia.
2410 1060 2610 1115 Deinde
2655 1080 2776 1115 cum
2813 1065 2865 1117 in
2900 1068 3039 1126 luce,
3073 1069 3215 1121 sicut
3248 1071 3443 1137 Moses,

1892 1152 2000 1195 tota
2024 1156 2179 1199 nocte
2215 1162 2310 1199 eos
2342 1150 2693 1214 traduxisset,
2729 1170 2898 1223 usque
2945 1161 3010 1209 ad
3051 1172 3263 1213 nostros
3314 1162 3448 1216 lines

1889 1246 1982 1285 eos
2023 1238 2319 1290 transmisnt
2387 1248 2440 1290 et
2498 1248 2860 1297 conservavit.
2912 1245 3045 1310 Cum
3103 1256 3281 1299 autem
3336 1251 3443 1303 vim

1891 1321 2149 1376 aiIcrrent
2192 1337 2246 1378 ct
2306 1340 2558 1396 urgerent
2607 1332 2665 1394 ii,
2726 1338 2817 1400 qui
2865 1341 3062 1391 Servati
3114 1339 3343 1401 fuerant,
3392 1351 3447 1393 et

1891 1410 2022 1476 Quis
2064 1429 2143 1478 es,
2176 1430 2209 1469 0
2258 1416 2418 1471 homo
2469 1420 2585 1484 Dei,
2630 1438 2770 1491 saepe
2807 1440 3076 1493 rugarent.
3112 1448 3215 1482 non
3250 1432 3447 1484 celavit

1892 1505 2110 1571 quidem
2162 1523 2384 1571 nomen,
2430 1510 2565 1563 dixit
2592 1527 2772 1566 autem
2803 1532 2857 1570 se
2903 1520 3038 1571 hanc
3082 1523 3306 1588 gratiam
3340 1523 3442 1576 soli

1896 1594 2003 1648 ί)υο
2042 1597 2334 1651 ascribere.

228 1688 453 1745 θέντων,
521 1686 635 1745 καὶ.
688 1685 783 1747 Τίς
812 1683 877 1749 εἴ,
936 1679 979 1737 ὢ
1039 1685 1132 1737 τοῦ
1162 1686 1294 1737 Θεοῦ
1326 1686 1617 1753 ἇνθρωπες
1695 1684 1950 1748 πολλάκις
2015 1690 2332 1757 ἐρωτηθεὶς,
2398 1694 2493 1763 τὴν
2568 1696 2760 1765 κλῆσιν
2832 1700 3054 1766 “tuo”,
3143 1705 3438 1774 ἀπέκρυψε.

226 1782 327 1846 τὴν
397 1783 551 1847 χάριν
580 1780 635 1831 δὲ
667 1780 811 1847 μόνῳ
873 1781 1195 1849 ἐπιγράφειν
1239 1777 1358 1834 εῐπε
1383 1780 1519 1849 Θεῷ.

296 1873 415 1928 ΛΔ’.
458 1877 619 1927 Τοῦτο
673 1876 772 1927 οὐκ
819 1873 1008 1928 οἷδαεῑ
1034 1894 1085 1928 τι
1140 1876 1249 1929 τῶν
1297 1875 1354 1941 ἐξ
1382 1876 1654 1944 Αίγύπτου
1685 1894 1783 1945 φυ-
1815 1889 1855 1938 ιι

225 1970 431 2033 γόντων
460 1968 518 2017 ού
578 1966 955 2033 λογισθήσεται
988 1965 1189 2033 ὅμοιον.
1246 1966 1365 2017 Τῶν
1394 1967 1490 2035 μὲν
1521 1965 1625 2035 γὰρ
1655 1966 1777 2027 τοὺς

227 2062 456 2129 ἐχθροὺς
488 2058 715 2125 ἐκάλυψε
749 2057 991 2109 θάλασσα
1018 2076 1029 2088 ”
1062 2060 1108 2109 οί
1154 2058 1209 2110 δὲ
1242 2059 1491 2127 τυχόντες
1516 2052 1575 2112 οὗ
1602 2061 1777 2125 τυχεῖν

224 2152 553 2217 ἐπεθύμουν.
585 2151 753 2201 οὐδενὶ
792 2152 1071 2217 συμφορᾶς
1105 2152 1391 2216 γεγόνασιν
1440 2152 1623 2213 αίτιοι,
1655 2150 1779 2203 ἀλλ’

228 2240 559 2303 ἑπαεεὴκουσί
592 2255 649 2289 τε
671 2239 807 2289 οῐκοι
832 2234 997 2299 οὗτοι,
1029 2241 1120 2289 καὶ
1150 2239 1240 2290 τὸν
1303 2239 1455 2306 ἅγιον
1488 2243 1519 2307 ή
1557 2240 1780 2308 φιλήσυ-

227 2346 317 2395 χες
376 2330 553 2395 ἐκείνη
603 2328 762 2379 πάλιν
815 2325 923 2395 εἷχε
997 2328 1239 2396 διαγωγὴ
1304 2329 1396 2381 τοῦ
1458 2329 1777 2397 Τριχάλικος

224 2423 401 2485 ὅρους.
467 2419 602 2468 Κατ’
667 2420 837 2469 ἐκεῖνο
886 2420 1059 2469 τοίνυν
1107 2420 1296 2488 καιροῦ
1324 2421 1509 2491 ’ῐγγερ
1573 2422 1775 2483 ἐκεῖνος

228 2513 415 2579 ὥσπερ
476 2510 687 2562 ἄνθεσιν
758 2511 988 2576 ἐαρινοῖς
1061 2513 1170 2571 τοῖς
1225 2513 1536 2579 ἁσκητικοῖς
1594 2513 1776 2572 πόνοις

225 2604 423 2665 ὲκῖμτ.
484 2598 755 2650 Ἐιτεῦθεν
813 2602 902 2651 καὶ
958 2599 1212 2667 πρόεδρος
1265 2602 1359 2668 τῆς
1397 2601 1502 2651 τῶν
1532 2602 1777 2654 Νικαέων

227 2692 517 2757 εγκιησὲας
578 2687 877 2757 ἀνεδείχθη.
919 2688 1067 2753 Πλὴν
1119 2688 1251 2742 ἀλλὰ
1300 2689 1391 2740 τὸν
1445 2691 1648 2757 καρπὸν
1680 2689 1777 2755 τῆς

224 2782 389 2847 ὀρθῆς
442 2781 669 2838 πίστεως
717 2780 812 2828 οὐκ
844 2774 978 2845 εἶχε.
1024 2778 1222 2829 Τούτου
1259 2779 1520 2845 προγνοίές
1566 2778 1661 2845 τὴν
1688 2793 1774 2829 τε·

225 2872 418 2938 ὶευτὴν
443 2873 467 2920 ό
492 2869 698 2937 Πατὴρ,
742 2867 849 2918 τῶν
885 2868 1129 2935 μοναχών
1160 2884 1277 2917 τινα
1329 2868 1435 2919 τῶν
1459 2866 1553 2917 τοῦ
1595 2866 1775 2918 Ἡλίου

228 2954 450 3021 βωμῶν,
505 2954 778 3011 Βασίλειος
821 2947 968 3014 οὗτος
1002 2951 1089 3022 ἦν,
1133 2954 1266 3022 πρὸς
1299 2954 1456 3005 αὐτὸν
1488 2954 1776 3023 ἐκπέμψας

225 3046 497 3111 ἀφέμενον
529 3046 618 3094 τοῦ
664 3044 887 3110 ψεύδους
940 3046 1031 3095 καὶ
1100 3044 1195 3109 τῆς
1241 3046 1413 3108 σκιᾶς,
1447 3045 1692 3111 γενέσθαι
1718 3062 1775 3097 τε

224 3137 318 3187 καὶ
369 3135 466 3202 τῆς
530 3135 781 3202 ἀληθείας
833 3135 1072 3197 ἐκέλευε,
1138 3136 1237 3187 xlv
1269 3136 1294 3185 ὁ
1336 3135 1513 3186 πάντα
1544 3136 1771 3203 ἀνόητος

1954 1873 2191 1927 XXXIV.
2236 1873 2369 1927 Cum
2409 1874 2509 1930 hoc
2538 1877 2723 1932 nescio
2756 1895 2821 1932 an
2850 1882 2920 1934 sit
2945 1884 3331 1940 conferendum
3366 1891 3415 1942 id

1885 1964 2028 2033 quod
2065 1964 2317 2017 usuvenit
2356 1965 2444 2025 iis,
2469 1967 2560 2032 qui
2600 1965 2877 2034 fugiebant
2907 1984 2969 2021 ex
2999 1969 3247 2040 {Egyptu
3302 1975 3435 2028 Nam

1884 2054 2099 2106 illorum
2155 2054 2373 2122 quidem
2426 2057 2674 2109 inimicos
2710 2073 2848 2125 aqua
2902 2060 3115 2118 obruit;
3162 2064 3213 2115 hi
3260 2076 3439 2117 autem

1885 2144 2161 2194 consecuti
2222 2142 2365 2210 quod
2407 2144 2667 2208 Optabant
2718 2148 3001 2214 consequi.
3035 2151 3165 2201 nulli
3222 2151 3443 2205 luerunt

1884 2247 2045 2286 causa
2108 2234 2450 2294 calamitatis,
2498 2236 2593 2287 sed
2652 2246 2706 2288 et
2753 2238 2804 2289 hi
2854 2238 3073 2292 domum
3110 2241 3354 2305 redeunt,
3388 2257 3442 2295 et

1883 2335 2129 2378 sanctum
2162 2343 2360 2379 rursus
2378 2328 2596 2395 excepit
2625 2340 2771 2395 grata
2802 2329 2889 2383 illa
2910 2333 3065 2398 quies
3090 2343 3144 2386 et
3165 2334 3438 2389 silentium

1884 2416 1937 2470 in
1987 2429 2165 2471 monte
2214 2419 2554 2472 Trichalicis.
2614 2420 2707 2473 Illo
2757 2432 2936 2475 autem
2992 2432 3233 2491 tempore
3288 2426 3443 2494 lngrr

1884 2507 1995 2569 ille,
2030 2523 2135 2561 non
2182 2524 2341 2562 secus
2382 2525 2445 2561 ac
2489 2512 2672 2562 vernis
2713 2509 2959 2576 tioribus,
2994 2513 3439 2568 ﬂorebatlabori-

1885 2598 1985 2651 bus
2019 2602 2473 2653 cxcercitationis.
2511 2601 2645 2653 Hinc
2693 2604 2889 2655 factum
2917 2616 3018 2666 est,
3074 2617 3128 2659 ut
3155 2616 3437 2662 crearetur

1883 2690 2110 2743 antistes
2142 2690 2353 2745 Nicena:
2379 2692 2652 2745 Ecclesiae.
2699 2696 2966 2748 Caeterum
3000 2698 3044 2749 is
3072 2714 3175 2750 non
3204 2700 3443 2754 habebat

1884 2779 2117 2833 fructum
2166 2792 2324 2835 recte
2359 2783 2501 2835 tidei.
2532 2776 2705 2853 Hujus
2747 2785 3028 2840 decessum
3062 2804 3182 2841 cum
3224 2794 3442 2858 praesci-

1883 2870 2051 2923 visset
2100 2872 2279 2932 Pater,
2330 2873 2565 2939 quodam
2617 2878 2882 2930 monacho
2908 2894 2972 2931 ex
3003 2880 3133 2933 Elia:
3175 2882 3437 2938 altaribus

1885 2958 1952 3026 (is
1981 2970 2094 3011 erat
2153 2960 2403 3030 Basilius)
2453 2964 2518 3016 ad
2572 2964 2745 3031 ipsum
2782 2968 3002 3033 emisso,
3044 2972 3329 3025 mendacio
3386 2986 3437 3027 et

1886 3049 2075 3102 umbra
2106 3052 2350 3113 dimissa,
2381 3054 2546 3121 jussit
2588 3071 2712 3108 eum
2742 3059 2956 3110 tandem
2986 3061 3259 3114 adhmrcre
3296 3066 3435 3117 veri-

1886 3141 2005 3204 tati,
2055 3142 2265 3195 etiamsi
2318 3146 2672 3200 stultissimus
2716 3149 2803 3202 ille
2859 3150 3036 3220 Inger,
3095 3156 3143 3204 in
3194 3156 3437 3223 improba

227 3227 413 3297 Ἰγτερ
448 3230 648 3287 ἐκεῖνος
678 3230 741 3295 τῇ
778 3228 988 3296 πονηρᾷ
1028 3226 1135 3277 τῶν
1164 3228 1541 3295 Εἰκονομάχων
1569 3229 1772 3297 αἱρέσει
1797 3222 1840 3281 C
1876 3226 1889 3277 Ι

1771 3222 1840 3281 Ο
1876 3226 2351 3284 lconomachorum
2371 3234 2559 3288 hieresi
2589 3241 2909 3291 commorari
2934 3244 3185 3296 statuerit
3216 3248 3440 3299 misera-

221 3318 475 3377 ἐλεεινῶς
506 3318 886 3368 συναποθανεῖν
917 3317 1112 3370 είλετο.

292 3408 413 3460 AE'.
468 3408 605 3458 Ἀλλ’
650 3401 750 3457 ὧδέ
808 3423 874 3476 με
922 3405 1013 3457 τοῦ
1068 3406 1221 3472 λόγου
1277 3406 1563 3476 γενόμενον
1600 3408 1775 3458 ἐκεῖνο

221 3504 549 3569 είσέρχεται.
616 3497 934 3560 Ἐξεπλευσὲ
984 3513 1108 3548 ποτε
1143 3499 1528 3565 προσκυνήσων
1563 3498 1590 3549 ό
1622 3497 1772 3563 ἆγιος

224 3595 303 3660 τῷ
335 3596 393 3643 ἐν
426 3595 491 3659 τῇ
524 3591 779 3658 Σιγριανῇ
807 3589 899 3641 τοῦ
929 3590 1081 3654 ἁγίου
1107 3589 1407 3657 Θεοφάνους
1438 3588 1770 3657 σκηνώματι.

232 3682 475 3735 Ἐκεῖθεν
502 3678 852 3749 ἀναστρέφων
883 3682 973 3731 καὶ
993 3681 1057 3747 τῇ
1090 3681 1220 3748 πρὸς
1242 3679 1440 3749 βορρἄ
1470 3679 1775 3746 τῆςἈπολ-

218 3774 474 3833 λωνιὰδος
508 3772 669 3840 λίμνῃ
691 3768 1036 3837 παραπλέων,
1072 3772 1139 3837 τῇ
1168 3770 1327 3837 Θάσῳ
1357 3768 1769 3837 προσὼρμησεν.

220 3867 284 3916 Ol
322 3865 377 3913 ὲν
407 3864 586 3930 ἐκείνῃ
632 3858 806 3911 τοίνυν
863 3858 952 3909 τὸν
1001 3860 1205 3927 μονήρη
1260 3857 1373 3928 βίον
1423 3858 1772 3927 ἀνῃρημένοι,

222 3952 316 4003 καὶ
344 3952 393 3999 οι
438 3947 710 4015 πρόσοικοι
760 3947 955 4006 πάντες
1006 3946 1189 4007 δεινῶς
1237 3946 1313 4014 τῷ
1354 3946 1542 4015 πλήθει
1592 3947 1694 3999 τῶν
1718 3950 1773 3999 ἐν

221 4042 360 4109 αὐτῇ
424 4040 597 4105 δφεων
647 4035 999 4104 ἠνωχλοῦντο.
1056 4036 1390 4105 Ἑπέπληστο
1420 4038 1526 4103 γὰρ
1570 4037 1772 4090 τούτων

217 4133 253 4198 ή
310 4131 491 4196 νῆσος,
520 4128 579 4178 οὐ
616 4128 816 4194 μικράν
866 4141 985 4177 τινα
1015 4129 1123 4186 τοῖς
1146 4127 1423 4195 οἰκήτορσι
1453 4128 1551 4194 τὴν
1580 4127 1638 4190 ἑξ
1675 4127 1770 4179 αὑ·

216 4219 329 4270 τῶν
359 4216 559 4284 βλάϐην
622 4213 985 4281 παρεχομένη.
1034 4213 1185 4264 Ἐπεὶ
1216 4208 1309 4265 οὖν
1344 4216 1370 4264 ὀ
1399 4215 1550 4281 ἅγιος
1603 4215 1763 4284 αὐτῇ.

218 4309 504 4375 ἐπεδήμει,
540 4306 731 4372 ἥκουσι
790 4304 923 4371 πρὸς
971 4302 1129 4353 αὑτὸν
1174 4304 1281 4354 πᾶν
1338 4304 1462 4356 ὅσον
1517 4303 1769 4373 ᾧκειτὴν

218 4398 405 4467 νῆσον,
446 4396 538 4448 καὶ
584 4395 755 4446 ίκέται
785 4394 1198 4462 προσπίπτωσι,
1255 4395 1343 4445 καὶ
1375 4394 1563 4462 βοηθὸν
1592 4397 1770 4458 αὐτοῖς

217 4484 493 4537 αιτοῦνται
549 4481 813 4548 γενέσθαι,
858 4482 949 4533 καὶ
979 4481 1185 4534 δέονται
1226 4482 1522 4545 ἀπαλλάξαι
1550 4484 1766 4546 τούτους

217 4575 294 4635 ὡς
323 4571 544 4626 δυνατὸν
587 4569 685 4637 τῆς
756 4569 861 4621 ἀπὸ
920 4569 1026 4620 τῶν
1053 4559 1227 4637 eq;th
1250 4568 1445 4640 λύμης.
1475 4571 1584 4623 Καὶ
1612 4573 1638 4621 ό
1670 4572 1768 4640 μὲν

217 4664 368 4715 ιλεον
420 4661 597 4713 αὐτῶν
651 4658 915 4726 λαμϐάνει
963 4659 1059 4727 τῆς
1120 4661 1426 4729 συμφορᾶς,
1460 4664 1550 4712 καὶ
1581 4660 1765 4732 ὥσπερ

213 4758 338 4807 τινὰ
372 4753 533 4821 ίκατὰ
557 4751 664 4803 τῶν
704 4749 879 4817 ὄφεων
922 4751 1256 4818 ἐπαιρόμειρα
1291 4750 1415 4818 βέλη
1447 4750 1634 4819 ἀφίησι
1673 4753 1767 4814 τὰς

220 4846 408 4915 εὐχάς.
471 4846 534 4897 Ol
561 4844 617 4895 δὲ
642 4843 800 4904 εὐθὺς
851 4841 957 4895 τῶν
990 4841 1131 4892 ίδίων
1156 4840 1437 4911 ὲξέρπουσι
1474 4844 1763 4911 χηραμῶν,

218 4939 317 4987 καὶ
369 4936 469 5002 τὴν
515 4936 672 5001 νῆσον
732 4932 1082 4991 ἀπολιπόντες
1133 4935 1269 4982 κατα
1320 4932 1411 4983 τοῦ
1466 4933 1624 5000 βυθοῦ
1673 4940 1767 5001 τῆς

217 5026 490 5090 θαλάσσης
520 5024 743 5084 ἑαυτοὺς
793 5022 1093 5092 βάλλουσιν.
1140 5021 1197 5073 '0
1227 5023 1323 5090 μὲν
1352 5024 1443 5075 οὖν
1499 5024 1763 5092 ἡμέτερος

229 5115 434 5179 Ἰησοῦς
466 5114 653 5174 ἐντοῖς
709 5113 858 5163 ὕδασι
911 5112 1006 5171 τὰς
1058 5112 1292 5179 κεφαλας
1325 5112 1430 5164 τὼν
1463 5114 1763 5181 δρακόντων

221 5206 556 5273 συνέτριψεν.
603 5204 661 5254 Ὀ
689 5203 743 5254 δὲ
793 5203 1034 5271 μαθητὴς
1066 5202 1269 5252 ἐκείνου
1300 5202 1395 5252 καὶ
1440 5201 1513 5261 ὡς
1545 5196 1653 5254 οἷον
1703 5219 1761 5253 τε

218 5310 459 5366 μιμητης
492 5296 557 5346 δι’
583 5296 757 5345 αὑτων
799 5295 1019 5344 ἐκείνων
1053 5291 1265 5352 τούτους
1313 5293 1628 5354 ἀπέπνιξεν.

288 5392 427 5454 AG".
472 5388 563 5438 Ἐκ
604 5386 792 5436 τούτου
850 5386 981 5452 πρὸς
1033 5384 1218 5449 ἕτερον
1265 5384 1487 5451 ήσυχίας
1539 5385 1766 5450 ἀνήγετο

213 5485 434 5553 χωρίον·
490 5482 747 5548 συνήγετο
802 5479 972 5539 τούτῳ
1018 5476 1109 5526 καὶ
1131 5474 1342 5542 Δανιὴλ,
1378 5475 1433 5534 ὂς
1462 5476 1567 5524 τῶν
1614 5478 1669 5526 ἐν
1699 5477 1760 5540 τῇ

212 5578 373 5643 Θάσῳ
440 5573 682 5641 μοναχῶν
736 5572 1015 5637 ἀφηγεῖτο.
1080 5567 1167 5635 Τῷ
1197 5566 1251 5617 δὲ
1282 5563 1348 5636 ἦν
1381 5566 1625 5632 ἁδελφὸς,
1671 5568 1763 5619 χαὶ

210 5666 359 5735 αὐτῷ
396 5665 661 5728 Εὑθύμιος
718 5661 904 5727 ὄνομα,
960 5652 1003 5723 ᾧ
1048 5658 1232 5725 δήκαὶ
1288 5661 1562 5724 προειπεῖν
1607 5658 1754 5723 λέγε-

211 5772 300 5808 ται
358 5756 449 5807 τόν
502 5754 716 5821 Πατέρα
775 5751 869 5819 τὴν
933 5748 1067 5816 μετᾶ
1123 5747 1312 5816 μικρὸν
1344 5746 1756 5816 τελιυτὴνοῦτω

1878 3321 2083 3373 Diltter.

1946 3410 2156 3465 XXXV.
2182 3412 2287 3467 Sed
2323 3430 2445 3466 cum
2484 3416 2549 3468 ad
2576 3417 2721 3469 hunc
2751 3419 2928 3472 locum
2958 3425 3203 3488 pervenit
3231 3427 3430 3488 oratio,

1879 3498 2009 3551 illud
2047 3501 2176 3551 mihi
2225 3502 2372 3553 venit
2405 3503 2457 3554 in
2506 3515 2765 3559 mentem.
2808 3509 3088 3576 Navigavit
3126 3514 3421 3581 aliquando

1876 3598 2115 3649 sanctus,
2151 3589 2480 3645 adoraturus
2515 3597 2687 3647 sancti
2721 3596 3073 3664 Theophanis
3111 3603 3435 3657 tabernacu-

1877 3679 2014 3741 lum,
2068 3680 2211 3747 quod
2265 3692 2346 3733 est
2395 3683 2449 3735 in
2513 3684 2780 3752 Sigriana.
2833 3687 2983 3741 illinc
3036 3703 3333 3758 revertens,
3380 3706 3433 3749 ct

1876 3768 2047 3820 lacum
2084 3772 2561 3840 prateruavigans,
2620 3777 2713 3842 qui
2749 3786 2829 3829 est
2877 3779 2942 3831 ad
2994 3779 3266 3834 borealem
3307 3801 3435 3851 par-

1877 3867 1983 3909 tem
2016 3860 2407 3927 Apolloniadis,
2440 3866 2649 3932 appulit
2683 3866 2880 3921 Thaso.
2910 3870 3008 3933 Qui
3044 3871 3097 3922 in
3128 3872 3215 3925 illa
3242 3883 3423 3927 autem

1874 3946 2034 3997 vitam
2090 3960 2443 4017 susceperant
2490 3955 2867 4016 monasticam,
2903 3968 2961 4009 et
3002 3972 3193 4011 omnes
3238 3964 3432 4017 accola:

1874 4039 2108 4115 graviter
2142 4042 2479 4094 vexabantur
2513 4059 2541 4096 a
2568 4057 2902 4114 serpentum,
2947 4050 3040 4116 qui
3080 4050 3133 4101 iu
3162 4066 3224 4103 ca
3249 4066 3425 4113 erant,

1873 4127 2242 4182 multitudine.
2272 4132 2337 4183 lis
2366 4133 2511 4185 enim
2559 4136 2760 4202 repleta
2792 4147 2908 4191 erat
2934 4139 3131 4200 insula,
3162 4156 3267 4194 non
3304 4160 3423 4210 par.

1870 4231 1996 4269 vum
2047 4217 2280 4272 aﬂ‘erens
2336 4220 2592 4275 damnum
2656 4226 3071 4282 habitatoribus.
3126 4230 3259 4285 Cum
3301 4249 3429 4303 ergo

1870 4318 2088 4361 sanctus
2119 4312 2170 4362 in
2212 4326 2276 4363 ea
2326 4322 2488 4377 esset,
2523 4317 2749 4371 veniunt
2792 4319 2858 4371 ad
2904 4335 3028 4373 eum
3077 4339 3290 4378 omnes.
3331 4328 3427 4394 qui

1872 4398 2184 4453 habitabant
2208 4401 2457 4465 insulam,
2479 4416 2532 4458 et
2561 4407 2828 4473 supplices
2844 4408 2891 4461 ei
2913 4411 3221 4477 procidunt,
3244 4426 3427 4481 postu-

1800 4534 1845 4591 Β
1871 4487 2091 4556 lantque
2121 4499 2174 4543 et
2202 4503 2389 4561 rogant
2414 4504 2471 4547 ut
2496 4495 2578 4548 eis
2624 4510 2779 4564 opem
2820 4498 2977 4563 ferat,
3008 4511 3067 4554 ut
3094 4518 3215 4569 eos,
3247 4506 3424 4572 quoad

1871 4580 1989 4648 ejus
2016 4580 2131 4633 fieri
2167 4585 2384 4649 poterit,
2416 4585 2613 4639 liberet
2658 4602 2686 4640 a
2731 4603 3061 4645 nocumento
3086 4608 3422 4661 serpentum.

1873 4670 1939 4723 Et
1976 4671 2060 4723 ille
2095 4674 2311 4740 quidem
2343 4678 2629 4731 miseretur
2656 4695 2843 4733 eorum
2878 4683 3220 4747 calamitatis,
3255 4699 3309 4740 ct
3331 4704 3423 4742 ve-

1873 4760 1968 4813 luti
2022 4767 2265 4830 quaedam
2313 4766 2435 4827 tela,
2487 4783 2603 4835 qua:
2638 4778 2963 4837 torquentur
3016 4774 3068 4825 in
3118 4786 3420 4843 serpentes,

1872 4852 2073 4903 emittit
2102 4868 2290 4919 preces
2321 4872 2351 4913 ι,
2384 4856 2457 4907 illi
2502 4868 2679 4909 autem
2732 4862 2977 4926 protinus
3019 4878 3346 4932 proserpunt
3393 4884 3422 4920 θ

1875 4941 1987 4992 suis
2016 4943 2283 5007 cavernis,
2330 4953 2386 4996 et
2437 4946 2623 4997 relicta
2674 4948 2870 5009 insula,
2904 4965 2961 5002 sc
3011 4952 3059 5002 in
3093 4954 3259 5005 maris
3289 4971 3415 5022 pro~

1874 5027 2100 5082 fundum
2140 5034 2451 5100 projiciunt.
2486 5038 2659 5103 Atque
2695 5050 2873 5090 noster
2909 5040 3127 5107 quidem
3159 5042 3318 5113 Jc-sus
3365 5045 3419 5099 in

1868 5123 2024 5187 aquis
2075 5125 2332 5177 contrivit
2379 5129 2553 5193 capita
2607 5128 2903 5181 draconum
2973 5150 2985 5182 :
3046 5132 3189 5185 illius
3237 5147 3417 5189 autem

1870 5213 2182 5280 discipulus.
2215 5225 2270 5267 et
2302 5220 2476 5283 quoad
2509 5218 2558 5269 ei
2610 5220 2723 5271 tieri
2766 5232 2977 5287 poterat
3020 5226 3277 5288 imitator,
3320 5240 3416 5293 per

1871 5302 1989 5354 illas
2016 5306 2156 5369 ipsas
2182 5321 2275 5357 eos
2304 5306 2607 5358 suilocavit.

1937 5391 2150 5445 XXXVI
2211 5395 2289 5445 Ab
2322 5395 2423 5446 hoc
2449 5406 2692 5464 tempore
2727 5401 3001 5466 profectus
3031 5414 3113 5456 est
3141 5404 3205 5455 ad
3247 5406 3411 5456 alium

1863 5488 2038 5535 locum
2063 5486 2259 5551 quietis
2297 5500 2354 5535 ac
2380 5486 2581 5538 silentii
2618 5507 2629 5537 ;
2665 5490 2822 5541 simul
2847 5504 3022 5543 autem
3046 5508 3166 5545 cum
3201 5511 3265 5546 eo
3291 5512 3412 5562 pro-

1863 5571 2039 5623 fectus
2088 5587 2305 5639 quoque
2349 5585 2431 5625 est
2485 5575 2692 5637 Daniel,
2726 5580 2813 5644 qui
2853 5591 3079 5645 prazerat
3108 5586 3409 5644 monachis,

1862 5664 1954 5729 qui
1987 5673 2139 5715 erant
2173 5664 2221 5714 in
2252 5663 2445 5717 Thaso.
2483 5664 2543 5718 Ei
2579 5683 2703 5718 vero
2743 5678 2858 5720 erat
2888 5670 3052 5723 l'rater
3081 5674 3401 5737 monachus,

1865 5753 1948 5802 cui
2000 5760 2116 5803 erat
2179 5766 2373 5805 nomen
2429 5753 2773 5822 Euthymius,
2836 5758 2920 5810 cui
2985 5759 3144 5812 etiam
3208 5762 3406 5815 dicitur
