4226 6418
773 419 834 479 71
1986 411 2267 470 MENSIS
2304 410 2740 470 NOVEMBER.
3925 409 3994 472 72

773 523 934 576 Pater
969 515 1280 588 przedixisse
1334 531 1442 570 non
1489 516 1658 569 multo
1696 525 1820 584 post
1871 517 2114 570 futurum
2150 519 2328 570 deces-
2357 520 2405 578 Α
2434 518 2675 585 φάμενον
2714 532 2728 547 -

771 628 915 674 sum.
945 612 1025 665 sic
1049 612 1272 663 dicens:
1308 607 1498 662 Frater
1523 607 1801 677 Euthymi,
1833 608 1909 662 sis
1936 617 2176 676 paratus,
2203 623 2326 659 mox

769 707 914 758 enim
935 704 999 756 ad
1017 715 1303 768 supemam
1331 698 1696 768 proficisceris
1721 697 2229 768 peregrinationem.
2263 698 2328 752 Et

769 795 848 849 sic
869 793 1087 862 quidem
1111 791 1247 848 dixit
1280 791 1587 860 Euthymio.
1616 791 1734 859 Ipse
1761 798 1943 843 autem
1973 806 2095 844 cum
2124 790 2326 843 voluis-

768 896 850 938 set
880 884 1088 954 ingredi
1121 895 1334 936 antrum
1358 881 1630 950 quoddam
1659 880 2065 940 brevissimum,
2097 890 2151 933 et
2182 880 2323 947 quod

769 979 854 1031 vix
879 975 1180 1031 sulliciebat
1202 975 1268 1028 ad
1301 973 1679 1035 habitandum;
1705 974 1894 1025 incidit
1923 972 1975 1026 in
2003 971 2325 1036 daemonem,

770 1069 862 1137 qui
892 1079 1007 1122 erat
1052 1067 1324 1135 prioribus
1351 1066 1507 1131 longe
1540 1064 1874 1118 sceleratior.
1927 1063 2008 1116 Ab
2045 1062 2137 1114 illo
2182 1063 2324 1113 enim

771 1163 1026 1228 spelunca
1086 1159 1457 1227 appellabatur
1514 1155 1822 1223 Topareha.
1885 1155 1984 1221 Qui
2041 1169 2163 1205 cum
2217 1167 2323 1203 non

768 1257 934 1304 r'erret
960 1250 1205 1304 habitare
1253 1264 1374 1300 cum
1431 1248 1737 1308 Joannicio,
1783 1247 1935 1311 niger
1977 1253 2032 1298 et
2065 1242 2324 1296 terribilis

765 1341 997 1395 accessit
1036 1340 1102 1393 ad
1154 1339 1454 1398 Danielem,
1506 1346 1563 1390 ut
1609 1352 1732 1389 eum
1780 1335 1999 1403 quidem
2050 1341 2321 1386 terreret:

767 1433 858 1487 ille
893 1443 1071 1485 autem
1128 1439 1352 1498 accepto
1421 1443 1635 1497 (tuoque
1685 1426 1970 1481 Joannieio
2014 1424 2314 1478 recederet.

765 1524 869 1577 Sed
920 1524 980 1586 ii,
1018 1531 1076 1574 ut
1109 1523 1199 1589 qui
1246 1521 1346 1573 sibi
1390 1518 1748 1579 conﬁderent,
1780 1525 1940 1570 erant
1979 1515 2234 1575 interriti,
2270 1524 2324 1565 et

766 1618 912 1671 illius
945 1617 1121 1684 fugam
1158 1615 1336 1681 potius
1370 1613 1777 1679 exspectabant.
1799 1609 1930 1661 Cum
1953 1623 2082 1676 ergo
2101 1606 2323 1658 vidisset

765 1709 1032 1772 malignus
1065 1722 1157 1760 eos
1207 1704 1343 1757 adeo
1385 1704 1549 1755 lortes
1599 1710 1651 1754 et
1700 1709 2032 1760 cotistantes,
2081 1697 2322 1751 Danielis

763 1799 980 1865 quidem
1019 1795 1248 1862 pedibus
1280 1789 1727 1849 circumvolutus,
1760 1785 2099 1840 admirabilis
2135 1794 2317 1838 autem

761 1861 1031 1939 J-oannicii
1061 1882 1216 1935 lateri
1255 1881 1404 1947 plaga
1448 1877 1718 1944 imposita,
1750 1876 1797 1928 ei
1835 1875 2052 1943 quidem
2105 1883 2314 1926 tantum
2352 1861 2391 1914 Β

766 1979 1006 2032 dolorem
1043 1975 1242 2033 attulit,
1281 1982 1339 2025 ut
1366 1983 1506 2023 esset
1535 1979 1716 2029 mutus
1747 1977 1889 2020 totos
1924 1978 2131 2036 septem
2157 1965 2275 2019 dies
2302 1983 2316 2018 :

767 2073 854 2124 ille
881 2085 1008 2122 vero
1043 2065 1222 2120 statim
1255 2063 1496 2116 evanuit.
1530 2062 1632 2115 Sed
1665 2069 1910 2113 sanctum
1940 2057 2159 2127 quidem
2199 2073 2320 2110 rur-

764 2177 856 2214 sus
890 2160 1086 2226 accipit
1120 2173 1273 2209 mons
1300 2153 1642 2207 Trichalii-is.

834 2250 1092 2303 XXXVII.
1129 2250 1180 2301 Si
1215 2247 1341 2315 quid
1374 2257 1576 2304 autem,
1612 2253 1893 2310 postquam
1917 2242 2063 2295 illinc
2091 2240 2315 2301 abierat,

763 2344 975 2397 molesti
1008 2340 1212 2407 aliquid
1247 2339 1519 2391 acciderat
1566 2336 1648 2394 iis.
1707 2335 1796 2402 Q'tl
1834 2332 2070 2386 erantin
2110 2341 2314 2392 monte,

761 2437 814 2488 id
863 2448 1055 2488 rursus
1103 2443 1272 2484 totum
1325 2429 1391 2482 de
1443 2428 1622 2480 medio
1655 2425 1892 2478 ablatum
1933 2433 2017 2476 est
2058 2423 2178 2491 ejus
2224 2421 2319 2474 ad-

764 2539 949 2581 ventu.
996 2526 1060 2577 Et
1105 2538 1251 2576 nunc
1274 2521 1492 2590 quidem
1535 2532 1720 2579 eruca,
1772 2531 1893 2584 quae
1929 2523 2316 2568 nocumentum

760 2617 1022 2672 aﬂerebat
1051 2615 1314 2674 oleribus,
1366 2612 1619 2683 precibus
1666 2618 1721 2662 et
1753 2609 1909 2677 signo
1937 2607 2116 2659 crucis
2164 2605 2314 2672 fuga-

762 2711 922 2762 hatur
961 2722 990 2760 a
1023 2706 1279 2769 circuitu,
1313 2717 1458 2759 nunc
1504 2713 1685 2756 autem
1715 2701 1780 2754 iis
1808 2698 1900 2767 qui
1933 2699 2062 2752 illuc
2092 2696 2318 2751 accede-

761 2802 911 2859 baut,
941 2811 1090 2849 mors
1123 2790 1657 2866 praesigniﬁcabatur.
1696 2789 1761 2843 Et
1789 2789 1866 2841 illi
1899 2787 2116 2855 quidem
2153 2786 2316 2840 rebus

760 2891 874 2945 suis
922 2887 1312 2958 providebant,
1361 2893 1414 2938 et
1470 2897 1526 2936 se
1556 2879 1814 2951 parabant
1865 2880 1933 2932 ad
1988 2892 2313 2931 excessum:

759 2983 1028 3050 malignus
1065 2987 1245 3031 autem
1289 2987 1342 3028 et
1390 2975 1559 3027 hostis
1611 2971 1831 3026 humani
1871 2971 2106 3040 generis,
2157 2971 2317 3038 lupus

759 3083 898 3135 erat,
933 3080 990 3124 ut
1025 3069 1245 3129 dicitur,
1298 3065 1500 3120 frustra
1552 3064 1728 3116 hians.
1783 3062 1859 3115 Ita
1903 3064 2067 3115 etiam
2097 3062 2312 3114 cuidam

2774 515 2992 584 ’Λδελφὲ
3026 517 3287 586 ascopa,
3320 518 3609 587 ἑτοιμάζοι)
3631 534 3644 550 °
3680 519 3836 589 στελῇ
3889 521 3996 592 γάρ

2432 609 2554 660 ὅσον
2581 607 2735 661 οῦπω
2762 609 2862 677 τὴν
2905 609 3040 679 πρὸς
3073 609 3164 663 τὸν
3221 610 3333 663 ἄνω
3361 612 3640 681 Δεσπότην
3662 611 3990 681 ἀποδημίαν.

2434 705 2540 757 Καὶ
2573 702 2650 772 τῷ
2707 703 2966 773 Εὐθυμίῳ
2996 704 3096 772 μὲν
3128 703 3299 766 οὕτως
3325 703 3451 772 ἔφη.
3502 706 3729 775 Ἀντρον
3779 721 3832 757 τι
3865 705 3997 774 βρα-

2430 794 2680 862 χύτατον,
2736 792 2828 845 καὶ
2872 792 3004 863 μηδὲ
3033 793 3169 864 πρὸς
3201 793 3415 863 οἴκησιν
3442 792 3649 861 ’σχεδὸν
3677 790 3884 861 ἀρκοῦν
3914 794 3994 843 oi-

2430 885 2591 954 κῆσαι
2656 886 3030 956 προθυμηθεὶς
3057 927 3071 950 ,
3137 885 3353 955 δαίμονι
3390 888 3447 938 ὲν
3509 885 3658 953 αὐτῷ
3703 886 3836 938 πολὺ
3882 883 3992 935 τῶν

2435 981 2716 1050 προτέρων
2752 982 3138 1050 περιτυγχάνει
3159 997 3172 1011 ’
3210 980 3499 1049 Τοπάρχης
3525 980 3633 1049 γὰρ
3663 980 3756 1032 ἀπ’
3781 979 3989 1030 ἐκείνου

2429 1073 2610 1124 καὶτὸ
2672 1072 2932 1143 σπήλαιον
2992 1071 3256 1125 ἐκαλεῖτο.
3294 1073 3391 1134 ⁸ος
3440 1070 3562 1123 ἐπεὶ
3597 1070 3670 1140 μὴ
3722 1071 3989 1121 συνοικεῖν

2427 1163 2586 1232 ἔφερε
2619 1164 2696 1233 τῷ
2741 1163 3076 1231 Ἶωαννικίῳ,
3107 1161 3183 1230 τῷ
3213 1162 3413 1231 Δανιὴλ
3446 1161 3614 1230 μέλας
3669 1159 3868 1227 ἐπῆλθε
3895 1159 3989 1210 καὶ

2428 1255 2674 1324 φοϐερὸς,
2707 1255 2780 1316 ὡς
2810 1255 2875 1308 ἂν
2895 1254 3081 1308 τοῦτον
3129 1254 3226 1322 μὲν
3251 1251 3592 1322 καταπλήξῃ,
3630 1249 3730 1303 ὁδὲ
3766 1249 3862 1301 καὶ
3899 1249 3991 1299 τὶν

2439 1347 2761 1399 Ἰωαννίκιον
2841 1345 3168 1414 παραλαϐὼν
3200 1386 3214 1408 ,
3275 1345 3449 1397 ὀπίσω
3508 1343 3672 1395 πάλιν
3726 1341 3987 1410 χωρήσω.

2441 1437 2578 1489 Ἀλλ’
2611 1432 2755 1490 οῦτοι
2805 1437 3058 1506 καθάπερ
3113 1436 3537 1506 ὲπιθαρροῦντες
3564 1429 3990 1502 ἀπτὸητοιῆσαν

2424 1532 2522 1598 τὴν
2556 1531 2763 1582 ἐκείνου
2823 1531 3025 1598 μᾶλλον
3057 1531 3235 1598 φυγὴν
3283 1529 3666 1596 ἀναμένοντες.
3709 1525 3862 1575 Ἐπεὶ
3895 1519 3990 1574 οὖν

2424 1623 2726 1688 ἀτρέπτους
2742 1621 2913 1684 οὕτως
2937 1623 2963 1673 ὁ
2988 1622 3220 1690 πονηρὸς
3257 1620 3350 1672 καὶ
3390 1618 3670 1687 γενναίους
3699 1614 3863 1684 ἐώρα,
3894 1612 3988 1665 τοῦ

2428 1713 2526 1781 μὲν
2575 1713 2770 1783 Δανιὴλ
2801 1715 2914 1774 τοῖς
2943 1713 3070 1764 ποσὶ
3122 1710 3505 1781 περιειληθεὶς,
3540 1709 3633 1762 τοῦ
3679 1705 3985 1773 θαυμασίου

2423 1805 2477 1858 δὲ
2522 1805 2847 1858 Ἰωαννικίου
2866 1806 2930 1874 τῇ
2960 1804 3171 1872 πλευρᾷ
3197 1802 3411 1872 πληγὴν
3456 1801 3628 1862 ἐνθεὶς
3659 1798 3987 1870 περιωδυνίᾳ.

2425 1896 2522 1964 μὲν
2567 1897 2879 1964 περιβάλλει
2929 1897 3018 1948 τὸν
3068 1896 3253 1966 ἄνδρα,
3303 1896 3398 1947 καί
3443 1892 3713 1953 τοσοῦτον,
3767 1892 3842 1952 ὡς
3895 1892 3989 1942 ἐπὶ

2421 1989 2559 2041 ἑπτὰ
2574 1988 2701 2052 ὅλας
2723 1989 2932 2058 ἡμέρας
2964 1990 3178 2055 ἄφωνον
3209 1983 3343 2039 εἶναι
3363 2002 3376 2016 ·
3403 1988 3429 2038 ὁ
3463 1985 3519 2037 δὲ
3542 1985 3749 2052 ἀφανὴς
3785 1983 3988 2034 αὐτίκα

2421 2079 2650 2144 γίνεται.
2681 2079 2841 2131 Ἀλλὰ
2875 2079 2962 2132 τὸν
2988 2078 3142 2144 ἅγιον
3165 2078 3261 2130 καὶ
3287 2076 3439 2137 αὖθις
3464 2075 3523 2128 τὸ
3545 2074 3633 2128 τοῦ
3657 2073 3986 2144 Τριχάλικος

2418 2172 2542 2239 ὄρος
2567 2171 2630 2222 λα
2640 2171 2852 2236 μϐάνει.

2490 2257 2609 2312 ΛΖ’.
2645 2259 2706 2311 El
2741 2259 2796 2312 δέ
2823 2276 2875 2310 τι
2901 2259 3039 2326 μετὰ
3072 2259 3168 2328 τὴν
3212 2258 3420 2313 ἐκεῖθεν
3461 2259 3554 2312 τοῦ
3624 2261 3812 2329 ἀνδρὸς
3845 2260 3984 2312 ἀποο

2417 2353 2617 2420 δημίαν
2670 2355 2778 2414 τοῖς
2813 2353 2868 2404 ὲν
2897 2351 2975 2420 τῷ
3002 2352 3116 2422 ὄρει
3138 2353 3380 2421 λυπηρὸν
3420 2355 3653 2418 ἐγένετο.
3681 2353 3839 2404 τοῦτο
3866 2353 3976 2402 πᾶν

2419 2445 2479 2494 ἐκ
2511 2443 2602 2494 τοῦ
2662 2445 2823 2511 μέσον
2884 2445 3045 2512 ἡρετο
3092 2448 3156 2510 τῇ
3201 2443 3463 2512 ἐπιδημίᾳ
3504 2445 3686 2497 πάλιν.
3734 2444 3840 2495 Καὶ
3887 2442 3985 2494 νῦν

2422 2533 2518 2601 μὲν
2565 2533 2756 2600 κάμπη
2787 2535 2893 2595 τοῖς
2926 2533 3174 2602 λαχάνοις
3216 2534 3693 2602 διαλυμαινομένη,
3724 2534 3850 2602 εὐχῇ
3888 2535 3985 2586 καὶ

2420 2626 2629 2693 σημείῳ
2679 2626 2911 2692 σταυροῦ
2966 2626 3074 2678 τῶν
3133 2629 3437 2697 περιϐόλων
3484 2628 3849 2679 ἀπεδιώκετο·
3887 2627 3985 2677 νῦν

2419 2717 2472 2769 δὲ
2525 2719 2636 2777 τοῖς
2684 2719 2798 2770 ἐκεῖ
2842 2719 3278 2786 παραϐάλλουσιν
3325 2721 3356 2788 ἡ
3422 2720 3644 2788 τελευτὴ
3707 2719 3981 2787 ἐδηλοῦτο.

2418 2806 2529 2857 Καὶ
2564 2807 2612 2857 οἱ
2654 2807 2749 2874 μὲν
2797 2807 2862 2858 τὰ
2917 2811 3032 2860 κατ’
3097 2809 3291 2866 αὐτοῦς
3315 2809 3374 2861 εῦ
3425 2811 3661 2862 ἐτίθεντο
3723 2811 3985 2878 καὶπρὸς

2418 2895 2513 2961 τὴν
2590 2895 2852 2961 ἐκδημίαν
2902 2900 3408 2965 παρεσκευάζοντο·
3467 2904 3493 2953 ὁ
3529 2901 3584 2953 δὲ
3629 2904 3858 2972 πονηρὸς
3891 2908 3987 2956 καὶ

2416 2986 2492 3050 τῷ
2521 2985 2628 3037 τῶν
2675 2985 2974 3050 ἀνθρώπων
3036 2989 3177 3052 γένει
3205 2990 3457 3056 πολέμιος
3493 2993 3652 3053 λύκος
3679 2989 3766 3060 ἦν,
3799 2994 3859 3045 τὸ
3886 2994 3984 3046 τοῦ

2416 3077 2596 3144 λόγου,
2631 3078 2805 3145 μάτην
2827 3078 3028 3146 χανών.
3063 3080 3216 3130 Οὕτω
3240 3082 3331 3133 καί
3367 3099 3470 3133 τινι
3518 3083 3766 3153 Ὶσαακίῳ
3805 3085 3984 3155 ἀνδρὶ,

760 3165 878 3216 viro
936 3162 1139 3222 lsacio,
1192 3160 1281 3229 qui
1340 3157 1552 3210 feminae
1605 3154 1933 3207 inserviebat
1996 3154 2311 3213 tuonachm,
2345 3185 2429 3240 Cl

2345 3185 2384 3240 ο
2423 3167 2727 3240 μοναζούσῃ
2759 3171 2975 3235 γυναικὶ
3008 3171 3455 3240 ὑπηρετουμένῳ,
3485 3173 3667 3241 ἐπειδὴ
3700 3177 3731 3245 ἡ
3759 3154 3986 3247 τελευτὴ

760 3255 1016 3322 quoniam
1053 3250 1372 3320 praedictum
1417 3247 1592 3301 fuerat
1636 3262 1664 3298 a
1708 3255 1917 3305 sancto,
1956 3245 2068 3298 fore
2103 3255 2159 3297 ut
2191 3260 2313 3297 mox

761 3346 827 3398 ad
867 3359 992 3397 eum
1045 3342 1252 3394 veniret
1283 3341 1402 3392 vitae
1440 3339 1582 3398 linis,
1631 3347 1686 3389 et
1736 3337 1856 3389 ideo
1885 3342 2159 3402 oporteret
2191 3350 2312 3388 eum

761 3453 818 3490 se
850 3447 1039 3503 parare
1066 3431 1132 3484 ad
1161 3431 1466 3492 decessum,
1497 3428 1585 3480 ilte
1611 3434 1789 3479 autem
1818 3427 2150 3497 negligenter
2172 3427 2316 3479 vive-

761 3537 845 3578 ret
876 3534 930 3578 et
962 3520 1214 3584 remisse,
1245 3519 1442 3572 deinde
1475 3518 1639 3570 etiam
1669 3531 1860 3570 rursus
1887 3517 1952 3568 ad
2001 3517 2174 3584 ipsqu
2221 3516 2315 3574 Dei

763 3618 1038 3669 hominem
1065 3609 1399 3666 ascendisset
1434 3625 1446 3664 :
1480 3607 1609 3669 Cur,
1642 3607 1839 3676 inquit,
1868 3606 2045 3662 adhuc
2085 3608 2315 3661 munda-

762 3705 847 3757 nis
876 3711 1169 3769 occupatus
1190 3695 1670 3758 sollicitudinibus,
1707 3695 1906 3749 nullam
1933 3694 2103 3748 futuri
2123 3711 2313 3749 curam

761 3793 938 3863 geris?
970 3791 1076 3846 Sed
1118 3791 1208 3844 ille
1255 3788 1474 3857 quidem
1508 3788 1703 3855 partim
1734 3801 1763 3837 α
1807 3786 2026 3839 domina
2059 3796 2313 3850 coactus;

765 3881 958 3948 partim
1001 3889 1182 3932 autem
1222 3878 1382 3930 etiam
1433 3891 1529 3928 sua
1578 3885 1767 3943 Sponte
1801 3874 2055 3928 inductus
2082 3878 2158 3943 (in
2188 3891 2316 3943 pos-

763 3973 1062 4026 sessiouum
1091 3969 1235 4022 enim
1262 3983 1392 4021 cura
1422 3967 1656 4034 gerenda
1689 3975 1808 4018 erat
1839 3965 1992 4017 valde
2025 3966 2216 4032 utilis),
2247 3964 2314 4017 ad

762 4063 896 4114 nihil
934 4068 1016 4114 est
1065 4061 1331 4113 excitatus
1372 4073 1582 4117 eorum,
1627 4071 1745 4123 qua:
1791 4055 2094 4122 oportebat,
2139 4069 2316 4123 neque

763 4153 866 4205 sibi
924 4152 1171 4204 ultimum
1216 4149 1424 4217 paravit
1476 4147 1759 4200 viaticum.
1815 4145 1930 4198 Non
1973 4148 2143 4199 multo
2195 4157 2317 4214 post

764 4253 941 4294 autem
973 4240 1194 4292 morbus
1216 4251 1268 4290 et
1301 4238 1614 4297 necessitas,
1652 4249 1770 4304 quae
1791 4249 1914 4289 eum
1943 4236 2163 4295 invasit,
2189 4235 2317 4288 fecit

765 4340 822 4384 ut
856 4331 1296 4384 etmouasticum
1350 4329 1600 4382 indueret
1649 4328 1912 4390 habitum,
1962 4337 2017 4380 et
2055 4329 2126 4390 ei,
2179 4327 2311 4394 proh

763 4419 953 4472 dolori
991 4427 1222 4472 mortem
1254 4416 1433 4470 attulit
1457 4432 1486 4469 e
1517 4416 1758 4485 vestigio.
1798 4419 1901 4468 Sed
1927 4416 2071 4484 quod
2117 4418 2315 4469 attinet

2416 3261 2566 3328 ἥξειν
2598 3260 2742 3328 αὑτῷ
2773 3261 2895 3312 ὅσον
2924 3262 3131 3313 οὐδέπω
3182 3262 3286 3316 ὑπὸ
3329 3264 3420 3317 τοῦ
3448 3265 3601 3329 ἁγίου
3667 3270 3982 3338 προείρητο,

2415 3351 2708 3403 κάντεῦθεν
2731 3352 2851 3403 δέον
2903 3352 3037 3419 πρὸς
3063 3353 3160 3414 τὴν
3203 3354 3467 3421 ἐκδημίαν
3528 3356 3979 3425 εὐτρεπίζεσθαι,

2414 3442 2443 3497 ὀ
2488 3441 2544 3494 δὲ
2582 3441 2794 3507 ἀμελῶς
2831 3440 2925 3509 ἔζη
2956 3443 3046 3494 καὶ
3079 3443 3394 3510 ἀνειμένως,
3422 3441 3540 3497 εἶτα
3592 3449 3680 3498 καὶ
3711 3448 3842 3515 πρὸς
3876 3451 3976 3502 αὖ-

2416 3526 2509 3578 τὸν
2535 3525 2695 3580 πάλιν
2718 3527 2809 3578 τὸν
2857 3527 2949 3579 τοῦ
2973 3528 3106 3582 Θεοῦ
3150 3531 3429 3598 ἄνθρωπον
3461 3533 3798 3602 avehit-305:,
3859 3537 3982 3590 Ἰνα

2422 3616 2496 3677 τί,
2529 3618 2685 3684 φησὶ,
2719 3623 3009 3686 κοσμικαῖς
3059 3620 3139 3672 ἔτι
3194 3625 3469 3692 φροντίσιν
3525 3626 3984 3698 ὲκασχοὶούμενος

2414 3707 2670 3774 οὐδεμίαν
2737 3709 2828 3762 τοῦ
2904 3711 3183 3780 μέλλοντος
3263 3717 3515 3784 φροντίδα
3563 3723 3778 3780 ποιεῖς;
3829 3723 3982 3773 Ἀλλ’

2416 3793 2622 3854 ἐκεῖνος
2677 3797 2771 3847 καὶ
2834 3796 2976 3848 ἑκὼν
3032 3799 3296 3868 ὑπαχθεὶς
3356 3805 3654 3876 (περὶγὰρ
3716 3811 3813 3876 τὴν
3869 3813 3981 3861 τὼν

2417 3885 2711 3954 κτημάτων
2762 3888 3086 3956 ἐπιμέλειαν
3134 3891 3429 3960 εὔχρηστος
3474 3892 3600 3965 ἦν),
3641 3902 3776 3968 πρὸς
3825 3903 3979 3954 οὐδὲν

2415 3973 2525 4030 τῶν
2572 3975 2801 4029 δεόντων
2857 3979 3133 4046 διανέστη,
3188 3986 3295 4036 οιδ⁹
3347 3985 3427 4038 ἔτι
3482 3989 3659 4056 ἑαυτῷ
3709 3993 3977 4061 ἡτοίμασε

2416 4065 2724 4122 τελευταῖον
2756 4070 2988 4137 ἑφόδιον.
3027 4075 3100 4125 Οὐ
3156 4076 3331 4144 πολλῷ
3383 4078 3512 4144 γοῦν
3559 4080 3783 4152 ὕστερον
3824 4086 3979 4146 νόσος

2417 4157 2566 4227 αὐτῷ
2594 4161 2686 4212 καὶ
2715 4162 2927 4233 ἀνάγκη
2955 4165 3288 4218 ἐπιπεσοῦσα
3334 4170 3450 4236 μετ’
3484 4172 3865 4238 ἁμφιάσασθαί
3915 4193 3977 4227 τε

2418 4252 2475 4300 τδ
2519 4251 2626 4304 τῶν
2675 4255 2922 4321 μοναχῶν
2964 4257 3185 4325 εποίησε
3241 4259 3442 4327 σχῆμα,
3496 4265 3590 4313 καὶ
3640 4263 3887 4327 θάνατον,
3923 4270 3980 4320 oi

2422 4355 2512 4410 μοι
2542 4340 2554 4391 ι
2586 4344 2895 4404 καταπόδας
2939 4345 3269 4413 ὑπήνεγκεν.
3330 4350 3488 4401 Ἀλλὰ
3536 4351 3596 4403 τὸ
3639 4353 3737 4420 μὲν
3763 4355 3858 4406 ἐπὶ
3896 4357 3977 4426 τῷ

2418 4427 2671 4501 Ἰσαακίῳ
2699 4434 2762 4500 τῇ
2799 4432 3014 4503 ἀνάγκῃ
3046 4434 3110 4486 ἄν
3156 4452 3262 4500 τις,
3290 4436 3351 4488 οὐ
3380 4440 3445 4508 τῇ
3471 4445 3789 4509 προαιρέσει
3815 4445 3976 4512 χάριν

763 4507 983 4579 quidem
1034 4510 1100 4564 ad
1153 4508 1417 4573 lsacium,
1466 4507 1811 4572 necessitati,
1867 4522 1972 4560 non
2025 4507 2311 4571 voluntati,
2345 4514 2432 4572 ι).

2305 4514 2390 4572 ,υ
2417 4516 2619 4586 εἰδείη,
2662 4521 2738 4589 τῷ
2784 4521 2840 4572 δὲ
2887 4524 3106 4593 μεγάλῳ
3151 4526 3323 4596 τούτῳ
3369 4507 3543 4598 Πατρὶ
3597 4507 3868 4602 πατρικην
3891 4507 3974 4595 ως

765 4601 1031 4670 quiSpiant
1066 4600 1117 4654 id
1158 4608 1441 4669 acceptum
1477 4597 1661 4651 tulerit
1697 4617 1710 4650 :
1752 4598 1879 4651 huic
1909 4607 2090 4651 autem
2120 4613 2313 4665 magno

765 4691 910 4745 I’atri
944 4707 1068 4745 vere
1105 4700 1381 4763 paternam
1415 4689 1728 4757 ascripserit
1756 4689 2126 4750 aﬂ‘ectionem,
2159 4688 2303 4756 quod

764 4783 814 4835 ei
850 4793 1077 4836 mortem
1103 4780 1447 4848 praedixerat,
1484 4779 1694 4833 etiamsi
1748 4780 1840 4832 ille
1871 4779 2002 4833 nihil
2051 4789 2308 4840 mutatus,

765 4873 819 4926 in
845 4871 1014 4940 priori
1047 4870 1292 4924 socordia
1332 4871 1400 4922 sit
1429 4878 1700 4922 mortuus.

841 4960 1123 5018 XXXVIII.
1183 4960 1290 5015 Sed
1346 4960 1491 5013 enim
1558 4961 1687 5013 hinc
1741 4975 1956 5030 quoque
2004 4974 2126 5014 nota
2177 4961 2312 5019 ﬁunt

766 5056 988 5108 omnino
1043 5067 1128 5114 ea,
1169 5067 1290 5120 quae
1340 5053 1522 5121 justus
1582 5051 1814 5106 faciebat
1868 5053 1950 5106 vel
2013 5053 2164 5107 lsacii
2217 5056 2313 5106 do-

766 5143 933 5206 mina,
980 5157 1102 5196 cum
1146 5152 1286 5195 esset
1320 5155 1373 5196 et
1406 5144 1690 5204 monacha.
1729 5137 1868 5197 sicut
1918 5161 1946 5196 a
1992 5160 2075 5197 me
2105 5147 2310 5199 dictum

763 5243 866 5294 est,
893 5242 946 5286 et
975 5232 1176 5294 vetula,
1224 5243 1276 5284 et
1318 5232 1565 5299 ptzefecta
1613 5236 1924 5287 monasterii
1970 5235 2307 5298 Clubiorum,

767 5325 830 5376 ad
883 5324 1056 5390 ipsum
1101 5323 1393 5392 aliquando
1418 5325 1659 5378 ascendit
1686 5327 1848 5380 simul
1877 5341 1998 5382 cum
2031 5327 2134 5380 tilia
2184 5343 2309 5400 pre-

763 5414 994 5470 cationis
1014 5415 1180 5484 gratia
1207 5424 1261 5467 et
1289 5414 1704 5472 benedictionis.
1733 5417 1825 5472 illa
1854 5428 2055 5479 autem.
2088 5428 2311 5490 accepto

766 5503 981 5565 haCUio,
1031 5520 1190 5572 quem
1245 5514 1416 5557 mater
1470 5521 1630 5560 manu
1690 5506 1920 5568 tenebat.
1979 5509 2204 5566 tradidit
2259 5512 2308 5563 in

766 5609 981 5647 manum
1005 5592 1146 5647 ﬁliae.
1179 5594 1510 5647 Conturbata
1540 5611 1668 5664 ergo
1692 5607 1861 5651 mater
1883 5601 2094 5667 puella),
2125 5600 2258 5653 dixit
2295 5619 2306 5653 :

763 5683 926 5745 Mihi,
963 5694 1132 5752 pater,
1189 5686 1356 5755 magis
1384 5687 1741 5743 conveniebat
1782 5688 2024 5750 baculus.
2064 5694 2153 5759 qui
2191 5708 2309 5744 cor-

762 5790 861 5844 pus
881 5789 1057 5828 meum
1087 5776 1238 5830 fulcit
1259 5792 1320 5832 ac
1347 5780 1578 5833 sustinet
1603 5793 1793 5849 magna
1825 5794 1884 5832 ex
1917 5791 2066 5847 parte
2090 5792 2308 5850 propter

2413 4608 2627 4677 ἀληθῶς
2646 4611 2742 4676 τὴν
2770 4611 3008 4667 διάθεσιν
3035 4616 3353 4684 ἐπιγράφοι,
3378 4617 3459 4668 ὃτι
3489 4618 3555 4673 τὰ
3585 4620 3681 4688 τῆς
3713 4621 3974 4690 τελευτῆς

2417 4705 2567 4774 αὐτῷ
2603 4708 3031 4775 προηγόρευσεν,
3071 4712 3117 4760 εί
3152 4713 3424 4776 κακεῖνος,
3456 4711 3626 4780 μηδὲν
3653 4732 3702 4768 τι
3740 4716 3977 4784 μεταδα-

2408 4795 2542 4859 λὼν,
2579 4800 2645 4867 τῇ
2684 4799 2926 4868 προτέρᾳ
2957 4800 3255 4856 ἐναπέθανε
3288 4803 3552 4873 ῥᾳθυμίᾳ.

2485 4973 2614 5030 ΔΗ’.
2670 4976 2828 5031 Ἀλλὰ
2872 4978 2978 5044 γὰρ
3023 4978 3272 5030 ἐντεῦθεν
3317 4981 3568 5050 γνώριμα
3619 4985 3834 5047 πάντως
3875 4989 3972 5038 καὶ

2413 5067 2479 5118 τὰ
2525 5067 2783 5136 πάρεργα
2839 5067 2930 5120 τοῦ
2988 5069 3217 5135 δικαίου,
3267 5073 3299 5139 ἡ
3347 5070 3441 5124 τοῦ
3485 5072 3756 5125 Ἰσαακξου
3807 5083 3974 5144 κυρία

2417 5155 2626 5223 μοναχὴ
2660 5172 2719 5210 τε
2753 5156 2908 5220 οῦσα,
2946 5157 3134 5226 ὥσπερ
3191 5175 3278 5226 μοι
3326 5159 3559 5230 εἴρηται,
3619 5164 3710 5214 καὶ
3743 5166 3969 5232 γηραιὰ,

2415 5247 2507 5297 καὶ
2537 5246 2599 5314 δὴ
2645 5247 2737 5303 καὶ
2779 5248 2875 5314 τῆς
2911 5250 3018 5300 τῶν
3066 5249 3346 5301 Κλουῦίων
3393 5253 3747 5322 ἀφηγουμένη
3782 5255 3971 5323 μονῆς,

2413 5337 2606 5406 ἀνῆλθὲ
2641 5355 2765 5390 ποτε
2796 5341 2927 5406 παρ’
2957 5341 3118 5396 αὑτὸν
3153 5341 3268 5410 ἅμα
3299 5347 3365 5415 τῇ
3395 5345 3625 5416 θυγατρὶ
3658 5348 3969 5416 προσευχῆς

2413 5428 2571 5500 χάριν
2603 5432 2696 5483 καὶ
2728 5430 3002 5496 εὐλογίας.
3047 5432 3104 5484 ὐ
3138 5433 3193 5487 δι
3231 5435 3296 5504 ἣν
3349 5437 3379 5504 ἡ
3423 5438 3604 5505 μήτηρ
3639 5442 3776 5490 κατὰ
3814 5441 3968 5508 χεῖρα

2414 5513 2559 5585 ειχεν
2620 5520 2920 5587 βακτηρίαν
2980 5524 3156 5574 λαεὼν
3223 5528 3287 5595 τῇ
3360 5525 3591 5596 θυγατρὶ
3649 5530 3963 5598 ἐνεχείρισε.

2410 5611 2842 5678 Διαταραχθείσα
2911 5612 3002 5666 οῦν
3060 5616 3091 5684 ἡ
3141 5616 3235 5682 τῆς
3285 5617 3470 5678 παιδὸς
3530 5623 3747 5688 μήτηρ·
3790 5622 3964 5688 Ἐμο,

2413 5703 2584 5769 πάτερ
2609 5742 2620 5762 ,
2654 5705 2683 5771 ἠ
2726 5705 2990 5772 βακτηρία
3024 5707 3220 5773 μᾶλλον
3241 5709 3512 5777 προσῆκεν
3534 5712 3967 5778 ὑποστηρὶζονσα

2413 5791 2479 5841 τὲ
2506 5790 2675 5844 πολλὰ
2711 5795 2766 5845 τὸ
2799 5792 2955 5859 σῶμα
2980 5795 3065 5847 δια
3102 5797 3157 5847 τὸ
3191 5797 3381 5865 γῆρα,.
3430 5799 3485 5850 Ὀ
3517 5799 3568 5850 δὲ
3614 5803 3776 5868 μηίὲν
3823 5803 3961 5870 αὑτῇ
