4226 6418
242 407 318 469 73
1358 410 1531 469 Vt'l‘A
1574 411 1634 469 s.
1679 409 2059 470 JOANXICH
2102 414 2431 471 ABBA'l'lS.
3378 422 3446 484 τι

244 517 685 588 ἀποκρινάμενος
737 516 895 585 ὅλως,
949 518 1094 588 ιργῳ
1151 518 1208 570 τὸ
1247 519 1439 598 μέλλον
1484 522 1796 590 ἐσήμαινεν.
1826 522 1913 580 At

1769 542 1796 573 ρ.
1826 522 1881 580 Δ
1902 534 2257 580 senectutem.
2304 526 2394 580 ille
2430 536 2610 580 autem
2648 528 2781 580 nihil
2812 530 2914 597 ipsi
2956 531 3179 586 omnino
3207 548 3438 601 respon-

257 607 457 676 Ὀλίγῳ
490 607 595 677 γὰρ
639 606 865 677 ὕστερον
906 610 938 678 ἠ
974 610 1074 677 μὲν
1098 607 1332 673 ἀπεδίω,
1363 612 1395 679 ἠ
1423 595 1480 662 ⁴δὲ
1504 611 1674 679 ἐπέὁη
1696 611 1797 677 τῆς

242 698 342 749 τοῦ
389 699 809 767 φροντιστηρίου
845 698 1205 767 προστασίας.
1260 699 1333 752 Τὸ
1366 701 1471 752 ἀπὸ
1518 700 1671 753 τοῦδε
1706 697 1799 753 οῦν

242 790 274 839 ὁ
306 788 619 857 θαυμαστὸς
652 789 749 857 μὲν
787 782 943 851 οὗτος
976 789 1299 851 Ἰωαννίκιος
1344 790 1479 858 πρὸς
1526 789 1695 859 τραχύ
1741 807 1799 841 τε

243 879 343 930 καὶ
390 878 615 937 ἄναντες
656 880 779 948 δρος
812 879 1147 949 μετῴκησεν,
1193 880 1220 931 ὃ
1266 879 1357 932 τοῦ
1391 881 1637 950 Κόρακος
1667 884 1798 934 ἐκα-

248 968 418 1030 λεῖτο,
461 968 557 1021 ἅτε
608 971 1005 1039 προειρημένον
1042 970 1119 1039 τῷ
1160 971 1300 1039 ἁγίῳ
1336 971 1439 1023 ὑπὸ
1472 972 1579 1024 τῶν
1610 990 1801 1025 συντυ-

247 1061 453 1126 χόντων
502 1058 651 1127 αὺτῷ
696 1059 835 1111 κατὰ
874 1059 973 1128 τὴν
1025 1059 1232 1128 ἔρημον
1282 1062 1554 1130 μοναχῶν,
1602 1064 1698 1115 καὶ
1737 1065 1797 1116 τὸ

249 1149 655 1218 λεόητωνάριον
702 1151 937 1212 δόντων,
990 1152 1280 1217 ἀφικέσθαι
1329 1156 1459 1206 ποτὲ
1506 1159 1601 1206 καὶ
1648 1156 1799 1223 παρα

243 1243 400 1294 τουτὶ
426 1242 487 1295 τὸ
516 1243 661 1310 ὅρος.
713 1242 871 1294 Ἀλλὰ
905 1243 1023 1294 τίνα
1054 1244 1122 1294 τά
1157 1244 1247 1295 ὑπ’
1282 1244 1466 1309 αὐτοῦ,
1509 1245 1708 1313 μᾶλλον
1740 1246 1798 1296 δὲ

238 1333 336 1384 τοῦ
364 1332 695 1394 ἐνοικοῦντος
729 1333 876 1400 αὑτῷ
912 1332 1225 1401 Πνεῦμα-τος
1254 1335 1347 1385 καὶ
1375 1335 1432 1383 ἐν
1470 1334 1545 1403 τῷ
1572 1335 1796 1404 τοιούτῳ

238 1420 357 1487 ὖρει
390 1418 723 1487 θαυμαστῶς
748 1419 1203 1489 διαπεπραγμένα
1228 1438 1242 1485 ;

313 1613 441 1667 ΛΘ’.
492 1613 844 1681 Ἐποίμαινόν
892 1631 1037 1677 τινες
1092 1617 1148 1668 ἐν
1204 1618 1350 1687 αὐτῷ
1388 1619 1657 1688 πρόϐατα,
1703 1619 1795 1670 καί

235 1724 364 1757 τινα
425 1705 631 1757 τούτων
694 1706 1083 1770 ἀπολέσαντες,
1147 1710 1285 1761 κατὰ
1342 1710 1566 1778 ζήτησιν
1619 1710 1794 1761 αὐτῶν

232 1797 331 1848 τοῦ
379 1798 539 1865 ὅρους
588 1798 839 1866 πανταχῆ
900 1798 1218 1868 περιῄεσαν.
1284 1802 1516 1862 Τούτους
1558 1803 1585 1853 ὁ
1639 1800 1794 1867 ἅγιος

234 1887 364 1940 οὔτε
412 1890 546 1957 ἀκοῇ
597 1905 726 1940 ποτε
776 1890 1125 1958 παρειλήφει,
1162 1891 1283 1942 οὔτε
1327 1893 1434 1944 άπὸ
1473 1894 1569 1960 τῆς
1617 1893 1791 1961 ὅψεως

234 1977 525 2042 ἐγίνωσκε.
565 1976 879 2047 Περιτυχὼν
918 1977 1009 2030 οῦν
1058 1979 1241 2041 αὐτοῖς
1300 1980 1358 2044 ἐξ
1410 1982 1674 2050 ὀνόματός
1731 2002 1787 2036 τε

234 2067 469 2118 ἕκαστον
494 2067 699 2129 ἐκάλει,
734 2069 828 2118 καὶ
854 2067 952 2136 τὴν
980 2068 1096 2119 ὁδὸν
1137 2071 1605 2139 ἁμεριγνοηθεῖσαν
1639 2074 1787 2144 αὐτῷ

237 2157 386 2223 (οὐδὲ
415 2159 522 2225 γὰρ
554 2157 738 2219 ἁπλῶς
768 2157 835 2210 τά
878 2159 1054 2211 πάντα
1105 2161 1302 2211 εἰδέναι
1352 2161 1411 2211 τὸ
1458 2162 1679 2231 Πνεῦμα
1727 2163 1788 2213 τὸ

231 2249 392 2316 ἅγιον
422 2249 626 2317 δίδωσι)
684 2249 955 2303 διδάσκειν
1009 2252 1243 2304 ἐκέλευε.
1285 2253 1391 2303 Καὶ
1435 2252 1482 2303 οἱ
1523 2254 1619 2321 μὲν
1650 2255 1785 2306 ὑπεο

229 2340 480 2391 δείκνυον
536 2339 632 2407 τὴν
678 2338 795 2389 ὁδόν
834 2356 847 2370 ·
913 2342 941 2391 ὁ
991 2339 1046 2391 δὲ
1093 2341 1252 2408 χάριν
1302 2342 1485 2403 αὐτοῖς
1530 2345 1627 2410 τὴν
1680 2344 1787 2397 τῶν

231 2428 568 2497 θρεμμάτων
616 2429 835 2499 εὕρεσιν
888 2428 1232 2497 ἀντιδίδωσι,
1273 2435 1366 2486 καὶ
1423 2437 1785 2504 προτρέπεται

231 2520 363 2579 τοὺς
397 2521 595 2589 ἄνδρας
627 2522 684 2571 ἐν
714 2525 778 2589 τῇ
808 2522 1003 2591 ἐρήμῳ
1038 2522 1318 2587 γενέσθαι,
1372 2525 1532 2575 κάκεῖ
1561 2526 1628 2576 τὰ
1658 2526 1787 2593 πρό-

229 2609 375 2660 ϐατα
408 2611 681 2677 εὑρήσειν.
730 2611 814 2661 Ἐν
841 2613 972 2680 αὐτῇ
1004 2613 1178 2662 τοίνυν
1209 2614 1347 2664 κατὰ
1388 2614 1455 2664 τα
1508 2615 1599 2666 ὑπ’
1631 2618 1784 2667 ἐκεί-

231 2717 327 2750 νου
354 2700 620 2766 εἰρημένα
670 2700 967 2767 γενόμενοι,
1020 2703 1472 2769 περιτυγχάνουσι
1504 2704 1787 2773 πλανωμέ-

230 2806 345 2849 νοις
380 2792 489 2850 τοῖς
514 2790 823 2857 θρέμμασιν
860 2790 931 2851 ὣς
968 2807 1030 2856 γε
1066 2793 1136 2859 μή
1172 2809 1301 2842 ποτε
1341 2794 1742 2861 προσεδόκησαν
1768 2834 1784 2859 ,

235 2885 333 2930 καὶ
362 2881 534 2932 ταῦτα
586 2881 754 2933 πολλὰ
789 2884 915 2949 περὶ
949 2882 1045 2948 τὴν
1078 2886 1283 2933 τούτων
1328 2882 1557 2951 ἔρευναν
1598 2886 1787 2952 πρότε-

236 2987 331 3036 ρον
363 2974 651 3037 καμόντες,
693 2975 738 3024 εί
767 2974 857 3024 καὶ
897 2973 971 3041 μὴ
1007 2976 1249 3041 ἐντυχεῖν
1286 2975 1400 3025 τότε
1436 2976 1617 3034 αὐτοῖς
1660 2976 1780 3025 ἐδν-

235 3063 501 3129 νήθτισαν.
556 3066 714 3115 Ὠστε
768 3063 925 3132 χάριν
970 3064 1262 3129 ἐγίνωσκον
1291 3067 1354 3133 τῇ
1388 3068 1513 3132 περὶ
1542 3069 1639 3132 τ’τιν
1670 3068 1785 3117 ὁδὸν

233 3154 327 3202 τοῦ
374 3153 564 3220 ἀνδρὸς
611 3156 817 3221 ἀγνοίᾳ,
875 3157 952 3204 οτι
987 3155 1371 3222 συνενεχθῆναι
1400 3158 1545 3225 αὐτῷ
1579 3158 1670 3206 καὶ
1707 3159 1785 3216 είς

233 3243 423 3307 λόγους
455 3245 586 3303 ὅλως
623 3245 796 3294 ἐὶοεῖν
829 3245 1158 3313 ἠξιώθησαν.
1204 3246 1335 3296 Οὐδὲ
1378 3246 1482 3310 γὰρ
1532 3247 1692 3297 αὑτὸν
1734 3248 1781 3296 οί

233 3329 729 3396 περιτυγχάνοντες
758 3333 961 3399 ἐώρων,
998 3334 1048 3383 εἷ’
1075 3350 1133 3397 γε
1167 3336 1239 3400 μὴ
1269 3336 1471 3392 ἐκεῖνος
1502 3334 1777 3400 ἠϐούλετο,

233 3424 329 3471 καὶ
373 3421 457 3469 ἵνα
510 3437 569 3486 γε
621 3422 995 3482 ταπεινώσεως
1050 3424 1216 3479 τύπος
1278 3422 1352 3489 τῷ
1405 3425 1783 3476 ἀκολουθοῦντι

238 3512 557 3575 Εὑστρατίῳ
592 3512 704 3579 εἴη,
741 3513 841 3562 ὑπὸ
872 3513 976 3563 τῶν
1008 3514 1441 3581 ἐντυγχανόντων
1465 3532 1521 3565 τε
1554 3517 1647 3583 οὐχ
1681 3517 1780 3567 ἐω-

236 3604 390 3670 ρᾶτο,
451 3604 543 3653 καὶ
589 3607 722 3670 πρὸς
768 3605 930 3655 αὑτὸν
975 3604 1430 3672 ἐπιστρεφόμενος
1465 3606 1669 3672 ἔλεγεν⁸
1703 3609 1779 3674 Τῇ

234 3694 372 3761 εὐχῇ
411 3709 524 3757 σου,
555 3694 744 3759 ἁδελφέ
786 3694 1101 3763 Εὑστράτιε,

235 3782 463 3833 (tinum.

1156 3696 1272 3746 οὐδὲ
1305 3697 1405 3748 ὑπὸ
1457 3697 1658 3747 τούτων
1694 3715 1777 3747 τε-

310 3966 404 4019 λῗ.
435 3967 662 4026 Ἀναϐὰς
689 3968 743 4018 δὲ
774 3969 831 4017 ὲν
861 3970 967 4028 τοῖς
1002 3969 1151 4036 ὄρεσι
1183 3969 1277 4031 τῆς
1311 3969 1431 4020 ‘Av:
1457 3970 1566 4020 δίου
1593 3973 1777 4037 μονῆς,

236 4059 267 4105 ὸ
304 4054 425 4105 καθ’
454 4056 689 4121 ἑκάστην
724 4059 779 4107 ἐν
810 4058 917 4115 τοῖς
951 4057 1112 4117 θείοις
1159 4055 1453 4123 ὑψούμενος
1478 4096 1491 4119 ,
1535 4061 1626 4110 καὶ
1660 4060 1779 4109 κελ-

236 4144 355 4194 λίον
382 4144 745 4210 οἰκοδομήσας
783 4145 1093 4195 στενότατον
1133 4162 1190 4194 τε
1238 4147 1332 4196 καὶ
1358 4148 1548 4213 κομιδῆ
1579 4146 1776 4213 βραχύς

233 4249 419 4293 τατον,
454 4232 702 4299 μείζονάς
732 4250 789 4284 τε
816 4235 920 4283 τῶν
950 4236 1231 4300 προτέρων
1262 4236 1357 4300 τῆς
1392 4236 1589 4303 ἀρετῆς
1622 4237 1776 4303 ἣσκει

234 4327 456 4385 πόνους,
487 4326 578 4373 καὶ
617 4324 857 4390 μείζονος
889 4324 1103 4391 ἠξιοῦτο
1137 4325 1235 4392 τῆς
1278 4326 1527 4391 θεωρίας.
1563 4327 1777 4393 ’Λμὲλει

234 4414 332 4464 καὶ
388 4414 483 4481 τὴν
534 4412 627 4464 τοῦ
689 4413 966 4481 σώματος’
1020 4413 1393 4481 ταλαιπωρίαν
1458 4418 1552 4481 τῆς
1606 4417 1775 4485 ψυχῆς

233 4504 439 4573 τροφὴν
491 4505 736 4569 ἐνόμιζεν
791 4500 954 4555 εἶναι.
996 4503 1275 4554 Ἐντεῦθεν
1326 4505 1419 4555 καὶ
1474 4506 1682 4565 πολλοῖς
1721 4510 1777 4556 ἐν

233 4596 401 4663 ὀλίγῳ
435 4597 587 4663 δῆλος
645 4598 881 4662 ἐγένετο,
930 4595 1111 4663 ὥσπερ
1163 4595 1218 4646 δὲ
1264 4598 1359 4645 καὶ
1412 4598 1634 4657 πολλοὺς
1684 4598 1775 4647 τοῦ

234 4689 354 4757 βίου
412 4692 533 4749 τοὺς
583 4691 812 4756 ἐραστάς
874 4692 1224 4757 κεκτημένος.
1275 4688 1469 4756 Ἤρκει
1520 4690 1627 4754 γὰρ
1685 4690 1777 4738 καὶ

238 4779 403 4847 μόνον
433 4778 735 4846 ὁρώμενος,
782 4778 981 4846 θερμὸν
1026 4779 1123 4845 μὲν
1156 4794 1274 4829 τινα
1320 4778 1482 4830 πόθον
1531 4780 1777 4841 ὲνστάξαι

234 4871 354 4930 ταῖς
382 4869 596 4936 ψυχαῖς,
635 4868 795 4935 ζήλου
833 4868 887 4918 δὲ
937 4868 1159 4933 κέντρον
1204 4863 1363 4925 εἶναι,
1411 4868 1670 4930 ὑποθῆξςιί
1719 4882 1775 4916 τε

239 4961 378 5027 πρὸς
445 4960 644 5025 ἀρετὴν
701 4960 838 5023 ἄγαν
900 4959 1258 5010 νωθέστατον.
1319 4959 1465 5017 Ἐνὸς
1508 4959 1637 5021 γοῦν
1671 4958 1775 5006 τών

236 5049 359 5096 τότε
427 5046 743 5112 μαγίστρων
792 5048 824 5113 ἡ
886 5046 1110 5111 σύζυγος
1167 5047 1454 5113 (Στέφανος
1495 5046 1570 5107 δὲ,
1605 5042 1774 5111 cipit,

231 5132 390 5194 οὗτος
413 5132 498 5204 ἦν)
531 5135 927 5201 θεραπαινίδων
958 5153 1014 5185 τε
1047 5136 1315 5204 μοχθηρίᾳ
1346 5137 1433 5188 καὶ
1471 5138 1776 5202 μαγγανεία

238 5227 519 5293 περιέργῳ
549 5229 646 5285 τὰς
693 5227 886 5293 φρένας
941 5226 1215 5293 βλαϐεῖσα,
1266 5229 1467 5293 ἰατροῖς
1522 5226 1774 5287 ἐξεδίδου.

239 5317 442 5371 Πολλαὶ
474 5320 569 5383 μὲν
600 5318 663 5383 δὴ
698 5320 878 5386 χεῖρες
927 5319 1144 5382 ἰατρῶν,
1190 5318 1354 5386 μυρία
1384 5319 1439 5368 δὲ
1488 5320 1774 5385 φάρμακα,

236 5410 408 5459 πλείω
435 5409 491 5460 δὲ
520 5410 585 5459 τά
617 5410 722 5459 ἀπὸ
753 5411 847 5476 τῆς
874 5410 1090 5475 τέχνης.
1126 5410 1277 5458 Ἐπεὶ
1306 5410 1357 5459 ὁέ
1383 5412 1614 5474 ἀνήνυτα
1640 5410 1777 5471 ἔγνω

234 5499 496 5561 πονοῦσα,
537 5500 605 5550 τά
660 5502 755 5567 μὲν
804 5501 935 5551 ἄλλα
987 5499 1127 5561 ἔδοξε
1177 5500 1382 5567 χαίρειν
1432 5501 1557 5567 ὲᾷν,
1598 5506 1684 5550 ἐττί
1722 5501 1775 5551 δὲ

232 5594 326 5643 τὸν
358 5594 530 5657 μέγαν
575 5592 898 5643 Ἰωαννίκιον
927 5593 1275 5659 καταφεύγει.
1324 5593 1380 5642 Ὀ
1405 5593 1459 5641 δὲ
1500 5595 1771 5660 προσευχῇ

237 5683 337 5751 μὲν
367 5683 546 5733 δίδωσι
577 5686 639 5750 τῇ
673 5687 887 5748 γυναικὶ
922 5683 1017 5751 τὴν
1057 5685 1263 5749 ὑγείαν,
1301 5684 1486 5751 μισθὸν
1514 5683 1567 5732 δὲ
1596 5684 1777 5733 τοῦτον

233 5777 378 5831 αἰτεῖ
443 5776 567 5841 παρ’
624 5776 811 5841 αὐτῆς,
872 5776 967 5840 τὴν
1021 5779 1099 5834 εἰς
1148 5777 1243 5835 τὰς
1296 5777 1391 5826 τοῦ
1439 5774 1569 5826 Θεοῦ
1603 5776 1772 5835 πύλας

609 5892 865 5949 ι’,ιπιοῐη
916 5896 1027 5951 (in.
1073 5893 1267 5952 (KH.

1901 612 2056 678 dens,
2086 614 2263 683 reipsa
2296 616 2618 684 signiﬁcavit
2650 618 2917 673 futurum.
2951 621 3117 676 Paulo
3152 630 3272 691 post
3301 622 3445 677 enim

1901 702 1990 757 illa
2038 706 2316 773 quideme
2350 709 2456 759 vita
2506 710 2738 762 excessit
2791 727 2805 762 :
2858 712 2971 765 hac
3018 728 3146 767 vero
3197 725 3445 781 provecta

1901 794 2003 849 fuit
2034 796 2103 849 ad
2138 798 2510 863 prafecturam
2543 801 2875 853 monasterii.
2904 802 3111 856 Abhinc
3142 813 3321 858 autem
3359 804 3448 856 hic

1899 886 2232 942 admirabilis
2262 888 2575 943 Joannicius
2607 892 2849 958 migravit
2891 893 2957 945 ad
3008 902 3243 947 montem
3289 911 3448 965 aspe-

1900 994 2017 1031 rum
2045 990 2099 1033 et
2143 981 2393 1044 arduum,
2430 984 2522 1051 qui
2562 984 2930 1051 appellabatur
2960 1000 3115 1039 mons
3145 985 3325 1053 Corvi,
3360 997 3446 1040 nt-

1900 1080 2024 1139 pote
2053 1073 2196 1139 quod
2221 1084 2407 1126 sancto
2444 1075 2760 1142 praedictum
2807 1076 2998 1130 luisset
3026 1076 3093 1131 ab
3126 1076 3211 1140 iis,
3256 1077 3351 1144 qui
3381 1076 3445 1139 lin

1897 1160 2187 1215 solitudine
2246 1164 2295 1216 ei
2341 1176 2706 1226 occurrerant,
2733 1166 3031 1233 monachis,
3092 1179 3148 1220 et
3185 1167 3449 1221 dederant

1896 1252 2298 1318 lebitonarium,
2355 1271 2477 1308 eum
2530 1259 2819 1325 aliquando
2869 1252 3157 1311 venturum
3206 1258 3273 1310 ad
3321 1274 3444 1311 eum

1899 1354 2154 1398 montem.
2186 1344 2288 1397 Sed
2324 1363 2565 1413 quantum
2601 1359 2746 1409 sunt,
2777 1365 2894 1415 qua:
2927 1351 2992 1402 ab
3016 1350 3152 1416 ipso.
3179 1350 3261 1403 vel
3287 1350 3353 1402 ab
3382 1366 3446 1402 eo

1900 1435 2097 1500 potius,
2134 1438 2224 1501 qui
2257 1437 2306 1487 in
2344 1438 2455 1502 ipso
2492 1440 2766 1492 habitabat
2797 1441 3022 1509 Spiritu,
3059 1442 3111 1493 in
3150 1457 3215 1494 eo
3264 1451 3447 1494 monte

1900 1526 2037 1577 facta
2072 1536 2199 1579 sunt
2233 1527 2665 1581 admirabiliter?
3156 1528 3159 1531 ⁷

1969 1636 2213 1691 XXXIX.
2252 1640 2551 1693 Paseebant
2577 1642 2795 1709 quidam
2822 1644 2873 1695 in
2908 1643 3024 1712 ipso
3048 1657 3199 1705 oves,
3232 1652 3288 1696 et
3318 1658 3440 1697 cum

1906 1730 2165 1794 quasdam
2202 1745 2265 1781 ex
2294 1731 2372 1783 eis
2404 1732 2728 1797 amisissent,
2750 1733 2815 1786 ad
2838 1748 2931 1786 eas
2957 1734 3269 1801 quaerendas
3293 1749 3447 1786 mon-

1907 1827 2014 1871 tem
2042 1819 2264 1873 obibant
2305 1822 2356 1873 in
2390 1838 2602 1876 omnem
2622 1833 2848 1891 partem.
2894 1825 2998 1877 Eos
3025 1834 3243 1879 sanctus
3271 1841 3446 1896 neque

1905 1920 2141 1973 unquam
2168 1909 2445 1964 auditione
2469 1923 2767 1981 acceperat,
2792 1929 2965 1981 neque
3007 1914 3123 1968 visu
3153 1929 3447 1982 cognosce-

1892 1996 2002 2049 bat.
2047 1992 2181 2047 Cum
2207 2012 2338 2067 ergo
2376 2002 2427 2052 in
2459 2017 2553 2055 eos
2588 2002 2887 2062 incidisset,
2932 2014 2986 2055 et
3016 2003 3235 2057 nomine
3271 2020 3438 2057 unum

1892 2102 2161 2162 quemque
2208 2092 2455 2153 vocabat,
2484 2104 2535 2145 et
2571 2093 2729 2153 viam,
2794 2110 2950 2160 quam
2994 2098 3107 2162 ipse
3158 2098 3444 2164 ignorabat

1892 2164 2087 2247 (neque
2133 2182 2276 2234 enim
2324 2184 2502 2236 omnia
2553 2194 2737 2237 sancto
2782 2186 3001 2237 omnino
3031 2188 3275 2240 concedit
3324 2187 3445 2255 Spi-

1890 2270 2027 2323 ritus
2055 2273 2317 2338 sanctus),
2363 2271 2587 2339 jubebat
2612 2273 2825 2327 docere.
2852 2275 2917 2327 Et
2943 2275 3015 2327 illi
3054 2278 3271 2343 quidem
3296 2278 3439 2331 viam

1888 2360 2285 2415 ostenderunt:
2344 2362 2433 2415 ille
2483 2374 2663 2415 autem
2725 2365 2893 2417 refert
2946 2368 3193 2433 gratiam,
3247 2384 3441 2439 nempe

1888 2452 2158 2520 pecudum
2214 2454 2604 2518 inventionem,
2636 2464 2691 2509 et
2728 2456 2883 2527 jubet
2912 2472 3005 2511 eos
3043 2459 3119 2511 ire
3155 2459 3205 2511 in
3240 2462 3436 2514 solitu-

1887 2541 2088 2606 dinem,
2120 2552 2173 2595 et
2204 2558 2331 2597 oves
2370 2545 2479 2597 illic
2507 2560 2625 2598 esse
2658 2546 2995 2600 inventuros.
3048 2547 3181 2601 Cum
3234 2552 3287 2603 in
3322 2566 3441 2606 eam

1886 2646 2014 2699 ergo
2040 2634 2334 2695 venissent,
2376 2635 2514 2687 sicut
2548 2637 2635 2688 ille
2687 2638 2940 2705 jusserat,
2977 2640 3259 2695 offendunt
3305 2660 3435 2698 ores

1887 2730 2150 2786 errantes,
2204 2731 2400 2790 praeter
2445 2740 2659 2780 omnem
2706 2742 2895 2782 eorum
2952 2737 3437 2803 exspectationem,

1889 2813 2050 2880 idque
2113 2829 2235 2867 cum
2278 2830 2417 2883 smpe
2476 2817 2527 2869 in
2586 2820 2665 2872 eis
2716 2824 3020 2888 qumrendis
3082 2826 3438 2895 laborassent,

1886 2905 2099 2956 etiamsi
2136 2914 2263 2958 tunc
2295 2922 2401 2958 non
2452 2918 2738 2975 potuerant
2767 2913 2818 2964 in
2858 2930 2948 2967 eas
2986 2918 3246 2973 incidere.
3287 2923 3437 2987 Quo-

1888 2994 2028 3045 circa
2064 2994 2112 3046 id
2150 3006 2426 3062 acceptum
2471 2998 2714 3053 ferebant
2761 3005 2904 3058 illius
2949 3009 3047 3060 viri
3096 3011 3192 3063 viae
3228 3012 3441 3080 ignoras

1891 3084 2041 3146 tioni,
2074 3086 2216 3151 quod
2263 3086 2406 3154 digni
2445 3098 2627 3141 essent
2671 3091 2857 3156 habiti,
2897 3099 2985 3161 qui
3022 3113 3145 3151 eum
3176 3104 3437 3156 conveni-

1894 3187 2029 3238 rent,
2066 3186 2266 3230 etcum
2312 3194 2375 3231 eo
2418 3182 2871 3249 eolloquerentur.
2907 3188 3089 3255 Neque
3121 3194 3285 3255 enim,
3344 3198 3436 3264 qui

1893 3267 1944 3318 in
1983 3282 2105 3319 eum
2144 3269 2467 3330 incidebant.
2520 3273 2691 3340 ipsum
2729 3276 3001 3342 videbant,
3060 3282 3158 3335 nisi
3200 3285 3287 3337 ille
3341 3302 3437 3339 vo-

1885 3356 2091 3418 luisset,
2140 3368 2191 3410 et
2246 3369 2302 3410 ut
2350 3364 2592 3427 sequenti
2655 3364 2923 3419 Eustratio
2972 3380 3113 3423 esset
3160 3376 3436 3441 exemplar

1887 3446 2227 3508 humilitatis,
2294 3450 2335 3501 si
2400 3467 2501 3501 non
2550 3453 2826 3506 videretur
2862 3459 2926 3510 ab
2970 3460 3051 3523 iis,
3096 3463 3185 3528 qui
3231 3464 3434 3519 incide-

1887 3535 2034 3597 bant,
2088 3538 2153 3590 ad
2214 3538 2386 3604 ipsum
2448 3556 2778 3606 conversus,
2838 3547 3047 3601 dicebat
3110 3567 3122 3601 :
3176 3552 3434 3610 Precibus

1890 3626 2015 3687 tuis,
2051 3641 2082 3677 ο
2110 3626 2276 3678 frater
2320 3628 2574 3691 Eustrari,
2606 3648 2669 3684 ne
2699 3633 2762 3684 ab
2800 3635 2863 3687 iis
2903 3639 3119 3705 quidem
3157 3657 3273 3695 sum
3306 3659 3433 3697 con-

1884 3722 2117 3779 Spectus.

1952 3980 2066 4033 XL.
2112 3980 2244 4033 Cum
2291 3993 2466 4035 autem
2510 3987 2843 4040 ascendisset
2891 3992 2941 4042 in
2983 4002 3197 4046 montes
3232 3994 3430 4050 Antidit

1884 4073 2217 4132 monasterii,
2250 4074 2339 4139 qui
2377 4077 2620 4140 quotidie
2652 4078 2700 4129 in
2732 4080 2891 4132 rebus
2919 4080 3113 4135 divinis
3137 4087 3430 4139 extolleba-

1883 4168 1989 4222 tur,
2022 4170 2072 4211 et
2105 4162 2294 4213 cellam
2334 4162 2648 4217 aediﬁcasset
2675 4171 3108 4235 augustissimam
3140 4181 3196 4226 et
3224 4174 3402 4228 brevis

1880 4250 2095 4313 simam,
2142 4252 2423 4320 prioribus
2456 4256 2685 4322 majores
2719 4260 3048 4327 suseipimat
3081 4262 3294 4317 labores
3323 4266 3431 4320 vir-

1887 4340 2033 4402 tatis,
2066 4350 2119 4391 et
2150 4340 2340 4407 dignus
2374 4342 2669 4395 habebatur
2707 4349 2893 4413 majori
2944 4354 3425 4420 contemplatione.

1879 4429 2132 4498 Corporis
2200 4433 2414 4499 quidem
2464 4444 2609 4486 certe
2686 4436 3028 4492 atllictionem
3088 4444 3429 4500 existimabat

1814 4545 1851 4596 ο
1880 4534 1997 4571 eSse
2031 4521 2341 4573 alimentum
2366 4522 2577 4575 animae.
2621 4522 2756 4601 Hinc
2785 4526 2982 4578 factum
3012 4538 3114 4591 est,
3151 4540 3208 4582 ut
3238 4534 3421 4587 multis

1882 4624 2003 4661 raro
2056 4610 2221 4663 fuerit
2279 4612 2635 4675 manifestus,
2688 4617 2957 4681 quomodo
3014 4621 3173 4672 etiam
3235 4621 3423 4677 habuit

1881 4701 2075 4753 multos
2104 4702 2220 4767 ejus
2249 4703 2365 4753 vita:
2396 4712 2682 4755 amatores.
2723 4705 2864 4757 Satis
2903 4708 3047 4759 enim
3083 4720 3217 4769 erat.
3259 4712 3300 4764 si
3338 4715 3418 4766 vel

1880 4792 2053 4841 solum
2113 4790 2421 4853 videretur,
2497 4792 2561 4843 ad
2634 4807 2755 4846 acre
2819 4795 3036 4860 quidem
3093 4798 3419 4855 desiderium

1877 4895 2083 4935 eorum,
2122 4880 2209 4944 qui
2245 4879 2514 4937 ridebant,
2574 4881 2767 4933 animis
2804 4883 3191 4947 instillandum,
3237 4900 3291 4939 et
3326 4889 3424 4941 im-

1880 4970 2195 5020 mittendum
2233 4970 2402 5018 zelum
2436 4972 2813 5029 :emnlationis,
2844 4983 2897 5024 ct
2934 4975 2997 5024 ad
3047 4976 3298 5030 virtutem
3332 4994 3422 5032 ex-

1878 5058 2151 5108 citandum
2195 5075 2339 5117 eum,
2382 5061 2641 5125 quiesset
2681 5063 2759 5112 vel
2811 5062 3209 5118 hcbetissitnus.
3251 5068 3418 5120 Porro

1878 5156 2055 5197 autem
2108 5160 2227 5197 cum
2262 5148 2419 5199 unius
2463 5163 2526 5199 ex
2558 5149 2641 5208 iis,
2678 5150 2768 5217 qui
2808 5160 2934 5203 tunc
2966 5164 3115 5206 erant
3155 5158 3415 5223 magistri,

1878 5239 2110 5305 coniunx
2140 5238 2276 5305 (erat
2313 5252 2440 5290 vero
2482 5240 2543 5298 is,
2580 5248 2637 5291 ut
2662 5241 2874 5307 opinor,
2904 5242 3226 5311 Stephanus)
3250 5248 3418 5299 ancil-

1878 5330 2049 5381 larum
2083 5330 2439 5395 improbitate,
2471 5339 2524 5381 et
2552 5332 2782 5385 curiosis
2818 5348 2878 5384 ac
2913 5336 3172 5387 maletieis
3207 5337 3415 5388 artibur

1876 5429 2017 5471 esset
2041 5430 2228 5470 emotre
2255 5421 2465 5475 trientis,
2495 5420 2723 5486 seipsam
2758 5424 2919 5474 tradit
2948 5425 3189 5477 medicis.
3239 5426 3416 5479 Multa.

1876 5509 2091 5574 quidem
2127 5522 2315 5557 manus
2349 5506 2700 5565 medicorum,
2730 5510 3117 5563 medicamenta
3169 5514 3416 5563 innume-

1880 5596 2084 5657 rabilia,
2146 5595 2298 5662 plura
2345 5596 2477 5646 artis
2524 5596 2850 5660 adiumenta.
2908 5600 3192 5666 Postquam
3238 5611 3418 5656 autem

1878 5686 2125 5749 cognovit
2176 5699 2231 5735 sc
2286 5684 2551 5736 inutiliter
2620 5686 2905 5748 laborare,
2965 5689 3150 5739 statui;
3201 5688 3417 5753 quidem

1880 5778 1997 5829 alii:
2022 5777 2134 5827 \‘alt‘.
2167 5775 2345 5825 dicere
2379 5788 2391 5824 :
2440 5775 2501 5825 al
2549 5789 2797 5842 magnum
2828 5791 2953 5827 vero
2981 5777 3221 5845 confugit
3252 5777 3417 5829 Joanq

3030 5896 3065 5959 3
