4226 6418
777 398 849 457 τε,
1992 390 2274 448 MENSlS
2317 390 2750 453 NOVEMBER.
3933 398 4009 460 το

784 499 1007 556 ηὶεέυω.
1043 511 1133 554 me
1160 507 1338 551 autem
1374 499 1684 566 precatione
1727 496 1947 566 quidem
1989 498 2083 552 dat
2123 500 2339 553 mulieri
2375 507 2418 561 Α
2449 527 2453 549 ι

2375 507 2418 561 Α
2449 502 2752 554 εἰσέλευσιν
2781 520 2984 572 ταυτης
3015 522 3073 557 εν
3114 507 3505 576 εςομολογήσει
3536 511 3630 561 καὶ
3659 509 3874 579 ὕμνοις,
3911 515 4008 565 καὶ

781 588 1065 644 sanitatem
1111 607 1122 641 :
1175 590 1314 642 hanc
1363 600 1542 642 autem
1590 590 1657 642 ab
1703 603 1767 642 ea
1823 589 1958 657 petit
2004 590 2336 652 mercedem,
2443 608 2450 624 -

2004 590 2336 652 mercedem,
2443 590 2504 642 τὸ
2533 594 2644 653 τοῖς
2668 593 2960 647 πταίσασιν
2984 597 3204 660 ἀφεῖναι
3235 598 3332 666 τὴν
3352 600 3648 669 ἁμαρτίαν.

783 692 842 736 ut
893 697 957 736 ea
1003 682 1057 735 in
1099 680 1192 734 Dei
1238 689 1423 748 portas
1473 679 1847 750 ingrederetur
1889 681 1944 734 in
1987 680 2330 735 confessione
2369 689 2423 734 et
2459 681 2693 750 hymnis,
2762 691 2819 737 et
2854 683 2920 737 iis
2950 687 3042 754 qui
3070 685 3441 752 offenderant,
3467 700 3749 759 peccatum
3817 693 4001 748 remit-

783 780 943 826 teret.

848 866 986 922 XLI.
1048 865 1148 921 llic
1200 866 1346 919 omni
1395 880 1462 919 ex
1514 873 1666 933 parte
1719 863 1915 929 bonus,
1949 873 2007 917 ut
2055 864 2119 918 ad
2168 864 2336 918 alium

783 969 1074 1020 transeam,
1107 956 1318 1010 cuidam
1364 955 1584 1008 nomine
1620 954 1915 1023 Stephano,
1969 955 2088 1007 viro
2117 954 2338 1023 quidem

781 1049 1055 1104 exercenti
1100 1048 1354 1100 virtutem
1380 1055 1434 1102 et
1473 1047 1618 1115 justo
1666 1047 1719 1099 in
1754 1044 2014 1099 omnibus
2049 1046 2155 1099 viis
2194 1045 2328 1112 suis,

782 1141 896 1208 qui,
928 1155 1046 1208 quae
1079 1148 1236 1191 erant
1276 1139 1330 1191 in
1363 1139 1560 1199 anima,
1598 1137 1646 1189 ei
1680 1137 1852 1190 multo
1881 1145 2005 1190 ante
2036 1135 2333 1203 dedicarat,

783 1244 905 1282 eum
943 1237 1062 1297 post
1088 1228 1305 1295 longum
1343 1235 1554 1294 tempus
1587 1226 1826 1280 venisset
1854 1225 1920 1278 ad
1959 1240 2083 1278 eum
2109 1227 2338 1279 visitan-

784 1320 954 1372 dum:
1000 1320 1147 1380 Esto,
1185 1318 1381 1384 inquit,
1422 1331 1454 1370 ο
1507 1318 1692 1382 frater,
1738 1325 1961 1385 paratus
1995 1317 2061 1370 ad
2107 1318 2336 1371 exitum.

784 1411 832 1463 ls
883 1419 1060 1462 autem
1114 1424 1236 1462 eum
1295 1409 1657 1479 conjecisset,
1719 1409 1978 1476 quidnam
2025 1409 2130 1462 sibi
2179 1409 2342 1463 vellet

783 1503 926 1570 quod
963 1503 1166 1555 dictum
1196 1501 1662 1569 fucrat,quoniam
1691 1501 1837 1570 quod
1870 1502 1936 1555 ad
1966 1517 2089 1555 eum
2119 1502 2340 1571 quidem

785 1593 1068 1660 attinebat,
1115 1594 1226 1663 jam
1281 1601 1397 1647 erat
1452 1604 1697 1661 paratus,
1743 1593 1924 1661 utqui
1959 1608 2122 1661 super
2147 1593 2339 1646 funda-

783 1695 1024 1738 mentum
1077 1683 1328 1747 virtutis,
1391 1684 1532 1753 quod
1581 1694 1970 1751 praecesserat,
2025 1684 2338 1753 diligentius

784 1775 1333 1845 supersedifieaverat,
1391 1775 1553 1843 paulo
1594 1783 1716 1844 post
1760 1783 2012 1844 prompto
2055 1784 2112 1828 et
2169 1776 2334 1828 alacri

2521 860 2658 913 ΜΝ.
2695 855 2861 921 Οὕτος
2913 863 2940 913 ὁ
2989 863 3164 915 πάντα
3213 866 3474 933 χρηστὸς,
3519 868 3607 920 ἵνα
3653 868 3791 937 πρὸς
3818 869 4010 940 ἕτερον

2449 951 2690 1020 μεταδῶ,
2733 953 2826 1004 καὶ
2880 953 3135 1023 Στεφάνῳ
3203 956 3310 1007 τινὶ
3352 955 3544 1024 ὄνομα,
3574 959 3772 1027 ἀνδρὶ,
3803 960 4012 1030 ἀρετὴν

2447 1041 2544 1109 μὲν
2579 1043 2860 1109 ἀσκοῦντι,
2890 1045 2988 1096 καὶ
3028 1044 3222 1112 δικαίῳ
3251 1048 3309 1100 ἐν
3341 1047 3543 1109 πάσαις
3570 1051 3690 1110 ταῖς
3733 1050 3872 1112 ὁδοῖς
3903 1053 4009 1104 αὐ-

2441 1131 2557 1195 τοῦ,
2582 1132 2649 1184 τὰ
2680 1133 2735 1184 δὲ
2762 1135 2860 1202 τῆς
2893 1134 3089 1187 ἐαυτοῦ
3133 1135 3309 1204 ψυχῆς
3338 1139 3402 1191 ἐκ
3441 1138 3640 1191 πολλοῦ
3675 1141 3836 1195 τοῦτο
3866 1145 4004 1195 ἀνα-

2448 1221 2683 1293 θεμένῳ,
2731 1227 2810 1287 εἰς
2845 1226 3147 1297 ἐπισκοπὴν
3173 1228 3338 1281 αὐτοῦ
3372 1229 3462 1282 διὰ
3503 1231 3719 1301 μακροῦ
3751 1251 3969 1301 παραγε
3991 1265 4006 1274 -

2442 1315 2621 1381 γονότι
2645 1332 2657 1344 ο
2704 1315 3052 1384 Ἐτοιμάζου,
3081 1318 3237 1386 φησὶ,
3263 1318 3482 1388 ἁδελφέ,
3513 1322 3649 1389 πρὸς
3677 1322 3774 1390 τὴν
3799 1324 4004 1388 ἔξοδον.

2453 1405 2591 1457 Ὁδὲ
2630 1406 2920 1473 συμϐαλὼν
2946 1407 3005 1459 τὸ
3032 1409 3221 1476 λεχθὲν
3240 1410 3268 1462 ὅ
3289 1411 3342 1463 τί
3369 1429 3497 1463 ποτε
3542 1413 3650 1482 εἴη,
3685 1418 3809 1468 ἐπεὶ
3840 1416 3909 1468 τά
3937 1432 4007 1484 γε

2448 1495 2529 1555 εις
2566 1495 2729 1547 αὑτὸν
2764 1498 2857 1550 καὶ
2909 1500 3321 1568 προητοίμαστο
3368 1501 3467 1570 ήδη
3504 1503 3580 1570 τῷ
3617 1505 3885 1571 φθάσαντι
3914 1508 4008 1559 θε-

2445 1585 2612 1656 μελίῳ
2663 1588 2761 1657 τῆς
2807 1589 3010 1658 ἀρετῆς
3080 1591 3513 1662 φιλοπονώτερον
3542 1597 4003 1666 ἐποικοδομήσας,

2445 1678 2583 1746 μετά
2611 1678 2782 1748 βραχὺ
2813 1680 3108 1750 προθύμως
3175 1682 3292 1751 ἅμα
3325 1684 3422 1736 καὶ
3455 1688 3771 1754 περιχαρῶς
3803 1691 3999 1760 ἐξεδή-

2443 1784 2608 1838 μησε,
2660 1769 2872 1839 μυρίοις
2936 1772 3075 1839 μετὰ
3122 1772 3221 1842 τὴν
3273 1773 3540 1841 ἐκδημίαν
3593 1779 3706 1840 τοῖς
3755 1776 4004 1844 θαύμασι

783 1867 966 1920 animo
1000 1866 1128 1920 hinc
1156 1864 1410 1926 excessit,
1459 1873 1580 1933 post
1633 1878 1913 1917 excessum
1967 1863 2327 1917 innumerabi-
2369 1854 2452 1912 Βε

2369 1854 2410 1907 B
2439 1860 2767 1929 διαλάμψας.
2805 1862 2961 1916 Οὕτω
3007 1866 3102 1916 καὶ
3134 1863 3335 1933 Θωμᾷ,
3363 1865 3421 1927 ὃς
3451 1866 3617 1920 αὐτοῦ
3650 1885 3708 1920 τε
3754 1870 3846 1922 καὶ
3884 1871 4002 1931 τοῖς

784 1957 930 2011 libus
955 1955 1311 2026 resplendens
1334 1955 1629 2009 miraculis.
1670 1955 1744 2008 lta
1775 1954 1938 2008 etiam
1971 1952 2212 2019 Thomaa,
2244 1953 2337 2024 qu-i

787 2064 909 2104 eum
936 2047 1285 2117 sequebatur,
1310 2055 1364 2099 et
1386 2046 1504 2116 ejus
1528 2044 1739 2098 labores
1758 2044 1823 2097 ad
1849 2045 2131 2111 virtutem,
2156 2054 2211 2098 et
2238 2047 2341 2098 bu-

785 2141 1013 2195 militate
1044 2139 1335 2208 superabat
1364 2138 1521 2201 alios,
1567 2135 1911 2206 signiﬁcavit,
1951 2137 2095 2206 quod
2132 2153 2196 2191 ex
2237 2138 2340 2192 im-

783 2231 1002 2299 proviso
1026 2239 1169 2283 esset
1197 2229 1249 2282 in
1279 2227 1525 2281 morbum
1563 2241 1810 2291 casurus,
1830 2236 1884 2280 et
1909 2228 2054 2296 quod
2089 2228 2337 2282 morbum

788 2338 934 2376 mors
972 2336 1188 2391 quoque
1230 2328 1373 2373 esset
1417 2328 1798 2373 consecutura.
1841 2319 1951 2374 Hac
1980 2335 2110 2390 ergo
2141 2322 2338 2391 praedi-

787 2415 963 2470 ctione
1020 2416 1065 2466 is
1112 2411 1272 2466 simul
1304 2421 1358 2465 et
1403 2411 1584 2464 animo
1616 2411 1784 2481 magis
1823 2410 1925 2464 fuit
1970 2413 2235 2468 excitatus
2271 2413 2340 2468 ad

785 2503 1254 2563 exercitationem,
1281 2510 1335 2553 et
1363 2500 1514 2554 subit
1548 2500 1707 2553 finem
1737 2500 1878 2553 vitae.
1917 2499 1994 2552 Ita
2016 2501 2179 2553 etiam
2214 2518 2339 2557 cum

786 2607 930 2650 eum,
964 2590 1053 2659 qui
1086 2598 1308 2658 prmerat
1355 2586 1678 2641 monaSterio
1727 2587 2086 2656 Agaurorum,
2125 2602 2338 2655 cogno-

788 2685 954 2738 visset
997 2697 1053 2736 se
1089 2681 1396 2752 adjuuxisse
1429 2680 1698 2733 haereticis
1745 2679 1872 2748 (jam
1918 2689 2097 2732 autem
2129 2695 2159 2732 a
2200 2695 2338 2749 pra-

788 2774 995 2828 fcetura
1029 2781 1333 2826 excesserat
1366 2771 1691 2834 Eustratius,
1723 2781 1780 2824 ut
1806 2772 1897 2839 qui
1926 2771 2062 2825 viam
2096 2773 2338 2825 declina-

789 2873 874 2917 ret
907 2864 1216 2931 impiorum)
1252 2875 1373 2913 cum
1399 2867 1518 2927 post
1562 2874 1722 2912 unam
1758 2868 1813 2913 et
1845 2859 2064 2912 alteram
2094 2859 2340 2912 admoni-

790 2955 992 3007 tionem
1051 2951 1276 3005 vidisset
1344 2965 1467 3003 cum
1520 2963 1628 3002 non
1677 2949 1939 3003 desistere
2001 2948 2068 3000 ab
2125 2949 2336 3015 haeresi,

791 3044 1074 3111 Quoniam,
1117 3043 1312 3111 inquit,
1371 3051 1421 3095 te
1466 3055 1606 3110 sape
1653 3041 1718 3094 ad
1774 3041 1935 3094 fidem
1983 3042 2336 3096 orthodoxam

793 3135 1088 3196 deducens,
1121 3147 1152 3185 ο
1183 3131 1378 3184 Antoni
1403 3131 1498 3199 (ita
1524 3131 1666 3184 enim
1708 3133 2044 3200 vocabatur),
2075 3133 2254 3186 inveni
2288 3144 2337 3188 te

2439 1951 2604 2004 αὐτοῦ
2632 1953 2767 2023 πρὸς
2786 1953 2985 2023 ἀρετὴν
3018 1956 3204 2007 εἵπετο
3249 1957 3454 2021 πόνοις,
3497 1960 3592 2012 καὶ
3628 1963 3692 2028 τῇ
3733 1962 4004 2012 ταπεινώ-

2440 2060 2522 2098 σει
2580 2045 2686 2096 τῶν
2748 2044 2923 2098 ἄλλων
2971 2047 3337 2110 ἐπλεονέκτει,
3381 2050 3466 2103 ὄτι
3511 2051 3651 2120 νόσῳ
3675 2051 4002 2121 ἀπροόπτως

2440 2135 2732 2205 περιπέσοι
2788 2136 3077 2206 ἐσήμαινε,
3122 2139 3214 2189 καὶ
3253 2139 3326 2201 ὡς
3366 2135 3721 2212 ἀκολουθήσοι
3747 2146 3813 2212 τῇ
3856 2144 4000 2212 νόσῳ

2440 2225 2535 2277 καὶ
2592 2224 2840 2286 θάνατος.
2892 2225 2971 2294 Τῇ
3029 2225 3160 2294 γοῦν
3209 2228 3438 2298 τοιαύτῃ
3485 2223 3640 2293 οὕτος
3693 2234 4002 2301 προρρήσει

2439 2315 2554 2384 ἃμα
2612 2333 2671 2368 τε
2736 2318 2872 2386 πρὸς
2906 2319 3006 2387 τὴν
3059 2319 3295 2389 ἄσκησιν
3355 2320 3618 2375 ἐπιπλέον
3661 2326 3762 2392 τὴν
3819 2324 4002 2394 ψυχὴν

2436 2408 2717 2476 διανέστη,
2756 2413 2849 2461 καὶ
2888 2408 3004 2478 ἅμα
3043 2412 3103 2462 τὸ
3141 2411 3235 2463 τοῦ
3287 2411 3404 2481 βίου
3461 2414 3615 2476 τέλος
3673 2416 3999 2486 ὑπέρχεται.

2439 2501 2594 2554 Οὕτω
2623 2506 2713 2553 καί
2749 2502 2837 2554 τὸν
2863 2505 2927 2573 τῇ
2966 2505 3100 2572 μονῇ
3129 2502 3239 2556 τῶν
3263 2504 3554 2574 ’Λγαύρων
3576 2507 3999 2574 ἐπιστατοῦντα,

2437 2597 2548 2656 τοῖς
2586 2595 2889 2662 αἱρετικοίς
2931 2595 3356 2666 προστιθέμενον
3410 2600 3569 2664 γνοὺς
3616 2600 3830 2672 (ἐξέστη
3883 2602 4002 2671 γὰρ

2437 2687 2535 2755 τῆς
2585 2687 2907 2749 ἐπιστασίας
2961 2690 2988 2740 ὁ
3041 2688 3378 2757 Εὐστράτιος
3426 2689 3549 2758 ήδη,
3605 2690 3701 2744 ἅτε
3753 2695 3844 2745 καὶ
3878 2695 4001 2748 ὁδὸν

2441 2776 2653 2828 ἀσεϐῶν
2699 2777 2983 2846 ἐκκλίνων)
3031 2779 3155 2830 ἐπεὶ
3205 2779 3344 2845 μετά
3389 2783 3521 2848 μίαν
3584 2784 3679 2835 καὶ
3731 2785 4003 2853 δευτέραν

2440 2868 2783 2936 παραίνεσιν,
2823 2867 2897 2937 μὴ
2940 2870 3035 2938 τῆς
3085 2871 3354 2939 αἱρέσεως
3411 2873 3788 2942 ἀφιστάμενον
3833 2875 4000 2934 εἶδεν.

2452 2957 2691 3026 Ἐπειδὴ,
2748 2960 2904 3026 φησὶ,
2944 2959 3205 3022 πολλάκις
3259 2978 3317 3013 σε
3364 2965 3500 3030 πρὸς
3553 2966 3653 3033 τὴν
3711 2965 4002 3034 ὀρθόδοξον

2440 3049 2627 3100 πίστιν
2661 3052 3098 3119 χειρσγιυγήσας,
3142 3053 3387 3104 Ἀντώνιε
3422 3055 3601 3122 (τοῦτο
3640 3057 3747 3124 γὰρ
3783 3060 3810 3108 ὀ
3857 3059 4000 3128 ἀνὴρ

2439 3141 2722 3207 ἐκαλεῖτο),
2756 3141 3159 3211 δυσανάκλητον
3189 3137 3367 3212 εὗρον,
3388 3145 3544 3198 τοῦτό
3579 3163 3658 3199 σοι
3689 3147 4001 3202 τελευταῖόν

793 3233 1045 3277 revocata
1091 3223 1384 3284 diflieilem,
1414 3197 1527 3272 hoc
1576 3219 1673 3272 tibi
1717 3220 1836 3272 dico
1871 3197 2204 3287 postremum
2235 3238 2248 3273 ι
2281 3221 2335 3275 Si
2367 3197 2406 3250 ο
2452 3247 2462 3278 ε

2332 3223 2335 3269 i
2367 3197 2406 3250 Ο
2452 3247 2616 3297 φημι·
2749 3233 2941 3298 μηκέτι
2974 3197 3067 3283 τοῦ
3109 3197 3438 3301 ἁμαρτάνειν
3473 3239 3713 3305 προσθῇς
3771 3242 4001 3308 ποιχῶν

793 3333 898 3369 non
939 3313 1172 3382 amplius
1205 3328 1432 3382 peccare
1456 3312 1774 3380 perrexeris,
1827 3325 2059 3377 sequens
2086 3326 2200 3370 eos,
2247 3314 2338 3379 qui

791 3416 916 3462 sunt
941 3405 1162 3457 diverse
1179 3400 1563 3472 opinionis,sed
1587 3415 1702 3453 eam
1723 3399 1902 3462 etiam,
1926 3415 2044 3467 qua:
2062 3414 2090 3452 a
2114 3399 2341 3454 Domino

796 3504 889 3556 tibi
923 3499 1196 3554 afferenda
1237 3507 1318 3551 est
1343 3535 1356 3557 ,
1402 3495 1737 3563 disciplinam
1775 3505 1926 3563 grato
1959 3499 2141 3547 animo
2178 3495 2342 3547 susti-

795 3593 1002 3653 nueris,
1049 3606 1154 3642 non
1208 3588 1425 3640 minima
1476 3600 1682 3638 merces
1719 3585 1813 3635 tibi
1860 3593 2175 3651 rcponetur.
2217 3581 2340 3636 "me

795 3682 927 3734 diait
955 3682 1152 3749 justus,
1184 3687 1236 3730 et
1267 3676 1446 3728 statim
1477 3674 1642 3727 altera
1678 3687 1796 3740 pars
1821 3672 2065 3740 corporis
2106 3671 2340 3724 Antonio

797 3774 1118 3826 flaccescens
1164 3767 1263 3820 fuit
1334 3765 1488 3836 quasi
1522 3774 1694 3816 morte
1726 3762 1938 3814 aﬂ'eeta.
1976 3761 2338 3829 Quadraginta

794 3864 972 3931 itaque
991 3870 1128 3914 totos
1144 3859 1258 3912 dies
1273 3873 1392 3911 cum
1412 3870 1601 3921 magno
1617 3855 1797 3907 animo
1809 3869 1925 3907 eam
1949 3855 2157 3908 tulisset
2179 3854 2343 3906 disci-

795 3951 1019 4021 plinam,
1050 3959 1104 4001 et
1157 3962 1256 4000 nec
1287 3947 1569 3997 minimum
1599 3944 1815 4011 quidem
1843 3944 2068 3995 verbum
2099 3950 2341 3994 contem-

794 4050 921 4109 ptus
973 4052 1039 4091 ex
1086 4051 1181 4091 ore
1213 4034 1504 4096 emisisset,
1539 4041 1594 4087 et
1641 4047 1742 4086 nec
1791 4032 2054 4085 hmretieis
2086 4032 2342 4099 deinceps

792 4137 934 4183 esset
970 4140 1240 4186 assensus,
1277 4139 1308 4178 e
1355 4124 1465 4177 vita
1511 4123 1759 4184 excessit,
1811 4123 2028 4190 maligni
2079 4120 2342 4189 eﬂ'ugieus

793 4227 940 4273 artes
980 4226 1037 4270 et
1093 4214 1543 4275 machinationes,
1581 4220 1640 4265 et
1683 4226 1842 4279 parva
1869 4211 2215 4278 castigatione
2245 4211 2339 4264 ad-

793 4323 984 4363 versus
1010 4322 1136 4362 eum
1192 4306 1433 4360 referens
1479 4304 1786 4368 victoriam,
1824 4312 1881 4356 et
1926 4302 2098 4355 vietor
2124 4301 2226 4354 fuit
2256 4317 2340 4355 re-

794 4401 1095 4462 nuntiatus,
1150 4407 1204 4451 et
1259 4410 1458 4448 corona
1515 4393 1818 4446 redimitus.
1871 4391 1960 4445 Sic
1993 4392 2081 4444 ille
2124 4392 2217 4446 Dei
2244 4406 2338 4445 ex-

2442 3324 2552 3380 τοῖς
2587 3323 2937 3390 ἐτερσιδόξοις,
2967 3323 3100 3374 ἀλλὰ
3136 3327 3228 3375 καὶ
3278 3325 3374 3393 τὴν
3426 3330 3574 3396 παρὰ
3619 3330 3824 3397 Κυρίου
3861 3333 4001 3398 μέλ·

2439 3410 2639 3467 λου-σαν
2672 3414 3029 3481 ἐπενεχθῆναί
3071 3431 3152 3465 σοι
3184 3416 3433 3468 παιδείαν
3474 3420 3810 3488 εὐχαρίστως
3857 3426 3996 3476 ὑποο

2444 3503 2652 3572 μείνῃς,
2712 3504 2811 3556 οὐκ
2879 3499 3166 3572 ’ἐλάχιστος
3220 3508 3569 3560 ἀποκείσεται
3621 3527 3702 3561 σοι
3777 3515 3992 3580 μισθός.

2442 3592 2627 3645 Ταῦτά
2664 3610 2724 3644 τε
2768 3597 2794 3645 ὁ
2834 3593 3039 3653 δίκαιος
3067 3589 3209 3658 εἷπε,
3247 3597 3343 3646 καὶ
3389 3597 3617 3667 θάτερον
3649 3604 3847 3655 αὐτίκα
3898 3608 3995 3658 τοῦ

2443 3685 2695 3753 σώματος
2753 3687 2917 3755 μέρος
2977 3686 3054 3754 τῷ
3120 3687 3386 3755 ’Δντωνίῳ
3443 3691 3829 3761 ἀπενεκρώοη,
3880 3691 3996 3750 οἷον

2441 3780 2633 3836 εἰπεῖν,
2665 3778 2939 3843 μαρανθὲν
2969 3778 3368 3831 καὶάπέθανεν.
3417 3781 3535 3831 Ἐπὶ
3571 3783 3699 3846 γοῦν
3726 3790 3994 3856 τεσσαρά-

2442 3881 2600 3916 κοντα
2625 3865 2748 3926 ὅλας
2771 3866 2981 3935 ἡμέρας
3008 3869 3392 3939 μεγαλοψύχως
3427 3873 3665 3936 ἐνεγκὼν
3689 3878 3788 3944 τὴν
3810 3878 3994 3930 τοιαύ-

2440 3973 2540 4023 την
2582 3955 2851 4018 παιδείαν,
2915 3960 3009 4009 καὶ
3071 3962 3207 4028 μήτε
3254 3960 3428 4030 βραχύ
3483 3979 3534 4015 τι
3582 3963 3674 4015 τοῦ
3720 3967 3992 4032 στόματος

2440 4045 2732 4115 ὀλιγωρίας
2781 4049 3076 4116 προέμενος
3118 4049 3293 4118 ῥῆμα,
3331 4054 3405 4122 μή
3455 4071 3512 4106 τε
3558 4057 3666 4125 μὴν
3693 4059 3991 4125 αίρετικοῖς

2440 4137 2501 4188 τὸ
2530 4138 2635 4188 ἀπὸ
2658 4136 2810 4189 τοῦδε
2853 4139 3203 4208 συνθέμενος,
3247 4144 3476 4206 ἁπεσίω,
3514 4148 3580 4197 τὰ
3615 4147 3705 4199 τοῦ
3751 4149 3988 4217 πονηροῦ

2439 4223 2794 4292 τεχνάσματά
2821 4242 2878 4277 τε
2907 4228 3001 4278 καὶ
3035 4231 3402 4300 μηχανήματα
3428 4232 3644 4302 διαδρὰς
3681 4239 3892 4308 σμικρᾷ
3924 4241 3986 4290 τέ

2441 4330 2546 4366 τινι
2585 4316 2828 4385 παιδείᾳ,
2862 4317 2960 4384 τὴν
2987 4319 3108 4370 κατ’
3148 4321 3312 4372 αὑτοῦ
3336 4325 3490 4388 νίκην
3520 4328 3984 4396 ἀπενεγκάμενος,

2441 4409 2536 4458 καὶ
2584 4407 2909 4476 στεφανίτης
2964 4411 3370 4479 ἀναγορευθείς.
3417 4414 3604 4478 Οὕτως
3651 4420 3855 4481 ἐκεῖνος
3883 4423 3984 4490 τὴν

793 4491 965 4547 tendit
1029 4489 1412 4559 benignitatem
1482 4494 1538 4540 et
1589 4484 1966 4544 clementiam;
2031 4492 2137 4535 tam
2191 4493 2339 4536 certo
2372 4512 2412 4564 υ
2444 4514 2462 4547 τ

2316 4497 2339 4535 ο
2372 4512 2412 4564 ο
2444 4497 2533 4549 τοῦ
2571 4497 2703 4548 Θεοῦ
2754 4499 3166 4568 φιλανθρωπίαν
3197 4503 3496 4567 ὑπέτεινεν,
3533 4507 3704 4572 οὕτως
3742 4512 3985 4578 ἀψευδώς

792 4582 1082 4652 spopondit
1130 4580 1340 4633 veniam
1391 4578 1476 4641 iis,
1525 4575 1718 4644 quibus
1744 4584 1857 4628 erat
1885 4573 2103 4641 quidam
2141 4588 2336 4641 parvus

791 4677 963 4729 fontes
1015 4671 1384 4740 pmuitentiae;
1436 4683 1502 4721 eo
1546 4677 1723 4719 autem
1760 4705 1773 4728 ,
1829 4665 1972 4733 quod
2032 4665 2335 4717 venientem

792 4766 1038 4834 corporis
1075 4773 1300 4815 mortem
1331 4759 1795 4829 prmsignilicabat,
1836 4767 2018 4824 aperte
2051 4755 2333 4821 eﬂiviebal,

791 4872 858 4910 ne
887 4855 1135 4908 homines
1164 4861 1334 4904 morte
1369 4851 1562 4901 anima:
1590 4857 1948 4901 morerentur.

861 5030 1019 5084 XLII.
1054 5029 1158 5084 Sed
1219 5029 1285 5081 ad
1347 5027 1449 5079 alia
1483 5042 1567 5079 me
1613 5035 1770 5078 vocat
1817 5027 2009 5087 oratio,
2055 5035 2106 5077 cl
2163 5025 2227 5078 ad
2274 5041 2333 5078 ea

792 5123 1005 5178 accedo.
1029 5122 1415 5175 Constantinus
1435 5119 1651 5187 quidam
1669 5128 1883 5171 creatus
1898 5119 2104 5180 consul,
2130 5117 2337 5171 solebat

792 5212 1008 5281 quidem
1039 5213 1219 5264 venire
1237 5209 1462 5263 adhunc
1479 5211 1649 5262 virum
1673 5208 2062 5262 admirabilem.
2091 5209 2140 5262 ls
2155 5221 2332 5263 autem

794 5305 868 5356 illi
903 5318 1086 5355 rursus
1115 5303 1217 5354 hoc
1275 5301 1510 5354 vicissim
1551 5301 1829 5364 reddebat,
1865 5299 2006 5367 quod
2061 5301 2177 5368 ejus
2214 5318 2334 5353 ora-

795 5393 1036 5446 tionibus
1109 5393 1532 5445 conservabatur
1602 5392 1669 5445 ab
1733 5391 1811 5443 ira
1865 5393 2094 5462 alienus,
2159 5407 2333 5459 neque

793 5488 1014 5549 propter
1045 5480 1266 5546 aliquid,
1302 5480 1445 5547 quod
1478 5479 1780 5542 accidebat,
1815 5479 1969 5532 facile
2015 5482 2333 5533 movebatur

792 5584 884 5625 aut
911 5571 1352 5625 excandeseebat.
1377 5573 1426 5626 Is
1453 5583 1568 5626 erat
1597 5575 1885 5642 aliquando
1917 5572 2242 5630 ascensurus
2266 5579 2330 5632 ad

794 5678 1043 5732 maguum
1067 5664 1426 5719 Joannieium.
1459 5667 1594 5719 Cum
1627 5676 1805 5719 autem
1830 5669 2116 5722 accidisset
2145 5680 2201 5722 ut
2236 5675 2332 5723 mi-

797 5766 966 5808 utstro
989 5756 1190 5809 acriter
1213 5756 1549 5819 irasceretur,
1573 5772 1696 5810 eum
1729 5757 1804 5811 ira
1834 5759 2058 5825 abripit,
2086 5772 2138 5813 rt
2166 5777 2324 5815 manu

2440 4587 2536 4656 τὴν
2583 4587 2931 4657 συγχώρησιν
2988 4593 3255 4657 ἠγγυᾶτο.
3317 4591 3396 4655 οἷς
3441 4591 3507 4664 ἦν
3544 4615 3595 4648 τι
3645 4605 3740 4650 καὶ
3790 4606 3986 4671 μικρὸν

2439 4680 2767 4748 ἐμπύρευμα
2795 4684 3078 4748 μετανοίας
3113 4698 3127 4712 ’
3155 4683 3232 4750 τῷ
3263 4683 3320 4736 δὲ
3355 4685 3447 4737 καὶ
3483 4688 3570 4739 τὸν
3620 4691 3708 4742 τοῦ
3737 4694 3986 4760 σώματος

2439 4771 2668 4823 θάνατον
2708 4772 2911 4836 ἥκοντα
2955 4774 3350 4838 προσημαίειν
3383 4776 3442 4826 τὸ
3480 4777 3553 4846 μὴ
3601 4783 3853 4847 θνήισκειν
3894 4787 3984 4835 τὶν

2437 4860 2533 4926 τῆς
2588 4856 2765 4926 ψυχῆς
2833 4860 3062 4912 θάνατον
3116 4862 3300 4928 σαφῶς
3347 4868 3456 4926 τοῖς
3509 4869 3818 4938 ἀνθρώποις
3879 4890 3981 4925 πε-

2443 4949 2690 5015 ριεποίει.

2510 5039 2640 5090 MB’.
2686 5038 2823 5090 Ἀλλ’
2851 5041 3008 5110 ἕτερα
3042 5046 3174 5111 μετὰ
3199 5063 3287 5098 του
3322 5048 3480 5114 λόγου
3510 5053 3850 5118 παρακαλετο
3879 5057 3982 5108 ἐπὶ

2435 5129 2605 5180 ταῦτα
2634 5126 2769 5197 εἶμι.
2804 5132 3206 5198 Κωνσταντίνός
3232 5154 3314 5198 τις
3348 5137 3550 5200 ὕπατος
3579 5145 3980 5212 χειροτονηθεὶς

2436 5215 2546 5286 εἶχε
2585 5220 2681 5286 μὲν
2708 5224 2953 5290 συνήθως
2981 5226 3125 5293 παρά
3155 5228 3244 5278 τὸν
3268 5227 3582 5295 θαυμαστὸν
3604 5231 3788 5284 τοῦτον
3812 5235 3981 5304 ἄνδρα

2433 5310 2587 5377 ἥκειν
2612 5327 2625 5342 ·
2663 5307 2774 5378 εἷχε
2821 5315 2876 5364 δὲ
2908 5316 3035 5382 παρ’
3060 5318 3268 5369 ἐκείνου
3299 5319 3460 5371 πάλιν
3485 5322 3882 5391 άντιδιδὸμενον
3916 5327 3978 5377 τὸ

2434 5402 2549 5460 ταῖς
2595 5400 2759 5453 αὑτοῦ
2796 5402 2979 5469 εὐχαῖς
3014 5406 3279 5473 ἀόργητός
3325 5423 3382 5458 τε
3431 5411 3829 5478 συντηρεῖσθαι,
3883 5415 3978 5465 καὶ

2435 5493 2567 5570 πρὸς
2617 5493 2779 5561 μηδὲν
2819 5493 2926 5561 ἄρα
2993 5495 3100 5545 τῶν
3149 5498 3574 5563 συμπιπτόντων
3627 5502 3977 5570 ἀκροσφαλής

2434 5578 2572 5635 εἶναι
2633 5584 2766 5652 μηδέ
2813 5584 3080 5653 ὀξύχολος.
3118 5581 3282 5648 Οὕτος
3319 5588 3507 5654 ἔμελλέ
3565 5607 3691 5642 ποτε
3720 5596 3851 5661 πρδς
3885 5593 3976 5645 τὸν

2436 5676 2608 5742 μέγαν
2679 5675 2998 5727 Ἶωαννίκιον
3051 5679 3274 5729 ἀνιέναι.
3316 5679 3533 5746 Συμδάν
3560 5681 3616 5733 δὲ
3655 5681 3794 5735 οὕτω
3836 5686 3975 5751 πρὸς

2439 5768 2526 5817 τὶν
2549 5765 2984 5833 ὑπηρετούμενον
3018 5766 3430 5836 ὀξυχολωθῆναι,
3461 5772 3725 5838 ὑπάγεται
3746 5773 3879 5833 ὅλως
3898 5774 3976 5842 τῷ
