4226 6418
222 348 288 404 ττ
1300 328 1482 385 vim
1525 324 1583 384 s.
1628 317 2013 380 JOANNICH
2053 316 2391 375 ABBATIS.
3380 304 3445 363 73

219 448 374 518 ουμῴ
403 446 497 499 καὶ
550 443 737 497 τοῦτον
792 438 1001 510 ἀθρόως
1038 438 1100 505 τῇ
1158 437 1302 506 χειρὶ
1352 434 1600 503 πλήττει.
1644 427 1775 483 Εἶτα
1806 430 1888 483 At

1765 430 2096 493 iArepente
2155 424 2411 477 famulum
2482 419 2739 489 perculit.
2826 419 3031 474 Deinde
3078 433 3200 471 cum
3256 418 3316 469 ad
3380 432 3434 469 σε

217 538 366 591 ὥσπε
378 555 406 607 ρ
432 537 511 598 είς
534 534 727 588 ἑαυτὸν
757 535 785 585 ὀ
826 527 1234 587 Κωνσταντϊνος
1287 524 1473 585 ἐλθὼν,
1508 521 1693 591 ὴνιᾶτό
1720 536 1779 572 τε

222 630 429 697 σφόδρα
467 628 545 680 ὅτι
575 624 747 694 θυμοῦ
780 624 958 693 ἥττων
987 620 1196 688 γέγονε,
1226 616 1319 671 καὶ
1340 616 1413 678 ὡς
1442 608 1587 683 εἶχεν
1620 612 1780 672 εὐθὺς

218 720 293 786 τῷ
331 719 553 788 μεγάλῳ
582 718 755 785 τούτῳ
784 715 961 783 Πατρὶ
999 708 1332 780 προσελθὼν,
1360 703 1693 773 ἀπαγγέλλει
1720 702 1781 755 τὸ

221 812 478 880 πρᾶγμα.
518 808 577 860 '0
599 809 656 861 δὲ
687 804 949 872 ἀνάλογόν
978 820 1036 855 τε
1059 801 1209 870 αὐτῷ
1233 800 1327 853 καὶ
1352 796 1782 863 διεσπουδασμέ-

219 919 317 969 νην
356 901 454 968 τὴν
510 899 828 967 ἐπιτίμησιν
877 895 1130 951 ἐπιτιθεῖ.
1210 892 1321 946 Καὶ
1375 893 1403 945 ὁ
1452 889 1653 951 ὕπατος
1695 881 1782 940 οἷα

223 994 349 1054 παῖς
381 990 531 1060 παρά
590 989 792 1058 πατρὸς
828 986 1006 1040 λαϐὼν
1062 984 1304 1055 ἐντολὴν,
1340 983 1401 1036 τὸ
1444 983 1539 1034 ἀπ’
1569 981 1780 1035 ἐκείνου

221 1085 438 1137 εἴποτε
490 1081 723 1149 συνῆκεν
778 1079 1145 1149 ἐκφερόμενον
1190 1076 1222 1144 ἢ
1275 1076 1539 1145 προσῆκε,
1570 1072 1780 1126 Παῦσαι

222 1177 329 1226 ἀπὸ
382 1174 575 1243 ὀργῆς,
604 1174 783 1241 ἔλεγε,
825 1172 919 1225 καὶ
950 1169 1284 1238 ἐγκατάλιπε
1317 1168 1485 1235 θυμόν
1513 1184 1526 1197 ·
1564 1166 1657 1219 καὶ
1691 1167 1785 1216 αὑ-

221 1270 350 1320 τίκα
378 1269 453 1330 τῷ
487 1260 692 1336 ῥήματι
742 1266 801 1316 τὸ
832 1265 989 1333 ἔργον
1031 1260 1410 1329 ἐπηκολούθει.
1449 1257 1554 1309 Τοῦ
1610 1256 1782 1324 θυμοῦ

222 1376 279 1408 τε
319 1359 427 1424 γὰρ
483 1358 661 1421 ἡρέμα
702 1354 964 1420 ὐπέληγε,
1000 1353 1092 1403 καὶ
1130 1353 1187 1401 ἐν
1236 1348 1415 1416 ἐαυτῷ
1462 1346 1622 1398 πάλιν
1674 1346 1784 1412 ἐγί-

224 1466 362 1500 νετο.
400 1449 589 1515 Τοξμζν
612 1446 701 1499 οῦν
726 1448 803 1506 είς
829 1446 918 1497 τὸν
948 1444 1350 1496 Κωνσταντίνον
1383 1441 1482 1490 ὑπδ
1509 1437 1600 1489 τοῦ
1631 1437 1783 1503 ἁγίου

224 1541 474 1603 γείτονος,
512 1537 753 1587 τοιοῦτον
779 1550 795 1564 ⁸
845 1536 904 1585 τὸ
960 1534 1015 1585 δὲ
1050 1536 1127 1594 είς
1151 1534 1241 1583 τὸν
1279 1531 1470 1583 τούτου
1506 1530 1641 1592 υἱὸν,
1684 1531 1782 1597 ἤδη

225 1631 439 1697 φράσω.
489 1628 708 1694 ’Λνῆλθε
742 1628 831 1676 καὶ
860 1621 1011 1686 οὗτος
1048 1641 1174 1676 ποτε
1225 1623 1374 1691 παρὰ
1403 1623 1494 1673 τὸν
1521 1620 1614 1673 τοῦ
1651 1620 1784 1672 Θεοῦ

230 1720 540 1785 θεράποντα
598 1716 805 1779 τοῦτον,
838 1716 940 1767 ὑπὸ
961 1714 1051 1767 τοῦ
1083 1713 1286 1785 πατρὸς
1335 1712 1499 1764 τοῦτο
1546 1727 1786 1781 προστε-

1886 516 2135 569 rediisset
2172 514 2583 573 Constantinus,
2636 512 2788 563 valde
2843 512 3189 565 cruciabatur
3233 509 3436 565 animo,

1883 606 2025 675 quod
2058 606 2124 659 ab
2162 619 2239 657 ira
2267 604 2460 659 [uisset
2490 613 2794 671 superatus,
2825 610 2879 655 et
2913 604 2976 654 ad
3016 616 3265 668 magnum
3297 600 3440 653 hunc

1884 699 2097 753 Patrem
2153 696 2440 757 secedens,
2510 712 2619 749 rem
2678 697 2724 749 ei
2784 694 3085 748 renuntiat.
3163 694 3253 747 lllc
3304 709 3435 748 vero

1883 792 2078 845 seriam
2108 799 2165 844 et
2194 791 2605 844 convenientem
2660 789 2708 842 ei
2770 788 2930 841 infert
2986 786 3437 855 increpationem.

1879 884 2081 937 Consul
2112 896 2241 937 vero
2269 890 2525 950 tanquam
2554 880 2714 941 lilius,
2746 882 2837 949 qui
2864 895 2892 932 a
2922 890 3072 946 patre
3122 878 3435 930 mandatum

1881 984 2187 1044 acceperat,
2220 975 2287 1027 ab
2317 975 2407 1027 illo
2445 984 2709 1043 tempore,
2734 973 2775 1025 si
2820 970 3037 1039 quando
3075 970 3331 1023 sensisset
3379 982 3438 1021 se

1884 1070 2097 1137 longius
2120 1068 2323 1130 eiIerri,
2345 1082 2506 1134 quam
2533 1064 2911 1124 conveniebat,
2937 1064 3076 1130 apud
3101 1077 3157 1116 se
3189 1061 3436 1114 dicebat:

1884 1160 2045 1215 Cessa
2069 1161 2135 1213 ab
2170 1162 2270 1222 ira,
2298 1170 2353 1213 et
2382 1161 2536 1213 vince
2569 1158 2828 1210 animum.
2888 1157 3190 1223 Statimque
3217 1154 3438 1207 verbum

1886 1266 1973 1305 res
2001 1253 2110 1321 ipsa
2152 1253 2499 1320 sequebatur.
2525 1252 2657 1304 Nam
2686 1260 2739 1302 et
2772 1250 2967 1302 sensim
3001 1248 3067 1299 ab
3123 1247 3199 1299 ira
3256 1246 3437 1305 desiit,

1886 1354 1941 1397 et
2001 1359 2190 1396 rursus
2250 1344 2315 1396 ad
2380 1359 2435 1395 se
2496 1342 2675 1395 rediit.
2733 1343 2906 1409 Atque
2971 1338 3113 1408 quod
3169 1354 3195 1390 a
3255 1344 3443 1389 saneto

1888 1434 2104 1502 quidem
2139 1434 2338 1486 factum
2366 1441 2445 1484 est
2476 1432 2527 1484 in
2588 1430 3034 1489 Constantinum,
3100 1428 3205 1479 l'uit
3260 1428 3447 1494 hujus-

1889 1526 2031 1579 modi
2059 1527 2233 1591 ;qnod
2258 1534 2436 1580 autem
2464 1526 2512 1576 in
2540 1525 2704 1576 lilium
2728 1525 2863 1591 ejus,
2888 1523 2995 1589 jam
3023 1521 3217 1573 dicam.
3246 1519 3445 1572 Ascen-

1888 1618 1966 1671 dit
2002 1620 2044 1670 is
2072 1631 2291 1685 quoque
2326 1614 2618 1683 aliquando
2650 1614 2711 1667 ad
2743 1614 2888 1667 hunc
2921 1613 3011 1665 Uei
3041 1626 3281 1671 servum,
3317 1626 3440 1664 cum

1891 1718 2041 1776 pater
2075 1710 2125 1759 id
2146 1710 2194 1761 ei
2220 1707 2489 1775 jussisset.
2523 1707 2726 1774 Lingua
2753 1715 2934 1759 autem
2990 1705 3039 1758 ei
3091 1705 3327 1763 lababat,
3387 1713 3444 1757 et

228 1812 522 1875 ταγμένος.
559 1806 617 1859 'll
678 1807 899 1873 γλῶσσα
930 1807 985 1858 δὲ
1022 1806 1170 1875 αὐτῷ
1205 1805 1487 1873 σφαλερῶς
1526 1802 1639 1873 εἶχε
1691 1802 1785 1855 καὶ
1820 1779 1858 1832 Β
1892 1800 1897 1852 1

1775 1817 1785 1853 ι
1820 1779 1858 1832 Β
1892 1799 2243 1853 balbutiebat.
2275 1798 2407 1850 Cum
2438 1812 2567 1865 ergo
2605 1812 2725 1849 cum
2752 1806 2939 1849 sancto
2976 1811 3254 1849 sermones
3300 1810 3444 1848 conc

228 1900 644 1969 ὐπετραύλιξεν.
690 1898 905 1967 Ἐπειδὴ
952 1898 1130 1949 τοίνυν
1163 1899 1244 1954 εἰς
1301 1897 1492 1963 λόγους
1527 1896 1667 1947 ἔλθοι
1710 1894 1786 1963 τῷ

233 1991 395 2056 ἁγίῳ,
453 1990 632 2050 συνεὶς
679 1986 885 2049 ἐκεῖνος
935 1986 1284 2055 προσπταίων
1334 1982 1422 2056 ἦν,
1481 1986 1786 2054 προτείνειν

230 2082 451 2131 ἐκέλευε
482 2081 578 2150 τὴν
610 2079 873 2145 γλῶτταν.
904 2078 1070 2130 Τοῦτο
1096 2076 1173 2141 δὲ,
1203 2078 1276 2139 ὡς
1303 2078 1585 2129 ἐκέλευσεν
1632 2095 1789 2144 γεγο-

230 2171 340 2232 νὸς,
371 2173 397 2221 ὁ
422 2170 476 2221 δὲ
515 2172 611 2239 τὴν
644 2170 736 2221 τοῦ
760 2168 1033 2237 τρανῶσαι
1059 2169 1267 2237 ταύτην
1297 2168 1593 2236 δυναμένου
1628 2169 1787 2237 μόνου

230 2260 369 2311 Θεοῦ
407 2260 760 2329 βοησάμενος,
801 2262 917 2326 ἇμα
952 2260 1049 2327 μὲν
1075 2259 1149 2328 τῷ
1178 2259 1445 2328 νεανίσκῳ
1474 2261 1533 2311 το
1558 2260 1790 2326 ὄργανον

229 2350 610 2415 δεῖράνωσεν,
656 2348 770 2415 ἅμα
810 2348 865 2398 δὲ
917 2347 1014 2416 τὴν
1070 2346 1268 2411 ,τούτου
1310 2346 1485 2414 ψυχὴν
1523 2349 1653 2416 πρὸς
1694 2348 1792 2407 τὰς

232 2440 328 2489 τοῦ
380 2438 515 2489 Θεοῦ
556 2440 771 2500 ἐντολὰς
832 2437 1207 2506 ἀκμαιοτέραν
1262 2433 1374 2489 οἷον
1413 2437 1633 2505 ἐποίησε
1700 2440 1793 2490 καὶ

234 2530 396 2598 {ﬂio-1
429 2532 563 2599 αὐτῇ
606 2532 767 2599 ἐνῆκε
793 2529 899 2581 τῶν
933 2530 1171 2597 ἀγαθῶν.

304 2622 436 2674 ΜΓ.
464 2622 625 2673 Ἀλκὰ
652 2623 742 2672 τὸν
774 2622 871 2688 μὲν
898 2622 977 2671 ὃτι
1009 2620 1266 2673 τοιούτων
1311 2617 1378 2689 ἦν
1414 2622 1585 2687 ἄξιος,
1620 2621 1792 2674 τοιού-

235 2733 347 2776 τοις
390 2716 657 2784 ἠμείψατο
682 2732 693 2746 ·
736 2717 941 2785 ἑτέροις
968 2714 1023 2766 δὲ
1054 2715 1145 2765 καὶ
1178 2717 1253 2774 είς
1284 2714 1404 2779 ὄψιν
1447 2713 1615 2781 ἥκων,
1647 2714 1794 2780 ὅμως

230 2810 331 2875 οὐχ
377 2809 585 2873 ἑωρᾶτο
637 2807 766 2875 παρ’
806 2806 1013 2861 αὐτῶν.
1091 2805 1429 2873 ᾩκοδομείτο
1464 2805 1569 2871 γάρ
1623 2820 1704 2864 τις
1737 2807 1794 2855 ἐν

236 2900 314 2966 τῷ
343 2901 459 2968 ὄρει
485 2900 560 2966 τῷ
591 2899 889 2968 Προδρόμῳ
932 2898 1074 2958 ναὸς,
1108 2892 1167 2950 οῦ
1200 2896 1288 2947 τὸν
1322 2896 1435 2964 βίον
1474 2892 1625 2957 οὗτος
1672 2897 1795 2966 ἐζή-

236 2995 354 3044 λου.
391 2992 464 3042 Τὸ
507 2990 561 3042 δὲ
592 2991 689 3059 τῆς
720 2990 1006 3058 οἰκοδομῆς
1051 2989 1236 3058 σχῆμα
1282 2990 1383 3039 ὑπὸ
1427 2989 1517 3040 τοῦ
1556 2991 1793 3059 μεγάλου

237 3086 495 3151 διώριστο
524 3086 630 3141 τοῖς
657 3082 1019 3149 οἰκοδομοῦσι.
1062 3082 1229 3146 Δόξαν
1258 3080 1350 3133 οῦν
1392 3098 1518 3132 ποτε
1549 3081 1627 3149 τῷ
1654 3082 1791 3151 ἁγίῳ
1819 3101 1861 3158 C

241 3177 385 3226 κατὰ
414 3175 541 3227 θέαν
566 3176 662 3241 τῆς
690 3174 978 3241 οἰκοδομῆς
1018 3171 1214 3234 ἐλθεῖν,
1243 3172 1372 3224 ὥστ’
1406 3174 1534 3224 ἰδεῖν
1578 3174 1625 3223 εί
1658 3176 1796 3226 κατά

238 3268 312 3316 τὰ
350 3266 440 3316 ὑπ’
489 3266 695 3316 ἐκείνου
734 3264 1130 3329 διατεταγμένα
1166 3264 1223 3313 τὸ
1280 3262 1439 3330 ἔργον
1484 3264 1794 3331 προϐαίνοι,

239 3358 430 3425 ἐπειδὴ
474 3357 552 3424 τῷ
609 3357 831 3423 τοιούτῳ
862 3357 1116 3424 ἐπισταίη
1175 3358 1346 3423 τόπῳ,
1386 3358 1793 3424 παραϐάλλουσί

238 3464 383 3506 τινες
412 3451 466 3497 ἐν
498 3447 646 3515 αὑτῴ
676 3448 765 3498 καὶ
788 3446 984 3514 ἕτεροι,
1016 3445 1089 3507 ὡς
1116 3446 1183 3497 ἂν
1216 3446 1306 3497 τὸν
1337 3446 1648 3514 θαυμαστὸν
1676 3447 1797 3499 τοῦ-

240 3553 333 3588 τον
388 3537 553 3602 ἄνδρα
607 3536 904 3590 θεάσοιντο,
942 3534 1057 3601 ἅμα
1114 3534 1205 3587 καί
1265 3551 1409 3596 τινος
1464 3538 1592 3600 παρ’
1630 3537 1793 3588 αὑτοῦ

241 3630 341 3695 τῆς
372 3628 585 3695 ὁμιλίας
616 3618 941 3691 ἀξιωθῶσιν.
989 3626 1136 3677 Ἐπεὶ
1163 3621 1254 3677 οὖν
1284 3628 1457 3677 ἐκεῖσε
1499 3624 1648 3689 οὗτος
1680 3645 1736 3679 τε
1768 3628 1796 3679 ὁ

242 3722 343 3786 τὴν
395 3720 629 3787 ἄσκησιν
686 3717 952 3777 νεανικὸς.
989 3719 1234 3768 κακεῖνοι
1266 3717 1571 3784 γεγόνασιν,
1634 3721 1660 3770 ὁ
1700 3720 1796 3786 μὲν

248 3816 380 3882 παρ’
414 3814 593 3873 αὐτοῖς
631 3811 835 3872 ἵστατο,
858 3811 927 3862 τά
958 3810 1054 3879 τῆς
1076 3811 1365 3879 οἰκοδομῆς
1399 3813 1543 3873 ὅπως
1570 3812 1798 3880 προὸαίο

246 3922 326 3956 νοι
353 3905 682 3955 διασκοπῶν.
719 3903 783 3954 Οἱ
812 3902 865 3953 δὲ
890 3904 982 3953 καὶ
1017 3902 1270 3969 ὁρῶντες,
1304 3904 1449 3967 ὅμως
1472 3904 1567 3970 ούχ
1611 3906 1795 3972 ἐώρων

246 3997 433 4047 αὐτόν.
474 3989 604 4044 Εἶτα
638 3994 840 4053 ἐκεῖνος
889 3992 987 4059 μὲν
1017 3992 1114 4060 τὴν
1154 3992 1445 4060 οἰκοδομὴν
1500 3993 1643 4054 ἰδὼν,
1697 3995 1798 4063 τὴν

246 4090 339 4139 ἐπὶ
372 4088 433 4137 τὸ
461 4086 719 4154 σπήλαιον
745 4081 896 4144 αὖθις
925 4085 1164 4152 ἐτράπηο
1192 4086 1239 4135 οί
1266 4085 1321 4137 δὲ
1350 4086 1423 4153 τῷ
1453 4088 1602 4155 τόπῳ
1639 4104 1798 4155 προσ-

243 4182 492 4250 ήδρευον,
531 4178 890 4245 ἀναμένοντες
962 4176 1088 4226 πότε
1138 4176 1278 4243 ἥξοι.
1330 4175 1450 4227 Τῶν
1504 4179 1600 4228 σὺν
1648 4178 1798 4245 αὐτῷ

245 4278 427 4324 τοίνυν
477 4287 557 4332 τις
618 4268 885 4337 μοναχῶν,
932 4265 1203 4339 (Ἰωάννης
1254 4266 1307 4316 δὲ
1364 4284 1516 4328 ουτος
1569 4264 1678 4336 ἦν),
1738 4268 1797 4319 τὸ

251 4365 481 4431 πρᾶγμα
506 4362 685 4425 γνοὺς,
713 4359 948 4426 λυπηρόν
979 4374 1037 4408 τε
1062 4356 1218 4409 τοῦτο
1240 4357 1385 4421 δόξαι
1414 4361 1517 4418 τοῖς
1541 4359 1797 4426 ἀνδράσιν

250 4427 485 4520 ἡγεῖται,
544 4450 637 4501 καί
678 4448 811 4517 προς
845 4449 933 4497 τὸν
982 4447 1165 4511 ᾶγιον,
1203 4448 1275 4499 θὺ
1307 4447 1430 4515 χρὴ,
1469 4451 1620 4515 φησὶ,
1670 4450 1795 4510 τοὺς
1824 4427 1875 4485 D

248 4546 337 4595 δια
373 4544 431 4593 σὲ
462 4540 726 4608 τοσαύτην
765 4538 881 4589 ὁδὸν
925 4539 1177 4606 ἥκοντας,
1213 4537 1481 4599 ἀθεάτους
1519 4539 1798 4590 ἐπανιέναι

252 4637 416 4687 πάλιν
440 4634 536 4701 τῆς
566 4634 665 4698 σῆς
700 4631 896 4699 ἀρετῆς
919 4646 930 4658 ·
989 4628 1227 4698 λυπηρὸν
1276 4624 1421 4691 οἶδας
1454 4631 1514 4681 τὸ
1546 4632 1798 4699 πρᾶγμα,

253 4729 350 4778 καὶ
388 4726 560 4793 μέσης
622 4722 792 4787 αὐτῆς
849 4719 1152 4787 ἀπτόμενον
1206 4719 1304 4787 τῆς
1350 4720 1595 4789 καρδίας.
1649 4721 1706 4772 Ὀ
1745 4721 1801 4773 δὲ

259 4819 411 4882 ἅγιος
479 4814 706 4884 ἐπῄνεσε
744 4812 839 4880 μὲν
886 4811 1125 4870 ἐκείνους
1162 4809 1259 4879 τῆς
1293 4815 1682 4880 προαιρέσεως,
1712 4813 1805 4863 καὶ

255 4905 601 4975 ὑπερηύξατο
630 4903 826 4966 αὐτῶν,
876 4902 1011 4970 πρὸς
1051 4901 1109 4953 δὲ
1144 4902 1233 4954 τὸν
1272 4902 1504 4969 μοναχὸν
1550 4905 1807 4973 ἐπιστραο

256 4999 401 5065 φεὶς,
448 4996 566 5054 Πῶς
597 4994 661 5046 ἂν
696 4994 723 5045 ὖ
755 4992 829 5061 μὴ
884 4992 962 5061 τῷ
991 4992 1109 5061 θεῷ
1137 4992 1324 5044 δοκοῦν
1378 4993 1466 5058 ὑφ’
1504 4993 1660 5061 ἡμῶν
1714 4995 1807 5060 γέ-

256 5099 434 5144 νοιτο;
470 5080 642 5134 εἶπεν.
703 5079 846 5145 Ἐγὼ
883 5081 979 5148 μὲν
1031 5080 1140 5149 γὰρ
1185 5082 1241 5131 ἐν
1277 5081 1423 5149 μέσῳ
1457 5082 1563 5131 τῶν
1607 5082 1809 5149 ὀφθαλ-

261 5177 377 5246 μῶν
408 5176 629 5227 ἐκείνων
660 5172 1135 5241 ἀπαρακαλύπτως
1180 5169 1245 5241 ἦν
1303 5173 1567 5243 ἑστηκὼς,
1599 5177 1647 5226 οἱ
1679 5177 1731 5227 δὲ
1760 5177 1807 5225 εί

258 5274 353 5323 καί
386 5270 514 5321 Θεὸν
563 5264 706 5333 εἶχον
740 5265 1175 5328 συνευδοκοῦντα,
1211 5268 1422 5327 παντως
1470 5270 1532 5320 ἄν
1590 5287 1654 5336 με
1718 5272 1809 5322 γαὶ

260 5360 741 5426 ῦποκρυπτὸμενον
768 5353 928 5408 εἶδον.
966 5355 1146 5409 Ταίτα
1179 5357 1249 5416 ὡ;
1286 5361 1434 5426 παρά
1468 5358 1559 5409 τοῦ
1591 5360 1746 5426 ἁγίου
1779 5364 1806 5413 ὸ

261 5450 489 5520 μοναχὺς
516 5450 733 5516 ἢκουσε,
754 5448 865 5507 τοῖς
892 5446 1113 5514 ἀνδράσι
1144 5447 1358 5515 μηνύει,
1388 5451 1435 5500 οἱ
1462 5449 1514 5499 δὲ
1546 5452 1805 5519 ἀναστρέ-

260 5556 421 5609 ῳουσι
478 5537 640 5605 μηδὲν
699 5536 1159 5603 δνσχεραίνοντες.
1223 5538 1329 5589 Καὶ
1394 5540 1549 5590 τοῦτο
1586 5542 1683 5607 μὲν
1742 5543 1804 5609 δὴ

257 5629 519 5689 τοιοῦτον,
554 5628 665 5679 αλλ’
697 5628 874 5679 ἐκεῖνὸ
902 5643 961 5693 γε
993 5628 1107 5690 πῶς
1136 5628 1195 5679 ού
1226 5630 1526 5699 διηγητέονς

1893 1893 2123 1954 tulisset,
2154 1889 2457 1957 intelligens
2480 1889 2589 1949 ille,
2629 1888 2771 1955 quod
2806 1888 2858 1939 in
2900 1887 3130 1939 dicendo
3163 1886 3441 1947 titubaret,

1883 1988 2110 2057 jussitei
2144 1984 2378 2053 linguam
2413 1984 2707 2051 porrigrre.
2740 1981 2850 2033 Hoc
2877 1991 3057 2033 autem
3092 1981 3289 2032 factum
3343 1979 3445 2031 fuit

1890 2074 2499 2141 sicutjussit.lllevero
2557 2071 2841 2137 implorato
2910 2070 3109 2121 auxilio
3150 2072 3290 2138 ejus,
3351 2070 3444 2137 qui

1892 2174 2068 2235 potest
2094 2165 2269 2218 facere
2303 2172 2359 2215 ut
2384 2173 2572 2231 aperte
2606 2171 2659 2216 et
2689 2163 2947 2215 distincte
2979 2164 3253 2229 loquatur,
3284 2162 3447 2216 simul

1891 2258 2113 2326 quidem
2140 2256 2321 2310 eﬂecit
2351 2265 2408 2309 ut
2438 2256 2772 2309 adolescenti
2804 2270 2946 2309 esset
3002 2256 3199 2324 lingure
3235 2256 3438 2308 instru-

1893 2358 2135 2403 mentum
2170 2358 2476 2416 promptum
2509 2356 2564 2401 et
2612 2347 2945 2415 expeditum,
2992 2357 3045 2399 et
3094 2346 3276 2399 eil'ceit
3328 2348 3447 2416 ejus

1893 2440 2125 2493 animam
2157 2439 2220 2491 ad
2253 2440 2345 2492 Dei
2399 2439 2742 2506 exsequenda
2799 2453 3063 2505 praecepta
3104 2438 3444 2500 vividiorem,

1893 2544 1947 2587 et
1974 2535 2021 2586 ei
2052 2533 2275 2585 immisit
2304 2532 2565 2583 bonorum
2592 2530 3012 2584 aemulationem.

1965 2623 2276 2676 Μωδεά
2330 2638 2453 2675 eum
2504 2622 2745 2688 quidem,
2811 2621 2951 2689 quod
3030 2622 3227 2675 talibus
3308 2632 3452 2676 esset

1895 2716 2109 2783 dignus,
2137 2714 2336 2766 talibus
2375 2723 2457 2766 est
2482 2724 2894 2767 remuneratus:
2928 2713 2977 2764 in
3009 2713 3235 2765 aliorum
3266 2728 3449 2768 autem

1896 2822 2020 2860 cum
2052 2807 2284 2859 venisset
2313 2814 2683 2871 conspectum,
2715 2806 2781 2857 ab
2809 2806 2888 2859 eis
2916 2815 3092 2858 tamen
3121 2822 3225 2858 non
3256 2822 3449 2861 cerne-

1898 2899 2077 2952 batur.
2110 2897 2502 2951 [Editicahatur
2544 2898 2687 2951 enim
2740 2900 2792 2950 in
2850 2908 3031 2951 monte
3095 2898 3343 2965 Baptism
3396 2908 3455 2953 et

1897 2986 2517 3054 Przecursoriqnoddam
2574 2990 2859 3056 templum,
2923 2990 3082 3056 cujus
3140 2992 3303 3043 vitam
3358 2992 3451 3045 hic

1895 3078 2269 3130 aemulabatur.
2300 3077 2489 3130 Forma
2518 3088 2699 3131 autem
2736 3078 2948 3132 aedilicii
2983 3096 3010 3131 a
3040 3098 3231 3148 magno
3281 3082 3447 3135 Joan-

1899 3168 2042 3222 nicio
2073 3167 2545 3235 fueratdescripta
2622 3170 2707 3229 iis,
2754 3169 2847 3236 qui
2906 3170 3262 3225 mdilicabant.
3314 3171 3449 3227 Cum

1895 3276 2025 3328 ergo
2054 3270 2241 3312 sancto
2273 3259 2444 3311 visum
2480 3269 2623 3312 esset
2647 3259 2935 3326 aliquando
2962 3262 3147 3313 venire
3191 3262 3254 3314 ad
3310 3278 3441 3315 con-

1899 3356 2265 3422 templandum
2301 3353 2608 3414 miliﬁcium,
2645 3363 2702 3404 ut
2734 3352 2943 3405 videret
2972 3366 3036 3405 an
3068 3369 3203 3421 Opus
3261 3370 3452 3421 proce-

1897 3446 2069 3504 deret,
2104 3454 2162 3497 ut
2227 3444 2579 3497 constituerat
2632 3458 2799 3496 :cum
2854 3445 2919 3496 ad
2975 3460 3097 3496 eum
3156 3446 3330 3498 locum
3360 3464 3452 3500 ve-

1898 3541 2087 3598 uisset,
2121 3536 2419 3589 aceccdunt
2448 3537 2609 3587 etiam
2657 3533 2721 3585 ad
2779 3549 2903 3586 eum
2940 3535 3157 3601 quidam
3215 3538 3326 3595 alii,
3391 3547 3451 3591 ut

1898 3632 2073 3683 virum
2130 3628 2505 3682 admirabilem
2565 3626 2722 3677 simul
2754 3635 2808 3677 et
2854 3625 3121 3689 viderent,
3176 3636 3231 3679 et
3269 3628 3452 3696 aliquo

1898 3725 2014 3792 ejus
2058 3735 2303 3775 sermone
2334 3719 2660 3771 fruerentur.
2698 3716 2831 3769 Cum
2856 3731 2983 3780 ergo
3031 3717 3157 3771 illuc
3216 3721 3444 3773 venisse-

1898 3812 2231 3869 Joannicius,
2260 3811 2349 3878 qui
2382 3810 2608 3879 juvenili
2634 3818 2750 3861 erat
2805 3812 3218 3873 exercitatione,
3267 3820 3322 3863 et
3374 3812 3447 3865 ill.

1900 3904 2063 3957 etiam
2108 3905 2403 3964 venissent,
2448 3904 2535 3955 ille
2576 3902 2794 3969 quidem
2845 3908 3018 3956 stabat
3065 3904 3216 3970 juxta
3282 3905 3450 3969 ipsos,

1899 3994 2249 4047 considerans
2321 3996 2592 4062 quomodo
2639 3997 3295 4064 procederetmdiﬁcium.
3342 3996 3422 4049 Illi

1898 4099 2027 4135 vero
2071 4083 2313 4137 videntes
2349 4101 2493 4143 cum,
2549 4096 2725 4138 tamen
2762 4102 2866 4138 non
2916 4086 3191 4139 videbant.
3247 4086 3451 4139 Deinde

1901 4177 1991 4228 ille
2022 4176 2238 4243 quidem
2275 4192 2395 4228 cum
2429 4178 2651 4229 vidisset
2679 4177 2985 4236 aedilicium,
3023 4194 3209 4232 rursus
3227 4193 3456 4231 conver-

1900 4278 1992 4315 sus
2014 4273 2097 4315 est
2128 4263 2191 4314 ad
2223 4264 2560 4330 speluncam.
2587 4265 2666 4318 llli
2696 4276 2874 4317 autem
2901 4266 2951 4319 in
2977 4267 3097 4320 loco
3120 4268 3449 4321 assidebaat.

1900 4362 2274 4419 exspectantes
2295 4355 2511 4422 quando
2542 4364 2687 4411 esset
2717 4366 2997 4412 venturus.
3031 4359 3258 4423 Quidam
3323 4373 3452 4426 (rgo

1901 4448 2074 4507 exiis,
2133 4450 2223 4517 qui
2276 4459 2428 4503 erant
2477 4467 2599 4504 cum
2635 4453 2771 4520 ipso,
2828 4454 3107 4507 monachis
3139 4456 3220 4521 (is
3268 4468 3451 4509 autem

1902 4538 2303 4609 eratJoannes)
2341 4556 2463 4593 cum
2496 4558 2609 4595 rem
2639 4545 2998 4611 cognovisset,
3036 4548 3308 4599 existimat
3350 4547 3453 4600 hoc

1902 4634 1981 4688 eis
2018 4632 2192 4684 visum
2246 4647 2363 4685 esse
2422 4634 2725 4694 molestum,
2762 4645 2816 4687 et
2865 4646 3053 4690 sancto
3112 4637 3291 4690 dicit:
3334 4639 3450 4696 Non

1902 4732 2115 4792 oportet
2147 4738 2239 4775 eos
2276 4724 2364 4790 qui
2424 4734 2648 4792 propter
2703 4735 2752 4777 te
2786 4736 2989 4779 tantum
3045 4728 3147 4780 iter
3201 4731 3453 4785 confeceo

1905 4822 2053 4874 runt,
2078 4814 2276 4866 reverti
2302 4824 2389 4865 tua
2414 4830 2521 4867 non
2567 4826 2855 4883 conspecta
2903 4821 3125 4870 virtute.
3165 4820 3281 4872 Scis
3337 4836 3451 4877 rem

1904 4921 2022 4960 esse
2051 4908 2349 4968 molestam,
2390 4917 2442 4961 et
2469 4926 2583 4976 quae
2610 4926 2701 4961 cor
2745 4911 2918 4977 ipsum
2979 4913 3146 4979 tangit
3193 4916 3453 4976 medium.

1908 4997 2136 5051 Sanctus
2164 5014 2293 5051 vero
2329 5000 2567 5051 laudavit
2610 5001 2829 5067 quidem
2862 5002 3093 5053 illloruin
3128 4986 3453 5067 institutum,

1907 5100 1959 5144 et
1987 5107 2083 5158 pro
2114 5092 2193 5145 eis
2217 5103 2293 5144 est
2319 5103 2569 5159 precatus
2607 5109 2617 5143 :
2656 5108 2950 5147 conversus
2974 5106 3154 5147 autem
3178 5096 3242 5147 ad
3270 5112 3458 5149 11101139

1910 5182 2069 5234 chum
2105 5199 2116 5232 :
2154 5183 2432 5246 Quomodo
2459 5200 2484 5233 a
2515 5185 2689 5245 nobis,
2722 5186 2914 5253 inquit,
2947 5184 3059 5238 fieri
3096 5190 3285 5254 possit,
3310 5187 3457 5256 quod

1914 5276 2020 5327 Deo
2066 5291 2170 5327 non
2219 5275 2481 5328 videtur?
2515 5276 2646 5328 Nam
2708 5291 2808 5343 ego
2854 5278 3070 5344 quidem
3107 5284 3310 5333 stabam
3345 5282 3459 5335 sine

1916 5368 2025 5419 ullo
2063 5375 2372 5435 legumento
2404 5368 2453 5417 in
2500 5366 2678 5419 medio
2723 5369 3003 5422 oculorum
3058 5371 3320 5426 illorum:
3382 5373 3459 5428 illi

1912 5468 2111 5519 autem,
2144 5459 2186 5511 si
2216 5459 2325 5511 Deo
2359 5458 2407 5510 id
2446 5459 2515 5511 ita
2544 5460 2715 5511 visum
2741 5471 2907 5521 esset,
2964 5476 3048 5515 me
3105 5464 3332 5517 omnino
3380 5466 3464 5518 vi-

1914 5551 2141 5614 dissent,
2168 5550 2378 5605 etiamsi
2409 5565 2491 5602 me
2526 5550 2951 5604 abscondissem.
2977 5553 3264 5623 Postquam
3292 5557 3405 5611 bac
3431 5573 3461 5617 δ

1914 5652 2101 5695 sancto
2180 5642 2386 5695 audivit
2420 5644 2737 5705 monachus,
2760 5644 2840 5697 eis
2867 5644 3149 5712 significat.
3200 5648 3275 5700 Illi
3334 5666 3462 5705 vero

259 5729 632 5780 rcVCﬂUMUF.
669 5719 801 5771 “ill”
851 5734 988 5788 338"!
1020 5719 1273 5773 Γοτοιιιθδ.
1332 5721 1392 5773 Et
1447 5724 1546 5776 hoc
1578 5727 1792 5792 quidem
1835 5747 1915 5786 est
1962 5733 2248 5799 ejusmodi.
2306 5733 2407 5785 Sed
2473 5732 2603 5785 illud
2649 5735 2865 5801 quidem
2919 5738 3190 5803 quomodo
3256 5756 3463 5795 nonest

268 5810 602 5866 narrandum
632 5810 652 5857 ?
