4226 6418
771 383 838 440 83
1976 385 2251 445 ΜΕΝΒίΞ
2293 387 2728 447 ΝΟΥΕἏΒΕΗ.
3895 381 3971 446 84

772 494 1026 564 μνωόίςω
1087 493 1326 555 fuerunt,
1362 499 1418 545 et
1472 508 1632 562 quam
1689 495 1916 548 maxime
1945 507 2312 563 perscrutans,
2347 500 2390 552 Α
2422 512 2441 544 τ

2303 547 2312 557 ,
2347 500 2390 552 Α
2422 497 2898 564 προηγορευμένα,
2935 498 3024 547 καὶ
3057 497 3129 555 ὡς
3171 497 3247 546 ενι
3307 497 3538 564 μάλιστα
3573 498 3967 566 πολυπραγμο-

771 601 835 638 ea
867 598 1138 652 nunquam
1189 583 1462 640 invenerit
1517 585 1781 640 excidisse
1815 603 1841 640 a
1900 587 2142 640 veritate.
2181 588 2313 641 Nam

770 690 893 729 cum
925 674 1214 743 aliquando
1245 675 1352 729 duo
1391 677 1550 730 simul
1603 678 1877 732 venissent
1931 680 1981 731 in
2016 679 2317 732 domuncu-

771 765 898 826 lam,
922 766 973 818 in
1003 781 1106 832 qua
1129 766 1216 818 ille
1249 777 1387 826 erat,
1417 776 1473 819 ut
1499 783 1750 837 magnum
1782 769 2130 823 convenirent
2161 771 2316 823 Joan-

775 858 978 910 nicium
1038 857 1265 925 (Petrus
1309 866 1362 910 et
1414 859 1564 912 Plato
1613 872 1768 914 erant
1820 875 2006 913 eorum
2040 863 2312 927 nomina),

771 957 1053 1016 postquam
1092 948 1177 1001 ille
1199 963 1292 1002 eos
1317 948 1447 1004 satis
1480 950 1731 1003 instruxit
1766 951 1832 1004 ad
1869 952 2144 1012 virtutem,
2173 953 2311 1004 alter

773 1038 980 1105 rogavit
1041 1046 1310 1098 sanctum,
1359 1048 1418 1092 ut
1468 1040 1534 1092 ad
1580 1041 1754 1107 ipsum
1815 1042 2025 1095 veniret
2087 1042 2315 1112 singulis

773 1128 952 1187 annis,
980 1137 1032 1180 et
1062 1130 1178 1196 ejus
1201 1141 1475 1197 aspectum
1499 1130 1694 1199 dignus
1733 1141 1874 1185 esset
1895 1135 1984 1201 qui
2018 1149 2317 1203 conseque-

773 1224 940 1277 retur,
972 1225 1023 1269 et
1059 1213 1168 1278 illo,
1197 1217 1287 1283 qui
1327 1215 1444 1269 fluit
1472 1219 1640 1272 instar
1671 1220 1862 1281 mellis,
1899 1220 2172 1274 frueretur
2198 1237 2310 1274 ser-

775 1319 952 1358 mone.
1030 1306 1118 1359 Ille
1195 1314 1401 1372 autem,
1461 1309 1550 1361 De
1609 1319 1824 1370 cmtero,
1866 1308 2062 1377 lnquit,
2104 1311 2315 1364 etiamsi

773 1395 956 1458 velles,
988 1411 1097 1448 non
1130 1411 1214 1449 me
1242 1397 1451 1450 videbis
1504 1398 1756 1466 amplius.
1799 1398 1849 1452 ls
1908 1415 2038 1470 ergo
2087 1403 2227 1469 apud
2261 1416 2317 1455 se

773 1485 1075 1546 dubitabat,
1120 1488 1377 1556 quidnam
1437 1489 1697 1553 obstaret,
1752 1492 2041 1560 quominus
2081 1493 2146 1546 ad
2197 1509 2319 1546 san-

774 1585 921 1629 ctum
961 1579 1298 1638 ascenderet,
1329 1588 1382 1633 et
1412 1581 1783 1645 considerans,
1819 1583 1951 1636 nihil
1987 1585 2316 1650 inveniebat,

781 1665 918 1732 quod
952 1666 1015 1718 ad
1054 1666 1204 1720 illum
1263 1668 1496 1721 adventu
1547 1679 1891 1737 reputaretur
1943 1672 2312 1740 praestantius.

774 1747 890 1807 Non
919 1756 1089 1808 multo
1122 1765 1240 1823 post
1291 1767 1468 1811 autem
1511 1759 1727 1826 quidam
1759 1759 1825 1813 ad
1881 1777 2004 1815 eum
2052 1763 2315 1816 ascende.

775 1854 919 1897 runt.
955 1843 1150 1898 Volens
1169 1862 1296 1915 ergo
1327 1850 1436 1916 ipse
1472 1865 1684 1918 quoque
1715 1866 1837 1902 cum
1881 1852 1961 1904 eis
1996 1852 2312 1915 ascendere,

771 1935 1025 2000 quoniam
1062 1935 1146 1988 ille
1187 1937 1404 2004 quidem
1439 1939 1684 2006 pedibus,
1721 1940 1794 1992 illi
1830 1951 2009 1993 autem
2031 1942 2186 2010 equis
2213 1942 2314 1994 iter

776 2026 1237 2092 ingrediebantur,
1313 2028 1558 2083 defessus
1641 2030 1857 2084 domum
1936 2031 2116 2084 rediit.
2178 2032 2314 2085 Hinc

776 2119 974 2170 factum
1002 2127 1104 2178 est,
1141 2126 1198 2168 ut
1223 2118 1457 2184 graviter
1484 2121 1661 2180 animo
1695 2130 2004 2188 angeretur,
2058 2120 2201 2188 quod
2260 2122 2310 2174 ei

775 2211 1076 2275 accidiSset,
1108 2220 1165 2263 ut
1194 2211 1549 2266 frustraretur
1601 2215 1898 2284 proposilo.
1952 2215 2085 2269 Cum
2130 2217 2311 2284 itaque

775 2317 882 2356 non
925 2304 1094 2354 multo
1141 2311 1260 2369 post
1291 2304 1354 2356 ad
1381 2319 1438 2358 se
1467 2306 1732 2364 rediisset.
1761 2320 1950 2360 rursus
1973 2316 2199 2361 conatus
2229 2317 2312 2361 est

775 2394 841 2447 ad
869 2410 989 2446 eum
1050 2395 1357 2454 ascendere,
1393 2408 1448 2448 et
1481 2411 1667 2450 rursus
1720 2397 1820 2450 fuit
1883 2399 2189 2465 prohibitus
2245 2400 2312 2454 ab

775 2484 1258 2539 ascensu.Deinde
1317 2500 1438 2539 eum
1503 2499 1664 2552 saepe,
1711 2487 1841 2539 alias
1867 2488 1968 2540 alia
2041 2489 2311 2542 incidente

775 2572 1108 2638 difficultate,
1145 2589 1200 2628 se
1237 2578 1506 2642 repulsum
1530 2590 1648 2629 esse
1671 2579 2024 2645 cognovisset,
2051 2586 2104 2630 et
2127 2593 2310 2631 recor-

775 2663 933 2718 datus
961 2676 1101 2718 esset
1136 2681 1344 2726 eorutn,
1397 2681 1513 2734 quae
1555 2681 1582 2718 a
1616 2677 1802 2720 saneto
1827 2667 1875 2720 ei
1904 2666 2044 2719 dicta
2075 2666 2309 2727 fuerant.

779 2753 974 2806 mansit
1005 2753 1144 2821 apud
1195 2767 1274 2814 se.
1307 2769 1417 2807 rem
1459 2755 1735 2810 ascribens
1781 2755 2082 2813 Joannicio.
2129 2756 2308 2810 divina

774 2844 1004 2908 quadam
1052 2844 1411 2912 providentia,
1451 2845 1514 2898 ad
1550 2847 1830 2900 utilitatem
1881 2848 2061 2902 omnia
2093 2848 2312 2916 dispen-

775 2943 946 2985 tante.

845 3021 1006 3074 XLIX
1057 3023 1359 3091 Aliquando
1379 3039 1566 3076 rursus
1589 3023 1679 3092 qui
1703 3027 1845 3078 omni
1873 3040 1939 3078 ex
1964 3035 2111 3090 parte
2134 3025 2309 3079 bonus

2417 585 2520 636 νῶν)
2580 587 2678 637 οὐκ
2729 588 2793 638 ἄν
2834 603 2961 637 ποτε
3015 585 3280 652 σφαλέντα
3327 585 3477 656 εὖροι
3533 586 3630 654 τῆς
3686 586 3965 655 ἀληθείας.

2430 677 2623 727 Ἔνίοτε
2655 677 2761 744 γὰρ
2816 675 2908 727 δύο
2931 677 3069 727 κατά
3109 676 3298 728 ταυτὸν
3337 675 3484 744 παρά
3529 675 3589 727 τὸ
3629 676 3899 744 δωμάτιον
3939 675 3972 728 δ

2416 766 2602 817 τοῦτον
2634 764 2780 836 εἶχεν
2814 768 3096 831 ἐλθόντων,
3131 768 3215 833 ἐφ’
3241 760 3285 833 ᾧ
3310 768 3388 834 τῷ
3414 767 3631 834 μεγάλῳ
3665 767 3967 836 διεντυχεῖν

2417 859 2644 926 (Πέτρος
2677 860 2766 910 καὶ
2793 859 3014 910 Πλάτων
3040 854 3106 926 ἦν
3131 859 3310 919 αὐτοῖς
3339 859 3621 927 ὀνόματα),
3650 858 3774 911 ἐπεὶ
3814 860 3966 910 ἐκεῖο

2417 970 2502 1014 νος
2541 951 2738 1012 ἱκανῶς
2769 953 2951 1020 ἤλειφε
2997 955 3219 1013 τούτους
3269 951 3400 1022 πρὸς
3441 952 3660 1020 ἀρετὴν,
3712 952 3739 1002 6
3769 952 3963 1019 ἔτερος

2417 1043 2580 1094 ἐδεῖτο
2617 1041 2708 1094 τοῦ
2762 1043 2938 1108 ἁγίου,
2977 1043 3105 1111 παρ’
3138 1043 3302 1094 αὐτόν
3341 1060 3400 1095 τε
3449 1045 3528 1103 εἰς
3561 1042 3791 1094 ἕκαστον
3844 1042 3969 1104 ho;

2415 1135 2572 1203 ἥκειν
2609 1133 2708 1202 τῆς
2757 1134 2948 1185 ἐαυτοῦ
2995 1151 3059 1185 τε
3111 1134 3234 1194 θέας
3275 1132 3576 1196 ἀξιοῦσθαι,
3615 1135 3707 1185 καὶ
3749 1131 3970 1200 ὁμιλίας

2417 1227 2625 1293 ἐκείνης
2648 1227 2744 1294 τῆς
2770 1226 3189 1295 παραρῤεὺσης
3221 1242 3274 1275 τι
3306 1225 3396 1276 καὶ
3418 1225 3630 1292 μέλιτος
3649 1223 3966 1278 ἀπολαϐεῖν.

2429 1311 2485 1364 '0
2519 1313 2595 1372 δὲ,
2621 1313 2732 1365 Οὔκ
2760 1313 2837 1364 ἐτι
2870 1331 2933 1379 με
2967 1313 3027 1364 τὸ
3055 1314 3158 1364 ἀπὸ
3186 1312 3369 1375 τοῦδε,
3401 1314 3554 1380 φησὶ,
3590 1315 3684 1365 καὶ
3709 1312 3987 1380 βουλόμσο,

2416 1415 2504 1458 νος
2544 1399 2680 1465 “at.
2725 1402 3045 1468 Διηπορεῖτο
3097 1396 3189 1451 οὖν
3245 1397 3366 1451 καθ’
3394 1400 3581 1451 ἐαυτὸν
3619 1403 3646 1451 6
3680 1400 3837 1466 ἀνὴρ,
3889 1398 3970 1460 ὡς

2418 1490 2468 1540 τί
2502 1489 2606 1558 ἄρα
2642 1489 2788 1542 ἔσται
2826 1490 2886 1541 τὸ
2931 1491 3155 1553 γαθέξον
3183 1491 3340 1542 αὑτὸν
3380 1490 3452 1558 μὴ
3497 1489 3645 1556 παρά
3675 1489 3764 1540 τὸν
3810 1489 3967 1555 ἇγιον

2419 1578 2642 1641 ἀνιέναι,
2679 1579 2773 1630 καὶ
2816 1580 3284 1647 διασκοπούμενος
3334 1579 3453 1630 οὐδὲ
3490 1579 3546 1630 ἓν
3610 1575 3886 1645 εὕρισκεν,
3936 1575 3966 1626 δ

2416 1668 2512 1734 τῆς
2547 1667 2621 1730 ὡς
2649 1669 2854 1719 ἐκεῖνον
2891 1668 3123 1733 ἀφίξεως
3167 1668 3561 1738 προτιμότερον
3607 1666 3753 1735 αὐτῷ
3803 1668 3966 1731 λογι-

2420 1758 2591 1826 σθείη.
2633 1760 2706 1810 Οὐ
2737 1758 2914 1826 παλλῷ
2965 1761 3020 1812 δὲ
3084 1760 3309 1827 ὕστερον
3353 1759 3586 1828 ἀνῄεσάν
3635 1776 3774 1822 τινες
3827 1759 3965 1828 πρὸς

2413 1847 2594 1898 αὐτόν.
2643 1848 2995 1900 Συνανελθεῖν
3037 1844 3129 1900 οῦν
3163 1849 3345 1909 αὐτοῖς
3394 1849 3487 1900 καὶ
3524 1841 3678 1910 οὗτος
3739 1849 3962 1910 ἐθέλων,

2411 1937 2532 1989 ἐπεὶ
2564 1937 2627 1991 τά
2655 1940 2750 2007 μὲν
2778 1940 2840 1991 ἐκ
2867 1938 3042 2002 ποδὸς,
3069 1940 3178 2000 τοῖς
3203 1939 3258 1990 δὲ
3281 1939 3347 1990 δι’
3373 1938 3554 1989 ἵππων
3583 1934 3651 2007 ἦν
3680 1939 3713 2007 η
3739 1939 3959 2007 πορεία,

2412 2028 2797 2095 ἀπαγορεύσας
2847 2029 3174 2098 ἀνέστρεφεν
3221 2029 3379 2083 οίκοι.
3433 2027 3717 2080 Ἐντεῦθεν
3772 2028 3960 2089 δεινῶς

2412 2117 2712 2188 ἐπληροῦτο
2771 2118 3026 2186 ἀθυμίας,
3083 2120 3164 2171 ὅτι
3206 2135 3310 2188 περ
3342 2121 3607 2188 ἁμαρτεῖν
3654 2119 3804 2187 αὖτῷ
3857 2121 3961 2189 τῆς

2411 2209 2719 2277 προθέσεως
2743 2210 2962 2279 συνέϐη.
2996 2211 3129 2263 Μετ’
3168 2211 3226 2261 οὗ
3273 2212 3408 2264 πολὺ
3451 2210 3583 2277 γοῦν
3622 2209 3956 2277 ἀνενεγκὼν,

2412 2301 2572 2353 πάλιν
2620 2301 2860 2353 ἀνελθεῖν
2925 2302 3216 2370 ἐπεχείρει,
3255 2303 3345 2354 καὶ
3400 2302 3560 2355 πάλιν
3591 2305 3804 2370 εἴργετο
3858 2305 3962 2371 τῆς

2411 2391 2619 2444 ἀνόδου.
2652 2388 2782 2444 Εἶτα
2825 2391 2899 2454 ὡς
2935 2392 3192 2454 πολλάκις
3223 2393 3409 2445 ἄλλοτε
3449 2393 3611 2461 ἄλλης
3641 2391 3963 2462 δυσχερείας

2409 2482 2888 2553 παραπιπτούσης,
2919 2486 3356 2554 ἀποκρουόμενος
3408 2486 3569 2551 ἔγνω,
3606 2487 3685 2546 είς
3739 2487 3964 2553 μνήμην

2408 2589 2467 2626 τε
2499 2573 2606 2624 τῶν
2635 2574 2737 2625 ὑπὸ
2768 2573 2860 2624 τοῦ
2896 2574 3049 2640 ἁγίου
3081 2574 3374 2642 λεχθέντων
3401 2569 3581 2642 ἦλθεν,
3625 2575 3806 2641 ἐμεινε
3839 2571 3960 2625 καθ’

2412 2663 2622 2726 ἑαυτὸν,
2643 2663 2760 2729 Θεῷ
2793 2664 2885 2717 καὶ
2917 2666 3225 2734 Ἰωαννικίῳ
3254 2666 3319 2717 τά
3352 2666 3445 2717 τοῦ
3469 2667 3788 2735 πράγματος
3826 2669 3960 2720 ava-

2408 2755 2597 2816 τιθεὶς,
2629 2754 2851 2822 προνοίᾳ
2879 2757 2986 2807 τινὶ
3007 2756 3250 2826 θειοτέρα
3282 2757 3461 2808 πάντα
3488 2758 3620 2826 πρὸς
3651 2757 3709 2808 τὸ
3747 2756 3958 2826 συμφέ-

2413 2859 2505 2914 ρον
2535 2845 2930 2913 οἰκονομοῦντι.

2479 3019 2616 3073 ΜΘ’.
2673 3021 2805 3072 Ποτέ
2861 3021 3018 3074 πάλιν
3065 3026 3092 3074 6
3144 3025 3318 3076 πάντα
3368 3025 3601 3093 χρηστὸς
3633 3025 3958 3087 Ἰωαννίκιος

773 3111 1246 3175 eratJoannicius,
1273 3127 1393 3164 cum
1430 3121 1573 3165 esset
1615 3113 1668 3165 in
1719 3113 1852 3177 otio,
1905 3122 1960 3166 et
2018 3129 2074 3166 se
2139 3123 2306 3167 totum
2335 3109 2435 3188 Cl

2285 3129 2306 3165 η
2335 3128 2379 3188 C
2412 3109 2501 3161 ἐπὶ
2529 3111 2721 3180 σχολῆς
2749 3110 2844 3173 ὢν,
2881 3113 2971 3163 καὶ
3001 3114 3120 3165 ὅλον
3166 3115 3354 3166 ἑαυτὸν
3399 3119 3462 3183 τῇ
3495 3119 3762 3186 προσευχῇ
3788 3116 3954 3168 δεδω-

774 3201 1011 3254 dedisset
1042 3202 1289 3264 orationi,
1321 3203 1449 3254 dixit
1472 3217 1527 3255 se
1554 3203 1732 3256 videre
1754 3204 2039 3272 quemdam
2063 3205 2306 3266 Petrum,

774 3292 864 3359 qui
901 3293 1189 3345 tollebatur
1236 3293 1286 3344 in
1351 3294 1534 3354 cmlos,
1595 3303 1647 3346 et
1697 3291 2086 3348 circumdatum
2141 3297 2308 3363 gloria

775 3383 1007 3450 quadam
1034 3393 1087 3435 et
1117 3386 1235 3437 luce
1260 3385 1540 3439 ineffabili.
1585 3385 1661 3438 llli
1699 3395 1875 3438 autetn
1933 3387 2089 3440 Petro
2139 3388 2311 3441 fuerat

775 3478 1060 3531 rommissa
1113 3475 1427 3543 prtefectura
1483 3475 1760 3543 cujusdam
1819 3477 2152 3529 monasterii.
2214 3478 2310 3530 Illo

778 3581 906 3621 vero
939 3576 1199 3634 tempore,
1261 3578 1370 3632 quo
1399 3567 1482 3617 vir
1524 3565 1855 3618 admirabilis
1905 3566 2154 3636 dignatus
2213 3568 2312 3620 fuit

776 3657 878 3710 hac
929 3655 1400 3723 contemplatione,
1455 3654 1677 3724 contigit
1729 3664 1786 3708 ut
1818 3656 1909 3709 isa
1945 3671 2169 3723 corpore
2197 3658 2310 3710 dis-

770 3749 1010 3816 junctus,
1043 3746 1236 3815 spiritu
1299 3745 1364 3798 ad
1415 3747 1579 3799 caelos
1623 3746 1960 3808 ascenderet,
2013 3756 2070 3801 et
2119 3764 2182 3801 ex
2213 3751 2310 3803 hac

777 3838 883 3889 vita
908 3838 1180 3905 migraret.
1211 3835 1573 3890 Nihilominus
1621 3845 1799 3890 autem
1831 3837 2144 3891 admiranda
2175 3854 2311 3906 quo-

774 3941 879 3995 que
913 3927 1145 3995 estejus
1197 3925 1450 3994 loquendi
1513 3927 1735 3980 libertas
1798 3927 1862 3980 ad
1932 3928 2305 3997 imperatores.

774 4017 957 4084 Neque
980 4015 1122 4068 enim
1155 4017 1328 4068 solum
1383 4015 1664 4069 laetabatur
1694 4017 1905 4084 probris
1945 4033 2042 4086 pro
2093 4017 2312 4072 Christo

775 4107 1020 4172 affectus,
1061 4116 1156 4160 aut
1182 4108 1393 4175 patiens
1426 4107 1880 4174 persecutionem,
1933 4108 2027 4160 sed
2060 4109 2312 4176 cupiebat

773 4200 935 4252 etiam
964 4199 1069 4265 pati
1103 4197 1322 4265 majora,
1359 4205 1502 4254 recte
1529 4197 1726 4259 sciens,
1766 4197 1910 4264 quod
1941 4211 2037 4264 per
2061 4211 2146 4258 ea,
2200 4212 2311 4250 ma-

769 4289 889 4356 jora
946 4295 1386 4354 consequeretur.
1415 4284 1548 4337 Hinc
1574 4284 1960 4352 discipulorum
2005 4283 2205 4339 Christi
2232 4286 2313 4339 lo-

774 4379 972 4448 quendi
995 4380 1320 4441 libertatem,
1360 4385 1414 4429 et
1463 4393 1562 4443 pro
1586 4377 1837 4444 Magistro
1861 4387 2106 4445 acceptas
2132 4379 2312 4448 plagas

2415 3195 2548 3259 κὼς,
2580 3199 2711 3267 ὁρᾷν
2750 3200 2853 3266 ἔφη
2882 3205 3001 3251 τινὰ
3039 3202 3236 3270 Πέτρον
3295 3204 3622 3271 ἀναγόμενόν
3653 3221 3708 3257 τε
3753 3206 3832 3265 είς
3859 3205 3952 3257 οὗ.

2418 3290 2629 3354 ρανυὺς,
2660 3291 2752 3340 καὶ
2787 3292 2925 3357 φωτὶ
2949 3292 3169 3360 ἀρρήτῳ
3224 3294 3606 3362 κυκλούμενον.
3651 3295 3712 3346 '0
3760 3297 3816 3348 δὲ
3849 3297 3957 3365 ἄρα

2415 3380 2743 3445 προστασίαν
2771 3382 3091 3451 ἀσκητορίου
3127 3390 3270 3444 τινος
3300 3386 3326 3435 6
3371 3385 3575 3452 Πέτρος
3603 3382 3668 3453 ἦν
3714 3387 3959 3454 ἐγκεχει-

2418 3469 2688 3536 ρισμένος.
2720 3469 2853 3521 Κατ’
2880 3472 3055 3523 ἐκεῖνο
3083 3473 3136 3524 δὲ
3181 3473 3278 3539 τῆς
3303 3471 3469 3541 ὥρας,
3503 3473 3662 3540 ἡνίκα
3694 3475 3789 3541 τῆς
3819 3474 3956 3526 θεω-

2417 3558 2536 3626 ρίας
2562 3561 2589 3609 ό
2613 3561 2909 3626 θαυμάσιος
2930 3562 3162 3628 ἠξιοῦτο,
3192 3562 3346 3630 ἔτυχε
3377 3563 3562 3615 τοῦτον
3591 3563 3682 3615 τοῦ
3706 3564 3957 3632 σώματος

2415 3647 2815 3716 διαζευχθέντα,
2869 3650 2944 3717 τῷ
2978 3651 3245 3719 πνεύματι
3282 3654 3416 3721 πρὸς
3454 3655 3714 3722 οὐρανοὺς
3750 3653 3956 3719 ἀναφέ-

2420 3737 2620 3803 ρεσθαι,
2647 3741 2740 3789 καὶ
2763 3739 2861 3807 τὴν
2883 3740 3131 3792 ἐντεῦθεν
3165 3741 3470 3794 στέλλεσθαι
3493 3744 3817 3811 ἀπιδημίιν.
3850 3745 3958 3796 Οὐ-

2415 3828 2500 3880 δὲν
2544 3828 2600 3879 δὲ
2646 3825 2805 3897 ἦττον
2849 3831 2942 3881 καὶ
2985 3832 3042 3882 τ’)
3087 3834 3221 3898 πρὸς
3268 3833 3392 3895 τοὺς
3441 3834 3775 3901 κρατοῦντας
3819 3835 3959 3903 μετά

2417 3919 2723 3985 παρρησίας
2752 3919 3030 3987 ἐλεύθερον
3053 3922 3144 3971 τοῦ
3176 3924 3360 3991 ἀνδρὸς
3421 3923 3571 3987 ἄξιόν
3611 3925 3722 3974 ἐστι
3747 3925 3957 3992 θαυμάι

2418 4021 2527 4058 σαι.
2580 4008 2711 4057 Οὐδὲ
2741 4009 2848 4076 γὰρ
2881 4010 3266 4079 ὀνειδιζόμενος
3296 4013 3434 4081 ὑπὲρ
3469 4013 3702 4082 Χριστοῦ
3735 4016 3894 4082 μόνον
3923 4017 3954 4083 ἢ

2413 4097 2734 4164 διωκόμενος
2777 4100 3015 4166 ἔχαιρεν,
3046 4103 3177 4152 ἀλλά
3226 4104 3317 4153 καὶ
3364 4104 3582 4168 μείζονα
3617 4105 3808 4156 παθεῖν
3834 4106 3930 4172 ἐζή

2415 4197 2515 4247 τει,
2550 4187 2788 4255 ἀκριϐῶς
2814 4188 2965 4250 εἰδὼς
2990 4190 3062 4251 ὡς
3094 4192 3182 4242 διὰ
3209 4192 3363 4244 τοῦτο
3389 4193 3482 4244 καὶ⁸
3509 4195 3766 4261 μειζόνων
3793 4196 3958 4258 ἀξιω-

2417 4274 2697 4344 θήσεσθαι.
2714 4279 2987 4330 Ἐντεῦθεν
3041 4284 3132 4332 καὶ
3153 4281 3248 4349 τὴν
3275 4283 3383 4334 τῶν
3416 4284 3670 4353 μαθητῶν
3693 4285 3786 4336 τοῦ
3823 4287 3959 4353 Χριι

2417 4366 2542 4418 στοῦ
2575 4369 2880 4438 παρρησίαν
2904 4373 2996 4422 καὶ
3027 4372 3124 4432 τὰς
3156 4372 3294 4440 ὑπὲρ
3321 4373 3414 4426 τοῦ
3459 4374 3786 4426 Διδασκάλου
3818 4378 3956 4444 πλη-

776 4470 1007 4522 ducebat
1048 4483 1166 4524 esse
1199 4468 1405 4529 beatas,
1431 4467 1729 4536 perfectum
1765 4466 2180 4536 gaudium’illud
2212 4483 2314 4522 no-
2349 4465 2392 4519 D
2419 4474 2445 4524 ἴ

2289 4497 2314 4509 -
2349 4465 2392 4519 D
2419 4459 2517 4524 γάς
2548 4459 2873 4528 ἐμικᾶριζε,
2904 4463 3329 4533 τετελειωμένην
3377 4465 3541 4534 χάριν
3592 4468 3808 4535 ἐκείνην
3843 4468 3958 4520 ὀνο⁴

778 4562 1008 4619 minans,
1037 4560 1193 4627 cujus
1228 4559 1263 4612 ii
1302 4557 1518 4611 fuerunt
1545 4558 1855 4625 participes.

847 4650 908 4702 L.
941 4649 1084 4702 Duos
1121 4648 1302 4715 itaque
1352 4648 1499 4700 viros
1529 4647 1786 4705 illustres.
1819 4657 1874 4700 et
1918 4663 2055 4715 quos
2109 4648 2314 4703 sciebat

776 4753 893 4793 esse
917 4738 1165 4807 praeditos
1194 4738 1395 4804 majore
1428 4736 1639 4790 dicendi
1670 4736 1941 4801 facultate,
1968 4753 2126 4806 quam
2156 4739 2312 4802 alios,

778 4842 900 4879 cum
959 4826 1022 4878 ad
1083 4827 1260 4894 ipsum
1319 4825 1552 4879 misisset
1614 4826 1927 4893 imperator,
1984 4828 2192 4894 rogavit
2245 4844 2310 4879 an

777 4926 1056 4987 oporteret
1085 4915 1284 4970 Christi
1307 4916 1572 4968 honorare
1612 4917 1856 4986 figuram.
1891 4917 2024 4972 Cum
2058 4919 2103 4971 is
2131 4928 2309 4971 autem

778 5009 844 5062 ad
893 5009 994 5062 hoc
1041 5006 1222 5060 divine
1269 5014 1324 5059 et
1350 5021 1456 5059 non
1483 5020 1606 5058 cum
1663 5007 1932 5059 mundana
1980 5008 2315 5074 respondiset

777 5098 1124 5166 persuasione
1171 5106 1226 5149 et
1255 5097 1536 5164 sapientia,
1595 5097 2048 5155 tantum-abfuit.
2099 5109 2159 5151 ttt
2211 5099 2306 5165 qui

779 5190 928 5244 missi
961 5189 1172 5243 fuerant
1221 5187 1288 5241 ab
1323 5188 1670 5255 imperatore,
1716 5187 1919 5255 aliquid
1975 5187 2312 5241 adducerent

778 5289 966 5330 contra
997 5292 1222 5345 ea,qu:e
1250 5278 1318 5330 ab
1369 5278 1485 5343 ipso
1537 5276 1684 5328 dicta
1731 5277 1964 5337 fuerant,
2020 5287 2079 5329 ut
2113 5276 2316 5329 relictis

782 5370 870 5428 iis,
898 5382 1015 5434 qua:
1074 5369 1226 5435 prius
1257 5369 1528 5430 tenebant,
1569 5376 1713 5419 recte.
1764 5377 1818 5419 et
1875 5377 1932 5418 ut
1959 5368 2037 5419 eis
2084 5382 2317 5431 exposu-

778 5466 915 5516 erat,
971 5453 1221 5520 pietatem
1279 5461 1336 5506 et
1381 5469 1562 5507 veram
1625 5453 1916 5507 didicerint
1966 5455 2304 5523 religionem.

779 5543 914 5595 Cum
938 5542 1004 5596 ad
1034 5552 1279 5596 sanctum
1309 5552 1489 5596 autem
1515 5558 1702 5597 rursus
1736 5545 1970 5597 venisset
1985 5545 2310 5604 Eustratius.

781 5633 1064 5699 praefectus
1115 5634 1430 5688 monasterii
1486 5633 1844 5703 Agaurorum.
1912 5635 2165 5702 quoniam
2227 5651 2314 5689 res

780 5723 871 5777 Dei
905 5735 957 5779 et
1013 5726 1360 5780 ecclesiarum
1415 5733 1563 5778 erant
1600 5733 1727 5778 tunc
1765 5725 2052 5780 mundanis
2095 5736 2311 5794 pertur-

2418 4548 2603 4616 μὰζων
2634 4545 2698 4619 ἦς
2733 4546 2875 4604 οὗτοι
2925 4553 3198 4622 μετέσχεν.

2480 4642 2561 4695 N'.
2594 4643 2696 4692 Δύο
2720 4645 2849 4709 γοῦν
2878 4645 2981 4696 τῶν
3007 4646 3062 4697 ἐν
3093 4647 3213 4715 δόξῃ
3237 4647 3385 4710 τινὰς
3411 4650 3504 4700 καὶ
3530 4650 3632 4710 οὓς,
3648 4649 3754 4702 τῶν
3780 4651 3954 4703 ἄλλων

2417 4734 2616 4801 μᾶλλον
2650 4734 2830 4800 λέγειν
2876 4737 3202 4802 δυναμένους
3225 4737 3343 4806 ᾔδει
3374 4740 3504 4806 πρὸς
3550 4741 3713 4791 αὐτὸν
3744 4744 3769 4793 6
3798 4742 3955 4810 βασι-ο

2413 4823 2534 4884 λεὺς
2554 4824 2895 4886 ἀποστείλας,
2922 4824 3106 4892 ἠρώτα
3127 4829 3174 4877 εί
3203 4827 3320 4878 δέον
3349 4829 3463 4878 ἐστὶ
3489 4829 3578 4880 τὸν
3601 4829 3692 4881 τοῦ
3717 4831 3953 4896 Χριστοῦ

2412 4914 2729 4981 χαρακτῆρα
2777 4917 2960 4982 τιμᾷν.
3013 4914 3115 4966 Τοῦ
3163 4915 3217 4966 δὲ
3259 4915 3435 4978 θείως,
3467 4917 3540 4974 ὼς
3592 4919 3656 4970 ἄν
3683 4935 3763 4980 τις
3789 4922 3952 4984 εἴποι,

2413 5003 2551 5069 πρὸς
2583 5003 2738 5054 τοῦτο
2772 5004 2866 5055 καὶ
2893 5005 2954 5054 οὐ
2987 5004 3125 5070 μετὰ
3171 5006 3438 5072 κοσμικῆς
3473 5006 3694 5068 πειθοῦς
3740 5025 3798 5058 τε
3856 5015 3953 5061 καὶ

2416 5097 2604 5158 σοφίας
2647 5096 3079 5163 ἀποκριναμένου
3105 5095 3374 5159 τοσοῦτον,
3420 5098 3470 5146 oi
3512 5100 3656 5164 παρὰ
3691 5099 3956 5166 βασιλέως

2414 5183 2809 5252 ἀπεσταλμένοι
2863 5187 3088 5254 ἐδέησαν
3139 5187 3534 5253 ἀντεπαγαγεῖν
3589 5206 3642 5240 τι
3699 5193 3806 5251 τοῖς
3860 5191 3953 5242 ὑπ’

2415 5275 2620 5325 ἐκείνου
2651 5275 2934 5344 λεχθεῖσιν,
2983 5277 3090 5344 ὅσῳ
3119 5280 3212 5330 καὶ
3254 5278 3288 5330 ἀ
3321 5282 3578 5346 πρότερον
3626 5281 3954 5348 ἐπρέσϐευον

2415 5364 2792 5429 ἀπολιπόντες,
2821 5365 2991 5431 ὀρθῶς
3024 5368 3114 5418 καὶ
3155 5366 3227 5427 ὠς
3254 5363 3401 5429 οὗτός
3429 5385 3488 5434 γε
3515 5369 3708 5439 διεξῄει
3737 5373 3836 5440 τὴν
3860 5374 3956 5424 ε)-

2419 5455 2634 5505 σὲδειαν
2685 5455 3108 5522 μετεμὰνθανον.
3163 5458 3497 5525 Παραλαϐὼν
3559 5461 3614 5510 δὲ
3677 5462 3810 5528 πρὸς
3863 5464 3954 5514 τὸν

2414 5545 2568 5610 ἅγιον
2599 5547 2758 5598 πάλιν
2787 5549 2813 5597 ό
2842 5549 2936 5614 τῆς
2967 5547 3246 5614 Ἀγαύρων
3294 5551 3456 5616 μονῆς
3483 5551 3756 5618 προεστὼς
3782 5556 3808 5605 6
3849 5554 3951 5605 Εὐ-

2415 5637 2684 5705 στράτιος.
2711 5639 2940 5706 ἐπείπερ
2971 5638 3229 5707 ἐτύγχανε
3282 5643 3397 5692 τότε
3441 5642 3507 5693 τὰ
3557 5642 3649 5692 τοῦ
3688 5644 3823 5696 θεοῦ
3855 5646 3950 5698 καὶ

2414 5729 2477 5778 τὰ
2510 5730 2610 5779 τῶν
2643 5730 2974 5798 Ἐκκλησιῶν
3011 5732 3294 5798 κοσμικαῖς
3321 5732 3789 5804 διαταρασσόμινα
3830 5753 3948 5804 τρια
