4226 6418
256 393 331 454 85
1333 390 1507 449 VlTA
1541 388 1600 444 ε.
1644 385 2023 447 JOANNICH
2056 386 2393 445 ABBATlS.
3392 398 3458 459 εδ

253 497 504 567 κυμίαις,
530 496 674 559 Ἕως
704 496 831 548 πότε
864 497 931 549 τὰ
960 499 1067 549 τῶν
1101 498 1452 565 Ἐκκλησιῶν,
1487 499 1690 563 ἔλεγεν,
1709 498 1807 550 οὐκ
1836 501 1881 555 Α
1916 493 1922 545 l

1789 517 1807 549 ί
1836 501 1881 555 Α
1916 493 2669 563 bataelluctibus:Quous¢1e,
2689 496 2841 560 dixit,
2866 513 2951 551 res
2967 498 3331 556 Ecclesiarum
3355 523 3458 561 non

254 589 651 657 ἀποδοθήσεται
679 590 795 650 ταῖς
837 588 1213 657 Ἐκκλησίαιςς
1250 590 1351 650 ἕως
1384 590 1524 649 τίνος
1576 590 1810 658 αὐξηθή-

253 697 409 733 σεται
438 681 505 731 τὰ
530 679 637 731 τῶν
665 679 903 731 διωκτῶν
932 696 944 741 ;
976 680 1079 741 ἕως
1104 680 1243 741 τίνος
1284 680 1381 747 τὴν
1411 682 1501 731 τοῦ
1530 680 1662 731 Θεοῦ
1694 683 1808 731 ποία

255 786 396 836 μνην
445 769 626 837 ἄγριοι
677 768 1102 835 διασπαράξουσι
1152 768 1357 835 θῆρεςς
1393 770 1448 820 Ὀ
1496 770 1572 832 δὲ,
1604 771 1809 837 Μικρὸν

252 858 499 927 ὶπίσχες.
533 857 750 921 sanet.
787 858 880 908 καὶ
913 859 1164 924 συνήσεις
1196 859 1293 927 τὴν
1346 858 1437 909 τοῦ
1468 859 1601 909 Θεοῦ
1656 860 1809 909 δυνα-

254 952 439 1002 στείαν
460 966 474 980 ·
512 948 662 999 ἔσται
695 948 801 1013 γάρ
830 964 909 1009 τις
959 949 1237 1010 Μεθόδιος,
1267 949 1322 1000 ὃς
1363 950 1449 1000 ἐπὶ
1478 951 1583 1000 τῶν
1614 952 1809 1002 οἰάκων

252 1040 423 1105 αὐτῆς
447 1040 729 1101 καθιεῖται,
749 1039 842 1091 καὶ
859 1038 1059 1105 ταύτην
1072 1040 1147 1105 τῷ
1165 1039 1291 1108 θείῳ
1316 1040 1585 1109 Πνεῦματι
1611 1041 1808 1109 κυϐερ-

253 1132 444 1193 νήσει¹
480 1132 623 1189 ὅστις
661 1131 919 1197 διαίρεσιν
952 1131 1048 1196 μὲν
1079 1130 1327 1197 θεότητος
1371 1134 1461 1182 καὶ
1502 1134 1811 1201 κατατομήν

252 1220 439 1290 ἀν;λῃ,
468 1220 849 1285 δογμστξσειδὲ
878 1220 937 1270 τὸ
956 1221 1248 1288 ὀρθόδεξον,
1270 1223 1525 1293 ὲνεξρήνῃ
1555 1242 1603 1275 τε
1626 1225 1813 1295 βαθείᾳ

256 1313 354 1363 καὶ
402 1312 622 1379 ὁμονοίᾳ
670 1314 737 1363 τὰ
777 1312 1131 1374 στασιάζοντα
1154 1316 1505 1383 καταστήσει,
1553 1319 1646 1367 καὶ
1687 1319 1813 1378 τοὺς

254 1402 656 1469 ἀνθεστηκότας
690 1406 752 1469 τῇ
780 1403 874 1454 τοῦ
926 1403 1179 1471 Ὑψίστου
1212 1405 1356 1474 δεξιᾷ
1382 1410 1808 1474 παραστήσεται.

333 1492 459 1544 NA'.
494 1494 705 1561 Βραχὺς
736 1496 763 1546 ὁ
817 1495 1016 1560 μεταξὺ
1051 1496 1258 1563 χρόνος,
1290 1499 1383 1549 καὶ
1423 1499 1673 1565 Θεόφιλος
1718 1502 1813 1567 μὲν

252 1584 365 1634 τῶν
417 1583 540 1649 τῇδε
590 1587 913 1652 μεταχωρεῖ,
947 1586 1162 1653 Μιχαὴλ
1194 1586 1248 1638 δὲ
1276 1588 1369 1637 καὶ
1420 1589 1671 1657 Θεοδώρα
1715 1594 1811 1658 τὴν

256 1675 435 1741 ἀρχὴν
462 1674 822 1741 διαδέχονται,
854 1676 1110 1739 Μεθόδεος
1150 1677 1205 1729 δὲ
1241 1681 1350 1740 τοῖς
1376 1680 1538 1747 tepet;
1562 1683 1635 1743 ὼς
1669 1682 1810 1751 ἱερὸς

253 1767 335 1833 τῷ
358 1766 469 1816 ὁντι
498 1766 589 1816 καὶ
630 1765 765 1819 Θεοῦ
790 1768 1074 1835 ἅνθρωπος
1116 1770 1415 1838 ὲνιδρύεται
1453 1772 1679 1841 θρόνοις,
1716 1776 1810 1826 καὶ

257 1857 546 1909 συνελόντα
588 1858 773 1924 φάναι,
809 1860 1023 1909 πάντων
1060 1860 1204 1928 αὖτῷ
1237 1862 1369 1931 πρὸς
1402 1862 1498 1930 τὴν
1529 1865 1808 1934 ὀρθόδοξον

256 1952 443 2001 πίστιν
480 1952 879 2017 μεταθεμένων,
934 1953 1197 2016 κλύδωνος
1248 1974 1304 2007 τε
1340 1959 1537 2019 παντὸς
1571 1960 1662 2010 καὶ
1690 1976 1807 2027 τρι-

257 2044 464 2111 κυμίας
511 2042 995 2109 κατευνασθείσης,
1029 2047 1122 2097 καὶ
1154 2046 1261 2097 τῶν
1300 2050 1639 2116 πραγμάτων
1679 2053 1809 2119 ἡρε-

260 2131 523 2199 μούντων,
586 2133 746 2199 ἑτέρα
792 2150 875 2193 τις
910 2136 1056 2201 παρά
1111 2136 1218 2186 τῶν
1260 2126 1498 2189 εὑσὲΰῶν
1543 2142 1808 2210 ἐγείρεται

257 2222 473 2283 στάσις,
504 2224 592 2273 καὶ
623 2224 689 2273 τὰ
716 2223 813 2289 τῆς
852 2224 1174 2291 Ἐκκλησίας
1220 2229 1502 2296 ἐμερίζετο
1532 2232 1691 2282 πάλιν
1718 2236 1809 2285 καὶ

257 2316 339 2373 είς
374 2313 552 2374 διττὰς
575 2314 735 2377 δόξας
766 2314 979 2382 ἐχώρει.
1022 2318 1081 2368 U!
1112 2319 1209 2385 μὲν
1235 2321 1340 2387 γὰρ
1373 2322 1810 2393 συλλειτουργους

257 2404 402 2471 ἔχειν
457 2404 641 2471 ἠξίουν
678 2407 800 2466 τοὺς
835 2409 982 2474 παρὰ
1028 2408 1133 2460 τῶν
1187 2412 1565 2479 Εἰκονομαχιον
1616 2414 1673 2464 τὸ
1714 2417 1808 2483 τῆς

261 2494 561 2563 ἱερωσύνης
591 2495 804 2562 ἀξίωμα
856 2498 1139 2559 λαϐόντας,
1186 2500 1259 2560 ὡς
1292 2502 1443 2551 οὐδὲν
1503 2505 1690 2555 τούτου
1745 2510 1809 2574 τῇ

256 2583 516 2653 εὐσεϐείᾳ
547 2585 934 2653 λυμαινομένου
962 2603 973 2615 ·
1016 2588 1062 2639 ol
1098 2587 1150 2637 δὲ
1180 2588 1421 2657 βεϐήλοις
1454 2594 1637 2660 χερσὶν
1670 2595 1812 2645 ἐκδι-

259 2676 429 2734 δόναι,
469 2677 679 2727 ἀνόσιον
702 2677 835 2737 ὅλως
870 2679 1099 2745 ἡγοῦντο
1130 2682 1219 2731 καὶ
1253 2682 1309 2732 οὐ
1351 2683 1468 2748 Θεῷ
1510 2685 1657 2749 φίλον
1697 2687 1812 2739 οὐδὲ

258 2762 577 2817 ἀπόδεκτον.
606 2762 763 2816 Καλίὸ
810 2766 905 2831 μὲν
936 2766 1008 2826 ὡς
1047 2767 1256 2834 ἀληθῶς
1294 2770 1369 2834 τῷ
1408 2772 1523 2837 Θεῷ
1555 2773 1660 2832 ζῶν
1702 2776 1813 2826 Με-

264 2852 458 2913 θόδιος,
484 2854 766 2921 ήσχαλλεν,
796 2857 1001 2921 ἠνιᾶτο,
1024 2857 1123 2923 τὴν
1150 2860 1374 2927 καρδίαν
1411 2862 1687 2925 ἐκόπτετο,
1722 2866 1811 2915 τὸν

265 2947 440 3008 μέγαν
479 2947 588 3005 τοῖς
626 2944 758 2994 ὠσὶν
793 2946 1001 3013 ἐνηχεῖν
1044 2946 1213 2998 ἐδόκει
1251 2950 1481 3013 Παῦλον,
1536 2955 1811 3021 μονονουχὶ

262 3033 487 3085 τοιαῦτα
520 3035 905 3102 φθεγγόμενον,
932 3038 1027 3097 Ὠς
1064 3055 1119 3088 τε
1150 3042 1240 3090 καὶ
1268 3041 1512 3108 ἀνάθεμα
1540 3038 1675 3094 εἶναι
1710 3046 1815 3095 ἀπὸ

1914 584 2208 637 reddentur
2246 586 2519 638 Ecclesiis‘?
2538 602 2822 654 quousque
2856 590 3195 656 augebuntur
3221 608 3303 644 res
3338 613 3459 661 per-

1912 685 2242 738 secutorum,
2271 688 2323 729 et
2358 678 2613 731 immanes
2636 694 2723 730 eas
2752 679 3069 734 lacerabunt
3100 682 3328 737 bestiae?
3372 689 3460 740 ldo

1913 779 2062 823 vero,
2103 766 2313 825 Parum,
2347 767 2540 833 inquit,
2568 770 2790 831 sustine,
2819 788 2849 824 ο
2874 773 3061 835 frater,
3097 790 3147 828 et
3187 780 3456 847 intelliges

1912 853 2005 905 Dei
2041 856 2330 917 potentiam
2366 858 2503 918 ;erit
2535 859 2676 909 enim
2734 864 2949 926 quidam
3011 866 3331 925 Methodins.
3368 873 3454 937 qni

1912 944 2113 995 tenebit
2146 947 2261 1010 ejus
2292 947 2521 1007 clavum,
2558 959 2610 1000 et
2646 966 2759 1002 eam
2790 954 2973 1007 divino
3028 957 3230 1025 Spiritu
3266 964 3455 1027 guber-

1911 1034 2081 1093 nabit,
2106 1037 2195 1102 qui
2229 1038 2376 1089 tollet
2406 1040 2621 1103 quidem
2644 1042 2963 1099 divisionem
2994 1057 3044 1099 et
3070 1050 3454 1106 dissectionem

1910 1127 2247 1189 divinitatis;
2282 1128 2515 1182 decretis
2546 1143 2723 1184 autem
2767 1134 2921 1187 fidem
2956 1140 3251 1193 constituet
3275 1147 3457 1196 ortho-

1910 1230 2125 1279 xam,et
2152 1220 2215 1273 ad
2247 1238 2510 1275 summam
2547 1240 2730 1291 pacem
2785 1240 2836 1279 et
2868 1233 3207 1286 concordiam
3244 1237 3453 1305 rediget

1911 1312 2251 1371 seditionem,
2281 1322 2333 1364 et
2363 1330 2476 1373 eos.
2506 1318 2595 1383 qui
2623 1306 2957 1385 reSIiterunt,
2990 1322 3177 1377 dextra
3231 1327 3421 1380 AltiSsi

1913 1404 1980 1452 uti
2014 1402 2320 1470 subjunget.

1980 1490 2262 1544 LI..Breve
2290 1502 2499 1561 tempus
2532 1493 2852 1560 intercessit,
2884 1509 2937 1553 et
2966 1502 3298 1573 Theophilus
3339 1511 3460 1573 qui-

1910 1578 2031 1629 dem
2058 1594 2121 1631 ex
2160 1581 2259 1632 hac
2288 1584 2393 1634 vita
2442 1584 2651 1637 excedit
2686 1603 2697 1637 :
2739 1587 2959 1643 Michael
2995 1608 3123 1645 vero
3171 1605 3223 1647 et
3281 1595 3453 1649 Theo—

1912 1668 2043 1721 dora
2128 1671 2417 1738 imperium
2491 1676 2795 1743 suscipiunt
2846 1695 2858 1731 τ
2922 1679 3223 1737 Mcthodius
3276 1698 3455 1740 autem

1892 1757 1993 1829 .vir
2017 1774 2202 1812 revera
2247 1774 2645 1826 sacrosanctus,
2688 1777 2740 1819 et
2788 1768 2949 1821 homo
3009 1774 3122 1833 Dei,
3184 1776 3234 1825 in
3293 1778 3458 1829 sacris

1915 1847 2209 1901 collocatur
2244 1852 2484 1914 sedibus,
2520 1864 2574 1907 et
2613 1867 2667 1907 ut
2696 1859 2859 1911 semel
2892 1860 3088 1920 dicam.
3128 1879 3247 1915 cum
3282 1867 3457 1918 omnia

1906 1939 1974 1990 ab
2009 1954 2073 1991 eo
2108 1940 2335 1993 fuissent
2376 1945 2618 1997 traducta
2678 1948 2739 1998 ad
2775 1949 2928 2001 fidem
2992 1956 3367 2009 ortlimloxam.
3407 1972 3456 2009 ις

1908 2028 2114 2095 sopitus
2154 2041 2296 2083 esset
2330 2036 2503 2086 omnis
2530 2035 2721 2087 ﬂuctus
2749 2050 2801 2090 et
2844 2042 3022 2092 sedata
3062 2055 3369 2109 ιιιιιιξιιιςιιιδ,
3404 2061 3449 2097 (ί

1909 2134 1995 2170 res
2019 2130 2201 2173 essent
2245 2125 2463 2189 quieta).
2508 2130 2869 2193 qumdamalia
2906 2136 3098 2186 seditio
3135 2142 3291 2189 excit:
3320 2152 3401 2191 tit:
3428 2160 3451 2192 ιι

1908 2211 2027 2278 piis.
2052 2223 2106 2265 et
2130 2230 2214 2267 res
2242 2217 2492 2271 Ecclesize
2524 2237 2709 2275 rursus
2732 2238 2883 2276 erant
2924 2226 3123 2283 divism.
3156 2239 3206 2281 et
3233 2232 3374 2282 redat
3398 2243 3459 2283 ιιι·

1908 2312 2061 2354 erant
2095 2303 2307 2357 induas
2341 2310 2645 2373 opiniones.
2714 2313 2843 2364 Nam
2898 2316 2987 2368 alii
3045 2320 3263 2382 quidem
3315 2324 3455 2373 volo:-

1910 2390 2040 2444 bant
2077 2392 2277 2446 habere
2309 2397 2358 2448 iu
2387 2399 2703 2461 ministerio,
2737 2418 2829 2454 eos
2868 2407 2958 2471 qui
3019 2407 3335 2475 dignitatem
3374 2429 3459 2463 sa—

1911 2480 2133 2533 ccrdotii
2163 2497 2483 2552 acceperant
2516 2490 2581 2541 ab
2627 2491 3019 2557 lconomachis,
3075 2510 3260 2566 utpote
3314 2506 3455 2568 quod

1912 2569 2014 2622 hoc
2059 2573 2191 2625 nihil
2258 2576 2441 2641 pietati
2501 2579 2739 2633 oﬂiceret
2776 2602 2787 2634 :
2830 2584 2902 2635 illi
2964 2600 3142 2640 autem
3220 2592 3460 2655 profanis

1912 2672 2092 2714 sancta
2154 2664 2363 2718 tradere
2434 2670 2700 2733 manibus,
2758 2676 3015 2741 putabant
3069 2681 3290 2730 omnino
3352 2696 3463 2735 esse

1913 2752 2159 2819 impium,
2190 2766 2244 2807 et
2300 2758 2520 2809 minime
2564 2760 2671 2812 Deo
2712 2774 2943 2829 gratum,
3002 2783 3101 2819 nec
3160 2769 3455 2823 adnntten-

1914 2846 2057 2897 dum.
2100 2847 2160 2897 Et
2191 2849 2279 2913 qui
2325 2847 2430 2901 Deo
2455 2851 2671 2915 quidem
2708 2869 2831 2904 vere
2875 2855 3084 2908 vivebat
3130 2859 3455 2915 Methodius.

1912 2950 2050 3004 aegre
2075 2936 2299 2999 ferebat,
2326 2942 2640 3008 angebatur,
2661 2944 2821 2997 corde
2846 2946 3205 3011 lacerabatur,
3240 2954 3462 3017 putabat

1916 3044 2166 3095 magnum
2202 3031 2424 3083 Paulum
2462 3048 2715 3086 resonare
2775 3036 2829 3087 in
2888 3038 3114 3091 auribus
3177 3057 3467 3109 propemo-

265 3122 502 3190 Χριστοῦ
562 3124 699 3191 ὑπὲρ
751 3126 855 3176 τῶν
904 3127 1145 3192 ἀδελφῶν
1180 3146 1279 3195 μου
1310 3131 1415 3181 τῶν
1448 3133 1586 3183 κατὰ
1614 3136 1809 3201 σάρκτ,
1841 3152 1881 3207 C
1915 3119 1934 3169 ε

1794 3176 1809 3201 ,
1841 3152 1881 3207 C
1915 3117 2040 3170 dum
2066 3120 2177 3171 haec
2201 3120 2509 3187 loquentem
2547 3140 2558 3172 :
2595 3123 2804 3177 Utinam
2834 3132 2935 3179 sim
2991 3143 3018 3180 a
3060 3128 3281 3183 Christo
3335 3148 3460 3185 ana-

269 3216 429 3282 μένον
462 3218 507 3266 εί
543 3217 775 3283 σταίητε
805 3217 921 3285 μεθ’
958 3219 1132 3286 ἡμῶν,
1167 3223 1256 3271 καὶ
1286 3226 1433 3290 κοινῇ
1476 3226 1571 3290 τὴν
1607 3226 1812 3293 Τριάδα

259 3306 591 3374 δοξάσωμεν.
634 3309 741 3358 Καὶ
806 3310 832 3359 ὁ
862 3310 960 3375 μὲν
990 3307 1161 3371 οὕτως
1228 3309 1391 3378 εἶχεν,
1438 3314 1487 3362 οἱ
1533 3314 1586 3365 δὲ
1641 3316 1817 3365 πάντα

266 3395 461 3446 παθεῖν
496 3395 695 3463 μᾶλλον
728 3398 932 3464 ἕτοιμοι
989 3394 1219 3467 ἧσαν,ἢ
1267 3403 1333 3451 τὰ
1387 3401 1609 3465 δόξαντα
1661 3406 1817 3471 προέ-

267 3486 413 3546 σθαι,
458 3486 532 3546 ὠς
564 3486 809 3538 ἐντεῦθεν
843 3488 921 3549 είς
965 3489 1103 3556 μέρη
1151 3489 1311 3541 πάλιν
1360 3492 1417 3542 τὸ
1459 3494 1555 3560 τῆς
1592 3493 1817 3562 Ἐκκλη-

270 3575 394 3637 σίας
427 3576 698 3645 πλήρωμα
733 3578 1045 3643 τέμνεσθαι,
1083 3580 1175 3630 καὶ
1202 3580 1324 3641 τοὺς
1356 3584 1475 3649 μὲν,
1504 3583 1578 3643 ὡς
1600 3586 1816 3647 αὐτοὺς,

263 3667 393 3725 τοὺς
434 3667 491 3718 δὲ
530 3666 605 3727 ὡς
635 3662 874 3728 ἐκείνους
924 3667 1237 3722 τάσσεσθαι.
1284 3671 1341 3721 'U
1396 3672 1526 3737 γοῦν
1572 3672 1649 3737 τῷ
1702 3672 1818 3740 Θεῴ

266 3755 418 3822 φίλος
464 3756 787 3819 Ὶωαννίκιος
822 3760 1169 3825 τεταγμένοις
1200 3759 1342 3813 οὕτω
1368 3766 1479 3823 τοῖς
1505 3764 1819 3831 πράγμασιν

268 3847 606 3913 ἐντυγχάνων
641 3849 708 3899 τὰ
763 3850 858 3914 μὲν
887 3849 953 3899 δι’
980 3850 1195 3913 ἑαυτοῦ,
1224 3852 1291 3903 τὰ
1325 3852 1377 3902 δὲ
1404 3852 1471 3903 δι’
1500 3854 1815 3915 ἐπιστολῶν,

262 3934 358 3989 οἷα
383 3937 605 4005 σύριγγι
633 3939 730 4007 τὴν
758 3939 1182 3991 διασπασθεῖσαν
1219 3941 1316 4006 τῆς
1355 3944 1591 4010 ποίμνης
1628 3948 1819 4013 μοῖραν

266 4029 605 4093 ἀνεκαλεῖτο,
640 4032 731 4080 καὶ
765 4029 841 4097 τῷ
874 4031 1020 4098 μόνῳ
1053 4030 1196 4098 Θεῷ,
1233 4032 1310 4100 τῷ
1337 4034 1478 4101 μόνῳ
1525 4034 1669 4099 καλῷ
1700 4051 1816 4085 ποι-

276 4119 400 4187 μένι
436 4121 529 4171 καὶ
557 4120 616 4169 οὐ
672 4118 927 4187 μισθωτῷ
958 4122 1318 4189 προσῳκείου,
1377 4124 1607 4189 μάλιστα
1639 4122 1694 4172 δὲ
1725 4121 1816 4172 τοῦ

269 4209 570 4276 ἀρχιερέως
625 4210 885 4262 Μεθοδίω
944 4210 1279 4273 ὀκλάζουσαν
1341 4213 1438 4279 ἤδη
1497 4213 1595 4279 τὴν
1644 4212 1817 4279 ψυχὴν

268 4303 555 4365 ἀνεκτᾶτο,
607 4302 777 4353 πολλὰ
824 4303 920 4370 μὲν
980 4304 1073 4354 καὶ
1122 4304 1282 4371 ἔτερα
1319 4304 1565 4370 γράφων,
1606 4304 1707 4369 πρὸ
1762 4303 1816 4353 δὲ

270 4391 508 4452 πάντων,
545 4393 653 4452 τοῖς
688 4393 747 4443 τὸ
805 4394 900 4459 μὲν
948 4389 1233 4458 ὁμοούσιον
1266 4394 1526 4459 ὲκφύλους
1549 4393 1819 4459 ἀλλοτριό-

1921 3211 2097 3262 thema
2130 3227 2228 3276 pro
2277 3212 2535 3265 fratribus
2581 3214 2715 3267 meis
2782 3218 3081 3270 secundum
3136 3235 3374 3280 carnem.
3420 3226 3461 3275 si

1920 3300 2079 3351 modo
2130 3302 2389 3354 steteritis
2444 3303 2743 3363 nobiscum,
2778 3316 2831 3357 et
2893 3310 3258 3363 communiter
3288 3312 3465 3364 Trini—

1919 3400 2080 3444 tatem
2140 3392 2619 3460 gluriﬁcaverimns
2648 3397 2682 3425 "
2712 3437 2723 3449 .
2765 3397 2828 3449 Et
2880 3399 2966 3451 ille
3024 3402 3242 3466 quidem
3290 3404 3366 3456 sic
3409 3422 3465 3458 se

1920 3480 2174 3533 habebat.
2211 3481 2290 3534 llli
2324 3493 2499 3535 autem
2536 3488 2703 3549 parati
2730 3496 2883 3537 erant
2914 3490 3093 3540 omnia
3120 3491 3227 3555 pati
3264 3492 3460 3556 potiu~,

1918 3586 2076 3639 quam
2106 3572 2377 3626 dimittere
2428 3590 2511 3636 ea,
2547 3591 2665 3640 qua:
2698 3578 2808 3628 visa
2829 3577 3061 3638 fuerant,
3094 3582 3228 3631 adeo
3258 3590 3312 3631 ιιι
3340 3581 3463 3635 hinc

1921 3663 1973 3715 in
2050 3672 2231 3729 partes
2283 3679 2473 3717 rursus
2539 3665 2879 3717 scinderetur
2958 3678 3130 3721 cmtus
3192 3668 3459 3728 Ecclesiaz.

1919 3760 1972 3803 et
2002 3751 2090 3802 alii
2151 3752 2366 3817 quidem
2401 3769 2455 3806 se
2488 3769 2607 3806 cum
2676 3756 2777 3817 his,
2805 3756 2892 3808 alii
2929 3772 3053 3809 vero
3091 3774 3215 3811 cum
3259 3760 3362 3812 illis
3409 3776 3463 3812 ευ

1919 3845 2324 3911 conjungerent.
2365 3845 2455 3895 Dei
2504 3844 2683 3911 itaque
2728 3846 2935 3897 amicus
2956 3846 3293 3911 Joannicius,
3331 3851 3465 3903 inci-

1919 3933 2055 3987 dens
2087 3934 2139 3986 in
2174 3948 2259 3986 res
2289 3934 2422 3986 adeo
2456 3936 2717 3998 turbatas,
2760 3937 2953 4003 partim
2982 3940 3198 4004 quidem
3254 3957 3349 4008 per
3381 3959 3457 4006 se,

1920 4026 2112 4091 partim
2169 4042 2295 4077 vero
2328 4043 2421 4093 per
2473 4027 2699 4085 litteras.
2732 4030 2897 4081 veluti
2941 4030 3117 4083 fistula
3175 4035 3463 4088 revocabat

1919 4112 2183 4165 divulsam
2214 4123 2419 4180 partem
2460 4115 2655 4181 gregis,
2698 4126 2751 4167 ct
2780 4118 2829 4167 ei
2856 4116 2946 4182 qui
2982 4126 3059 4169 est
3097 4120 3242 4171 solus
3298 4121 3457 4179 Deus.

1919 4204 2113 4271 quiest
2144 4204 2289 4255 solus
2344 4204 2514 4255 bonus
2562 4214 2761 4270 pastor,
2803 4214 2855 4256 et
2919 4220 3024 4257 non
3074 4212 3460 4269 mercenarius,

1920 4294 2261 4345 conciliabat.
2290 4294 2513 4345 Maxime
2544 4304 2721 4346 autem
2764 4296 3156 4363 archiepiscopi
3208 4278 3460 4351 Methodii

1916 4381 2023 4449 jam
2073 4382 2342 4435 labantem
2385 4384 2662 4435 recreabat
2718 4386 2977 4448 animum,
3016 4388 3178 4439 multa
3244 4390 3461 4455 quidem

268 4497 436 4546 τητας
475 4481 749 4546 τέμνουσι,
774 4482 1065 4549 διαιρέσεις
1101 4485 1177 4545 δὲ,
1220 4483 1385 4550 οἴμοι,
1412 4484 1641 4542 ἀτόπους
1667 4482 1817 4545 δοξά-
1850 4476 1893 4533 Ι.)
1921 4487 1937 4525 ε

1794 4510 1817 4519 -
1850 4476 1893 4533 D
1921 4472 2083 4525 etiam
2153 4473 2255 4524 alia
2309 4474 2552 4526 scribens
2585 4512 2598 4535 ,
2631 4485 2753 4527 ante
2804 4478 2983 4529 omnia
3043 4488 3220 4531 autem
3256 4480 3340 4539 iis,
3371 4485 3461 4547 qui

270 4570 445 4634 ζουσι,
488 4570 706 4632 τούτους
766 4573 897 4639 μηδὲ
946 4576 1007 4624 τὸ
1052 4575 1312 4640 παράπαν
1372 4572 1461 4632 οῦς
1518 4573 1819 4623 ὑποκλίνειν

268 4660 422 4728 αὑτῷ
455 4661 703 4729 παρῄνει,
746 4662 820 4729 μὴ
866 4662 1028 4724 ἆλων,
1056 4663 1129 4731 μὴ
1164 4664 1359 4730 στέγης
1408 4666 1706 4728 κοινωνεῖν,
1748 4662 1819 4731 μὴ

271 4750 771 4819 προσφθέγγεσθαι,
822 4753 934 4803 ἀλλ’
965 4754 1037 4813 ὼς
1068 4754 1145 4803 ἔνι
1193 4754 1442 4820 μάλιστα,
1490 4754 1585 4819 τὴν
1618 4754 1819 4805 τούτων

275 4840 564 4907 συντυχίαν
595 4841 887 4894 ἐκκλίνειν.
930 4841 1093 4893 ’Υπετ
1121 4842 1328 4909 θειγάρ
1374 4842 1503 4909 μηδὲ
1540 4843 1815 4911 ίερουργὸν

270 4932 437 4992 ὁσίως
467 4930 781 4996 λογισθῆναί
808 4948 935 4983 ποτε
972 4932 1230 4984 δύνασθαι
1258 4931 1463 4992 τοῦτον,
1489 4934 1577 4983 τὸν
1623 4934 1711 4983 τὸν
1745 4936 1818 4983 te-

274 5021 669 5092 ρουργούμενον
708 5021 1025 5084 ἀθετοῦντα,
1081 5023 1317 5082 ἐκείνους
1349 5022 1403 5072 δὲ
1452 5022 1650 5088 μᾶλλον
1694 5025 1819 5091 περὶ

268 5114 370 5181 τὴν
433 5113 582 5164 θείαν
622 5114 930 5182 ἱερουργίαν
970 5113 1207 5180 ἔγραφεν
1264 5113 1404 5180 ἔχειν
1430 5112 1505 5178 τῷ
1551 5113 1817 5179 Μεθοδίῳ,

267 5205 364 5267 οὓς
391 5206 456 5257 ἂν
482 5202 647 5273 εἰδείη
676 5203 768 5255 καὶ
798 5205 923 5271 περὶ
945 5204 1003 5255 τὸ
1028 5206 1122 5268 τῆς
1147 5203 1454 5273 ὀρθοδοξίας
1485 5204 1659 5272 δόγμα
1686 5223 1819 5272 συμ-

271 5296 605 5364 φρονοῦντας
649 5296 955 5364 αὐτῷ.Ἦπὶ
985 5294 1126 5346 τέλει
1154 5295 1208 5345 δὲ
1242 5295 1339 5362 τῆς
1378 5296 1666 5363 ἐπιστολῆς
1727 5296 1819 5346 καὶ

270 5386 548 5455 ιρῤὦσθαι
582 5385 739 5438 αὐτὸν
772 5386 1080 5452 ὑγιαίνοντα
1120 5385 1247 5454 περὶ
1298 5386 1388 5437 τὸν
1443 5386 1563 5453 ὑγιῆ
1604 5386 1758 5452 λόγον
1793 5388 1818 5437 ὁ

271 5481 443 5550 μέγας
480 5480 801 5542 ’ῐωαννξκιος
836 5480 1053 5547 ηὕξατο.

339 5743 377 5772 ¹¹
412 5742 565 5794 Rom.
598 5758 669 5803 ix,
702 5744 751 5792 3.

1925 4562 2244 4614 homousion
2281 4564 2510 4617 absurdo
2542 4575 2595 4616 et
2627 4566 2803 4617 alieno
2860 4568 3017 4618 modo
3046 4569 3321 4629 scindunt,
3372 4588 3466 4623 no-

1922 4668 2121 4720 vasque
2187 4661 2240 4703 et
2294 4654 2557 4705 absurdas
2588 4656 2879 4719 opinantur
2908 4656 3225 4719 divisiones,
3273 4660 3353 4712 eis
3398 4677 3463 4714 nc

1923 4758 2109 4795 aurem
2138 4742 2353 4809 quidem
2378 4744 2599 4795 omnino
2630 4744 2889 4798 adhibere.
2921 4747 3201 4809 suadebat,
3230 4765 3335 4801 non
3362 4752 3461 4809 sal.

1922 4850 2031 4887 non
2066 4843 2261 4886 tectum
2290 4850 2414 4886 cum
2466 4834 2549 4887 his
2596 4835 2791 4887 habere
2846 4851 3153 4898 commune,
3210 4856 3315 4892 non
3372 4858 3467 4893 eos

1923 4925 2145 4991 alloqui,
2170 4924 2259 4976 sed
2288 4940 2447 4991 quam
2481 4925 2710 4977 maxime
2752 4924 3022 4977 declinare
3081 4940 3270 4979 eorum
3327 4945 3462 4981 con-

1922 5016 2275 5084 gressionem.
2335 5015 2667 5068 Admonebat
2719 5015 2863 5067 enim
2922 5031 2990 5068 ne
3048 5031 3201 5083 posse
3248 5020 3464 5087 quidem

1921 5123 2044 5160 eum
2095 5118 2278 5160 sancte
2336 5107 2573 5173 reputari
2626 5104 2954 5169 sacrificum,
3033 5108 3126 5175 qui
3193 5124 3337 5171 eum,
3373 5114 3466 5178 qui

1922 5198 2277 5259 sacriﬁeatur,
2351 5196 2647 5249 contemnit
2698 5204 2753 5249 et
2818 5196 3119 5262 vilipendit.
3187 5198 3466 5253 Scribebat

1924 5299 2102 5343 autem
2125 5287 2414 5349 Methodio,
2450 5294 2507 5338 ut
2547 5288 2668 5339 illos
2696 5288 2875 5354 potius
2908 5288 3129 5341 haberet
3158 5289 3299 5341 circa
3329 5291 3465 5341 divi—

1923 5396 2052 5433 num
2081 5378 2423 5439 sacriﬁcium,
2456 5392 2591 5443 qnos
2619 5385 2804 5429 nosset
2866 5392 2987 5430 cum
3042 5393 3105 5429 eo
3159 5382 3361 5431 sentire
3413 5381 3462 5430 in

1924 5471 2173 5538 dogmate
2198 5466 2547 5520 orthodoxiaa.
2575 5465 2632 5517 lu
2655 5464 2760 5519 line
2782 5481 2909 5519 vero
2964 5466 3224 5533 epistolae,
3286 5470 3464 5520 valere

1925 5575 2049 5613 eum
2082 5558 2223 5613 circa
2262 5571 2444 5609 sanam
2474 5556 2734 5609 rationem
2768 5558 2971 5623 optavit
2996 5570 3217 5624 magnus
3239 5556 3462 5609 Joanni-

1927 5652 2058 5706 sius.
