4226 6418
753 378 821 436 s7
1957 379 2238 438 MENSIS
2281 351 2712 443 novent-mn.

3884 388 3956 452 88

821 483 928 537 LII.
965 483 1101 537 Cum
1138 483 1219 536 bte
1257 484 1532 538 venissent
1564 484 1783 547 littera,
1819 483 2038 540 divinus
2064 486 2284 553 quidem
2318 492 2358 541 Α
2459 489 2490 541 1‘

2318 492 2358 541 Α
2459 489 2582 554 ΝΒ’,
2616 490 2801 544 Ταῦτα
2862 490 3051 561 ἐπειδὴ
3113 491 3182 544 τὰ
3237 491 3534 562 γράμματα
3567 487 3784 564 ﬂio-1.6
3851 498 3952 564 μιν

744 573 1048 628 Methodius
1083 573 1354 630 memoria:
1374 574 1648 628 mandavit
1681 590 1767 638 ea,
1796 589 1915 643 quae
1941 575 2144 645 scripta
2172 576 2290 630 fue-

744 673 864 718 rant
892 682 905 720 :
933 664 1159 732 improbi
1190 673 1367 718 autem
1398 663 1646 717 homines
1675 679 1793 718 eam
1824 680 1939 718 rem
1973 665 2290 730 irridebant,

741 763 798 807 et
829 754 1096 818 habebant
1121 749 1376 818 ludibrio,
1396 763 1453 808 et
1475 754 1613 808 male
1641 755 1708 807 ab
1741 755 1873 822 ipsis
1909 755 2087 811 bonus
2110 757 2296 810 audie-

745 844 832 896 bat
858 842 1192 897 Joannicius.
1226 843 1319 896 Ille
1367 858 1496 895 vero
1552 858 1675 896 cum
1732 845 2093 912 cognovisset,
2145 845 2289 913 quod

742 935 842 1000 ipsi
872 949 993 985 eum
1026 932 1508 993 calumniarentur,
1544 933 1613 985 ita
1636 942 1808 997 stans,
1841 943 1898 987 ut
1924 949 2116 990 omnes
2167 949 2289 989 eum

743 1034 960 1092 possent
985 1024 1262 1086 exaudire,
1291 1023 1356 1077 de
1377 1024 1484 1076 Deo
1509 1033 1560 1076 et
1584 1024 1748 1077 rebus
1768 1023 1966 1078 divinis
1996 1026 2287 1090 disserens,

740 1117 810 1168 ita
841 1131 931 1168 eos
955 1117 1001 1167 vi
1055 1109 1217 1184 cepit,
1252 1123 1306 1169 et
1358 1115 1411 1167 in
1445 1129 1594 1169 suam
1626 1115 1833 1186 redegit
1862 1125 2202 1184 potestatem,
2233 1125 2291 1170 ut

739 1220 850 1259 non
897 1206 1069 1260 solum
1105 1192 1475 1259 abstinuerint
1507 1220 1534 1259 a
1567 1221 1671 1260 sua.
1692 1206 1744 1259 in
1773 1219 1898 1260 eum
1933 1205 2162 1271 insania,
2194 1207 2289 1262 sed

737 1297 900 1350 etiam
929 1313 1114 1350 eorum
1145 1304 1354 1351 mentes
1377 1300 1442 1351 ad
1471 1296 1547 1360 id,
1603 1294 1748 1366 quod
1792 1307 1877 1352 est
1905 1297 2124 1364 melius,
2158 1312 2290 1354 con-

739 1389 980 1451 verterit,
1015 1397 1069 1442 et
1101 1387 1165 1442 iis
1197 1387 1454 1451 dimissis,
1491 1403 1609 1456 qua:
1651 1389 1805 1457 prius
1856 1388 1938 1445 eis
1989 1390 2104 1444 visa
2168 1389 2288 1443 fue-

743 1489 885 1538 rant.
919 1479 1230 1533 orthodoxa:
1263 1478 1386 1534 fidei
1433 1479 1976 1550 dogma-didicerint,
2033 1488 2093 1534 ut
2141 1481 2256 1548 ipse

738 1567 1059 1636 exponebat.
1090 1569 1180 1623 Sic
1202 1569 1678 1638 frequentissimus
1723 1570 1813 1624 ille
1851 1568 2085 1640 populus
2109 1571 2287 1625 victus

738 1658 841 1711 fuit
871 1658 936 1712 ab
959 1661 1119 1714 unius
1143 1659 1304 1730 hujus
1327 1661 1547 1726 virtute,
1579 1669 1636 1716 et
1652 1668 1777 1715 tota:
1799 1661 2049 1717 civitates
2071 1661 2280 1731 depen-

743 1749 945 1802 debant
972 1750 1040 1804 ab
1075 1766 1178 1804 una
1209 1751 1353 1806 illius
1391 1752 1680 1816 sententia,
1719 1753 1787 1806 iis
1816 1767 1934 1822 qua:
1961 1753 2123 1822 longo
2152 1763 2314 1822 tem-5

738 1856 866 1908 pore
899 1842 1151 1896 meditata
1177 1842 1566 1905 fuerant,brevi
1603 1843 1886 1912 depositis.
1941 1843 2004 1898 Ei
2061 1843 2280 1913 quidem

737 1932 815 1985 sic
855 1948 997 1987 cura:
1028 1935 1127 1987 fuit
1161 1934 1466 1990 communis
1501 1935 1729 1998 utilitas,
1780 1943 1835 1990 et
1865 1934 1944 1990 sic
1971 1935 2166 1990 fratres
2200 1943 2284 1990 est

735 2024 1073 2091 complexus.

814 2113 943 2166 ιλιι,
970 2115 1104 2169 Cum
1130 2128 1309 2171 autem
1335 2116 1691 2170 oratoriarum
1714 2116 1932 2182 aedium,
1958 2132 2094 2187 quas
2116 2117 2285 2172 adifi-

738 2215 978 2270 \‘ilVCl‘ﬂl,
1008 2205 1160 2261 ﬁeret
1193 2208 1464 2262 dedicatio
1485 2247 1498 2270 ,
1531 2208 1698 2261 multa
1726 2207 1793 2261 ab
1824 2209 1918 2262 illo
1947 2223 2013 2262 eo
2041 2217 2283 2277 tempore

739 2298 879 2349 facta
911 2307 1038 2351 sunt
1080 2298 1362 2360 miracula,
1395 2298 1604 2352 etiamsi
1646 2314 1754 2352 non
1785 2297 2019 2353 adesset.
2046 2298 2285 2352 Phalanx

739 2407 803 2439 ιιιι
837 2403 883 2439 ιιι
920 2391 1223 2442 ilzemonum
1262 2399 1488 2458 repente
1527 2404 1791 2458 apparens
1825 2405 1987 2458 super
2020 2392 2282 2443 tumulum

737 2478 903 2530 veluti
952 2490 1270 2548 corporata,
1313 2494 1407 2534 eos
1446 2480 1537 2549 qui
1576 2479 1686 2532 illic
1727 2477 1954 2533 aderant
1982 2480 2188 2549 redegit
2217 2479 2282 2532 ad

738 2568 1154 2624 dubitationem.
1188 2571 1321 2624 Cum
1355 2586 1483 2638 ergo
1519 2571 1734 2638 spiritu,
1764 2571 1854 2638 qui
1889 2571 1941 2622 in
1973 2585 2039 2624 eo
2075 2570 2286 2623 habita-

741 2661 850 2725 bat,
884 2677 993 2714 rem
1027 2659 1365 2728 cognovisset
1398 2669 1626 2726 magnus
1650 2659 1998 2722 Joannicins,
2032 2668 2085 2711 et
2118 2661 2287 2712 utilis-

737 2753 876 2805 simo
919 2766 1049 2804 usus
1091 2760 1234 2803 esset
1278 2749 1668 2803 medicamento
1711 2749 2063 2818 precationis,
2097 2764 2284 2803 eorum

737 2844 958 2910 quidem
991 2851 1196 2894 metum
1239 2840 1497 2904 abstulit;
1540 2839 1845 2893 daemonum
1883 2849 2062 2893 autem
2106 2840 2288 2892 multi.

739 2942 793 2983 tu
820 2934 979 2984 linem
1019 2931 1178 2984 vertit
1228 2930 1280 2983 in
1327 2930 1504 2996 fugam
1529 2969 1541 2992 ,
1584 2939 1640 2984 et
1685 2929 1812 2983 fecit
1852 2945 1946 2984 eos
1985 2930 2285 2998 liquescere

741 3031 996 3089 tauquam
1052 3035 1228 3072 ceram
1283 3035 1308 3070 a
1365 3019 1500 3071 facie
1549 3019 1704 3086 ignis.
1787 3019 2105 3086 Quicunque
2160 3035 2286 3072 vero

2400 582 2537 643 θεῖος
2572 583 2827 644 Μεοόδςιις
2855 584 2932 644 είς
2971 583 3067 652 τὴν
3111 582 3304 635 ἑαυτοῦ
3356 583 3574 652 μνήμην
3609 583 3952 651 ἀνελάμϐανε

2397 674 2462 724 τά
2494 673 2869 740 γεγραμμένα·
2897 674 2965 725 τά
3021 689 3083 739 γε
3133 673 3237 741 μὴν
3267 673 3511 740 μοχθηρὰ
3542 673 3826 742 ἀνθρώπια
3853 681 3951 742 γέ-

2394 766 2542 818 λωτά
2562 782 2618 816 τε
2647 768 2738 817 καὶ
2767 766 2987 818 παιδιὰν
3024 767 3084 818 es
3117 768 3346 834 πρᾶγμα
3379 767 3605 828 ἐτίθουν,
3638 768 3732 819 καὶ
3761 768 3950 829 κακῶς

2393 853 2604 915 δκαλὸς
2652 855 2980 917 Ίωαννίκιος
3043 856 3173 925 παρ’
3225 857 3402 908 αὐτῶν
3453 858 3706 925 ἤκουσεν.
3771 855 3826 908 Ὀ
3892 859 3949 909 δὲ

2393 947 2551 1010 γνδίλς
2575 945 2649 1008 ὡς
2687 946 3079 999 ἑνδιαδάλλοιτο
3108 946 3237 1016 παρ’
3264 946 3464 1011 αὐτῶν,
3511 949 3592 1007 εἰς
3621 947 3853 1014 inﬁxam
3888 949 3949 1000 ἀ-

2392 1036 2605 1087 πάντων
2654 1035 2804 1098 στὰς,
2866 1033 3152 1098 διεξελθὼν
3209 1035 3348 1088 οὕτω
3405 1036 3686 1103 κατάκρας
3748 1037 3947 1097 absab:

2392 1121 2502 1180 εἷλε
2527 1128 2620 1180 καὶ
2646 1127 3049 1195 παρεστήσατο.
3079 1126 3154 1189 ὡς
3187 1131 3262 1197 μὴ
3291 1126 3450 1196 μόνον
3483 1127 3583 1196 τῆς
3630 1126 3749 1178 κατ’
3780 1129 3946 1178 αὑτοῦ

2393 1219 2586 1289 μανίας
2638 1217 2992 1288 ἀποσχέσθαι,
3021 1218 3158 1272 ἀλλά
3185 1217 3283 1271 καὶ
3311 1215 3448 1286 πρὸς
3497 1217 3558 1272 τὸ
3613 1215 3820 1286 βέλτιον
3847 1218 3948 1279 τὰς

2389 1310 2611 1381 γνώμας
2638 1310 2981 1381 μεταϐαλεῖν,
3026 1311 3120 1364 καὶ
3161 1308 3270 1362 τῶν
3305 1309 3772 1379 περιδεδογμένων
3812 1310 3947 1370 ἀφεο

2391 1402 2584 1470 μένους
2620 1403 2681 1456 τδ
2717 1401 2816 1471 τῆς
2853 1398 3130 1472 ὀρθοδόξου
3181 1399 3414 1462 πίστεως
3463 1385 3640 1467 δόγμά
3666 1397 3744 1459 ὡς
3791 1391 3947 1458 ὦτός

2387 1508 2452 1560 γε
2501 1493 2794 1560 εἰσηγεῖτο,
2846 1488 3202 1560 μεταμαθεῖν.
3255 1487 3492 1552 Οὓτωςδ
3528 1487 3946 1558 μυριάνθρωπος

2389 1580 2561 1649 δῆμος
2587 1581 2816 1641 ἐκεῖνος,
2848 1578 2949 1646 τῆς
2983 1579 3103 1640 ένδς
3130 1578 3318 1631 τούτου
3355 1575 3563 1647 ἀρετῆς
3593 1578 3816 1645 ἡττᾶτο,
3851 1577 3948 1626 καὶ

2388 1671 2569 1732 πόλεις
2589 1671 2707 1724 ὅλαι
2740 1671 2866 1740 μιᾶς
2891 1669 2990 1737 τῆς
3017 1670 3226 1722 ἐκείνου
3262 1669 3484 1738 γνώμης
3522 1667 3842 1739 ιξήρτηντο,
3872 1667 3944 1717 τὰ

2315 1796 2361 1857 Β
2389 1761 2450 1814 ἐκ
2477 1760 2686 1830 μακροῦ
2714 1760 2807 1814 τοῦ
2835 1761 3025 1831 χρόνον
3062 1761 3447 1830 μελετηθέντα,
3477 1761 3534 1812 ὲν
3567 1758 3760 1828 βραχεῖ
3809 1758 3947 1810 ἀπο,-

2388 1853 2679 1921 τιθέμενοι.
2715 1852 2900 1920 Τούτῳ
2941 1853 3037 1922 μὲν
3082 1853 3143 1923 δὴ
3192 1851 3337 1905 οὕτω
3380 1855 3479 1922 τῆς
3509 1854 3694 1920 κοινῆς
3719 1849 3944 1918 ἔμελλεν

2389 1942 2674 2012 ὠφελείας,
2702 1943 2792 1995 καὶ
2829 1942 2971 1995 οὕτω
2997 1942 3101 1994 τῶν
3131 1941 3377 2009 ἀδελφῶν
3417 1942 3744 2010 περιείχετο.

2467 2117 2557 2168 ΝΓ
2580 2155 2591 2168 .
2640 2117 2790 2169 Ἐπεὶ
2828 2117 2881 2168 δὲ
2920 2119 3008 2168 καὶ
3043 2109 3115 2170 ὧν
3162 2115 3411 2182 ἐδείματο
3440 2113 3743 2181 εὖκτηρῖων
3776 2110 3943 2164 οἴκων

2387 2209 2454 2261 τὰ
2487 2211 2738 2278 ὲγκαίνια
2766 2209 3020 2274 ἐτελεῖτο,
3051 2208 3216 2261 πολλὰ
3240 2209 3378 2261 κατά
3405 2207 3494 2258 τδν
3519 2205 3708 2274 καιρὸν
3735 2206 3945 2255 ἐκεῖνον

2389 2301 2456 2354 τὰ
2485 2301 2737 2367 θαύματα
2762 2302 2851 2352 ὑπ’
2873 2300 3060 2365 αὑτοῦ,
3096 2301 3188 2352 καὶ
3214 2299 3288 2368 μὴ
3319 2298 3605 2365 παρόντος,
3631 2294 3939 2363 ἐνηργεῖτο⁹

2391 2391 2601 2460 φάλαγξ
2629 2394 2734 2462 γὰρ
2764 2391 3026 2460 δαιμόνων
3051 2391 3240 2457 ἀθρόον
3261 2389 3351 2440 τοῦ
3390 2387 3544 2455 λόγου
3571 2385 3944 2453 ὑπερφανεῖσα

2391 2483 2577 2551 ῶσπερ
2611 2485 2672 2534 ἐκ
2703 2483 2948 2551 σώματος
2991 2483 3070 2542 είς
3105 2480 3335 2548 ἀπορίαν
3386 2484 3508 2539 τοὺς
3557 2479 3670 2529 ἐκεῖ
3697 2491 3944 2542 παρατυ-

2391 2573 2582 2641 χόντας
2624 2571 2873 2640 καθίστη.
2913 2570 3002 2638 Τῷ
3037 2569 3332 2621 ἔνοικοῦντι
3377 2564 3469 2620 οὖν
3493 2567 3639 2633 αὐτῷ
3673 2564 3944 2632 πνεύματι

2390 2665 2449 2716 τὸ
2478 2665 2706 2732 πρᾶγμα
2734 2665 2892 2730 γνοὺς
2929 2665 2955 2713 ό
2986 2662 3155 2728 μέγας
3190 2659 3536 2722 Ὶωαννίκιος,
3570 2657 3663 2709 καὶ
3708 2655 3784 2724 τῷ
3813 2655 3944 2706 ἀνυ-

2393 2757 2684 2824 σιμωτάτῳ
2737 2754 3080 2824 χρησάμενος
3121 2754 3219 2820 τῆς
3262 2751 3569 2820 προσευχῆς
3638 2746 3939 2815 φαρμάκῳ,

2390 2847 2496 2898 τῶν
2533 2845 2629 2914 μὲν
2680 2845 2770 2897 τὸν
2820 2843 2980 2910 φόϐον
3019 2844 3226 2911 ἀφεῖλε,
3258 2841 3358 2908 τὴν
3409 2839 3466 2890 δὲ
3504 2837 3614 2893 τῶν
3672 2834 3944 2904 δαιμόνων

2392 2937 2600 3005 πληθὺν
2651 2936 2895 3004 φυγάδας
2945 2951 3001 2986 τε
3054 2932 3300 3000 οἴχεσθαι
3334 2927 3620 2997 πεποίηκε,
3671 2927 3765 2979 καὶ
3807 2924 3943 2978 ὡσεὶ

2391 3027 2558 3096 κηρὸν
2589 3027 2695 3079 ἀπὸ
2731 3025 3018 3092 προσώπου
3071 3022 3305 3086 τακῆναι
3344 3020 3533 3089 πυρός.
3566 3018 3720 3068 Ὅσοι
3755 3015 3808 3067 δι
3841 3015 3940 3068 καὶ

741 3109 1015 3178 aliquibus
1059 3109 1314 3178 gravibus
1366 3109 1546 3161 alﬂicti
1591 3109 1824 3168 morbis,
1873 3109 1937 3162 ad
1983 3111 2283 3162 veneranda
2316 3136 2410 3195 Β),

2273 3126 2283 3160 |
2316 3140 2358 3195 ρ
2391 3117 2652 3186 χαλεπαῖς
2693 3129 2800 3166 τισι
2873 3111 3184 3179 πιεζόμενοι
3224 3110 3398 3170 νόσοις
3426 3109 3516 3159 tui.
3556 3108 3682 3168 τοὺς
3711 3105 3942 3164 σεπτοὺς

744 3196 830 3253 gite
871 3201 1066 3266 templa
1106 3199 1497 3268 confugemnt,
1533 3215 1626 3251 eos
1663 3199 1757 3261 iis,
1800 3215 1919 3268 qua:
1957 3201 2096 3268 ipsus
2129 3215 2288 3252 vexa-

743 3289 872 3343 bant
901 3330 914 3353 ,
966 3291 1256 3354 libetatos,
1302 3289 1429 3342 fecit
1475 3289 1692 3342 domum
1734 3288 1883 3342 abire
1929 3305 2106 3343 sanos.
2150 3289 2288 3354 Quid

743 3403 768 3434 ι,
783 3398 872 3451 rgo
899 3397 1005 3436 non
1051 3391 1133 3435 est
1164 3382 1251 3436 hic
1283 3382 1380 3434 viri
1413 3381 1560 3434 illius
1591 3381 2008 3435 admirandum?
2039 3381 2120 3434 An
2149 3382 2288 3448 quod

743 3487 871 3525 eum
903 3473 1066 3526 etiam
1099 3487 1206 3525 non
1240 3482 1562 3540 praesentem
1599 3470 1846 3540 fugerent
1874 3471 2179 3523 daemones?
2213 3473 2291 3523 An

745 3556 889 3629 quod
919 3576 1052 3624 eos,
1096 3561 1188 3629 qui
1221 3575 1248 3612 a
1278 3560 1418 3612 malo
1452 3559 1634 3627 aliquo
1661 3559 2064 3628 premebantur,
2094 3560 2292 3613 libera-

749 3647 823 3704 vit
856 3667 882 3704 a
913 3650 1139 3704 dolore?
1173 3651 1305 3703 Nam
1336 3651 1418 3703 vel
1455 3650 1620 3702 solam
1658 3651 1775 3715 ejus
1803 3651 2163 3718 precationem
2195 3650 2292 3703 ad—

750 3755 938 3793 versas
965 3749 983 3791 t
1009 3740 1210 3792 muissc
1239 3738 1554 3807 phalanges,
1586 3747 1669 3790 est
1699 3737 1955 3790 indicium
1991 3737 2197 3790 ﬁduciae
2223 3737 2289 3790 ad

747 3823 939 3889 Deum,
977 3843 1005 3880 a
1043 3827 1197 3880 malis
1228 3836 1407 3880 autem
1441 3825 1671 3878 liberare
1697 3839 1814 3887 eos,
1845 3824 1937 3892 qni
1975 3825 2103 3878 illuc
2132 3839 2290 3876 acce-

750 3916 982 3983 debant,
1025 3927 1105 3972 est
1139 3928 1193 3971 et
1239 3915 1494 3974 fervoris.
1527 3924 1581 3968 et
1645 3915 2156 3970 commiserationis.
2186 3914 2291 3968 Sed

751 4008 854 4061 hoc
878 4009 1093 4076 quidem
1123 4018 1202 4061 est
1235 4001 1499 4077 ejusmodi
1532 4023 1544 4057 :
1588 4003 1717 4058 illud
1744 4014 1922 4059 autem
1947 4005 2190 4073 quisnam
2218 4005 2293 4058 si-

751 4095 919 4152 lentio
948 4098 1307 4167 pratericrit?

821 4185 954 4242 LIV.
985 4190 1062 4242 Ad
1101 4204 1223 4243 cum
1275 4189 1564 4258 aliquando
1593 4185 1954 4242 ascenderunt
1983 4187 2049 4250 ii,
2097 4185 2294 4254 quibus

2393 3207 2553 3267 ναοὺς
2609 3204 2848 3264 ἑκείνους
2885 3201 3214 3269 κατέφυγον,
3271 3201 3366 3251 καὶ
3401 3199 3624 3257 τούτους
3675 3196 3783 3248 τῶν
3828 3197 3943 3247 ενο-

2391 3298 2658 3369 χλούντων
2691 3294 3025 3359 ἀπαλλάξας,
3052 3293 3222 3357 ὑγιεῖς
3242 3291 3420 3343 οἶκαδε
3446 3289 3662 3341 ἀπιέναι
3691 3289 3940 3356 παρεῖχε.

2390 3389 2457 3442 Τί
2492 3386 2582 3443 οὖν
2613 3387 2846 3442 ενταῦθα
2903 3387 2976 3455 μὴ
3031 3386 3124 3438 τοῦ
3169 3383 3360 3452 ἀνδρὸς
3400 3381 3780 3449 θαυμαστέον;
3817 3377 3941 3432 Ὀτι

2394 3480 2486 3530 καὶ
2519 3477 2593 3545 μὴ
2634 3476 2878 3546 παρόντα
2907 3474 3096 3526 τοῦτον
3143 3473 3192 3524 οι
3224 3471 3477 3540 δαίμονες
3515 3470 3756 3537 Εφυγονς
3792 3467 3827 3536 ἢ
3856 3467 3943 3520 δτι

2393 3568 2517 3628 τοὺς
2549 3566 2653 3620 ὑπὸ
2705 3566 2908 3619 τούτων
2966 3562 3315 3630 πιεζομένους
3367 3561 3477 3613 τῶν
3540 3559 3801 3627 ἀλγεινῶν
3846 3557 3942 3610 τοῦ

2391 3657 2595 3716 πάθους
2612 3657 2918 3726 ἀπήλλαττε
2940 3673 2954 3721 ;
2974 3656 3047 3707 T‘o
3071 3654 3167 3722 μὲν
3189 3653 3296 3722 γὰρ
3323 3650 3416 3706 καὶ
3438 3651 3605 3719 μόνην
3629 3649 3725 3716 τὴν
3751 3648 3942 3700 τούτου

2392 3748 2554 3816 εὐχὴν
2589 3748 2685 3808 τὰς
2720 3746 2964 3806 ἐναντίας
3020 3745 3300 3812 φάλαγγας
3329 3742 3580 3804 δεδιέναι.
3630 3739 3943 3808 παρρησίας

2391 3836 2588 3904 δεῖγμα
2625 3837 2722 3904 τῆς
2756 3836 2890 3904 πρὸς
2929 3836 3017 3886 τὸν
3046 3833 3320 3899 Δεσπότην
3346 3831 3500 3894 Θεὸν,
3526 3830 3586 3881 τὸ
3621 3829 3675 3880 δὲ
3716 3829 3810 3880 καὶ
3840 3845 3942 3879 κα-

2393 3931 2502 3982 κῶν
2531 3928 2654 3989 τοὺς
2689 3929 2805 3979 ἐκεῖ
2846 3923 3290 3994 παραϐάλλοντας
3322 3919 3705 3982 ἀπαλλάττειν,
3740 3917 3943 3987 θερμό-

2391 4018 2550 4086 τητός
2606 4034 2665 4069 τε
2727 4017 2819 4068 καὶ
2874 4013 3232 4083 συμπαθείας.
3293 4010 3452 4063 Ἀλλά
3498 4007 3656 4061 τοῦτο
3719 4009 3820 4078 μὲν
3877 4010 3943 4075 δὴ

2393 4108 2666 4160 τοσοῦτον·
2695 4108 2873 4158 ἐκεῖνο
2903 4105 2957 4157 δὲ
2983 4105 3064 4165 τίς
3095 4102 3158 4156 ἀν
3184 4104 3358 4169 σιωπῇ
3400 4099 3654 4167 παρέλθοι
3680 4116 3698 4164 ',

2462 4194 2583 4249 NA'.
2632 4194 2884 4263 ’Δνῆλθόν
2918 4210 3047 4245 ποτε
3084 4193 3218 4257 πρὸς
3274 4188 3433 4242 αὑτὸν
3470 4188 3519 4240 οι
3553 4189 3648 4253 τὴν
3701 4203 3940 4256 προστα-

750 4283 927 4334 fuerat
970 4283 1254 4334 commissa
1293 4272 1608 4349 praefectura
1643 4279 2002 4346 templorum,
2033 4293 2153 4345 qua:
2183 4275 2294 4343 ipse
2395 4305 2419 4340 ο

2272 4292 2294 4332 Β
2395 4286 2512 4340 σίιν
2572 4280 2645 4338 ὧν
2717 4279 2869 4345 οὗτος
2933 4284 3182 4350 ἐδείματο
3239 4280 3380 4332 ναῶν
3448 4275 3941 4345 ἐγκεχειρισμένα.

749 4381 1110 4427 cxstruxerat.
1169 4370 1303 4424 Cum
1359 4381 1536 4424 autent
1597 4378 1839 4423 sanctum
1891 4369 2292 4429 convenissent,
2407 4381 2418 4398 ε

2279 4407 2292 4429 ο
2407 4379 2622 4447 Ἐπειδὴ
2653 4377 2708 4430 δὲ
2740 4377 2819 4438 εις
2849 4375 3038 4441 λόγους
3071 4373 3276 4424 ἔλθοιεν
3299 4367 3374 4439 τῷ
3411 4369 3570 4436 ἁγίῳ,
3600 4369 3690 4420 καί
3719 4386 3800 4428 τις
3822 4367 3945 4418 τού-

752 4474 807 4517 ει
837 4478 959 4517 enm
1003 4463 1122 4517 ﬁxis
1166 4462 1338 4516 oculis
1375 4461 1707 4530 adspexisset
1744 4459 1960 4522 quidam
1998 4473 2062 4511 ex
2100 4459 2199 4520 eis,
2237 4459 2286 4512 ei
2322 4463 2362 4514 D
2390 4487 2418 4522 τ

2274 4459 2286 4511 ί
2322 4463 2362 4514 Ῑ)
2390 4487 2496 4522 των
2517 4469 2702 4530 ἀτενὲς
2731 4465 2878 4535 αὑτῷ
2899 4462 3119 4532 ἐνορῶν,
3147 4463 3323 4534 ἔννοια
3341 4458 3512 4526 τούτῳ
3537 4457 3763 4524 γίνεται,
3786 4455 3858 4520 ὡς
3883 4457 3943 4509 Et

748 4558 901 4611 venit
947 4557 998 4608 in
1039 4563 1272 4610 mentem
1331 4556 1604 4621 cogitare:
1646 4549 1700 4602 Si
1748 4549 1835 4601 hic
1878 4549 2095 4602 divinus
2135 4548 2294 4602 Pater
2393 4561 2417 4611 ά

2275 4564 2294 4600 Γ
2393 4561 2421 4611 ό
2457 4557 2594 4621 θεῖος
2642 4551 2792 4618 οὗτος
2853 4554 3040 4622 Πατὴρ
3079 4549 3402 4610 ἰωαννίκιος
3436 4547 3562 4604 τοὺς
3612 4545 3944 4614 ἀσκητικοὺς

749 4647 1065 4702 Joannicius
1099 4660 1322 4699 summa:
1353 4644 1517 4698 subiit
1549 4643 1759 4694 labores
1784 4640 2208 4703 exercitationis,
2239 4651 2294 4693 et
2391 4667 2418 4701 τ

2277 4651 2294 4692 ι
2391 4651 2497 4701 τῶν
2523 4648 2700 4699 πόνων
2739 4646 2922 4713 ἄκρως
2955 4641 3169 4712 μετῄει,
3204 4643 3299 4691 καλ⁵
3355 4635 3722 4705 πολυημέροις
3748 4631 3943 4684 ἑαυτὸν

750 4755 808 4793 sc
842 4738 1132 4792 multorum
1168 4737 1376 4790 dierum
1411 4731 1593 4786 amisit
1618 4732 1837 4801 jejuniis
1859 4769 1872 4792 ,
1915 4746 2012 4784 cur
2041 4746 2148 4783 non
2179 4745 2297 4783 car-

755 4830 836 4882 nis
866 4829 998 4882 vicit
1041 4825 1474 4886 multitudinem,
1517 4823 1610 4877 sed
1651 4830 1731 4875 est
1765 4821 1942 4874 adhuc
1978 4820 2168 4873 similis
2207 4820 2292 4881 iis,

751 4918 844 4989 qui
885 4928 1010 4973 sunt
1051 4913 1204 4972 bona:
1249 4912 1586 4968 habitudiuis
1613 4913 1888 4981 corporis,
1924 4919 1976 4963 et
2004 4910 2212 4979 seipsos
2241 4909 2295 4962 in

752 5009 900 5063 tibiis
951 5005 1392 5078 pinguefaciunt?
1440 5005 1573 5058 Cum
1624 5013 1804 5056 autem
1857 5001 1902 5054 is
1955 5001 2068 5054 haec
2117 5012 2296 5053 mente

753 5107 1018 5158 versaret,
1046 5095 1182 5151 dixit
1215 5095 1301 5148 hic
1331 5093 1412 5146 vir
1437 5091 1776 5147 admirabilis
1821 5109 1834 5152 ;
1863 5090 1907 5144 Ο
1950 5090 2128 5142 Macar
2160 5089 2297 5159 (erat

754 5191 898 5242 enim
940 5189 991 5243 ei
1018 5189 1120 5240 hoc
1150 5187 1392 5255 nomen),
1419 5184 1880 5252 cnreogilaliones
1907 5179 2206 5233 ascendunt
2242 5178 2294 5231 in

755 5292 852 5328 τοι-
898 5275 1094 5329 tium?
1135 5275 1246 5328 Non
1281 5272 1562 5327 suntmilii
1613 5271 1755 5324 tibiae
1801 5269 1971 5338 plena:
2016 5266 2292 5328 carnibus,

756 5365 848 5419 sed
877 5365 1028 5419 vides
1053 5363 1509 5432 quemadmodum
1537 5369 1860 5420 tumescant,
1891 5373 2012 5412 cum
2039 5358 2148 5411 sint
2182 5356 2300 5410 ina-

755 5467 852 5509 nes
892 5465 946 5509 ct
989 5451 1257 5514 ﬂatuosae,
1293 5453 1436 5522 quod
1470 5450 1688 5520 quidem
1732 5449 1868 5502 solet
1917 5447 2093 5501 facere
2127 5445 2299 5500 malus

756 5550 912 5600 ribus
971 5537 1252 5600 stomacho
1314 5552 1614 5612 susceptus.
1680 5541 1834 5595 Illum
1889 5545 2065 5592 autem
2118 5536 2296 5590 statim

758 5638 924 5690 subiit
971 5636 1320 5705 pmuitentia,
1362 5641 1413 5687 ct
1451 5634 1679 5687 multum
1721 5629 2071 5699 reprehendit
2105 5643 2296 5680 vanam

753 5744 868 5780 ευτ’
919 5729 1109 5782 tuentis
1153 5725 1552 5795 cogitationem,
1601 5732 1652 5775 et
1702 5723 1858 5791 petiit
1905 5721 2114 5774 veniam
2158 5715 2292 5785 ejus,

763 5821 904 5887 quod
937 5823 982 5873 ei
1014 5824 1062 5874 iu
1095 5829 1322 5873 mentem
1361 5825 1598 5872 venerat.

2394 4739 2652 4798 ὶκδέδωκε
2678 4739 2795 4797 ταῖς
2832 4733 3128 4801 νηστείαις,
3158 4731 3209 4782 τί
3239 4731 3372 4798 δῆτα
3425 4727 3499 4796 μὴ
3544 4727 3635 4779 τοῦ
3664 4725 3774 4778 τῶν
3812 4741 3944 4790 σαρ-

2395 4829 2504 4882 κῶν
2533 4829 2800 4897 ὲκράτησε
2829 4825 3089 4892 πλήθους,
3139 4821 3250 4875 ἀλλ’
3290 4821 3372 4872 ἔτι
3417 4822 3532 4880 τοῖς
3560 4815 3940 4883 εὑσωματοῦσι

2396 4921 2488 4972 καὶ
2522 4918 2823 4971 πιαίνουσιν
2857 4918 3083 4977 ἑαυτοὺς
3135 4916 3231 4974 τὰς
3288 4913 3507 4981 κνήμας
3537 4909 3685 4961 ἐστὶν
3713 4909 3898 4976 ὅμοιος
3928 4921 3943 4968 ;

2408 5010 2496 5062 Ἐν
2519 5011 2626 5078 ὅσῳ
2649 5008 2706 5060 at
2737 5002 2886 5068 οὗτος
2919 5005 3086 5056 ταῦτα
3113 5003 3342 5070 ἔστρεφε
3391 5001 3535 5052 κατά
3568 4997 3714 5058 νοῦν,
3746 4999 3774 5048 ὁ
3811 4995 3945 5048 θαυ-

2399 5097 2589 5168 μάσιος
2618 5089 2794 5159 οὗτος,
2824 5091 2895 5147 Ὦ
2922 5093 3142 5161 Μάκαρ,
3182 5091 3284 5158 ἔφη
3320 5087 3496 5152 (τοῦτο
3537 5091 3642 5154 γὰρ
3669 5081 3736 5155 ἦν
3771 5086 3941 5152 ὄνομα

2397 5191 2476 5259 τῷ
2505 5187 2703 5258 ἀνδρὶ),
2739 5187 2826 5239 ῖνα
2871 5183 2923 5238 τι
2974 5183 3312 5249 διαλογισμοὶ
3353 5177 3732 5259 ἀναὸαίνουσιν
3783 5177 3842 5226 ιν
3872 5177 3940 5244 τῇ

2399 5280 2592 5349 καρδίᾳ
2621 5295 2749 5342 σου;
2779 5276 2878 5328 οὐκ
2912 5273 3036 5342 ἐμοὶ
3060 5270 3351 5341 πλήθουσιν
3378 5269 3435 5319 αι
3471 5269 3673 5338 κνῆμαι
3698 5265 3950 5340 σαρκῶν,

2396 5369 2512 5422 ἀλλ’
2567 5370 2698 5439 δρᾷς
2749 5367 2822 5430 ὡς
2877 5360 3182 5424 διοιδοῦσιν,
3234 5359 3486 5412 ὑπόκενοι
3535 5374 3593 5409 τε
3649 5353 3802 5409 οὖσαι
3846 5357 3941 5408 καὶ

2399 5455 2822 5528 πνευματώδεις,
2853 5456 2881 5508 ὃ
2923 5453 3188 5522 στομάχου
3257 5445 3365 5501 οἶδε
3410 5448 3696 5500 κακοσιτία
3724 5448 3897 5498 ποιεῖν
3925 5485 3940 5498 .

2399 5551 2488 5620 Τῷ
2513 5551 2570 5604 δὲ
2605 5547 2865 5619 μετέμελέ
2887 5563 2944 5598 τε
2974 5545 3194 5605 αὐτίκα,
3243 5540 3336 5592 καὶ
3367 5538 3536 5590 πολλὰ
3574 5537 3672 5607 τὴν
3723 5536 3829 5589 τῶν
3860 5535 3946 5587 λο-

2401 5643 2611 5712 γισμῶν
2656 5641 2929 5708 ἐμέμφετο
2980 5631 3469 5705 ματαιοφροσύνην,
3504 5631 3594 5684 καί⁸
3618 5626 3946 5697 συγγνώμην

2407 5734 2521 5802 ᾔτει
2555 5733 2647 5800 τῆς
2678 5731 3043 5799 ινθυμῄσεως.
