4226 6418
736 385 801 450 91
1939 385 2220 442 MENSIS
2260 385 2686 443 NOVEMBER.
3878 379 3949 444 92

737 489 926 544 lentia.
954 486 1066 540 IIoc
1095 497 1274 540 autem
1305 498 1491 540 sancto
1527 489 1842 556 praedictum
1878 489 2056 540 fuerat
2091 488 2156 540 ab
2191 490 2296 540 Illis
2328 492 2368 546 Α
2401 512 2406 539 ς

2279 505 2296 534 s
2328 492 2368 546 Α
2401 491 2572 558 ἀρχὴν
2599 491 2690 542 τὸν
2731 490 2986 561 τρύχινον
3015 492 3217 560 χιτῶνα
3259 492 3566 544 δεδοικότων
3600 495 3843 562 μτναχῶν
3869 499 3948 565 τῷ

736 579 1047 639 monachis.
1083 579 1174 645 qui
1212 578 1258 630 ci
1288 578 1355 631 ab
1392 580 1544 633 initio
1578 579 1838 632 dederant
1877 581 2016 631 illam
2052 581 2287 632 tunicam

734 671 861 739 pilis
892 679 1217 721 contextam.
1245 667 1497 721 Tentatio
1523 671 1694 732 enirn,
1728 670 1986 722 dixerunt
2021 670 2116 734 illi,
2148 670 2212 721 ad
2241 682 2290 723 te

739 760 919 812 veniet
952 760 1002 811 in
1038 760 1165 818 line.
1200 759 1290 811 St'd
1326 760 1436 826 ipsa
1471 775 1685 827 quoque
1721 761 1890 814 irrita.

806 847 964 900 LVII.
1019 847 1155 900 Cum
1211 856 1388 899 autem
1439 860 1656 902 sanctus
1695 851 1804 917 jam
1855 851 1920 900 ad
1970 850 2288 918 profundam

736 939 1090 1005 processisset
1113 947 1472 998 senectutem,
1499 949 1552 991 ct
1575 941 1678 993 illis
1700 941 2113 995 admirabilibus
2142 943 2291 995 labo-

737 1030 892 1083 ribus
923 1030 1326 1083 exercitationis
1349 1032 1611 1083 emisisset
1640 1033 1906 1093 infirmus.
1938 1035 1990 1086 in
2017 1047 2290 1088 monaste-

737 1123 818 1174 rio
859 1120 1061 1174 Antidii
1097 1131 1368 1174 exstincta
1423 1122 1633 1183 cellula,
1690 1122 1797 1176 illic
1832 1140 1888 1177 se
1926 1125 2178 1179 includit.
2236 1126 2289 1180 Si

737 1211 957 1277 quando
982 1223 1162 1265 autem
1195 1230 1317 1265 eum
1358 1226 1579 1268 vocaret
1608 1229 1840 1284 tempus.
1873 1228 1930 1271 ut
1959 1219 2107 1273 illinc
2141 1237 2294 1288 egre-

744 1305 990 1363 deretur,
1037 1305 1303 1357 transibat
1336 1323 1432 1373 per
1473 1309 1612 1359 viam
1656 1310 1926 1376 publicam
1950 1350 1964 1373 ,
1994 1329 2059 1365 ne
2090 1313 2156 1365 ab
2191 1316 2294 1367 illis

742 1391 962 1458 quidem
998 1395 1145 1446 visus
1181 1411 1367 1464 magna
1403 1413 1466 1449 ex
1499 1409 1670 1466 parte,
1697 1416 1724 1452 a
1757 1403 1957 1468 quibus
1993 1419 2058 1456 nc
2086 1405 2294 1457 volebat

749 1487 969 1552 quidem
1016 1488 1236 1537 omnino
1287 1490 1474 1554 aspici.
1518 1492 1717 1553 Quinto
1745 1508 1870 1544 vero
1899 1509 2038 1544 anno
2079 1495 2292 1560 imperii

742 1577 1038 1638 Michaelis.
1070 1579 1161 1646 qui
1211 1580 1505 1633 Ecclesium
1538 1583 1755 1650 regebat
1800 1583 2136 1648 Mcthodius,
2168 1602 2290 1638 cum

742 1669 917 1736 magni
955 1669 1220 1722 Joannicii
1279 1672 1342 1722 ad
1377 1672 1662 1724 Dominum
1690 1690 1967 1726 excessum
1996 1679 2266 1744 praescivis

741 1768 824 1812 set
859 1761 969 1827 jam
1013 1763 1450 1830 apprOpinqnare
1474 1805 1487 1825 ,
1529 1765 1594 1818 ad
1627 1781 1750 1818 eum
1789 1769 1966 1826 venit.
1999 1778 2051 1819 et
2083 1771 2294 1824 nliimas

742 1863 934 1915 preces
976 1851 1043 1902 ab
1079 1867 1142 1904 eo
1176 1853 1349 1919 petiit.
1387 1855 1478 1906 Ille
1508 1865 1689 1908 autem
1725 1872 1847 1908 cum
1877 1858 2097 1911 maximi
2133 1859 2288 1913 fecis-

743 1951 826 1991 set
878 1943 1171 1994 convenire
1215 1943 1569 2007 Methodium,
1617 1955 1671 1998 et
1716 1948 1767 2000 in
1810 1948 2029 2016 longum
2083 1961 2292 2018 tempus

743 2046 866 2084 eum
916 2048 980 2086 eo
1031 2034 1374 2101 produxisset
1421 2050 1762 2101 sermonem,
1813 2047 1868 2090 et
1904 2039 2095 2091 deinde
2139 2057 2292 2094 sacro

745 2124 909 2174 coetui
942 2133 995 2174 et
1031 2138 1219 2176 recens
1259 2127 1430 2177 electo
1469 2125 1612 2192 gregi
1646 2141 1729 2188 ea,
1766 2142 1886 2192 quae
1924 2129 1988 2179 ad
2037 2129 2290 2194 pietatem

747 2228 884 2277 opus
912 2225 1088 2273 erant.
1117 2215 1397 2270 suasisset.
1431 2215 1616 2268 dicens
1642 2226 1697 2268 ut
1729 2217 2078 2269 imnmbiliter
2106 2228 2160 2270 et
2189 2228 2296 2270 sta-

750 2301 934 2353 biliter
962 2315 1344 2368 permanerent
1373 2306 1422 2356 in
1453 2306 1556 2358 fide
1590 2307 1912 2368 orthodoxa,
1935 2322 2110 2373 neque
2133 2323 2290 2361 ever-

752 2402 998 2447 terentur
1042 2409 1068 2445 a
1104 2395 1341 2462 profanis
1372 2397 1597 2447 vocibus
1624 2396 2021 2456 lmretimrum,
2063 2409 2116 2451 et
2153 2397 2294 2450 inter

747 2501 804 2538 so
851 2498 1238 2540 conscrvarcnt
1282 2489 1662 2549 concordiam.
1699 2504 1876 2556 neque
1925 2488 2292 2556 blasphemam

745 2585 800 2628 et
838 2577 1150 2630 maledicam
1221 2579 1458 2644 linguam
1540 2589 1818 2631 moverent
1865 2578 1916 2630 in
1966 2579 2292 2646 pontificem,

747 2665 1066 2735 subjunxit,
1110 2668 1251 2735 quod
1301 2683 1400 2719 nec
1443 2669 1670 2721 multum
1723 2678 1935 2735 tempus
1978 2679 2094 2736 post
2139 2686 2293 2722 suum

749 2756 1029 2808 decessum
1058 2758 1261 2810 γίγνει-ι
1291 2756 1614 2821 Mcthodius,
1652 2773 1756 2825 qua
1787 2758 2002 2825 quidem
2033 2759 2083 2809 in
2111 2774 2165 2812 re
2189 2775 2294 2813 non

752 2847 854 2897 fuit
893 2848 1076 2899 falsus.
1115 2847 1298 2898 Tertio
1336 2849 1480 2899 enim
1515 2849 1631 2910 die,
1672 2858 1952 2914 postquam
1986 2850 2097 2901 haec
2129 2851 2295 2902 dixis-

750 2946 832 2986 set
907 2948 1039 2988 (erat
1082 2953 1208 2989 vero
1257 2941 1449 2991 tertius
1491 2938 1615 3007 Hor.
1648 2939 1893 3010 quartus]
1928 2941 2296 3005 Novembris),

750 3027 809 3077 I).
844 3027 1157 3079 Joannicius
1185 3028 1378 3094 spiritu
1402 3029 1624 3095 quidem
1653 3030 1847 3098 migrat
1870 3032 1934 3082 ad
1966 3047 2112 3091 eum.
2138 3049 2296 3100 quem

2394 584 2534 651 ἁγίῳ
2564 584 2875 650 προείρητο.
2907 585 3216 653 Πειρασμδς
3237 583 3364 652 γὰρ.
3398 580 3554 637 εἷπον
3574 586 3787 650 ἐκεῖνοι,
3812 591 3951 658 πρὸς

2393 678 2454 742 τῇ
2486 673 2705 743 τελευτῇ
2739 674 3088 726 ἐπελεύσεται
3124 691 3230 738 σοι,
3274 675 3391 728 ἀλλ’
3423 677 3508 739 είς
3532 677 3684 731 κενὸν
3708 681 3800 732 καὶ
3851 683 3947 733 αὐ-

2389 765 2479 825 τὸς
2508 768 2873 833 προχωρήσει.

2461 853 2583 904 NZ'.
2608 855 2697 917 Είς
2728 855 2936 923 saeuae
2964 858 3139 927 γῆρας
3168 860 3195 910 6
3216 860 3369 926 ἅγιος
3395 859 3611 920 ἐλάσας,
3641 859 3733 912 καὶ
3747 862 3854 921 τοῖς
3885 859 3946 910 6-

2395 951 2691 1019 περφυέσιν
2708 952 2930 1014 ἐκείνοις
2945 969 3009 1004 πε
3019 955 3070 1021 pi.
3086 957 3181 1020 τὴν
3199 955 3431 1020 ἄσκησιν
3451 955 3629 1014 πόνοις
3643 952 3946 1019 ἡτονηκὼςν

2396 1045 2544 1111 παρᾶ
2570 1046 2634 1110 τῇ
2679 1042 2812 1096 Δίου
2847 1047 2979 1112 μονῇ
3015 1043 3223 1095 κελλίον
3245 1044 3567 1111 δειμάμενος
3610 1046 3723 1095 ἐκεί
3757 1043 3948 1094 ἑαυτὸν

2393 1134 2720 1186 κατακλείει.
2748 1135 2806 1185 EI
2844 1133 2898 1184 δέ
2938 1150 3062 1185 ποτε
3091 1133 3276 1185 τοῦτον
3306 1137 3495 1201 καιρὸς
3553 1133 3788 1196 ἐξελθεῖν
3821 1134 3950 1185 ἑκά·

2393 1219 2516 1282 λει,ι
2545 1219 2682 1288 διῄει
2733 1220 2832 1271 ἀνά
2874 1222 3046 1288 μέσην
3081 1222 3179 1287 τὴν
3232 1222 3519 1291 λεωφόρςν,
3571 1223 3641 1289 μὴ
3675 1223 3952 1288 ὁρώμενος

2394 1312 2462 1364 τὰ
2495 1313 2662 1363 πολλᾶ
2694 1313 2782 1362 ὑπ’
2809 1314 3052 1375 ἐκείνων,
3084 1314 3171 1378 ὑψ⁵
3205 1307 3279 1364 ὧν
3320 1315 3534 1366 πάντως
3563 1315 3690 1379 μηδὲ
3715 1311 3950 1381 ὁρᾶσθαι

2394 1402 2665 1470 ἠϐούλετο.
2704 1405 2942 1471 Πέμπτῳ
2988 1403 3041 1456 δὲ
3076 1403 3184 1454 ἔτει
3208 1404 3304 1469 τῆς
3340 1403 3558 1470 Μιχαὴλ
3593 1403 3765 1470 ἀρχῆς
3816 1405 3842 1453 6
3879 1402 3952 1452 τὰ

2394 1495 2489 1557 τῆς
2543 1492 2872 1560 Ἐκκλησίας
2910 1493 3104 1543 ἰθύνων
3130 1492 3402 1552 Μεθόδιος.
3445 1494 3543 1560 τὴν
3573 1492 3665 1544 τοῦ
3714 1493 3952 1559 μεγάλου

2395 1583 2528 1650 πρὸς
2555 1583 2751 1648 Κύριον
2787 1583 3058 1650 ἐκδημίαν
3095 1584 3414 1647 ἐγγίζουσαν
3437 1585 3536 1651 ἢδη
3565 1583 3950 1650 προεγνωκὼς,

2395 1675 2531 1741 πρὸς
2559 1673 2718 1725 αὐτόν
2746 1691 2802 1724 τε
2823 1675 2963 1740 ἥκει,
2998 1676 3091 1726 καὶ
3120 1677 3245 1744 τσρ²
3271 1675 3433 1727 αὐτοῦ
3459 1675 3620 1742 εὐχὰς
3647 1675 3744 1736 τὰς
3773 1675 3959 1727 τελευ-

2394 1767 2547 1825 ταίας
2579 1767 2776 1833 ἐζήτει.
2827 1766 2885 1816 ’0
2917 1765 2971 1816 δὲ
2994 1767 3119 1833 περὶ
3142 1766 3341 1825 παντός
3363 1781 3423 1815 τε
3453 1767 3548 1833 τὴν
3573 1767 3665 1816 τοῦ
3688 1766 3952 1818 Μεθοῗίου

2399 1855 2769 1923 ποιησάμενος
2812 1852 3070 1916 ἔντευξιν,
3102 1856 3191 1905 καὶ
3235 1854 3333 1918 τὴν
3365 1852 3501 1921 πρὸς
3545 1853 3704 1906 αὐτὸν
3727 1854 3950 1922 ὁμιλίαν

2399 1947 2490 1995 ἐπὶ
2516 1943 2648 1995 πολὺ
2685 1944 3036 2012 παρατείνας.
3072 1938 3189 1994 εἶτα
3223 1941 3299 2010 τῷ
3348 1942 3604 2011 ίερατικῷ
3638 1959 3696 1994 τε
3730 1941 3952 2009 πληρώ-

2403 2051 2528 2102 ματι
2563 2035 2656 2086 καὶ
2681 2037 2746 2101 τῇ
2781 2033 3042 2098 νεολέκτῳ
3073 2035 3280 2101 ποίμνῃ
3308 2035 3376 2085 τὰ
3407 2034 3592 2086 δέοντα
3627 2034 3761 2099 πρὸς
3796 2033 3952 2085 εὐσέ-

2399 2125 2550 2176 ϐειαν
2595 2123 2950 2191 παραινέσας.
3015 2125 3428 2190 ἀμετακινήτως
3468 2126 3532 2191 τῇ
3567 2123 3826 2190 ὀρθοδόξῳ
3861 2122 3952 2173 πί-

2400 2231 2510 2265 στει
2545 2215 2640 2266 καὶ
2673 2214 2885 2279 παγίως
2911 2213 3190 2280 ἐμμένειν,
3223 2214 3355 2281 μηδὲ
3383 2216 3501 2275 ταῖς
3525 2215 3630 2265 τῶν
3655 2214 3949 2280 αίρετικῶν

2401 2303 2845 2372 παρατρέπεσθαι
2883 2305 3132 2372 βεϐήλοις
3170 2305 3547 2370 κενοφωνίαις,
3596 2305 3849 2372 ὁμόνοιάν
3888 2320 3948 2355 τε

2402 2395 2534 2462 πρὸς
2584 2393 2841 2461 ἀλλήλους
2900 2393 3186 2460 φυλάττειν
3229 2394 3416 2456 εἰπὼν,
3458 2395 3590 2462 μηδὲ
3632 2396 3951 2462 βλάσφημον

2400 2485 2539 2534 κατὰ
2569 2483 2660 2534 τοῦ
2696 2485 2989 2551 ἀρχιερέως
3042 2483 3289 2548 γλῶσσαν
3346 2487 3548 2535 κινεῖν·
3603 2487 3824 2536 ἐπεῖπεν
3877 2486 3952 2546 ὡς

2400 2575 2550 2626 οῦδὲν
2567 2573 2728 2625 πολύν
2746 2592 2864 2624 τινα
2884 2573 3068 2640 χρόνον
3081 2573 3216 2639 μετὰ
3238 2575 3331 2640 τὴν
3355 2574 3516 2625 αὑτοῦ
3534 2574 3783 2640 τελευτὴν
3799 2577 3825 2626 ὁ
3843 2575 3951 2625 Με-

2403 2666 2571 2725 θόδιος
2603 2664 2904 2725 ἐπιϐιώσει,
2937 2663 3074 2729 ὅπερ
3105 2663 3401 2714 οὐδὲτοῦτο
3428 2663 3653 2730 ἐσφάλη.
3690 2664 3859 2730 Τρίτῃ
3889 2680 3950 2713 τε

2403 2771 2508 2822 γαρ
2549 2755 2684 2822 μετὰ
2735 2754 2922 2805 τούσδε
2980 2755 3107 2812 τοὺς
3164 2753 3356 2818 λόγους
3388 2753 3568 2822 ἡμέρᾳ
3605 2751 3817 2820 ἠνύετο,
3858 2752 3954 2802 καὶ

2403 2850 2592 2917 τρίτην
2621 2849 2647 2897 6
2701 2847 3004 2913 Νοέμὸριος
3056 2841 3179 2912 ἦγε.
3209 2845 3316 2894 Καὶ
3349 2845 3375 2893 ὁ
3414 2845 3509 2909 μὲν
3543 2843 3684 2904 θεῖος
3728 2843 3956 2894 Ὶωαννί·

2403 2955 2517 2998 κιος
2568 2938 2643 3005 τῷ
2697 2936 2964 3004 πνεύματι
3003 2935 3126 3002 μὲν,
3165 2934 3296 3002 πρὸς
3327 2934 3384 2985 ὃν
3413 2933 3602 3000 ἠγάπα
3632 2934 3951 3001 μεταφοιτᾷ,

2403 3033 2581 3098 χοροῖς
2636 3029 2879 3094 ἀγγέλων
2947 3025 3466 3093 παραπεμπόμενος,
3525 3042 3598 3091 τῳ
3642 3023 3851 3091 σώματι
3895 3025 3951 3076 δὲ

750 3117 943 3183 diligit,
968 3118 1232 3171 deductus
1256 3135 1282 3170 a
1307 3120 1489 3172 choris
1510 3122 1864 3188 angelorum:
1895 3137 2094 3189 corpus
2117 3135 2295 3176 autem
2329 3159 2370 3213 Ο
2409 3135 2419 3166 τ

2284 3148 2295 3176 ι
2329 3159 2370 3213 C
2409 3117 2547 3213 σορῷ
2576 3117 2943 3213 κατατίθεται.
2978 3115 3233 3213 bris-666m;
3276 3114 3330 3165 δὲ
3389 3113 3953 3213 6.13gtﬁpb‘v}.dp¢fc

757 3206 1051 3272 deponitur
1094 3210 1142 3260 in
1182 3212 1381 3264 loculo.
1420 3211 1723 3264 Methodius
1763 3222 1962 3276 autem,
1992 3215 2081 3282 qui
2112 3217 2300 3268 claris—

758 3297 895 3348 sime
926 3298 1136 3351 refulsit
1169 3301 1310 3352 inter
1337 3303 1699 3367 patriarchas,
1731 3303 1842 3368 ipse
1871 3319 2082 3370 quoque
2113 3315 2303 3357 octavo

758 3402 942 3440 mense
973 3398 1095 3453 post
1139 3392 1286 3442 illius
1329 3393 1645 3455 decessum,
1688 3395 1917 3448 excessit
1952 3409 2016 3448 ex
2066 3395 2165 3448 bac
2198 3398 2303 3448 vita

752 3487 945 3543 quarto
978 3480 1185 3531 decimo
1206 3480 1374 3532 Junii.

833 3565 1007 3621 LVIII.
1045 3571 1297 3630 Quaenam
1330 3580 1510 3624 autem
1541 3583 1670 3625 sunt
1703 3587 1786 3635 ea.
1815 3589 1934 3641 qua:
1982 3573 2117 3626 facta
2177 3585 2306 3628 sunt

755 3654 816 3705 in
845 3668 1016 3709 morte
1047 3669 1101 3708 et
1128 3671 1245 3726 post
1271 3671 1501 3713 mortem
1529 3662 1863 3716 admirabilis
1899 3664 2059 3732 hujus
2080 3665 2304 3718 Joanni-

755 3747 828 3800 cii
851 3745 872 3797 ?
897 3747 1291 3802 Dissolutorum
1324 3752 1692 3805 membrorum
1719 3755 2174 3815 confirmationes.
2210 3755 2308 3808 bo-

758 3838 932 3890 mines
968 3837 1179 3891 liberati
1221 3856 1248 3892 a
1293 3841 1540 3909 malignis
1581 3843 1896 3910 spiritibus.
1935 3846 1977 3897 si
2020 3847 2193 3898 solum
2238 3845 2304 3899 ad

757 3939 972 3993 capsam
1003 3925 1152 3980 illius
1178 3929 1556 3985 accessissent.
1584 3931 1781 3994 Quidni
1815 3934 1959 3986 enim
1993 3944 2112 3987 erat
2141 3935 2306 3987 Joan-

761 4018 938 4070 nicius
987 4018 1053 4070 iis
1097 4019 1261 4071 rebus
1317 4020 1398 4070 vel
1449 4030 1570 4087 post
1617 4033 1846 4075 mortem
1901 4023 2302 4092 glorificandus,

759 4108 916 4174 cujus
941 4107 1225 4160 decessum
1265 4109 1516 4162 columna
1557 4110 1693 4177 ignis
1723 4113 2046 4180 significavit
2086 4115 2181 4172 iis.
2213 4117 2303 4182 qui

759 4197 993 4249 erantin
1019 4207 1198 4250 monte
1219 4198 1664 4268 Olympotquem
1689 4214 2084 4269 praecesserunt
2108 4205 2304 4272 angeli,

761 4287 999 4354 paradisi
1035 4298 1215 4353 portas
1246 4290 1295 4341 ei
1329 4292 1657 4356 aperientes.
1690 4299 1742 4343 et
1777 4295 2209 4346 transmittentes
2239 4294 2304 4346 ad

761 4390 880 4429 eam
902 4417 916 4437 .
953 4391 1072 4444 quae
1114 4388 1194 4431 est
1235 4380 1375 4443 illic,
1409 4381 1796 4434 beatitudinem
1818 4423 1832 4446 ,
1863 4398 1994 4450 pure
2025 4385 2303 4450 apparitu-

768 4479 887 4516 rum
910 4475 1034 4518 ante
1065 4467 1256 4519 facicm
1287 4469 1520 4533 Domini,
1546 4480 1600 4522 et
1626 4471 1785 4524 simul
1813 4482 2152 4524 versaturum
2179 4489 2301 4526 cum
2334 4474 2381 4531 D
2408 4464 2437 4514 δ

2370 4464 2660 4525 ,δάσοντες
2705 4463 2954 4531 καθαρῶς
2989 4461 3526 4530 ὲμφανισθησόμενον
3569 4460 3646 4529 τῷ
3676 4462 3952 4531 προσώπῳ
4027 4515 4039 4528 ι

759 4557 1021 4623 angelicis
1045 4558 1361 4611 ordinibus?
1383 4576 1411 4611 a
1441 4563 1641 4628 quibus
1672 4563 1823 4616 beata
1847 4563 2083 4617 Trinitas
2110 4565 2301 4617 lauda-

761 4651 852 4695 tur
887 4653 941 4696 et
981 4645 1314 4711 gloriﬁcatur
1353 4664 1532 4709 nunc.
1573 4664 1628 4704 et
1662 4652 1714 4704 in
1754 4668 2025 4721 nunquam
2065 4653 2301 4706 desitura

760 4734 955 4785 secula
988 4737 1325 4788 saeculorum.
1367 4740 1534 4792 Amen
1571 4742 1664 4808 (I).

2406 3210 2462 3257 ἑν
2521 3207 2904 3273 πατριάρχαις,
2946 3205 3081 3272 μετὰ
3141 3204 3313 3272 μῆνας
3363 3206 3456 3256 καὶ
3479 3198 3630 3266 οὗτος
3667 3205 3810 3256 ὀκτὼ
3853 3207 3955 3274 τῆς

2405 3297 2611 3347 ἐκείνου
2657 3295 2909 3361 τελευτῆς
2949 3292 3183 3356 ὰπεῦίω,
3223 3294 3812 3364 τεσσαρεσκαιδεκάτης
3843 3298 3954 3349 ἑνι-

2408 3388 2681 3455 στιμένης
2716 3386 2792 3454 τῷ
2822 3385 3047 3454 Ἰουνίῳ.

2476 3560 2606 3614 Νιια.
2641 3557 2772 3610 Τίνα
2801 3560 2928 3626 γοῦν
2955 3559 3020 3611 τὰ
3043 3559 3183 3611 κατὰ
3208 3558 3304 3628 τὴν
3328 3559 3586 3628 τελευτήν
3608 3578 3666 3614 τε
3695 3562 3787 3613 καὶ
3814 3561 3954 3630 μετά

2403 3650 2502 3719 τὴν
2561 3651 2812 3718 τελευτὴν
2864 3651 2957 3703 τοῦ
3025 3651 3336 3719 θαυμαστοῦ
3391 3651 3580 3703 τούτου
3625 3651 3952 3704 Ίωαννικίου

2407 3744 2777 3812 γεγενημένας
2806 3741 3152 3810 Παρειμὲνων
3184 3740 3497 3810 συσφίγξεις
3523 3743 3720 3809 μελῶν,
3744 3743 3954 3810 ἂνθρω-

2407 3850 2496 3885 ποι
2524 3832 2771 3900 πονηρῶν
2801 3832 3261 3900 ἀπαλλαττόμενοι
3305 3834 3646 3899 πνευμάτων,
3692 3833 3854 3900 μὸνον
3900 3835 3950 3883 εί

2406 3927 2472 3991 τῇ
2507 3923 2714 3974 ἐκείνου
2767 3921 2910 3990 σορῷ
2946 3922 3314 3990 προσέλθοιεν.
3362 3924 3468 3975 Καὶ
3527 3921 3646 3982 πῶς
3708 3922 3815 3989 γὰρ
3850 3923 3952 3973 οὐκ

2407 4013 2628 4080 ἔμελλεν
2667 4013 2993 4074 Ἰωαννίκιος
3022 4013 3284 4073 τοιούτοις
3317 4014 3410 4064 καὶ
3445 4012 3583 4078 μετὰ
3605 4013 3834 4065 θάνατον
3866 4015 3952 4064 ἐν.

2405 4103 2746 4168 δοξασθῆναι,
2777 4097 2836 4154 οὗ
2901 4102 2998 4170 τὴν
3028 4103 3294 4170 ἐκδημίαν
3328 4103 3518 4164 στύλος
3551 4103 3720 4170 πυρὸς
3746 4106 3859 4162 τοῖς
3893 4105 3951 4154 ὲν

2407 4192 2482 4259 τῷ
2538 4191 2657 4242 κατ’
2689 4191 2965 4256 Ὄλυμπον
3017 4191 3132 4258 δρει
3167 4191 3379 4258 ἐδήλου,
3423 4187 3486 4245 οὗ
3520 4192 3956 4259 προεπορεύοντο

2409 4283 2624 4348 ἄγγελοι
2674 4282 2846 4342 πύλας
2896 4281 3254 4347 διανοίγοντες
3293 4281 3442 4350 αὐτῷ
3516 4283 3612 4341 τάς
3642 4281 3735 4332 τοῦ
3775 4297 3953 4348 παρα-

2409 4375 2608 4433 δείσου,
2668 4372 2761 4422 καὶ
2797 4371 2930 4438 πρὸς
2967 4369 3061 4438 τὴν
3113 4371 3322 4423 ἐκεῖθεν
3372 4372 3743 4438 μακαριότητα
3777 4370 3953 4421 διασι-

2411 4555 2636 4621 Κυρίου,
2676 4553 2766 4604 καὶ
2799 4552 3112 4618 ἁγγελικαίς
3161 4553 3513 4616 συνεσόμενον
3543 4552 3796 4614 τάξεσινς
3861 4555 3952 4621 ὑφ’

2407 4637 2542 4711 ὦνή
2597 4645 2841 4712 μακαρίᾳ.
2888 4643 3053 4710 Τριάς
3108 4642 3386 4704 δοξάζεται
3417 4642 3512 4695 καὶ
3571 4643 3950 4710 μεγαλύνεται,

2409 4733 2503 4784 νῦν
2531 4737 2620 4784 καὶ
2653 4734 2726 4794 είς
2761 4735 2883 4793 τοὺς
2927 4733 3313 4800 ἁτελευτήτους
3345 4733 3547 4794 αίῶνας
3577 4734 3683 4785 τῶν
3715 4735 3950 4788 αἰώνων.

2424 4829 2476 4880 Ἀ
2489 4830 2615 4896 μὴν.

839 4996 914 5064 (1)
952 4996 1136 5071 βιειοι
1178 4998 1511 5071 ad_sanctum
1537 5001 1877 5071 Joannicium
1913 5002 2134 5071 epistola
2166 5002 2284 5064 Il6,
2326 5001 2421 5056 lib.
2453 5001 2524 5063 II.
2561 5002 2682 5056 cotl.
2716 5003 2927 5058 Colum.
2973 5002 3242 5056 Theodori
3277 5001 3531 5069 Studia,
3563 5015 3723 5071 quam
3760 5000 3951 5055 recita:

776 5063 1032 5120 3aronius
1064 5076 1191 5119 tom.
1220 5067 1287 5120 IX
1319 5070 1511 5122 Annal.
1546 5086 1634 5122 an.
1668 5069 1787 5122 8:25.
