4226 6418
789 408 860 469 99
2001 397 2282 457 MENSIS
2322 398 2751 458 NOVEMBER.

3901 400 4003 462 100

785 519 952 582 verit,
985 523 1040 570 et
1071 514 1215 582 quod
1251 513 1353 565 hoc
1385 522 1491 574 est,
1532 510 1677 579 quod
1741 511 1860 579 ejus
1902 511 2143 562 matricis
2176 509 2337 562 solvit
2369 522 2406 566 Α
2440 509 2454 558 ξ

2332 545 2337 557 .
2369 522 2406 566 Α
2440 509 2520 558 ὅτι
2554 508 2647 559 καὶ
2674 507 3038 576 βεϐαπτισται
3069 507 3200 576 παρ’
3232 508 3421 571 αὐτοῦ,
3460 511 3550 560 καὶ
3581 508 3653 570 ὡς
3677 507 3833 560 τοῦτό
3882 513 4001 561 ἐστι

787 609 965 664 nodos
1024 603 1287 658 diﬂiciles.
1339 601 1539 654 Deinde
1576 601 1738 653 etiam
1789 599 2005 667 adjecit,
2039 599 2173 652 nihil
2221 614 2338 650 esse

791 699 1205 769 impedimento,
1235 695 1524 762 quominus
1548 693 1661 760 ipse
1697 707 1912 761 quoque
1937 691 2178 744 divinum
2206 690 2340 758 bap-

790 795 1010 845 tismum
1065 798 1453 856 conseqnatur.
1498 785 1711 839 Etenim
1757 785 1888 837 mihi
1946 786 2089 837 inter
2142 792 2334 836 caetera

789 884 893 934 huc
942 895 1161 947 quoque
1207 877 1458 937 przedixit
1489 879 1570 928 vir
1599 876 1686 928 ille
1745 875 1981 936 divinus,
2029 874 2143 926 fore
2197 885 2253 926 ut
2285 883 2334 926 te

787 990 1023 1042 quoque,
1067 987 1100 1024 o
1142 970 1491 1029 charissime,
1562 984 1682 1020 mox
1729 967 1982 1020 haberem
2043 982 2174 1019 mea:
2211 965 2330 1017 ﬁdei

787 1066 1016 1119 socium.
1049 1064 1169 1117 llaec
1193 1071 1247 1114 et
1289 1063 1374 1115 illa
1409 1061 1563 1122 dixit,
1601 1070 1654 1112 et
1681 1075 1801 1128 quae
1822 1060 1963 1112 dicta
1987 1070 2134 1122 sunt,
2173 1059 2334 1126 paulo

789 1169 909 1226 post
939 1156 1172 1210 deducta
1225 1167 1350 1207 sunt
1400 1153 1465 1206 ad
1520 1153 1795 1213 elIectum,
1851 1167 1906 1205 et
1953 1153 2064 1218 ipse
2119 1165 2333 1216 quoque

789 1250 1034 1301 divinum
1075 1249 1393 1313 baptismum
1430 1253 1513 1296 est
1544 1253 1894 1304 consecutus,
1925 1251 1979 1295 et
2012 1242 2204 1294 didicit
2248 1257 2333 1292 ar-

789 1353 922 1390 cana
958 1335 1172 1402 pietatis
1203 1373 1215 1393 ,
1269 1349 1393 1385 cum
1456 1333 1671 1384 divinus
1709 1343 1764 1384 et
1802 1329 2134 1384 admirabilis
2184 1329 2333 1382 Onu-

788 1429 925 1480 [rius
950 1427 1012 1478 ad
1057 1427 1168 1478 hzec
1205 1439 1392 1476 rursus
1420 1422 1773 1476 inserviisset.

859 1517 962 1566 Vll.
992 1515 1124 1568 Cum
1157 1522 1334 1564 autem
1381 1514 1487 1577 jam
1530 1513 1771 1564 venisset
1822 1521 2037 1580 tempus
2087 1512 2330 1580 pariendi

787 1603 1108 1670 Leucippes,
1136 1611 1191 1654 et
1235 1603 1401 1653 tilium
1432 1603 1733 1670 peperisset
1767 1605 2086 1666 masculum,
2147 1617 2332 1655 accer-

790 1695 925 1744 situs
987 1707 1174 1744 rursus
1227 1692 1503 1754 Unuirius,
1549 1702 1804 1744 consueta
1857 1692 2075 1755 utilitas,
2129 1693 2329 1746 bonum

786 1800 813 1835 a
845 1784 952 1834 Deo
979 1783 1222 1836 missum.
1257 1782 1474 1848 etquod
1503 1782 1747 1850 genitum
1785 1782 1982 1842 fuerat,
2016 1798 2205 1835 rursus
2236 1798 2331 1851 per

783 1875 957 1938 ipsum
1001 1872 1099 1924 fuit
1149 1882 1523 1940 regeneratum
1569 1874 1724 1926 beato
1781 1873 2123 1940 baptismate,
2153 1883 2208 1926 et
2261 1871 2330 1925 ab

785 1965 903 2030 ipso
937 1965 1145 2031 accepit
1186 1964 1632 2030 appellationem,
1665 1973 1719 2016 et
1747 1964 1847 2016 fuit
1882 1966 2191 2016 nominatus
2227 1964 2332 2016 Ga-

783 2055 980 2108 laction
1016 2073 1027 2107 z
1061 2056 1266 2120 fuitque
1299 2055 1603 2120 appellatio,
1637 2064 1783 2106 certa
1831 2054 2140 2107 futurorum
2195 2071 2331 2122 pra:-

785 2147 974 2198 dictio.
1012 2146 1058 2198 ls
1089 2148 1230 2198 enim
1263 2146 1443 2198 editus
1475 2145 1572 2198 fuit
1623 2145 1859 2197 mundus
1893 2161 1961 2198 ex
2013 2147 2250 2208 mundis,
2278 2155 2332 2199 et

789 2257 851 2294 ex
886 2246 1166 2310 generosis
1200 2256 1418 2310 germen
1469 2255 1593 2292 vere
1624 2254 1964 2307 generosum.
2001 2240 2331 2294 Procedente

785 2345 967 2388 autem
1034 2344 1298 2402 tempore,
1341 2334 1594 2401 paulatim
1643 2333 1922 2386 Galaction
1962 2334 2331 2386 additamento

785 2428 959 2479 atatis
987 2427 1183 2494 adjecit
1211 2426 1374 2477 etiam
1403 2424 1832 2491 intelligentiam,
1856 2433 2018 2492 atque
2049 2424 2185 2478 adeo
2242 2426 2334 2476 ha-

789 2516 950 2567 bebat
983 2514 1258 2581 ingenium
1281 2527 1446 2580 supra
1481 2520 1718 2565 atatem.
1751 2512 1990 2566 Traditis
2030 2529 2160 2566 vero
2183 2514 2328 2567 ludis

787 2607 1091 2667 litterariis,
1121 2615 1173 2658 et
1202 2606 1252 2658 in
1274 2605 1694 2673 perfectioribus
1719 2604 1992 2657 exercitus
2009 2605 2330 2673 disciplinis,

786 2697 1039 2764 pratclara
1068 2711 1160 2746 sua
1198 2695 1376 2747 indole
1409 2695 1490 2747 vel
1540 2697 1685 2762 ipsos
1719 2695 2002 2762 magistros
2057 2693 2334 2762 relinque-

793 2787 884 2837 bat
921 2800 946 2836 a
987 2795 1159 2852 tergo.
1189 2785 1318 2837 Cum
1340 2794 1521 2851 ageret
1549 2795 1727 2839 autem
1754 2785 2067 2837 vicesimum
2104 2793 2336 2853 etquar-

791 2889 902 2928 tum
942 2891 1168 2932 annum.
1195 2891 1338 2929 curae
1359 2885 1474 2928 crat
1505 2879 1666 2943 patri,
1695 2877 1744 2928 ei
1774 2879 2185 2929 convenientem
2214 2880 2335 2930 vitae

788 2968 1116 3034 conjungere
1145 2968 1367 3031 sociam,
1397 2981 1518 3019 cum
1545 2976 1716 3019 mater
1744 2966 2013 3034 Leucippe
2033 2966 2140 3035 jam
2163 2980 2192 3020 e
2223 2966 2331 3020 vita

784 3055 1122 3106 excessisset.

2440 599 2500 649 τὸ
2533 599 2629 666 τῆς
2665 600 2876 667 μήτρας
2906 600 3164 668 αὑτῆςτὰ
3191 599 3423 669 δυσχερῆ
3457 599 3685 668 ἅμματα
3741 600 3926 662 λύσαν,
3966 603 4002 670 ἦ

2440 689 2532 740 καὶ
2566 689 2877 757 προσετίθει
2910 690 2986 751 ὡς
3019 691 3173 742 οὐδὲν
3221 692 3372 744 ἔσται
3424 691 3485 743 τὸ
3538 692 3852 758 ἐμποδίζον,
3904 695 4004 744 καὶ

2437 779 2596 832 αὑτὸν
2628 781 2719 832 τοῦ
2747 784 2860 833 ἴσου
2894 783 3300 850 καταξιωθῆναι
3336 782 3734 850 βαπτίσματοςο
3765 786 3856 834 καὶ
3888 784 4003 852 γάρ

2441 889 2528 939 μοι
2561 873 2696 938 μετά
2733 871 2839 924 τῶν
2863 871 3057 935 ἄλλων,
3092 874 3254 940 φησὶ,
3289 875 3385 924 καὶ
3417 872 3575 925 τοῦτό
3617 889 3706 941 μοι
3738 876 4003 940 προ;ῖπεν

2433 963 2462 1013 ό
2491 963 2629 1024 θεῖος
2663 963 2804 1032 ἀνὴρ
2839 965 3067 1023 ἐκεῖνος,
3102 964 3184 1015 ὃτι
3219 963 3312 1016 καὶ
3354 964 3414 1016 σὲ
3445 965 3538 1018 τὸν
3573 964 3830 1030 φίλτατον
3874 965 4003 1016 ὅσον

2435 1055 2584 1108 οῦπω
2613 1057 2707 1125 τῆς
2739 1056 2910 1124 αὐτῆς
2945 1056 3048 1122 ἔξω
3085 1055 3450 1108 κοινωνοῦντα
3499 1056 3757 1116 πίστεως.
3812 1055 4002 1108 Ταῦτα

2435 1149 2615 1216 ἐκείνη
2669 1164 2724 1198 τε
2760 1147 2973 1215 εἴρηκε,
3001 1147 3094 1199 καὶ
3127 1147 3245 1213 μετ’
3274 1148 3454 1214 ὀλίγον
3484 1147 3551 1200 τὰ
3583 1147 3844 1214 λεχθέντα
3883 1147 4004 1212 ἑξέ-

2435 1237 2524 1306 6η.
2560 1238 2668 1289 Καὶ
2695 1236 2788 1290 τοῦ
2816 1237 2959 1292 θείου
2982 1238 3072 1288 καὶ
3099 1236 3260 1299 αὐτὸς
3284 1235 3506 1304 λουτροῦ
3536 1236 3776 1305 ἠξιοῦτο,
3813 1237 4005 1287 Ὀνου-

2435 1327 2593 1394 φρίου
2626 1327 2782 1379 πάλιν
2823 1327 2959 1397 πρὸς
3014 1327 3184 1379 ταῦτα
3217 1326 3314 1379 τοῦ
3368 1327 3671 1396 θαυμασίου
3724 1327 4005 1394 ὑπηρετής

2434 1435 2642 1482 σαντος.

2503 1511 2576 1562 Z’.
2617 1511 2756 1577 Ἤδη
2791 1511 2844 1562 δὲ
2887 1511 3034 1580 ὥραν
3053 1512 3213 1563 τόκου
3257 1512 3356 1576 τῆς
3394 1511 3717 1580 Λευκίππης
3744 1512 3999 1579 ἐχούσης,

2433 1601 2598 1650 πλῖδά
2629 1618 2686 1652 τε
2719 1604 3050 1670 γειναμένης
3081 1603 3306 1672 ἄρρενα,
3337 1603 3666 1655 εἰσκαλεῖται
3721 1604 3813 1654 καὶ
3843 1599 4000 1664 αὖθις

2447 1694 2774 1762 Ὀνούφριος,
2833 1699 2864 1765 ὴ
2916 1698 3149 1766 συνήθης
3209 1697 3465 1766 ὠφέλεια,
3520 1698 3579 1749 τὸ
3652 1698 4000 1764 θεόπεμπτον

2433 1783 2654 1847 ἀγαθόν’
2683 1788 2773 1837 καὶ
2800 1786 2859 1836 τὸ
2877 1787 3130 1854 γεννηθὲν
3149 1787 3470 1852 ἁνεγεννᾶτο
3496 1787 3566 1842 δι’
3612 1786 3777 1839 αὐτοῦ
3829 1788 3997 1841 πάλιν

2432 1878 2504 1946 τῷ
2530 1879 2782 1948 μικαρίῳ
2814 1879 3170 1946 βαπτίσματι,
3206 1881 3299 1932 καὶ
3334 1881 3429 1950 τὴν
3479 1881 3668 1946 κλῆσιν
3723 1879 3996 1947 ἐλάμϐανε

2433 1966 2562 2033 παρ’
2595 1966 2757 2019 αὐτοῦ
2806 1968 2897 2019 καὶ
2948 1968 3256 2020 Γαλακτίων
3291 1968 3710 2036 κατωνομάζετο
3736 1984 3748 1997 ⁸
3794 1974 3886 2020 καὶ
3927 1965 3997 2038 ἦν

2433 2059 2464 2124 ἡ
2499 2059 2687 2124 κλῆσις
2711 2057 2818 2108 τῶν
2840 2058 3111 2124 ἐσομένων
3153 2059 3404 2126 ἀσφαλὴς
3459 2060 3876 2127 προαγόρευσις·
3932 2061 3996 2110 ὲκ

2433 2147 2685 2216 καθαρῶν
2714 2148 2820 2214 γὰρ
2850 2147 3086 2215 καθαρὸς
3137 2150 3229 2199 καὶ
3260 2141 3412 2210 οὗτος
3442 2149 3642 2215 ἀπέϐη,
3693 2151 3786 2200 καὶ
3824 2149 3882 2211 ἐξ
3909 2149 3998 2202 εὐ.

2433 2237 2605 2303 γενῶν
2637 2236 2801 2297 δντως
2831 2237 3045 2304 εὐγενὲς
3103 2236 3407 2306 βλάστημα.
3463 2239 3747 2306 Προϊόντος
3785 2239 3840 2290 δὲ
3899 2239 3994 2291 τοῦ

2433 2328 2624 2396 χρόνου
2651 2327 2791 2378 κατὰ
2828 2329 3022 2396 μικρὸν
3050 2329 3078 2379 ό
3126 2329 3437 2381 Γαλακτίων
3483 2329 3573 2379 ὲπὶ
3603 2331 3664 2397 τῇ
3709 2331 3995 2401 προσθήκῃ

2432 2419 2527 2486 τῆς
2555 2418 2769 2486 ἡλικίας
2796 2419 2889 2470 καὶ
2923 2418 3138 2471 σύνεσιν
3172 2418 3506 2486 προσετίθει,
3539 2421 3740 2484 μᾶλλον
3795 2421 3851 2471 δὲ
3899 2423 3995 2473 καὶ

2437 2511 2576 2578 ὑπὲρ
2605 2511 2703 2578 τὴν
2733 2511 2945 2578 ἠλικίαν
2984 2511 3042 2562 τὸ
3076 2511 3303 2577 φρονοῦν
3345 2508 3476 2579 εἶχε.
3520 2512 3912 2572 maxumam,-
3938 2512 3995 2563 δὲ

2435 2599 2690 2662 ἐκδοθεὶς,
2722 2600 2946 2662 καὶτοῖς
2972 2601 3320 2666 τελεωτέροις
3343 2602 3662 2670 ἐκπονηθεὶς
3683 2603 3990 2670 μαθήμασι,

2433 2689 2509 2757 τῷ
2545 2688 2806 2757 φιλοτίμῳ
2851 2689 2950 2755 τῆς
3015 2689 3229 2758 φύσεως
3289 2691 3385 2741 καὶ
3430 2691 3626 2750 αὐτοὺς
3667 2690 3838 2740 ὀπίσω
3870 2691 3993 2751 τοὺς

2434 2777 2786 2840 διδασκάλους
2845 2780 3036 2833 ὲποίει.
3097 2778 3356 2833 Είκοστδν
3429 2779 3484 2831 δὲ
3550 2781 3644 2832 καὶ
3731 2781 3994 2848 τέταρτον

2437 2867 2679 2918 ἐνιαυτὸν
2709 2869 2948 2933 ἄγοντος,
2983 2871 3201 2939 φροντὶς
3258 2865 3325 2939 ἦν
3392 2869 3470 2936 τῷ
3534 2871 3698 2938 πατρὶ
3740 2869 3993 2920 κοινωνὸν

2437 2956 2582 3024 αὐτῷ
2615 2956 2730 3025 βίου
2755 2957 2852 3026 τὴν
2871 2963 3256 3027 προσήκουσαν
3283 2961 3636 3028 συναρμόσαι,
3668 2961 3764 3028 τῆς
3820 2962 3991 3029 μητέ-

2439 3063 2529 3115 ρος
2563 3048 2662 3116 ήδη
2686 3048 3010 3117 Λευκίππης
3048 3051 3140 3101 τὸν
3173 3049 3286 3117 βίον
3320 3051 3708 3120 ἀπολιπούσης.

865 3144 997 3195 Vlll.
1035 3145 1160 3196 Erat
1201 3153 1381 3196 autem
1437 3153 1564 3196 tunc
1596 3144 1839 3213 quaedam
1875 3147 2050 3214 virgo,
2090 3146 2402 3220 pulchri-c
2504 3140 2534 3189 Ε

2319 3176 2333 3186 .
2357 3159 2402 3220 c
2504 3137 2584 3193 H'.
2632 3138 2921 3206 Ἐτύγχανε
2948 3140 3002 3191 δέ
3020 3157 3102 3202 τις
3132 3141 3191 3193 τὸ
3213 3142 3510 3210 τηνικαῦτα
3540 3143 3824 3212 παρθένος,
3855 3145 3988 3198 κάλ-

788 3235 975 3288 tudine
1006 3243 1056 3286 et
1095 3249 1308 3286 morum
1354 3236 1634 3286 honestate
1667 3236 1997 3289 antecellens
2053 3238 2330 3292 omnibus.

790 3327 848 3377 Ei
878 3338 995 3378 erat
1030 3340 1226 3377 nomen
1267 3325 1561 3392 Episteme,
1595 3341 1713 3392 quae
1735 3325 2038 3379 nobilitatis
2060 3335 2114 3379 et
2148 3327 2334 3394 gloria:

799 3417 994 3468 famam
1037 3416 1272 3469 habebat
1307 3417 1530 3482 primam
1581 3417 1720 3467 inter
1755 3415 2031 3469 mulieres.
2082 3416 2210 3470 Eam
2237 3417 2334 3470 de-

787 3507 1333 3574 sponditGalaction,
1382 3521 1527 3558 nunc
1579 3506 1795 3575 quidem
1846 3506 1910 3558 ad
1943 3507 2178 3574 speciem
2220 3522 2334 3560 ma-

789 3598 1055 3658 trimonii,
1103 3606 1286 3664 postea
1335 3607 1515 3649 autem
1546 3597 1610 3649 ad
1639 3597 1894 3649 unionem
1949 3598 2162 3651 anima.
2198 3596 2332 3651 Cum

792 3703 920 3739 Vero
948 3688 1067 3740 vita:
1094 3702 1216 3739 cum
1241 3702 1305 3738 ea
1329 3687 1642 3739 societatem
1675 3701 1814 3753 :rgre
1845 3687 2009 3739 ferret
2028 3686 2330 3750 Galaction,

787 3787 842 3830 et
877 3787 1063 3845 aperte
1086 3776 1400 3829 ostenderet
1425 3790 1482 3829 se
1510 3777 1625 3845 ejus
1655 3791 1980 3844 congressus
2005 3785 2060 3828 et
2095 3779 2330 3844 comple-

789 3883 889 3920 xus
930 3883 1037 3919 non
1059 3867 1369 3930 admittere.
1421 3877 1643 3935 propter
1674 3867 1948 3935 religionis
1989 3869 2328 3922 dissimilitu-

789 3959 996 4019 dinem,
1030 3958 1250 4024 etquod
1287 3972 1349 4008 ea
1379 3972 1483 4008 non
1511 3965 1654 4008 esset
1691 3957 1959 4024 particeps
1992 3958 2163 4010 divini
2197 3958 2329 4025 bap-

793 4049 1042 4108 tismatis,
1077 4064 1106 4100 a
1139 4049 1462 4100 necessariis
1504 4062 1644 4115 saepe
1669 4049 2020 4116 exigebantur
2071 4049 2330 4111 rationes,

789 4139 880 4205 qui
913 4153 1030 4189 eam
1071 4151 1181 4187 rem
1202 4150 1342 4203 aegre
1399 4135 1664 4198 lercbant,
1695 4145 1748 4186 et
1782 4138 2017 4202 graviter
2061 4137 2331 4204 expende-

796 4230 946 4283 bant.
999 4228 1132 4281 Cum
1181 4237 1362 4281 autem
1427 4227 1575 4280 solus
1628 4226 1922 4293 aliquando
1965 4227 2104 4294 apud
2164 4228 2331 4280 solum

790 4322 983 4375 luisset
1014 4321 1349 4385 Epistemen,
1408 4319 1474 4369 ab
1503 4332 1567 4370 ea
1625 4327 1864 4384 rogatus,
1919 4333 2161 4382 quamam
2191 4334 2334 4372 esset

789 4410 1137 4472 causa.odii,
1183 4408 1321 4462 dixit
1361 4407 1639 4461 Galaction
1711 4425 1768 4462 se
1809 4426 1913 4464 non
1962 4425 2118 4477 posse
2174 4411 2331 4462 aliter

2437 3228 2604 3280 λειτε
2654 3233 2746 3281 καὶ
2799 3229 2917 3298 ἤθει
2969 3232 3180 3302 κοσμίῳ
3226 3233 3333 3286 τῶν
3365 3233 3574 3286 πολλῶν
3635 3234 3989 3304 διαφέρουσα.

2450 3318 2754 3386 Ἐπιστήμη
2782 3319 2954 3388 ταύτῃ
2985 3321 3042 3371 τὸ
3067 3320 3258 3389 δνομα,
3293 3322 3443 3384 κλέος
3481 3326 3758 3390 εὐγενείας
3787 3327 3879 3376 καὶ
3901 3326 3991 3376 δό-

2437 3406 2531 3474 ξης
2556 3409 2686 3461 αὐτὸ
2713 3409 2773 3460 τὸ
2833 3409 3052 3478 πρῶτον
3086 3413 3144 3463 έν
3190 3412 3443 3479 γυναιξὶν
3492 3414 3712 3483 ἔχουσαί
3773 3414 3990 3485 Ταύτην

2434 3500 2746 3568 ἡρμόσαντο
2791 3500 2832 3553 Γ
2835 3503 3147 3566 αλακτίωνι,
3193 3506 3289 3555 νῦν
3327 3505 3425 3572 μὶν
3465 3508 3544 3566 είς
3582 3507 3867 3574 πρόσχημα
3893 3505 3990 3557 τοῦ

2435 3591 2636 3658 γάμου,
2665 3596 2804 3658 μετὰ
2825 3592 2995 3644 ταῦτα
3017 3593 3074 3644 δὲ
3104 3593 3196 3645 καὶ
3223 3595 3322 3661 τῆς
3350 3594 3529 3663 ψυχῆς
3577 3597 3787 3649 ἕνωσιν.
3835 3598 3991 3651 Ἐπεὶ

2433 3681 2490 3733 δὲ
2531 3683 2630 3750 τὴν
2681 3683 2981 3749 συμϐίωσιν
3029 3682 3234 3750 ταύτης
3282 3685 3623 3754 ἐδυσχέραινε
3653 3688 3987 3755 Γαλακτίων,

2435 3774 2529 3825 καὶ
2566 3774 2794 3841 φανερὸς
2822 3769 2890 3840 ἦν
2931 3774 3028 3836 τὰς
3057 3775 3372 3843 συμπλοκάς
3393 3793 3451 3829 τε
3473 3778 3565 3827 καὶ
3593 3777 3867 3842 δεξιώσεις
3924 3784 3986 3834 οὐ

2443 3865 2801 3933 προσιέμενος
2847 3865 3012 3917 διὰτὸ
3035 3867 3165 3936 περὶ
3198 3868 3260 3917 τὸ
3299 3867 3460 3929 σέὸας
3486 3870 3734 3937 ἀνόμοιον
3778 3873 3872 3924 καὶ
3927 3875 3987 3925 τὸ

2432 3954 2524 4006 τοῦ
2552 3957 2697 4006 θείου
2732 3955 3104 4022 βαπτίσματος
3128 3956 3391 4024 ἀμέτοχον
3414 3954 3552 4009 εἶναι
3575 3960 3800 4028 ταύτην,
3852 3964 3985 4012 πολ·

2434 4044 2558 4106 λοὺς
2585 4046 2730 4114 παρὰ
2760 4045 2867 4096 τῶν
2892 4046 3105 4097 οίκείων
3137 4047 3431 4114 ἐπράττετο
3451 4046 3658 4114 λόγους,
3683 4051 3776 4102 καὶ
3801 4051 3988 4121 βαρεῖς

2433 4137 2627 4196 αὐτοὺς
2658 4131 2767 4203 εἶχε
2798 4135 2892 4187 τοῦ
2932 4136 3257 4204 πράγματος
3286 4137 3560 4204 λογιστάς.
3585 4141 3758 4202 Μόνος
3780 4143 3833 4193 δέ
3851 4159 3985 4198 ποτε

2434 4225 2568 4292 πρὸς
2594 4227 2758 4292 μόνην
2788 4225 2883 4291 τὴν
2926 4226 3266 4294 Ἑπιστήμην
3321 4228 3628 4296 γενόμενος,
3673 4226 3792 4283 εῐτα
3853 4233 3984 4302 παρ’

2434 4314 2604 4380 αὐτῆς
2639 4314 2731 4367 τοῦ
2775 4316 2962 4383 μίσους
3011 4317 3360 4385 ἐρωτώμενος
3407 4322 3505 4388 τὴν
3561 4324 3759 4385 αἰτίαν,
3819 4327 3985 4392 φάναι

2436 4405 2523 4456 τὸν
2553 4405 2900 4458 Γαλακτίωνα
2931 4408 3004 4476 μὴ
3029 4409 3095 4460 ἂν
3119 4409 3290 4471 ἄλλως
3337 4411 3662 4480 ἀνασχέσθαι
3717 4414 3815 4483 τὴν
3863 4416 3987 4484 μετ’

787 4498 928 4552 ferre
973 4501 1093 4551 vita:
1146 4514 1266 4552 cum
1297 4514 1358 4551 ea
1413 4502 1758 4561 societatem,
1809 4501 1910 4552 nisi
1941 4515 2059 4552 eam
2129 4501 2327 4552 viderit
2366 4496 2403 4547 D
2433 4513 2456 4546 α

2314 4510 2327 4552 ι
2366 4496 2403 4547 D
2433 4498 2598 4564 αὐτῆς
2632 4500 2937 4560 κοινωνίαν,
2966 4501 3014 4549 εί
3048 4500 3123 4569 μὴ
3159 4501 3252 4551 καὶ
3286 4502 3427 4554 κατὰ
3464 4503 3524 4554 τὸ
3554 4503 3715 4565 σέϐας
3748 4507 3843 4558 ἰδοι
3867 4525 3983 4559 κοι-

793 4601 976 4639 secum
1012 4587 1302 4638 convenire
1323 4587 1375 4639 in
1401 4587 1684 4654 religione.
1717 4587 2094 4641 Dicebatenim
2124 4599 2328 4656 aperte,

795 4691 915 4727 esse
973 4675 1223 4742 impium,
1271 4677 1530 4727 mundum
1569 4667 1819 4744 conjungi
1873 4692 1995 4729 cum
2030 4678 2328 4730 immundo.

796 4765 849 4819 Si
885 4780 1036 4832 ergo,
1061 4781 1092 4816 o
1121 4780 1274 4825 uxor,
1318 4774 1400 4817 est
1433 4766 1528 4817 tibi
1586 4778 1733 4834 grata
1762 4778 1942 4820 nostra
1991 4777 2166 4822 tecum
2210 4770 2331 4825 vita:

792 4857 1044 4916 societas,
1093 4853 1256 4906 crede
1291 4855 1421 4908 mihi
1475 4857 1676 4922 optima
1739 4858 2068 4913 consulenti.
2102 4860 2166 4911 Et
2198 4875 2332 4927 quo-

797 4947 934 4998 niam
971 4946 1020 4997 in
1052 4948 1334 5012 praesentia
1366 4954 1447 4998 est
1486 4947 1662 5012 in0pia
1689 4949 2051 5013 sacerdotum,
2082 4952 2172 5018 qui
2203 4967 2333 5005 conv

793 5035 966 5088 stituti
998 5043 1123 5086 sunt
1175 5035 1239 5086 ad
1285 5036 1404 5095 hoc,
1435 5037 1579 5088 utad
1640 5037 1962 5105 baptismum
2005 5041 2329 5102 inserviant,

794 5124 906 5178 ﬁeri
943 5134 1121 5176 autem
1171 5139 1277 5176 non
1330 5135 1530 5193 potest,
1577 5128 1831 5180 utalitcr'
1860 5129 1930 5181 sit
1971 5129 2237 5197 quispiam
2279 5140 2333 5182 et

791 5217 1100 5268 nominetur
1132 5216 1386 5277 mundus,
1421 5232 1520 5270 nos
1545 5217 1646 5270 hoc
1674 5219 1900 5282 donum,
1937 5229 2098 5287 prout
2121 5233 2334 5290 tempus

789 5307 1058 5368 concedit,
1094 5308 1193 5375 ipsi
1221 5317 1491 5375 utcunque
1525 5324 1860 5378 perageinus.

859 5396 946 5450 IX.
980 5395 1112 5450 Cum
1151 5407 1330 5449 autem
1374 5398 1592 5451 vidisset
1625 5416 1744 5453 eam
1769 5402 1833 5453 ad
1868 5403 1970 5456 hoc
2002 5417 2207 5457 morem
2236 5418 2330 5472 ge-

793 5487 1198 5554 rentem,jubet
1233 5503 1400 5538 unum
1426 5503 1487 5540 ex
1517 5490 1660 5541 tubis
1710 5492 1852 5544 horti
1901 5493 2113 5559 impleri
2137 5509 2276 5561 aqua
2314 5510 2327 5546 :

790 5587 842 5625 et
880 5576 948 5627 ita
997 5576 1252 5627 orrnibus
1312 5577 1669 5632 inscientibus
1715 5581 1951 5648 baptizat
1994 5582 2327 5649 Epistemen.

793 5664 910 5730 Ipsa
936 5674 1134 5727 autem,
1180 5679 1302 5717 cum
1343 5676 1461 5733 post
1505 5668 1765 5736 baptisma
1795 5681 1917 5724 octo
1961 5673 2077 5725 dies
2113 5684 2331 5740 prmer-

795 5757 1000 5816 iirsent,
1065 5771 1252 5809 novam
1312 5758 1596 5826 quamdam
1628 5770 1681 5812 et
1733 5763 2004 5816 insolitam
2069 5764 2215 5817 videt
2277 5767 2328 5819 in

2435 4585 2705 4637 νωνοῦσαν
2734 4588 2899 4656 αὐτῷ·
2927 4591 3139 4643 ἀνόσιον
3161 4591 3268 4660 γὰρ
3295 4591 3551 4661 ἄντικρυς
3602 4593 3784 4662 ἔλεγεν
3843 4593 3984 4651 εἶναι

2433 4678 2520 4730 τὸν
2570 4681 2978 4749 κεκαθαρμένον
3029 4683 3325 4752 ἀκαθάρτῳ
3375 4687 3759 4742 συνάπτεσθαι.
3808 4691 3974 4760 Εἴπερ

2434 4765 2544 4830 οῦν,
2579 4763 2818 4836 ὣγύναι,
2848 4774 2945 4838 τὴν
2995 4774 3111 4840 μεθ’
3169 4775 3324 4842 ἡμῶν
3379 4778 3595 4849 ἀσπάζῃ
3655 4781 3980 4848 συμϐίωσιν,

2436 4859 2619 4912 πείθου
2655 4878 2743 4929 μοι
2768 4864 2834 4913 τα
2869 4863 3114 4932 βέλτιστα
3146 4867 3548 4936 συμσολεύιιντι,
3581 4874 3672 4926 καὶ
3693 4877 3814 4926 ἐπεὶ
3841 4877 3986 4930 κατὰ

2435 4950 2494 5003 τὸ
2527 4954 2620 5006 νῦν
2654 4953 2773 5020 ἔχον
2805 4956 2992 5023 ἱερέων
3015 4957 3159 5010 ἐστὶν
3182 4960 3383 5028 ἀπορία
3407 4963 3512 5013 τῶν
3540 4969 3672 5034 πρίις
3699 4969 3758 5018 τὸ
3795 4968 3983 5036 βαπτι-

2437 5057 2549 5108 σμα
2593 5044 2936 5112 τεταγμένων
2991 5046 3303 5115 ὑπηρετεῖν,
3365 5051 3622 5104 ἀδύνατον
3689 5055 3742 5107 δὲ
3807 5057 3983 5120 ἂλλως

2436 5131 2673 5201 καθαρόν
2694 5151 2811 5188 τινα
2847 5138 2939 5189 καὶ
2967 5132 3105 5191 εἶναι
3137 5139 3230 5190 καὶ
3274 5140 3650 5208 ὀνομάζεσθαι,
3679 5150 3746 5195 τα
3767 5147 3856 5197 τοῦ
3884 5166 3985 5214 χα-

2435 5225 2696 5294 ρίσματος
2728 5229 2885 5296 ἡμεῖς
2915 5229 3095 5290 καθὼς
3115 5232 3141 5281 ό
3173 5232 3360 5301 καιρὸς
3383 5233 3560 5285 δίδωσι
3589 5235 3978 5306 σχεδιάσωμεν.

2506 5397 2580 5450 8'.
2631 5399 2778 5452 Ἐπεὶ
2801 5399 2854 5452 δὲ
2891 5404 3024 5470 πρὸς
3053 5403 3209 5455 τοῦτο
3235 5405 3561 5474 πειθομένην
3591 5404 3692 5460 εἶδε
3729 5413 3816 5463 καὶ
3868 5413 3983 5466 οὐδ’

2432 5489 2606 5541 ὁτιοῦν
2636 5492 3017 5555 ἀνανεύουσαν,
3054 5493 3180 5561 μίαν
3205 5494 3309 5546 τῶν
3340 5496 3432 5548 τοῦ
3475 5507 3646 5564 κηπου
3673 5501 3983 5569 δεξαμενῶν

2437 5578 2623 5640 ὓδατος
2656 5581 3004 5648 πληρωθῆναι
3036 5582 3246 5636 κελεύει
3267 5601 3282 5615 ο
3324 5587 3416 5636 καὶ
3442 5588 3584 5639 οὕτω
3613 5591 3817 5652 πάντας
3860 5593 3984 5644 δισ-

2432 5673 2634 5738 λαθὼν,
2672 5672 2919 5740 βαπτίζει
2951 5677 3047 5740 τὴν
3119 5678 3478 5747 Ἐπιστήμην.
3533 5681 3678 5750 Αὕτη
3721 5684 3850 5749 γοῦν
3883 5688 3983 5738 καὶ

2437 5766 2570 5832 μετὰ
2589 5766 2650 5815 τὸ
2685 5763 2987 5833 βάπτισμα,
3012 5767 3234 5835 ἡμερῶν
3256 5769 3396 5820 ὀκτὼ
3419 5770 3827 5839 διαγενομένων,
3858 5792 3980 5825 κει-
