4226 6418
216 389 309 453 101

1421 375 1592 436 VlTA
1632 376 1694 434 S.
1734 376 2157 439 GALACTION
2170 379 2257 441 lS.

3336 384 3436 447 102

210 506 443 570 νὴντινα
495 498 587 552 καὶ
613 495 855 565 ἀσυνήθη
902 494 1042 548 κατά
1078 494 1203 554 τοὺς
1239 491 1436 571 ὕπνους
1478 492 1597 560 δψιν
1655 493 1776 561 ὁρᾷ.
1809 503 1849 551 Α

1765 531 1776 546 .
1809 503 1849 551 Α
1882 494 2088 547 somnis
2115 495 2406 547 visionem.
2448 494 2745 548 Videbatur
2796 496 2941 549 enim
2975 496 3175 549 versari
3226 496 3277 549 in
3310 502 3434 565 qui-

222 592 430 645 Ἐδόκει
460 588 566 655 γὰρ
597 587 723 657 περί
750 602 903 648 τινας
932 586 1115 646 οἷκονς
1154 581 1465 652 βασιλικοὺς
1503 580 1774 649 ἀναστρέ-

209 682 432 751 φεσθαι,
463 679 647 733 κάλλει
675 677 939 745 ἀμυθὴτῳ
970 675 1312 742 διαπρεπεῖς,
1344 672 1431 741 ἐφ’
1468 664 1542 733 οἷς
1580 673 1777 724 ἑκατέ-

217 773 391 842 ρωθεν
421 770 615 840 χοροὺς
650 770 777 836 περὶ
799 767 923 828 τοὺς
952 766 1166 833 τοίχους
1212 763 1463 815 ἵστασθαι
1486 764 1655 831 τρεῖς.
1676 755 1777 812 Ὃν

210 867 237 917 ὁ
265 865 365 933 μὲν
391 864 587 931 ἄνδρας
611 856 747 928 εἷκε,
773 857 998 927 σεμνούς
1021 872 1081 908 τε
1111 857 1238 908 ίδεῖν
1263 855 1359 908 καὶ
1390 855 1548 922 στολῇ
1589 852 1775 921 μελαί-

212 971 280 1025 νῃ
312 953 778 1021 κεκοσμημένους,
828 951 856 1001 ό
911 947 1156 1016 δεύτερος
1194 946 1249 997 δὲ
1286 946 1545 1012 γυναῖκας
1579 943 1775 1011 ὁμοίως

212 1045 444 1113 ἑκούσας
477 1057 491 1072 ⁸
536 1045 563 1094 ὁ
590 1041 645 1093 δὲ
677 1041 856 1110 τρίτος
915 1038 1196 1108 παρθένων
1261 1032 1365 1107 ἦν,
1420 1030 1507 1098 αἶς
1555 1036 1777 1105 ἐπήνθει

217 1134 515 1203 φαιδρότης
550 1132 849 1200 ἐπιτερπὴς
903 1131 1000 1183 καὶ
1057 1131 1213 1199 χάρις
1250 1128 1603 1198 προσεμειδία
1657 1130 1775 1190 ταῖς

214 1227 405 1291 ὄψεσιν
461 1223 787 1291 ἐλευθέριος.
817 1222 880 1277 Δί
901 1223 1083 1290 μέντοι
1108 1224 1363 1287 γυναῖκες
1392 1222 1449 1272 αί
1474 1220 1569 1290 τὴν
1598 1220 1776 1289 μὲλαιο

214 1336 310 1367 ναν
353 1316 546 1382 στολὴν
606 1312 1089 1391 περισεσλημέναι,
1144 1314 1237 1364 καὶ
1293 1312 1569 1379 πτέρυγάς
1625 1330 1777 1375 τινας

214 1408 461 1474 ἐῴκεσαν
493 1407 636 1472 ἔχειν
662 1405 751 1456 καὶ
785 1403 892 1471 πῦρ
917 1404 1156 1471 ἀφιέναι,
1188 1396 1356 1469 ὑφ’οὗ
1386 1406 1490 1455 πᾶν
1519 1404 1579 1456 τὸ
1602 1421 1777 1472 παρα-

216 1501 415 1550 πίπτοι
443 1497 617 1549 ἐδόκει
648 1496 966 1563 φλέγεσθαι.
1017 1494 1279 1556 ’Δκούσας
1316 1496 1498 1548 τοίνυν
1525 1497 1553 1547 ό
1604 1496 1776 1547 Γαλα-

219 1590 386 1643 κτίων
416 1589 471 1639 τὸ
503 1588 695 1659 ὁραθὶν
721 1628 736 1651 ,
766 1588 1021 1655 τοιαύτην
1050 1587 1200 1653 ἔλεγε
1231 1586 1326 1657 τὴν
1355 1586 1579 1655 δύναμιν
1606 1586 1773 1655 ἔχειν.

217 1681 422 1747 Εἴρηκε
447 1680 555 1746 γὰρ
584 1682 676 1730 καί
708 1680 832 1739 τοὺς
858 1680 1003 1747 τρεῖς
1027 1678 1251 1738 τούτους
1287 1678 1480 1746 χοροὺς
1515 1677 1623 1730 τῶν
1671 1695 1776 1747 χω-

218 1770 482 1840 ριζόντων
530 1770 755 1831 ἑαυτοὺς
784 1770 993 1836 κόσμου
1021 1770 1115 1822 καὶ
1143 1769 1251 1822 τῶν
1276 1769 1369 1822 τοῦ
1393 1769 1598 1850 κόσμου
1640 1771 1775 1823 πάιι-

1879 582 2109 637 busdam
2159 584 2371 639 aedibus
2426 587 2589 654 regiis
2623 586 3036 654 pulchritudine
3080 604 3201 656 quae
3253 590 3435 643 verbis

1888 676 2155 742 explicari
2212 692 2323 731 non
2383 689 2579 745 potest,
2629 679 3046 746 insignibus:in
3084 681 3284 748 quibus
3325 691 3435 734 tres

1879 768 2133 835 utrinque
2152 768 2305 822 chori
2325 769 2538 822 stabant
2569 772 2710 825 circa
2738 771 2996 839 parietes.
3025 774 3263 834 Quorum
3292 788 3432 826 unus

1877 858 2095 927 quidem
2121 860 2356 913 habebat
2387 861 2531 914 viros
2562 863 2674 915 visu
2715 864 2992 926 honestos,
3032 874 3086 918 et
3111 876 3256 918 veste
3279 868 3431 930 nigra

1877 950 2112 1003 indutos.
2139 951 2421 1006 Secundus
2449 964 2629 1008 autem
2684 956 2959 1019 mulieres,
2998 973 3120 1025 quae
3173 972 3230 1010 se
3264 958 3432 1010 habe-

1878 1040 2005 1094 bant
2033 1043 2301 1096 similiter.
2335 1045 2557 1100 Tertius
2602 1063 2729 1099 vero
2756 1059 2870 1100 erat
2901 1051 3185 1117 virginum,
3218 1052 3269 1102 in
3303 1053 3429 1118 qui-

1877 1134 1979 1186 bus
2013 1133 2253 1201 jucunda
2309 1136 2555 1202 quazdam
2608 1138 2836 1191 ﬂorebat
2874 1140 3147 1202 alacritas,
3182 1154 3235 1194 et
3291 1143 3431 1194 lihe-

1879 1222 2008 1275 ralis
2037 1223 2210 1291 gratia
2246 1224 2297 1277 in
2327 1228 2474 1279 vultu
2503 1229 2797 1282 arridebat.
2824 1231 3075 1284 Mulieres
3114 1245 3294 1286 autem
3323 1236 3428 1287 illa:

1878 1314 2038 1382 nigra
2073 1324 2221 1368 veste
2251 1317 2473 1379 indutae,
2503 1319 2827 1372 videbantur
2849 1324 3009 1375 etiam
3042 1324 3243 1376 habere
3275 1340 3433 1391 quas-

1876 1404 1996 1457 dam
2034 1421 2258 1471 pennas,
2290 1418 2345 1460 et
2383 1410 2557 1476 ignem
2610 1412 2878 1471 emittere,
2929 1428 2957 1464 a
3010 1429 3118 1482 quo
3162 1417 3429 1484 quidquid

1877 1495 2175 1559 incidebat,
2199 1501 2482 1553 videbatur
2505 1502 2775 1554 comburi.
2806 1504 2942 1557 Cum
2984 1504 3160 1558 autem
3209 1508 3260 1559 id
3283 1509 3429 1575 quod

1878 1588 2053 1640 visum
2122 1590 2318 1653 fuerat,
2386 1592 2688 1647 audivisset
2727 1592 3033 1657 Galaction,
3109 1597 3326 1649 dicebat
3377 1599 3429 1651 id

1876 1678 2015 1732 hanc
2047 1680 2245 1734 habere
2270 1692 2612 1749 potestatem.
2653 1685 2962 1739 Dixitenim
2998 1688 3097 1741 hos
3126 1699 3239 1742 tres
3297 1691 3429 1743 cho-

1876 1784 1965 1823 ros
2016 1785 2137 1823 esse
2189 1785 2376 1824 eorum
2425 1774 2596 1841 quise
2626 1789 2655 1827 a
2694 1777 2896 1829 mundo
2948 1789 3221 1843 separant,
3267 1793 3321 1832 et
3364 1782 3429 1833 ab

215 1877 326 1913 των
349 1855 509 1921 εἶναι,
543 1860 840 1926 παρθενίαν
860 1876 919 1911 τε
949 1860 1346 1926 φυλαττόντων,
1385 1859 1480 1913 καὶ
1508 1857 1607 1930 ζῇν
1634 1860 1774 1912 κατά
1807 1836 1846 1890 Β
1880 1861 1884 1911 i

1757 1866 1774 1911 ι
1807 1836 1846 1890 Β
1880 1859 1946 1912 iis
2000 1874 2120 1927 quae
2174 1871 2299 1913 sunt
2337 1865 2543 1927 mundi,
2592 1876 2645 1918 et
2694 1879 2906 1921 servant
2946 1869 3338 1939 virginitatem,
3373 1883 3426 1925 et

214 1951 454 2019 Χριστὸν
490 1949 918 2017 ἱπανελοαένωνο
954 1950 1063 2002 τῶν
1092 1950 1147 2001 δὲ
1172 1950 1241 2001 τά
1272 1950 1500 2017 μέλαινα
1549 1950 1772 2017 περιϐε-

215 2040 525 2110 ϐλημένων,
578 2040 670 2092 καὶ
720 2040 912 2101 αὐτοὺς
943 2036 1094 2091 εἶπεν
1118 2039 1348 2091 ἑοικέναι
1378 2043 1485 2102 τοῖς
1507 2041 1771 2108 ἀγγέλοιςε

214 2130 445 2180 ἐκείνων
475 2132 580 2198 γὰρ
602 2131 657 2181 ai
687 2130 949 2197 πτέρυγες
981 2130 1072 2181 καὶ
1110 2130 1164 2182 τὸ
1197 2130 1305 2200 πῦρ
1333 2132 1493 2200 τάχος
1520 2131 1636 2201 ἃμα
1681 2132 1774 2182 καὶ

218 2222 377 2290 ἰσχὺν
412 2222 626 2289 ἄμαχον
659 2220 1039 2285 είκονίζουσιν.

286 2402 343 2454 l'.
388 2399 453 2452 Ἦ
477 2397 786 2467 Ἐπιστήμη
816 2398 892 2461 δὲ,
927 2398 1129 2452 τούτων
1147 2400 1427 2454 ἀκούσασα
1445 2440 1458 2463 ,
1492 2402 1647 2463 εὐθὺς
1675 2406 1772 2470 τὴν

213 2493 500 2559 εὐγένειάν
538 2509 597 2543 τε
646 2494 739 2544 καὶ
776 2490 837 2543 τὸ
870 2491 1157 2558 φιλόκαλον
1199 2486 1295 2561 τῆς
1342 2495 1547 2555 οἰκείας
1583 2495 1770 2563 ὶδήλου

210 2587 413 2655 ψυχῆς,
441 2586 498 2636 ὲν
536 2584 801 2654 ἐπιθυμίᾳ
827 2600 885 2634 τε
906 2584 1003 2650 τῆς
1046 2584 1155 2635 τῶν
1182 2585 1485 2651 όραθέντων
1516 2588 1769 2656 γινομένη

217 2676 664 2746 μεγαλειότητος,
696 2670 842 2740 ’Δρά
874 2689 960 2739 γε,
997 2667 1174 2735 εἶπεν,
1202 2676 1248 2726 εί
1278 2675 1633 2743 διασταίημεν
1670 2680 1764 2729 ἀπ’

212 2769 484 2835 ἀλλήλων,
524 2766 678 2832 ἄνερ,
710 2767 801 2818 καὶ
833 2767 950 2832 Θεῷ
992 2768 1507 2836 προσχωρήσαιμεν,
1549 2769 1773 2835 δυνησό-

217 2860 359 2929 μεθα
391 2860 483 2911 καὶ
523 2858 619 2927 τὴν
650 2860 728 2919 είς
766 2858 1023 2926 ἀλλήλους
1050 2859 1287 2910 διάθεσιν
1314 2857 1611 2925 ἀχώριστον
1651 2876 1774 2910 συν-

214 2954 453 3021 τηρείνς
501 2949 703 3001 Τούτου
745 2965 834 3017 μοι
883 2948 1021 3000 δίδου
1077 2948 1361 3017 βεϐαίωσιν
1407 2950 1641 3017 ἀσφαλῆ,
1680 2951 1773 3001 καὶ

214 3044 315 3093 οὐκ
351 3043 689 3107 ἐκστήσομαι
726 3042 943 3091 πώποτε
974 3041 1066 3090 τοῦ
1099 3041 1172 3108 μὴ
1205 3043 1476 3091 κοινωνεῖν
1504 3057 1582 3091 σοι
1613 3040 1771 3109 τῆσδε

1875 1950 2159 2017 elegerunt
2233 1952 2396 2005 vitam
2474 1970 2631 2021 agere
2702 1955 2924 2011 Christo
2977 1962 3418 2015 convenientem.

1877 2039 2075 2090 Eorum
2108 2050 2309 2100 autem,
2344 2046 2436 2109 qui
2466 2054 2622 2097 erant
2660 2046 2811 2114 nigra
2859 2058 3006 2102 veste
3054 2052 3250 2117 induti,
3283 2057 3427 2120 ipsos

1875 2129 2009 2182 dixit
2037 2144 2155 2182 esse
2190 2132 2391 2183 similes
2415 2136 2658 2202 angelis;
2689 2137 2903 2190 illorum
2935 2141 3080 2193 cnim
3136 2159 3324 2209 penna:
3371 2154 3424 2197 et

1875 2218 2014 2286 ignis
2072 2219 2232 2271 simul
2256 2220 2592 2275 celeritatem
2638 2234 2693 2277 et
2720 2226 2863 2280 vires
2913 2230 3223 2295 exprimunt
3268 2234 3422 2285 inex-

1874 2310 2215 2377 pugnabiles.

1944 2400 2007 2453 Χ.
2050 2402 2319 2470 Episteme
2347 2414 2526 2459 autem
2573 2406 2656 2460 his
2687 2409 2903 2473 auditis,
2952 2414 3133 2468 statim
3181 2416 3425 2471 ostendit

1872 2508 2192 2561 generosum
2219 2497 2478 2559 animum,
2534 2507 2590 2552 et
2644 2515 2820 2553 rerum
2874 2502 3224 2559 honestarum
3278 2524 3427 2563 amo-

1873 2600 1986 2637 rem
2015 2601 2026 2636 :
2059 2596 2112 2639 et
2142 2599 2294 2655 capta
2327 2591 2596 2645 desiderio
2625 2594 3009 2659 magnitudinis
3070 2612 3258 2650 eorum
3307 2617 3427 2668 qum

1873 2676 1983 2729 visa
2020 2676 2235 2731 fuerant
2265 2696 2278 2732 :
2313 2682 2448 2734 Num
2476 2697 2624 2743 vero,
2662 2685 2858 2753 inquit.
2885 2701 2917 2739 ο
2946 2689 3159 2749 marite,
3187 2692 3233 2745 si
3268 2708 3297 2743 a
3332 2710 3428 2746 no-

1872 2767 1955 2821 bis
1990 2770 2217 2824 invicem
2250 2774 2676 2838 discesserimus,
2730 2787 2783 2830 et
2833 2780 2899 2831 ad
2933 2781 3099 2833 Deum
3131 2787 3429 2839 accesseri-

1874 2874 2016 2921 mus,
2052 2864 2348 2928 poterimus
2377 2879 2494 2918 eam
2541 2882 2780 2935 quoque,
2826 2884 2947 2937 qua:
2989 2882 3072 2924 est
3114 2875 3254 2927 inter
3304 2893 3426 2942 nos,

1873 2964 2194 3005 conservare
2226 2953 2608 3010 aﬂ‘eCtionem?
2631 2958 2700 3010 Da
2738 2961 2869 3013 mihi
2904 2962 3065 3030 hujus
3110 2970 3183 3018 rei
3213 2965 3423 3020 firmam

1873 3050 1926 3092 et
1967 3051 2169 3093 certam
2213 3044 2521 3097 cautionem
2555 3063 2569 3099 :
2604 3062 2704 3100 nec
2728 3063 2828 3116 ego
2868 3066 3101 3118 unquam
3140 3057 3424 3122 recusabo,

214 3134 314 3201 τῆς
344 3133 736 3199 προαιρέσεως.
780 3130 930 3183 Ἐπεὶ
978 3132 1035 3183 δὲ
1072 3130 1318 3197 ἀλλήλοις
1355 3132 1579 3199 ἰσχυρὰς
1617 3130 1773 3183 δεδώο
1800 3151 1842 3209 c
1874 3149 1883 3183 ι

1755 3160 1773 3170 ο
1800 3151 1842 3209 c
1874 3134 2164 3199 quominus
2196 3135 2294 3187 sim
2329 3137 2602 3190 tibi-socia
2651 3138 2815 3205 hujus
2848 3145 3133 3210 propositi.
3161 3146 3293 3200 Cum
3326 3166 3424 3203 au-

215 3239 348 3274 κασι
392 3222 601 3282 πίστεις
652 3222 728 3288 μὴ
770 3221 863 3272 ἀπ’
907 3220 1153 3290 ἀλλήλων
1193 3221 1331 3273 κατὰ
1376 3221 1602 3289 γνώμην
1642 3224 1770 3274 ποτε

214 3307 566 3375 διαναστῆναι
590 3348 604 3370 ,
636 3309 665 3358 ό
704 3306 1013 3360 Γαλακτίων
1063 3307 1130 3360 τά
1166 3306 1368 3375 συνήθη
1397 3308 1461 3359 δι’
1499 3310 1771 3376 ἱκετηρίας

216 3398 460 3466 ἐντυχὼν
505 3398 583 3465 τῷ
632 3397 767 3465 Θεῷ,
834 3400 899 3466 τῇ
967 3398 1274 3469 Ἐπιστήμῃ
1339 3400 1405 3449 τὰ
1467 3402 1773 3452 συνοίσοντα

222 3488 492 3550 ὑπετίθει,
528 3488 600 3539 Σὺ
636 3490 732 3556 μὲν
770 3486 947 3549 ἄπιθι,
991 3487 1187 3554 λέγων,
1228 3492 1324 3542 καὶ
1362 3493 1473 3547 τοῖς
1500 3490 1773 3557 δεομένοις

218 3574 541 3644 ἰλευθερίως
574 3575 642 3625 ta
689 3574 957 3642 προσόντα
993 3574 1263 3641 διὰνειμε,
1319 3575 1416 3626 ούκ
1442 3576 1770 3638 ἀναλίσκειν,

215 3671 357 3724 ἀλλά
393 3668 741 3740 θησαυρίζειν
778 3668 980 3737 μᾶλλον
1011 3668 1152 3720 αὐτὰ
1197 3670 1255 3719 ὲν
1297 3669 1512 3725 ἀσύλοις
1540 3670 1775 3726 ,πιστεύ-

214 3779 356 3817 cuca
385 3778 399 3791 ο
439 3760 550 3826 ἐγὼ
593 3759 649 3811 δέ
687 3777 768 3811 σοι
816 3760 909 3810 καὶ
955 3759 1144 3810 τούτου
1194 3760 1361 3822 τύπος
1419 3762 1636 3827 ἔσομαι,
1682 3762 1772 3812 καὶ

219 3853 439 3921 πρῶτος
488 3851 594 3901 τῶν
654 3849 803 3917 ἐμῶν
870 3850 1166 3917 ποιήσομαι
1211 3849 1307 3917 τὴν
1359 3850 1639 3920 διανομὴν,
1674 3853 1773 3902 om

218 3944 377 4011 ὀλίγῃ
410 3943 501 3991 καὶ
537 3941 827 4009 φειδομένῃ
873 3940 1038 4007 χειρὶ,
1090 3941 1225 3991 ἀλλά
1283 3942 1581 4009 φιλοτίμως
1620 3943 1773 4007 ἐξαν-

221 4034 362 4084 τλῶν
403 4033 495 4083 καὶ
540 4031 829 4091 πλουσίως.
870 4031 962 4091 Είς
1000 4030 1096 4099 τὴν
1132 4031 1321 4098 τρίτην
1343 4031 1397 4082 δὲ
1431 4033 1559 4099 ἡμῖν
1587 4034 1767 4101 ἀφίξῃ.

225 4126 319 4177 καί
359 4123 498 4175 κατά
524 4139 587 4189 γε
613 4123 673 4174 τὸ
702 4122 1028 4190 ἀμφοτέροις
1065 4122 1223 4187 δόξαν
1252 4123 1700 4191 οίκονομήσομεν.

296 4384 399 4438 lA'.
444 4384 593 4436 Ἐπεὶ
630 4381 721 4435 οὖν
758 4383 825 4434 τὰ
862 4382 989 4434 ὄντα
1026 4398 1083 4433 τε
1121 4382 1459 4450 διενείμαντο
1488 4382 1578 4434 καὶ
1613 4382 1772 4450 ἀλλή-

220 4476 337 4535 λοις
377 4474 654 4539 συνῆλθον,
713 4472 1005 4538 Εὑτόλμιόν
1063 4487 1184 4522 τινα
1237 4473 1450 4523 πάντων
1500 4466 1574 4523 ὧν
1630 4468 1769 4539 εἶχον
1806 4462 1846 4514 ο

222 4562 579 4617 εὐνούστατον
644 4562 954 4630 ὑπάρχοντα
1006 4560 1353 4629 θεραπόντων
1383 4600 1399 4625 ,
1460 4562 1773 4614 ἀκολουθεῖν

222 4656 608 4721 ἐντειλάμενοι,
640 4651 928 4719 ἐξήρχοντο
948 4651 1044 4716 τῆς
1080 4652 1280 4711 οἰκίας,
1329 4651 1419 4700 τὸν
1460 4652 1565 4702 τῶν
1616 4669 1771 4720 μονοε-

222 4749 442 4816 τρόπων
504 4744 784 4812 μέλλοντες
848 4742 1096 4793 ὑπελθεῖν
1154 4742 1287 4808 βίον.
1336 4744 1477 4795 Δέκα
1533 4745 1589 4795 δὲ
1650 4746 1774 4807 ὅλας

222 4838 436 4907 ἡμέρας
459 4833 923 4903 ὁδοιπορήσαντες,
948 4833 1069 4901 ὅρος
1098 4833 1350 4899 φθάνουσι
1384 4835 1645 4887 Πούπλιον
1676 4838 1774 4904 μὲν

225 4926 333 4977 ὑπὸ
364 4923 469 4975 τῶν
496 4920 923 4991 προσοικούντων
957 4921 1310 4987 καλούμενον,
1370 4925 1533 4989 ἐγγὺς
1571 4926 1625 4975 δέ
1673 4943 1772 4975 που

226 5016 321 5067 τοῦ
357 5014 486 5063 Σινᾶ
539 5013 790 5080 κείμενον
834 5010 1012 5080 ὅρους.
1057 5011 1220 5063 Ἔνθα
1254 5014 1568 5065 δυοκαίδεκα
1612 5033 1776 5083 μονα.

223 5106 337 5173 χοίς
361 5102 692 5169 ἐντυχόντες,
716 5098 1016 5169 ἀσκητικὴν
1039 5100 1311 5153 πολιτείαν
1336 5107 1771 5171 μετερχομένοις,

221 5198 292 5247 τά
332 5192 425 5245 τοῦ
487 5191 689 5244 σκοποῦ
731 5208 789 5241 τε
851 5191 1032 5253 αὐτοῖς
1084 5191 1413 5261 διηγόρευον,
1473 5196 1565 5246 καὶ
1606 5211 1775 5263 προσ-

223 5284 498 5352 ληςθῆναι
555 5284 646 5333 καὶ
706 5281 782 5349 τῷ
835 5280 1112 5350 καταλόγῳ
1170 5282 1372 5334 τούτων
1432 5286 1771 5353 ἐγγραφῆναι

222 5377 410 5445 ἠξίουν
440 5388 454 5401 ⁸
489 5372 517 5425 δ
552 5373 617 5440 δὴ
658 5373 753 5424 καὶ
798 5372 857 5423 ού
898 5372 1116 5433 πολλαῖς
1163 5375 1398 5442 ἡμέραις
1441 5374 1663 5444 ὕστερον
1694 5379 1774 5441 γί-

223 5483 394 5519 νεται.
433 5466 541 5518 Καὶ
581 5465 621 5516 Γ
621 5464 891 5517 αλακτίων
938 5465 1035 5532 μὲν
1064 5464 1139 5530 τῷ
1168 5465 1403 5533 τάγματι
1432 5466 1537 5517 τῶν
1561 5469 1771 5533 ἀνδρῶν

225 5558 429 5609 τούτων
457 5554 948 5623 συναριθμεῖται’ή
988 5555 1291 5625 Ἐπιστήμη
1313 5557 1367 5609 δὲ
1400 5558 1532 5626 πρός
1573 5576 1626 5611 τι
1664 5562 1770 5612 τῶν

221 5646 622 5714 ἀπῳκισμένων
646 5642 907 5710 σεμνιίων
932 5644 1021 5695 ὑπ’
1052 5645 1216 5698 αὑτοῦ
1250 5646 1541 5713 στέλλεται,
1574 5648 1702 5718 παρ’
1726 5644 1768 5718 ᾦ

222 5743 482 5805 τέσσαρες
504 5734 764 5803 ἠσκοῦντο
802 5735 1072 5804 παρθένοι.

1877 3232 1980 3276 tem
2017 3226 2116 3276 sibi
2148 3226 2377 3278 invicem
2404 3236 2588 3280 sancte
2617 3230 2895 3285 dedissent
2930 3235 3110 3297 iidem,
3145 3253 3423 3307 nunquam

1871 3328 1990 3367 ease
2017 3331 2045 3367 a
2075 3330 2133 3368 se
2166 3316 2394 3370 invicem
2440 3320 2635 3372 animis
2687 3322 3092 3391 disjungeudos,
3146 3328 3423 3387 Galaction

1873 3418 1995 3456 cum
2030 3405 2196 3457 Deum
2249 3406 2501 3473 precibus
2530 3409 2595 3462 de
2622 3425 2769 3465 more
2798 3426 2939 3468 esset
2968 3417 3256 3483 allocutus,
3303 3414 3428 3492 sug-

1873 3496 2038 3562 gessit
2067 3496 2355 3564 Epistema:
2381 3515 2443 3553 ea
2479 3516 2596 3568 quae
2624 3514 2781 3558 erant
2810 3505 2989 3559 futura
3032 3510 3081 3560 ei
3112 3512 3429 3565 conducibi-

1874 3587 1965 3648 lia,
1996 3587 2189 3642 dicens
2216 3606 2227 3640 :
2259 3589 2339 3642 Tu
2369 3593 2587 3659 quidem
2614 3595 2721 3657 abi,
2756 3608 2812 3649 et
2843 3599 3233 3667 indigentibus,
3290 3619 3428 3671 quas

1875 3677 2041 3731 habes
2096 3679 2399 3743 facultates,
2438 3683 2706 3737 distribue
2744 3686 3066 3754 liberaliter,
3114 3694 3341 3747 credens
3373 3704 3425 3749 te

1872 3783 1979 3819 non
2010 3784 2100 3821 eas
2133 3785 2473 3833 consumere,
2493 3775 2588 3826 sed
2622 3775 2934 3829 thesaurum
2965 3782 3144 3846 potius
3168 3783 3219 3834 iii
3247 3784 3424 3839 locum

1876 3864 2048 3909 tutum
2079 3874 2363 3925 reponere.
2399 3863 2511 3929 Ego
2538 3872 2717 3917 autem
2746 3869 2904 3935 hujus
2936 3869 3011 3921 rei
3054 3887 3139 3925 me
3169 3874 3263 3925 tibi
3298 3890 3425 3941 pro-

1874 3964 2066 4016 ponam
2094 3954 2386 4019 exemplar,
2411 3964 2465 4007 ct
2489 3956 2693 4021 primus
2728 3974 2905 4011 rerum
2934 3976 3180 4015 mearum
3227 3965 3420 4019 faciam

1874 4040 2331 4104 distributionem,
2358 4059 2462 4095 non
2493 4060 2653 4099 avara
2680 4058 2733 4099 et
2770 4065 2926 4115 parca
2970 4068 3152 4116 manu,
3178 4057 3271 4108 sed
3305 4074 3424 4110 mu-

1874 4132 2032 4182 nifice
2056 4142 2109 4184 et
2139 4134 2351 4185 abunde
2381 4150 2472 4187 eas
2502 4137 2852 4192 exhauriens.
2886 4142 3081 4197 Venies
3110 4157 3287 4200 autem
3318 4159 3424 4203 ter-

1876 4223 1949 4273 tio
1979 4221 2086 4283 die,
2124 4233 2177 4275 et
2205 4234 2367 4289 prout
2390 4227 2633 4294 utrisque
2656 4228 2828 4282 visum
2869 4228 3054 4297 fuerit,
3082 4236 3423 4304 dispensabi-

1878 4323 2019 4360 mus.

1946 4402 2035 4455 XI.
2072 4403 2203 4457 Cum
2239 4421 2373 4474 ergo
2415 4423 2533 4474 qua:
2580 4409 2871 4478 habebant,
2911 4414 3336 4484 distribuissent,
3368 4432 3422 4477 et

1878 4494 2017 4546 inter
2053 4510 2109 4547 se
2141 4499 2539 4560 convenissent,
2570 4501 2842 4578 Eut_olmio
2868 4508 3133 4573 omnium,
3164 4526 3299 4579 quos
3330 4514 3423 4567 ha~

1878 4583 2097 4645 hebant,
2144 4585 2467 4639 famulorum
2518 4589 3032 4648 benevolentissimo
3068 4603 3217 4667 sequi
3247 4604 3420 4667 jusso,

1876 4670 2073 4738 egressi
2108 4681 2232 4724 sunt
2266 4674 2425 4726 vitam
2468 4682 2769 4746 suscepturi
2804 4684 3123 4740 solitariam.
3155 4690 3287 4742 Cum
3328 4709 3424 4745 an-

1880 4770 1984 4812 tem
2035 4763 2395 4816 confecissent
2441 4767 2542 4819 iter
2590 4768 2778 4823 decem
2810 4772 3046 4835 dierum,
3091 4782 3318 4834 veniunt
3354 4784 3422 4837 ad

1876 4862 2135 4911 montem.
2169 4855 2260 4921 qui
2292 4857 2359 4909 ab
2386 4858 2572 4912 incolis
2595 4861 2811 4926 quidem
2843 4867 3143 4933 appellatur
3175 4872 3420 4940 Publius,

1874 4948 1956 4992 est
1988 4950 2166 4993 autem
2198 4959 2362 5011 prope
2395 4957 2631 5001 montem
2672 4950 2816 5005 Sina.
2849 4953 2965 5018 Quo
2992 4957 3044 5009 in
3076 4959 3197 5011 loco
3218 4977 3339 5014 cum
3368 4966 3421 5019 in

1876 5028 2062 5082 decem
2104 5035 2393 5085 monachos
2457 5037 2794 5104 incidissent,
2839 5044 2930 5110 qui
2987 5047 3148 5099 vitam
3198 5066 3421 5107 exerce-

1876 5117 2003 5171 bant
2032 5122 2402 5182 monastieam.
2451 5126 2529 5177 eis
2578 5140 2867 5182 narrarunt
2916 5148 3073 5187 suum
3104 5152 3325 5206 scapum
3366 5153 3421 5197 et

1876 5206 2203 5270 institutum,
2236 5218 2291 5262 et
2317 5222 2589 5279 regarunt,
2615 5217 3127 5275 utadscriberentur
3154 5228 3205 5276 in
3230 5241 3417 5284 eorum

1876 5312 2166 5349 numerum
2203 5315 2215 5349 :
2248 5302 2392 5366 quod
2428 5302 2646 5369 quidem
2687 5305 2743 5357 fit
2779 5320 2885 5358 non
2930 5309 3113 5362 multis
3145 5323 3265 5378 post
3306 5316 3423 5367 die-

1878 5386 1998 5441 bus.
2031 5388 2097 5441 Et
2126 5388 2403 5443 Galaction
2436 5394 2653 5459 quidem
2693 5396 2925 5450 refertur
2960 5401 3013 5452 in
3045 5402 3290 5455 ordinem
3323 5405 3421 5457 ho-

1878 5489 1997 5527 rum
2022 5477 2261 5530 virorum
2289 5495 2303 5530 :
2332 5480 2603 5546 Episteme
2631 5493 2811 5539 autem
2846 5488 3078 5541 mittitur
3106 5491 3173 5543 ab
3202 5492 3319 5559 ipso
3351 5494 3418 5547 ad

1875 5565 2150 5632 quoddam
2214 5570 2397 5636 procul
2450 5584 2713 5626 remotum
2756 5580 3163 5648 monasterium,
3212 5581 3267 5635 in
3308 5596 3419 5652 quo

1875 5663 2110 5722 quatuor
2146 5659 2541 5716 exercebantur
2566 5664 2824 5734 virgines.
