4226 6418
772 405 872 476 103

769 615 932 682 gisset
955 612 1256 674 Galaction,
1278 625 1439 679 quam
1475 624 1580 662 non
1608 608 1744 659 viam
1779 606 1999 675 quidem
2029 605 2168 663 iniit,
2201 616 2319 671 quze

773 710 956 770 posset
991 700 1189 754 docere
1244 699 1669 752 moderationem
1697 697 1719 748 ?
1745 695 1914 761 Quem
1973 705 2152 748 autem
2199 707 2320 744 sen—

773 809 890 845 sum
926 807 1031 846 non
1059 792 1259 851 erudit,
1306 791 1504 844 limites
1530 797 1584 840 et
1609 787 1798 841 modos
1827 788 2108 854 imponens
2140 783 2320 837 omni-

774 884 897 945 bus,
927 893 979 935 et
1008 897 1205 949 cogens
1231 896 1322 934 eos
1351 895 1541 949 parere
1567 879 1804 932 rationi?
1834 878 1908 930 lla
1933 887 2109 929 autem
2143 873 2192 927 ei
2222 889 2319 926 cu-

776 971 1088 1024 maluerunt
1121 969 1348 1038 jejunia.
1375 976 1434 1020 ut
1466 966 1602 1017 duos
1632 980 1804 1016 annos
1830 963 1996 1015 semel
2028 962 2080 1013 in
2112 961 2319 1013 hebdo-

775 1061 927 1114 mada
957 1073 1090 1126 pane
1120 1058 1236 1111 solo
1259 1064 1589 1115 vesceretur,
1613 1068 1783 1120 eoque
1806 1050 2038 1111 modico,
2070 1058 2125 1102 et
2147 1063 2318 1116 quan-

775 1161 888 1202 tum
923 1149 1052 1202 satis
1086 1156 1229 1200 esset
1260 1147 1322 1198 ad
1363 1145 1675 1209 vivendum.
1725 1142 1859 1196 Cum
1898 1141 2080 1193 inedia
2107 1154 2233 1191 vero
2264 1153 2321 1191 se

774 1241 938 1291 etiam
969 1236 1255 1291 exercebat
1288 1235 1340 1286 in
1374 1233 1591 1297 vigiliis,
1647 1241 1698 1284 et
1732 1231 1784 1283 in
1838 1238 2097 1297 perpetuo
2145 1228 2324 1280 studio

778 1326 1059 1378 orationis.
1087 1323 1364 1376 Pudicitia:
1390 1332 1567 1372 autem
1602 1329 1802 1370 tantum
1829 1331 2013 1369 curam
2049 1316 2232 1382 gessit,
2265 1325 2324 1366 ut

780 1433 881 1470 nec
932 1416 1117 1467 venire
1152 1413 1366 1479 quidem
1423 1411 1474 1461 in
1528 1417 1875 1476 conspectum
1936 1405 2183 1458 mulieris
2223 1421 2322 1456 un-

781 1520 942 1572 quam
975 1501 1244 1554 induxerit
1281 1501 1332 1550 in
1391 1499 1653 1558 animum,
1685 1513 1749 1549 cx
1783 1510 1890 1563 quo
1928 1494 2028 1546 luit
2063 1495 2128 1546 ad
2161 1496 2323 1545 vitam

780 1593 1082 1659 adscriptus
1113 1590 1481 1641 monasticam.
1516 1588 1684 1653 llujus
1712 1595 1892 1637 autem
1929 1585 2004 1635 rei
2041 1595 2124 1636 est
2157 1599 2319 1649 aper-

781 1695 894 1736 tum
935 1681 1211 1740 indicium,
1249 1678 1389 1745 quod
1419 1692 1539 1728 cum
1569 1675 1676 1726 duo
1709 1673 1951 1726 monachi
1983 1685 2203 1726 matrem
2229 1674 2324 1724 ha-

785 1771 994 1831 berent,
1025 1785 1142 1837 qua:
1204 1784 1309 1820 non
1369 1768 1541 1820 solum
1591 1781 1773 1818 curam
1826 1765 2042 1834 gerebat
2089 1764 2322 1828 virtutis,

1980 404 2258 464 MENSIS
2297 401 2722 460 NOVEHBER.

833 523 952 579 Xll.
989 524 1122 579 Cum
1157 523 1295 576 hanc
1327 536 1454 589 ergo
1491 519 1612 573 vita:
1657 519 1877 586 agenda:
1909 525 2170 571 rationem
2203 517 2314 567 ele—
2346 518 2392 571 Α

3869 393 3971 459 104

2496 512 2591 566 lB'.
2625 514 2733 579 Τὴν
2793 511 2884 564 οὖν
2951 510 3169 580 ἀγωγὴ-ι
3209 509 3407 577 ταύτην
3445 511 3473 562 ὁ
3516 508 3821 561 Γαλακτίων
3856 505 3970 557 ἑλό-

2422 620 2599 670 μενος,
2641 603 2798 654 ποίαν
2833 603 2930 671 μὲν
2967 602 3065 654 οὐκ
3108 601 3340 670 ἐπῆλθεν
3378 601 3496 653 ὁδ’,ν
3535 598 3741 662 διδάξαι
3775 596 3833 648 τὺ
3865 598 3972 664 μέ-

2419 709 2566 759 τριον
2595 693 2920 761 δυναμένην,
2957 693 3076 744 τίνα
3101 691 3156 744 δὲ
3192 692 3301 743 τῶν
3339 691 3642 757 αἰσθήσεων
3679 688 3777 739 οὐκ
3815 689 3977 738 ἐπαι-

2418 781 2700 850 δαγώγησε
2765 783 2967 844 πάσαις
3002 783 3162 850 ὅρους
3210 780 3415 840 ἐπιθεὶς
3453 779 3566 829 -καὶ
3619 775 3810 844 μέτρα,
3877 775 3976 824 καὶ

2421 874 2729 942 πειθηνίους
2759 875 2925 936 αὑτὰς
2952 873 3196 942 λογισμῷ
3232 872 3307 942 τῷ
3336 869 3571 938 σώφρονι
3601 868 3968 933 καταστήσαςς

2420 964 2576 1016 Οῦτω
2599 964 2655 1016 δὲ
2687 964 2835 1032 αὐτῷ
2871 966 2963 1016 καὶ
2993 963 3241 1032 νηστείας
3273 961 3560 1030 ἐμέλησεν,
3593 959 3670 1019 ὡς
3697 957 3790 1008 ἐπὶ
3821 957 3976 1007 δυσν

2421 1056 2598 1107 ἔτεσιν
2636 1054 2779 1118 ἅπαξ
2811 1055 2908 1123 τῆς
2941 1053 3229 1123 ἑϐδομάδος
3279 1054 3444 1122 ἄρτου
3490 1051 3648 1120 μόνον
3691 1047 3861 1117 μεταλ
3905 1066 3977 1116 μ-

2421 1140 2621 1203 6ἀνειν,
2657 1141 2750 1190 καὶ⁸
2778 1141 2967 1192 τούτου
3011 1140 3242 1209 βραχέος
3282 1141 3376 1190 xui.
3418 1141 3541 1190 ὅσον
3571 1137 3780 1204 ἀποζῇν
3810 1135 3977 1186 δύνα-

2423 1231 2572 1286 σθαι.
2598 1232 2920 1298 Συνησκείτο
2946 1230 3001 1282 δὲ
3034 1229 3179 1298 αὑτῷ
3210 1232 3274 1298 τῇ
3297 1229 3478 1297 ἀσιτία
3506 1227 3597 1280 καὶ
3618 1228 3676 1278 τὸ
3709 1227 3977 1293 φιλὰγρυ-

2379 1366 2382 1369 .
2423 1338 2573 1384 πνον,
2614 1321 2708 1372 καὶ
2756 1323 2788 1390 ἡ
2835 1321 2964 1389 περὶ
3014 1321 3114 1381 τὰς
3156 1321 3318 1388 εὐχὰς
3358 1320 3608 1389 διηνεκὴς
3669 1317 3976 1384 ἐπιμέλεια.

2424 1409 2781 1478 Σωφροσύνης
2832 1410 2888 1461 δὲ
2937 1409 3110 1471 οὕτως
3153 1409 3485 1478 ἐφρόντισεν,
3534 1408 3607 1468 ὠς
3656 1406 3788 1474 μηέὲ
3845 1405 3982 1474 πρὶς

2423 1499 2542 1565 ὄψιν
2585 1499 2757 1550 ἐλθεῖν
2811 1499 3028 1564 γυναικὶ
3073 1499 3339 1567 μηδέποτε
3387 1498 3736 1565 ἀνασχέσθαι,
3783 1498 3873 1560 ἀπ’
3919 1491 3983 1546 οὗ

2422 1591 2483 1657 δί]
2523 1592 2616 1641 καὶ
2656 1591 2732 1658 τῷ
2776 1590 2883 1642 τῶν
2916 1591 3162 1658 μοναχῶν
3205 1591 3473 1656 ἐνεγράφη
3502 1588 3618 1656 βίῳ.
3665 1588 3980 1653 Ί“εκμήρ.ον

2424 1683 2646 1750 ἀκριϐὲς
2673 1685 2754 1735 ὅτι
2802 1685 2895 1736 δύο
2938 1686 3044 1735 τῶν
3098 1683 3345 1753 μοναχῶν
3403 1685 3612 1750 μητέρα
3657 1683 3887 1748 ἑχόντων
3916 1681 3982 1728 οὗ

2431 1777 2588 1842 μόνον
2629 1777 2826 1844 ἀρετῆς
2873 1775 3289 1843 ἐπιμελομένην,
3331 1773 3465 1826 ἀλλὰ
3507 1774 3600 1823 καὶ
3641 1772 3840 1839 ἔξωρον
3880 1772 3986 1840 ήδη

785 1863 877 1916 sed
910 1865 1018 1931 jam
1069 1869 1183 1914 erat
1239 1869 1502 1926 provectae
1535 1857 1727 1918 :etatis,
1786 1865 1840 1908 et
1882 1865 2241 1908 consenuerat
2274 1859 2324 1908 in
2361 1835 2454 1914 Βξι

2316 1874 2324 1908 ι
2361 1835 2400 1888 Β
2430 1868 2521 1915 καὶ
2575 1866 2649 1931 τῷ
2696 1865 2978 1933 ἀσκητικῷ
3021 1865 3484 1933 καταγηράσασαν
3530 1861 3649 1930 βίῳ,
3687 1860 3985 1925 ἀξιούντων

783 1955 892 2004 vita
944 1949 1260 2009 monastica,
1316 1957 1370 1999 et
1431 1954 1678 2014 rogarem.
1731 1954 1789 1997 ut
1846 1959 1963 1997 eam
2013 1945 2237 2008 videret,
2273 1955 2328 1998 et

789 2056 1154 2097 maternarum
1216 2051 1358 2094 esset
1395 2055 1611 2107 precum
1664 2041 1952 2106 particeps,
2005 2053 2109 2091 non
2167 2039 2326 2090 susti-

789 2142 926 2185 nutt.

867 2249 1007 2304 Xlll.
1028 2248 1161 2302 Cum
1188 2244 1265 2298 sic
1285 2256 1412 2309 ergo
1441 2255 1497 2293 se
1528 2239 1770 2300 haberet,
1797 2246 1850 2290 et
1879 2237 1944 2290 ad
1976 2251 2190 2290 omnem
2221 2238 2328 2289 vir-

790 2350 959 2395 tutem
990 2347 1133 2390 recta
1166 2335 1248 2386 via
1282 2331 1578 2390 incederet,
1615 2343 1720 2380 non
1757 2327 1930 2378 visum
1967 2333 2048 2378 est
2082 2325 2186 2379 hoc
2222 2339 2334 2378 ma-

789 2431 936 2496 ligno
961 2424 1296 2479 tolerandum
1325 2437 1337 2471 :
1370 2417 1463 2470 sed
1499 2430 1621 2468 eum
1670 2412 1911 2468 subiens.
1941 2413 2035 2480 qui
2075 2422 2204 2464 tunc
2233 2413 2333 2464 atl-

797 2516 1139 2572 ministrahat
1170 2509 1476 2579 imperium.
1511 2519 1635 2557 eum
1662 2503 1895 2555 irritavit
1917 2503 2182 2554 adversus
2212 2516 2336 2554 om-

794 2625 890 2664 nes
919 2604 1274 2664 Christianos;
1304 2608 1358 2652 et
1381 2596 1584 2656 eﬁecit,
1617 2601 1673 2646 ut
1695 2593 1954 2646 adversus
1982 2605 2074 2644 eos
2095 2601 2335 2659 apertam

797 2706 1040 2753 moveret
1088 2689 1541 2761 persecutionem.
1577 2685 1683 2738 Eos
1712 2683 1856 2736 enim
1889 2681 2110 2745 invasit,
2142 2682 2335 2748 partim

797 2791 1015 2859 quidem
1051 2801 1148 2853 per
1183 2798 1259 2845 sc,
1295 2780 1490 2848 partim
1519 2784 1698 2829 autem
1726 2789 1821 2843 per
1843 2773 2093 2827 similiter
2113 2772 2338 2825 allectos

798 2880 1032 2932 vicarios
1064 2871 1376 2941 gravissime
1419 2868 1669 2935 puniens.
1709 2865 1786 2917 Ad
1819 2877 1940 2916 eum
1971 2871 2150 2914 autem
2191 2875 2343 2914 acce-

802 2972 1012 3028 dentes,
1040 2963 1130 3032 qui
1187 2957 1415 3026 tempori
1463 2954 1790 3016 serviebant,
1827 2951 2080 3004 dixerunt
2125 2965 2217 3003 eos
2247 2951 2339 3017 qui

804 3068 1040 3111 montem
1085 3053 1266 3106 Sinam
1326 3045 1660 3106 habitabant,
1709 3042 1838 3094 deos
1891 3041 2108 3108 quidem
2144 3039 2340 3092 habere

2427 1972 2484 2006 τε
2534 1956 2832 2008 θεάσασθαι
2877 1956 3096 2024 ταύτην,
3143 1955 3235 2008 καὶ
3281 1953 3560 2024 μητρικῶν
3604 1953 3777 2021 εὐχῶν
3816 1968 3984 2020 μετα-

2433 2048 2596 2113 σχεῖν,
2635 2048 2732 2098 οᾷκ
2769 2047 3040 2115 ἠνέσχετο.

2501 2225 2602 2278 ll".
2649 2225 2802 2276 Οῦτω
2853 2224 3138 2294 τοιγαροῦν
3192 2224 3407 2293 ἔχοντος
3455 2229 3552 2276 καὶ
3604 2225 3740 2293 πρὸς
3784 2223 3989 2294 ἀρετὴν

2434 2317 2611 2369 πᾶσαν
2653 2316 3096 2384 εὑθυποροῦντος,
3142 2319 3241 2369 οὐκ
3288 2317 3509 2368 ἀνεκτὸν
3550 2317 3722 2367 ἐδόκει
3761 2316 3838 2383 τῷ
3889 2333 3987 2366 ποο

2435 2404 2602 2473 νηρῷ,
2658 2405 2792 2456 ἀλλὰ
2844 2406 2932 2457 τὸν
2981 2405 3079 2474 τὴν
3127 2406 3502 2473 αὐτοκράτορα
3550 2406 3670 2456 τότε
3728 2405 3985 2473 μετιόντα

2436 2493 2606 2564 ἀρχὴν
2645 2494 2909 2554 ὑπελθὼν,
2946 2494 3164 2562 ἠρέθισε
3204 2511 3262 2547 τι
3301 2497 3442 2549 κατά
3488 2496 3829 2566 Χριστιανῶν
3854 2496 3991 2548 πάν-

2435 2604 2564 2649 των,
2622 2585 2716 2636 καὶ
2768 2586 3004 2652 διωγμὸν
3055 2585 3287 2652 φανερὸν
3342 2587 3559 2652 κινῆσαι
3623 2587 3742 2638 κατ’
3804 2586 3989 2638 αὐτῶν

2437 2677 2836 2743 παρεσκεύασε.
2875 2676 2981 2726 Καὶ
3029 2677 3135 2743 γὰρ
3178 2675 3406 2743 ἐπῆλθεν
3448 2677 3626 2737 αὐτοῖς
3661 2678 3989 2746 βαρύτατος,

2437 2764 2502 2816 τα
2549 2765 2648 2833 μὲν
2700 2765 2767 2815 δι’
2814 2764 3027 2826 ἑαυτοῦ,
3083 2765 3152 2815 τὰ
3191 2765 3248 2816 δὲ
3303 2766 3390 2818 διὰ
3438 2767 3544 2817 τῶν
3595 2768 3793 2836 όμοέως
3834 2768 3990 2836 αὐτῷ

2441 2855 2667 2922 ἑχόντων
2699 2854 3056 2906 ὑπασπιστῶν
3084 2855 3515 2924 τιμωρούμενος.
3541 2858 3724 2925 Τούτῳ
3745 2861 3796 2911 δὲ
3825 2877 3994 2929 προσ-

2442 2943 2682 3004 ελθόντες
2709 2943 2757 2994 οἱ
2787 2942 2854 2994 τὰ
2877 2944 2968 2994 τοῦ
3016 2944 3206 3012 καιροῦ
3234 2943 3556 3013 θεραπεύειν
3581 2950 3991 3011 σπουδάζοντες,

2441 3034 2565 3094 τοὺς
2604 3035 2703 3084 ἀνὰ
2761 3034 2821 3084 τὸ
2877 3035 3084 3084 Σιναῖον
3146 3033 3269 3101 ὅρος
3315 3035 3597 3098 οἰκοῦντας
3639 3038 3704 3089 τὰ
3747 3040 3844 3106 μὲν
3885 3042 3994 3091 τῶν

803 3143 1136 3212 contemptui
1183 3154 1393 3193 :unum
1458 3145 1638 3190 autem
1688 3134 1863 3186 solum
1921 3133 2086 3184 Deum
2141 3131 2336 3192 colere,
2368 3161 2410 3219 ο
2446 3123 2472 3174 θ

2325 3169 2336 3192 ,
2368 3161 2410 3219 c
2446 3123 2579 3175 θεῶν
2619 3123 2944 3193 ἀτιμοῦντας
2981 3125 3186 3191 ἔλεγον,
3224 3127 3315 3178 ἕνα
3353 3127 3408 3178 δὲ
3445 3129 3604 3195 μόνον
3631 3129 3760 3180 Θεὸν
3797 3133 3994 3182 ὲσττυ-

801 3251 1032 3305 eumque
1070 3230 1405 3291 cruciﬁxum,
1436 3236 1491 3280 et
1514 3225 1564 3277 ei
1593 3239 1806 3276 omnem
1838 3222 2030 3274 oli'erre
2059 3220 2341 3273 adoratio-

807 3343 951 3381 nem.
985 3324 1175 3377 Statim
1204 3335 1332 3386 ergo
1355 3318 1466 3379 illa,
1495 3324 1744 3382 tanquam
1775 3313 2017 3373 stimulo,
2051 3324 2342 3378 percussus

805 3418 1073 3474 oratione,
1099 3411 1264 3480 jussit
1295 3407 1508 3460 cohorti
1541 3404 1770 3456 militum
1805 3401 1882 3453 ire
1916 3400 1981 3452 ad
2013 3408 2267 3461 montem,
2292 3406 2345 3448 et

807 3510 1014 3561 vinctos
1057 3503 1123 3554 ad
1170 3514 1226 3553 se
1277 3498 1475 3549 ducere
1524 3507 1617 3545 cos
1669 3492 1758 3558 qui
1790 3491 1964 3556 ipsum
2015 3487 2340 3549 inhabitant,

808 3595 1159 3651 Christianos.
1193 3589 1308 3652 Quo
1365 3597 1540 3637 autem
1599 3592 1860 3649 tempore,
1908 3578 2000 3645 qui
2049 3579 2195 3629 missi
2231 3576 2345 3629 fue-

809 3697 949 3749 rant,
992 3685 1043 3735 in
1076 3682 1252 3733 locmn
1283 3681 1563 3730 venerant.
1617 3677 1672 3722 et
1728 3668 1868 3719 viros
1927 3666 2140 3718 divinos
2191 3673 2346 3717 erant

809 3772 1277 3841 enmprchensuri,
1311 3762 1582 3829 Episteme
1636 3758 1686 3808 in
1741 3756 1884 3808 dicto
1930 3751 2258 3807 monasterio
2289 3765 2346 3804 se

809 3840 1070 3919 exercens
1107 3868 1164 3909 ut
1217 3851 1498 3908 monacha,
1525 3850 1664 3900 circa
1703 3842 1930 3896 mediam
1956 3849 2166 3893 noctem
2201 3840 2347 3893 videt

811 3955 1102 4013 somnium.
1153 3944 1447 3998 Videbatur
1486 3938 1630 3992 enim
1665 3935 1822 3988 simul
1856 3947 1977 3986 cum
2034 3931 2343 3984 Galactionc

812 4045 997 4096 venire
1023 4041 1076 4096 in
1107 4034 1374 4104 quoddam
1403 4028 1659 4097 palatium
1692 4040 1708 4076 :
1749 4022 1914 4074 fuisse
1946 4027 2124 4072 autem
2158 4033 2344 4070 eorum

813 4135 986 4203 capita
1019 4127 1231 4182 coronis
1282 4139 1309 4174 a
1361 4133 1485 4187 rege
1534 4115 1804 4170 redimita.
1865 4113 2017 4165 Mane
2044 4124 2170 4162 vero
2205 4123 2349 4162 (Bco-

815 4239 976 4282 nomo
1029 4212 1344 4274 monasterii
1373 4228 1435 4264 ca
1477 4223 1596 4282 qua:
1641 4206 1871 4266 viderat,
1922 4203 2346 4262 communicatis,

815 4324 999 4383 aperte
1026 4309 1214 4362 didicit
1248 4314 1501 4371 quorsum
1526 4279 1775 4350 tenderet
1808 4291 2094 4345 somnium.
2124 4289 2172 4341 ls
2203 4291 2347 4342 enim

816 4380 949 4459 dixit
996 4398 1249 4469 palatium
1305 4391 1522 4458 quidem
1584 4400 1702 4438 esse
1752 4395 1972 4450 regnum
2037 4380 2343 4438 caelorum;

2445 3213 2685 3283 ρωμένον
2741 3217 2941 3283 τιμᾷν,
2991 3221 3085 3267 καὶ
3139 3219 3312 3268 πᾶσαν
3353 3219 3499 3286 αὑτῷ
3547 3220 3840 3288 προσάγειν
3898 3224 3995 3274 λα-

2443 3306 2645 3370 τρείαν.
2682 3303 2852 3364 Εὐθὺς
2891 3304 2981 3356 οὖν
3014 3308 3237 3368 ἐκεῖνος,
3283 3308 3470 3377 ὥσπερ
3520 3311 3702 3376 μύωπι
3733 3311 3808 3379 τῷ
3852 3312 3995 3379 λόγῳ

2445 3394 2694 3460 πληγεὶς,
2733 3396 3076 3461 στρατιωτῶν
3103 3397 3358 3447 ἐπέταττε
3402 3399 3656 3466 φάλαγγα
3693 3401 3901 3467 ταχέως
3939 3420 3995 3452 τε

2445 3482 2504 3530 τὸ
2552 3483 2675 3548 ὅρος
2721 3483 3061 3547 καταλαῦεἰν,
3118 3485 3213 3538 καὶ
3256 3486 3506 3552 δεσμίους
3547 3488 3621 3550 ὡς
3665 3491 3824 3542 αὑτὸν
3870 3495 3998 3553 fuit;

2446 3569 2558 3621 ὅσοι
2594 3569 2930 3637 Χριστιανῶν
2953 3571 3161 3623 οἰκοῦσι
3193 3573 3348 3625 τοῦτο
3376 3576 3431 3625 τὸ
3463 3575 3585 3644 ὅρος
3616 3580 3861 3643 ἀγαγεῖν.
3916 3583 4003 3632 Ἑν

2446 3652 2488 3722 ᾧ
2513 3655 2605 3709 οὖν
2632 3660 2680 3712 cl
2718 3661 3058 3728 πεμφθέντες
3099 3664 3199 3714 ἀνὰ
3232 3663 3323 3716 τὸν
3357 3665 3518 3716 τόπον
3551 3669 3828 3734 γενόμενοι
3873 3673 4006 3731 τοὺς

2447 3747 2620 3808 θείους
2645 3750 2863 3816 ἔμελλον
2886 3752 3079 3820 ἄνδρας
3109 3752 3405 3818 συλλαϐεῖν,
3437 3757 3468 3824 ἠ
3504 3755 3831 3826 Ἐπιστήμη,
3860 3764 4006 3812 κατά

2447 3837 2505 3888 τὸ
2541 3839 2702 3906 ῥηθὲν
2735 3842 3070 3910 ἀσκητήριον
3108 3844 3176 3896 τά
3215 3845 3322 3895 τῶν
3359 3847 3706 3913 ἀσκουμένων
3742 3866 4006 3918 μετερχοο

2451 3928 2608 3996 μένη,
2646 3931 2770 3997 περὶ
2822 3931 2992 3998 μέσας
3050 3932 3269 3997 νύκτας,
3331 3935 3464 4004 δναρ
3515 3939 3617 4005 ὁρᾷ
3644 3953 3659 3965 '
3687 3939 3858 3990 ἐδόκει
3896 3943 4006 4009 γὰρ

2447 4019 2522 4076 ες
2578 4034 2628 4067 τι
2703 4018 2995 4088 ἀνάκτορον
3058 4024 3451 4090 συνειστρέχειν
3514 4025 3627 4094 ἅμα
3688 4027 3762 4093 τῷ
3837 4030 4010 4082 Γαλε-

2448 4107 2652 4170 κτίωνι,
2696 4111 2976 4174 στεφάνοις
3009 4126 3066 4161 τε
3100 4111 3201 4163 ὑπὸ
3238 4112 3494 4179 βασιλέως
3524 4117 3865 4183 κοσμηθῆναι
3905 4120 4003 4180 τὰς

2449 4197 2707 4262 κεφαλάς.
2756 4198 2960 4250 Ἔιυθεν
3011 4199 3065 4251 δὲ
3113 4201 3190 4268 τῷ
3225 4203 3491 4271 οἰκονόμῳ
3535 4205 3643 4254 τῶν
3687 4209 3783 4274 τῆς
3836 4212 4008 4274 μενξς

2453 4288 2578 4354 περὶ
2605 4281 2678 4338 ῶν
2702 4288 2954 4341 τεθέαται
2982 4295 3450 4360 κοινο).ογουμένη,
3479 4296 3583 4363 ὅπη
3608 4297 3764 4346 τείνει
3791 4298 3848 4347 τὸ
3873 4300 4012 4367 Eva?

2455 4378 2636 4443 σαφῶς
2678 4379 3003 4443 ὲδιδάσκετο,
3042 4382 3325 4451 ἀνάκτορα
3368 4383 3468 4450 μὲν
3503 4385 3571 4435 τά
3615 4388 3720 4436 τῶν
3761 4389 4012 4455 οὖρα·ιὼν

817 4467 1009 4561 regem
1031 4498 1210 4542 autem
1265 4483 1436 4549 ipsum
1467 4491 1608 4535 esse,
1642 4473 1732 4542 qui
1769 4486 1889 4524 vere
1920 4481 1973 4522 et
2006 4470 2151 4521 solus
2171 4477 2224 4520 et
2257 4483 2350 4518 na-
2383 4483 2422 4535 ι)
2454 4484 2475 4516 ε

2341 4495 2350 4503 -
2383 4483 2422 4535 ί)
2454 4469 2695 4528 εἰπόντος
2725 4467 2964 4535 βασίλεια
2988 4485 2999 4498 ·
3034 4470 3248 4537 βασιλέα
3279 4471 3339 4538 δὲ,
3369 4472 3527 4524 αὑτὸν
3568 4469 3722 4536 εἶναι,
3758 4479 3845 4527 τὸν
3873 4480 4010 4544 ἀλη-

820 4557 1065 4637 turaliter
1099 4581 1320 4643 regnat;
1362 4581 1590 4623 coronas
1643 4574 1821 4617 autem
1875 4561 1976 4613 hoc
2017 4557 2346 4627 signiﬁcare,

817 4690 913 4728 eos
945 4686 1062 4723 mox
1088 4680 1205 4719 esse
1231 4671 1579 4731 processuros
1620 4653 1685 4706 ad
1728 4651 2044 4712 certamina,
2078 4656 2132 4700 ct
2160 4647 2353 4699 advero

819 4765 975 4822 sai-iis
999 4762 1209 4812 futuros
1235 4753 1389 4822 plane
1425 4746 1760 4815 superiores.

887 4854 1023 4909 XIV.
1051 4849 1183 4902 Cum
1213 4857 1338 4911 ergo
1366 4839 1582 4898 milites,
1633 4844 1688 4885 ut
1727 4832 1859 4902 jussi
1896 4830 2128 4893 fuerant,
2176 4844 2350 4882 ncces.

821 4951 1039 5005 sissent,
1065 4953 1119 4994 et
1148 4935 1238 4992 alii
1262 4945 1450 4987 omnes
1479 4942 1534 4982 se
1575 4928 1628 4978 in
1658 4925 1830 4991 fugam
1864 4921 2239 4989 conjecissent,
2271 4920 2353 4971 in-

824 5040 1047 5094 veniunt
1088 5034 1225 5087 duos
1260 5025 1404 5080 solos
1452 5018 1776 5078 monachos,
1809 5027 2036 5083 quorum
2079 5025 2216 5063 unus
2242 5020 2357 5061 erat

823 5127 1123 5185 Galaction.
1158 5121 1289 5174 Cum
1326 5129 1456 5182 ergo
1513 5112 1601 5164 ille
1641 5105 1967 5176 quoqueab
2027 5103 2107 5155 eis
2157 5101 2357 5153 ductus

824 5230 988 5282 esset,
1017 5224 1072 5267 et
1105 5212 1208 5263 hoc
1257 5204 1566 5260 rescivisset
1611 5199 1905 5266 Episteme,
1959 5201 2013 5247 et
2053 5191 2278 5246 sedisset
2304 5192 2357 5243 in

827 5313 944 5365 loco
970 5304 1184 5360 sublimi
1214 5300 1430 5361 montis,
1463 5311 1527 5349 ex
1558 5307 1664 5361 quo
1713 5291 1824 5358 ipsa
1853 5288 2042 5339 videns
2066 5300 2172 5337 non
2211 5291 2362 5349 pote-

829 5409 912 5453 rat
941 5397 1130 5458 videri,
1159 5395 1250 5446 illa
1281 5390 1535 5443 cernebat
1566 5383 1757 5442 oculis,
1810 5393 1927 5447 qua:
1962 5391 2069 5430 non
2102 5374 2362 5442 potuisset

826 5489 1041 5558 quidem
1069 5485 1288 5538 auribus
1317 5480 1585 5546 accipere,
1613 5474 1852 5526 vinctum
1875 5467 2065 5521 abduci
2099 5465 2363 5518 Galactio—

832 5554 976 5640 nem,
999 5586 1055 5630 et
1077 5575 1167 5643 qui
1195 5589 1309 5626 esse
1338 5572 1518 5639 gravia
1539 5577 1794 5634 passurus
1853 5574 1952 5628 pro
1975 5567 2122 5610 certo
2139 5554 2365 5624 putaha~

837 5683 942 5722 tur.
975 5669 1042 5721 Se
1076 5681 1208 5733 ergo
1246 5664 1392 5715 luuui
1429 5666 1796 5727 prosternens,
1829 5651 2178 5702 vehementer
2210 5660 2361 5711 roga-

834 5760 922 5814 bat
955 5757 1226 5813 ancillam,
1258 5765 1312 5804 ut
1346 5753 1545 5804 sineret
1593 5762 1708 5799 eam
1753 5751 2025 5810 prOperarr
2079 5737 2141 5789 ad
2181 5732 2364 5784 Galac-

2453 4557 2558 4619 θῶς
2590 4561 2681 4610 καὶ
2714 4561 2883 4626 μόνως
2930 4561 3170 4626 φυσικῶς
3211 4561 3554 4628 βασιλεύοντα
3585 4581 3598 4595 ο
3644 4567 3765 4628 τοὺς
3805 4571 4013 4633 στεφάο

2455 4666 2574 4710 νους
2607 4651 2661 4701 δὲ
2691 4650 2847 4702 τοῦτο
2880 4652 3098 4720 δηλοῦν,
3139 4655 3220 4704 ὃτι
3245 4655 3380 4721 πρὸς
3412 4656 3624 4721 ἀγῶνας
3653 4656 3776 4724 ἄρτι
3821 4663 4014 4730 χωρη-

2457 4756 2625 4799 σουσι,
2653 4743 2744 4790 καί
2767 4741 3044 4807 κρείττους
3062 4743 3169 4795 τῶν
3186 4744 3490 4797 ἀντιπάλων
3509 4748 3746 4814 ἀτεχνῶς
3767 4749 4009 4804 ἔσονται.

2527 4830 2621 4885 lA'.
2654 4835 2715 4884 Ut
2753 4834 3076 4902 στρατιῶται
3106 4837 3282 4887 τοίνυν
3324 4837 3464 4889 κατὰ
3497 4837 3556 4889 τὸ
3591 4845 4014 4908 προστεταγμέ-

2455 4938 2542 4974 νον
2589 4923 2768 4985 αὑτοϊς
2824 4925 3136 4987 ἐπελθόντες
3190 4927 3295 4978 τῶν
3365 4927 3536 4978 ἀλλων
3584 4931 3797 4981 πάντων
3852 4935 4008 5001 φυγῇ

2459 5015 2838 5082 χρησαμένων,
2877 5015 2970 5067 δύο
3003 5017 3192 5083 μόνους
3222 5018 3328 5068 τῶν
3355 5020 3599 5086 μοναχῶν
3639 5021 4012 5086 εὑρίσκουσιν,

2457 5097 2531 5156 ὦν
2576 5100 2654 5165 εἷς
2715 5108 2974 5174 ἐτύγχανε
3015 5107 3340 5162 Γαλακτίων.
3401 5110 3548 5160 Ἐπεὶ
3605 5107 3695 5162 οὖν
3757 5111 4020 5171 κάκεῖνος

2461 5194 2550 5247 ὑπ’
2582 5195 2758 5247 αὐτῶν
2788 5195 2971 5265 ἡγετο,
3010 5197 3251 5266 μαθοῦσα
3299 5200 3456 5252 τοῦτο
3491 5205 3523 5268 ἡ
3579 5202 3879 5270 Ἐπιστήμη
3911 5207 4021 5256 καὶ

2460 5285 2516 5334 ὲν
2563 5285 2789 5352 ἀπόπτῳ
2838 5286 2930 5339 τοῦ
2959 5285 3116 5355 ὅρους
3151 5288 3437 5349 καθίσασα,
3476 5289 3597 5341 ὅθεν
3646 5288 3710 5358 ἦν
3750 5292 4017 5360 δρᾶσθαι,

2461 5375 2642 5426 ἐκεῖνα
2689 5374 2873 5427 ἐθεᾶτο
2899 5379 3007 5437 τοῖς
3033 5377 3352 5446 ὀφθαλμοῖς,
3383 5380 3417 5432 ἃ
3447 5379 3574 5448 μηδὲ
3613 5383 3742 5449 ἀκοῇ
3775 5382 4025 5449 παραδέ-

2464 5464 2653 5528 ξασθαι
2671 5464 2912 5525 δυνατῶς
2953 5464 3090 5534 εἶχε,
3129 5467 3344 5544 δέσμιον
3366 5470 3625 5538 ἀγόμενον
3663 5471 4029 5528 Ιάῗάκτίω-.α.

2463 5560 2556 5610 καὶ
2580 5559 2790 5626 χαλεπά
2815 5558 3095 5610 πείσεσθαι
3127 5559 3593 5627 προσδοκώμενον.
3628 5563 4025 5628 Ιιιεοσκαταεα-

2468 5649 2633 5701 λοῦσα
2664 5647 2757 5700 οὖν
2789 5649 2864 5710 εις
2893 5647 3086 5718 ἔδαφος
3119 5651 3335 5721 ἑαυτὴν,
3369 5652 3534 5720 πολλή
3575 5669 3655 5713 τις
3683 5649 3748 5721 ἦν
3779 5653 4023 5726 δεομένη

2477 5745 2574 5809 τῆς
2629 5741 2871 5794 διακόνου
2930 5741 3192 5808 ἀςεὺἧναι
3247 5744 3448 5812 ταύτην
3512 5744 3822 5812 ἐπειχθῆναι
3880 5748 4027 5815 πρὸς
