4226 6418
217 389 320 455 ιοδ

1378 386 1553 455 νιτΑ
1606 388 1672 453 ’8.
1713 386 2237 453 GALACTIONIS.

3312 391 3410 460 i023

209 507 587 571 Γαλακτίωνα,
644 505 739 559 καὶ
776 503 936 573 εἴπερ
975 503 1250 573 ἐγχωροῦν
1284 504 1396 583 εἴη,
1421 508 1529 568 τοῖς
1586 507 1769 569 αὐτοῖς
1800 510 1843 564 Α
1875 518 1878 553 ι

1740 511 1769 569 ς
1800 510 1843 564 Α
1875 505 2098 569 tionem,
2130 515 2186 560 et
2215 505 2259 560 si
2288 506 2498 570 liceret,
2528 508 2718 561 eadem
2750 507 2934 563 subire
2962 508 3196 564 vincula.
3230 511 3283 566 Si
3312 529 3409 565 au-

215 596 586 665 ὑποϐ).ηθῆναι
614 596 849 665 δεσμοῖς.
878 595 938 647 El
965 595 1023 648 δὲ
1047 597 1137 647 καὶ
1164 595 1255 647 τὸν
1287 594 1401 664 βίον
1422 595 1530 649 δέοι
1556 599 1763 651 ἐκεῖνον

211 685 518 749 ἀπολιπεῖν,
542 684 631 737 τὸν
658 686 772 738 ἴσον
804 684 899 737 καὶ
930 684 1099 754 αὐτὴν
1125 688 1246 738 τότε
1273 686 1502 739 θάνατον
1530 689 1763 756 ὑποστῆ-

210 792 318 827 ναι.
361 772 510 828 Εἶναι
546 777 649 846 γὰρ
687 777 751 828 ἑκ
779 776 1022 837 πλείονος
1054 776 1234 839 αὐτοῖς
1262 778 1763 846 συμπεφωνημένον

208 868 390 930 τοῦτο,
425 870 498 938 μὴ
533 870 631 938 τῆς
666 869 761 922 ἀπ’
796 869 1042 937 ἀλλήλων
1066 869 1349 939 διαστῆναὶ
1376 887 1503 923 ποτε
1542 871 1765 940 γνώμης

214 963 311 1015 καὶ
338 961 653 1023 διαθέσεως.
682 962 865 1014 Δείνδν
891 960 985 1013 οὖν
1017 962 1203 1028 έλεγεν
1245 960 1409 1026 εἶναι,
1445 962 1540 1015 τοῦ
1573 963 1762 1034 καιροῦ

218 1049 545 1111 καλοῦντος,
593 1053 827 1119 φανῆναι
862 1050 1064 1119 ταύτην
1102 1051 1208 1103 τῶν
1257 1051 1539 1120 συνθηκῶν
1582 1055 1767 1124 ἐπιλή-

216 1154 414 1205 σμονα.
449 1139 515 1191 Ἢ
536 1138 780 1201 διάκονος
806 1138 863 1191 δὲ
888 1138 1065 1206 λόγοις
1094 1140 1193 1208 μὲν
1221 1143 1478 1211 ἐπειρᾶτο
1506 1145 1767 1212 πρότερον

215 1227 319 1296 τῆς
370 1230 545 1299 ὁρμῆς
600 1230 835 1297 ἀπάγειν
883 1230 1096 1298 αὐτὴν·
1150 1231 1229 1293 ὡς
1284 1232 1339 1284 δὲ
1388 1232 1486 1284 οὐκ
1530 1234 1764 1299 ἔπειθεν,

217 1319 434 1387 ἀφῆκεν
464 1322 639 1371 ποιεῖν
672 1321 701 1372 ὅ
726 1337 777 1372 τι
802 1323 895 1373 καὶ
926 1320 1184 1386 βούλοιτο.

289 1410 391 1464 IE'.
435 1410 705 1480 Ἀσμένως
736 1408 830 1465 οὖν
860 1415 1041 1483 εκείνη
1070 1415 1166 1477 τὰς
1201 1416 1461 1477 συνούσας
1497 1417 1563 1469 τὰ
1591 1417 1767 1469 τελευ-

217 1505 346 1555 ταῑα
374 1503 876 1579 προσαγορεύσασα,
909 1507 1014 1557 τῶν
1055 1506 1212 1573 ἰχνῶν
1256 1509 1482 1560 κατόπιν
1523 1509 1616 1561 τοῦ
1666 1510 1703 1561 Γ
1707 1528 1768 1561 α-

218 1594 514 1655 λακτίωνος
578 1593 776 1661 ετχετο.
849 1593 1002 1647 Ἐπεὶ⁸
1065 1594 1122 1647 δὲ
1171 1596 1268 1647 καὶ
1332 1598 1624 1662 έγγίζουσα
1679 1595 1765 1668 ἦν,

1869 601 1972 646 tem
2010 595 2172 647 vitam
2203 610 2418 664 quoque
2454 598 2602 649 illum
2635 607 2911 665 oporteret
2958 599 3291 667 relinquere,
3327 602 3407 667 ip.

1865 696 1978 735 sam
2006 700 2221 753 quoque
2257 686 2497 738 eamdem
2524 696 2750 740 mortem
2767 701 2883 741 esse
2912 688 3237 741 subituram.
3266 688 3410 741 inter

1866 782 2158 839 utrumque
2188 774 2331 827 enim
2352 774 2673 844 jampridem
2705 778 3043 839 convenisse,
3072 791 3138 829 ne
3171 792 3406 844 unquam

1866 860 2311 929 disjungerentur
2377 862 2447 916 ab
2494 862 2687 916 eadem
2761 873 2937 917 urente
2996 874 3051 917 et
3099 863 3407 917 affectione.

1868 950 2043 1005 Grave
2075 966 2202 1021 ergo
2255 962 2311 1005 et
2342 952 2621 1022 indignum
2674 967 2793 1008 esse
2824 954 3063 1017 dicebat,
3088 955 3132 1009 si
3167 964 3410 1023 tempore

1865 1052 2095 1097 uocante
2122 1058 2187 1097 ea
2217 1044 2494 1097 videretur
2516 1058 2635 1099 esse
2668 1045 2833 1100 oblita
2865 1054 3142 1115 pactorum
3171 1061 3409 1101 conven-

1868 1144 2068 1188 torum.
2122 1135 2362 1189 Ministra
2418 1147 2596 1190 autem
2651 1139 2832 1192 verbis
2882 1138 3101 1207 quidem
3171 1140 3407 1207 primum

1867 1228 2165 1281 conabatur
2188 1244 2306 1281 eam
2353 1228 2625 1283 abducere
2674 1230 2745 1282 ab
2776 1229 3030 1298 incepto;
3067 1243 3190 1283 cum
3227 1236 3407 1282 autem

1868 1333 1974 1371 non
2008 1321 2382 1387 persuaderet,
2420 1321 2548 1374 sinit
2582 1336 2700 1374 eam
2734 1320 2909 1374 facere
2945 1322 3086 1388 quod
3118 1320 3301 1375 vellet.

1940 1407 2051 1463 XV.
2081 1411 2171 1463 Illa
2208 1427 2335 1479 ergo
2379 1428 2499 1464 cum
2533 1427 2625 1465 eas
2655 1427 2773 1481 quae
2807 1427 2929 1467 cum
2957 1412 3072 1480 ipsa
3096 1418 3272 1475 erant,
3317 1424 3410 1479 po-

1868 1510 2073 1554 Stremo
2101 1511 2245 1555 esset
2275 1503 2531 1562 allocuta,
2567 1503 2763 1555 institit
2789 1504 3029 1569 vestigiis
3057 1500 3410 1554 Galactionis.

1869 1591 2000 1642 Cum
2046 1602 2225 1645 autem
2264 1607 2427 1658 prope
2472 1601 2638 1654 esset,
2708 1592 2932 1644 Domine
2979 1591 3074 1649 mi,
3122 1588 3411 1652 clamabat,

215 1683 391 1752 Κύριέ
420 1701 548 1751 μου,
576 1684 725 1749 ἐϐόα,
758 1685 850 1737 καὶ
877 1684 975 1754 τῆς
1008 1686 1149 1754 έμῆς
1183 1687 1345 1755 ὀδηγὶ
1375 1690 1662 1758 σωτηρίας.
1696 1691 1769 1761 μὴ
1863 1694 1884 1733 ε

1742 1691 1769 1761 ιι
1863 1689 1920 1733 et
1952 1680 2059 1733 dux
2087 1695 2218 1733 mete
2242 1680 2453 1743 salutis,
2497 1696 2562 1733 ne
2589 1696 2671 1734 me
2703 1696 2822 1749 quae
2869 1691 2958 1733 tua
3001 1696 3119 1733 sum
3174 1694 3411 1744 recuses,

214 1775 533 1844 παραιτήσῃ
568 1790 633 1842 με
670 1773 768 1845 τὴν
806 1776 926 1844 σὴν,
969 1769 1103 1843 μηδὲ
1148 1771 1224 1829 ὦν
1269 1779 1605 1848 συνεθέμεθα
1636 1781 1768 1849 πρὸς

1872 1785 1972 1823 nec
2022 1771 2366 1825 obliviscaris
2414 1786 2608 1827 eorum
2654 1786 2773 1840 qua
2829 1773 2968 1824 inter
2997 1786 3097 1823 nos
3144 1785 3413 1823 convene-

208 1860 479 1930 ἀλλήλους
518 1864 935 1934 ἀμνημονήσῃς,
976 1858 1075 1919 Ὦν
1109 1866 1158 1919 oi
1190 1866 1328 1930 ὀξεῖς
1358 1868 1624 1939 ὑπηρέται
1668 1872 1767 1941 τῆς
1802 1857 1877 1911 θη

1743 1889 1767 1933 ς
1802 1857 1839 1909 Β
1866 1869 2014 1912 runt.
2054 1862 2182 1923 Qua
2208 1875 2333 1915 cum
2364 1861 2869 1916 sudivissentacres
2902 1860 3129 1914 ministri
3162 1861 3412 1929 impieta-

212 1954 471 2017 ἀσεϐείας
498 1955 850 2020 ἀκούσαντες,
874 1960 937 2009 εκ
963 1957 1132 2027 μέσης
1157 1959 1483 2030 άνέστρεςςον
1504 1965 1599 2030 τῆς
1627 1962 1767 2028 ὀδοῦ,

211 2052 308 2101 καὶ
335 2051 726 2119 κατασχόντες,
748 2050 969 2119 δεσμοῖς
997 2052 1169 2122 αὐτὴν
1195 2054 1628 2121 περιϐάλλουσιν,
1660 2059 1769 2111 οὐδ’

210 2140 393 2193 ὁτιςΰν
421 2142 685 2206 εἰπόντες,
719 2142 855 2195 ἀλλὰ
897 2144 989 2195 καὶ
1021 2145 1155 2214 πρὸς
1192 2146 1359 2215 αὐτὴν
1388 2147 1770 2218 ὑπερηφανευο

213 2231 564 2304 σάμενοιτὴν
595 2234 881 2303 ἐρώτησιν.
936 2234 994 2286 '0
1036 2237 1091 2288 δὲ
1161 2237 1471 2290 Γαλακτίων
1527 2240 1768 2293 056105-

210 2339 323 2383 τως
356 2323 496 2391 έχων
519 2327 779 2393 ἀπείχετο
813 2326 1212 2393 παραινέσεων,
1252 2327 1385 2379 ἀλλὰ
1412 2330 1505 2380 καὶ
1539 2329 1769 2397 βαδίζων

210 2413 307 2461 καὶ
332 2411 506 2480 δεσμά
537 2413 913 2481 περικείμενος
935 2413 1199 2465 ἐνουθέτει
1228 2415 1293 2468 τά
1330 2418 1533 2481 δέοντα,
1561 2420 1647 2487 Μή
1686 2436 1766 2481 σε,

211 2500 411 2565 λέγων,
444 2495 489 2553 ὦ
548 2500 732 2567 γύναι,
788 2502 977 2570 ἀπάτῃ
1024 2502 1359 2569 περιέλθοιεν
1407 2505 1455 2554 οι
1500 2504 1702 2571 ἐχθροὶ,
1735 2506 1766 2569 ἢ

211 2590 365 2641 δεινά
412 2591 547 2659 πρὸς
597 2590 761 2657 φόϐον
797 2592 1110 2657 ἐπάγοντες,
1168 2590 1200 2660 ἢ
1251 2593 1361 2653 τοῖς
1397 2591 1628 2660 ἡδίστοις
1676 2593 1767 2644 τοῦ

213 2680 422 2747 κόσμου
460 2678 905 2749 παρακαλοῦντες
933 2681 1066 2748 πρὸς
1090 2679 1187 2749 τὴν
1213 2680 1487 2735 ἀσέϐειαν.
1524 2682 1610 2734 ‘Ev
1711 2684 1767 2736 δὲ

210 2768 385 2820 ταῦτα
423 2770 687 2835 ἐλέγοντο,
726 2765 827 2838 ἧκέ
867 2786 948 2831 τις
992 2770 1440 2837 εσπουδασμένως
1484 2774 1575 2824 καὶ
1605 2774 1769 2827 πολὺν

214 2858 294 2926 τῷ
343 2858 621 2926 προσώπῳ
681 2857 1053 2924 διασημαίνων
1110 2857 1198 2909 τὸν
1251 2857 1497 2925 θόρυϐον,
1556 2863 1633 2921 είς
1674 2863 1771 2927 τὴν

213 2949 407 3017 αὔριον
437 2950 609 3014 λέγων
635 2951 731 3015 τὴν
756 2951 881 3016 περὶ
911 2949 1017 3000 τῶν
1052 2949 1223 3015 ἁγίων
1263 2950 1617 3019 ταμιευθῆναι
1659 2953 1771 3016 ἑξέ-

214 3055 397 3100 τασιν,
440 3039 582 3090 οὕτω
617 3040 693 3107 τῷ
725 3040 942 3107 ἄρχοντι
982 3039 1159 3102 δόξαν.
1191 3039 1397 3091 Ἐωθεν
1438 3038 1531 3094 οὖν
1567 3046 1593 3095 ό
1622 3044 1771 3096 δικά-

1873 1950 1963 2011 tis,
1996 1966 2025 2004 e
2058 1952 2235 2004 media
2272 1952 2355 2005 via
2403 1958 2529 2005 sunt
2584 1952 2805 2015 reversi,
2857 1962 2913 2007 et
2960 1952 3409 2019 comprehensam

1867 2040 2060 2094 iisdem
2092 2042 2429 2094 circumdant
2471 2042 2717 2105 vinculis,
2746 2057 2868 2095 cum
2911 2042 3046 2094 nihil
3071 2041 3219 2094 aliud
3247 2041 3413 2093 dixis-

1868 2141 2013 2192 sent,
2059 2130 2154 2184 scd
2188 2130 2339 2183 valde
2382 2132 2541 2184 laetati
2576 2140 2757 2185 essent
2796 2131 2860 2183 ad
2897 2131 3064 2198 ipsam
3115 2132 3410 2198 interroga-

1873 2220 2095 2275 tionem.
2119 2220 2398 2274 Galaction
2429 2236 2557 2273 vero
2579 2236 2646 2274 ne
2665 2222 2743 2275 sic
2767 2220 2985 2289 quidem
3006 2219 3252 2284 allectus,
3282 2236 3308 2271 a
3329 2219 3410 2272 di-

1870 2310 2011 2363 vinis
2069 2311 2376 2364 abStinebat
2424 2311 2885 2364 admonitionibus
2930 2327 2943 2362 :
2990 2310 3084 2364 sed
3135 2319 3190 2364 et
3241 2314 3411 2376 ingre-

1869 2402 2043 2465 diens,
2085 2412 2136 2454 et
2166 2401 2534 2455 circumdatus
2577 2401 2826 2465 vinculis,
2851 2417 2915 2455 ea
2942 2402 3125 2465 dabat,
3156 2417 3274 2470 qua
3318 2417 3413 2469 par

1869 2502 2009 2554 erat,
2045 2492 2273 2553 monita,
2333 2490 2407 2544 Ne
2457 2502 2527 2553 te,
2573 2491 2780 2552 dicens.
2814 2507 2844 2544 ο
2888 2507 3041 2553 uxor,
3090 2491 3278 2545 fraude
3307 2490 3414 2543 cir-

1872 2583 2217 2637 cumveniant
2248 2582 2475 2644 inimici,
2511 2592 2605 2634 aut
2632 2584 2812 2649 gravis
2845 2581 2910 2633 ad
2941 2589 3205 2634 terrorem
3237 2581 3416 2633 inten-

1874 2682 2065 2735 tantes,
2104 2683 2191 2725 aut
2227 2673 2292 2724 iis
2316 2686 2435 2739 quae
2468 2682 2594 2725 sunt
2631 2670 2815 2723 mundi
2862 2671 3169 2727 incitantes.
3199 2670 3267 2723 ad
3313 2670 3410 2722 imo

1872 2766 2147 2831 pietatem.
2182 2763 2401 2816 Interim
2425 2772 2602 2815 autem
2628 2761 2756 2814 dum
2796 2761 2908 2813 base
2941 2760 3273 2821 dicerentur.
3315 2775 3408 2813 ve-

1876 2857 1954 2908 nit
1992 2855 2209 2923 quidam
2232 2854 2574 2913 festinanter,
2600 2862 2654 2905 et
2676 2852 2825 2904 vultu
2849 2867 3097 2921 magnum
3122 2852 3409 2905 tumultum

1872 2944 2219 3014 significans.
2270 2945 2324 2997 in
2381 2946 2674 2999 crastinum
2723 2945 2866 2998 diem
2923 2959 3042 2998 esse
3085 2952 3413 2997 reservatam

1874 3046 2183 3091 sanctorum
2208 3036 2681 3098 esaminationem,
2713 3051 2836 3089 cum
2865 3036 2937 3089 ita
2973 3035 3041 3089 sit
3071 3034 3243 3088 visum
3274 3051 3413 3103 prse-

214 3130 325 3191 ζων
382 3130 474 3180 επὶ
527 3129 617 3180 τδν
662 3130 825 3181 τόπον
869 3129 998 3181 ἔνθα
1065 3130 1187 3190 τοὺς
1246 3132 1595 3199 κρινομένους
1651 3134 1768 3195 εθος
1802 3144 1883 3221 ct

1745 3151 1768 3195 ς
1802 3166 1841 3221 c
1876 3129 1997 3181 sidi.
2034 3128 2186 3181 Mane
2218 3143 2345 3195 ergo
2389 3128 2549 3196 judex
2576 3128 2728 3196 jubet
2772 3143 2865 3180 eos
2894 3126 3086 3179 adduci
3118 3127 3171 3179 in
3211 3126 3410 3184 locum.

216 3222 451 3288 αχοῆναι
494 3220 687 3282 αὐτοὺς
731 3223 1080 3287 προσέταττε.

288 3313 405 3377 ις’.
445 3312 552 3365 Καὶ
590 3313 792 3383 σπουδῇ
837 3314 1007 3382 πολλῇ
1048 3315 1461 3382 παραστάντων,
1511 3318 1539 3368 ό
1592 3318 1772 3386 ἄρχων

213 3405 400 3468 εὺθυς,
448 3406 509 3456 οὐ
551 3405 738 3473 τύχην,
783 3405 843 3455 οὐ
891 3406 988 3473 τὴν
1035 3405 1386 3471 ένεγκοῦσαν,
1426 3407 1526 3460 οὐκ
1564 3408 1690 3460 ἄλλο
1722 3426 1772 3461 τι

214 3494 323 3545 τῶν
376 3494 625 3561 συνήθων
681 3494 876 3554 αὐτοὺς
926 3492 1208 3561 ἐπηρώτα,
1243 3495 1363 3547 οὐδὲ
1404 3496 1538 3565 πρὸς
1585 3496 1774 3563 λόγους

215 3587 414 3654 ἐχώρει
460 3587 516 3638 τὸ
551 3586 757 3636 πείθειν
785 3586 1027 3654 ἔχοντας,
1062 3585 1196 3636 ἀλλὰ
1226 3584 1389 3653 δριμὺ
1422 3592 1514 3639 καὶ
1545 3589 1772 3659 ἀπειλη-

212 3679 367 3729 τικὸν
399 3676 672 3743 ἐμϐλέψας
702 3671 1058 3738 Γαλακτίωνι,
1093 3674 1192 3736 Τίς
1219 3670 1375 3738 οὗτος
1416 3678 1507 3729 ἐπὶ
1560 3681 1773 3750 συννοίᾳ

218 3767 314 3816 καὶ
343 3764 778 3833 σκυθρωπότητι,
810 3762 889 3831 τῷ
918 3763 1158 3832 περιόντι
1184 3764 1278 3816 τοῦ
1302 3765 1475 3833 θυμοῦ
1500 3768 1774 3835 άπεφθὲγο

216 3872 367 3922 γετο,
418 3859 509 3908 καὶ
560 3855 664 3906 τίνι
719 3855 860 3921 ἄλλῳ
906 3856 965 3905 τὸ
998 3854 1157 3917 σέϐας
1190 3858 1473 3920 ἀποδιδοὺς
1522 3862 1774 3928 ἀτιμάζει

216 3949 416 4011 Gentis;
457 3949 516 3999 Ὀ
570 3948 880 3998 Γαλακτῐων
922 3947 977 3998 δὲ
1002 3987 1015 4009 ,
1062 3948 1224 4017 μηδὲν
1272 3949 1599 4017 ὑποπτήξας,
1635 3953 1771 4020 μήτε

215 4040 317 4107 τῆς
344 4040 605 4108 συνήθους
626 4038 938 4105 μεταϐαλὼν
960 4038 1364 4103 καταστάσεως,
1384 4040 1486 4091 Τὸν
1516 4042 1613 4107 μὲν
1638 4044 1767 4108 βίον,

216 4127 359 4190 εἷπε,
385 4132 637 4197 μοναχὸς,
661 4131 765 4181 άπὸ
793 4128 1025 4195 Χριστοῦ
1050 4128 1105 4179 δὲ
1124 4129 1182 4179 τὸ
1208 4130 1482 4181 καλεῖσθαι
1514 4130 1770 4199 Χριστια-

216 4224 304 4282 νὸς
339 4220 466 4287 ἱχω,
503 4214 545 4284 ᾧ
575 4220 664 4269 καὶ
711 4218 770 4269 τὸ
807 4217 968 4276 σέϐας
1004 4218 1277 4284 εὐφρονῶν
1315 4220 1632 4287 ἀποδίδωμι.
1682 4221 1770 4278 Ὠς

211 4311 270 4361 ἃ
302 4311 395 4360 καὶ
430 4308 595 4368 πολὺς
623 4302 691 4376 ἦν
721 4309 750 4359 ὁ
778 4308 928 4373 ἆγιος
962 4306 1170 4373 βάλλων
1196 4308 1355 4358 αὑτὸν
1383 4311 1494 4371 τοῖς
1521 4310 1764 4374 ὀνείδεσι,

216 4397 407 4448 καὶτὰ
441 4398 548 4447 τῶν
588 4395 723 4447 θεῶν
749 4395 912 4447 αὑτοῦ
932 4394 1235 4463 κωμῳδῶν,
1277 4398 1370 4447 καὶ
1400 4399 1591 4466 ἐπίσης
1615 4402 1770 4464 ἀνοή-

1881 3219 1933 3271 in
1962 3233 2122 3285 quem
2160 3233 2276 3271 mos
2299 3227 2383 3271 est
2410 3218 2611 3271 adduci
2643 3233 2766 3272 reos
2792 3218 3134 3287 judicandns.

1944 3307 2080 3361 XVI.
2106 3308 2240 3362 Cum
2272 3318 2451 3361 autem
2503 3324 2695 3377 magno
2724 3308 2906 3362 studio
2933 3308 3176 3377 producti
3210 3318 3410 3369 essent,

1874 3414 2073 3469 praeses
2106 3400 2285 3453 statim
2315 3415 2421 3453 non
2448 3401 2513 3453 de
2536 3401 2767 3463 fortuna,
2801 3415 2907 3452 non
2933 3400 2998 3452 de
3028 3414 3090 3452 ea
3115 3413 3234 3467 qua
3262 3402 3408 3465 lusos

1877 3490 1999 3541 tulit
2026 3490 2216 3556 patria,
2248 3504 2356 3543 non
2386 3492 2451 3543 de
2479 3490 2659 3558 aliquo
2682 3490 2790 3543 alio
2806 3504 2870 3542 ex
2890 3490 2954 3541 iis
2970 3504 3088 3556 quae
3112 3503 3412 3543 consueve-

1875 3589 2038 3645 runt,
2075 3581 2194 3634 illos
2225 3584 2711 3649 interrogatusque
2740 3577 2963 3633 accessit
2993 3582 3056 3633 ad
3093 3581 3414 3647 τοι-δμῳαὶ

1875 3681 2097 3738 possunt
2124 3671 2470 3738 persuadere,
2502 3673 2594 3723 sed
2622 3681 2774 3724 torve
2811 3682 2865 3723 et
2884 3671 3164 3724 minaciter
3193 3671 3410 3724 intuens

1873 3760 2243 3814 Galactionem
2274 3778 2285 3812 :
2325 3762 2457 3825 Quis
2504 3761 2591 3813 hic
2627 3773 2711 3815 est
2737 3762 2905 3815 tristis
2928 3770 2982 3813 et
3020 3760 3415 3830 cogitabundus

1875 3851 2062 3918 (nimia
2098 3852 2176 3903 ira
2204 3851 2339 3905 dixit
2374 3851 2669 3919 incitatus),
2701 3862 2755 3903 et
2799 3852 3014 3903 cuinam
3046 3852 3135 3904 alii
3169 3852 3413 3904 divinum

1874 3943 2079 3995 cultum
2137 3942 2407 4003 tribuens.
2457 3941 2590 3995 deos
2625 3942 2887 4010 negligit‘!
2917 3943 3195 3996 Galaction
3235 3951 3412 3997 autem

1873 4034 2005 4091 nihil
2047 4034 2366 4094 formidans,
2405 4048 2578 4100 neque
2611 4033 2677 4085 de
2695 4034 2852 4086 solita
2883 4033 3175 4101 quidquam
3200 4043 3415 4087 mutans

1870 4124 2198 4177 constantia.
2266 4124 2383 4176 Vita
2411 4124 2650 4191 quidem,
2690 4123 2886 4192 inquit,
2929 4138 3048 4177 sum
3092 4124 3408 4186 monachus,

1872 4232 1901 4268 a
1929 4215 2146 4269 Christo
2188 4225 2367 4268 autem
2415 4215 2607 4276 habeo,
2651 4215 2795 4282 quod
2837 4229 2999 4269 vocor
3030 4214 3409 4268 Christianus:

1873 4307 1961 4358 cui
2013 4307 2200 4369 etiam,
2253 4312 2310 4356 ut
2338 4304 2429 4371 qui
2480 4314 2625 4357 recte
2668 4304 2916 4366 sentiam,
2963 4303 3142 4355 tribuo
3183 4303 3410 4355 cultum.

1872 4394 2004 4448 Cum
2036 4412 2162 4447 vero
2205 4404 2426 4448 sanctus
2465 4409 2588 4446 eum
2634 4394 2818 4447 multis
2856 4393 3070 4459 probris
3117 4393 3413 4446 insectare-

212 4504 341 4549 τους
387 4486 675 4538 ἀποκαλῶν
717 4488 842 4547 τοὺς
873 4487 942 4537 τὰ
980 4485 1160 4553 ἄψυχα
1212 4489 1369 4537 ταυτὶ
1422 4488 1764 4557 σεϐομένους,
1801 4470 1881 4537 Dl

1741 4510 1764 4553 η,
1801 4470 1849 4529 D
1876 4496 1981 4544 tur.
2015 4494 2067 4537 et
2091 4487 2219 4538 deos
2243 4486 2359 4554 ejus
2381 4486 2765 4541 ludificaretur.
2794 4493 2847 4536 et
2879 4497 3030 4551 aque
3053 4493 3293 4535 amentes
3316 4497 3410 4534 vo-

213 4584 315 4640 ti;
357 4582 543 4646 χεῖρας
591 4576 765 4628 ὀπίσω
818 4574 1036 4627 δεθέντα
1090 4576 1395 4643 βουνεύροις
1425 4577 1713 4628 επέταττεν
1744 4580 1769 4629 ὁ

218 4672 527 4738 κατάρατος
571 4666 811 4733 ἀνηλεῶς
843 4666 1003 4717 αὑτὸν
1032 4664 1349 4721 τύπτεσθαι.
1394 4668 1771 4736 Μαστιγουμέ-

214 4779 310 4813 νου
336 4762 392 4812 δὲ
423 4762 634 4823 τούτου,
673 4759 706 4826 ἡ
746 4758 1050 4826 Ἐπιστήμη
1092 4757 1382 4826 βλέπουσα,
1408 4762 1494 4809 καὶ
1522 4750 1772 4828 ἀρρήτως

214 4853 319 4920 τὴν
363 4849 539 4919 ψυχὴν
568 4849 875 4916 πάσχουσα,
911 4846 1016 4897 dm)
1064 4846 1160 4915 τῆς
1202 4846 1495 4915 ἀκορέστου
1539 4848 1673 4914 πρὸς
1715 4847 1773 4899 τὸ

216 4940 490 5003 κολάζειν,
528 4939 655 5007 εφη,
698 4937 915 5007 ψυχῆςι
952 4938 1065 4988 Ἰνα
1100 4935 1150 4987 τί
1191 4937 1442 4998 τοιαύτας
1477 4938 1773 4988 ἐνετείνατε

224 5034 497 5101 μάστιγας
558 5032 765 5099 νεαροῖς
802 5028 944 5081 οὓτω
987 5028 1312 5097 μέλεσιικαὶ
1336 5027 1568 5099 ,πολλοῖς
1600 5029 1773 5097 ἀσκή-

221 5138 361 5186 σεως
390 5126 572 5184 πόνοις
617 5121 963 5188 τετηγμένοις
996 5135 1010 5185 ;
1061 5118 1183 5180 Πῶς
1216 5118 1271 5169 δὲ
1312 5120 1465 5185 καὶὴ
1506 5120 1625 5187 χεὶρ
1669 5118 1773 5169 τῶν

221 5216 687 5284 ὑπηρετουμένων
724 5212 842 5273 ταῖς
869 5208 1119 5278 μάστιξιν
1149 5209 1248 5261 οὐκ
1289 5209 1557 5276 ενάρκησε
1590 5226 1603 5270 ;
1644 5209 1776 5261 Τού-

218 5321 333 5367 τοις
364 5307 392 5357 ό
419 5302 606 5374 ἄρχων
644 5302 738 5354 επὶ
772 5301 973 5368 μᾶλλον
1018 5302 1098 5361 εἰς
1140 5300 1308 5369 ὀργὴν
1352 5299 1623 5365 έξαφθεὶς,
1665 5299 1772 5369 Τὴν

218 5393 420 5460 ἀναιδῆ
452 5391 677 5463 ταύτην,
709 5393 833 5459 εφη,
882 5390 977 5443 καὶ
1014 5388 1282 5459 προπετῆ,
1322 5390 1429 5440 τῶν
1458 5388 1774 5457 περικειμέ-

220 5504 328 5540 νων
396 5487 589 5554 μέχρις
646 5482 835 5553 ὀθόνης
889 5478 1269 5548 γυμνώσαντες
1298 5519 1311 5542 ,
1376 5479 1604 5547 ἰσχυρῶς
1656 5480 1773 5540 ταῖς

222 5575 449 5645 μάστιξι
490 5571 839 5645 τιμωρεῖσθε,
874 5570 958 5623 τνα
992 5569 1423 5637 πεφυλαγμένως
1448 5568 1774 5636 φθέγγεσθαι

224 5668 409 5737 μάθοι,
457 5670 551 5718 καὶ
599 5668 673 5733 μὴ
724 5664 860 5731 πρὸς
907 5663 969 5714 τὸ
1026 5662 1285 5728 ὑπερέχον
1328 5659 1497 5721 οὕτως
1530 5660 1772 5711 ἀπαυθα·

220 5756 521 5821 ϐιάζεσθαι.

550 5847 818 5906 Parnm"
852 5846 965 5906 GR.
1001 5846 1181 5905 CXVI
1198 5891 1211 5905 .

1873 4584 2021 4627 caret
2053 4590 2147 4627 eos
2180 4591 2270 4641 qui
2316 4575 2499 4626 colunt
2541 4574 2653 4625 hmc
2693 4574 2949 4633 inanima,
2993 4586 3128 4638 pone
3170 4573 3408 4625 vinctum

1872 4664 2122 4716 manibus
2143 4665 2301 4731 jussit
2324 4662 2685 4716 exsecrandus
2709 4678 2831 4714 eum
2864 4660 3137 4713 verberari
3170 4661 3412 4713 immisc-

1876 4753 2184 4806 ricorditer.
2208 4752 2343 4805 Cum
2383 4754 2427 4807 is
2466 4761 2645 4805 autem
2674 4751 2851 4820 ﬂagris
2894 4752 3210 4813 caederetur,
3235 4750 3412 4819 adspi-

1874 4844 2022 4895 ciens
2054 4841 2346 4906 Episteme,
2380 4852 2433 4893 ct
2472 4841 2774 4892 mirandum
2810 4841 2862 4891 in
2898 4839 3115 4891 modum
3165 4855 3304 4908 εει-ο
3336 4839 3413 4892 fe-

1874 4947 1997 4985 rens
2030 4949 2041 4983 :
2071 4931 2133 4995 0,
2167 4930 2361 4998 inquit,
2408 4929 2766 4982 insatiabilem
2810 4931 3047 4981 animum
3088 4930 3153 4982 ad
3187 4929 3415 4997 punien-

1876 5021 2004 5072 dum
2047 5040 2059 5073 :
2097 5036 2198 5073 cur
2236 5021 2370 5073 tales
2418 5021 2597 5089 plagas
2645 5020 2949 5072 intentastis
2994 5019 3269 5077 membris.
3308 5029 3411 5072 tam

1873 5111 2227 5181 juvenilibus,
2260 5118 2314 5162 et
2356 5110 2695 5175 consumth
2725 5108 2912 5160 multis
2961 5107 3239 5161 laboribus
3266 5122 3415 5161 excr-

1872 5201 2185 5254 citationis?
2207 5200 2487 5266 Quomodo
2508 5206 2689 5251 autem
2719 5212 2909 5251 manus
2934 5193 3303 5251 ministrorum
3334 5204 3412 5251 tot

1872 5290 2037 5343 illatis
2073 5291 2243 5359 plagis
2283 5304 2391 5341 non
2429 5286 2746 5355 obtorpuit?
2782 5285 2874 5340 llis
2913 5301 3111 5355 praeses
3163 5286 3230 5340 ad
3274 5288 3411 5340 iram

1874 5382 2043 5451 magis
2067 5396 2328 5435 accensus
2356 5398 2369 5433 :
2395 5378 2540 5433 Hanc
2566 5378 2931 5447 impudentem
2956 5389 3012 5431 et
3046 5380 3409 5441 temerariam.

1873 5472 2069 5539 inquit,
2105 5472 2359 5525 feminam
2404 5469 2470 5522 ad
2498 5470 2696 5524 lineam
2728 5482 2897 5537 usque
2929 5468 3163 5522 tunicam
3216 5469 3414 5523 nudate

1872 5564 2135 5623 vestibus,
2161 5571 2214 5615 et
2238 5560 2415 5629 ﬂagris
2442 5561 2600 5614 valde
2628 5560 2836 5619 caedite.
2862 5566 2923 5613 ut
2952 5569 3105 5612 caute
3134 5558 3303 5613 discat
3336 5561 3405 5612 lo~

1874 5654 1991 5719 qui,
2018 5662 2072 5705 et
2104 5669 2207 5705 non
2242 5667 2299 5704 se
2329 5662 2435 5704 tam
2458 5661 2771 5720 arroganter
2795 5661 2944 5718 gerat
2966 5649 3225 5703 adversus
3254 5663 3414 5717 supu-

1877 5747 2067 5800 riores.

2878 5832 2912 5895 ι
