4226 6418
822 386 914 451 ιιι

2053 382 2336 445 MENSIS
2373 383 2808 447 NOVEMBER.

3918 393 4025 457 ιιι

818 493 1218 564 recuperaturi,
1244 501 1298 546 et
1331 507 1444 546 rem
1471 491 1672 560 probro
1703 491 1986 556 ducentes,
2018 492 2065 546 si
2082 507 2216 547 eum
2257 492 2366 546 sint
2394 499 2442 555 Α
2469 492 2487 544 ὃ

2348 501 2366 546 ι
2394 499 2442 555 Α
2469 491 2582 560 ἅμα
2620 495 2717 562 μὲν
2747 493 2846 562 τὴν
2877 493 3145 564 προτέραν
3190 495 3649 563 ἀναπαλαίσοπες
3677 495 3868 571 ἧτταν,
3899 507 4017 571 ἅμα

820 599 928 640 tam
973 586 1150 646 multi.
1186 585 1571 637 renuntientur
1607 582 1776 636 fuisse
1801 582 1870 637 ab
1920 598 2029 637 uno
2072 583 2314 652 superati
2344 601 2358 637 :

816 679 945 745 quin
981 677 1143 729 etiam
1176 675 1356 743 ipsum
1409 688 1627 742 quoque
1678 673 1931 727 timentes
1978 675 2281 743 prazsidem,
2318 677 2363 729 si

818 770 863 819 is
894 782 1085 818 manus
1115 779 1306 818 eorum
1334 763 1558 817 omnino
1591 762 1905 832 effugisset;
1938 771 1994 816 et
2027 764 2210 817 multis
2239 768 2363 821 aliis

815 859 1022 912 vocatis
1050 858 1113 910 ad
1160 855 1441 909 ferendum
1474 855 1766 926 auxilium,
1810 864 2056 907 sanctum
2096 857 2253 910 simul
2284 860 2365 912 in-

817 952 1039 1004 vadunt.
1090 949 1140 1002 ls
1175 956 1357 1001 autem
1395 955 1686 1015 antequam
1736 946 1814 999 illi
1866 947 2160 1011 venissent,
2193 964 2361 1018 prope

811 1042 972 1094 sitam
997 1039 1311 1109 speluncam
1341 1053 1464 1092 eum
1496 1041 1684 1090 decem
1703 1045 1758 1090 et
1784 1045 1908 1090 octo
1939 1038 2090 1101 virts,
2124 1043 2214 1107 qui
2237 1056 2359 1093 eum

813 1149 879 1186 eu
914 1142 1091 1194 erant,
1127 1131 1369 1190 subiens.
1423 1129 1627 1191 statim,
1683 1139 1743 1182 ut
1777 1130 1941 1197 vulgo
1990 1131 2212 1192 dicitur,
2245 1143 2362 1185 erat

815 1221 995 1287 aquila
1032 1221 1084 1271 in
1114 1218 1374 1280 nubibus,
1423 1232 1517 1270 eos
1564 1218 1656 1286 qui
1689 1217 1862 1285 ipsum
1904 1217 2250 1283 invadebant,
2301 1237 2359 1274 re

813 1307 1011 1360 infecta
1045 1305 1375 1372 relinquens.
1413 1303 1607 1356 Statim
1646 1304 1828 1372 itaque
1868 1305 1957 1358 isti
1989 1321 2112 1360 eutn
2143 1317 2361 1361 antrum

815 1395 1321 1454 circumdedissent,
1373 1394 1507 1447 satis
1539 1394 1738 1448 multos
1769 1395 1984 1463 quidem
2015 1406 2260 1452 statuunt
2292 1400 2358 1453 ad

812 1487 1032 1547 ostium,
1066 1502 1132 1538 ne
1164 1485 1481 1554 aufugeret;
1519 1485 1655 1538 alios
1677 1494 1854 1539 autem
1881 1489 2102 1541 mittunt
2135 1489 2199 1540 ad
2227 1505 2362 1558 prte-

813 1575 984 1628 sidem
1017 1573 1268 1634 civitatis,
1301 1580 1548 1639 petentes
1569 1571 1722 1635 alios,
1754 1572 1844 1640 qui
1881 1573 2074 1626 darent
2102 1575 2182 1628 eis
2206 1577 2359 1628 auxi-

812 1662 966 1714 lium.
995 1661 1086 1713 Ille
1107 1667 1287 1712 autem
1310 1657 1476 1712 mittit
1496 1659 1716 1728 quidem
1740 1675 1843 1714 non
1871 1676 2088 1729 parvam
2115 1679 2354 1733 manum.

816 1751 974 1805 Mittit
1002 1748 1319 1814 Quiriaeum
1356 1763 1574 1818 quoque
1611 1748 1835 1804 fratrem
1879 1751 2050 1806 divini
2084 1753 2351 1809 Ilieronis.

881 2015 968 2070 Ill.
1007 2015 1138 2068 Cum
1177 2024 1356 2068 autem
1391 2015 1467 2070 illi
1499 2015 1661 2070 simul
1710 2015 1987 2083 adessent,
2022 2035 2188 2073 nemo
2213 2031 2353 2085 erat,

813 2108 904 2165 qui
940 2115 1154 2159 antrum
1191 2106 1419 2160 auderet
1447 2108 1670 2160 omnino
1696 2108 1925 2176 ingredi,
1956 2112 2130 2179 utqui
2165 2113 2356 2166 Iliero-

816 2195 902 2247 nis
951 2208 1147 2247 manus
1195 2194 1661 2261 pertimescerent.
1693 2193 1976 2258 Quiriacus
2021 2208 2200 2252 autem
2232 2218 2359 2256 cum

811 2285 1019 2338 videret
1063 2298 1157 2338 eos
1206 2284 1258 2336 in
1308 2298 1551 2352 magnam
1613 2285 1883 2341 adductos
1936 2287 2354 2358 dubitationem,

809 2375 1082 2429 consuluit
1135 2383 1192 2427 ut
1227 2388 1414 2441 parum
1449 2374 1786 2439 recederent,
1824 2392 1931 2430 non
1970 2380 2043 2440 vi.
2095 2382 2188 2435 sed
2222 2399 2350 2450 per-

809 2481 1058 2519 suasnone
1107 2479 1230 2515 eum
1279 2465 1459 2532 potius
1503 2474 1784 2532 capturum
1843 2469 2138 2535 pollicitus.
2195 2472 2348 2536 Quod

810 2568 930 2604 eum
960 2552 1156 2604 factum
1182 2561 1346 2614 esset,
1388 2551 1681 2619 persuadet
1707 2552 1884 2618 fratri,
1915 2567 1972 2610 ut
1992 2569 2147 2612 exeat
2175 2576 2205 2614 e
2235 2577 2358 2630 spe—

808 2643 990 2695 lunca.
1033 2641 1202 2705 Quem
1244 2655 1368 2693 cum
1426 2644 1833 2712 assumpsisset,
1881 2649 2032 2700 venit
2080 2651 2146 2704 ad
2200 2667 2352 2707 suam

810 2740 1058 2784 matrem.
1090 2732 1182 2785 Illa
1226 2742 1406 2785 autem
1436 2747 1560 2787 cum
1598 2750 1712 2788 rem
1757 2737 2074 2801 audivisset,
2121 2751 2176 2794 et
2206 2744 2352 2811 quod

810 2823 992 2875 statim
1014 2836 1197 2874 coram
1222 2823 1449 2890 praeside
1473 2825 1921 2881 condemnandus
1942 2829 2216 2884 sistendus
2236 2845 2352 2888 erat

809 2913 928 2980 ejus
950 2912 1111 2974 filius,
1142 2914 1192 2965 ei
1227 2913 1578 2979 circumfusa,
1601 2917 1755 2969 valde
1781 2917 2200 2987 lacrymabatur,
2226 2940 2352 2978 eum

811 3004 978 3055 solam
1011 3004 1133 3056 vita:
1163 3018 1362 3057 vocans
1405 3006 1858 3070 consolationem,
1892 3019 1950 3063 et
1979 3012 2232 3067 baculum
2266 3031 2353 3070 se-

811 3092 1065 3153 nectutis,
1118 3100 1177 3145 et
1227 3094 1614 3147 recreationem
1661 3097 1870 3152 acerba
1931 3101 2242 3167 viduitatis,
2299 3115 2355 3158 et

811 3183 955 3251 quod
995 3183 1106 3236 sola
1138 3191 1193 3235 et
1231 3182 1432 3251 absque
1461 3185 1571 3237 ullo
1614 3185 1806 3240 solatio
1835 3203 1959 3241 mox
1989 3191 2350 3261 relinquetur,

811 3275 997 3327 orbata
1047 3275 1240 3336 oculis,
1289 3283 1501 3341 gravata
1541 3284 1840 3338 senectute,
1885 3294 2143 3347 oppressa
2176 3282 2352 3336 vidui-

811 3375 938 3416 tate.
969 3365 1059 3416 ille
1093 3379 1222 3417 vero
1254 3377 1374 3416 cum
1403 3379 1488 3426 ea,
1513 3369 1635 3418 cum
1661 3382 1767 3434 qua
1794 3383 1890 3434 par
1912 3379 2013 3430 est,
2041 3375 2349 3428 reverentia

809 3469 928 3505 eam
960 3453 1258 3520 amplexus,
1311 3454 1400 3505 ubi
1438 3454 1690 3522 jussisset
1729 3457 1908 3510 valere
1941 3473 2036 3512 eos
2094 3461 2185 3529 qui
2221 3477 2354 3516 cou-

810 3544 1013 3611 gregati
1060 3543 1292 3606 fuerant,
1328 3558 1450 3596 cum
1495 3555 1724 3613 cognato
1779 3548 1985 3601 Victore
2034 3558 2093 3602 et
2137 3552 2350 3608 duobus

811 3632 1070 3684 fratribus
1100 3632 1333 3685 Antonio
1359 3641 1412 3685 et
1445 3633 1800 3697 Matrouiano,
1826 3652 2020 3706 magno
2048 3648 2104 3692 et
2137 3641 2350 3696 intenso

809 3721 990 3772 studio
1023 3719 1126 3772 iter
1158 3719 1432 3787 ingressus
1453 3731 1537 3774 est
1566 3721 1866 3786 Melitineu,
1903 3728 2222 3794 urgentibus
2251 3733 2351 3784 mi-

808 3809 1016 3873 litibus,
1046 3809 1136 3877 qui
1167 3809 1310 3862 missi
1341 3808 1555 3862 fuerant
1580 3811 1645 3862 ad
1674 3812 2002 3870 ducendum.

877 3899 964 3952 ιγ.
1008 3901 1059 3952 In
1085 3899 1318 3966 quodam
1363 3909 1542 3952 autem
1569 3902 1710 3963 loco,
1735 3918 1858 3954 eum
1899 3909 2350 3965 adventassetve-

808 3989 1278 4055 spera,diversati,
1300 3988 1684 4055 exspectabant
1706 4006 1977 4048 auroram.
2007 3996 2061 4049 In
2087 3999 2198 4065 ipsa
2223 4016 2349 4056 vero

811 4088 965 4133 none
985 4079 1221 4146 quidam,
1248 4079 1491 4132 candidis
1517 4080 1754 4133 vestibus
1776 4082 2081 4145 indutus.ei
2107 4101 2347 4155 apparet,

809 4171 921 4223 initi
958 4182 1010 4222 et
1055 4168 1284 4237 benigna
1339 4185 1469 4223 voce
1505 4169 1729 4247 dicens:
1765 4173 1924 4233 Ecce.
1952 4192 1984 4229 ο
2012 4178 2226 4246 Ilieron,
2255 4184 2348 4237 tibi

808 4262 1034 4312 salutem
1080 4261 1362 4312 annuntio.
1392 4260 1483 4314 Via
1505 4270 1707 4324 autem,
1734 4278 1894 4329 quam
1919 4266 2233 4334 ingrederis,
2267 4282 2350 4324 est

808 4359 952 4400 τρι-ιιι
982 4357 1106 4399 ante
1138 4357 1209 4401 te.
1237 4347 1354 4400 Non
1384 4364 1482 4415 pro
1513 4365 1636 4418 rege
1665 4365 1793 4404 vero
1831 4363 2049 4408 terreno
2076 4368 2129 4410 et
2155 4360 2342 4427 gloria,

804 4454 922 4504 quae
947 4439 1200 4491 facillime
1232 4439 1480 4500 solvitur,
1507 4439 1850 4496 decertabis:
1886 4446 1977 4498 sed
2013 4462 2110 4514 pro
2142 4451 2346 4505 cmlesti
2383 4466 2422 4518 ι)
2447 4439 2502 4514 δὲ

807 4527 949 4593 llege
985 4536 1256 4577 certamen
1289 4539 1530 4593 perages,
1562 4533 1623 4578 et
1655 4542 1781 4580 mox
1831 4530 1897 4582 ad
1948 4533 2122 4599 ipsum
2160 4541 2347 4593 venies

803 4614 1203 4685 glorificandus.
1237 4615 1359 4668 llaec
1391 4630 1514 4668 cum
1545 4616 1769 4671 dixisset
1793 4618 1861 4683 is,
1888 4622 1979 4688 qui
2020 4637 2343 4693 conspectus

801 4705 1000 4764 fuerat,
1025 4713 1080 4756 et
1102 4703 1427 4754 ineffabilem
1454 4705 1739 4771 quamdam
1769 4709 2006 4763 latitiam
2028 4715 2143 4781 ejus
2163 4720 2342 4773 animo

803 4794 1111 4852 indidisset,
1145 4792 1326 4844 statim
1363 4795 1607 4847 recessit.
1645 4795 1737 4850 Ille
1782 4809 1962 4852 autem
1994 4816 2221 4870 surgens
2246 4808 2339 4860 Le-

804 4895 908 4945 tus,
939 4881 1127 4936 amicis
1158 4891 1210 4934 et
1241 4884 1503 4950 cognatis,
1533 4886 1624 4952 qui
1649 4902 1770 4939 eum
1796 4904 1861 4942 eo
1888 4892 2149 4948 aderant:
2181 4897 2335 4963 Novi,

805 4973 997 5042 inquit,
1030 4972 1120 5024 Dei
1158 4972 1210 5024 in
1241 4986 1321 5024 me
1354 4973 1780 5040 dispensationis
1803 4984 2142 5048 mysterium.
2191 4997 2245 5040 et
2272 4989 2338 5042 de

798 5078 996 5116 αιτιοι-ο
1026 5071 1276 5129 prompto
1303 5070 1358 5115 et
1400 5064 1566 5116 alacri
1599 5067 1782 5120 animo
1815 5069 1957 5122 viam
2007 5077 2334 5140 propositam

797 5152 1090 5220 ingredior.
1121 5152 1269 5206 Unus
1305 5153 1615 5218 thesaurus,
1649 5173 1751 5209 una
1781 5163 2079 5225 possessio,
2111 5180 2230 5218 una:
2253 5166 2336 5218 di-

802 5241 938 5291 sllltB
957 5274 988 5299 ,.
1027 5255 1144 5305 quae
1192 5249 1318 5290 sunt
1360 5240 1411 5291 iu
1471 5243 1623 5295 uelis
1671 5247 1938 5313 reposita.
1980 5254 2107 5313 Quae
2151 5263 2332 5308 autem

794 5336 926 5379 sunt
964 5325 1270 5392 praesentia,
1317 5328 1451 5380 nihil
1499 5329 1693 5393 juvant
1729 5346 1823 5386 eos
1885 5337 1976 5402 qui
2030 5340 2328 5405 possident,

801 5436 820 5468 ε
857 5416 993 5480 Quid
1022 5417 1164 5468 enim
1196 5415 1465 5484 profuerit
1497 5418 1727 5483 homini,
1769 5423 1813 5475 si
1851 5434 2022 5478 totum
2071 5433 2332 5485 mundum

793 5504 1150 5564 iucrifeeerit,
1185 5512 1238 5556 et
1267 5519 1377 5558 sua:
1403 5507 1596 5562 anima:
1626 5523 1818 5576 passus
1850 5511 2015 5567 fuerit
2040 5516 2336 5574 detrimen-

795 5606 906 5649 tum
932 5593 988 5646 *τ
1024 5612 1042 5644 ι
1073 5593 1216 5647 Nihil
1244 5606 1326 5648 est
1350 5596 1481 5650 mihi
1507 5599 1685 5653 anima
1722 5604 2035 5670 pretiosius,
2062 5608 2196 5664 nihil
2219 5626 2330 5667 me-

900 5708 1133 5766 ‘Matth.
1173 5726 1280 5778 xu,
1316 5710 1402 5766 εδ.

2467 582 2522 633 δὲ
2549 583 2641 634 καὶ
2667 585 2736 636 δι’
2766 585 3025 655 αἰσχύνης
3052 587 3112 638 τὸ
3145 589 3380 658 πρᾶγμα
3411 589 3705 661 τιθέμενοι,
3733 596 3781 646 εί
3828 601 4018 650 τοσού-

2464 687 2544 723 τοι
2574 672 2745 738 ὄντες,
2806 675 2923 736 ἑνὸς
2953 676 3380 745 ἀγγελθήσονται
3431 683 3723 750 ἡττημένοι
3768 701 3782 716 ο
3815 687 3876 737 οὗ
3911 689 4019 756 μὴν

2463 761 2516 814 δὲ
2547 762 2682 815 ἀλλά
2723 765 2815 816 καὶ
2864 767 3026 818 αὑτὸν
3085 770 3176 819 τὸν
3231 770 3478 838 ἄρχοντα·
3509 772 3760 835 δεδιότες,
3824 778 3874 828 εί
3919 782 4018 838 τὰς

2464 856 2652 923 χεῖρας
2681 857 2857 909 αὐτῶν
2889 859 3200 913 παντάπασι
3256 863 3528 930 διαφύγοι,
3567 867 3660 918 καὶ
3690 868 3755 936 δὴ
3790 869 4020 933 πολλοξς

2463 947 2559 997 καὶ
2587 947 2779 1009 ἄλλους
2809 951 2887 1012 είς
2941 953 3263 1020 συμμαχίαν
3299 957 3727 1026 ἑταιρισάμενοι,
3793 977 4021 1014 συνεπιο

2462 1035 2700 1088 τίθενται
2756 1038 2833 1108 τῷ
2892 1041 3052 1111 ἁγίῳ.
3117 1048 3174 1095 '0
3221 1044 3296 1110 δὲ,
3361 1046 3465 1112 πρὸ
3520 1047 3615 1100 τοῦ
3687 1052 4025 1105 καταλαϐεῖν

2462 1125 2728 1190 ἐκείνους,
2758 1129 2817 1181 τὺ
2868 1133 3270 1202 παρακείμενον
3326 1136 3587 1206 σπήλαιον
3631 1141 3840 1210 σύναμα
3887 1145 4020 1197 δέκα

2462 1221 2555 1270 καὶ
2589 1221 2732 1272 ὀκτὼ
2764 1222 2988 1291 ἀνδράσι
3016 1229 3126 1286 τοῖς
3153 1229 3534 1300 συμπαροῦσιν
3564 1232 3713 1301 αὐτῷ
3734 1235 4020 1301 ὑπισδῦς,

2460 1309 2642 1370 εὐθὺς,
2671 1312 2729 1361 τὸ
2757 1311 3033 1380 ᾀδόμενον,
3057 1315 3208 1376 ἀετὸς
3236 1312 3302 1385 ἦν
3325 1320 3381 1369 ὲν
3407 1319 3679 1385 νεφέλαις,
3703 1323 4032 1392 ἀπράκτους·

2461 1400 2585 1460 τοὺς
2621 1400 3038 1470 ἐπιτιθεμένους
3069 1404 3374 1459 ἀπολιπών.
3412 1409 3622 1462 Αὐτίκα
3658 1413 3838 1464 τοίνυν
3868 1408 4017 1466 οὗτοι

2458 1489 2516 1542 τὸ
2540 1489 2730 1560 ἄντρον
2759 1493 2816 1543 ὲν
2840 1493 3024 1562 κύκλῳ
3047 1495 3414 1559 διαλαϐόντες,
3448 1499 3668 1563 ἱκανοὺς
3699 1503 3796 1571 μὲν
3823 1505 4013 1558 ἱστῶσι

2459 1580 2608 1649 παρὰ
2639 1581 2700 1631 τὸ
2725 1583 2962 1650 στόμιον,
2983 1587 3058 1646 ὼς
3086 1586 3154 1638 ἂν
3198 1588 3272 1655 μὴ
3298 1589 3518 1658 διαδρὰς
3539 1591 3773 1660 οἴχηται,
3796 1596 4017 1663 ἑτέρους

2458 1669 2514 1721 δὲ
2557 1669 2689 1740 πρὸς
2718 1672 2810 1724 τὸν
2839 1675 2937 1742 τῆς
2983 1676 3189 1739 πόλεως
3238 1677 3474 1748 ἄρχοντα
3523 1684 3819 1750 στέλλουσι,
3847 1703 4018 1756 προσ-

2459 1760 2630 1830 θήκην
2677 1762 2783 1813 τὼν
2849 1769 3314 1834 συμμαχησάντων
3346 1772 3651 1836 αἰτοῦντες.
3705 1775 3763 1828 Ὀ
3787 1776 3842 1828 δὲ
3878 1779 4020 1845 πέμ-

2466 1867 2549 1902 πει
2581 1852 2679 1920 μιν
2708 1854 2769 1904 οὐ
2805 1858 3012 1924 μικρὰν
3043 1862 3220 1927 χεῖρα,
3253 1861 3464 1928 πέμπει
3499 1865 3552 1916 δὲ
3607 1865 3701 1917 καὶ
3735 1869 4024 1936 κυριακὸν

2458 1941 2551 1993 τὸν
2587 1943 2678 1994 τοῦ
2713 1944 2860 1997 θείου
2910 1947 3149 2015 Ἱέρωνος
3185 1953 3434 2020 ἀδελφόν.

2532 2033 2602 2084 Γ’.
2650 2033 2736 2097 Ὠς
2769 2035 2823 2088 δὲ
2857 2038 3114 2106 παρῆσαν
3141 2043 3299 2110 ὁμοῦ,
3330 2046 3505 2109 οὐδεὶς
3538 2044 3604 2118 ἦν
3634 2049 3688 2112 ὃς
3720 2051 3779 2102 τὸ
3814 2052 4014 2121 ἄντρον

2458 2122 2655 2190 ἐτόλμα
2688 2126 3043 2192 ὑπεισεὶθεῖν,
3083 2138 3177 2192 τὰς
3201 2136 3394 2201 χεῖρας
3451 2136 3694 2206 Ἱέρωνος
3747 2143 4014 2211 ὑποφρίτ-

2457 2230 2659 2276 τοντες.
2690 2216 2746 2268 ὐ
2780 2220 2963 2286 μέντοι
2995 2223 3290 2293 Κυριακδς,
3316 2227 3390 2290 ὡς
3413 2231 3813 2301 ἀπορουμένους
3840 2237 4014 2305 ἑώρα,

2459 2305 2818 2376 ὑποχωρῆσαι
2852 2313 3044 2379 μικρδν
3076 2316 3490 2384 συνεϐούλευεν,
3530 2323 3591 2374 οὐ
3642 2324 3732 2396 βίᾳ
3780 2328 4007 2395 μᾶλλον,

2457 2400 2595 2454 ἀλλὰ
2641 2403 2822 2456 πειθοῖ
2869 2407 3062 2460 τοῦτον
3109 2412 3362 2482 αἱρήσειν
3405 2419 3875 2490 ἐπαγγειλάμενος
3915 2440 3933 2455 ο
3980 2425 4010 2476 ὃ

2456 2491 2549 2542 καὶ
2574 2495 2879 2562 γενόμενον,
2913 2499 3086 2552 πείθει
3117 2502 3208 2555 τὸν
3225 2504 3450 2571 ἀδελφὸν
3485 2511 3576 2562 τοῦ
3599 2512 3796 2580 ἄντρου
3831 2515 4002 2581 sme-

2460 2580 2654 2647 ελθεῖν,
2717 2586 2805 2635 καὶ
2826 2588 3155 2655 παραλαϐὼν
3184 2594 3365 2656 adt-3v,
3395 2597 3487 2647 ἐπὶ
3508 2597 3606 2667 τὴν
3633 2601 3767 2652 ἰδίαν
3794 2606 4008 2674 μητέρα

2457 2674 2637 2740 φοιτᾷ.
2678 2673 2739 2724 Ἢ
2769 2675 2845 2734 δὲ.
2881 2682 2948 2729 τὰ
2974 2680 3065 2730 τοῦ
3100 2683 3418 2749 πράγματος
3453 2689 3753 2756 πυθομένη,
3811 2696 3904 2746 καὶ
3933 2673 4008 2757 ὥς

2456 2762 2652 2813 αὐτίκα
2711 2765 2890 2830 μέλλει
2917 2767 2991 2835 τῷ
3037 2770 3187 2821 δουκὶ
3232 2775 3560 2843 κατάκριτος
3614 2783 3643 2832 ό
3685 2784 3796 2844 υίὸς
3834 2786 4008 2855 αὐτῆς

2455 2853 2925 2918 παραστήσεσθαι,
2966 2859 3318 2926 περιχυθεῖσα
3364 2863 3557 2934 τούτῳ,
3613 2868 3830 2938 θερμῶς
3881 2853 4007 2928 ἐδά-

2457 2957 2612 3008 κρυε,
2635 2941 2798 3010 μόνην
2827 2947 3173 3000 ἀποκαλοῦσα
3197 2951 3290 3002 τοῦ
3308 2950 3422 3019 βίου
3447 2960 3796 3027 παραμυθίαν
3816 2965 4006 3034 γήρως

2455 3045 2512 3079 τε
2548 3028 2876 3099 βακτηρίαν,
2930 3035 3024 3085 καὶ
3076 3036 3317 3104 χαλεπῆς
3377 3047 3603 3111 χηρείας
3653 3028 4006 3122 παραψυᾶὴν,

2455 3123 2548 3172 καὶ
2572 3124 2720 3184 ὅπως
2756 3125 2889 3192 μόνη
2922 3129 3010 3176 καὶ
3047 3129 3441 3199 ἀπαράκλητος
3477 3136 3600 3188 ὅσον
3639 3141 3787 3193 ούπω
3835 3161 4011 3197 κατα-

2457 3205 2824 3279 λειφθήσεται,
2854 3217 2978 3276 τοὺς
3006 3215 3313 3284 ὀφθαλμοὺς
3340 3227 3732 3297 πεπηρωμένη,
3760 3232 3834 3299 τῷ
3854 3236 4008 3303 γήρᾳ

2455 3294 2816 3370 βαρυνομένη,
2851 3305 2915 3369 τῇ
2947 3307 3143 3375 χηρείᾳ
3172 3323 3227 3358 τε
3263 3315 3578 3382 τρυχομέιη.
3633 3294 3708 3368 Ὀ-
3739 3294 3817 3381 δὲ,

2453 3403 2551 3454 την
2610 3392 2728 3455 μετ’
2779 3392 2958 3454 αἰδοῦς
3001 3396 3098 3462 τῆς
3153 3401 3532 3469 προσηκούσης
3584 3406 4002 3476 ἀσπασάμενος,

2455 3476 2847 3542 συνταξάμενος
2881 3497 2935 3532 τε
2958 3485 3066 3535 τοῖς
3109 3485 3566 3554 συνειλεγμένας,
3605 3495 3718 3560 ἅμα
3754 3498 3830 3563 τῷ
3867 3517 4001 3566 συγ-

2454 3566 2600 3627 γενεί
2626 3562 2882 3634 Οὑῖκτορι
2929 3570 3021 3620 καὶ
3066 3572 3220 3622 δυσὶν
3265 3575 3528 3642 ἀδελφοῖς,
3588 3562 3852 3653 Ἀντωνίῳ
3899 3562 3993 3638 καὶ

2451 3653 2822 3723 Ματρωνιανῴ
2841 3659 2939 3723 τὴν
2962 3661 3051 3710 ἐπὶ
3073 3662 3376 3731 Μελιτηνὴν
3397 3668 3785 3740 συντονώτερον
3809 3674 4000 3740 ὥδευε,

2452 3751 2882 3816 κατεπειγόντων
2914 3755 3074 3805 αὐτὸν
3102 3756 3208 3806 τῶν
3241 3759 3333 3809 ἐπὶ
3359 3761 3419 3810 τὸ
3445 3763 3673 3830 ἀγαγεῖν
3722 3771 4000 3835 πεμῳῦέν-

2449 3853 2554 3886 των
2590 3841 2953 3901 στρατιωτῶν.

2522 3930 2596 3983 Δ’,
2635 3931 2732 3980 Ἐν
2779 3946 2883 3981 τινι
2914 3933 2967 3984 δὲ
3025 3934 3173 4004 τόπῳ
3194 3937 3290 4005 τῆς
3320 3939 3550 4006 ἑσπέρας
3575 3944 4001 4000 ἐπικαταλαϐού-

2453 4031 2549 4082 σης
2585 4018 2955 4084 αὐλισάμενοι,
2989 4023 3084 4089 τὴν
3114 4025 3188 4075 ἕω
3224 4032 3606 4095 περιμένοντες
3633 4029 3793 4101 ἦσαν.
3857 4040 3997 4092 Κατ’

2450 4107 2616 4173 αὐτὴν
2644 4107 2697 4158 δὲ
2733 4111 2826 4176 τὴν
2857 4111 3024 4164 νύκτα
3057 4115 3360 4184 λευχείμων
3391 4135 3472 4180 τις
3517 4123 3666 4191 αὒτῷ
3709 4129 3997 4194 ἐπιφαίνεο

2448 4211 2557 4256 ται,
2587 4196 2788 4264 πραείᾳ
2807 4200 2897 4249 καὶ
2921 4201 3282 4272 φιλανθρώπῳ
3308 4211 3475 4276 φωνῇ,
3526 4210 3637 4261 Ιδού
3670 4230 3769 4273 σοι,
3796 4216 3940 4284 λέγω
3955 4249 3994 4286 .·,

2460 4279 2662 4348 Ἱέρων,
2692 4288 2964 4353 σωτηρίαν
2998 4291 3440 4361 εὐαγγελίζομαι.
3497 4297 3557 4350 Ἥ
3595 4301 3692 4367 μὲν
3737 4301 3830 4356 οὖν
3875 4309 3995 4372 ὁδὸς

2448 4372 2512 4440 ἢν
2545 4374 2775 4444 πορεύῃ,
2809 4378 2989 4429 εὐθεῖα
3017 4382 3243 4434 ἐνώπιόν
3277 4401 3390 4449 σου,
3421 4389 3518 4457 οὐχ
3548 4391 3683 4458 ὑπὲρ
3729 4395 3987 4462 βασιλέως

2533 4465 2717 4532 γηῖνου
2768 4469 2864 4518 καὶ
2911 4468 3066 4536 δόξης
3106 4474 3275 4541 ῥᾷστα
3319 4474 3584 4548 λυομένης
3615 4485 3841 4554 ἀγωνιῇ,
3875 4491 3993 4541 ἀλλ’

2447 4553 2585 4620 ὑπὲρ
2633 4555 2884 4622 οὐρανίου
2943 4560 3203 4625 βασιλέως
3251 4565 3339 4615 τὸν
3397 4563 3558 4620 ἆθλον
3601 4553 3837 4638 ἀνύσεις,
3896 4580 3994 4632 καὶ

2443 4640 2563 4692 ὅσον
2585 4641 2735 4694 οὔπω
2759 4646 2891 4712 πρὸς
2915 4649 3073 4700 αὐτὸν
3100 4650 3263 4722 ἀφίξῃ
3288 4653 3769 4728 δοξασθησόμενος.
3805 4667 3990 4722 Ταῦτα

2442 4732 2610 4782 εἰπὼν
2643 4733 2671 4783 ό
2700 4733 2882 4799 ὀφθεὶς
2917 4741 3008 4790 καὶ
3034 4741 3272 4809 appium
3299 4763 3417 4799 τινα
3457 4751 3794 4822 εὐφροσύνην
3839 4762 3990 4830 αύτῴ

2442 4820 2615 4881 ἐνθεὶς
2641 4823 2799 4914 εὐθὺς
2828 4825 3027 4895 ᾧχτεο..
3057 4831 3113 4881 '0
3138 4832 3212 4895 δὲ,
3246 4843 3548 4907 περιχαρὴς
3578 4820 3830 4910 ἀναστάς,
3874 4820 3989 4914 τοῖς

2440 4909 2782 4977 συμπαροῦσι
2814 4915 2985 4978 φίλιος
3009 4919 3098 4968 καὶ
3129 4925 3458 4988 συγγενέσιν,
3487 4928 3713 4996 Ἐγνων,
3745 4909 3984 5004 ἀδελφοί

2439 4999 2563 5067 ἔφη.
2592 5002 2650 5051 τὸ
2677 5003 2773 5070 τῆς
2808 5012 2934 5072 περὶ
2964 5010 3061 5075 ἐμὲ
3096 5014 3187 5061 το)
3239 5015 3381 5065 θεοῦ
3418 5025 3729 5088 οἰκονομίας
3775 4999 3984 5097 μυστὴἐ

2441 5106 2576 5159 ριον,
2608 5096 2698 5144 καὶ
2739 5095 2922 5147 λοιπὸν
2971 5102 3247 5170 πρόθυμός
3289 5108 3402 5173 είμι
3443 5117 3566 5176 περὶ
3616 5114 3710 5180 τὴν
3756 5095 3982 5182 προκει-

2443 5183 2608 5252 μένην
2628 5187 2762 5240 ὀδόν.
2790 5185 2878 5251 Εἷς
2912 5192 3199 5260 θησαυρὸς,
3234 5200 3329 5265 μία
3385 5204 3593 5266 κτῆσις,
3619 5200 3695 5268 εἷς
3729 5210 3979 5273 πλοῦτος,

2438 5273 2465 5322 ό
2498 5275 2551 5324 ἑν
2580 5276 2821 5346 οὐρανοῖς
2855 5283 3233 5351 ἀποκείμενος.
3291 5289 3366 5340 Τὰ
3408 5291 3462 5342 δὲ
3513 5297 3749 5360 πορόντα
3825 5301 3982 5352 οὐδὲν

2440 5364 2565 5425 τοὺς
2594 5372 2959 5436 κεκτημένους
2989 5375 3212 5442 ὀνίνησι.
3249 5380 3312 5428 Τί
3337 5397 3442 5448 γ>ρ
3477 5384 3745 5455 ὠφελήσει
3779 5391 3982 5459 ἀνθρω-

2441 5459 2538 5504 πος
2565 5449 2611 5497 εί
2643 5449 2732 5500 τὸν
2768 5453 2973 5519 κόσμον
3009 5457 3256 5523 κερδήσει
3302 5465 3393 5511 καὶ
3438 5449 3687 5536 ζημιωθῇ
3741 5473 3836 5542 τὴν
3877 5449 3983 5539 ilu-

2439 5533 2538 5600 χὴν
2562 5537 2724 5590 αὐτοῦ
2753 5555 2766 5604 ;
2822 5543 2987 5596 Οὐδέν
3020 5562 3107 5613 μοι
3133 5548 3228 5615 τῆς
3251 5550 3422 5620 ψυχῆς
3455 5533 3804 5626 τιμιώτερον,
3825 5533 3981 5615 οὐδέν

2440 5619 2641 5686 βέλτιον
2694 5642 2708 5658 ο
2767 5631 2947 5697 ἱκανὸς
3003 5634 3030 5683 ὁ
3084 5619 3468 5705 παρεληλυθὼς
3515 5619 3619 5717 τῆς
3675 5619 3816 5716 ζωῇ-ς
3873 5668 3981 5718 μου
