4226 6418
240 396 342 458 113
1063 389 1522 449 MARTYRIUM
1562 391 1619 449 S.
1656 389 2034 450 HIERONIS
2072 394 2166 451 ET
2207 392 2619 452 SOCIORUM.
3336 394 3434 455 1H

233 524 448 576 ypovoc,
474 506 531 558 δν
564 506 624 558 εν
660 503 984 574 ματαιότητι
1018 502 1298 556 διεθίωσα.
1342 504 1552 571 Απειμι
1598 501 1787 555 λοιπον
1813 506 1901 565 ΑΙ

1770 519 1787 554 ι
1813 507 1862 565 Α
1887 504 2011 561 lius.
2048 504 2259 559 Suﬂicit
2286 507 2361 570 id,
2397 520 2542 575 quoa
2594 506 2853 574 pra:teriit
2884 522 3015 560 mea!
3052 506 3176 559 vita:
3208 516 3439 574 tempus.

228 599 369 664 πρὸς
407 597 562 651 Θεόν.
613 596 726 649 Μία
776 611 843 663 με
905 594 1064 663 τήκει
1101 594 1324 661 φροντὶς
1370 594 1403 663 ή
1452 594 1553 660 τῆς
1591 596 1793 663 μητρὶς
1892 618 1897 645 ι

1768 613 1793 657 ς
1892 598 2036 663 quod
2080 598 2185 650 vixi
2238 598 2289 650 in
2326 600 2582 654 vanitate.
2620 599 2765 651 \‘ado
2804 598 2871 650 de
2918 609 3113 651 caatero
3148 598 3212 650 ad
3252 598 3437 652 Deum.

228 688 468 753 μζνωσις
496 702 512 718 ο
540 687 682 754 χήρα
713 688 817 754 γὰρ
840 685 1020 752 εκείνη
1062 684 1155 736 καὶ
1184 683 1291 736 τῶν
1326 688 1787 753 προστησομένων
1893 689 1897 727 ἲ

1771 702 1787 736 θ
1893 688 2006 743 Una
2044 690 2223 743 solum
2254 706 2336 743 me
2368 690 2573 742 cruciat
2609 690 2936 749 sollicitudo,
2973 705 3163 755 nrmpe
3204 688 3440 741 solitudo

227 780 459 845 ερημος,
486 779 619 846 πρὸς
649 768 856 839 τούτοις
887 777 979 829 καί⁵
1010 777 1188 843 φωτὸς
1230 777 1649 843 ἀπεστερημένη
1696 778 1792 829 καὶ
1890 795 1896 831 ι

1764 778 1792 828 .l.
1890 780 2097 833 matris.
2132 781 2222 831 llla
2253 790 2333 832 est
2369 782 2513 833 enim
2542 781 2721 835 vidua,
2748 790 2803 830 et
2849 779 3059 831 defecta
3098 781 3162 829 iis
3192 782 3283 846 qui
3316 795 3433 830 eam

227 869 451 935 ἡλικίας
510 870 587 930 είς
637 869 860 937 ἔσχατον
907 868 1208 938 ἀφιγμένη,

229 960 493 1027 ρουμένη,
554 958 647 1009 τοῦ
703 960 888 1027 γήρως
938 959 1037 1027 τὴν
1092 959 1413 1028 βακτηρίαν.
1476 960 1621 1030 ῐιλὴν
1674 960 1787 1011 ἀλλ’

230 1050 353 1102 επεὶ
384 1050 471 1103 διὰ
502 1052 732 1121 Χριστὸν
768 1053 903 1120 πρὸς
926 1051 1151 1105 θάνατον
1182 1051 1599 1119 κατεπείγομαι,
1638 1052 1787 1121 αὑτῷ

229 1140 449 1203 πάντως
498 1142 722 1211 μελήσει
758 1142 883 1210 περὶ
915 1142 1105 1211 αὐτῆς,
1139 1140 1217 1211 τῷ
1269 1142 1444 1213 Πιιτρλ⁸
1464 1144 1571 1194 τῶν
1619 1144 1789 1211 ὀρφα-

229 1231 337 1282 νῶν
368 1234 465 1284 καὶ
496 1234 654 1301 κριτῇ
680 1231 788 1284 τῶν
816 1231 1024 1301 χηρῶν.

302 1408 380 1463 ε’.
417 1409 603 1473 Οὕτως
632 1411 658 1462 6
690 1413 937 1476 γενναῖος
980 1412 1167 1479 Ἱέρων
1201 1410 1370 1463 εἰπὼν
1394 1412 1482 1464 καὶ
1507 1414 1574 1481 τῇ
1600 1414 1785 1481 μνήμῃ

228 1503 405 1571 ταύτῃ
459 1502 558 1569 τῆς
613 1503 879 1571 τεκούσης
922 1503 1292 1571 ἐπιδακρύσας
1348 1503 1407 1555 τὸ
1441 1504 1627 1556 λοιπὸν
1686 1507 1782 1573 τῆς

228 1594 348 1645 ὀδοῦ
375 1595 607 1663 διήνυεν.
638 1589 768 1646 Εἶτα
803 1594 903 1661 τὴν
932 1595 1242 1663 Μελιτηνὴν
1268 1594 1499 1661 φθάσας,
1539 1596 1779 1661 ἐγκλείε·

230 1702 322 1737 τοι
382 1688 450 1754 τῇ
495 1687 705 1753 φρουρᾷ
759 1685 880 1753 μεθ’
932 1686 1135 1752 ἑτέρων
1182 1687 1475 1755 τριάκοντα
1517 1686 1652 1752 πρὸς
1707 1687 1782 1754 τῷ

228 1775 313 1827 ἐνὶ
344 1775 435 1827 τὸν
460 1774 692 1843 ἀριθμὸν
716 1776 905 1828 ὄντων.
934 1776 1074 1845 Πρὸς
1101 1775 1191 1837 οὒς
1215 1777 1243 1827 6
1269 1776 1440 1843 ἆγιος,
1484 1776 1778 1830 ’Λκούσατέ

232 1882 336 1932 μου
376 1867 473 1934 τῆς
514 1864 861 1933 ,συμϐουλῆς,
918 1866 1061 1932 φίλοι
1115 1865 1208 1916 καὶ
1256 1865 1492 1931 ἀδίλφοῖ,
1546 1866 1667 1935 ἔφη,
1712 1869 1779 1919 τὰ

232 1955 549 2007 συνοίσοντα
580 1956 687 2023 γὰρ
722 1955 833 2024 ἐρῶ
859 1956 916 2006 οὐ
952 1954 1086 2024 πρὸς
1117 1956 1176 2006 τὸ
1211 1956 1406 2025 παρὸν,
1451 1956 1585 2007 ἀλλὰ
1646 1958 1779 2025 πρὸς

228 2046 288 2095 τὸ
324 2045 533 2112 μέλλον·
552 2045 615 2095 ἰι⁶
641 2045 667 2095 ὃ
693 2046 782 2096 καὶ
810 2048 955 2096 πᾶσα
984 2046 1015 2113 ἡ
1043 2047 1260 2113 φροντὶς
1290 2048 1401 2107 τοῖς
1432 2047 1781 2115 φοδουμὲνσις

228 2135 322 2185 τὸν
353 2135 576 2203 Κύριον.
604 2136 877 2202 Κήρυγμα
908 2135 1190 2204 διηγγέλη,
1225 2137 1297 2197 ὡς
1330 2135 1515 2206 αὔριον
1553 2140 1578 2189 6
1609 2138 1779 2190 ἀθεώ-

228 2241 392 2286 τατος
448 2224 671 2292 ἡγεμὼν
704 2226 895 2286 Θυσίας
922 2225 1105 2293 μέλλει
1142 2232 1525 2293 προσενεγκεῖν
1556 2230 1669 2290 τοῖς
1706 2228 1781 2299 μὴ

227 2315 347 2369 οὖσι
380 2315 536 2377 θεοῖς.
578 2316 696 2368 Είτι
728 2314 823 2368 οὖν
853 2317 973 2384 ἐμοὶ
1020 2316 1291 2377 πείθεσθε,
1342 2320 1775 2387 καταφρονήσω-

234 2423 337 2471 μεν
376 2406 469 2457 τοῦ
520 2407 871 2474 κτρύγματος
930 2408 1142 2469 τούτου,
1205 2407 1297 2459 καὶ
1346 2408 1585 2469 εἰδώλοις
1643 2411 1779 2478 μήτε

231 2497 563 2557 προσκυνεῖν
608 2496 949 2563 ἀξιώσωμεν,
1005 2496 1131 2564 μήθ’
1180 2497 1317 2559 ὅλως
1367 2498 1558 2549 θυσίαν
1600 2501 1783 2563 αὐτοῖς

229 2586 689 2651 προσαγάγωμεν.
740 2585 1005 2654 Θύσωμεν
1062 2586 1117 2639 δὲ
1160 2586 1355 2654 μᾶλλον
1407 2588 1596 2641 θυσίαν
1650 2591 1786 2641 αἰνέ-

233 2688 374 2733 σεως
405 2674 480 2741 τῷ
508 2673 747 2743 ἀληθινῷ
778 2675 895 2741 Θεῷ
948 2676 1128 2743 ἡμῶν,
1164 2679 1255 2728 καὶ
1292 2676 1463 2747 τούτῳ
1490 2680 1585 2741 τὰς
1619 2681 1781 2746 εὐχὰς

232 2762 394 2830 ἡμῶν
440 2765 916 2833 προσενέγκωμεν,
964 2766 1081 2828 ἵνα,
1151 2768 1433 2835 προσσχὼν
1483 2772 1547 2837 τῇ
1602 2770 1782 2837 δεήσει

230 2869 341 2902 τίειν
370 2853 556 2921 ψυχῶν
589 2853 767 2922 ἡμῶν,
805 2853 916 2922 δῴη
946 2857 1208 2920 γενναίως
1241 2858 1340 2918 τὰς
1398 2858 1782 2927 ἐπαχθησομί·

230 2960 328 3003 νας
378 2947 505 3011 ἡμῖν
556 2944 817 3012 βασάνους
858 2947 1177 3012 διενεγκεῖν,
1228 2949 1323 3001 καὶ
1368 2949 1460 2999 τοῦ
1516 2952 1781 3019 μακαρίου

229 3036 418 3096 τέλους
453 3037 747 3105 ιπιτυχεῖν.
797 3037 979 3091 Ταῦτα
1013 3036 1102 3091 τοῦ
1162 3038 1317 3107 ἁγίου
1362 3041 1669 3109 εἰρηκότος,
1718 3045 1780 3095 Ol

1285 869 1426 935 κάμὲ
1473 868 1573 936 ἥδη
1630 870 1793 935 ἀφσι-
1888 872 1994 921 sint
2029 869 2342 931 defcn‘uri;
2392 880 2445 922 et
2499 878 2753 936 pneterca
2814 868 2954 917 orba:

1769 897 1793 908 -
1888 872 1994 921 sint
2029 869 2342 931 defemuri;
2392 880 2445 922 et
2499 878 2753 936 pnetcrca
2814 868 2999 919 orbata
3056 867 3197 924 luce.
3235 876 3288 919 et
3320 883 3438 934 quae

1883 960 1992 1028 jam
2040 960 2189 1013 venit
2226 961 2291 1011 ad
2338 971 2632 1012 extremam
2667 967 2900 1014 aetatem.
2936 968 2986 1009 et
3037 974 3118 1010 me
3170 958 3434 1023 privatur,

1887 1049 1979 1119 qui
2030 1066 2177 1103 cram
2230 1050 2456 1103 baculus
2499 1052 2616 1117 ejus
2666 1048 2984 1101 senectutis.
3021 1048 3124 1099 Sed
3174 1048 3433 1115 quoniam

1889 1151 2106 1211 propter
2131 1142 2405 1195 Christum
2440 1158 2670 1209 propero
2701 1142 2763 1194 ad
2809 1150 3059 1199 mortem,
3092 1156 3152 1192 ea
3184 1141 3282 1207 ipsi
3320 1158 3425 1192 om-

1888 1236 2017 1288 nino
2046 1236 2153 1287 erit
2180 1251 2343 1297 curm,
2380 1235 2517 1303 patri
2560 1234 2931 1301 orphanorum
2960 1242 3012 1285 et
3046 1234 3213 1303 judici
3245 1234 3432 1286 vidua-

1892 1342 2007 1378 rum
2036 1327 2076 1377 ‘.

1956 1417 2020 1470 ν.
2064 1416 2198 1470 Cum
2250 1418 2327 1470 sic
2376 1417 2599 1469 dixisset
2640 1416 2932 1483 prmclarns
2987 1414 3075 1467 ille
3121 1413 3340 1475 llieron,
3381 1425 3446 1465 eL

1888 1521 2107 1577 prapter
2135 1508 2373 1577 parentis
2410 1506 2842 1560 recordationem
2875 1514 3016 1557 esset
3046 1506 3431 1574 illacrymatus,

1886 1599 2115 1651 confecit
2173 1599 2440 1665 reliquum
2497 1597 2727 1649 itineris.
2778 1596 2980 1647 Deinde
3027 1611 3147 1647 cum
3196 1597 3435 1649 venisset

1888 1692 2204 1749 Ilclitinem.
2256 1690 2552 1743 includitur
2602 1690 2653 1741 in
2703 1689 2947 1740 custodia
2994 1704 3117 1739 cum
3166 1688 3305 1748 aliis,
3341 1687 3431 1754 qui

1886 1790 2040 1835 erant
2074 1795 2303 1833 numero
2338 1780 2553 1847 triginta
2588 1788 2641 1830 et
2690 1792 2848 1829 unus.
2897 1776 3101 1840 Quibus
3144 1775 3277 1829 dixit
3308 1791 3433 1827 san-

1883 1884 2001 1925 ctus
2026 1890 2039 1925 :
2067 1871 2259 1923 Audite
2287 1885 2464 1922 meum
2497 1869 2802 1929 consilium,
2826 1868 2982 1921 amici
3012 1875 3065 1919 et
3092 1866 3303 1919 fratres.
3339 1865 3429 1919 Di-

1881 1979 2021 2024 cam,
2055 1978 2173 2029 qua:
2208 1971 2330 2013 sunt
2365 1961 2515 2011 vobis
2565 1959 2743 2011 futura
2796 1958 3181 2017 conducibilia.
3232 1971 3341 2008 non
3375 1955 3428 2008 in

1884 2053 2191 2120 pra-sentin,
2221 2052 2312 2105 sed
2345 2053 2394 2103 in
2423 2051 2682 2103 futurum.
2734 2049 2995 2113 Quocirca
3043 2065 3103 2100 ea
3138 2056 3261 2099 sunt
3318 2061 3429 2105 om-

1884 2146 2010 2196 n‘no
2041 2159 2182 2196 cura:
2217 2143 2393 2195 futura
2428 2142 2491 2194 iis
2523 2142 2611 2208 qui
2648 2142 2839 2193 timent
2874 2139 3174 2191 Dominum.
3208 2140 3430 2190 Annuu-

1884 2232 2070 2283 tiatum
2103 2241 2185 2285 est
2228 2230 2489 2293 edictum,
2529 2230 2670 2296 quod
2724 2244 2842 2281 cras
2883 2243 3081 2296 pra‘ses
3111 2227 3309 2294 impius
3342 2234 3425 2278 est

1883 2324 1949 2376 iis
1985 2323 2075 2389 qui
2109 2322 2183 2374 dii
2212 2337 2318 2375 non
2367 2330 2513 2383 sunt,
2547 2321 2828 2372 oblaturus
2864 2319 3211 2371 sacriﬁcium.
3244 2318 3299 2370 Si
3340 2332 3425 2370 me

1880 2430 2007 2483 ergo
2047 2413 2264 2471 auditis.
2296 2412 2655 2479 despiciamus
2687 2413 2787 2463 hoc
2836 2410 3095 2469 edictum,
3130 2416 3182 2460 et
3229 2423 3327 2461 nec
3357 2408 3431 2460 si-

1884 2502 2120 2556 mulacra
2147 2503 2373 2553 velimus
2416 2501 2661 2557 adorare.
2701 2514 2873 2567 neque
2923 2500 3002 2551 eis
3040 2499 3265 2550 omnino
3296 2495 3428 2549 olfe-

1883 2608 2063 2646 ramus
2091 2591 2434 2644 sacrificium.
2488 2590 2865 2642 Sacriliccmus
2896 2596 3076 2639 autem
3116 2588 3297 2653 potius
3342 2599 3425 2637 sa-

1883 2684 2149 2736 oriﬁcium
2182 2681 2358 2733 laudis
2403 2694 2529 2732 vero
2563 2680 2671 2731 Deo
2708 2692 2915 2740 nOSIro,
2964 2687 3019 2730 et
3048 2676 3098 2729 ei
3131 2676 3428 2729 oneramus

1882 2789 2070 2842 preces
2084 2783 2295 2826 nostras
2319 2790 2330 2822 :
2352 2778 2409 2823 ut
2428 2768 2711 2822 attendens
2735 2769 3097 2836 precationem
3124 2767 3426 2819 animarum

1884 2872 2213 2923 nostrarum,
2251 2860 2343 2913 det
2387 2868 2445 2911 ut
2479 2859 2601 2911 forti
2635 2868 2686 2910 et
2716 2857 2928 2911 excelso
2976 2857 3157 2908 animo
3190 2855 3425 2908 feramus

1886 2963 2175 3013 tormenta,
2204 2966 2323 3020 qure
2346 2958 2468 3002 sunt
2502 2950 2661 3001 nobis
2687 2948 2988 3009 inferenda,
3019 2960 3073 3000 et
3106 2948 3264 2999 linem
3301 2948 3429 3000 bea-

1885 3052 1995 3095 tum
2030 3054 2399 3107 assequamur.
2429 3036 2549 3089 llaec
2570 3050 2691 3087 cum
2720 3035 2943 3087 dixisset
2971 3044 3188 3087 sanctus
3216 3051 3229 3085 :
3256 3034 3430 3088 Verba

228 3128 385 3192 λόγοι
420 3144 535 3191 σου,
569 3122 719 3180 εἷπον
750 3129 799 3181 οί
831 3130 1230 3197 συμπαρέντες,
1253 3129 1325 3192 ὡς
1354 3134 1545 3200 κηρίον
1569 3133 1780 3201 μέλιτος
1804 3128 1851 3191 C
1888 3144 1897 3187 l

1761 3128 1851 3196 :C
1888 3144 1998 3193 tua,
2032 3131 2289 3185 dixerunt
2322 3127 2356 3179 ii
2395 3127 2487 3195 qui
2514 3126 2674 3179 simul
2707 3126 2955 3189 aderant,
2990 3134 3242 3193 tanquam
3277 3124 3430 3178 favus

228 3218 308 3285 τῷ
365 3220 621 3288 ἡμετέρῳ
672 3219 905 3287 λάρυγγι
962 3220 1373 3288 ἑνηδύνθησαν,
1432 3225 1779 3292 συμφέροντα

229 3311 343 3376 γὰρ
406 3310 540 3375 ημῖν
592 3308 807 3376 ἀληθῶς
855 3309 951 3360 καὶ
1018 3309 1261 3377 σωτήρια
1331 3312 1776 3377 συνεϐούλευσας.

241 3400 651 3469 Ἀνενεχθείσης
683 3401 736 3451 δὲ
768 3400 844 3468 τῷ
888 3400 1137 3467 τυράννῳ
1187 3401 1284 3468 τῆς
1328 3402 1433 3453 τῶν
1483 3404 1657 3469 ἁγίων
1697 3408 1783 3456 ὲν-

234 3492 498 3552 στάσεως,
531 3492 625 3541 καὶ
662 3490 744 3543 ὅτι
778 3488 868 3541 τοῦ
905 3490 1001 3557 μὶν
1040 3490 1306 3557 δόγματος
1355 3492 1445 3543 τοῦ
1499 3493 1773 3561 βασιλικοῦ

232 3580 632 3643 καταπτύουσι,
694 3580 790 3647 τῆς
839 3580 949 3632 τῶν
994 3581 1337 3647 Χριστιανῶν
1390 3582 1445 3634 δὲ
1503 3586 1597 3635 καὶ
1660 3585 1776 3638 λίαν

235 3671 468 3740 ἰσχυρῶς
496 3670 809 3738 ἀντέχονται
852 3670 1108 3731 πίστεως,
1135 3670 1489 3741 δυσθυμήσας
1520 3674 1612 3725 ἐπὶ
1658 3677 1778 3727 τού-

230 3777 345 3821 τοις
407 3754 831 3826 καῖ’ὀργισθεὶς,
884 3759 967 3823 ἐφ’
1020 3756 1223 3826 ὑψηλοῦ
1275 3775 1333 3809 τε
1384 3760 1474 3811 τοῦ
1539 3760 1780 3831 βήματοτ

232 3851 519 3912 καθεσθεὶς
567 3849 659 3903 καὶ
704 3851 831 3911 τοὺς
876 3849 1063 3915 ἁγίους
1109 3854 1631 3919 παραστησάμενος,
1679 3854 1777 3919 Τίς

234 3943 399 4010 ὑμᾶς,
434 3942 559 4009 [φη.
610 3939 879 4008 δαιμόνων
935 3943 1013 4001 είς
1055 3940 1283 4009 ἄπειρον
1330 3942 1513 4005 ἀνοίας
1559 3943 1775 4010 ἐλάσας,

232 4032 373 4100 πρὸς
403 4029 655 4082 τοσοῦτον
688 4030 885 4097 κράτος
908 4030 1183 4097 ἀνταίρειν
1220 4031 1425 4094 ἔπεισε,
1483 4034 1575 4083 καὶ
1628 4032 1778 4100 βασι-

235 4120 402 4173 λικῶν
480 4118 874 4187 θεσπισμάτων
945 4120 1308 4185 καταφρονεῖν
1374 4120 1774 4187 παρεσκεύασε,

233 4214 377 4275 θεοῖς
405 4229 462 4265 τε
495 4213 605 4272 τοῖς
637 4211 889 4279 μεγάλοις
937 4210 1011 4277 μὴ
1056 4211 1382 4277 προσκυνεῖν
1415 4226 1429 4273 ;
1478 4212 1779 4277 Φρενοὸλα-

233 4306 349 4366 δεῖς
376 4304 441 4356 ἄν
468 4305 806 4371 ὑπήρχομεν,
833 4304 881 4353 οἱ
916 4301 1190 4369 μάρτυρες
1226 4295 1401 4363 εἷπον,
1450 4303 1543 4353 καὶ
1596 4301 1781 4367 δαιμό-

1888 3225 2064 3280 mellis
2113 3222 2441 3275 exstiterunt
2487 3218 2665 3272 dulcia
2719 3227 2906 3271 nostro
2961 3217 3183 3285 gutturi.
3226 3215 3433 3269 Consu-

1884 3315 2033 3369 luisli
2065 3315 2209 3365 enim
2236 3311 2392 3364 nobis
2421 3325 2482 3363 ea
2506 3324 2625 3376 quae
2652 3317 2777 3359 sunt
2810 3322 2931 3359 vere
2966 3308 3116 3358 utilia
3150 3315 3313 3373 atque
3341 3321 3431 3357 sa-

1888 3405 2101 3457 lutaria.
2153 3402 2286 3455 Cum
2339 3401 2404 3453 ad
2460 3411 2749 3467 tyrannum
2800 3406 2979 3448 autem
3025 3395 3191 3446 relata
3240 3393 3433 3446 {uisset

1889 3503 2201 3549 sanctorum
2234 3489 2560 3551 constantia,
2589 3497 2644 3541 et
2687 3491 2829 3551 quod
2865 3485 3272 3549 imperatorium
3315 3482 3424 3549 qui-

1883 3588 2005 3641 dem
2051 3585 2285 3637 edictum
2336 3588 2673 3646 consputant,
2722 3577 3152 3630 Christianorum
3199 3589 3325 3626 vero
3375 3572 3433 3625 ﬁ-

1884 3675 2006 3729 dem
2040 3674 2388 3725 vehementer
2420 3669 2823 3733 amplectuntur
2846 3704 2859 3726 ,
2894 3666 3007 3718 hac
3054 3680 3193 3730 εδει-ρ
3232 3666 3427 3724 ferens,

1886 3775 1940 3818 ct
1965 3767 2041 3816 ira
2068 3772 2393 3816 commotus.
2420 3774 2541 3811 cum
2583 3758 2632 3808 in
2666 3758 2773 3809 alto
2806 3755 3036 3807 sedisset
3068 3754 3343 3815 tribunali,
3376 3762 3431 3806 et

1888 3864 2101 3908 sanctos
2122 3861 2363 3905 curasset
2394 3848 2660 3901 sistentos
2687 3864 2698 3897 :
2724 3847 2876 3909 Quis,
2903 3845 3097 3912 inquit,
3124 3844 3425 3895 daemonum

1890 3945 1941 3997 in
1984 3942 2248 3995 inﬁnitam
2293 3954 2387 3990 vos
2428 3947 2580 3989 actos
2623 3935 2934 3992 amentiam,
2971 3933 3202 3993 induxit,
3240 3940 3299 3982 ut
3335 3930 3430 3983 ad-

1888 4049 2078 4087 versus
2110 4040 2310 4083 tantam
2346 4026 2699 4093 insurgeretis
2727 4024 3046 4090 potentiam,
3078 4031 3133 4075 et
3162 4022 3340 4075 etlecit
3372 4029 3431 4073 ut

1888 4121 2233 4191 imperatoria
2271 4118 2483 4170 decreta
2533 4114 2902 4182 despiceretis,
2953 4122 3006 4165 et
3051 4127 3268 4181 magnos
3299 4111 3431 4163 deos

1887 4231 1995 4269 non
2028 4210 2368 4265 adoraretis?
2402 4209 2606 4261 Emota:
2648 4207 2848 4258 mentis
2879 4218 3143 4262 essemus,
3175 4202 3431 4253 dixerunt

1892 4314 2172 4373 martyres,
2207 4310 2261 4353 et
2294 4300 2592 4351 daemonum
2641 4294 2960 4357 ludibrium,
2992 4293 3035 4344 si
3084 4292 3177 4343 Dei
3224 4290 3429 4342 cultum

232 4414 341 4446 νων
406 4393 619 4463 ἀληθῶς
672 4393 1113 4460 παίγνιον,·εῐγε
1170 4392 1231 4443 τδ
1283 4392 1375 4443 τοῦ
1420 4392 1554 4442 Θεοῦ
1615 4393 1901 4467 σέϐαςΒι

1757 4410 1779 4453 ς
1806 4409 1859 4467 D
1888 4396 2249 4447 tribueremus
2301 4388 2458 4457 lignis
2490 4397 2543 4439 et
2593 4385 2884 4453 lapidibus,
2922 4397 3041 4449 qum
3085 4388 3213 4433 sunt
3261 4393 3426 4447 opera

232 4472 416 4545 ξύλοις
449 4484 540 4534 καὶ
565 4482 755 4545 λίθοις,
786 4481 967 4549 ἔργοις
1000 4480 1180 4548 χειρὸς
1213 4480 1562 4548 ἀνθρωπίνης
1591 4482 1780 4549 ἐνέμο-

234 4591 357 4644 μεν.
390 4574 523 4625 Νυνὶ
553 4572 629 4635 δὲ,
664 4571 896 4640 σώφρονι
922 4572 1189 4640 χρώμενοι
1230 4570 1498 4638 λογισμῷ,
1550 4570 1627 4639 τῷ
1668 4573 1776 4623 τῶν

229 4665 373 4716 ὶρλων
406 4661 815 4731 προσκυνοῦμεν
842 4661 981 4730 Θεῷ,
1026 4659 1083 4721 ὃς
1118 4660 1211 4711 τὸν
1254 4659 1481 4729 οὐρανὸν
1535 4660 1626 4710 καὶ
1682 4661 1777 4727 τὴν

230 4758 339 4823 γῆν
370 4754 447 4821 τῷ
476 4753 618 4819 λόγῳ
654 4750 817 4803 αὑτοῦ
850 4750 1043 4819 καὶτῷ
1074 4749 1341 4818 πνεύματι
1377 4748 1470 4801 τοῦ
1510 4750 1774 4819 στόματος

231 4841 403 4897 αὐτοῦ
441 4842 513 4911 μὴ
542 4842 664 4893 ὅντα
696 4842 1035 4909 παρήγαγεν.

308 4930 401 4997 (Γ.
454 4930 605 4983 Ἐπεὶ
648 4932 702 4981 δέ
732 4946 813 4991 τις
868 4929 974 4981 τῶν
1024 4927 1389 4998 παρεστώτων
1432 4928 1507 4996 τῷ
1558 4929 1775 4997 ἄρχοντι

229 5022 323 5076 τὸν
363 5020 580 5090 Ἱέρωνα
603 5020 903 5084 ὑποδείξας,
922 5013 1087 5080 Οὗτός
1106 5021 1269 5083 ἐστιν,
1304 5018 1428 5086 ἔφη,
1454 5020 1481 5069 6
1504 5021 1613 5079 τοῖς
1636 5020 1780 5086 παρὰ

234 5114 331 5167 σοῦ
372 5114 639 5165 σταλεῖσιν
668 5112 1089 5175 ἀντικαταστὰς,
1117 5112 1211 5162 καὶ
1240 5111 1441 5176 δράσας
1469 5111 1612 5179 ἀπερ
1644 5112 1780 5179 ἀκή-

233 5219 389 5265 κοας,
420 5203 448 5253 6
477 5201 621 5264 δουε,
650 5201 1003 5268 επιστραφεὶς
1040 5202 1175 5268 πρὸς
1213 5200 1396 5262 αὑτὸν,
1426 5199 1592 5252 Πόθεν
1615 5198 1663 5251 εἴ
1686 5200 1779 5263 ad;

234 5296 364 5361 im.
431 5292 517 5352 Ὠς
569 5290 624 5344 δὲ
676 5291 774 5358 τῆς
797 5291 1051 5359 δευτέρας
1082 5289 1465 5343 Καππαδοκῶν
1516 5290 1781 5359 ἐπαρχίας

233 5383 509 5453 ὁρμᾶσθαι
540 5383 725 5450 εφησε,
758 5383 857 5449 τὴν
920 5382 1150 5451 πατρίδα
1186 5398 1243 5431 τε
1278 5381 1492 5449 εῖρηκε,
1540 5380 1782 5440 Τυανεὺς

235 5474 415 5527 εἰπὼν
442 5469 599 5529 εἶναι.
633 5475 660 5524 6
695 5474 819 5536 δουξ
846 5474 1024 5534 πάλιν,
1062 5474 1129 5524 Σι
1160 5468 1211 5525 εῖ
1232 5475 1259 5524 6
1310 5474 1421 5533 τοῖς
1462 5471 1779 5540 βασιλικοῖς,

236 5566 366 5633 ιςη,
403 5564 823 5632 προστάγμασιν
846 5563 1159 5631 ἀντιλέγων,
1203 5562 1297 5614 καὶ
1336 5562 1413 5630 τῷ
1449 5564 1512 5629 τῇ
1559 5561 1781 5629 δυνάμει

350 5737 370 5769 ⁸
403 5737 543 5791 I‘sal.
582 5752 748 5804 vau,
800 5736 852 5789 6.

1890 4499 2081 4539 manus
2110 4484 2375 4535 humanae.
2423 4478 2577 4532 Nunc
2610 4485 2786 4529 autem
2824 4472 3051 4541 sapienti
3088 4478 3299 4523 utentes
3342 4484 3416 4522 ra~

1889 4573 2259 4633 tiocinatione,
2315 4569 2603 4621 adoramus
2653 4566 2819 4618 Deum
2883 4564 3282 4620 universorum.
3335 4560 3427 4629 qui

1883 4666 2078 4720 ccrlum
2111 4672 2164 4716 et
2190 4671 2386 4714 terram
2420 4658 2585 4711 verbo
2614 4671 2713 4710 suo
2742 4663 2795 4707 et
2828 4656 3021 4724 spiritu
3056 4653 3167 4707 oris
3196 4654 3277 4706 sui
3303 4666 3426 4720 pro-

1882 4756 2034 4811 duxit
2070 4769 2135 4807 ex
2167 4752 2357 4807 nihilo.

1952 4927 2040 4982 VI.
2080 4925 2213 4979 Cum
2264 4932 2444 4975 autem
2495 4919 2713 4988 quidam
2746 4919 2910 4972 exiis
2955 4918 3046 4986 qui
3099 4918 3427 4971 assistel-ant

1887 5019 2120 5088 prasidi,
2160 5015 2450 5069 ostendens
2496 5012 2807 5074 Hieronem,
2881 5011 2977 5063 llic
3024 5018 3127 5071 est,
3178 5010 3423 5065 dixisset.

1884 5111 1974 5178 qui
2006 5108 2207 5161 restitit
2236 5106 2301 5159 iis
2326 5104 2470 5173 quia
2504 5113 2553 5156 te
2589 5102 2735 5155 missi
2768 5111 2919 5161 sunt,
2966 5111 3019 5154 et
3052 5100 3179 5153 fecit
3217 5092 3425 5167 eaquae

1886 5200 2178 5252 audivisti:
2210 5197 2312 5250 dux
2344 5197 2410 5249 ad
2460 5195 2635 5263 ipsum
2689 5208 3003 5254 conversus,
3040 5191 3185 5244 Unde
3235 5199 3289 5243 tu
3325 5191 3428 5244 es?

1887 5290 2083 5357 inquit.
2123 5287 2257 5341 Cum
2286 5294 2465 5339 autem
2496 5284 2539 5336 is
2581 5283 2823 5343 dixisset,
2873 5298 2929 5335 se
2980 5298 3098 5335 esse
3139 5293 3313 5333 ortum
3360 5297 3422 5335 ex

1886 5378 2125 5434 secunda
2173 5376 2551 5444 Cappadocum
2604 5375 2902 5442 provincia,
2950 5384 3003 5425 et
3047 5374 3133 5425 dix
3161 5384 3268 5425 sset
3331 5388 3425 5439 pa-

1888 5470 2068 5532 triam,
2117 5468 2305 5521 dicens
2352 5480 2410 5519 se
2444 5478 2565 5519 esse
2601 5465 2897 5532 Tyaneum,
2946 5464 3053 5516 dux
3088 5478 3309 5515 rursus:
3345 5460 3424 5514 Tu

1887 5577 1964 5626 es,
2000 5559 2194 5630 inquit,
2245 5558 2333 5628 qui
2381 5557 2545 5626 jussis
2605 5569 2871 5624 repugnas
2928 5554 3324 5623 imperatoriis,
3372 5562 3426 5606 et
