4226 6418
227 379 331 445 117

1039 391 1503 453 MARTYRIUM
1544 393 1603 455 S.
1644 391 2019 455 BIERONIS
2054 396 2149 456 ET
2191 394 2601 458 SOCIORUM.

3324 400 3431 464 118

224 495 540 587 σπανιόντες
566 495 852 578 εἰςπέρας
880 499 1049 570 αὐτὴν
1077 503 1346 573 ἀγάγητι.
1369 536 1376 545 -
1396 504 1664 574 Βούλομαι
1711 507 1777 574 τῇ
1807 508 1850 567 Α
1878 524 1893 564 t

1754 507 1777 574 ᾗ
1807 508 1850 567 Α
1878 511 2051 564 sorori
2084 510 2303 576 quidem
2332 525 2465 566 meas
2491 510 2811 566 Theotimia
2846 512 2963 567 dari
3004 516 3423 587 possessionem,

229 586 333 653 μὲν
367 584 569 656 ἀδελφῇ
606 589 672 657 τῇ
706 588 811 659 ἐμῇ
840 588 1119 663 Θιοτιμίᾳ,
1157 594 1220 646 τὺ
1256 595 1444 665 κτῆμά
1474 614 1574 664 μου
1618 596 1678 649 τὸ
1724 598 1780 649 ὲν

226 677 474 740 Πεισιδία
501 678 740 745 δοθῆναι,
769 680 851 745 ἶν’,
883 683 1090 737 ἐκεῖθεν
1132 686 1462 757 ποριζομένη
1497 687 1595 750 τάς
1644 688 1780 758 πρὸς

225 767 285 818 τὸ
310 767 410 835 ζῇν
441 769 716 838 ἀφορμὰς,
748 773 848 840 τὴν
875 773 973 841 τῆς
1000 776 1304 843 μαρτυρίας
1336 776 1474 846 αὐτὴ
1517 778 1617 847 τῆς
1644 777 1783 848 ἐμῆς

228 855 457 925 μνήμην
504 859 751 929 ἀπιτελῇ,
808 861 873 915 τά
919 862 976 914 δὲ
1016 864 1151 917 ἀλλα
1201 867 1380 919 πάντα
1414 867 1513 918 ὅσα
1570 867 1781 936 μοικαὶ

227 946 529 1014 περίεστιν,
569 951 767 1019 ἀφίημι
812 954 877 1021 τῇ
938 953 1103 1022 μητρὶ
1135 955 1203 1007 δι’
1234 956 1364 1009 αὐτό
1388 972 1446 1008 τε
1473 959 1534 1010 τὸ
1572 959 1636 1009 ἐκ
1681 974 1781 1026 χη-

228 1039 383 1105 ρείας
405 1039 744 1110 ἀτημέλητόν
776 1060 835 1095 τε
877 1044 973 1097 καὶ
999 1045 1327 1115 ἀϐοήθητον,
1374 1046 1511 1115 πρὸς
1556 1047 1634 1111 δὲ,
1685 1052 1782 1102 καὶ

224 1130 286 1181 τὸ
313 1129 513 1199 γῆρας,
549 1134 644 1185 καὶ
670 1137 769 1203 τὴν
804 1136 912 1189 τῶν
942 1136 1234 1205 ὀρθαλμῶν
1262 1140 1533 1207 πήρωσιν.
1584 1140 1696 1209 Τὴν
1728 1141 1782 1192 δὲ

223 1224 389 1291 χεῖρά
412 1240 514 1289 μου
538 1225 637 1294 τὴν
655 1227 1065 1297 ἀποτμηθεῖσαν
1090 1230 1379 1291 ἀποδόντες
1406 1231 1567 1298 αὐτῇ,
1593 1232 1781 1282 εῖπατε

227 1314 529 1383 γράμμασι
581 1317 670 1369 τὸν
723 1321 1309 1388 μεγαλοπρεπέστατον
1356 1321 1583 1386 ἀξιῶσαι
1637 1321 1786 1372 Ῥου-

224 1406 456 1469 στῗκιον,
491 1406 550 1468 δς
581 1407 679 1475 τὴν
706 1410 804 1476 τῆς
841 1410 1111 1476 Ἀγκύρας
1138 1410 1339 1462 διέπων
1359 1410 1780 1473 ἰστῖπολιτείαν,

226 1496 373 1547 ὥστε
405 1499 497 1548 τὸν
530 1498 588 1549 ὲν
630 1499 915 1567 Καδεσανῇ
975 1503 1279 1568 παρασχεῖν
1324 1496 1492 1563 οἷκον,
1544 1500 1636 1553 τοῦ
1688 1502 1784 1571 τὴν

222 1585 387 1651 χεῖρά
449 1602 549 1652 μου
582 1588 783 1656 ταύτην
821 1590 997 1639 ὲκεῖσε
1027 1589 1410 1657 κατατεθῆναι.
1430 1588 1586 1641 Οὕτω
1618 1590 1784 1642 ταῦτα

220 1674 321 1726 106
357 1676 511 1741 ἀγίου
543 1677 886 1746 διαθεμένου,
927 1679 1217 1747 τέσσαρσιν
1250 1677 1476 1749 ὕστερον
1499 1680 1734 1750 ἡμέραις
1758 1683 1785 1732 ὀ

225 1765 453 1832 ἡγεμὼν
506 1766 599 1819 τοῦ
666 1766 909 1837 βήματος
982 1769 1323 1837 προκαθίσας
1400 1772 1783 1839 μετακαλεῖται

1880 615 2039 670 quam
2080 601 2250 655 habeo
2288 604 2343 655 in
2390 602 2628 666 Pisidia,
2674 611 2733 657 ut
2777 619 2842 658 ex
2874 619 2936 658 ea
2988 605 3088 659 sibi
3136 620 3333 674 parans
3365 623 3423 661 ea

1880 708 2000 761 quae
2030 700 2157 746 sunt
2191 691 2256 745 ad
2292 694 2489 746 victum
2526 693 2853 757 necessaria,
2894 694 3007 761 ipsa
3048 694 3151 748 mei
3183 696 3425 764 martyrii

1883 792 2107 852 peragat
2152 784 2490 837 memoriam.
2522 782 2637 836 Alia
2680 794 2859 837 autem
2895 790 3097 847 omnia,
3143 801 3260 853 quae
3292 786 3427 839 mihi

1883 882 2198 938 supersunt,
2221 873 2434 925 dimitto
2464 873 2621 925 matri
2650 884 2872 941 proliter
2896 875 3062 943 ipsam
3090 874 3424 938 viduitatem;

1882 977 2001 1029 quae
2044 977 2175 1016 cura
2209 972 2329 1031 eget
2361 972 2416 1016 et
2446 964 2668 1026 auxilio,
2702 975 2757 1017 et
2784 976 3044 1032 praetcrea
3080 966 3146 1023 ad
3177 977 3430 1020 senectu-

1883 1063 1989 1107 tem
2016 1065 2067 1107 et
2085 1057 2400 1108 cazcitatem.
2422 1055 2629 1108 Manum
2650 1064 2828 1109 autem
2855 1072 3026 1110 meam
3054 1059 3341 1113 abscissam
3376 1060 3426 1114 ci

1884 1148 2175 1208 tradentes,
2213 1149 2395 1209 dicite,
2428 1158 2483 1200 ut
2514 1151 2713 1203 scribat
2738 1151 2803 1203 ad
2838 1151 3427 1219 magniﬁcentissimum

1885 1238 2211 1301 Rusticium,
2240 1240 2333 1307 qui
2366 1240 2590 1308 Ancyra:
2614 1239 2959 1293 administrat
2986 1257 3098 1294 rem
3137 1241 3427 1309 publicam,

1884 1329 2193 1395 utprrebcat
2219 1330 2433 1381 domum
2464 1331 2515 1383 in
2545 1330 2840 1395 Badesana,
2877 1343 2932 1384 ut
2961 1347 3148 1384 manus
3181 1348 3295 1385 mea
3324 1332 3431 1386 illic

1885 1415 2214 1483 deponatur.
2242 1419 2376 1472 Cum
2411 1430 2630 1473 sanctus
2664 1422 2743 1473 sic
2792 1422 2981 1473 luisset
3017 1431 3261 1483 testatus,
3296 1419 3431 1489 qua;

1888 1518 2013 1562 tuor
2044 1517 2162 1577 post
2191 1510 2382 1563 diebus
2418 1526 2615 1577 przeses
2664 1513 2856 1565 sedens
2902 1528 2999 1579 pro
3028 1513 3308 1575 tribunali,
3337 1530 3427 1567 ac—

1886 1596 2052 1648 cersit
2078 1611 2199 1648 eum
2226 1612 2345 1649 eum
2377 1598 2498 1651 aliis
2528 1600 2746 1651 sanctis.
2781 1601 3067 1667 Postquam
3092 1612 3271 1655 autem
3299 1604 3437 1656 mul-

1891 1685 1958 1737 tis
1992 1686 2255 1738 machinis
2285 1703 2473 1739 eorum
2516 1688 2891 1741 fortitudinem
2940 1699 3165 1744 conatus
3195 1700 3439 1755 proster~

1891 1788 2041 1835 nere,
2072 1777 2263 1842 partim
2300 1776 2519 1844 quidem
2549 1778 2846 1841 blanditiis,
2878 1782 3072 1846 partim
3105 1796 3233 1833 vero
3276 1781 3439 1836 minis

222 1852 418 1909 τοῦτον
467 1859 564 1909 σὺν
619 1836 730 1921 τοῖς
780 1861 961 1922 ἄλλοις
1012 1836 1206 1928 ἀγίοις.
1280 1836 1431 1914 Ἐπεὶ
1478 1862 1533 1915 δὲ
1564 1864 1781 1926 πολλαῖς
1821 1836 1891 1909 Β‹

1745 1866 1781 1926 ῖς
1821 1836 1860 1891 Β
1887 1880 1982 1918 eos
2010 1875 2297 1928 tentasset,
2329 1880 2604 1937 postremo
2638 1881 2815 1923 autem
2853 1872 3015 1939 virgis
3046 1886 3261 1939 quoque
3288 1871 3414 1927 forti

229 1950 503 2015 μηχαναῖς
531 1949 628 2018 τὴν
657 1950 839 2005 αὐτῶν
870 1952 1195 2005 καταϐαλεῖν
1223 1953 1557 2022 στερρότητα
1591 1970 1784 2022 πειρα-

228 2037 489 2105 σὰμενος,
526 2041 621 2092 καὶ
652 2041 807 2094 τοῦτο
834 2042 932 2110 μὲν
959 2044 1241 2107 θωπείαις,
1267 2044 1425 2095 τοῦτο
1448 2044 1503 2096 δὲ
1534 2044 1783 2106 ἀπειλαῖς

1892 1964 1974 2009 ter
2011 1959 2336 2024 cecidisset,
2372 1969 2427 2013 et
2473 1976 2565 2013 eos
2611 1961 2830 2014 vidisset
2867 1962 3084 2029 penitus
3136 1960 3441 2016 immobiles

1892 2046 2026 2100 nulli
2056 2051 2129 2102 rei
2173 2050 2387 2110 cedere,
2414 2051 2571 2120 jubet
2598 2052 2676 2104 eis
2708 2053 2973 2119 amputari
3007 2054 3205 2121 capita.

228 2128 659 2192 διακωδωνίσας,
686 2130 994 2186 τελευταῖον
1018 2134 1074 2185 δὲ
1107 2136 1198 2186 καὶ
1233 2134 1468 2202 ἰσχυρῶς
1502 2137 1779 2205 ῥαϐδίσας,
1818 2137 2054 2201 ἀκλινεῖς
2126 2138 2268 2209 ἑώρα
2322 2144 2413 2195 καὶ
2496 2143 2803 2206 dive/56106;
2853 2148 2987 2216 πρὸς
3038 2148 3274 2211 ἃπαντα,
3330 2146 3429 2216 τὰς

228 2216 470 2286 κεφαλὰς
500 2221 877 2290 ἀποτμηθῆναι
912 2224 1148 2278 κελεύει.

301 2310 385 2362 H'.
432 2310 518 2371 Ὠς
547 2311 603 2362 δὲ
630 2313 724 2380 τῆς
754 2314 961 2376 πόλεως
989 2316 1036 2367 οἰ
1066 2316 1211 2382 ἀγιοι
1240 2316 1518 2385 ὲξήγοντο,
1560 2321 1789 2387 ἔψαλλον

227 2404 373 2454 κατά
424 2404 523 2470 τὴν
554 2403 670 2454 ὁδόν
710 2418 723 2433 ⁸
781 2405 1065 2473 Μακάριοι
1115 2410 1169 2459 οἱ
1218 2408 1439 2477 ἄμωμοι
1471 2407 1703 2472 ἐνδιδῷ,
1737 2412 1791 2461 οί

226 2494 614 2560 πορευόμενοι
649 2496 716 2547 ἐν
742 2496 900 2563 νόμῳ
940 2498 1184 2564 Κυρίου.
1212 2494 1345 2550 Εἶτα
1369 2500 1459 2551 τὸν
1488 2496 1791 2567 ὡρισμένον

230 2586 398 2636 τόπον
453 2585 874 2650 καταλαϐόντες,
926 2589 1017 2640 ἐπὶ
1054 2589 1183 2656 γόνυ
1233 2606 1290 2641 τε
1336 2590 1626 2650 κλιθέντες,
1660 2590 1788 2655 καὶ,

227 2674 408 2738 Δέξαι,
448 2678 664 2745 Χριστδ,
693 2679 792 2739 τὰς
816 2676 989 2747 ψυχὰς
1019 2680 1176 2747 ἡμῶν
1223 2680 1487 2749 εὐμενῶς,
1526 2682 1786 2743 εἰπόντες,

231 2766 331 2825 τὰς
378 2765 655 2835 μακαρίας
708 2760 1107 2836 ἁπετμῆθησαν
1160 2772 1421 2837 κεφαλάς.
1484 2772 1693 2834 Νυκτὸς
1732 2772 1788 2823 δὲ

234 2858 556 2925 Χριστιανοὶ
584 2858 649 2910 τὰ
678 2858 903 2927 σώματα
931 2859 1111 2911 αὐτῶν
1138 2861 1469 2929 ἀνελόμενοι,
1501 2861 1789 2914 θάπτουσιν

234 2946 498 3015 ἑντίμως.
549 2948 834 3009 Ἀντώνιος
862 2950 917 3001 δὲ
952 2951 1044 3002 καὶ
1079 2952 1473 3019 Ματρωνιανδς
1520 2951 1596 3019 τῷ
1640 2952 1791 3003 δουκὶ

236 3038 652 3105 προσελθόντες,
707 3039 926 3105 χρυσίον
977 3041 1213 3091 ἐδίδοσαν
1270 3041 1471 3105 ίκανὺν,
1513 3041 1649 3093 ὥστε
1692 3043 1789 3110 τὴν

1966 2320 2095 2375 Vill.
2139 2321 2273 2376 Cum
2304 2334 2483 2375 autem
2517 2321 2881 2374 educerentur
2911 2321 3082 2374 sancti
3114 2331 3268 2373 extra
3300 2320 3437 2373 civi-

1894 2425 2081 2477 tatem,
2112 2414 2409 2482 psallebant
2433 2415 2483 2466 in
2516 2413 2596 2465 via
2626 2429 2638 2465 :
2674 2413 2824 2465 Beati
2864 2413 3192 2465 immaculati
3235 2411 3287 2464 in
3324 2415 3437 2475 via,

1892 2508 1979 2574 qui
2004 2505 2269 2556 ambulant
2298 2506 2350 2557 in
2392 2503 2498 2571 lege
2554 2504 2827 2555 Domini‘.
2870 2522 2887 2553 ι
2923 2503 3128 2555 Deinde
3184 2516 3306 2554 cum
3345 2517 3438 2555 ve—

1893 2597 2099 2651 nissent
2129 2597 2195 2650 ad
2230 2598 2403 2651 locum
2443 2595 2747 2655 deﬁnitum.
2784 2606 2836 2649 et
2864 2610 3036 2663 genua
3064 2595 3439 2657 inclinassent,

1891 2696 1966 2749 et,
2026 2688 2260 2757 Benigne
2312 2688 2545 2756 suscipe,
2576 2702 2607 2737 0
2655 2686 2887 2750 Christe,
2942 2688 3148 2739 animas
3202 2695 3437 2746 nostras,

1893 2778 2176 2840 dixissent,
2229 2779 2310 2832 eis
2352 2788 2625 2846 amputata
2678 2786 2805 2831 sunt
2871 2777 3027 2831 beata
3080 2778 3270 2846 capita.
3304 2775 3439 2829 Cum

1890 2870 2184 2925 Christiani
2207 2882 2383 2925 autem
2413 2879 2575 2923 noctu
2602 2884 2790 2922 eorum
2820 2883 3043 2933 corpora
3069 2868 3438 2935 sustulissent,

1891 2962 2158 3028 sepeliant
2188 2961 2502 3014 honoriﬁce.
2534 2961 2804 3012 Antonius
2848 2974 2975 3011 vero
2997 2968 3051 3011 et
3074 2959 3442 3011 Matronianos

1892 3053 1958 3105 ad
2003 3052 2286 3121 praesidem
2335 3052 2676 3106 accedentes.
2707 3052 2821 3103 auri
2852 3051 3183 3117 permultum
3215 3049 3438 3109 dabant,

233 3126 330 3180 106
363 3128 519 3196 ἀγίου
569 3128 813 3196 Ἱέρωνος
856 3128 1037 3181 λαϐεῖν
1081 3132 1345 3199 κεφαλήν.
1396 3131 1453 3183 Ὀ
1497 3132 1575 3192 δὲ,
1618 3132 1675 3182 Εἰ
1715 3135 1786 3199 μή
1817 3111 1856 3165 C
1893 3161 1902 3196 ι

1768 3135 1786 3199 ἦ
1817 3111 1856 3165 C
1893 3152 1953 3197 ut
1983 3111 2308 3210 acciperent
2346 3150 2511 3208 caput
2550 3142 2721 3193 sancti
2760 3138 3031 3192 Hieronis.
3073 3138 3166 3191 ltle
3203 3146 3384 3190 autem
3424 3153 3437 3188 τ

236 3236 324 3271 τοι
360 3222 709 3291 ἀντίρροπον,
750 3220 873 3289 ἔφη,
911 3222 1002 3273 καὶ
1025 3224 1091 3288 τῇ
1124 3220 1329 3289 κεφαλῇ
1360 3222 1663 3273 ἰσοστάσιον
1686 3237 1790 3271 παο

237 3312 485 3379 ράσηλητε
538 3312 598 3360 τὸ
635 3312 881 3379 χρυσίον,
920 3310 980 3362 οὗ
1037 3310 1272 3379 λήψεσθε
1323 3310 1548 3379 ταύτην,
1594 3310 1793 3363 πολλοῦ

233 3400 547 3468 τιμώμενος
604 3402 631 3451 ό
686 3401 1061 3461 κατάπτυστος
1106 3402 1206 3452 οὑκ
1255 3399 1471 3453 εὐσεϐεῖ
1522 3400 1787 3468 λογισμῷ,

233 3493 332 3556 τὴν
393 3491 486 3543 τοῦ
552 3492 747 3552 παντὸς
802 3490 959 3553 ἀξίαν
1004 3490 1218 3559 ἀληθῶς
1301 3489 1562 3558 κεφαλήν.
1615 3492 1675 3542 Ol
1709 3490 1785 3555 δὲ,

234 3581 497 3634 τοσούτου
534 3580 797 3649 πρίασθαι
821 3580 895 3650 μὴ
921 3581 1230 3648 δυνάμενοι,
1273 3581 1330 3632 ιν
1357 3581 1577 3649 ἀπόροις
1626 3575 1789 3649 ἦσαν.

245 3672 409 3725 Ἀλλά
438 3674 597 3725 τοῦτο
630 3668 749 3741 μὲν,
777 3673 918 3724 κατά
945 3673 1003 3723 τὸ
1028 3670 1383 3741 ἀνθρώπινον·
1416 3670 1547 3732 Θεὸς
1575 3671 1630 3723 δὲ
1660 3673 1791 3723 κάν.

237 3762 413 3815 ταῦθα
445 3764 632 3815 δίδωσι
668 3762 859 3830 πόρον.
903 3761 1273 3831 Συγκλητικὸς
1321 3761 1427 3829 γάρ
1471 3778 1554 3822 τις
1604 3762 1791 3821 πιστὸς

232 3853 331 3904 καὶ
358 3852 711 3921 φιλόμιρτυς,
747 3846 790 3917 ᾧ
816 3850 1129 3921 Χρυσάφιος
1163 3850 1422 3919 τοῦνομα,
1459 3852 1656 3922 χρυσὸν
1698 3854 1789 3904 ἁν-

232 3946 499 4011 τιστήσας
529 3944 591 4011 τῇ
638 3942 847 4011 κεφαλῇ
884 3980 898 4003 ,
950 3942 1218 4007 λαμϐάνει
1255 3946 1458 4010 ταύτην
1503 3944 1652 4010 παρά
1697 3943 1791 3996 τοῦ

247 4038 533 4103 ἄρχοντος,
563 4034 688 4085 ναόν
718 4051 775 4085 τε
806 4033 1166 4101 οἰκοδομήσας
1194 4034 1518 4102 περικαλλῆ,
1562 4033 1690 4086 ἔνθα
1741 4038 1789 4086 οἰ

242 4129 391 4189 ἅγιοι
422 4127 479 4177 τὸ
512 4126 608 4193 τῆς
645 4124 790 4192 ζωῆς
821 4124 1071 4187 ἐδέξαντο
1138 4123 1334 4191 πέρας,
1382 4125 1561 4174 ἐκεῖσε
1588 4122 1793 4193 ταύτην

233 4220 339 4287 τὴν
391 4218 543 4284 ἰεράν
603 4215 842 4283 κεφαλὴν
928 4214 1316 4282 ἱντίμωςδκαὶ
1360 4214 1793 4282 μεγαλοπρεπῶς

236 4308 620 4374 κατατίθησιν.

1890 3234 2002 3289 Nisi
2056 3232 2207 3295 mihi,
2268 3232 2461 3299 inquit,
2517 3237 2723 3283 tantum
2776 3231 2893 3283 auri
2942 3229 3225 3289 dederitis,
3277 3236 3334 3279 ut
3369 3242 3432 3280 ex

1891 3322 2194 3391 aaquilibrio
2214 3321 2378 3388 capiti
2414 3319 2758 3387 reSpondeat,
2786 3319 2836 3371 id
2862 3335 2955 3373 vos
2986 3333 3090 3370 non
3117 3316 3394 3383 accipietis
3420 3331 3436 3367 :

1894 3412 2069 3480 magni
2118 3410 2391 3465 mstimans
2418 3410 2502 3461 vir
2546 3408 2907 3461 exsecrandus
2945 3446 2959 3469 ,
3000 3405 3093 3459 sed
3130 3420 3237 3456 non
3292 3410 3435 3456 recta

1893 3504 2126 3561 ratione.
2158 3508 2319 3568 caput
2370 3499 2620 3567 martyris
2668 3512 2853 3551 revera
2900 3495 3056 3563 longe
3108 3492 3437 3561 pretiosissi-

1894 3607 2063 3645 mum.
2120 3591 2199 3644 Illi
2232 3601 2411 3645 autem
2446 3604 2568 3643 cum
2606 3587 2655 3640 id
2691 3588 2822 3640 tanti
2856 3596 3211 3653 nonpossent
3234 3598 3435 3644 emere,

1890 3693 2044 3739 erant
2074 3684 2255 3735 animo
2286 3681 2547 3749 perplexi.
2596 3678 2701 3732 Sed
2747 3677 2847 3729 hoc
2875 3675 3113 3744 quidem,
3150 3682 3207 3724 ut
3258 3672 3437 3724 homi-

1890 3790 2021 3837 nes;
2054 3775 2194 3827 Deus
2224 3782 2404 3827 autem
2455 3770 2543 3825 hic
2583 3783 2799 3837 quoque
2826 3767 3034 3819 invenit
3081 3765 3309 3817 exitum.
3346 3762 3436 3816 Vir

1892 3866 2036 3921 enim
2068 3865 2281 3934 quidam
2334 3861 2659 3921 senatorius,
2714 3860 2886 3911 fidelis
2919 3868 2973 3911 et
3008 3871 3197 3909 amans
3235 3861 3435 3922 marty-

1896 3972 2033 4017 rum,
2067 3956 2152 4008 cui
2183 3970 2376 4007 nomen
2412 3963 2527 4005 erat
2551 3948 2938 4019 Chrysaphius,
2971 3962 3089 4000 cum
3121 3958 3310 3997 aurum
3344 3958 3441 4011 pro

1894 4046 2066 4113 capite
2095 4044 2459 4113 expendisset,
2520 4042 2573 4094 id
2607 4041 2805 4107 accipit
2857 4054 2883 4090 a
2940 4037 3197 4104 praeside;
3233 4044 3437 4087 etcum

1895 4134 2151 4203 templum
2207 4134 2562 4185 cxstruxissct
2619 4127 3067 4197 pulcherrimum,
3127 4124 3216 4177 ubi
3269 4123 3438 4175 sancti

1896 4221 2055 4275 ﬁnem
2083 4222 2203 4274 vita:
2234 4230 2572 4288 acceperant,
2607 4220 2717 4271 illic
2748 4219 2851 4272 hoc
2901 4229 3117 4270 sacrant
3150 4221 3311 4282 caput
3341 4213 3439 4264 ho-

1895 4309 2117 4363 noriﬁce
2142 4308 2365 4377 deponit
2389 4318 2443 4361 et
2475 4304 2795 4375 magniﬁce-

309 4400 386 4451 8'.
436 4399 493 4450 Ὀ
525 4399 708 4466 μέντοι
732 4390 1134 4466 φιλοχρήματος
1165 4398 1407 4466 ἡγεμὼν,
1442 4397 1533 4450 ἆτε
1568 4397 1790 4466 κέρδους
1821 4421 1867 4479 ο
1964 4401 1978 4452 l

1770 4418 1790 4459 ς
1821 4421 1867 4479 ο
1964 4399 2057 4454 IX.
2095 4400 2303 4452 Avarus
2327 4408 2506 4450 autem
2544 4410 2760 4462 praeses,
2794 4403 2853 4447 ut
2892 4395 2982 4461 qui
3018 4402 3239 4461 propter
3267 4390 3439 4443 sancti

233 4489 499 4542 τοσούτου
530 4488 618 4541 διά
671 4489 766 4555 τῆς
809 4488 900 4540 106
949 4488 1103 4553 ἁγίου
1152 4486 1328 4557 τυχὼν
1379 4487 1637 4557 κεφαλῆς,
1688 4489 1786 4559 τὴν

234 4583 398 4653 χεῖρα
434 4581 636 4649 ιςήτει,
669 4580 763 4631 καὶ
802 4579 896 4630 ἀπ’
949 4578 1116 4645 αὐτῆς
1164 4576 1484 4645 βουλόμενος
1517 4578 1792 4646 χρηματί-

238 4673 461 4726 σασθαι.
508 4669 650 4723 ’Δλλ’
679 4670 728 4722 οἱ
763 4668 1042 4721 σπουδαῖοι
1103 4669 1385 4730 Ἀντώνιός
1435 4684 1493 4720 τε
1540 4669 1634 4720 καὶ
1674 4670 1791 4721 Μα-

237 4761 559 4833 τρωνιανὸς,
592 4760 901 4828 αἰσθόμενοι
954 4756 1046 4810 τοῦ
1092 4758 1447 4827 βουλήματος,
1495 4760 1633 4828 ἀωρί
1682 4760 1789 4811 τῶν

239 4851 453 4904 νυκτῶν
482 4849 793 4918 ἀνελόμενοι
824 4848 1047 4915 ταύτην,
1079 4848 1360 4914 φεύγουσι,
1396 4850 1486 4900 καὶ
1511 4850 1608 4917 τὴν
1656 4849 1789 4900 ἰξίαν

236 4940 641 5002 καταλαϐόντες
666 4939 840 5003 πόλιν,
877 4942 943 5007 τῇ
983 4940 1147 5007 μητρὶ
1197 4940 1294 5007 τὴν
1344 4942 1496 5008 χεῖρα
1541 4941 1639 5009 τὴν
1692 4941 1786 4993 τοῦ

238 5032 499 5101 φιλτάτου
531 5032 719 5091 παιδὸς
747 5029 1073 5090 ἀποδιδοῦσι,
1103 5030 1278 5081 πάντα
1311 5030 1374 5099 δὴ
1423 5031 1487 5081 τά
1528 5032 1656 5099 περὶ
1697 5032 1787 5083 τὸν

237 5124 398 5187 ἅγιον
422 5120 562 5174 κατά
607 5120 772 5189 μέρος
804 5120 1220 5187 διηγησάμενοι.
1278 5118 1343 5171 ἸΙ
1385 5119 1462 5182 δὲ,
1503 5121 1600 5184 τὴν
1650 5137 1792 5191 μαρ-

234 5209 467 5274 τυρικὴν
497 5207 708 5274 ἐκείνην
764 5210 920 5275 χεῖρα
976 5206 1111 5275 μετά
1162 5210 1347 5275 χεῖρας
1390 5205 1655 5271 λαϐοῦσα,
1692 5210 1788 5261 καὶ

236 5302 305 5369 τῇ
339 5299 486 5367 χαρᾷ
518 5297 577 5349 τδ
602 5298 700 5365 τῆς
734 5297 910 5366 λύπης
951 5298 1235 5368 κεράσασα
1282 5298 1535 5367 δάκρυον,
1583 5299 1782 5369 θαμινά

234 5389 443 5455 ταύτην
470 5390 584 5448 ταῖς
611 5388 765 5455 ὂψεσι
801 5387 1186 5457 περιέστρεφε,
1234 5388 1533 5455 κατεφίλει,
1582 5390 1672 5441 καὶ
1706 5390 1782 5451 ὡς

235 5482 360 5534 ελον
379 5476 577 5549 ἔχουσα
600 5481 689 5531 τὸν
716 5478 1070 5547 ποθούμενον,
1096 5479 1268 5541 οὕτως
1291 5481 1428 5551 αὑτῇ
1456 5482 1779 5552 περιέκειτο,

241 5570 694 5639 περιεπτύσσετο,
727 5572 825 5624 οὐκ
860 5567 1002 5643 εῖχεν
1035 5572 1061 5625 δ
1105 5588 1154 5626 τι
1207 5571 1296 5625 καὶ
1341 5572 1573 5639 γένοιτο,
1626 5572 1782 5625 10610

313 5731 328 5756 ⁸
362 5731 502 5788 ΡιπειιΔ
550 5745 735 5789 cxvm,
775 5734 816 5784 i.

1894 4501 2057 4562 caput
2118 4501 2324 4545 tantum
2377 4487 2757 4548 lucrifecisset,
2787 4483 3064 4553 qumrebat
3104 4497 3341 4543 manum,
3375 4496 3439 4533 ex

1893 4596 1954 4635 ea
1979 4594 2194 4649 quoque
2220 4577 2431 4630 lucrum
2469 4584 2707 4643 captans.
2744 4572 2845 4625 Sed
2894 4587 3014 4625 cum
3047 4572 3163 4639 ejus
3190 4572 3441 4623 volunta-

1896 4683 2000 4725 tem
2033 4668 2329 4724 sensissent
2365 4665 2490 4718 boni
2528 4665 2796 4717 Antonius
2816 4672 2871 4715 et
2903 4662 3287 4723 Matronianus,
3316 4674 3439 4712 eum

1894 4763 2216 4828 intempesta
2245 4766 2402 4810 nocte
2429 4770 2547 4808 eam
2573 4754 2938 4811 sustulissent,
2972 4750 3181 4818 fugiunt
3205 4767 3217 4801 :
3242 4759 3295 4801 et
3319 4762 3440 4801 cum

1893 4853 1944 4904 in
1978 4866 2128 4903 suam
2155 4847 2432 4901 venissent
2454 4844 2748 4903 civitatem,
2781 4840 2998 4893 tradunt
3028 4838 3183 4891 matri
3221 4852 3437 4889 manum

1894 4938 2193 4994 charissimi
2234 4936 2349 4995 ﬁlii,
2381 4932 2692 5001 singulatim
2728 4929 2906 4981 nuntia
2938 4930 3001 4981 tle
3034 4936 3222 4980 saneto
3244 4926 3293 4979 ei
3319 4940 3441 4977 nar-

1895 5040 2097 5084 rantes.
2150 5027 2241 5079 Illa
2275 5034 2454 5077 autem
2488 5036 2606 5075 cum
2658 5019 2996 5087 martyricatn
3044 5017 3187 5069 illam
3223 5029 3435 5067 manum

1896 5121 1949 5175 in
1985 5116 2234 5171 manibus
2268 5113 2582 5182 accepisset,
2614 5119 2667 5163 ct
2696 5110 2958 5178 laerymas
3012 5105 3213 5159 doloris
3241 5103 3437 5172 gaudio

1894 5215 2371 5276 eontemperasset,
2428 5217 2544 5257 eam
2604 5200 2794 5254 crebro
2858 5196 3179 5260 suhjiciebat
3242 5192 3435 5253 oculis,

1891 5297 2341 5356 deosculabatur,
2403 5299 2455 5345 et
2514 5299 2764 5357 tanquam
2822 5296 2991 5337 totum
3058 5284 3256 5337 habens
3310 5295 3433 5335 eum

1888 5402 2047 5457 quem
2084 5383 2443 5440 desiderabat.
2488 5377 3040 5439 circumfundebatur,
3076 5372 3434 5442 amplecteba-

1892 5489 2003 5543 tur,
2032 5477 2307 5532 nesriebat
2335 5472 2463 5543 quid
2493 5472 2713 5531 faceret,
2749 5469 2942 5538 partim
2968 5466 3184 5536 quidem
3216 5480 3271 5520 se
3300 5480 3430 5533 gau—

1891 5570 2003 5634 dio,
2030 5570 2234 5638 partim
2272 5575 2448 5621 autem
2484 5562 2713 5617 tristitiae
2762 5560 3105 5629 dispertiens,
3164 5558 3392 5611 dicendo
