4226 6418
757 409 826 470 99
1967 397 2248 456 MENSIS
2287 397 2718 456 NUVEMBER.

3868 396 3970 459 100

753 519 919 583 verit,
952 523 1007 570 et
1038 513 1182 582 quod
1218 513 1321 565 hoc
1352 522 1457 574 est,
1499 510 1644 579 quod
1708 511 1827 578 ejus
1868 510 2109 562 matricis
2142 508 2303 561 solvit
2335 521 2372 565 Α
2406 508 2422 556 ξ

2296 518 2303 557 L
2335 521 2372 565 Α
2406 508 2487 556 ὅτι
2521 507 2613 558 καὶ
2641 505 3005 574 βεϐάπτισται
3038 505 3172 574 παρ’
3201 506 3389 568 αὐτοῦ,
3427 508 3516 558 καὶ
3547 505 3620 566 ὡς
3643 504 3800 557 τοῦτό
3848 509 3965 558 ἐστι

755 609 932 665 nodos
991 603 1254 658 diﬂiciles.
1306 600 1507 655 Deinde
1544 600 1705 653 etiam
1757 599 1972 667 adjecit,
2006 599 2140 651 nihil
2187 613 2304 650 esse

757 699 1173 770 impedimento,
1203 694 1491 762 quominus
1515 692 1629 760 ipse
1665 707 1879 761 quoquc
1904 691 2145 744 divinum
2173 690 2306 757 bap-

757 795 978 846 tismum
1033 797 1421 856 consequatur.
1465 785 1678 839 Etenim
1725 784 1856 837 mihi
1913 785 2056 836 inter
2109 791 2301 836 czetera

757 885 861 934 huc
909 895 1130 948 quoque
1175 877 1426 937 przedixit
1457 879 1538 928 vir
1567 876 1654 928 ille
1713 875 1948 936 divinus,
1997 874 2110 926 fore
2165 883 2221 925 ut
2252 881 2301 925 te

756 990 990 1044 quoque,
1035 988 1067 1024 0
1111 970 1459 1029 charissime,
1529 983 1650 1020 mox
1697 967 1950 1020 haberem
2011 982 2141 1018 meae
2178 964 2298 1017 fidei

755 1066 983 1120 socium.
1016 1065 1138 1118 llzec
1161 1071 1214 1115 et
1256 1062 1342 1115 illa
1377 1061 1531 1123 dixit,
1569 1070 1623 1113 et
1649 1075 1769 1128 qua:
1791 1059 1931 1111 dicta
1954 1069 2101 1122 sunt,
2141 1058 2301 1125 paulo

757 1169 877 1227 post
908 1157 1141 1210 deducta
1194 1167 1319 1207 sunt
1368 1153 1433 1206 ad
1488 1153 1764 1213 effectum,
1819 1167 1874 1205 et
1920 1152 2032 1218 ipse
2087 1164 2301 1215 quoque

757 1250 1002 1301 divinum
1043 1249 1362 1313 baptismum
1398 1253 1481 1297 cst
1512 1252 1862 1303 consecutus,
1892 1251 1947 1294 et
1980 1242 2172 1294 didicit
2215 1257 2300 1292 ar-

757 1354 890 1390 cana
926 1335 1140 1402 pietatis
1172 1373 1184 1394 ,
1238 1348 1362 1386 cum
1424 1333 1639 1384 divinus
1677 1342 1732 1384 et
1770 1329 2101 1384 admirabilis
2151 1328 2300 1382 Onu-

756 1429 893 1481 frius
918 1427 981 1478 ad
1025 1426 1137 1478 hrec
1173 1439 1360 1476 rursus
1388 1421 1742 1475 inserviisset.

828 1517 930 1567 Vll.
961 1515 1093 1568 Cum
1126 1522 1303 1564 autem
1349 1513 1456 1578 jam
1498 1513 1740 1564 venisset
1791 1521 2005 1581 tempus
2055 1511 2298 1580 pariendi

756 1604 1077 1670 Leucippes,
1105 1611 1159 1654 et
1203 1603 1370 1653 lilium
1401 1604 1702 1670 peperisset
1735 1605 2053 1666 masculum,
2115 1617 2300 1656 accer-

759 1695 894 1745 situs
956 1707 1143 1745 rursus
1196 1693 1473 1754 Unuirius,
1518 1702 1775 1744 consueta
1827 1692 2044 1755 utilitas,
2097 1693 2298 1745 bonum

755 1801 782 1835 a
813 1785 920 1835 Deo
947 1784 1191 1836 missum.
1225 1790 1278 1834 et
1299 1782 1444 1848 quod
1472 1782 1717 1849 genitum
1755 1783 1950 1840 fuerat,
1985 1797 2173 1834 rursus
2203 1798 2299 1850 per

753 1876 926 1939 ipsum
969 1873 1068 1924 fuit
1117 1881 1492 1940 regeneratum
1538 1874 1694 1925 beato
1750 1872 2092 1940 baptismate,
2122 1882 2176 1924 et
2229 1871 2298 1925 ab

754 1967 873 2032 ipso
905 1965 1114 2030 accepit
1155 1963 1602 2030 appellationem,
1635 1972 1689 2015 et
1717 1963 1816 2015 fuit
1851 1964 2160 2015 nominatus
2196 1962 2300 2015 Ga-

753 2055 949 2108 laction
984 2073 996 2107 :
1030 2055 1235 2120 fuitque
1268 2055 1572 2121 appellatio,
1607 2062 1753 2106 certa
1801 2052 2108 2105 futurorum
2163 2069 2300 2120 ιιι-αι·-

755 2147 944 2199 dictio.
981 2147 1027 2198 ls
1058 2148 1199 2198 enini
1231 2146 1412 2198 editus
1444 2145 1542 2198 fuit
1593 2144 1829 2196 mundus
1863 2159 1930 2196 ex
1982 2145 2219 2206 mundis,
2247 2154 2301 2197 ct

757 2258 820 2294 ex
856 2246 1136 2310 generosis
1169 2256 1387 2310 germen
1438 2254 1563 2292 vere
1593 2253 1934 2306 generosum.
1970 2238 2301 2291 Procedente

755 2345 936 2389 autem
1003 2344 1267 2402 tempore,
1310 2334 1563 2401 paulatim
1612 2332 1892 2386 Galaction
1932 2331 2300 2385 additamento

755 2428 928 2480 aetatis
956 2426 1152 2493 adjecit
1181 2426 1343 2476 etiam
1373 2423 1802 2491 intelligentiam,
1825 2431 1987 2491 atque
2019 2423 2154 2477 adeo
2211 2424 2303 2475 ha-

759 2516 920 2567 bebat
952 2513 1227 2580 ingenium
1251 2526 1415 2579 supra
1450 2520 1687 2564 aetatem.
1721 2511 1960 2565 Traditis
1999 2528 2129 2566 vero
2153 2512 2298 2566 ludis

756 2607 1060 2666 litterariis,
1090 2614 1143 2658 et
1172 2605 1222 2657 in
1244 2605 1664 2672 perfectioribus
1688 2603 1962 2657 exercitus
1978 2603 2300 2672 disciplinis,

756 2697 1009 2764 praeclara
1037 2711 1130 2746 sua
1167 2695 1346 2746 indole
1379 2695 1460 2746 vel
1509 2696 1655 2761 ipsos
1689 2695 1973 2761 magistros
2027 2693 2304 2762 relinque-

763 2787 854 2838 bat
891 2801 916 2836 a
957 2795 1129 2852 tergo.
1158 2785 1287 2837 Cum
1310 2793 1490 2851 ageret
1519 2793 1697 2838 autem
1724 2785 2037 2836 vicesimum
2073 2792 2306 2853 etquar-

761 2889 872 2928 tum
913 2891 1137 2934 annum,
1165 2892 1309 2929 cura:
1329 2885 1443 2928 erat
1475 2878 1636 2942 patri,
1666 2876 1714 2928 ei
1744 2878 2155 2928 convenientem
2183 2878 2305 2928 vitae

759 2969 1086 3035 conjungere
1114 2968 1337 3031 sociam,
1367 2981 1488 3019 cum
1515 2976 1686 3019 mater
1714 2965 1983 3034 Leucippe
2003 2965 2110 3034 jam
2133 2979 2163 3018 e
2193 2965 2301 3019 vita

754 3055 1091 3107 execssisset.

2406 598 2467 649 τὸ
2499 598 2596 664 τῆς
2631 598 2842 666 μήτρας
2873 597 3131 666 αὐτῆςτά
3159 597 3390 666 δυσχερῆ
3423 596 3652 665 ἅμματα
3708 597 3893 659 λῦσαν,
3931 599 3967 667 ἢ

2407 688 2498 739 καὶ
2533 688 2844 756 προσετίθει
2877 688 2953 750 ὡς
2986 689 3140 740 οῦδὲν
3188 689 3340 740 ἔσται
3392 688 3452 739 τὸ
3505 689 3818 755 ἐμποδίζον,
3871 691 3968 741 καὶ

2403 778 2562 831 αὑτὸν
2595 780 2686 830 τοῦ
2714 783 2827 832 ἴσου
2861 780 3267 848 καταξιωθῆναι
3303 779 3702 847 βαπτίσματος·
3731 783 3823 830 καὶ
3855 781 3967 848 γάρ

2408 887 2495 938 μοι
2528 871 2664 937 μετά
2700 871 2806 923 τῶν
2830 869 3024 932 ἄλλων,
3058 871 3221 937 φησὶ,
3256 872 3352 921 καὶ
3384 869 3542 921 τοῦτὸ
3584 886 3674 938 μοι
3705 872 3967 936 προ;ῖπεν

2400 963 2429 1012 ό
2457 961 2596 1024 θεῖος
2630 961 2770 1030 ἀνὴρ
2806 964 3034 1021 ἐκεῖνος,
3069 962 3151 1013 ὅτι
3186 961 3280 1014 καὶ
3321 961 3382 1012 σὲ
3413 961 3505 1016 τὸν
3540 960 3798 1027 φίλτατον
3841 962 3967 1013 ὅσον

2402 1054 2552 1106 οὔπω
2580 1055 2674 1124 τῆς
2706 1055 2876 1122 αὐτῆς
2911 1054 3014 1119 ἔξω
3052 1053 3418 1106 κοινωνοῦντα
3467 1053 3726 1113 πίστεως.
3780 1051 3967 1105 Ταῦτα

2402 1148 2583 1216 ἐκείνη
2636 1163 2693 1196 τε
2727 1145 2939 1214 εἴρηκε,
2967 1146 3060 1196 καὶ
3095 1144 3212 1211 μετ’
3241 1145 3422 1211 ὀλίγον
3452 1144 3519 1197 τά
3550 1143 3812 1212 λεχθέντα
3850 1143 3970 1209 ιξέ-

2403 1236 2492 1306 6η.
2527 1237 2636 1288 Καὶ
2663 1235 2755 1289 τοῦ
2783 1236 2926 1290 θείου
2949 1236 3040 1286 καὶ
3066 1234 3227 1297 αὐτὸς
3252 1232 3474 1302 λουτροῦ
3504 1233 3743 1303 ἠξιοῦτο,
3781 1234 3972 1285 Ὀνου-

2403 1326 2560 1394 φρίου
2593 1325 2749 1378 πάλιν
2790 1325 2926 1395 πρὸς
2981 1325 3151 1377 ταῦτα
3184 1323 3281 1376 τοῦ
3336 1324 3639 1394 θαυμασίου
3692 1324 3972 1392 ὑπηρετή-

2402 1434 2610 1481 σαντος.

2471 1510 2544 1561 Z'.
2585 1510 2724 1576 Ἤδη
2758 1510 2811 1561 δὲ
2854 1509 3001 1578 ὥραν
3021 1509 3180 1562 τόκου
3225 1510 3324 1574 τῆς
3362 1509 3685 1578 Λευκίππης
3713 1510 3967 1576 ἐχούσης,

2400 1600 2565 1648 πλῖδά
2597 1616 2654 1650 τε
2687 1602 3018 1669 γειναμένης
3048 1601 3274 1670 ἄρρενα,
3305 1601 3634 1653 εἰσκαλεῖται
3689 1601 3782 1651 καὶ
3811 1596 3969 1661 αὖθις

2414 1693 2742 1761 Ὀνούφριος,
2800 1698 2831 1763 ὴ
2883 1697 3116 1764 συνήθης
3177 1695 3434 1764 ὠφέλεια,
3488 1695 3548 1746 τὸ
3621 1695 3968 1762 θεόπεμπτον

2400 1782 2622 1846 ἀγαθόν’
2651 1787 2741 1835 καὶ
2769 1785 2826 1834 τὸ
2844 1785 3098 1851 γεννηθὲν
3117 1785 3439 1850 ἀνεγεννᾶτο
3465 1785 3534 1839 δι’
3580 1784 3746 1836 αὑτοῦ
3798 1784 3966 1838 πάλιν

2399 1877 2473 1945 τῷ
2498 1877 2750 1946 μικαρίῳ
2783 1878 3138 1944 βαπτίσματι,
3174 1879 3267 1930 καὶ
3302 1878 3398 1947 τὴν
3447 1878 3637 1944 κλῆσιν
3693 1876 3966 1945 ιλάμϐανε

2401 1965 2530 2032 παρ’
2563 1965 2725 2018 αὐτοῦ
2774 1966 2864 2017 καὶ
2915 1966 3224 2018 ιἀλακτίων
3259 1966 3678 2034 κατωνομάζετο
3705 1981 3717 1994 ·
3763 1971 3854 2018 καὶ
3895 1961 3966 2035 ἦν

2401 2058 2432 2122 ἡ
2467 2057 2655 2122 κλῆσις
2679 2055 3079 2122 τῶνέσομένων
3122 2057 3372 2124 ἀσφαλὴς
3427 2058 3844 2124 προαγόρευσις·
3900 2058 3965 2108 ὲκ

2401 2145 2653 2214 καθαρῶν
2682 2146 2788 2212 γάρ
2819 2146 3054 2213 καθαρὸς
3105 2148 3198 2197 καὶ
3228 2139 3381 2208 οὗτος
3411 2146 3610 2213 ἀπέϐη,
3661 2148 3755 2198 καὶ
3794 2146 3851 2208 ἐξ
3878 2145 3968 2199 εὐς

2402 2235 2574 2300 γενῶν
2605 2234 2769 2295 ὅντως
2799 2235 3014 2302 εὐγενὲς
3071 2234 3376 2304 βλάστημα.
3432 2237 3715 2304 Προϊόντος
3753 2237 3808 2287 δὲ
3867 2236 3963 2288 τοῦ

2403 2325 2593 2394 χρόνου
2619 2325 2760 2376 κατά
2796 2328 2990 2394 μικρὸν
3019 2327 3046 2378 ὁ
3095 2327 3405 2379 Γαλακτίων
3452 2326 3542 2377 ἐπὶ
3573 2329 3633 2394 τῇ
3678 2327 3964 2398 προσθήκῃ

2401 2417 2497 2484 τῆς
2524 2416 2738 2484 ἡλικίας
2765 2417 2858 2467 καὶ
2892 2416 3107 2469 σύνεσιν
3141 2416 3475 2484 προσετίθει,
3508 2417 3709 2482 μᾶλλον
3764 2416 3819 2467 δὲ
3868 2418 3964 2470 καὶ

2406 2509 2545 2578 ὑπὲρ
2575 2509 2672 2577 τὴν
2702 2508 2915 2575 ἠλικίαν
2953 2509 3012 2560 τὸ
3046 2509 3271 2575 φρονοῦν
3313 2506 3445 2577 εἶχε.
3489 2509 3881 2569 Διδασκαλείοις
3905 2508 3963 2559 δὲ

2405 2597 2660 2662 ἐκδοθεὶς,
2692 2598 2916 2661 καὶτοῖς
2941 2599 3288 2664 τελεωτέροις
3311 2600 3630 2669 ἐκπονηθεὶς
3652 2600 3958 2668 μαθήμασι,

2403 2687 2480 2756 τῷ
2515 2687 2776 2755 φιλοτίμῳ
2821 2688 2920 2754 τῆς
2985 2687 3198 2756 φύσεως
3257 2689 3354 2739 καὶ
3398 2689 3594 2748 αὐτοὺς
3636 2688 3807 2739 ὀπίσω
3839 2688 3961 2748 τοὺς

2404 2775 2756 2838 διδασκάλους
2815 2778 3005 2832 ἐποίει.
3067 2776 3326 2830 Είκοστδν
3398 2777 3453 2829 δὲ
3519 2779 3612 2830 καὶ
3701 2780 3962 2846 τέταρτον

2408 2866 2650 2917 ἐνιαυτὸν
2679 2868 2919 2932 ἄγοντος,
2953 2869 3170 2937 φροντὶς
3227 2863 3294 2937 ἦν
3361 2867 3439 2934 τῷ
3503 2870 3667 2936 πατρὶ
3709 2867 3961 2918 κοινωνὸν

2407 2955 2553 3022 αὐτῷ
2585 2955 2701 3024 βίου
2725 2955 2822 3024 τὴν
2842 2961 3226 3025 προσήκουσαν
3253 2959 3604 3026 συναρμόσαι,
3636 2959 3733 3025 τῆς
3788 2958 3958 3026 μητέ-

2411 3062 2500 3114 ρος
2533 3047 2632 3116 ἤδη
2657 3047 2979 3115 Λευκίππης
3018 3048 3110 3099 τὸν
3144 3047 3256 3115 βίον
3290 3049 3677 3116 ἀπολιπούσης.

835 3145 967 3196 Vill.
1004 3146 1131 3196 Erat
1172 3153 1351 3196 autem
1407 3153 1534 3196 tunc
1566 3144 1809 3213 quadam
1845 3146 2020 3213 virgo,
2061 3144 2304 3213 pulchrl-
2328 3158 2373 3220 ρ
2476 3139 2504 3188 ἒ

2287 3175 2304 3185 .
2328 3158 2373 3220 c
2476 3136 2555 3192 H'.
2602 3137 2891 3205 Ἐτύγχανε
2918 3137 2972 3189 δέ
2990 3155 3072 3200 τις
3102 3139 3162 3191 τὸ
3183 3139 3479 3207 τηνικαῦτα
3509 3140 3793 3208 παρθένος,
3824 3141 3956 3194 κάλ-

758 3235 944 3289 tudine
977 3243 1027 3287 et
1065 3249 1278 3286 morum
1324 3235 1604 3286 honestate
1637 3235 1968 3288 antecellens
2024 3237 2301 3291 omnibus.

760 3327 819 3378 Ei
848 3338 966 3378 erat
1001 3340 1196 3377 nomen
1237 3326 1531 3392 Episteme,
1565 3340 1683 3391 qua:
1706 3324 2008 3378 nobilitatis
2031 3334 2085 3378 et
2119 3326 2306 3393 gloria

770 3418 965 3468 famam
1007 3416 1243 3469 habebat
1277 3417 1500 3482 primam
1552 3416 1690 3467 inter
1725 3415 2002 3468 mulieres.
2053 3415 2182 3468 Eam
2209 3416 2306 3469 de-

758 3509 977 3575 spondit
1004 3507 1304 3568 Galaction,
1353 3520 1497 3558 nunc
1550 3505 1766 3575 quidem
1817 3505 1882 3558 ad
1915 3505 2148 3573 speciem
2191 3521 2307 3558 nia-

760 3599 1026 3658 trimonii,
1074 3606 1257 3664 postea
1305 3607 1485 3649 autem
1517 3597 1580 3649 ad
1609 3597 1865 3649 unionem
1920 3597 2133 3650 animae.
2169 3595 2304 3650 Cum

763 3703 891 3740 Vero
919 3688 1038 3740 vita
1065 3701 1187 3739 cum
1213 3702 1276 3738 ea
1301 3687 1612 3739 societatem
1646 3701 1785 3753 aegre
1815 3686 1981 3738 ferret
1999 3685 2302 3748 Galaction,

758 3787 813 3830 et
848 3787 1034 3845 aperte
1057 3777 1371 3829 ostenderet
1396 3790 1453 3829 se
1481 3777 1596 3845 ejus
1626 3790 1952 3844 congressus
1976 3785 2031 3827 et
2067 3777 2302 3843 comple-

761 3884 860 3921 xus
901 3883 1008 3920 non
1031 3867 1340 3929 admittere,
1392 3877 1614 3935 propter
1644 3867 1920 3935 religionis
1961 3867 2300 3921 dissimilitu-

761 3960 967 4021 dinem,
1001 3958 1221 4025 etquod
1259 3972 1321 4008 ea
1350 3972 1454 4008 non
1483 3965 1626 4008 esset
1661 3956 1931 4024 particeps
1963 3956 2134 4008 divini
2169 3957 2301 4024 bap-

764 4050 1012 4110 tismatis,
1048 4065 1077 4101 a
1110 4048 1434 4101 necessariis
1475 4062 1616 4115 smpe
1640 4047 1992 4115 exigebantur
2043 4048 2301 4110 rationes,

760 4141 852 4206 qui
884 4153 1001 4190 eam
1041 4152 1152 4188 rem
1173 4150 1313 4203 teng
1369 4135 1635 4197 ierehant,
1666 4145 1719 4186 et
1754 4137 1989 4200 graviter
2033 4135 2303 4202 expende-

768 4231 917 4284 bant.
970 4229 1104 4282 Cum
1153 4237 1334 4282 autem
1398 4226 1546 4279 solus
1599 4225 1893 4292 aliquando
1936 4225 2074 4293 apud
2136 4226 2304 4278 solam

761 4323 954 4375 luisset
985 4320 1320 4385 lipistetneu,
1379 4319 1446 4369 ab
1474 4332 1539 4370 ea
1596 4327 1836 4384 rogatus,
1890 4333 2132 4382 quamam
2163 4332 2306 4370 esset

761 4409 1108 4472 causa.odii,
1155 4408 1293 4463 dixit
1333 4408 1610 4461 Galaction
1682 4423 1740 4462 se
1781 4425 1885 4463 non
1933 4423 2089 4476 posse
2146 4409 2305 4460 aliter

2409 3227 2574 3279 λειτε
2624 3230 2716 3279 καὶ
2769 3228 2887 3296 ἤθει
2939 3229 3150 3300 κοσμίῳ
3197 3230 3304 3283 τῶν
3335 3230 3543 3282 πολλῶν
3604 3231 3957 3300 διαφέρουσα.

2422 3316 2725 3385 Ἐπιστήμη
2753 3317 2924 3387 ταύτῃ
2955 3319 3012 3368 τὸ
3037 3318 3228 3386 ὕνομα,
3263 3319 3413 3381 κλέος
3451 3322 3726 3387 εὐγενείας
3756 3324 3849 3373 καὶ
3869 3322 3958 3373 δόξ-

2408 3405 2503 3474 ξης
2527 3407 2656 3459 αὐτὸ
2683 3407 2744 3458 τὸ
2804 3407 3022 3476 πρῶτον
3055 3411 3114 3460 ἐν
3160 3409 3412 3476 γυναιξὶν
3461 3411 3682 3480 ἔχουσαί
3743 3411 3958 3482 Ταύτην

2407 3499 2717 3566 ἡρμόσαντο
2763 3498 2803 3550 Γ
2805 3501 3117 3565 αλακτίωνι,
3164 3504 3260 3552 νῦν
3298 3501 3395 3569 μὶν
3435 3504 3514 3563 είς
3552 3504 3837 3570 πρόσχημα
3861 3501 3957 3553 τοῦ

2407 3590 2606 3655 γάμου,
2636 3593 2775 3656 μετά
2796 3590 2964 3642 ταῦτα
2987 3591 3043 3642 δὲ
3073 3591 3167 3642 καὶ
3194 3591 3293 3658 τῆς
3321 3591 3498 3660 ψυχῆς
3546 3594 3758 3646 ἱνωσιν.
3805 3595 3959 3648 Ἐπεὶ

2405 3680 2462 3731 δὲ
2502 3680 2600 3748 τὴν
2652 3681 2951 3747 συμϐίωσιν
2999 3680 3204 3748 ταύτης
3252 3682 3593 3751 ἐδυσχέραινε
3623 3685 3955 3752 Γαλακτίων,

2408 3771 2501 3822 καὶ
2537 3771 2764 3839 φανερὸς
2792 3766 2861 3838 ἦν
2902 3772 2999 3833 τὰς
3027 3773 3342 3841 συμπλοκάς
3365 3789 3422 3826 τε
3443 3775 3535 3825 καὶ
3563 3774 3836 3839 δεξιώσεις
3893 3781 3954 3831 οὐ

2415 3863 2772 3931 προσιέμενος
2818 3862 2983 3914 διὰτὸ
3006 3865 3135 3933 περὶ
3167 3865 3230 3915 τὸ
3269 3864 3430 3927 σέϐας
3457 3867 3705 3934 ἀνόμοιον
3748 3871 3842 3922 καὶ
3895 3871 3956 3922 τὸ

2404 3952 2496 4004 τοῦ
2524 3955 2668 4003 θείου
2703 3953 3074 4020 βαπτίσματος
3099 3954 3361 4022 ἀμέτοχον
3385 3951 3524 4005 εἶναι
3547 3957 3771 4025 ταύτην,
3822 3961 3954 4010 πολ-

2406 4042 2530 4103 λοὺς
2556 4044 2702 4111 παρὰ
2731 4043 2838 4093 τῶν
2863 4043 3076 4094 οίκείων
3108 4044 3402 4112 ἐπράττετο
3422 4043 3629 4112 λόγους,
3654 4048 3746 4099 καὶ
3771 4048 3957 4118 βαρεῖς

2405 4133 2598 4194 αὐτοὺς
2629 4129 2738 4201 εἶχε
2769 4132 2862 4184 τοῦ
2903 4133 3228 4201 πράγματος
3257 4135 3531 4201 λογιστάς.
3555 4139 3729 4199 Μόνος
3750 4140 3803 4191 δέ
3821 4156 3955 4195 ποτε

2407 4223 2540 4290 πρὸς
2566 4225 2729 4291 μόνην
2759 4222 2854 4288 τὴν
2897 4223 3238 4292 Ἐπιστήμην
3291 4226 3600 4293 γενόμενος,
3645 4223 3762 4279 εἶτα
3823 4230 3954 4298 παρ’

2405 4311 2575 4377 αὐτῆς
2610 4311 2703 4365 τοῦ
2747 4313 2934 4380 μίσους
2983 4315 3330 4382 ἐρωτώμενος
3378 4319 3476 4385 τὴν
3532 4321 3730 4382 αἰτίαν,
3791 4323 3956 4389 φάναι

2407 4403 2495 4453 τὸν
2525 4403 2872 4456 Γαλακτίωνα
2902 4405 2976 4474 μὴ
3001 4407 3068 4457 ἂν
3091 4405 3262 4468 ἄλλως
3308 4409 3633 4476 ἀνασχέσθαι
3688 4411 3786 4480 τὴν
3836 4413 3956 4481 μετ’

759 4498 899 4551 ferre
944 4500 1065 4550 vim
1117 4514 1238 4551 cum
1269 4514 1330 4551 ea
1385 4501 1730 4560 societatem,
1781 4499 1882 4551 nisi
1913 4515 2030 4551 eam
2101 4499 2299 4551 viderit
2337 4494 2375 4545 D
2405 4511 2428 4544 a

2283 4508 2299 4549 ι
2337 4494 2375 4545 D
2405 4495 2570 4562 αὐτῆς
2605 4498 2908 4558 κοινωνίαν,
2938 4498 2986 4547 εί
3020 4497 3096 4566 μὴ
3132 4497 3225 4548 καὶ
3258 4499 3398 4552 κατά
3435 4501 3494 4551 τὸ
3525 4500 3686 4562 σέϐας
3719 4503 3814 4554 ἰδοι
3839 4522 3952 4557 κοι-

765 4601 948 4640 secum
984 4587 1274 4638 convenire
1294 4587 1347 4639 in
1372 4586 1656 4653 religione.
1689 4587 2066 4640 Dicebatenim
2095 4597 2300 4654 aperte,

768 4691 887 4728 esse
945 4675 1195 4742 impium,
1243 4675 1502 4727 mundum
1539 4667 1791 4744 c'onjungi
1845 4691 1966 4728 cuin
2001 4676 2301 4728 immundo.

768 4765 821 4820 Si
857 4780 1007 4832 ergo,
1034 4781 1064 4816 ο
1093 4780 1246 4826 uxor,
1291 4773 1373 4816 est
1405 4765 1500 4816 tibi
1559 4777 1705 4833 grata
1734 4777 1914 4819 nostra
1962 4775 2138 4820 tecum
2181 4769 2303 4823 vitae

765 4856 1016 4916 societas,
1065 4853 1228 4906 crede
1263 4854 1393 4908 mihi
1447 4856 1649 4922 optima
1711 4857 2039 4910 consulenti.
2074 4858 2138 4910 Et
2169 4874 2304 4925 quo-

769 4948 907 4998 niam
942 4946 993 4997 in
1024 4948 1307 5012 przesentia
1338 4954 1418 4998 est
1457 4946 1634 5012 inopia
1661 4948 2023 5012 sacerdotum,
2054 4951 2144 5016 qui
2175 4965 2305 5002 con-

765 5034 939 5088 stituti
970 5043 1096 5086 sunt
1147 5035 1212 5087 ad
1257 5036 1376 5095 hoc,
1406 5035 1551 5087 utad
1612 5036 1935 5104 baptismum
1978 5039 2301 5100 inserviant.

767 5125 879 5179 lieri
915 5133 1094 5176 autem
1143 5139 1250 5176 non
1301 5134 1503 5192 potest,
1548 5127 1803 5179 utalitcr'
1832 5128 1902 5180 sit
1943 5128 2209 5195 quispiam
2251 5138 2306 5180 et

764 5217 1073 5268 nmniuetur
1104 5215 1359 5276 mundus,
1393 5231 1493 5269 nos
1517 5215 1618 5269 hoc
1647 5217 1872 5281 donum,
1909 5228 2070 5286 prout
2093 5231 2306 5288 tempus

762 5307 1030 5368 concedit,
1067 5308 1165 5374 ipsi
1192 5316 1464 5375 utcunque
1498 5323 1833 5376 perageinus.

831 5395 920 5449 1X.
953 5395 1085 5449 Cum
1123 5406 1304 5448 autem
1346 5398 1565 5450 vidisset
1599 5414 1717 5452 eam
1743 5401 1806 5452 ad
1841 5401 1942 5454 hoc
1975 5416 2180 5455 morem
2209 5416 2303 5470 ge—

767 5487 1170 5554 rentem,jubet
1205 5501 1373 5538 unum
1399 5503 1460 5540 ex
1489 5489 1633 5540 tubis
1683 5490 1825 5543 horti
1874 5492 2085 5557 impleri
2110 5507 2248 5560 aqua
2286 5508 2300 5544 :

763 5587 815 5626 et
852 5576 921 5627 ita
970 5575 1224 5627 orrnibus
1284 5576 1642 5630 inscientibus
1688 5580 1924 5646 baptizat
1967 5581 2299 5648 Epistemen.

765 5664 884 5729 Ipsa
909 5673 1106 5727 autem,
1153 5678 1274 5716 cum
1316 5675 1434 5732 post
1477 5667 1738 5735 baptisma
1768 5680 1890 5723 octo
1934 5671 2050 5724 dies
2085 5682 2304 5740 prmer—

768 5756 974 5814 ἱιτεοιιι,
1038 5771 1225 5807 novam
1285 5758 1569 5826 quamdam
1601 5769 1654 5811 et
1707 5761 1977 5816 insolitam
2042 5763 2188 5816 videt
2250 5766 2300 5817 in

2406 4583 2677 4636 νωνοῦσαν
2706 4585 2871 4654 αὐτῷ·
2899 4587 3111 4640 ἀνόσιον
3134 4588 3240 4657 γάρ
3267 4589 3522 4658 ἄντικρυς
3574 4591 3756 4660 ἔλεγεν
3815 4590 3953 4648 εἶναι

2405 4676 2492 4728 τὸν
2543 4678 2950 4746 κεκαθαρμένον
3001 4681 3298 4748 ἀκαθάρτῳ
3347 4684 3731 4739 συνάπτεσθαι.
3779 4688 3946 4758 Εἴπερ

2406 4764 2516 4828 οῦν,
2551 4761 2791 4833 ὧγύναι,
2820 4771 2918 4836 τὴν
2967 4771 3083 4837 μεθ’
3141 4772 3297 4840 ἡμῶν
3352 4775 3566 4846 ἀσπάζῃ
3627 4778 3949 4844 συμϐίωσιν,

2409 4856 2592 4910 πείθου
2627 4861 2807 4927 μοιτά
2842 4861 3087 4930 βέλτιστα
3119 4864 3520 4932 συμϐολεύοντι,
3552 4871 3644 4922 καὶ
3664 4873 3786 4923 ἐπεὶ
3813 4874 3957 4926 κατὰ

2407 4948 2466 5001 τὸ
2500 4952 2593 5005 νῦν
2627 4951 2746 5018 ἔχον
2778 4953 2964 5020 ίερέων
2988 4954 3131 5008 ἐστὶν
3155 4957 3356 5026 ἀπορία
3380 4960 3484 5009 τῶν
3512 4965 3644 5030 πρός
3671 4965 3731 5014 τὸ
3767 4964 3955 5032 ﬂanti-

2410 5055 2521 5106 σμα
2565 5041 2908 5108 τεταγμένων
2964 5043 3276 5112 ὑπηρετεῖν,
3338 5048 3594 5101 ἀδύνατον
3662 5051 3715 5103 δὲ
3780 5054 3954 5117 άλλως

2409 5129 2645 5199 καθαρόν
2667 5148 2784 5185 τινα
2821 5135 2912 5186 καὶ
2940 5129 3078 5188 εἶναι
3109 5136 3202 5187 καὶ
3246 5137 3622 5205 ὀνομάζεσθαι,
3652 5145 3719 5192 τὰ
3739 5144 3830 5194 τοῦ
3857 5163 3956 5210 χα-

2408 5223 2670 5291 ρίσματος
2701 5226 2858 5293 ἡμεῖς
2889 5226 3067 5287 καθὼς
3087 5230 3114 5278 ό
3145 5229 3333 5298 καιρὸς
3356 5230 3534 5282 διδωσι
3562 5233 3949 5303 σχεδιάσωμεν.

2479 5394 2552 5448 Θ’.
2604 5397 2751 5449 Ἐπεὶ
2774 5397 2828 5448 δὲ
2864 5401 2997 5466 πρὸς
3027 5400 3182 5452 τοῦτο
3208 5401 3536 5470 πειθομένην
3565 5401 3665 5457 εἶδε
3701 5409 3789 5460 καὶ
3841 5409 3952 5462 οὐδ’

2405 5487 2579 5539 ὁτιοῦν
2609 5489 2991 5552 ἀνανεύουσαν,
3028 5490 3154 5558 μίαν
3178 5491 3282 5543 τῶν
3313 5493 3405 5545 τοῦ
3449 5504 3620 5561 κήπου
3646 5497 3952 5566 δεξαμενῶν

2410 5577 2596 5638 ὓδατος
2628 5578 2978 5646 πληρωθῆναι
3010 5579 3220 5632 κελεύει
3240 5598 3254 5612 ·
3298 5584 3390 5633 καὶ
3415 5584 3559 5636 οῦτω
3588 5588 3790 5649 πάντας
3833 5589 3953 5640 δια-

2405 5671 2607 5736 λαθὼν,
2645 5670 2893 5739 βαπτίζει
2925 5674 3022 5738 τὴν
3094 5675 3452 5744 Ἐπιστήμην.
3508 5677 3652 5746 Ᾱῦτη
3694 5680 3824 5745 γοῦν
3856 5683 3951 5733 καὶ

2410 5764 2542 5831 μετὰ
2562 5765 2623 5814 τὸ
2659 5761 2961 5831 βάπτισμα,
2986 5764 3207 5832 ἡμερῶν
3229 5765 3370 5817 ὀκτὼ
3392 5766 3800 5836 διαγενομένων,
3831 5789 3948 5822 και-
