4226 6418
230 387 325 451 101

1434 377 1605 437 VlTA
1645 377 1708 436 S.
1747 378 2269 445 GALACTIONIS.

3348 389 3449 452 102

224 504 457 568 νήντινα
508 496 600 550 καὶ
626 494 868 565 ἀσυνήθη
914 493 1055 549 κατὰ
1091 494 1217 555 τοὺς
1252 492 1449 563 ὕπνους
1490 493 1610 561 δψιν
1667 495 1788 563 ὁρᾷ.
1822 505 1862 553 Δ

1778 533 1788 548 .
1822 505 1862 553 Δ
1894 497 2101 550 somnis
2127 497 2418 550 visionem.
2461 497 2757 551 Videbatur
2808 499 2954 553 enim
2988 502 3187 553 versari
3238 502 3290 554 in
3322 508 3447 570 qui-

235 590 443 643 Ἐδόκει
473 587 579 654 γὰρ
610 586 736 656 περί
763 602 916 647 τινας
945 586 1127 646 οῐκους
1166 581 1477 652 βασιλικοὺς
1516 582 1786 651 ἀναστρέ-

223 680 445 749 φεσθαι,
476 678 660 732 κάλλει
688 676 951 744 ἀμυθήτῳ
982 674 1324 742 διαπρεπεῖς,
1356 674 1443 742 ἐφ’
1480 666 1554 735 οἷς
1592 675 1789 727 ἑκατέ-

231 772 403 840 ρωθεν
433 768 626 840 χοροὺς
662 769 789 836 περὶ
811 767 935 828 τοὺς
964 766 1178 833 τοίχους
1224 764 1475 816 ἵστασθαι
1498 765 1667 833 τρεῖς.
1689 757 1789 814 Ὧν

223 865 252 915 ὁ
280 863 377 930 μὲν
403 862 599 930 ἄνδρας
622 855 760 927 εἷχε,
785 857 1010 926 σεμνούς
1032 873 1092 909 τε
1122 857 1250 908 ἰδεῖν
1274 855 1371 907 καὶ
1402 856 1559 923 στολῇ
1600 854 1787 923 μελαί-

224 969 293 1023 νῃ
326 952 790 1020 κεκοσμημένους,
840 950 868 1000 ό
924 948 1167 1016 δεύτερος
1206 947 1261 998 δὲ
1298 948 1556 1013 γυναῖκας
1590 945 1787 1013 ὁμοίως

224 1043 455 1111 ἐχούσας
489 1056 503 1071 ⁸
547 1044 574 1093 ό
601 1040 656 1092 δὴ
688 1040 867 1110 τρίτος
927 1038 1207 1108 παρθένων
1272 1032 1376 1108 ἦν,
1431 1032 1518 1100 αἷς
1567 1038 1788 1107 ἐπήνθει

229 1132 526 1201 φαιδρότης
561 1131 860 1200 ἐπιτερπὴς
915 1131 1010 1183 καὶ
1068 1130 1224 1199 χάρις
1261 1130 1615 1198 προσεμειδία
1668 1132 1786 1192 ταῖς

226 1226 416 1289 ὄψεσιν
472 1222 798 1290 ἐλευθέριος.
828 1221 891 1276 Δί
913 1223 1095 1290 μέντοι
1119 1225 1374 1289 γυναῖκες
1402 1223 1460 1273 at
1484 1222 1580 1292 τὴν
1609 1222 1787 1291 μέλαιο

226 1334 321 1365 ναν
363 1315 556 1381 στολὴν
616 1312 1099 1389 ςιτεριδεδλημέναι,
1154 1315 1248 1365 καλ⁵
1304 1313 1579 1381 πτέρυγάς
1636 1332 1787 1377 τινας

226 1406 472 1472 ἐῴκεσαν
503 1406 648 1471 ἔχειν
674 1404 762 1456 καὶ
795 1403 903 1471 πῦρ
928 1404 1167 1471 ἀφιέναι,
1199 1397 1366 1469 ὑφ’οὖ
1396 1407 1501 1457 πᾶν
1530 1405 1589 1458 τὸ
1613 1423 1787 1475 παρα-

226 1500 426 1549 πίπτοι)
454 1496 627 1549 ἐδόκει
658 1496 976 1563 φλέγεσθαι.
1027 1494 1289 1557 ’Δκούσας
1326 1497 1509 1549 τοίνυν
1536 1499 1563 1549 ό
1615 1497 1786 1549 Γαλα-

229 1588 396 1641 κτίων
425 1588 481 1638 τὸ
513 1587 706 1657 όραθὶν
732 1627 746 1651 ,
777 1588 1031 1655 τοιαύτην
1059 1588 1211 1654 ἔλεγε
1241 1587 1337 1657 τὴν
1365 1587 1589 1657 δύναμιν
1616 1587 1783 1657 ἔχειν.

228 1679 431 1746 Εῑρηκε
458 1678 566 1745 γὰρ
595 1681 686 1730 καὶ
718 1679 842 1739 τοὺς
869 1680 1013 1746 τρεῖς
1036 1679 1260 1739 τούτους
1297 1679 1490 1747 χοροὺς
1524 1679 1633 1731 τῶν
1681 1697 1786 1748 χω-

1891 584 2121 640 busdam
2171 587 2383 642 aedibus
2438 590 2602 657 regiis
2636 590 3047 659 pulchritudine
3092 609 3213 660 qua:
3265 596 3447 650 verbis

1900 679 2167 744 explicari
2225 696 2334 734 non
2395 692 2590 749 potest,
2641 683 2943 750 insignibus
2971 702 2981 735 :
3008 686 3059 737 in
3096 686 3296 753 quibus
3337 697 3447 739 tres

1890 770 2145 838 utrinque
2163 772 2316 825 chori
2336 773 2550 826 stabant
2581 776 2722 829 circa
2749 776 3008 843 parietes.
3037 779 3275 839 Quorum
3304 794 3444 832 unus

1888 861 2107 929 quidem
2132 863 2368 917 habebat
2399 864 2542 917 viros
2574 867 2686 919 visu
2727 868 3004 930 honestos,
3044 879 3097 923 et
3123 882 3267 923 veste
3291 873 3442 937 nigra

1889 952 2123 1006 indutos.
2150 954 2432 1010 Secundus
2460 967 2639 1012 autem
2695 961 2971 1025 mulieres,
3009 978 3131 1030 qua:
3184 978 3241 1015 se
3274 964 3443 1015 liabe-

1889 1042 2016 1096 bant
2044 1046 2311 1099 similiter.
2346 1049 2568 1103 Tertius
2612 1067 2740 1104 vero
2767 1063 2881 1105 erat
2912 1055 3196 1123 virginum,
3229 1057 3279 1107 in
3314 1059 3440 1124 qui-

1888 1136 1990 1188 bus
2024 1136 2264 1204 jucunda
2320 1140 2565 1205 quaedam
2619 1142 2847 1195 ﬂorebat
2886 1145 3158 1207 alacritas,
3193 1160 3245 1200 et
3302 1148 3443 1200 lihe-

1889 1224 2019 1278 ralis
2047 1227 2221 1294 gratia
2256 1227 2308 1280 in
2337 1230 2485 1283 vultu
2513 1233 2807 1287 arridebat.
2834 1235 3086 1289 Mulieres
3125 1250 3304 1291 autem
3334 1241 3439 1293 illa:

1888 1317 2047 1385 nigra
2082 1327 2232 1371 veste
2262 1320 2484 1383 indutae,
2513 1323 2836 1376 videbantur
2859 1328 3020 1379 etiam
3052 1328 3254 1381 habere
3285 1346 3444 1396 quas-

1886 1407 2006 1460 dam
2044 1423 2267 1474 pennas,
2300 1422 2355 1464 et
2394 1414 2567 1479 ignem
2620 1416 2889 1476 emittere,
2939 1433 2967 1470 a
3020 1434 3128 1487 quo
3172 1422 3439 1490 quidquid

1886 1498 2185 1562 incidebat,
2209 1504 2492 1556 videbatur
2516 1506 2784 1559 comburi.
2816 1508 2951 1561 Cum
2994 1522 3170 1563 autem
3219 1514 3270 1565 id
3293 1514 3439 1581 quod

1888 1590 2063 1643 visum
2131 1592 2328 1656 fuerat,
2396 1596 2697 1650 audivisset
2738 1598 3042 1661 Galaction,
3119 1602 3336 1655 diccbat
3386 1605 3438 1656 id

1885 1681 2025 1734 hanc
2056 1682 2254 1737 habere
2280 1696 2622 1751 potestatem.
2663 1688 2971 1743 Dixitenim
3007 1693 3107 1746 hos
3137 1704 3248 1747 tres
3307 1697 3439 1749 cho-

229 1768 492 1838 ριζόντων
540 1769 765 1830 ἑαυτοὺς
794 1769 1002 1836 κόσμου
1030 1771 1125 1822 καὶ
1154 1769 1261 1823 τῶν
1286 1770 1379 1823 τοῦ
1402 1770 1607 1848 κόσμου
1650 1773 1784 1824 πάει-
1819 1838 1854 1848 __
1885 1788 1898 1825 ι

1769 1800 1784 1811 -
1819 1838 1854 1848 __
1885 1787 1975 1826 ros
2025 1788 2146 1827 esse
2199 1788 2386 1827 eorum
2434 1778 2606 1844 quise
2636 1794 2665 1831 a
2704 1782 2906 1833 mundo
2957 1795 3230 1848 separant,
3276 1798 3331 1837 et
3373 1788 3438 1838 ab

225 1876 334 1911 των
360 1853 519 1920 εἶναι,
554 1859 849 1927 παρθενίαν
870 1875 928 1911 τε
958 1860 1356 1927 φυλαττόντων,
1394 1860 1489 1914 καὶ
1517 1859 1616 1931 ζῇν
1644 1862 1783 1913 κατά
1816 1838 1856 1892 Β
1889 1863 1894 1913 i

1766 1866 1783 1913 ι
1816 1838 1856 1892 Β
1889 1862 1955 1915 iis
2009 1877 2129 1930 quae
2183 1874 2308 1917 sunt
2346 1869 2552 1931 mundi,
2600 1880 2654 1922 et
2703 1884 2915 1925 servant
2955 1874 3347 1943 virginitatem,
3382 1888 3435 1931 et

225 1949 465 2017 Χριστὸν
500 1949 927 2016 ἐπανελομενωνσ
964 1950 1072 2002 τῶν
1100 1950 1157 2002 δὲ
1181 1951 1250 2002 τὰ
1282 1950 1510 2018 μέλαινα⁵
1558 1952 1782 2019 περιδε-

226 2038 535 2108 δλημένων,
587 2040 679 2091 καλ⁵
730 2040 921 2101 αὐτοὺς
952 2036 1103 2091 εἶπεν
1127 2040 1357 2092 ἑοικέναι
1387 2044 1494 2103 τοῖς
1516 2043 1780 2109 ἀγγέλοις

225 2129 455 2180 ἐκείνων
484 2130 590 2197 γὰρ
611 2130 665 2180 αί
696 2130 957 2197 πτέρυγες
990 2130 1080 2182 καὶ
1119 2130 1173 2183 τὸ
1206 2130 1314 2201 πῦρ
1342 2133 1502 2202 τάχος
1529 2132 1645 2202 ἅμα
1690 2134 1783 2184 καὶ

226 2220 387 2289 ἰσχὺν
422 2220 635 2289 ἄμαχον
668 2220 1047 2285 είκονίζουσιν.

294 2400 352 2453 l'.
397 2398 462 2451 Ἦ
486 2396 795 2467 Ἐπιστήμη
824 2397 900 2461 δὲ,
935 2398 1137 2452 τούτων
1155 2400 1466 2465 ἀκούσασα,
1500 2403 1656 2465 εὐθὺς
1683 2408 1779 2472 τὴν

222 2491 508 2558 εὐγένειάν
547 2508 605 2542 τε
655 2494 747 2543 καὶ
784 2490 844 2543 τὸ
878 2491 1164 2557 φιλόκαλον
1207 2487 1303 2562 τῆς
1351 2496 1555 2557 οίκείας
1590 2497 1778 2564 εδήλου

219 2585 421 2653 ψυχῆς,
450 2586 505 2635 ὲν
544 2583 808 2653 ἐπιθυμίᾳ
834 2600 892 2634 τε
913 2584 1010 2650 τῆς
1053 2585 1163 2635 τῶν
1190 2586 1493 2652 όραθέντων
1523 2591 1776 2658 γινομένη

226 2675 671 2744 μεγαλειότητος,
704 2670 849 2741 ’Δρά
881 2689 968 2739 γε,
1004 2667 1181 2736 εἶπεν,
1210 2677 1256 2727 εί
1285 2676 1639 2744 διασταίημεν
1678 2681 1771 2731 ἀπ’

220 2768 490 2833 ἀλλήλων,
532 2766 685 2831 ἄνερ,
718 2767 807 2818 καὶ
840 2767 958 2831 Θεῷ
999 2769 1514 2837 προσχωρήσαιμεν,
1557 2770 1779 2837 δυνησό-

225 2858 367 2928 μεθα
398 2859 489 2910 καὶ
530 2858 626 2926 τὴν
657 2860 735 2918 είς
774 2857 1030 2926 ἀλλήλους
1057 2859 1294 2911 διάθεσιν
1321 2859 1618 2927 ἀχώριστον
1658 2878 1780 2911 συν-

222 2954 459 3019 τηρεῖν;
507 2948 711 3001 Τούτου
752 2965 841 3017 μοι
889 2949 1028 3001 δίδου
1084 2948 1368 3017 βεϐαίωσιν
1415 2951 1647 3019 ἀσφαλῆ,
1686 2953 1779 3003 καὶ

221 3042 324 3092 οὐκ
358 3042 695 3107 ἐκστήσομαι
733 3042 951 3091 πώποτε
982 3040 1073 3091 τοῦ
1105 3042 1178 3108 μὴ
1212 3044 1483 3092 κοινωνεῖν
1510 3058 1589 3093 σοι
1619 3042 1777 3110 τῆσδε

1884 1953 2167 2019 elegerunt
2243 1956 2405 2009 vitam
2482 1973 2639 2025 agi-re
2711 1960 2933 2016 Christo
2986 1968 3427 2021 convenientem.

1886 2041 2083 2093 Eorum
2117 2053 2317 2104 autem,
2353 2049 2444 2112 qui
2474 2059 2630 2101 erant
2669 2050 2819 2118 nigra
2868 2063 3015 2107 veste
3062 2057 3258 2122 induti,
3292 2062 3436 2126 ipsos

1883 2131 2018 2185 dixit
2046 2147 2163 2185 csse
2198 2135 2400 2186 similes
2424 2139 2666 2205 angelis;
2698 2141 2912 2195 illorum
2944 2146 3089 2198 enim
3145 2164 3332 2214 pcnna:
3379 2160 3433 2203 ct

1883 2220 2023 2288 ignis
2080 2222 2240 2274 simul
2265 2223 2601 2279 celeritatem
2646 2239 2701 2282 et
2729 2230 2872 2284 vires
2921 2235 3231 2301 exprimunt
3276 2240 3430 2291 inex-

1882 2313 2224 2379 pugnabilcs.

1952 2403 2014 2455 Χ.
2058 2405 2327 2473 Epistcme
2355 2418 2534 2462 autem
2580 2410 2664 2465 his
2696 2413 2911 2478 auditis,
2961 2419 3141 2473 statim
3189 2422 3433 2477 ostendit

1879 2510 2199 2563 generosum
2226 2500 2486 2562 animum,
2542 2510 2598 2556 et
2652 2519 2829 2557 rerum
2882 2508 3231 2565 honestarum
3286 2530 3434 2569 amo-

1880 2602 1993 2639 rem
2022 2604 2033 2639 :
2067 2599 2119 2642 et
2150 2602 2302 2658 capta
2334 2594 2604 2648 desiderio
2632 2598 3016 2663 magnitudinis
3077 2617 3265 2656 eorum
3314 2624 3434 2674 qua!

1880 2678 1991 2731 visa
2027 2679 2242 2735 fuerant
2272 2700 2285 2734 :
2319 2685 2455 2737 Num
2484 2701 2631 2748 vero,
2670 2689 2865 2757 inquit,
2892 2706 2925 2743 ο
2954 2694 3165 2754 marite,
3194 2697 3240 2749 si
3275 2714 3304 2749 a
3338 2716 3436 2751 no-

1880 2770 1963 2823 bis
1997 2773 2223 2827 invicem
2257 2776 2683 2842 discesserimus,
2737 2791 2791 2835 et
2840 2785 2906 2836 ad
2940 2786 3105 2838 Deum
3138 2793 3436 2845 accesseri-

1880 2876 2022 2924 mus,
2058 2867 2355 2931 poterimus
2384 2882 2501 2921 eam
2548 2887 2787 2939 quoque,
2834 2889 2954 2941 qua:
2996 2887 3078 2929 est
3120 2880 3261 2933 inter
3311 2899 3432 2948 nos,

1880 2966 2201 3008 conservare
2233 2957 2614 3013 affectionem?
2638 2963 2707 3015 Da
2745 2965 2876 3017 mihi
2910 2967 3071 3034 hujus
3116 2976 3189 3023 rei
3219 2970 3430 3025 firmam

1880 3051 1933 3094 et
1974 3054 2175 3096 certam
2220 3048 2528 3101 cautionem
2561 3068 2576 3102 :
2610 3066 2711 3104 nec
2736 3068 2835 3121 ego
2874 3071 3107 3123 unquam
3147 3063 3431 3127 recusabo,

221 3132 323 3199 τῆς
352 3132 743 3198 προαιρέσεως.
787 3130 937 3182 Ἐπεὶ
985 3132 1041 3183 δὲ
1078 3131 1324 3198 ἀλλήλοις
1362 3133 1585 3199 ίσχυράς
1624 3133 1779 3185 δεδώο
1806 3153 1849 3211 C
1880 3151 1890 3185 ι

1762 3162 1779 3172 -
1806 3153 1849 3211 C
1880 3136 2171 3201 quominus
2202 3138 2300 3190 sini
2336 3140 2609 3194 tibiosocia
2657 3142 2821 3210 hujus
2855 3150 3138 3214 propositi.
3167 3152 3299 3206 Cum
3332 3171 3431 3208 au-

222 3237 355 3273 κασι
398 3222 608 3281 πίστεις
658 3221 733 3287 μὴ
776 3220 870 3271 ἀπ’
914 3220 1159 3289 ἀλλήλων
1199 3222 1338 3273 κατά
1382 3222 1609 3290 γνώμην
1648 3225 1776 3276 ποτὲ

220 3305 572 3374 διαναστῆναι
598 3347 610 3369 ,
642 3307 671 3357 ό
709 3306 1019 3359 Γαλακτίων
1070 3308 1136 3360 τά
1172 3307 1374 3375 συνήθη
1403 3308 1467 3360 δι’
1505 3312 1777 3378 ἱκετηρίας

222 3396 465 3466 ἐντυχὼν
510 3397 589 3463 τῷ
638 3396 773 3465 Θεῷ,
840 3400 904 3466 τῇ
974 3398 1280 3470 Ἐπιστήμῃ
1345 3401 1411 3451 τὰ
1472 3404 1778 3454 συνοίσοντα

228 3486 498 3549 ὑπετίθει,
534 3488 606 3537 Συ
642 3489 738 3555 μιν
776 3486 953 3549 ἀπιθι,
997 3487 1193 3554 λόγων,
1234 3493 1329 3543 καὶ
1367 3494 1479 3548 τοῖς
1506 3491 1778 3559 δεομένοις

224 3573 546 3643 ἐλευθερίως
580 3575 647 3625 τὰ
695 3574 963 3641 προσόντα
998 3574 1269 3642 διάνειμε,
1324 3576 1421 3628 οὐκ
1447 3577 1775 3640 ἀναλίσκειν,

220 3669 362 3722 ἀλλὰ
400 3667 747 3739 θησαυρίζειν
783 3668 985 3736 μᾶλλον
1016 3669 1157 3720 αὐτὰ
1202 3671 1260 3719 ἐν
1303 3670 1517 3727 ἀσύλοις
1545 3672 1780 3727 ,πιστεύ-

220 3777 362 3815 ουσα
392 3775 405 3789 ⁸
444 3759 555 3825 εγὼ
598 3758 654 3810 δέ
692 3776 774 3810 σοι
821 3760 914 3810 καὶ
960 3759 1149 3811 τούτου
1199 3760 1366 3823 τύπος
1424 3762 1641 3829 ἔσομαι,
1686 3764 1777 3813 καὶ

224 3851 444 3920 πρῶτος
494 3850 599 3901 τῶν
658 3848 808 3916 ἐμῶν
875 3850 1170 3917 ποιήσομαι
1216 3850 1312 3918 τὴν
1364 3852 1644 3921 διανομὴν,
1679 3854 1778 3903 οὐκ

223 3942 383 4009 ὀλίγῃ
415 3942 506 3989 καὶ
542 3940 833 4008 φειδομένῃ
878 3940 1043 4007 χειρὶ,
1094 3941 1230 3991 ἀλλὰ
1288 3942 1585 4009 φιλοτίμως
1623 3944 1777 4008 ἐξαν-

224 4032 368 4083 τλῶν
408 4032 499 4081 καὶ
544 4030 834 4091 πλουσίως.
875 4031 967 4092 Et;
1004 4030 1101 4099 τὴν
1137 4031 1325 4099 τρίτην
1348 4032 1401 4083 δὲ
1436 4034 1563 4100 ἡμῖν
1591 4036 1771 4103 ἀφίξῃ.

226 4125 324 4175 καί
363 4122 504 4174 κατά
528 4138 591 4188 γε
617 4122 678 4172 τό
707 4122 1032 4189 ἀμφοτέροις
1070 4122 1227 4187 δόξαν
1256 4124 1704 4192 οίκονομήσομεν.

301 4382 403 4437 IA'.
448 4384 596 4434 Ἐπεὶ
634 4381 725 4433 οὖν
762 4382 828 4433 τά
865 4382 992 4434 ὅντα
1030 4398 1086 4433 τε
1124 4383 1463 4450 διενείμαντο
1492 4383 1582 4435 καὶ
1616 4384 1775 4452 ἀλλή-

225 4474 340 4534 λοις
382 4472 658 4539 συνῆλθον,
718 4471 1008 4538 Εὐτόλμιόν
1067 4488 1187 4523 τινα
1241 4473 1453 4524 πάντων
1503 4468 1577 4524 ὧν
1633 4469 1772 4541 εἶχον
1810 4464 1849 4516 ο

226 4560 582 4614 εὐνούστατον
648 4561 957 4629 ὑπάρχοντα
1009 4560 1355 4628 θεραπόντων
1386 4601 1402 4625 ,
1462 4563 1776 4615 ἀκολουθεῖν

226 4654 611 4720 ἐντειλάμενοι,
644 4650 931 4719 ἐξήρχοντο
950 4651 1047 4716 τῆς
1083 4652 1283 4712 οἰκίας,
1331 4652 1422 4701 τὸν
1463 4653 1567 4704 τῶν
1619 4670 1774 4721 μονο-

226 4747 445 4815 τρόπων
506 4744 787 4811 μέλλοντες
851 4742 1099 4794 ὑπελθεῖν
1156 4741 1290 4808 βίον.
1339 4744 1479 4796 Δέκα
1536 4746 1591 4797 δὲ
1652 4748 1777 4809 ὅλας

226 4836 439 4904 ἡμέρας
462 4832 925 4901 ὁδοιπορήσαντες,
950 4832 1072 4900 ὅρος
1099 4834 1352 4899 φθάνουσι
1386 4835 1647 4889 Πούπλιον
1679 4839 1776 4905 μὲν

229 4925 335 4975 ὑπὸ
366 4922 471 4973 τῶν
499 4920 925 4989 προσοικούντων
960 4920 1312 4988 καλούμενον,
1373 4926 1535 4991 ὲγγὺς
1573 4927 1627 4976 δέ
1675 4945 1774 4977 που

229 5014 323 5065 τοῦ
360 5014 489 5062 Σινᾶ
541 5011 791 5079 κείμενον
835 5010 1014 5079 ὅρους.
1059 5011 1223 5063 Ἔνθα
1256 5014 1570 5067 δυοκαίδεκα
1614 5034 1778 5084 μονα-

226 5104 339 5171 χοίς
365 5101 694 5168 ἐντυχόντες,
717 5099 1018 5169 ἀσκητικὴν
1041 5100 1313 5153 πολιτείαν
1338 5108 1773 5172 μετερχομένοις,

224 5197 293 5245 τὰ
334 5190 427 5244 τοῦ
488 5190 690 5242 σκοποῦ
732 5207 791 5241 τε
852 5191 1034 5252 αὐτοῖς
1086 5192 1415 5261 διηγόρευον,
1475 5197 1567 5247 καὶ
1608 5213 1776 5264 προς-

226 5282 500 5350 ληςθῆναι
556 5283 648 5332 καὶ
707 5280 783 5349 τῷ
836 5280 1113 5350 καταλόγῳ
1172 5283 1374 5335 τούτων
1434 5287 1772 5355 ἐγγραφῆναι

224 5375 412 5444 ἡξίουν
442 5386 456 5399 ·
490 5371 518 5423 ὃ
554 5371 619 5440 δὴ
659 5372 755 5424 καὶ
800 5371 858 5423 οὐ
900 5372 1118 5434 πολλαῖς
1163 5376 1399 5443 ἡμέραις
1442 5375 1663 5445 ὕστερον
1694 5381 1775 5443 γε-

226 5482 395 5518 νεται.
436 5465 543 5517 Καὶ
583 5464 623 5515 Γ
624 5464 891 5517 αλακτίων
939 5465 1036 5532 μὲν
1064 5464 1140 5529 τῷ
1168 5466 1405 5534 τάγματι
1434 5467 1538 5519 τῶν
1562 5471 1772 5535 ἀνδρῶν

226 5556 430 5608 τούτων
458 5553 893 5622 συναριθμεῖται·
917 5556 950 5623 ὴ
989 5555 1292 5626 Ἑπιστήμη
1314 5558 1369 5610 δὲ
1401 5560 1533 5627 πρός
1573 5578 1627 5612 τι
1665 5564 1770 5613 τῶν

222 5644 623 5712 ἀπῳκισμένων
647 5642 908 5710 σεμνείων
933 5644 1021 5695 ὑπ’
1052 5645 1216 5699 αὑτοῦ
1250 5648 1542 5714 στέλλεται,
1574 5650 1702 5720 παρ’
1726 5646 1769 5720 ᾦ

224 5742 347 5789 τὶσισ
360 5757 379 5787 7
391 5753 483 5803 ρες
504 5734 765 5802 ἠσκοῦντο
802 5735 1073 5804 παρθένοι.

1883 3234 1987 3278 tem
2023 3229 2122 3279 sibi
2154 3229 2383 3281 invicem
2410 3240 2593 3284 sancte
2623 3234 2901 3289 dedissent
2937 3241 3116 3302 tidem,
3152 3258 3429 3313 nunquam

1877 3330 1996 3369 esse
2023 3333 2051 3369 a
2081 3333 2138 3370 se
2173 3319 2399 3373 invicem
2446 3323 2641 3376 animis
2692 3326 3098 3396 disjungendos,
3152 3333 3429 3393 Galaction

1878 3420 2000 3458 cum
2036 3407 2202 3459 Deum
2255 3408 2507 3476 precibus
2536 3413 2601 3465 de
2627 3430 2774 3469 more
2803 3431 2945 3472 esset
2973 3422 3261 3489 allocutus,
3308 3420 3433 3498 sng-

1879 3498 2044 3564 gessit
2072 3499 2360 3566 Epistemat
2386 3518 2448 3556 ea
2484 3520 2602 3572 qua:
2630 3518 2786 3562 erant
2815 3510 2993 3564 futura
3038 3515 3087 3565 ei
3117 3518 3435 3571 conducibi-

1879 3588 1970 3651 lia,
2001 3589 2194 3645 dicens
2221 3610 2232 3643 :
2265 3592 2345 3646 Tu
2374 3597 2592 3663 quidem
2619 3599 2726 3662 abi,
2761 3613 2817 3653 et
2848 3604 3237 3672 indigentibus,
3294 3624 3433 3677 quas

1880 3679 2047 3733 habes
2101 3682 2404 3747 facultates,
2443 3688 2711 3741 distribue
2750 3690 3071 3759 liberaliter,
3119 3699 3345 3753 credens
3377 3710 3429 3755 te

1878 3785 1984 3821 non
2015 3786 2104 3823 cas
2138 3788 2477 3837 consumere,
2498 3779 2593 3830 sed
2627 3779 2938 3834 thesaurum
2970 3788 3149 3851 potius
3172 3788 3223 3839 in
3251 3790 3428 3844 locum

1881 3866 2053 3911 tutum
2084 3877 2369 3928 reponere.
2404 3866 2516 3933 Ego
2543 3876 2722 3921 autem
2751 3873 2909 3939 hujus
2940 3874 3016 3925 rei
3058 3892 3143 3929 me
3173 3879 3267 3931 tibi
3302 3896 3429 3947 pro-

1878 3966 2070 4018 ponam
2098 3956 2391 4022 exemplar,
2415 3967 2468 4010 et
2492 3960 2697 4025 primus
2732 3978 2909 4015 rerum
2939 3980 3184 4019 mearum
3231 3971 3424 4025 faciam

1878 4041 2335 4107 distributionem,
2362 4062 2466 4098 non
2498 4063 2656 4103 avara
2684 4062 2737 4103 et
2774 4069 2930 4119 parca
2974 4072 3157 4122 manu,
3182 4062 3274 4114 sed
3308 4079 3428 4116 mu-

1878 4134 2036 4184 nifice
2060 4144 2113 4186 et
2142 4137 2355 4188 abunde
2385 4153 2475 4191 eas
2506 4141 2855 4196 exhauriens.
2890 4146 3085 4201 Venies
3113 4161 3291 4205 autem
3321 4165 3428 4209 ter-

1880 4225 1953 4275 tio
1983 4224 2090 4286 die,
2128 4236 2181 4278 et
2209 4237 2371 4293 prout
2394 4230 2637 4298 utrisque
2661 4233 2832 4285 visunt
2872 4233 3057 4302 fuerit,
3086 4240 3426 4310 dispensabi-

1881 4326 2023 4363 "HIS.

1949 4404 2039 4457 XI.
2075 4406 2207 4460 Cum
2243 4424 2375 4477 ergo
2418 4426 2537 4477 qua:
2582 4413 2874 4483 habebant,
2914 4419 3339 4489 distribuissent,
3372 4438 3425 4483 et

1881 4496 2020 4548 inter
2056 4512 2112 4550 se
2143 4502 2541 4564 convenissent,
2573 4505 2845 4583 Eutoltnio
2871 4512 3136 4578 omnium,
3167 4531 3303 4584 quos
3333 4520 3427 4572 ha-

1881 4586 2100 4647 bebant,
2147 4588 2470 4642 tantularum
2520 4592 3035 4653 benevolentissimo
3070 4609 3220 4672 sequi
3250 4609 3423 4673 jusso,

1879 4673 2075 4741 egressi
2110 4684 2236 4726 sunt
2269 4677 2428 4729 vitam
2470 4686 2773 4750 suscepturi
2806 4688 3126 4745 solitariam.
3158 4696 3290 4747 Cum
3330 4715 3426 4751 au-

1882 4772 1987 4814 tem
2038 4765 2397 4819 confecissent
2443 4770 2544 4822 iter
2593 4772 2781 4827 decem
2812 4778 3047 4840 dierum.
3093 4787 3320 4839 veniunt
3356 4790 3424 4843 ad

1878 4865 2138 4914 montem,
2172 4858 2263 4924 qui
2294 4860 2361 4912 ab
2388 4861 2574 4916 incolis
2598 4866 2813 4930 quidem
2845 4872 3145 4937 appellatur
3177 4877 3422 4946 Publius,

1877 4950 1958 4994 est
1990 4952 2168 4995 autem
2200 4962 2364 5013 prope
2396 4962 2632 5005 montem
2674 4955 2818 5009 Sina.
2851 4958 2967 5022 Quo
2994 4961 3047 5013 in
3077 4964 3199 5016 loco
3220 4982 3341 5020 cum
3370 4972 3423 5025 in

1877 5030 2064 5084 decem
2105 5038 2395 5089 monachos
2458 5040 2796 5108 incidissent,
2841 5049 2931 5115 qui
2989 5053 3149 5105 vitam
3200 5072 3423 5113 exerce~

1877 5119 2004 5172 bant
2034 5124 2403 5186 monasticam.
2452 5130 2531 5181 eis
2580 5144 2868 5186 narrarunt
2917 5153 3075 5191 suum
3105 5157 3327 5211 scortum
3367 5159 3423 5203 et

1877 5208 2205 5273 institutum,
2237 5222 2293 5265 et
2318 5226 2590 5281 rogarunt,
2616 5221 3128 5280 utadscriberentur
3156 5208 3418 5290 ineorum

1878 5314 2167 5352 numerum
2204 5318 2217 5353 :
2249 5304 2393 5369 quod
2429 5305 2647 5372 quidem
2688 5309 2744 5361 fit
2780 5325 2887 5363 non
2931 5314 3114 5367 multis
3146 5329 3267 5383 post
3307 5321 3424 5373 die-

1879 5388 1999 5443 bus.
2032 5391 2099 5444 Et
2127 5391 2404 5446 Galaction
2437 5398 2653 5463 quidem
2694 5401 2926 5455 refertur
2961 5405 3013 5457 in
3046 5407 3291 5461 ordinem
3323 5410 3422 5463 ho-

1879 5492 1997 5529 rum
2023 5479 2261 5533 virorum
2290 5498 2303 5533 :
2332 5483 2603 5549 Episteme
2631 5497 2811 5543 autem
2846 5492 3079 5546 mittitur
3107 5496 3174 5549 ab
3203 5497 3319 5565 ipso
3351 5500 3419 5553 ad

1875 5567 2150 5634 quoddam
2214 5574 2398 5639 procul
2451 5588 2713 5631 remotum
2756 5585 3163 5653 monasterium,
3213 5587 3268 5640 in
3308 5602 3420 5658 quo

1875 5666 2110 5724 quatuor
2146 5663 2541 5720 exercebantur
2566 5668 2825 5738 virgines.
