4226 6418
777 378 878 448 103

773 587 936 654 gisset
960 585 1260 648 Galaction,
1282 599 1444 653 quam
1479 599 1584 637 non
1612 584 1748 636 viam
1784 583 2003 652 quidem
2033 583 2172 642 iniit,
2204 595 2323 649 qua:

777 683 960 742 posset
995 673 1193 727 docere
1249 675 1672 727 moderationem
1701 673 1722 725 ?
1748 672 1918 738 Quem
1977 682 2156 725 autem
2203 685 2325 722 sen—

777 781 894 817 sum
929 780 1034 818 non
1062 766 1263 825 erudit,
1310 766 1507 819 limites
1533 774 1587 816 et
1612 764 1801 818 modos
1830 766 2112 831 imponens
2143 762 2324 814 omni-

777 856 900 917 bus,
930 865 982 908 et
1011 871 1208 922 cogens
1234 870 1324 908 eos
1355 870 1544 924 parere
1570 855 1806 907 rationi?
1837 856 1911 907 lla
1936 865 2112 907 autem
2146 850 2196 906 ei
2225 868 2323 904 cu-

779 959 850 997 ra:
873 944 1091 996 fuerunt
1123 943 1350 1011 jejunia,
1378 951 1438 995 ut
1469 941 1605 993 duos
1635 956 1806 992 annos
1832 941 1999 992 semel
2030 940 2082 991 in
2113 939 2322 992 hebdo-

777 1034 930 1086 mada
959 1046 1093 1099 pane
1123 1032 1238 1084 solo
1262 1040 1592 1091 vesceretur,
1615 1045 1785 1096 eoque
1808 1027 2040 1089 modico,
2071 1036 2127 1080 et
2150 1042 2321 1095 quan-

777 1133 890 1174 tum
925 1123 1054 1175 satis
1088 1131 1231 1174 esset
1261 1121 1325 1172 ad
1366 1121 1677 1184 vivendum.
1727 1119 1861 1172 Cum
1900 1119 2082 1170 inedia
2108 1133 2235 1169 vero
2265 1131 2323 1170 se

775 1214 940 1263 etiam
971 1210 1257 1264 exercebat
1291 1209 1342 1260 in
1376 1209 1592 1272 vigiliis,
1649 1218 1699 1260 et
1733 1208 1786 1259 in
1840 1216 2099 1274 perpetuo
2146 1207 2324 1258 studio

779 1299 1060 1350 orationis.
1088 1297 1365 1350 Pudicitia:
1392 1308 1569 1348 autem
1603 1305 1803 1346 tantam
1830 1309 2014 1346 curam
2051 1294 2232 1360 gessit,
2266 1304 2325 1346 ut

781 1405 882 1443 nec
934 1389 1119 1440 venire
1153 1388 1368 1453 quidem
1424 1386 1474 1436 in
1528 1394 1876 1452 conspectum
1937 1383 2184 1435 mulieris
2223 1400 2323 1436 un-

782 1492 943 1544 quam
977 1475 1246 1527 induxcrit
1282 1475 1333 1524 in
1392 1475 1653 1533 animum,
1685 1489 1750 1525 ex
1784 1487 1890 1540 quo
1929 1472 2028 1524 luit
2062 1473 2128 1523 ad
2162 1474 2323 1524 vitam

780 1566 1083 1632 adscriptus
1114 1565 1482 1615 monasticam.
1517 1564 1684 1629 llujns
1713 1571 1892 1613 autem
1929 1563 2005 1612 rei
2041 1571 2123 1613 est
2157 1578 2319 1628 aper-

781 1666 894 1708 tum
935 1653 1212 1714 indicium,
1249 1652 1389 1719 quod
1420 1667 1539 1703 cum
1570 1651 1676 1703 duo
1709 1650 1952 1702 monachi
1983 1662 2203 1703 matrem
2229 1652 2323 1702 ha-

784 1743 994 1803 berent,
1025 1759 1142 1810 qua:
1204 1758 1309 1794 non
1368 1743 1540 1794 solum
1591 1758 1773 1794 curam
1825 1743 2042 1810 gerebat
2089 1742 2322 1806 virtutis,

1985 383 2263 442 MENSIS
2302 381 2547 438 NOVEH
2565 382 2727 440 BER.

839 496 957 552 ΧΗ.
994 498 1127 552 Cum
1161 497 1299 550 hanc
1331 510 1458 563 ergo
1496 496 1617 549 vita:
1662 495 1881 562 agendas
1913 502 2174 548 rationem
2207 496 2318 546 clc-
2351 498 2396 550 A

3874 379 3975 444 1οι

2502 492 2596 547 lB'.
2629 494 2737 560 Τὴν
2798 493 2888 544 οὖν
2955 491 3174 562 ἀγωγὴ-ι
3213 492 3411 561 ταύτην
3449 495 3477 545 ό
3519 493 3824 546 Γαλακτίων
3860 491 3972 542 ἑλό-

2427 600 2603 650 μενος,
2645 584 2802 635 ποίαν
2837 584 2934 652 μὲν
2971 584 3070 636 οὐκ
3113 583 3344 652 ἐπῆλθεν
3382 584 3500 636 όδζν
3538 583 3744 646 διδάξαι
3778 581 3836 633 τὸ
3869 583 3974 649 μέ-

2423 689 2570 739 τριον
2599 673 2924 742 δυναμένην,
2961 675 3079 726 τίνα
3105 674 3159 726 δὲ
3195 675 3305 725 τῶν
3342 674 3645 741 αἰσθήσεων
3682 673 3780 724 οὐκ
3818 674 3977 723 ἐπαι-

2421 761 2704 830 δαγώγησε
2769 764 2970 826 πάσαις
3005 765 3165 832 ὄρους
3213 763 3418 823 ἐπιθεὶς
3456 763 3569 813 ⁸καὶ
3621 760 3813 828 μέτρα,
3880 761 3976 809 καὶ

2425 854 2732 922 πειθηνίους
2762 855 2927 917 αὑτὰς
2955 855 3198 924 λογισμῷ
3235 855 3310 924 τῷ
3339 852 3573 922 σώφρονι
3603 853 3968 918 καταστήσας

2422 943 2578 996 Οὕτω
2601 945 2658 996 δὲ
2689 945 2838 1014 αὐτῷ
2873 947 2966 998 καὶ
2995 945 3244 1013 νηστείας
3274 944 3563 1013 ἐμέλησεν,
3594 943 3672 1004 ’ὡς
3699 942 3792 993 ἐπὶ
3824 942 3975 992 δυσν

2423 1036 2600 1086 ἔτεσιν
2638 1035 2781 1099 ἅπαξ
2813 1036 2910 1103 τῆς
2943 1035 3232 1105 ἑϐδομάδος
3282 1037 3446 1104 ἄρτου
3492 1036 3650 1103 μόνον
3692 1032 3862 1102 μεταλ
3907 1051 3976 1101 μ-

2423 1119 2622 1183 6ἀνειν,
2658 1121 2752 1170 καὶ
2780 1121 2968 1174 τούτου
3013 1122 3243 1191 βραχέος
3284 1124 3378 1172 καὶ
3420 1125 3542 1174 ὅσον
3573 1122 3781 1189 ἀποζῇν
3811 1120 3976 1171 δύνα-

2425 1211 2573 1266 σθαι.
2599 1213 2922 1279 Συνησκεῖτο
2948 1211 3002 1264 δὲ
3035 1212 3180 1280 αὺτῷ
3211 1214 3276 1280 τῇ
3298 1213 3479 1280 ἀσιτία
3507 1211 3599 1264 καὶ
3619 1212 3678 1263 τὸ
3710 1212 3974 1279 eoa-59w

2379 1345 2382 1348 .
2424 1318 2574 1364 πνον,
2615 1301 2709 1352 καὶ
2757 1304 2788 1370 ἡ
2835 1302 2964 1370 περὶ
3015 1303 3114 1363 τὰς
3157 1303 3319 1370 εὐχὰς
3359 1304 3608 1373 διηνεκὴς
3669 1303 3974 1369 ἐπιμέλεια.

2424 1390 2782 1458 Σωφροσύνης
2832 1391 2888 1442 δὲ
2937 1391 3110 1453 οὕτως
3153 1393 3486 1461 ἐφρόντισεν,
3535 1393 3607 1453 ὡς
3656 1391 3788 1460 μηίὲ
3845 1391 3978 1459 προς

2423 1479 2542 1545 ὄψιν
2585 1479 2757 1530 ἐλθεῖν
2811 1481 3029 1545 γυναικὶ
3073 1482 3340 1549 μηδέποτε
3387 1483 3736 1549 ἀνασχέσθαι,
3782 1483 3872 1546 ἀφ’
3920 1477 3980 1532 οὗ

2422 1571 2483 1637 δίς
2524 1572 2616 1621 καὶ
2656 1572 2732 1639 τῷ
2775 1571 2883 1623 τῶν
2916 1573 3162 1640 μοναχῶν
3205 1573 3473 1640 ἐνεγράφη
3502 1573 3618 1640 βίῳ.
3665 1572 3976 1639 Τεκμήρον

2424 1664 2645 1730 ἀκριϐὲς
2672 1667 2753 1716 ὅτι
2801 1666 2894 1717 δύο
2937 1667 3043 1716 τῶν
3098 1667 3345 1736 μοναχῶν
3403 1669 3612 1734 μητέρα
3656 1667 3885 1733 ἐχόντων
3916 1668 3977 1714 οὐ

2430 1757 2587 1822 μόνον
2628 1758 2824 1825 ἀρετῆς
2871 1757 3288 1826 ἐπιμελομένην,
3330 1757 3464 1809 ἀλλὰ
3507 1759 3598 1808 καὶ
3640 1757 3838 1824 ἔξωρον
3877 1758 3981 1826 ἤδη

783 1835 876 1888 sed
910 1837 1017 1903 jam
1068 1843 1182 1886 erat
1238 1844 1501 1899 provecta-
1534 1833 1726 1893 aetatis,
1785 1841 1840 1884 et
1881 1843 2240 1886 consenuerat
2272 1837 2322 1888 in
2360 1814 2452 1894 ΒΞ.

2310 1852 2322 1888 l
2360 1814 2399 1867 Β
2429 1849 2520 1895 καὶ
2573 1847 2648 1911 τῷ
2694 1847 2976 1914 ἀσκητικῷ
3019 1848 3483 1916 καταγηράσασαν
3528 1845 3647 1916 βίῳ,
3685 1846 3979 1911 ἀξιούντων

782 1927 891 1975 vita
942 1921 1260 1983 monastiea,
1315 1932 1369 1973 et
1429 1929 1677 1989 regzarent
1729 1930 1788 1973 ut
1845 1936 1962 1974 eam
2012 1923 2236 1985 videret,
2271 1935 2327 1977 et

788 2029 1153 2070 maternarum
1215 2025 1356 2068 esset
1393 2029 1609 2081 precum
1662 2016 1950 2082 particeps,
2004 2030 2108 2068 non
2166 2019 2324 2069 susti-

787 2106 924 2158 nuit.

864 2222 1005 2276 Xlll.
1026 2222 1158 2276 Cum
1186 2218 1262 2272 sic
1283 2231 1410 2284 ergo
1439 2231 1495 2268 se
1525 2215 1767 2276 haberet,
1795 2223 1848 2268 et
1877 2214 1942 2267 ad
1973 2229 2187 2268 onmem
2219 2216 2327 2267 vir-

787 2323 956 2367 tutem
987 2321 1131 2364 recta
1163 2309 1246 2360 via
1279 2306 1575 2366 incederet,
1613 2319 1719 2356 non
1755 2305 1928 2356 visum
1965 2311 2046 2356 est
2079 2303 2183 2357 hoc
2220 2318 2332 2357 ma-

786 2403 933 2468 ligno
959 2398 1293 2452 tolerandum
1321 2411 1334 2446 :
1366 2392 1459 2446 sed
1495 2406 1618 2444 eum
1667 2389 1908 2445 subiens.
1938 2391 2032 2457 qui
2072 2400 2200 2442 tunc
2230 2391 2329 2442 atl-

794 2490 1136 2545 ministrabat
1166 2484 1472 2553 imperium.
1507 2495 1630 2532 eum
1659 2480 1891 2532 irritavit
1914 2480 2178 2532 adversus
2209 2495 2332 2532 om-

790 2598 887 2636 nes
915 2578 1269 2637 Christianos;
1301 2583 1354 2626 et
1378 2571 1580 2632 eﬂecit,
1612 2577 1670 2621 Ut
1691 2569 1950 2622 adversus
1978 2583 2071 2622 eos
2091 2579 2330 2636 apertam

793 2679 1036 2725 moveret
1084 2664 1537 2735 persecutionem.
1573 2661 1679 2713 Eos
1708 2660 1852 2712 enim
1885 2658 2105 2723 invasit,
2137 2660 2330 2726 partim

793 2763 1010 2831 quidem
1047 2774 1143 2826 per
1178 2772 1255 2819 se,
1291 2755 1486 2822 partim
1514 2760 1693 2804 autem
1722 2766 1816 2819 per
1838 2750 2088 2803 similiter
2109 2748 2334 2803 aﬂ'ectos

792 2853 1027 2905 vicarios
1059 2845 1370 2914 gravissime
1413 2843 1664 2910 puniens.
1704 2841 1781 2893 Ad
1814 2855 1935 2892 eum
1966 2848 2145 2892 autem
2186 2853 2338 2892 acce-

796 2943 1006 3001 dentes,
1035 2937 1124 3004 qui
1182 2932 1409 3000 tempori
1457 2929 1784 2991 serviebant,
1822 2928 2074 2980 dixerunt
2119 2943 2212 2981 eos
2241 2930 2334 2996 qui

797 3040 1034 3083 montem
1080 3026 1260 3079 Sinam
1320 3020 1654 3080 habitabant,
1703 3018 1833 3070 deos
1885 3018 2102 3084 quidem
2138 3017 2334 3070 habere

2425 1951 2482 1986 τε
2533 1935 2830 1989 θεάσασθαι
2874 1938 3094 2006 ταύτην,
3141 1939 3234 1992 καὶ
3280 1937 3558 2008 μητρικῶν
3602 1938 3775 2006 εὐχῶν
3813 1954 3978 2006 μετα·

2430 2027 2594 2093 σχεῖν,
2633 2029 2729 2078 οᾷκ
2767 2028 3037 2096 ἠνέσχετο.

2499 2205 2599 2258 ll".
2647 2205 2800 2256 Οὕτω
2851 2207 3136 2276 τοιγαροῦν
3189 2207 3404 2276 ἔχοντος
3453 2214 3548 2260 κα)⁸
3601 2210 3736 2279 πρὸς
3780 2209 3982 2280 ἀρετὴν

2431 2297 2608 2348 πᾶσαν
2650 2297 3093 2364 εὐθυποροῦντος,
3139 2301 3238 2351 οὐκ
3285 2300 3506 2352 ἀνεκτὸν
3547 2301 3718 2353 ἐδόκει
3756 2301 3834 2369 τῷ
3883 2319 3980 2352 που

2431 2384 2598 2453 νηρῷ,
2655 2385 2790 2437 ἀλλά
2840 2387 2929 2438 τὸν
2978 2387 3076 2456 τὴν
3124 2389 3499 2457 αὐτοκράτορα
3547 2390 3666 2441 τότε
3724 2391 3977 2459 μετιόντα

2431 2474 2603 2544 ἀρχὴν
2641 2475 2905 2535 ὑπελθὼν,
2943 2476 3160 2544 ἠρέθισέ
3199 2494 3258 2530 τι
3297 2481 3438 2532 κατά
3484 2481 3824 2550 Χριστιανῶν
3849 2483 3983 2533 πάν-

2430 2583 2559 2629 των,
2618 2566 2712 2617 καὶ
2763 2567 3000 2634 διωγμὸν
3051 2569 3283 2634 φανερὸν
3338 2570 3555 2636 κινῆσαι
3618 2572 3738 2622 κατ’
3799 2572 3981 2624 αὐτῶν

2433 2657 2830 2723 παρεσκεύασε.
2871 2657 2977 2708 Καὶ
3025 2660 3131 2726 γὰρ
3174 2659 3401 2726 ἐπῆλθεν
3443 2661 3621 2722 αὐτοῖς
3656 2662 3980 2730 βαρύτατος,

2432 2744 2497 2796 τὰ
2544 2746 2643 2813 μὲν
2695 2745 2762 2796 δι’
2809 2746 3022 2809 ἑαυτοῦ,
3078 2748 3147 2798 τὰ
3187 2748 3243 2799 δὲ
3298 2749 3385 2802 διὰ
3433 2751 3539 2801 τῶν
3590 2753 3788 2820 ὀμοῖως
3828 2754 3982 2822 αὐτῷ

2436 2834 2662 2902 ἑχόντων
2693 2836 3051 2888 ὑπασπιστῶν
3079 2838 3509 2907 τιμωρούμενος.
3536 2842 3718 2910 Τούτῳ
3739 2845 3790 2896 δὲ
3818 2863 3987 2914 προα-

2437 2923 2677 2984 ελθόντες
2703 2923 2752 2976 οἱ
2781 2923 2849 2974 τά
2870 2925 2963 2975 τοῦ
3011 2927 3201 2994 καιροῦ
3229 2927 3550 2996 θεραπεύειν
3575 2935 3982 2996 σπουδάζοντες.

2436 3013 2560 3074 τοὺς
2598 3014 2698 3064 ἀνά
2755 3015 2814 3065 τὸ
2871 3015 3078 3065 Σιναῖον
3140 3016 3263 3084 ὅρος
3310 3019 3590 3084 οἰκοῦντας
3632 3023 3698 3074 τὰ
3741 3027 3838 3091 μὲν
3878 3028 3988 3077 τῶν

797 3117 1130 3185 contemptui
1176 3128 1388 3166 :unum
1453 3119 1632 3165 autem
1682 3110 1856 3161 solum
1915 3110 2079 3161 Deum
2134 3109 2329 3172 colere,
2363 3140 2405 3198 ο
2439 3103 2466 3153 θ

2318 3149 2329 3172 ,
2363 3140 2405 3198 c
2439 3103 2574 3155 θεῶν
2613 3103 2938 3173 ἀτιμοῦντας
2975 3107 3180 3173 ἔλεγον,
3218 3110 3309 3161 ἕνα
3347 3110 3402 3161 δὲ
3439 3113 3596 3178 μόνον
3623 3113 3754 3166 Θεὸν
3790 3117 3987 3168 ὲστῖυ-

794 3224 1025 3278 eumque
1063 3204 1398 3265 cruciﬁxum,
1430 3211 1484 3254 et
1507 3200 1557 3253 ei
1588 3213 1799 3252 omnem
1831 3198 2023 3250 otl'erre
2053 3197 2334 3250 adoratio-

799 3316 944 3354 nem.
977 3297 1168 3350 Statim
1196 3309 1324 3361 ergo
1349 3294 1459 3354 illa,
1488 3299 1737 3357 tanquam
1769 3289 2010 3350 stimulo,
2044 3303 2335 3356 percussus

797 3390 1065 3448 oratione,
1092 3385 1256 3452 jussit
1287 3382 1500 3435 cohorti
1534 3380 1763 3431 militum
1798 3377 1875 3429 ire
1909 3377 1973 3429 ad
2007 3385 2260 3439 montem,
2285 3385 2338 3427 et

798 3482 1006 3533 vinctos
1050 3476 1115 3528 ad
1162 3488 1219 3527 se
1269 3472 1467 3524 dueere
1516 3483 1609 3520 eos
1662 3467 1750 3534 qui
1782 3467 1956 3533 ipsum
2007 3465 2332 3529 inhabitant,

799 3568 1151 3624 Christianos.
1185 3563 1300 3626 Quo
1357 3572 1533 3612 autem
1591 3567 1852 3624 tempore,
1900 3555 1992 3622 qui
2041 3557 2187 3608 missi
2223 3555 2337 3608 fue-

800 3670 940 3721 rant,
983 3657 1034 3708 in
1067 3655 1242 3707 locmn
1273 3656 1555 3706 venerant,
1609 3654 1664 3697 et
1719 3645 1860 3697 viros
1917 3643 2131 3695 divmos
2183 3652 2337 3696 erant

800 3747 1267 3815 eomprehensuri,
1301 3737 1572 3804 Episteme
1627 3733 1678 3785 in
1733 3733 1875 3784 dicto
1921 3730 2249 3784 monasterio
2281 3744 2337 3783 se

799 3848 1060 3891 cxorccns
1098 3843 1154 3883 ut
1207 3826 1488 3883 monacba,
1515 3826 1654 3875 circa
1694 3819 1921 3872 mediam
1947 3827 2157 3871 noctem
2193 3819 2338 3872 videt

800 3928 1091 3986 somnium.
1143 3919 1437 3973 Videbatur
1476 3914 1621 3966 enim
1656 3911 1813 3964 simul
1847 3924 1968 3963 cum
2025 3909 2333 3963 Galactione

801 4019 986 4069 venire
1013 4014 1065 4069 in
1096 4008 1363 4078 quoddam
1393 4003 1649 4072 palatium
1683 4016 1698 4052 ι
1739 3999 1904 4052 fuisse
1935 4004 2115 4050 autem
2148 4013 2334 4050 eorum

802 4108 975 4176 capita
1008 4102 1220 4156 coronis
1270 4113 1298 4148 a
1349 4109 1474 4162 rege
1525 4092 1793 4146 redimita.
1855 4090 2007 4143 Mane
2034 4102 2160 4140 vero
2194 4102 2338 4140 (eco-

803 4213 965 4255 nomo
1017 4187 1332 4248 monasterii
1362 4203 1423 4240 ea
1466 4199 1586 4252 qua:
1631 4182 1860 4242 viderat,
1912 4181 2335 4241 communicatis,

803 4297 986 4356 aperte
1014 4283 1201 4336 didicit
1235 4288 1488 4346 quorsum
1515 4255 1764 4326 tenderet
1797 4269 2083 4322 somnium.
2113 4268 2161 4320 ls
2192 4269 2336 4321 enim

804 4380 937 4432 dixit
983 4372 1236 4443 palatium
1292 4365 1510 4433 quidem
1571 4376 1690 4414 esse
1741 4373 1960 4426 regnum
2026 4359 2332 4416 caelorum;

2438 3194 2678 3262 ρωμένον
2735 3198 2934 3264 τιμᾷν,
2985 3202 3078 3248 καὶ
3133 3202 3306 3251 πᾶσαν
3347 3201 3492 3270 αὐτῷ
3540 3205 3833 3272 προσάγειν
3891 3209 3986 3260 λα-

2437 3286 2638 3349 τρείαν.
2676 3284 2844 3346 Εὐθὺς
2885 3286 2974 3338 οὖν
3007 3289 3230 3350 ἐκεῖνος,
3277 3291 3462 3360 ὥσπερ
3513 3295 3694 3360 μύωπι
3725 3297 3801 3364 τῷ
3844 3298 3986 3364 λόγῳ

2439 3374 2686 3440 πληγεὶς,
2725 3378 3069 3442 στρατιωτῶν
3096 3379 3351 3430 ἐπέταττε
3396 3383 3648 3450 φάλαγγα
3685 3387 3892 3452 ταχέως
3927 3405 3987 3438 τε

2438 3461 2496 3509 τὸ
2545 3464 2668 3528 ὅρος
2714 3463 3053 3528 καταλαϐεῖν,
3110 3468 3204 3520 καὶ
3249 3468 3499 3535 δεσμίους
3540 3472 3612 3534 ὼς
3657 3475 3816 3526 αὑτὸν
3861 3479 3988 3539 tot;

2439 3548 2551 3601 am
2587 3549 2921 3618 Χριστιανῶν
2945 3553 3153 3605 οἰκοῦσι
3184 3555 3340 3608 τοῦτο
3368 3559 3423 3608 τὸ
3455 3558 3576 3627 ὅρος
3609 3563 3852 3628 ἀγαγεῖν.
3903 3568 3992 3617 Ἐν

2438 3631 2480 3703 ᾧ
2505 3634 2597 3689 οὖν
2624 3640 2672 3692 ει
2711 3642 3049 3709 πεμφθέντες
3090 3645 3191 3696 ἀνὰ
3224 3645 3315 3698 τδν
3349 3648 3510 3699 τόπον
3543 3653 3819 3718 γενόμενοι
3863 3658 3994 3716 τοὺς

2439 3727 2612 3789 θείους
2637 3730 2854 3797 ἔμελλον
2877 3733 3070 3802 ἄνδρας
3100 3735 3397 3801 συλλαϐεῖν,
3428 3741 3459 3807 ἡ
3495 3739 3822 3809 Ἐπιστήμη,
3851 3749 3994 3798 κατὰ

2438 3817 2496 3868 τὸ
2532 3820 2693 3886 ῥηθὲν
2726 3823 3060 3891 ἀσκητήριον
3099 3826 3166 3877 τά
3206 3827 3312 3877 τῶν
3349 3830 3697 3896 ἀσκουμένων
3733 3850 3994 3902 μετερχοσ

2441 3908 2599 3976 μένη,
2637 3912 2760 3978 περὶ
2813 3912 2982 3978 μέσας
3040 3914 3260 3979 νύκτας,
3321 3918 3454 3986 δναρ
3505 3923 3606 3988 ὁρᾷ
3635 3923 3847 3975 ’ἐδόκει
3883 3927 3994 3994 γὰρ

2437 3996 2513 4056 ες
2568 4013 2618 4047 τι
2692 3999 2984 4069 ἀνάκτορον
3048 4006 3442 4073 σννειστρέχειν
3504 4008 3617 4077 ἅμα
3678 4012 3752 4078 τῷ
3826 4014 3998 4066 Γαλς-

2437 4086 2642 4150 κτίωνι,
2685 4092 2965 4154 στεφάνοις
2998 4108 3055 4142 τε
3089 4093 3191 4144 ὑπὸ
3227 4094 3484 4162 βασιλέω;
3513 4101 3853 4168 κοσμηθῆναι
3891 4105 3991 4165 τὰς

2438 4177 2696 4241 κεφαλάς.
2745 4179 2949 4231 Ἔωθεν
2999 4181 3053 4233 δὲ
3102 4183 3178 4250 τῷ
3214 4186 3480 4254 οἰκονόμῳ
3525 4189 3632 4239 τῶν
3677 4194 3773 4258 τῆς
3824 4197 3993 4259 μονξς

2441 4267 2566 4334 περὶ
2593 4261 2666 4318 ὧν
2691 4269 2941 4322 τεθέαται
2971 4279 3440 4343 κοινολογουμένη,
3468 4279 3572 4346 ὅπη
3597 4282 3753 4331 τείνει
3779 4283 3836 4332 τὸ
3860 4285 3996 4338 Evam

2443 4359 2624 4423 σαφῶς
2666 4360 2991 4425 έδιδάσκετο,
3030 4341 3306 4434 ἀνάκτορα
3356 4341 3457 4434 μέν
3492 4341 3572 4419 τὰ-
3603 4373 3708 4420 τῶν
3749 4341 3996 4440 οὐρα-λῶν

804 4481 982 4534 regem
1019 4471 1197 4515 autem
1251 4458 1423 4525 ipsum
1455 4467 1596 4512 esse,
1630 4449 1720 4518 qui
1757 4463 1878 4502 vere
1909 4459 1962 4500 et
1995 4448 2139 4499 solus
2159 4455 2212 4498 et
2245 4461 2338 4497 na-
2371 4462 2410 4515 D
2442 4463 2463 4495 ε

2325 4475 2338 4483 -
2371 4462 2410 4515 [)
2442 4448 2683 4508 εἰπόντος
2713 4448 2951 4516 βασίλεια
2975 4467 2987 4480 ο
3022 4452 3236 4518 βασιλέα
3267 4455 3327 4521 δὲ,
3357 4455 3515 4507 αὐτὸν
3556 4453 3710 4520 εἶναι,
3745 4464 3832 4511 τὸν
3859 4464 3994 4528 ἁλη-

807 4557 1052 4610 turaliter
1085 4556 1306 4618 regnat;
1348 4557 1578 4598 coronas
1630 4551 1808 4593 autem
1862 4539 1965 4590 hoc
2005 4535 2333 4605 significare,

804 4662 900 4700 cos
931 4659 1048 4696 mox
1074 4655 1192 4693 esse
1217 4647 1566 4705 processuros
1607 4630 1673 4682 ad
1715 4628 2031 4689 certamina,
2066 4635 2119 4678 ct
2148 4626 2340 4677 adver-

805 4738 962 4794 sariis
985 4735 1195 4786 futuros
1221 4729 1374 4797 plane
1411 4722 1748 4792 superiores.

874 4827 1008 4881 XIV.
1038 4823 1169 4876 Cum
1199 4832 1325 4886 ergo
1352 4815 1568 4874 milites,
1620 4821 1676 4862 ut
1714 4809 1846 4879 jussi
1882 4807 2114 4871 fuerant,
2163 4823 2337 4860 ncces.

807 4923 1025 4979 sissent,
1050 4927 1105 4968 et
1133 4910 1223 4966 alii
1248 4921 1435 4962 omnes
1464 4919 1519 4957 se
1560 4904 1613 4954 in
1644 4901 1816 4968 fugam
1851 4899 2225 4967 conjecissent,
2258 4898 2339 4949 in.

809 5013 1032 5065 veniunt
1073 5007 1210 5060 duos
1245 5001 1389 5055 solos
1436 4995 1726 5049 monachos
1748 5031 1762 5056 ,
1794 5005 2021 5060 quorum
2065 5004 2202 5041 unus
2228 4998 2343 5040 erat

808 5100 1108 5158 Galaction.
1143 5095 1274 5148 Cum
1310 5104 1441 5158 ergo
1497 5088 1586 5140 ille
1626 5082 1952 5152 quoqueab
2012 5081 2092 5133 eis
2142 5079 2342 5130 ductus

809 5203 973 5255 esset,
1002 5199 1057 5241 et
1089 5187 1192 5237 hoc
1241 5180 1550 5234 rescivisset
1596 5175 1889 5243 Episteme,
1943 5179 1997 5224 et
2038 5169 2263 5224 sedisset
2289 5170 2342 5222 in

811 5286 928 5337 loco
954 5278 1169 5334 sublimi
1198 5276 1414 5336 montis,
1446 5286 1511 5324 ex
1541 5284 1648 5337 quo
1697 5268 1809 5335 ipsa
1837 5265 2026 5317 videns
2051 5277 2156 5315 non
2197 5270 2346 5327 pote-

814 5381 896 5426 rat
925 5371 1114 5432 videri,
1143 5369 1234 5420 illa
1264 5366 1518 5418 cernebat
1550 5360 1741 5419 oculis,
1793 5370 1910 5424 qua:
1945 5369 2054 5406 non
2086 5352 2346 5419 potuisset

810 5461 1024 5531 quidem
1053 5459 1272 5512 auribus
1301 5456 1567 5522 accipere,
1596 5451 1835 5502 vinctum
1857 5446 2048 5499 abduci
2083 5443 2347 5496 Galactio—

815 5568 959 5613 nem,
983 5560 1037 5603 et
1060 5550 1150 5618 qui
1178 5563 1293 5601 esse
1321 5547 1500 5614 gravia
1521 5553 1776 5610 passurus
1836 5552 1934 5605 pro
1958 5546 2105 5588 certo
2123 5533 2349 5601 putaba~

819 5655 925 5695 tur.
958 5641 1024 5694 Se
1058 5655 1191 5707 ergo
1229 5639 1376 5689 humi
1412 5642 1778 5703 prosternens,
1812 5629 2161 5679 vehementer
2193 5638 2344 5689 roga-

816 5732 904 5786 bat
936 5731 1208 5787 ancillam,
1240 5738 1295 5778 nt
1328 5728 1527 5778 sineret
1575 5737 1690 5775 eam
1735 5729 2007 5787 proper-art
2062 5715 2124 5766 ad
2164 5710 2346 5762 Galac-

2441 4537 2545 4598 θῶς
2577 4541 2668 4589 καὶ
2701 4541 2870 4607 μόνως
2917 4543 3158 4608 φυσικῶς
3197 4544 3542 4612 βασιλεύοντα
3573 4565 3585 4578 ·
3632 4551 3753 4612 τοὺς
3792 4555 3995 4617 στεφά-

2443 4645 2560 4690 νους
2594 4631 2648 4682 δὲ
2677 4631 2834 4684 τοῦτο
2867 4634 3085 4702 δηλοῦν,
3125 4637 3206 4686 ὅτι
3232 4638 3366 4704 πρὸς
3398 4640 3612 4705 ἀγῶνας
3639 4640 3764 4709 ἄρτι
3807 4646 3995 4714 χωρή-

2443 4735 2611 4780 σουσι,
2641 4723 2731 4772 καὶ
2753 4723 3029 4789 κρείττους
3048 4726 3156 4778 τῶν
3172 4727 3477 4780 ἀντιπάλων
3495 4733 3732 4798 ἀτεχνῶς
3755 4733 3989 4788 ἔσονται.

2513 4810 2607 4865 ΙΔ’.
2641 4816 2701 4864 Οἱ
2739 4817 3062 4883 στρατιῶται
3091 4820 3268 4870 τοίνυν
3310 4821 3450 4873 κατά
3483 4821 3541 4873 τὺ
3577 4829 3993 4892 προστεταγμέ-

2441 4918 2528 4952 νον
2575 4904 2754 4966 αὑτοίς
2809 4907 3121 4969 ἐπελθόντες
3175 4910 3280 4960 τῶν
3349 4911 3521 4962 ἄλλων
3568 4915 3782 4966 πάντων
3837 4919 3987 4985 φυγῇ

2445 4995 2824 5062 χρησαμένων,
2863 4996 2955 5049 δύο
2989 4999 3178 5065 μόνους
3207 5001 3313 5050 τῶν
3340 5003 3584 5070 μοναχῶν
3623 5005 3989 5070 εὑρίσκουσιν,

2442 5077 2516 5135 ὧν
2561 5080 2639 5146 εἷς
2700 5088 2958 5155 ἐτύγχανε
2999 5089 3324 5144 Γαλακτίων.
3385 5093 3532 5144 Ἐπεὶ
3589 5091 3680 5146 οὖν
3742 5096 3994 5156 κάκεῖνος

2445 5174 2535 5226 ὑπ’
2567 5175 2743 5228 αὐτῶν
2773 5176 2956 5246 ἤγετο,
2994 5180 3235 5247 μαθοῦσα
3283 5182 3440 5234 τοῦτο
3475 5189 3507 5252 ἡ
3563 5186 3864 5254 Ἐπιστήμη
3896 5191 3993 5240 καὶ

2445 5264 2501 5314 έν
2547 5264 2774 5332 ἀπόπτῳ
2823 5267 2914 5320 τοῦ
2943 5267 3099 5336 ὅρους
3135 5270 3421 5331 καθίσασα,
3460 5273 3581 5324 ὅθεν
3630 5272 3694 5341 ἦν
3734 5277 3988 5344 ὁρᾶσθαι,

2445 5355 2626 5405 ἐκεῖνα
2673 5355 2856 5407 ἐθεᾶτο
2882 5360 2990 5418 τοῖς
3017 5360 3335 5428 ὀφθαλμοῖς,
3367 5363 3400 5415 ἃ
3429 5363 3557 5432 μηδὲ
3596 5368 3726 5434 ἀκοῇ
3758 5369 3994 5435 παραδέ-

2447 5443 2896 5508 ξασθαιδυνατῶς
2936 5445 3073 5515 εἶχε,
3112 5449 3326 5520 δέσμιον
3349 5453 3608 5520 ἀγόμενον
3646 5456 3998 5512 Γαῗ·ακτίω·.α

2447 5539 2539 5589 καὶ
2563 5538 2773 5605 χαλεπά
2799 5539 3078 5591 πείσεσθαι
3109 5542 3576 5610 προσδοκώμενον.
3611 5547 3993 5612 ΙΙροσκαταεαο

2451 5628 2616 5680 λοῦσα
2647 5627 2740 5680 οὖν
2771 5630 2847 5690 εἰς
2875 5629 3067 5699 ἔδαφος
3101 5633 3316 5703 ἑαυτὴν,
3351 5635 3517 5704 πολλή
3556 5653 3638 5697 τις
3666 5633 3732 5705 ἦν
3762 5638 3990 5708 δεομένη

2459 5724 2556 5788 τῆς
2611 5721 2853 5773 διακόνου
2913 5722 3174 5789 ἀφεθῆναι
3229 5725 3805 5796 ταύτηνηέπειχθῆιοαι
3860 5731 3994 5798 πρὸς
