4226 6418
228 368 335 433 105

1392 364 1568 433 ’νΙΤΛ
1619 366 1686 432 ’3.
1728 365 2251 431 GALACI‘IONIS.

3326 368 3424 437 105

221 486 600 549 Γαλακτίωνα,
658 483 753 537 καὶ
790 481 950 552 εἰπερ
989 482 1265 551 ἐγχωροῦν
1299 482 1409 552 εἰη,
1436 487 1543 546 τοῖς
1600 484 1783 547 αὐτοῖς
1814 488 1857 543 Α

1754 488 1783 547 ς
1814 488 1857 543 Α
1890 484 2113 546 tionem,
2144 492 2201 537 et
2230 483 2273 537 si
2302 484 2511 547 liceret,
2542 485 2733 538 eadem
2764 484 2949 540 subire
2977 484 3210 540 vincula.
3244 488 3298 542 Si
3326 505 3423 541 au-

228 575 600 644 ὑποϐληθῆναι
627 574 864 644 δεσμοῖς.
892 573 953 625 Εἰ
980 573 1037 626 δέ
1061 575 1152 626 καὶ
1179 573 1270 626 τδν
1302 572 1415 641 βίον
1437 573 1545 627 δέοι
1571 578 1777 628 ἐκεῖνον

223 663 532 728 ἀπολιπεῖν,
556 663 644 715 τὸν
672 664 787 717 ἴσον
819 663 914 715 καὶ
946 662 1114 732 αὐτὴν
1139 666 1261 717 τότε
1288 664 1516 717 θάνατον
1544 667 1778 733 ὑποστῆ-

222 770 333 806 ναι.
374 750 524 806 Εἶναι
560 755 663 825 γάρ
702 756 766 807 ἐκ
794 754 1036 816 πλείονος
1069 755 1249 817 αὐτοῖς
1277 756 1777 824 συμπεφωνημένον

221 846 405 909 τοῦτο,
439 849 512 917 μὴ
547 850 644 917 τῆς
680 848 776 901 ἀπ’
812 848 1057 916 αλλήλων
1081 847 1363 917 διαστῆναί
1390 864 1517 901 ποτε
1557 849 1779 919 γνώμης

227 941 325 993 καὶ
352 940 667 1001 διαθέσεως.
697 940 880 992 Δεινδν
906 938 1000 991 οὖν
1032 940 1218 1007 ἔλεγεν
1260 938 1424 1005 εἶναι,
1460 940 1555 993 τοῦ
1587 940 1776 1011 καιροῦ

232 1028 559 1091 καλοῦντος,
608 1032 842 1098 φανῆναι
878 1030 1079 1099 ταύτην
1117 1030 1223 1082 τῶν
1272 1029 1554 1098 συνθηκῶν
1597 1032 1782 1101 ἐπιλή-

232 1133 429 1185 σμονα.
464 1117 529 1169 Ἦ
550 1116 796 1180 διάκονος
821 1118 879 1170 δε
902 1116 1081 1184 λόγοις
1109 1119 1207 1187 μὶν
1236 1122 1493 1189 ἐπειρᾶτο
1520 1123 1782 1190 πρότερον

229 1206 334 1275 τῆς
382 1209 561 1277 όρμῆς
615 1208 851 1275 ἀπάγειν
898 1209 1111 1277 αὑτήν·
1165 1210 1243 1272 ὡς
1299 1210 1354 1262 δέ
1403 1210 1501 1263 οὐκ
1544 1212 1779 1277 ἔπειθεν,

232 1298 449 1367 ἀφῆκεν
479 1301 654 1351 ποιεῖν
688 1300 717 1351 ὃ
742 1316 792 1350 τι
818 1300 911 1351 καί
941 1298 1200 1365 βούλοιτο.

304 1389 406 1443 IE'.
450 1389 721 1459 Ἀσμένως
752 1388 846 1444 οὖν
876 1393 1057 1461 ἐκείνη
1085 1392 1181 1455 τὰς
1216 1395 1475 1455 συνούσας
1511 1395 1579 1446 τὰ
1606 1395 1783 1447 τελευ-

231 1484 361 1535 ταῖα
389 1482 891 1557 προσαγορεύσασα,
924 1484 1029 1535 τῶν
1070 1484 1227 1551 ἰχνῶν
1271 1486 1496 1538 κατόπιν
1538 1487 1631 1539 τοῦ
1682 1488 1783 1539 Γα-

233 1573 528 1634 λακτίωνος
594 1571 791 1640 εῐχετο.
865 1572 1017 1625 Ἐπεὶ
1081 1573 1137 1624 δέ
1187 1575 1282 1626 καὶ
1347 1576 1639 1640 ἐγγίζουσα
1694 1572 1780 1647 ἦν,

1883 579 1987 623 tem
2024 573 2187 625 vitam
2217 588 2433 641 quoque
2468 574 2616 627 illum
2650 584 2925 642 oporteret
2972 576 3306 644 relinquere,
3342 578 3421 643 lp-

1880 673 1992 713 sam
2020 676 2235 731 quoque
2271 663 2511 716 eamdem
2538 672 2765 717 mortem
2782 678 2898 718 esse
2927 665 3251 717 subituram.
3280 664 3425 717 Inter

1881 760 2173 817 utrumque
2202 752 2345 804 enim
2366 752 2688 821 jampridem
2720 754 3057 815 convenisse,
3086 768 3153 805 uc
3186 768 3421 820 unquam

1881 837 2325 907 disjungerentur
2392 839 2462 893 ab
2509 840 2701 894 cadem
2775 850 2952 895 urente
3010 850 3065 894 et
3114 840 3422 894 aﬂ‘ectione.

1882 928 2057 983 Grave
2090 944 2217 998 ergo
2270 940 2326 983 et
2356 930 2635 1000 indignum
2688 944 2808 985 esse
2840 931 3077 995 dicebat,
3103 932 3147 985 si
3182 940 3425 999 tempore

1880 1030 2110 1075 vocante
2137 1035 2202 1075 ea
2232 1021 2509 1075 videretur
2530 1035 2650 1076 esse
2683 1022 2848 1077 oblita
2879 1031 3157 1092 pactorum
3186 1038 3424 1078 conven-

1883 1122 2083 1166 torum.
2136 1112 2377 1167 Ministra
2433 1123 2611 1167 autem
2666 1116 2846 1169 verbis
2897 1115 3116 1184 quidem
3187 1117 3421 1183 primum

1882 1206 2179 1259 conabatur
2203 1221 2321 1259 eam
2368 1206 2639 1259 abducere
2689 1207 2759 1259 ab
2791 1206 3045 1275 incepto;
3083 1220 3205 1260 cum
3242 1213 3422 1259 autem

1883 1311 1989 1348 non
2023 1298 2397 1364 persuaderet,
2435 1298 2563 1351 sinit
2597 1313 2715 1351 eam
2750 1298 2925 1351 facere
2960 1298 3101 1365 quod
3133 1296 3315 1352 vellet.

1954 1385 2066 1441 XV.
2095 1388 2186 1440 Illa
2223 1404 2349 1457 ergo
2394 1405 2514 1441 cum
2548 1404 2640 1442 eas
2670 1404 2789 1457 qua
2823 1403 2944 1444 cum
2972 1388 3087 1457 ipsa
3111 1394 3287 1450 erant,
3332 1400 3425 1455 po-

1883 1487 2088 1531 stremo
2116 1489 2261 1533 esset
2290 1480 2547 1539 allocuta,
2582 1480 2778 1533 institit
2805 1480 3044 1545 vestigiis
3072 1477 3425 1531 Galactionis.

1884 1569 2016 1620 Cum
2060 1579 2241 1621 autem
2280 1584 2442 1635 prope
2487 1578 2653 1631 esset,
2722 1569 2947 1621 Domine
2994 1568 3089 1627 mi.
3137 1566 3426 1628 clamabat,

230 1662 407 1730 Κύριέ
435 1680 562 1729 μου,
591 1663 740 1727 ἐϐόα,
772 1663 865 1716 καὶ
892 1662 990 1733 τῆς
1023 1664 1163 1732 ἐμῆς
1198 1665 1361 1733 όδηγὶ
1390 1667 1677 1736 σωτηρίας.
1711 1668 1784 1739 μὴ
1878 1671 1899 1710 ε

1756 1668 1784 1739 η
1878 1668 1934 1710 et
1967 1658 2075 1711 dux
2102 1672 2233 1711 mea
2258 1658 2468 1721 salutis,
2512 1673 2577 1710 ne
2604 1673 2687 1711 me
2718 1673 2838 1726 qua:
2884 1668 2973 1710 tua
3016 1672 3135 1711 sum
3189 1670 3425 1720 recuses,

230 1754 548 1822 παραιτήσῃ
584 1769 649 1821 με
685 1752 783 1823 τὴν
822 1754 941 1823 σὴν,
984 1746 1118 1822 μηδὲ
1164 1749 1239 1807 ὦν
1284 1757 1619 1825 συνεθέμεθα
1652 1759 1783 1827 πρὸς

1886 1763 1987 1801 ncc
2037 1749 2381 1801 obliviscaris
2430 1763 2624 1803 eorum
2669 1763 2789 1817 qua
2845 1750 2983 1801 inter
3012 1763 3112 1800 nos
3159 1762 3427 1800 convent--

227 1840 494 1909 ἀλλήλους
534 1843 951 1912 ἀμνημονήσης.
991 1837 1091 1896 ⁷ον
1124 1845 1173 1897 οἰ
1205 1844 1343 1908 ὀξεῖς
1374 1845 1639 1917 ὑπηρέται
1683 1851 1783 1919 τῆς
1817 1835 1855 1887 Β
1883 1852 1896 1890 1

1757 1866 1783 1911 ς
1817 1835 1855 1887 Β
1883 1847 2029 1890 runt.
2070 1839 2197 1900 Quae
2224 1852 2348 1892 cum
2379 1838 2708 1893 audivissent
2729 1852 2885 1891 acres
2918 1836 3145 1891 ministri
3178 1837 3426 1905 impieta-

229 1934 487 1996 ἀσεόεἰας
513 1935 865 1997 ἀκούσαντες,
889 1938 952 1987 ἐκ
978 1935 1147 2005 μέσης
1172 1938 1499 2008 άνέστρεςρον
1519 1942 1614 2008 τῆς
1642 1939 1782 2006 όδοῦ,

228 2031 323 2079 καὶ
351 2030 741 2097 κατασχόντες,
763 2029 985 2097 δεσμοῖς
1012 2030 1184 2100 αὐτὴν
1210 2032 1643 2100 περιϐάλλουσιν,
1676 2037 1784 2089 οὐδ’

228 2119 409 2172 brieﬂy
437 2121 702 2184 εἰπόντες,
734 2120 871 2173 ἀλλὰ
912 2122 1005 2173 καὶ
1036 2123 1170 2192 πρὸς
1207 2124 1374 2193 αὐτὴν
1404 2126 1786 2196 ὑπερηφανευ-

232 2210 579 2282 σάμενοιτὴν
611 2212 897 2282 ἐρώτησιν.
952 2213 1009 2264 '0
1052 2216 1107 2266 δέ
1176 2215 1487 2268 Γαλακτίων
1542 2218 1661 2271 οὐδὲ
1693 2220 1783 2269 οὔ.

228 2318 340 2361 τως
373 2301 512 2370 ἔχων
534 2305 793 2371 ἀπείχετο
829 2304 1227 2371 παραινέσεων,
1267 2305 1401 2357 ἀλλὰ
1428 2308 1521 2357 καὶ
1554 2307 1784 2375 βαδίζων

227 2392 324 2440 καὶ
350 2390 521 2458 δεσμὰ
553 2392 929 2461 περικείμενος
950 2391 1213 2443 ἐνουθέτει
1243 2393 1309 2446 τὰ
1346 2396 1549 2459 δέοντα,
1576 2398 1663 2465 Μή
1701 2414 1782 2460 σε,

229 2479 427 2544 λέγων,
459 2473 504 2531 ὧ
563 2478 747 2546 γύναι,
803 2480 993 2548 ἀπάτῃ
1040 2480 1375 2546 περιέλθοιεν
1422 2483 1471 2532 οἰ
1516 2482 1718 2549 ἐχθροί,
1751 2483 1782 2547 ἦ

229 2569 381 2620 δεινὰ
428 2570 563 2637 πρὸς
613 2568 777 2635 φόϐον
812 2570 1126 2635 ἐπάγοντες,
1183 2568 1216 2638 ἢ
1266 2571 1377 2630 τοίς
1413 2569 1644 2638 ἡδίστοις
1692 2571 1783 2623 τοῦ

231 2659 438 2726 κόσμου
476 2656 920 2727 παρακαλοῦντες
949 2659 1082 2726 πρὸς
1106 2657 1202 2727 τὴν
1229 2658 1503 2712 ἀσέϐειαν.
1540 2660 1626 2712 ‘Ev
1654 2656 1695 2726 ᾧ
1727 2662 1783 2713 δὲ

230 2746 401 2799 ταῦτα
438 2748 703 2814 ἐλέγοντο,
741 2743 843 2817 ἦκέ
883 2764 963 2809 τις
1008 2748 1457 2816 ἐσπουδασμένως
1499 2752 1591 2801 καὶ
1621 2752 1784 2805 πολὺν

233 2836 312 2904 τῷ
359 2837 637 2905 προσώπῳ
697 2836 1068 2903 διασημαίνων
1126 2835 1214 2887 τέν
1267 2836 1513 2903 θόρυϐον,
1572 2841 1648 2899 εἰς
1689 2842 1787 2905 τὴν

232 2927 424 2995 αὔριον
454 2928 625 2992 λέγων
650 2929 747 2994 τὴν
772 2929 897 2995 περὶ
928 2927 1032 2978 τῶν
1067 2926 1239 2993 ἁγίων
1279 2928 1633 2997 ταμιευθῆναι
1675 2930 1787 2994 ἐξό-

233 3034 414 3079 τασιν,
458 3018 597 3069 οὕτω
633 3019 709 3086 τῷ
740 3018 958 3085 ἄρχοντι
998 3017 1175 3080 δόξαν.
1207 3017 1414 3069 Ἐωθεν
1455 3016 1547 3073 οὖν
1583 3024 1609 3072 ὁ
1638 3022 1787 3073 δικά-

1888 1928 1979 1989 tis,
2011 1943 2041 1982 e
2074 1929 2250 1982 medie
2287 1929 2370 1982 via
2418 1935 2545 1982 sunt
2599 1930 2820 1991 reversi,
2873 1938 2929 1983 et
2975 1929 3424 1996 comprehensam

1882 2018 2076 2071 iisdem
2108 2019 2445 2071 circumdant
2486 2019 2733 2081 vinculis,
2762 2035 2884 2071 eum
2927 2018 3061 2071 nihil
3086 2017 3235 2070 aliud
3262 2017 3427 2070 dixis-

1884 2119 2029 2169 scut,
2075 2108 2169 2161 sed
2203 2108 2355 2160 valde
2398 2109 2557 2161 laetati
2591 2117 2773 2161 essent
2812 2108 2876 2160 ad
2913 2108 3079 2175 ipsam
3131 2109 3426 2174 interroga-

1888 2197 2110 2251 tionem.
2135 2198 2413 2251 Galaction
2444 2213 2572 2251 vero
2595 2214 2661 2251 ne
2681 2200 2759 2252 sic.
2782 2198 3001 2266 quidem
3023 2195 3267 2261 aﬁ‘ectus,
3296 2212 3324 2247 a
3345 2196 3426 2248 di-

1886 2288 2026 2340 vinis
2084 2288 2391 2341 abStincbat
2440 2287 2901 2341 admonition:bus
2945 2304 2958 2339 :
3006 2287 3100 2340 sed
3151 2296 3205 2341 et
3257 2290 3426 2353 ingre-

1884 2380 2059 2443 diens,
2100 2389 2151 2432 et
2182 2378 2551 2433 circumdatus
2593 2379 2842 2443 vinculis,
2867 2393 2930 2431 ea
2957 2379 3140 2441 dabat,
3171 2393 3289 2447 quae
3333 2393 3429 2445 par

1884 2480 2025 2532 erat,
2061 2470 2289 2531 monita,
2348 2467 2422 2521 Ne
2472 2479 2542 2530 te,
2589 2468 2796 2529 dicens,
2829 2484 2860 2521 ο
2904 2483 3057 2530 uxor,
3106 2468 3294 2521 fraude
3322 2467 3429 2519 cir-

1887 2561 2233 2615 cumveniant
2265 2559 2491 2621 inimici,
2527 2569 2620 2611 aut
2648 2560 2828 2627 gravia
2861 2558 2925 2610 ad
2956 2567 3221 2611 terrorem
3252 2557 3432 2609 iuten~

1890 2660 2081 2712 latttt's,
2120 2660 2207 2703 aut
2243 2651 2307 2702 iis
2332 2663 2452 2716 qua:
2484 2659 2610 2702 sunt
2647 2647 2831 2699 mundi
2878 2648 3184 2704 incitantes.
3215 2646 3282 2700 ad
3328 2647 3425 2699 im-

1888 2744 2163 2809 pietatem.
2199 2740 2417 2793 Interim
2440 2748 2619 2793 autem
2645 2738 2773 2791 dum
2812 2738 2923 2791 haec
2957 2738 3289 2797 dicerentur.
3331 2752 3423 2789 ve-

1892 2835 1970 2885 nit
2007 2833 2226 2900 quidam
2248 2831 2590 2891 festinanter,
2615 2838 2670 2882 et
2690 2829 2841 2882 vultu
2865 2844 3113 2897 magnum
3137 2829 3425 2881 tumultum

1888 2922 2235 2992 significans.
2286 2922 2340 2975 in
2396 2923 2690 2976 crastinum
2739 2922 2881 2975 diem
2939 2935 3059 2975 esse
3101 2928 3428 2974 reservatam

1890 3023 2199 3068 sanctorum
2224 3014 2696 3075 examinationem,
2730 3028 2852 3066 cum
2881 3013 2953 3065 it-a
2988 3012 3059 3065 sit
3087 3011 3259 3064 visum
3290 3027 3429 3080 pra:-

233 3108 342 3170 ζων
399 3109 491 3158 ἐπὶ
542 3108 632 3159 τὸν
678 3109 840 3159 τόπον
884 3107 1015 3159 ἔνθα
1080 3108 1204 3168 τοὺς
1261 3109 1612 3177 κρινομένους
1667 3112 1784 3173 ἱθος
1818 3121 1902 3199 ct

1760 3128 1784 3173 ;
1818 3143 1857 3199 ε
1892 3107 2013 3159 sidi.
2050 3105 2203 3159 Mane
2234 3120 2361 3172 ergo
2405 3106 2565 3173 judex
2592 3106 2744 3173 jubet
2788 3119 2881 3157 eos
2910 3103 3102 3156 adduci
3134 3104 3187 3155 in
3226 3103 3426 3161 locum.

235 3201 467 3266 ἀχθῆναι
511 3198 704 3260 αὐτοὺς
747 3200 1097 3265 προσέταττε.

306 3292 422 3355 ις’.
463 3291 569 3344 Καὶ
606 3292 808 3361 σπουδῇ
854 3292 1023 3361 πολλῇ
1064 3293 1476 3361 παραστάντων,
1527 3296 1555 3345 ό
1608 3296 1788 3363 ἄρχων

232 3384 418 3446 εὐθὺς,
465 3385 525 3434 οὑ
568 3384 755 3452 τύχην,
800 3383 859 3434 οὐ
907 3384 1004 3451 τὴν
1052 3384 1402 3449 ἐνεγκοῦσαν,
1443 3385 1542 3438 οὐκ
1580 3386 1707 3438 ἄλλο
1738 3403 1788 3439 τι

234 3473 341 3523 τῶν
393 3472 642 3539 συνήθων
698 3473 893 3532 αὐτοὺς
942 3471 1225 3539 ἐπηρώτα,
1260 3473 1379 3525 οὺδέ
1420 3474 1553 3542 πρὸς
1602 3474 1790 3541 λόγους

234 3566 431 3633 ἐχώρει
477 3565 533 3616 τὸ
567 3564 774 3615 πείθειν
802 3563 1043 3632 ἔχοντας,
1079 3563 1213 3614 ἀλλὰ
1242 3562 1406 3632 δριμὺ
1439 3570 1530 3616 καὶ
1562 3567 1788 3637 ἀπειλη-

231 3658 385 3707 τικὸν
416 3654 689 3722 ἐμϐλέψας
719 3650 1074 3715 Γαλακτίωνι,
1110 3651 1209 3714 Τίς
1236 3647 1391 3715 οὗτος
1432 3655 1524 3706 ἐπὶ
1576 3658 1790 3728 συννοίᾳ.

236 3745 330 3795 καὶ
359 3742 796 3811 σκυθρωπότητι,
828 3739 905 3810 τῷ
935 3741 1175 3810 περιόντι
1201 3741 1295 3794 τοῦ
1318 3742 1492 3811 θυμοῦ
1516 3746 1790 3812 ἀπεφθέγ-

234 3851 383 3900 γετο,
434 3837 526 3887 καὶ
577 3834 682 3884 τίνι
735 3833 877 3899 ἄλλῳ
922 3834 982 3883 τὸ
1015 3832 1174 3895 σέσας
1206 3836 1490 3897 ἀποδιδοὺς
1539 3840 1790 3906 ἀτιμάζει

235 3927 432 3990 θεούς;
474 3928 533 3977 '0
587 3926 897 3977 Γαλακτίων
938 3925 1032 3987 δέ,
1079 3926 1241 3995 μηδὲν
1289 3926 1616 3995 ὑποπτήξας,
1652 3931 1787 3997 μήτε

232 4019 333 4085 ⁸τῆς
361 4018 622 4086 συνήθους
643 4016 955 4084 μεταϐαλὼν
976 4017 1381 4081 καταστάσεως,
1400 4018 1503 4068 Τὸν
1533 4018 1630 4085 μὲν
1654 4022 1784 4085 βίον,

234 4106 376 4169 εἶπε,
401 4110 655 4175 μοναχδς,
678 4109 783 4159 άπὸ
811 4106 1042 4174 Χριστοῦ
1067 4106 1122 4157 δέ
1141 4107 1199 4157 τὸ
1224 4107 1499 4159 καλεῖσθαι
1531 4108 1786 4176 Χριστια-

233 4202 320 4260 νὸς
355 4198 483 4266 ἔχω,
520 4193 562 4262 ᾦ
593 4198 682 4247 καὶ
728 4195 787 4247 τὸ
824 4195 984 4255 σέϐας
1021 4195 1295 4262 εὐφρονῶν
1333 4198 1649 4265 ἀποδίδωμι.
1699 4198 1787 4255 Ὣς

229 4290 289 4339 δὲ
319 4290 411 4338 καὶ
447 4285 611 4346 πολὺς
641 4280 708 4354 ἦν
738 4287 767 4337 ὁ
795 4286 945 4351 ἇγιος
979 4284 1187 4351 βάλλων
1213 4286 1372 4336 αὑτὸν
1400 4289 1511 4348 τοῖς
1538 4288 1781 4351 ὀνείδεσι,

238 4377 332 4426 καὶ
355 4376 423 4427 τὰ
458 4376 565 4425 τῶν
604 4373 741 4425 θεῶν
766 4373 930 4425 αὑτοῦ
950 4372 1253 4440 κωμῳδῶν,
1294 4376 1387 4425 καὶ
1417 4376 1607 4443 ἐπίσης
1632 4380 1787 4441 ἀνοή-

1896 3196 1949 3248 in
1978 3210 2138 3262 quem
2176 3210 2292 3248 mos
2315 3205 2399 3249 est
2426 3195 2627 3248 adduci
2658 3210 2782 3249 reos
2808 3195 3151 3264 judicandos.

1961 3285 2096 3339 XVI.
2123 3285 2256 3339 Cum
2288 3295 2467 3339 autem
2519 3301 2711 3355 magno
2739 3284 2922 3339 studio
2950 3284 3193 3353 producti
3226 3295 3426 3345 essent,

1890 3392 2090 3447 praeses
2123 3378 2301 3430 statim
2331 3392 2437 3431 non
2464 3377 2530 3429 de
2552 3378 2783 3439 fortuna,
2817 3392 2923 3429 non
2949 3376 3015 3429 de
3044 3391 3106 3429 ea
3131 3390 3250 3443 qua
3278 3379 3425 3442 uno:

1893 3467 2015 3519 tulit
2042 3468 2233 3534 patria,
2265 3481 2372 3519 non
2402 3468 2467 3520 de
2496 3467 2675 3534 aliquo
2699 3468 2806 3519 aiio
2822 3481 2886 3519 ex
2906 3467 3104 3533 iisquae
3129 3479 3429 3519 consueve-

1892 3566 2020 3611 runt
2039 3598 2055 3622 ,
2091 3558 2211 3611 illos
2241 3561 2727 3625 interrogatusque
2755 3554 2979 3609 accessit
3009 3558 3072 3610 ad
3109 3557 3293 3620 verba,
3313 3571 3430 3623 quae

1891 3658 2114 3716 possunt
2141 3648 2486 3715 persuadere,
2518 3649 2610 3701 sed
2638 3658 2790 3701 torve
2827 3660 2881 3700 ct
2901 3648 3180 3701 minaciter
3209 3648 3426 3701 intuens

1889 3738 2260 3791 Galactionem
2291 3755 2302 3789 :
2342 3740 2473 3802 Quis
2520 3738 2606 3790 hic
2644 3750 2727 3791 est
2754 3738 2921 3792 tristis
2944 3746 2998 3790 et
3036 3736 3431 3806 cogitabundus

1892 3828 2079 3896 (nimia
2115 3828 2193 3880 ira
2221 3828 2356 3881 dixit
2390 3828 2686 3896 incitatus),
2717 3838 2770 3880 et
2816 3828 3030 3880 cuinam
3062 3829 3151 3881 alii
3185 3828 3429 3881 divinum

1890 3920 2096 3971 cultum
2154 3919 2423 3979 tribuens,
2473 3918 2607 3972 deos
2642 3919 2904 3987 negligit?
2934 3919 3212 3974 Galaction
3251 3928 3429 3974 autem

1890 4011 2022 4068 nihil
2064 4011 2383 4070 formidans,
2422 4024 2595 4077 neque
2628 4010 2694 4063 de
2712 4011 2869 4063 sol-ita
2900 4010 3191 4078 quidquam
3217 4019 3432 4063 mutans

1887 4101 2215 4154 constantia.
2283 4101 2399 4152 Vita
2428 4100 2668 4168 quidem,
2707 4101 2903 4169 inquit,
2946 4115 3065 4153 sunt
3109 4101 3424 4162 monachus,

1890 4209 1917 4245 a
1946 4192 2162 4246 Christo
2204 4202 2384 4245 autem
2432 4192 2625 4253 habeo,
2668 4192 2812 4259 quod
2854 4206 3016 4246 vocor
3047 4190 3427 4245 Christianus:

1890 4284 1978 4335 cui
2030 4284 2217 4346 etiam,
2270 4290 2327 4333 ut
2356 4282 2446 4348 qui
2497 4291 2642 4333 recte
2684 4280 2933 4343 sentiam,
2980 4279 3159 4332 tribuo
3200 4280 3427 4332 cultum.

1890 4371 2021 4425 Cum
2054 4388 2179 4425 vero
2222 4382 2443 4425 sanctus
2482 4386 2605 4423 eum
2651 4370 2835 4423 multis
2873 4369 3087 4436 probris
3134 4370 3430 4422 insectare-

232 4483 359 4527 τους
404 4465 693 4517 ἀποκαλῶν
734 4466 859 4525 τοὺς
891 4464 959 4515 τὰ
998 4463 1177 4531 ἀψυχα
1230 4467 1387 4515 ταυτί
1439 4466 1781 4535 σεϐομένους,
1818 4448 1901 4516 Dl

1757 4487 1781 4529 -,
1818 4448 1866 4506 Ῑ)
1893 4473 1998 4521 tur.
2032 4472 2085 4515 et
2108 4464 2236 4515 deos
2260 4464 2377 4531 ejus
2398 4463 2782 4516 ludiﬁcaretur.
2811 4470 2864 4513 et
2896 4474 3046 4527 teque
3070 4470 3310 4512 amentes
3334 4474 3426 4511 vo-

234 4562 333 4619 ta;
375 4560 560 4625 χεῖρας
609 4554 783 4606 ὀπίσω
836 4553 1053 4605 δεθέντα
1107 4553 1411 4620 βουνεύροις
1442 4554 1731 4605 ἐπέταττεν
1761 4557 1785 4606 ὁ

240 4650 544 4716 κατάρατος
588 4644 829 4712 ἀνηλεῶς
861 4644 1020 4695 αὑτὸν
1049 4643 1366 4699 τύπτεσθαι.
1411 4645 1788 4713 Μαστιγουμέ-

236 4757 329 4791 νου
355 4740 409 4790 δέ
440 4740 651 4801 τούτου,
690 4738 723 4804 ἠ
763 4736 1067 4804 Ἐπιστήμη
1109 4735 1399 4804 βλέπουσα,
1424 4739 1511 4787 καί
1540 4727 1789 4806 ἀρρήτως

237 4830 339 4898 τὴν
381 4828 555 4897 ψυχὴν
585 4828 893 4894 πάσχουσα,
929 4824 1033 4875 Φεῦ
1081 4824 1177 4892 τῆς
1219 4825 1512 4893 ἀκορέστου
1556 4825 1691 4892 πρὸς
1732 4824 1790 4876 τὸ

238 4918 507 4981 κολάζειν,
546 4917 672 4985 ἐφη,
716 4915 933 4985 ψυχῆςί
970 4916 1083 4965 Ἰνα
1116 4913 1167 4965 τί
1208 4914 1459 4976 τοιαύτας
1494 4915 1790 4966 ἐνετείνατε

245 5012 513 5079 μάστιγας
575 5010 783 5077 νεαροίς
820 5006 962 5059 οὕτω
1006 5005 1585 5077 μέλεσιδκαὶπολλοϊς
1618 5007 1790 5075 ἀσκή-

243 5119 381 5163 σεως
409 5104 589 5163 πόνοις
634 5098 981 5166 τεηγμένοις
1014 5113 1028 5162 ;
1078 5096 1200 5158 Πῶς
1234 5095 1289 5148 δέ
1330 5098 1482 5162 καὶὴ
1524 5098 1642 5165 χεὶρ
1687 5095 1791 5147 τῶν

243 5194 705 5261 ὑπηρετουμένων
742 5190 861 5251 ταῖς
887 5187 1137 5257 μάστιξιν
1166 5187 1265 5239 ούκ
1307 5187 1574 5254 ἐνάρκησε
1608 5204 1621 5248 ;
1661 5186 1794 5239 Τού-

240 5298 354 5344 τοις
383 5285 410 5335 ό
437 5280 623 5351 ἄρχων
662 5280 756 5332 ἐπὶ
791 5278 991 5346 μᾶλλον
1037 5281 1116 5338 εἰς
1158 5278 1325 5346 ὀργὴν
1370 5276 1640 5343 ἐξαφθεὶς,
1683 5276 1790 5346 Τὴν

240 5372 438 5437 ἀναιδῆ
469 5369 695 5441 ταύτην,
727 5370 851 5437 ἐφη,
901 5367 997 5421 καὶ
1033 5366 1300 5436 προπετῆ,
1339 5368 1447 5418 τῶν
1476 5366 1791 5435 περικειμέ-

242 5481 348 5517 νων
415 5465 607 5532 μέχρις
663 5460 853 5531 όθόνης
908 5456 1287 5525 γυμνώσαντες
1316 5496 1330 5520 ,
1393 5457 1622 5525 ἰσχυρῶς
1673 5457 1791 5517 ταῖς

243 5553 468 5623 μάστιξι
509 5550 857 5623 τιμωρεῖσθε,
892 5548 977 5601 ἴνα
1011 5546 1441 5615 πεφυλαγμένως
1466 5545 1791 5613 φθέγγεσθαι

244 5647 427 5715 μάθοι,
475 5649 569 5695 καὶ
617 5645 690 5711 μὴ
742 5642 878 5709 πρὸς
926 5641 987 5692 τδ
1044 5640 1303 5706 ὑπερέχον
1347 5637 1515 5699 οὕτως
1548 5637 1790 5689 ἀπαυθα-

239 5736 389 5799 θιάζε
400 5734 540 5788 σθαι.

568 5825 837 5884 Panos.
871 5824 984 5883 Gn.
1020 5824 1199 5882 CXVI
1216 5868 1230 5883 .

1889 4560 2038 4603 caret
2071 4567 2164 4603 ens
2198 4568 2287 4618 qui
2333 4552 2517 4602 colunt
2558 4550 2670 4602 hinc
2710 4551 2966 4609 inanima,
3010 4562 3145 4614 pone
3187 4550 3425 4602 vinctum

1890 4640 2139 4693 manibus
2160 4642 2318 4708 jussit
2341 4639 2701 4693 exsecrandus
2726 4654 2849 4691 eum
2881 4636 3154 4689 verberari
3187 4637 3429 4689 immise-

1894 4730 2201 4783 ricordttcr.
2224 4729 2360 4783 Cum
2401 4731 2445 4783 is
2484 4738 2662 4781 autem
2690 4727 2868 4796 ﬂagris
2912 4728 3227 4790 caederetur,
3252 4727 3429 4795 adspl-

1891 4821 2039 4872 ciens
2072 4819 2363 4883 Episteme,
2398 4828 2451 4870 et
2490 4818 2791 4869 mirandum
2828 4817 2879 4868 in
2915 4815 3131 4868 modum
3182 4831 3321 4884 a-grc
3353 4816 3430 4869 Ie-

1892 4924 2014 4962 rens
2048 4926 2059 4960 :
2089 4908 2151 4972 O,
2184 4908 2378 4975 inquit,
2425 4906 2784 4959 insatiabilem
2827 4908 3064 4957 animum
3105 4906 3169 4958 ad
3205 4905 3433 4973 punien-

1893 4998 2021 5050 dum
2065 5016 2077 5050 :
2115 5013 2215 5050 cur
2254 4999 2387 5050 tales
2436 4998 2615 5065 plagas
2662 4997 2967 5049 intentastis
3011 4995 3286 5054 membris.
3326 5005 3430 5048 tam

1890 5088 2244 5159 juvenilibus,
2277 5096 2331 5139 et
2374 5088 2713 5152 consumptis
2742 5085 2929 5136 multis
2978 5083 3256 5138 laboribus
3284 5098 3433 5137 exer-

1889 5178 2164 5231 citationis
2182 5179 2203 5229 ?
2224 5177 2504 5243 Quomodo
2526 5183 2706 5228 autem
2737 5189 2927 5227 manus
2952 5168 3321 5228 ministrorum
3352 5181 3430 5227 tot

1890 5268 2055 5320 illatis
2091 5268 2260 5336 plagis
2301 5281 2409 5319 non
2446 5263 2763 5331 obtorpuit?
2800 5262 2892 5317 llis
2930 5277 3129 5331 prteses
3180 5262 3248 5317 ad
3292 5263 3428 5317 iram

1891 5360 2060 5428 magis
2085 5372 2345 5412 accensus
2374 5375 2386 5409 :
2412 5355 2557 5410 Hanc
2584 5355 2949 5425 impudentem
2974 5365 3029 5407 et
3063 5356 3427 5416 temerariam,

1890 5450 2086 5516 inquit,
2123 5448 2377 5503 feminam
2421 5446 2487 5500 ad
2516 5447 2713 5501 lineam
2745 5459 2915 5513 usque
2947 5445 3181 5498 tunicam
3233 5444 3431 5499 nudata

1890 5541 2153 5601 vestibus.
2178 5548 2233 5593 et
2256 5537 2432 5606 ﬂagris
2461 5538 2618 5591 valde
2645 5536 2854 5596 caedite,
2879 5543 2941 5589 ut
2969 5544 3123 5589 caute
3152 5534 3322 5589 discat
3354 5537 3423 5589 lo-

1892 5631 2009 5697 qui,
2036 5640 2091 5681 et
2122 5646 2224 5682 non
2260 5644 2316 5681 se
2347 5639 2452 5681 tam
2474 5638 2789 5697 arroganter
2813 5637 2962 5694 gerat
2984 5626 3243 5679 adversus
3272 5639 3432 5693 supe-

1895 5724 2085 5777 riores.

2896 5808 2930 5871 ι
