4226 6418
770 377 871 446 ίΟἾ

2012 370 2293 432 MENSIS
2326 371 2759 434 NOVEMBER.

3881 372 3989 435 i08

843 482 1001 537 XVII.
1033 479 1143 535 Hoc
1176 488 1354 534 autem
1392 493 1515 533 cum
1558 478 1756 533 factum
1787 486 1929 534 esset
1958 493 2149 547 magna
2184 481 2321 532 cele-
2357 486 2402 545 Α
2496 483 2512 532 I

2319 511 2321 517 ν
2357 486 2402 545 Α
2496 482 2592 537 IZ’.
2643 483 2845 537 Τούτου
2892 483 2947 536 δέ
2994 482 3171 554 πολλῷ
3213 485 3290 554 τῷ
3329 485 3480 554 τάχει
3512 486 3849 549 τελεσθέντος
3886 495 3988 538 καί

772 578 949 636 ritate,
989 583 1044 626 et
1090 574 1143 625 in
1172 572 1390 639 longum
1424 573 1532 638 jam
1558 577 1705 623 esset
1744 570 2069 637 productum
2110 570 2318 637 suppli-

770 671 937 726 cium.
971 665 1233 718 adversus
1277 663 1459 716 omnia
1501 660 1742 728 quidem,
1787 676 1907 728 quae
1947 660 2317 714 inferebantur

771 759 993 810 molesta
1028 764 1083 807 et
1138 768 1347 821 aspera.
1385 762 1588 821 martyr
1632 751 1937 803 mirandum
1992 752 2048 804 in
2093 752 2313 804 modum

772 846 1123 906 deeertabat;
1156 844 1375 895 minime
1420 857 1550 894 vero
1584 841 1975 894 intermittebat
2028 841 2316 895 vociferari

775 938 1038 990 adversus
1067 934 1325 999 iudicem,
1379 940 1434 985 et
1463 934 1514 985 ei
1553 931 1883 999 exprobrare
1913 932 1987 984 rei
2027 931 2318 998 turpitudi-

777 1044 919 1090 nem,
956 1026 1099 1093 quod
1130 1036 1399 1081 naturam.
1433 1038 1591 1090 quam
1631 1032 1907 1089 oporteret
1938 1022 2158 1090 quidem
2205 1038 2320 1076 ma-

774 1136 901 1173 nere
928 1133 1035 1169 non
1072 1118 1376 1167 venientem
1414 1114 1465 1174 in
1502 1123 1850 1180 conspectum
1884 1113 2185 1173 hominum,
2211 1128 2318 1166 non

775 1207 1113 1264 seiummodo
1156 1206 1413 1257 sustinuit
1440 1205 1675 1272 aperire.
1706 1208 1800 1257 sed
1836 1205 2020 1257 multis
2040 1206 2202 1258 etiam
2249 1206 2323 1256 vi-

775 1301 1028 1353 dentibus
1063 1297 1222 1365 jussit
1246 1298 1509 1349 cruciare.
1545 1297 1832 1363 Propterea
1864 1308 1938 1359 te,
1974 1297 2170 1364 inquit,
2204 1312 2321 1349 ma-

777 1404 905 1446 nent
943 1392 1050 1445 illic
1072 1388 1350 1457 supplicia.
1389 1390 1651 1441 Caeterum
1692 1389 1779 1441 hic
1808 1404 2050 1457 quoque,
2087 1405 2192 1441 non
2226 1389 2320 1441 diu

776 1485 995 1543 abhinc,
1033 1496 1126 1534 vos
1169 1484 1371 1548 justum
1405 1480 1495 1532 Dei
1542 1480 1730 1545 puniet
1778 1480 2123 1546 supplicium.
2158 1480 2321 1539 Dixit,

776 1584 833 1629 et
867 1573 1129 1640 evestigio
1161 1579 1343 1622 secuta
1369 1579 1451 1621 est
1491 1567 1718 1636 justitia,
1752 1577 1808 1620 et
1832 1569 1947 1620 visu
1980 1568 2154 1621 orbati
2191 1584 2321 1621 con-

778 1667 947 1734 specti
978 1672 1126 1721 sunt,
1159 1662 1422 1728 quierant
1460 1660 1600 1711 circa
1660 1658 1961 1726 prtesidem.
2005 1659 2115 1711 Iloc
2141 1670 2319 1712 autem

780 1765 977 1809 sancta:
1024 1752 1243 1821 quidem
1300 1751 1546 1817 gloriam,
1572 1748 1637 1800 iis
1668 1762 1820 1809 vero,
1856 1749 1948 1815 qui
2003 1748 2319 1815 puniebant,

780 1844 1091 1899 conciliavit
1120 1843 1368 1895 salutem.
1409 1839 1701 1893 Oculorum
1730 1838 1875 1891 enim
1911 1840 2125 1893 caecitas
2152 1842 2324 1906 depu-
2357 1822 2393 1874 Β

781 1936 1053 1989 litanimte
1092 1933 1313 1993 nubem,
1365 1940 1419 1983 et
1457 1944 1551 1982 eos
1584 1929 1901 1982 illuminavit
1930 1930 2050 1982 luce
2095 1930 2187 1983 Dei
2234 1945 2323 1982 eo-

784 2026 1059 2093 gnitionis.
1105 2023 1397 2090 Propterea
1427 2017 1656 2073 confessi
1691 2027 1819 2072 sunt
1861 2033 1918 2072 se
1957 2016 2176 2071 Christo
2206 2031 2323 2071 cre-

780 2118 935 2179 dere,
972 2128 1027 2168 et
1064 2127 1249 2166 rursus
1286 2126 1407 2164 cum
1449 2111 1567 2162 luce
1596 2110 1787 2162 animae
1815 2109 2323 2176 acceperuntetiam

782 2213 956 2264 lucem
985 2208 1261 2261 oculorum
1298 2202 1567 2272 corporis,
1614 2201 1715 2255 viri
1740 2215 1848 2255 non
1892 2202 2002 2256 duo
2049 2210 2145 2256 aut
2194 2212 2322 2267 tres,

782 2302 874 2357 sed
904 2300 1293 2369 quinquaginta
1329 2306 1436 2350 tres
1461 2310 1707 2349 numero.

853 2392 1037 2447 XVIII.
1070 2390 1173 2444 Sed
1200 2390 1325 2442 licet
1349 2388 1463 2441 haec
1495 2387 1634 2440 facta
1660 2386 1883 2451 fuerint,
1924 2403 2125 2457 praeses
2151 2388 2326 2442 adhuc

789 2493 968 2537 mente
996 2480 1287 2535 excutiens
1308 2519 1321 2543 ,
1349 2487 1533 2546 utpote
1564 2478 1707 2546 quod
1746 2478 1937 2531 vitium
1975 2488 2118 2533 esset
2152 2480 2199 2533 ei
2223 2481 2328 2534 alte

788 2578 1137 2641 impressum,
1163 2572 1318 2640 jubet
1349 2570 1401 2622 in
1430 2578 1673 2623 extremo
1694 2569 1811 2622 acui
1846 2569 2226 2633 arundines,et
2249 2569 2330 2623 in-

787 2666 1193 2736 tigisanctorum
1214 2662 1502 2730 unguibus.
1520 2660 1669 2725 Quod
1689 2675 1811 2713 cum
1834 2660 2113 2715 celerrime
2129 2661 2328 2715 factum

789 2768 960 2820 esset,
1012 2755 1186 2809 sancti
1232 2755 1283 2805 in
1334 2752 1619 2805 doloribus
1662 2752 1920 2820 majorem
1970 2752 2333 2807 ostendebant

788 2844 1185 2906 fortitudinem,
1226 2842 1276 2895 ei
1311 2850 1529 2911 propter
1582 2855 1743 2909 quem
1798 2840 1912 2894 haec
1969 2840 2329 2904 sustinebant,

792 2950 1011 3004 magnas
1052 2941 1274 3002 agentes
1307 2933 1528 3001 gratias,
1582 2939 1637 2983 et
1663 2930 1827 2983 falsos
1860 2931 1992 2984 deos
2033 2930 2332 2985 aﬂicientes

789 3028 1151 3081 contumeliis.
1185 3025 1360 3079 Judcx
1391 3031 1570 3076 autem
1602 3036 1791 3075 rursus
1826 3022 1981 3090 jubet
2010 3036 2106 3075 cos
2134 3024 2331 3090 privari

2425 573 2503 635 είς
2542 577 2749 643 μακρὸν
2796 575 2895 643 ἢδη
2944 576 3352 646 παραταθείσης
3402 580 3503 647 τῆς
3533 580 3818 647 τιμωρίας,
3851 595 3989 644 περι

2424 661 2602 710 πᾶσαν
2638 662 2734 729 μὲν
2768 663 3059 731 ἐπαγωγὴν
3104 664 3212 715 τῶν
3258 665 3445 718 δεινῶν
3488 667 3521 733 ἡ
3565 667 3773 736 μάρτυς
3810 670 3990 736 ὑπερ-

2425 750 2575 817 φυῶς
2611 753 2965 821 ἀπεμάχετο·
3015 754 3165 806 οὐδὲν
3219 754 3276 806 δὲ
3329 757 3466 809 ἀνίει
3518 758 3835 810 καταδοῶσα
3887 760 3988 809 τοῦ

2422 842 2694 904 δικαστοῦ,
2752 844 2845 895 καὶ
2894 843 2954 895 τὸ
2999 843 3092 895 τοῦ
3140 845 3462 913 πράγματος
3516 848 3749 913 ἄσεμνον
3793 848 3991 899 ὀνειδὶ-

2427 929 2631 992 ζουσα·
2692 933 2770 983 ὅτι
2827 933 2986 999 φύσιν
3038 936 3105 1003 ἣν
3156 935 3263 988 ἔδει
3319 937 3593 1003 διαμένειν
3641 937 3867 990 ἀθέατον
3918 938 3986 988 οὐ

2429 1017 2585 1085 μόνον
2616 1018 2797 1081 ἁπλῶς
2832 1020 3189 1074 ἐκκαλύπτειν
3219 1023 3496 1092 ἠνέσχετο,
3527 1025 3660 1078 ἀλλὰ
3709 1028 3806 1077 καὶ
3851 1028 3989 1077 πολ-

2425 1107 2531 1159 λῶν
2560 1110 2788 1162 ἐνώπιον
2827 1112 3089 1179 ἐπέτρεψε
3134 1114 3513 1181 τιμωρεῖσθαι.
3557 1118 3653 1167 Διά
3689 1117 3846 1167 τοῦτο
3883 1120 3988 1182 μὲ-

2426 1204 2572 1256 νουσί
2621 1221 2701 1269 σε,
2736 1208 2889 1272 φησὶ,
2928 1206 2992 1257 τὰ
3021 1208 3227 1258 ἐκεῖθεν
3252 1208 3625 1276 δικαιωτήρια.
3672 1210 3816 1277 Πλὴν
3846 1210 3987 1259 ἀλλὰ

2426 1293 2698 1346 κάνταῦθα
2730 1295 2828 1346 οὐκ
2871 1296 2947 1355 εἰς
2977 1296 3190 1364 μακρὰν
3224 1296 3363 1362 ὑμᾶς
3390 1298 3421 1363 ἡ
3456 1296 3639 1350 δικαία
3681 1298 3854 1366 κρῐσ.ς
3886 1297 3989 1349 τοῦ

2426 1386 2558 1436 Θεοῦ
2606 1385 3006 1453 μετελεύσεται.
3077 1382 3231 1448 Eine,
3282 1390 3439 1457 καὶὴ
3488 1389 3610 1456 δίκη
3643 1389 3781 1440 κατά
3816 1390 3989 1450 πέδας

2427 1474 2585 1537 εὐθὺς
2636 1476 2844 1540 εἵπετο,
2893 1476 2988 1527 καὶ
3024 1479 3409 1545 πεπηρωμένοι
3444 1479 3541 1540 τὰς
3582 1479 3729 1544 δ’ζεις
3763 1482 3811 1531 οί
3848 1485 4008 1547 περὶ,

2424 1564 2515 1615 τὸν
2574 1564 2808 1632 ἄρχοντα
2865 1566 3237 1632 καθεωρῶντο.
3281 1566 3450 1619 Τοῦτο
3494 1568 3547 1621 δὲ
3580 1572 3643 1636 τῇ
3695 1572 3793 1637 μὲν
3844 1571 3983 1636 άγὲᾳ

2422 1654 2599 1722 δόξης.
2625 1658 2733 1716 τοῖς
2754 1655 3039 1718 κολάζουσι
3062 1656 3117 1708 δὲ
3152 1656 3407 1726 πρόξενον
3439 1659 3653 1724 ἐγένετο
3685 1660 3983 1728 σωτηρίας.

2437 1743 2498 1795 Ίί
2542 1746 2647 1814 γὰρ
2689 1745 2795 1797 τῶν
2820 1746 3113 1814 ὀφθαλμῶν
3145 1750 3409 1817 πήρωσις,
3447 1750 3507 1801 τὸ
3534 1751 3633 1817 τῆς
3673 1751 3852 1821 ψυχῆς
3894 1754 3987 1802 νέ-

2425 1852 2541 1901 φος,
2575 1836 2668 1887 καὶ
2696 1838 2811 1902 φῶς
2838 1839 3016 1898 αὐτοῖς
3047 1838 3367 1905 θεογ·.ωσεας
3393 1841 3699 1908 άπηύγασε.
3743 1843 3820 1893 Δι’
3851 1843 3988 1896 αὐτὸ

2426 1926 2519 1976 καὶ
2572 1926 2844 1978 πιστεύειν
2900 1927 3255 1997 ὡμολόγησαν
3286 1930 3361 1999 τῷ
3396 1930 3639 2001 Χριστῷ,
3686 1934 3776 1984 καὶ
3833 1935 3989 1985 ἀντι-

2426 2018 2672 2085 στρόφως
2697 2019 2856 2072 πάλιν
2887 2022 2983 2072 σὺν
3018 2018 3096 2089 τῷ
3137 2023 3276 2088 φωτὶ
3316 2023 3413 2092 τῆς
3452 2023 3629 2093 ψυχῆς
3659 2024 3751 2077 καὶ
3784 2026 3843 2077 τὸ
3872 2026 3987 2079 τῶν

2425 2108 2718 2177 ὀφθαλμῶν
2748 2109 2841 2162 τοῦ
2876 2110 3123 2177 σώματος
3157 2112 3458 2181 ἐλάμϐανον
3485 2116 3620 2182 φῶς,
3657 2115 3870 2184 ἄνδρες,
3917 2120 3985 2170 οὗ

2425 2197 2518 2250 δύο
2549 2199 2640 2251 καὶ
2677 2201 2821 2269 τρεῖς
2846 2198 3016 2265 ὄντες,
3048 2200 3182 2253 ἀλλὰ
3204 2204 3296 2255 καὶ
3331 2205 3474 2273 τρεῖς
3507 2204 3600 2257 καὶ
3642 2208 3986 2274 πεντήκοντα

2426 2290 2552 2359 ἀριο
2563 2292 2663 2358 μού
2674 2309 2802 2360 μενο

2498 2382 2604 2435 lll'.
2659 2384 2801 2454 Πλὴν
2848 2386 2939 2437 καὶ
2983 2386 3184 2439 τούτων
3225 2388 3557 2456 γενομένων,
3590 2392 3639 2443 ιό
3672 2392 3855 2460 ἄρχων
3902 2390 3987 2444 ἔτι

2426 2476 2751 2544 τυφλώττων
2809 2477 2901 2531 τὺν
2948 2478 3106 2542 νοῦν,
3156 2479 3249 2533 ἅτε
3303 2480 3387 2534 διὰ
3443 2482 3636 2552 βάθους
3687 2486 3832 2553 αὐτῷ
3888 2487 3990 2553 τῆς

2429 2562 2624 2625 κακίας
2664 2565 3122 2635 ἐνσημανθεξσης,
3165 2569 3440 2637 καλάμους
3479 2573 3556 2633 είς
3600 2573 3764 2641 ἄκρον
3833 2574 3993 2638 ὀξυν-

2430 2653 2584 2721 θῆναι
2607 2654 2840 2718 κελεύει,
2869 2660 2960 2707 καὶ
2986 2659 3097 2719 τοῖς
3118 2658 3224 2710 τῶν
3245 2659 3411 2725 ἀγῐων
3433 2660 3614 2726 δνυξιν
3649 2663 3986 2733 ἐμπαρῆναι.

2431 2736 2504 2796 Οὔ
2534 2745 2629 2797 καὶ
2652 2744 2928 2813 ταχύτατα
2953 2748 3239 2815 γενομένου
3268 2787 3281 2810 ,
3314 2750 3363 2800 οί
3398 2748 3543 2815 ἅγιοι
3577 2751 3637 2803 τὸ
3664 2756 3989 2824 καρτερικὶν

2436 2835 2637 2904 μᾶλλον
2684 2837 2740 2886 ἐν
2781 2838 2893 2897 τοῖς
2939 2837 3206 2903 ἀλγεινοῖς
3253 2838 3646 2905 ἐπεδείκνυντο,
3692 2844 3770 2912 τῷ
3811 2844 3877 2896 δι’
3923 2840 3991 2897 οὗ

2432 2925 2603 2978 ταῦτα
2661 2926 2929 2994 ὑπέμενον
2991 2927 3193 2997 πολλὴν
3233 2934 3332 2998 τὴν
3380 2933 3537 2999 χάριν
3580 2932 3989 3001 ὀμολκγσῦντες,

2432 3015 2524 3067 καὶ
2549 3014 2617 3067 τὰ
2640 3016 2751 3068 τῶν
2775 3016 3136 3084 ψευδωνύμων
3166 3017 3301 3069 θεῶν
3327 3020 3701 3089 ἀτιμάζοντες.
3756 3025 3812 3077 Ὀ
3838 3024 3991 3077 δικα-

790 3118 1039 3172 manibus
1068 3117 1225 3169 simul
1259 3126 1311 3168 et
1339 3114 1587 3183 pedibus,
1612 3123 1667 3166 et
1696 3123 1949 3181 praeterea
1978 3114 2175 3181 lingua,
2207 3129 2332 3181 pro-
2359 3141 2403 3198 ε
2437 3122 2459 3156 α

2321 3141 2332 3153 .
2359 3141 2403 3198 c
2437 3105 2563 3175 στὴς
2599 3106 2693 3158 οὖν
2725 3110 2923 3175 χειρῶν
2954 3107 3115 3158 αὐτὸν
3145 3109 3236 3160 καὶ
3283 3109 3459 3163 ποδῶν
3486 3112 3635 3181 Αἷμα,
3675 3116 3897 3183 προσέτι
3930 3117 3990 3169 δέ

790 3210 966 3278 prium
1009 3205 1413 3275 quodammodo
1443 3204 1771 3271 voluptatem
1797 3203 2015 3269 capiens
2048 3206 2327 3273 sanguini-

793 3313 922 3351 vora
944 3298 1121 3350 anima
1153 3297 1207 3348 in
1239 3296 1541 3356 hominum,
1572 3293 1662 3361 qui
1690 3294 2075 3360 suntejusdem
2098 3297 2326 3363 generis,

788 3388 1092 3457 suppliciis.
1118 3385 1251 3439 Cum
1272 3395 1449 3437 autem
1475 3384 1587 3436 haec
1611 3384 1720 3436 cito
1743 3383 1880 3438 facta
1903 3395 2106 3449 essent,
2128 3396 2330 3455 marty-

791 3479 943 3533 ribus
974 3476 1144 3529 nihilo
1168 3477 1346 3529 secius
1365 3473 1557 3528 eodem
1593 3473 1751 3526 modo
1776 3488 1833 3527 se
1861 3473 2206 3540 habentibus,
2238 3477 2329 3544 qui

794 3578 910 3622 erat
944 3566 1165 3635 quidem
1187 3579 1361 3617 saevus
1389 3563 1770 3633 injudicando,
1807 3564 2214 3620 crudelissimus
2236 3582 2334 3619 au-

794 3669 903 3712 tem
930 3657 983 3710 in
1007 3655 1305 3725 puniendo,
1338 3655 1441 3708 I'ert
1465 3654 1709 3707 ultimam
1743 3655 1796 3707 in
1826 3663 2089 3724 martyres
2111 3666 2331 3711 senten-

791 3749 945 3813 tiam,
987 3746 1184 3817 jubens
1221 3759 1317 3798 eos
1358 3753 1591 3797 mortem
1634 3744 1817 3797 subire
1843 3746 2044 3812 gladio.
2076 3750 2252 3814 Atque
2295 3748 2333 3802 ii

793 3840 1016 3909 quidem
1063 3837 1191 3891 hinc
1228 3844 1599 3898 excesserunt,
1634 3834 1801 3887 sacris
1833 3849 2021 3887 eorum
2068 3838 2333 3900 capitibus

794 3930 1089 4000 amputatis
1129 3928 1318 3996 quinto
1363 3925 1703 3981 Novembris.
1746 3927 1986 3982 Pretiosa
2028 3938 2207 3982 autem
2240 3946 2329 3984 eo-

796 4036 915 4075 rum
947 4035 1174 4089 corpora
1202 4033 1325 4072 cum
1358 4019 1413 4071 in
1456 4017 1689 4085 quodam
1730 4032 1854 4070 vase
1885 4019 2125 4086 pretioso
2159 4020 2335 4088 impo-

796 4110 999 4164 suisset
1049 4112 1115 4171 is,
1148 4123 1308 4176 quem
1353 4106 1610 4169 diximus,
1668 4106 1990 4170 Eutolmius,
2038 4108 2133 4177 qui
2177 4109 2332 4177 sequi

795 4201 979 4268 jussus
1013 4196 1192 4252 fuerat
1221 4212 1251 4249 ιι
1289 4205 1547 4264 martyre,
1592 4194 1773 4249 eﬂecit
1801 4206 1859 4249 ut
1890 4197 2051 4249 etiam
2097 4198 2166 4250 ab
2213 4201 2334 4254 aliis

800 4288 1133 4342 haberentur
1170 4284 1222 4337 in
1251 4284 1458 4337 honore
1487 4301 1499 4336 :
1545 4283 1611 4336 ad
1642 4284 1862 4352 gloriam
1898 4286 2093 4350 Patris,
2129 4286 2249 4339 Filii
2278 4297 2334 4341 et

799 4375 1039 4445 Spiritus
1077 4373 1270 4437 sancti,
1303 4372 1465 4427 unius
1492 4373 1586 4425 Dei
1621 4374 1675 4427 in
1711 4373 1973 4429 Trinitate
2004 4393 2018 4429 :
2047 4391 2207 4443 quem
2239 4377 2334 4432 de-

2438 3199 2530 3249 xa‘t
2575 3195 2818 3263 γλώττης
2874 3197 3291 3265 ἀποστερεῖσθαι
3352 3204 3740 3270 προσέταττεν,
3797 3207 3991 3275 ἡδονὴν

2436 3287 2622 3356 ῶσπερ
2673 3287 2879 3339 οἰκείαν
2924 3290 2982 3336 ἐν
3022 3288 3323 3355 ἀνθρώπων
3375 3293 3652 3356 ὁμογενῶν
3699 3297 3991 3363 τιμωρίαις

2439 3383 2471 3450 ὴ
2511 3381 2799 3449 αἱμοϐόρος
2827 3381 2971 3451 ψυχὴ
3004 3381 3373 3449 λαμϐάνουσα.
3429 3384 3514 3446 Ὠς
3566 3385 3619 3436 δὲ
3674 3388 3764 3438 καὶ
3812 3388 3989 3441 ταῦτα

2441 3472 2631 3523 θᾶττον
2661 3471 2898 3537 ἐγένετο,
2932 3471 3039 3522 τῶν
3070 3473 3360 3541 μαρτύρων
3382 3475 3537 3525 οὐδὲν
3567 3471 3728 3546 ἦττον
3756 3479 3848 3529 ἐπὶ
3873 3481 3989 3540 τοῖς

2440 3558 2575 3623 ἴσοις
2600 3563 2986 3629 διαμενόντων,
3021 3561 3051 3610 ὸ
3081 3561 3251 3623 δεινὸς
3290 3564 3385 3631 μέν
3408 3564 3673 3627 δικάζειν,
3707 3566 3987 3634 ὠμότατος

2439 3654 2496 3707 δὲ
2547 3653 2812 3715 κολάζειν,
2862 3652 2960 3720 τὴν
3004 3652 3317 3704 τελευταίαν
3362 3656 3472 3716 τοῖς
3528 3656 3761 3725 μάρτυσι
3808 3658 3989 3725 ψῆφεν

2440 3745 2654 3811 ἐπάγει,
2689 3744 2779 3795 τὸν
2824 3743 2911 3793 διὰ
2949 3742 3137 3809 ξίφους
3178 3744 3373 3805 αὐτοὺς
3419 3744 3684 3808 κελεύσας
3735 3747 3990 3799 ὑπελθεῖν

2442 3837 2687 3889 θάνατον.
2719 3829 2876 3887 Οὗτοι
2906 3818 3137 3903 μέν’τὴν
3168 3834 3417 3886 ἐντεῦθεν
3460 3836 3766 3904 ἀποδημίαν
3805 3839 3985 3890 ἐστεί-

2440 3924 2620 3987 λαντο,
2662 3927 2760 3986 τὰς
2795 3924 2946 3992 ίεράς
2985 3924 3224 3990 κεφαλὰς
3269 3926 3412 3977 κατά
3454 3926 3551 3995 τὴν
3597 3928 3850 3997 πέμπτην
3890 3930 3986 3980 τοῦ

2440 4016 2744 4083 Νοεμὸρῑου
2780 4014 3179 4082 ἀποτμηθέντες
3205 4030 3219 4045 ο
3245 4015 3314 4066 τὰ
3358 4015 3415 4068 δὲ
3463 4016 3663 4069 τούτων
3701 4020 3851 4087 τίμια
3884 4020 3990 4071 σώ-

2446 4122 2588 4175 ματα
2618 4106 2780 4173 τιμίῳ
2801 4107 2903 4155 τινὶ
2928 4107 3213 4173 ἐνθέμενος
3237 4110 3421 4160 σκεύει
3450 4111 3476 4159 ὁ
3501 4108 3761 4178 δηλωθεὶς
3791 4114 3988 4165 Εὑτόλ-

2444 4212 2583 4264 μιος,
2622 4188 2666 4260 ᾦ
2694 4196 2786 4246 καὶ
2829 4193 2964 4262 πρὸς
3006 4194 3099 4245 τοῦ
3143 4195 3420 4265 μάρτυρος
3452 4196 3763 4249 ἀκολουθεῖν
3796 4202 3988 4252 ἐπετέ-

2441 4300 2626 4349 τακτο,
2674 4285 2760 4335 διὰ
2813 4284 2975 4349 τιμῆς
3037 4286 3175 4336 αὑτά
3232 4287 3324 4336 καὶ
3368 4289 3478 4347 τοῖς
3527 4286 3706 4349 ἄλλοις
3755 4288 3988 4354 ἄγεσθαι

2447 4372 2872 4443 παρεσκεύαζεν,
2903 4373 2979 4434 είς
3015 4372 3172 4435 δόξαν
3214 4374 3478 4443 ΙΙατὲρος,
3521 4375 3675 4439 Υἱοῦ,
3723 4386 3801 4430 κα
3833 4380 3990 4446 ἀγίω

799 4474 889 4522 cet
917 4466 1093 4520 omnis
1123 4465 1318 4528 honor,
1361 4464 1611 4533 majestas
1642 4472 1697 4516 et
1728 4466 2143 4533 magniﬁcentia,
2192 4481 2335 4521 nunc
2368 4464 2409 4519 D
2438 4464 2468 4515 Π

2317 4464 2409 4521 cD
2438 4463 2772 4531 Πνεύματος,
2827 4456 2904 4527 τῷ
2961 4462 3016 4513 ἐν
3079 4462 3268 4529 Τριάδι
3320 4465 3463 4534 μόνῳ
3512 4466 3650 4534 Θεῷ,
3698 4460 3741 4532 ᾧ
3788 4469 3986 4535 πρέπ-ι

800 4566 854 4612 et
880 4571 1111 4625 semper,
1134 4555 1265 4610 etin
1302 4554 1493 4608 saecula
1519 4554 1861 4609 anulorum.
1888 4557 2081 4611 Amen.

2443 4554 2578 4624 τιμὴ
2604 4554 2770 4616 πᾶσα,
2810 4552 3161 4622 μεγαλωσύνη
3193 4571 3250 4605 τε
3286 4557 3376 4607 καὶ
3410 4557 3847 4626 μεγαλοπρέπεια
3892 4561 3988 4612 νῦν

2446 4648 2539 4698 καὶ
2587 4646 2674 4697 eo.
2725 4645 2819 4697 καὶ
2863 4645 2940 4706 εις
2977 4645 3103 4706 τοὺς
3140 4645 3338 4707 αἰῶνας
3372 4647 3481 4699 τῶν
3513 4647 3739 4702 αἰώνων.
3791 4648 3985 4717 Ἀμήν,
