  <div class='ocr_page' id='page_1' title='image "/cluster/home/n/w/nwhite01/storage/ocr_20150623/116/nnc1.0046980156/075.png"; bbox 0 0 4226 6418; ppageno 0'>
   <div class='ocr_carea' id='block_1_1' title="bbox 743 347 2412 454">
    <p class='ocr_par' dir='ltr' id='par_1_1' title="bbox 743 361 2412 454">
     <span class='ocr_line' id='line_1_1' title="bbox 743 361 2412 454; baseline -0.007 -23"><span class='ocrx_word' id='word_1_1' title='bbox 743 388 836 454; x_wconf 76' lang='grc' dir='ltr'><strong>ιιι</strong></span> <span class='ocrx_word' id='word_1_2' title='bbox 1974 363 2257 426; x_wconf 71' lang='lat' dir='ltr'><strong>HENSIS</strong></span> <span class='ocrx_word' id='word_1_3' title='bbox 2294 361 2412 421; x_wconf 72' lang='lat' dir='ltr'><strong>N0l</strong></span> 
     </span>
    </p>
   </div>
   <div class='ocr_carea' id='block_1_2' title="bbox 2274 347 3943 454">
    <p class='ocr_par' dir='ltr' id='par_1_2' title="bbox 2294 347 3943 422">
     <span class='ocr_line' id='line_1_2' title="bbox 2294 347 3943 422; baseline -0.007 -1"><span class='ocrx_word' id='word_1_4' title='bbox 2294 357 2728 422; x_wconf 78' lang='lat' dir='ltr'><strong>NOVEMBER.</strong></span> <span class='ocrx_word' id='word_1_5' title='bbox 3841 347 3862 412; x_wconf 87' lang='grc'><strong>1</strong></span> <span class='ocrx_word' id='word_1_6' title='bbox 3881 347 3943 410; x_wconf 71' lang='grc'><strong>12</strong></span> 
     </span>
    </p>
   </div>
   <div class='ocr_carea' id='block_1_3' title="bbox 742 453 2411 565">
    <p class='ocr_par' dir='ltr' id='par_1_3' title="bbox 742 467 2411 565">
     <span class='ocr_line' id='line_1_3' title="bbox 742 467 2411 565; baseline -0.019 -11"><span class='ocrx_word' id='word_1_7' title='bbox 742 490 1141 565; x_wconf 80' lang='lat' dir='ltr'><strong>recuperaturi,</strong></span> <span class='ocrx_word' id='word_1_8' title='bbox 1167 497 1222 542; x_wconf 89' lang='lat' dir='ltr'><strong>et</strong></span> <span class='ocrx_word' id='word_1_9' title='bbox 1255 500 1367 540; x_wconf 88' lang='lat' dir='ltr'><strong>rem</strong></span> <span class='ocrx_word' id='word_1_10' title='bbox 1394 482 1595 552; x_wconf 86' lang='lat' dir='ltr'><strong>probro</strong></span> <span class='ocrx_word' id='word_1_11' title='bbox 1625 479 1908 541; x_wconf 80' lang='lat' dir='ltr'><strong>ducentes,</strong></span> <span class='ocrx_word' id='word_1_12' title='bbox 1941 475 1988 530; x_wconf 84' lang='lat' dir='ltr'><strong>si</strong></span> <span class='ocrx_word' id='word_1_13' title='bbox 2005 488 2138 530; x_wconf 74' lang='lat' dir='ltr'><strong>eum</strong></span> <span class='ocrx_word' id='word_1_14' title='bbox 2180 472 2289 526; x_wconf 86' lang='lat' dir='ltr'><strong>sint</strong></span> <span class='ocrx_word' id='word_1_15' title='bbox 2317 476 2365 533; x_wconf 76' lang='grc' dir='ltr'>Α</span> 
     </span>
    </p>
   </div>
   <div class='ocr_carea' id='block_1_4' title="bbox 2273 453 3942 565">
    <p class='ocr_par' dir='ltr' id='par_1_4' title="bbox 2273 453 3942 536">
     <span class='ocr_line' id='line_1_4' title="bbox 2273 453 3942 536; baseline -0.008 -11"><span class='ocrx_word' id='word_1_16' title='bbox 2273 480 2289 525; x_wconf 85' lang='grc' dir='ltr'><strong>ι</strong></span> <span class='ocrx_word' id='word_1_17' title='bbox 2317 476 2365 533; x_wconf 76' lang='grc' dir='ltr'>Α</span> <span class='ocrx_word' id='word_1_18' title='bbox 2392 467 2504 536; x_wconf 70' lang='grc' dir='ltr'>ἅμα</span> <span class='ocrx_word' id='word_1_19' title='bbox 2543 468 2639 536; x_wconf 74' lang='grc' dir='ltr'>μὲν</span> <span class='ocrx_word' id='word_1_20' title='bbox 2669 465 2768 534; x_wconf 72' lang='grc' dir='ltr'><strong>τὴν</strong></span> <span class='ocrx_word' id='word_1_21' title='bbox 2799 461 3068 533; x_wconf 79' lang='grc' dir='ltr'>προτέραν</span> <span class='ocrx_word' id='word_1_22' title='bbox 3113 460 3572 522; x_wconf 72' lang='grc' dir='ltr'>ἀναπαλαίσοντες</span> <span class='ocrx_word' id='word_1_23' title='bbox 3599 453 3792 529; x_wconf 72' lang='grc' dir='ltr'>ἧτταν,</span> <span class='ocrx_word' id='word_1_24' title='bbox 3822 461 3942 525; x_wconf 66' lang='grc' dir='ltr'>ἅμα</span> 
     </span>
    </p>
   </div>
   <div class='ocr_carea' id='block_1_5' title="bbox 745 551 2414 644">
    <p class='ocr_par' dir='ltr' id='par_1_5' title="bbox 745 551 2414 644">
     <span class='ocr_line' id='line_1_5' title="bbox 745 551 2414 644; baseline -0.02 -2"><span class='ocrx_word' id='word_1_25' title='bbox 745 601 854 642; x_wconf 82' lang='lat' dir='ltr'><strong>tam</strong></span> <span class='ocrx_word' id='word_1_26' title='bbox 879 551 1075 644; x_wconf 53' lang='lat' dir='ltr'><strong>&#39;multi,</strong></span> <span class='ocrx_word' id='word_1_27' title='bbox 1111 551 1495 634; x_wconf 18' lang='lat' dir='ltr'><strong>renuntienitur</strong></span> <span class='ocrx_word' id='word_1_28' title='bbox 1531 572 1700 626; x_wconf 89' lang='lat' dir='ltr'><strong>fuisse</strong></span> <span class='ocrx_word' id='word_1_29' title='bbox 1725 569 1794 623; x_wconf 87' lang='lat' dir='ltr'><strong>ab</strong></span> <span class='ocrx_word' id='word_1_30' title='bbox 1844 582 1954 622; x_wconf 91' lang='lat' dir='ltr'><strong>uno</strong></span> <span class='ocrx_word' id='word_1_31' title='bbox 1996 563 2238 633; x_wconf 97' lang='lat' dir='ltr'><strong>superati</strong></span> <span class='ocrx_word' id='word_1_32' title='bbox 2269 579 2282 616; x_wconf 90' lang='lat'>:</span> <span class='ocrx_word' id='word_1_33' title='bbox 2391 558 2414 609; x_wconf 84' lang='grc' dir='ltr'><strong>δ</strong></span> 
     </span>
    </p>
   </div>
   <div class='ocr_carea' id='block_1_6' title="bbox 2274 551 3943 644">
    <p class='ocr_par' dir='ltr' id='par_1_6' title="bbox 2274 551 3943 625">
     <span class='ocr_line' id='line_1_6' title="bbox 2274 551 3943 625; baseline -0.004 -15"><span class='ocrx_word' id='word_1_34' title='bbox 2274 579 2282 616; x_wconf 86' lang='lat'><strong>:</strong></span> <span class='ocrx_word' id='word_1_35' title='bbox 2391 558 2446 609; x_wconf 78' lang='grc' dir='ltr'>δὲ</span> <span class='ocrx_word' id='word_1_36' title='bbox 2472 558 2564 610; x_wconf 77' lang='grc' dir='ltr'>καὶ</span> <span class='ocrx_word' id='word_1_37' title='bbox 2591 558 2659 609; x_wconf 81' lang='grc' dir='ltr'><strong>δι’</strong></span> <span class='ocrx_word' id='word_1_38' title='bbox 2690 555 2950 625; x_wconf 75' lang='grc' dir='ltr'><strong>αἰσχύνης</strong></span> <span class='ocrx_word' id='word_1_39' title='bbox 2976 556 3035 606; x_wconf 80' lang='grc' dir='ltr'>τὸ</span> <span class='ocrx_word' id='word_1_40' title='bbox 3069 555 3304 622; x_wconf 79' lang='grc' dir='ltr'>πρᾶγμα</span> <span class='ocrx_word' id='word_1_41' title='bbox 3335 551 3629 622; x_wconf 82' lang='grc' dir='ltr'>τιθέμενοι,</span> <span class='ocrx_word' id='word_1_42' title='bbox 3657 552 3705 602; x_wconf 87' lang='grc' dir='ltr'><strong>εί</strong></span> <span class='ocrx_word' id='word_1_43' title='bbox 3752 555 3943 604; x_wconf 81' lang='grc' dir='ltr'>τοσοῦ-</span> 
     </span>
    </p>
   </div>
   <div class='ocr_carea' id='block_1_7' title="bbox 743 643 2412 748">
    <p class='ocr_par' dir='ltr' id='par_1_7' title="bbox 743 643 2412 748">
     <span class='ocr_line' id='line_1_7' title="bbox 743 643 2412 748; baseline -0.016 -16"><span class='ocrx_word' id='word_1_44' title='bbox 743 681 871 748; x_wconf 87' lang='lat' dir='ltr'><strong>quin</strong></span> <span class='ocrx_word' id='word_1_45' title='bbox 908 643 1071 729; x_wconf 84' lang='lat' dir='ltr'><strong>etiam</strong></span> <span class='ocrx_word' id='word_1_46' title='bbox 1103 672 1282 740; x_wconf 89' lang='lat' dir='ltr'><strong>ipsum</strong></span> <span class='ocrx_word' id='word_1_47' title='bbox 1334 679 1552 735; x_wconf 89' lang='lat' dir='ltr'><strong>quoque</strong></span> <span class='ocrx_word' id='word_1_48' title='bbox 1603 661 1856 716; x_wconf 89' lang='lat' dir='ltr'><strong>timentes</strong></span> <span class='ocrx_word' id='word_1_49' title='bbox 1905 656 2207 726; x_wconf 66' lang='lat' dir='ltr'><strong>praesidem,</strong></span> <span class='ocrx_word' id='word_1_50' title='bbox 2243 655 2289 707; x_wconf 87' lang='lat' dir='ltr'><strong>si</strong></span> <span class='ocrx_word' id='word_1_51' title='bbox 2388 664 2412 748; x_wconf 57' lang='grc' dir='ltr'><strong>ξ</strong></span> 
     </span>
    </p>
   </div>
   <div class='ocr_carea' id='block_1_8' title="bbox 2276 643 3945 748">
    <p class='ocr_par' dir='ltr' id='par_1_8' title="bbox 2276 643 3945 713">
     <span class='ocr_line' id='line_1_8' title="bbox 2276 643 3945 713; baseline -0.004 -13"><span class='ocrx_word' id='word_1_52' title='bbox 2276 655 2289 707; x_wconf 85' lang='lat' dir='ltr'><strong>i</strong></span> <span class='ocrx_word' id='word_1_53' title='bbox 2388 664 2470 700; x_wconf 85' lang='grc' dir='ltr'><strong>τοι</strong></span> <span class='ocrx_word' id='word_1_54' title='bbox 2499 647 2670 711; x_wconf 74' lang='grc' dir='ltr'>ὅντες,</span> <span class='ocrx_word' id='word_1_55' title='bbox 2732 646 2849 707; x_wconf 79' lang='grc' dir='ltr'>ένδς</span> <span class='ocrx_word' id='word_1_56' title='bbox 2880 644 3306 712; x_wconf 78' lang='grc' dir='ltr'>ἀγγελθήσονται</span> <span class='ocrx_word' id='word_1_57' title='bbox 3357 643 3648 713; x_wconf 76' lang='grc' dir='ltr'><strong>ἡττημένοι</strong></span> <span class='ocrx_word' id='word_1_58' title='bbox 3693 658 3707 673; x_wconf 77' lang='grc' dir='ltr'><strong>ο</strong></span> <span class='ocrx_word' id='word_1_59' title='bbox 3740 643 3802 693; x_wconf 75' lang='grc' dir='ltr'><strong>ού</strong></span> <span class='ocrx_word' id='word_1_60' title='bbox 3838 643 3945 711; x_wconf 70' lang='grc' dir='ltr'>μὴν</span> 
     </span>
    </p>
   </div>
   <div class='ocr_carea' id='block_1_9' title="bbox 746 733 2415 822">
    <p class='ocr_par' dir='ltr' id='par_1_9' title="bbox 746 733 2415 822">
     <span class='ocr_line' id='line_1_9' title="bbox 746 733 2415 822; baseline -0.015 0"><span class='ocrx_word' id='word_1_61' title='bbox 746 733 791 822; x_wconf 65' lang='lat' dir='ltr'><strong>is</strong></span> <span class='ocrx_word' id='word_1_62' title='bbox 821 781 1012 820; x_wconf 89' lang='lat' dir='ltr'><strong>manus</strong></span> <span class='ocrx_word' id='word_1_63' title='bbox 1043 775 1234 815; x_wconf 88' lang='lat' dir='ltr'><strong>eorum</strong></span> <span class='ocrx_word' id='word_1_64' title='bbox 1261 755 1485 811; x_wconf 86' lang='lat' dir='ltr'><strong>omnino</strong></span> <span class='ocrx_word' id='word_1_65' title='bbox 1518 751 1832 820; x_wconf 75' lang='lat' dir='ltr'><strong>effugisset;</strong></span> <span class='ocrx_word' id='word_1_66' title='bbox 1865 755 1921 800; x_wconf 93' lang='lat' dir='ltr'><strong>et</strong></span> <span class='ocrx_word' id='word_1_67' title='bbox 1955 746 2137 799; x_wconf 89' lang='lat' dir='ltr'><strong>multis</strong></span> <span class='ocrx_word' id='word_1_68' title='bbox 2166 747 2290 800; x_wconf 88' lang='lat' dir='ltr'><strong>aliis</strong></span> <span class='ocrx_word' id='word_1_69' title='bbox 2389 737 2415 789; x_wconf 84' lang='grc' dir='ltr'><strong>δ</strong></span> 
     </span>
    </p>
   </div>
   <div class='ocr_carea' id='block_1_10' title="bbox 2278 733 3947 822">
    <p class='ocr_par' dir='ltr' id='par_1_10' title="bbox 2278 733 3947 803">
     <span class='ocr_line' id='line_1_10' title="bbox 2278 733 3947 803; baseline -0.007 -10"><span class='ocrx_word' id='word_1_70' title='bbox 2278 762 2290 800; x_wconf 78' lang='grc' dir='ltr'><strong>ι</strong></span> <span class='ocrx_word' id='word_1_71' title='bbox 2389 737 2444 790; x_wconf 80' lang='grc' dir='ltr'>δὲ</span> <span class='ocrx_word' id='word_1_72' title='bbox 2474 737 2608 789; x_wconf 81' lang='grc' dir='ltr'>ἀλλὰ</span> <span class='ocrx_word' id='word_1_73' title='bbox 2649 737 2742 789; x_wconf 75' lang='grc' dir='ltr'>καὶ</span> <span class='ocrx_word' id='word_1_74' title='bbox 2791 737 2953 788; x_wconf 71' lang='grc' dir='ltr'>αὑτὸν</span> <span class='ocrx_word' id='word_1_75' title='bbox 3011 738 3103 786; x_wconf 79' lang='grc' dir='ltr'>τὸν</span> <span class='ocrx_word' id='word_1_76' title='bbox 3157 735 3404 803; x_wconf 80' lang='grc' dir='ltr'>ἄρχοντα·</span> <span class='ocrx_word' id='word_1_77' title='bbox 3435 733 3688 792; x_wconf 81' lang='grc' dir='ltr'>δεδιότες,</span> <span class='ocrx_word' id='word_1_78' title='bbox 3752 733 3800 784; x_wconf 82' lang='grc' dir='ltr'><strong>εί</strong></span> <span class='ocrx_word' id='word_1_79' title='bbox 3847 736 3947 792; x_wconf 62' lang='grc' dir='ltr'>τὰς</span> 
     </span>
    </p>
   </div>
   <div class='ocr_carea' id='block_1_11' title="bbox 743 839 2294 914">
    <p class='ocr_par' dir='ltr' id='par_1_11' title="bbox 743 839 2294 914">
     <span class='ocr_line' id='line_1_11' title="bbox 743 839 2294 914; baseline -0.016 -2"><span class='ocrx_word' id='word_1_80' title='bbox 743 859 951 914; x_wconf 66' lang='lat' dir='ltr'><strong>vocatis</strong></span> <span class='ocrx_word' id='word_1_81' title='bbox 980 856 1042 909; x_wconf 76' lang='lat' dir='ltr'><strong>ad</strong></span> <span class='ocrx_word' id='word_1_82' title='bbox 1089 850 1369 906; x_wconf 90' lang='lat' dir='ltr'><strong>ferendum</strong></span> <span class='ocrx_word' id='word_1_83' title='bbox 1403 845 1686 904; x_wconf 77' lang='lat' dir='ltr'><strong>auxilium,</strong></span> <span class='ocrx_word' id='word_1_84' title='bbox 1738 848 1984 894; x_wconf 89' lang='lat' dir='ltr'><strong>sanctum</strong></span> <span class='ocrx_word' id='word_1_85' title='bbox 2024 839 2181 891; x_wconf 87' lang='lat' dir='ltr'><strong>simul</strong></span> <span class='ocrx_word' id='word_1_86' title='bbox 2212 839 2294 891; x_wconf 90' lang='lat' dir='ltr'><strong>in-</strong></span> 
     </span>
    </p>
   </div>
   <div class='ocr_carea' id='block_1_12' title="bbox 748 932 2291 1006">
    <p class='ocr_par' dir='ltr' id='par_1_12' title="bbox 748 932 2291 1006">
     <span class='ocr_line' id='line_1_12' title="bbox 748 932 2291 1006; baseline -0.016 1"><span class='ocrx_word' id='word_1_87' title='bbox 748 953 970 1006; x_wconf 75' lang='lat' dir='ltr'><strong>vadunt.</strong></span> <span class='ocrx_word' id='word_1_88' title='bbox 1021 947 1070 1000; x_wconf 93' lang='lat' dir='ltr'><strong>ls</strong></span> <span class='ocrx_word' id='word_1_89' title='bbox 1106 952 1287 998; x_wconf 87' lang='lat' dir='ltr'><strong>autem</strong></span> <span class='ocrx_word' id='word_1_90' title='bbox 1324 947 1616 1006; x_wconf 74' lang='lat' dir='ltr'><strong>antequam</strong></span> <span class='ocrx_word' id='word_1_91' title='bbox 1666 933 1744 987; x_wconf 87' lang='lat' dir='ltr'><strong>illi</strong></span> <span class='ocrx_word' id='word_1_92' title='bbox 1796 932 2089 993; x_wconf 87' lang='lat' dir='ltr'><strong>venissent,</strong></span> <span class='ocrx_word' id='word_1_93' title='bbox 2124 943 2291 998; x_wconf 80' lang='lat' dir='ltr'><strong>prope</strong></span> 
     </span>
    </p>
   </div>
   <div class='ocr_carea' id='block_1_13' title="bbox 743 1022 2290 1108">
    <p class='ocr_par' dir='ltr' id='par_1_13' title="bbox 743 1022 2290 1108">
     <span class='ocr_line' id='line_1_13' title="bbox 743 1022 2290 1108; baseline -0.016 -12"><span class='ocrx_word' id='word_1_94' title='bbox 743 1045 904 1097; x_wconf 79' lang='lat' dir='ltr'><strong>sitam</strong></span> <span class='ocrx_word' id='word_1_95' title='bbox 929 1037 1242 1108; x_wconf 75' lang='lat' dir='ltr'><strong>speluncam</strong></span> <span class='ocrx_word' id='word_1_96' title='bbox 1272 1046 1395 1085; x_wconf 85' lang='lat' dir='ltr'><strong>cum</strong></span> <span class='ocrx_word' id='word_1_97' title='bbox 1427 1032 1614 1081; x_wconf 79' lang='lat' dir='ltr'><strong>decem</strong></span> <span class='ocrx_word' id='word_1_98' title='bbox 1634 1033 1688 1078; x_wconf 88' lang='lat' dir='ltr'><strong>et</strong></span> <span class='ocrx_word' id='word_1_99' title='bbox 1715 1031 1839 1077; x_wconf 86' lang='lat' dir='ltr'><strong>octo</strong></span> <span class='ocrx_word' id='word_1_100' title='bbox 1871 1022 2022 1084; x_wconf 87' lang='lat' dir='ltr'><strong>virts,</strong></span> <span class='ocrx_word' id='word_1_101' title='bbox 2055 1023 2290 1089; x_wconf 88' lang='lat' dir='ltr'><strong>quicum</strong></span> 
     </span>
    </p>
   </div>
   <div class='ocr_carea' id='block_1_14' title="bbox 747 1113 2295 1192">
    <p class='ocr_par' dir='ltr' id='par_1_14' title="bbox 747 1113 2295 1192">
     <span class='ocr_line' id='line_1_14' title="bbox 747 1113 2295 1192; baseline -0.016 -4"><span class='ocrx_word' id='word_1_102' title='bbox 747 1151 812 1188; x_wconf 79' lang='lat' dir='ltr'><strong>eo</strong></span> <span class='ocrx_word' id='word_1_103' title='bbox 847 1141 1024 1192; x_wconf 78' lang='lat' dir='ltr'><strong>erant,</strong></span> <span class='ocrx_word' id='word_1_104' title='bbox 1060 1127 1302 1184; x_wconf 84' lang='lat' dir='ltr'><strong>subiens.</strong></span> <span class='ocrx_word' id='word_1_105' title='bbox 1356 1119 1560 1181; x_wconf 78' lang='lat' dir='ltr'><strong>statim,</strong></span> <span class='ocrx_word' id='word_1_106' title='bbox 1615 1127 1676 1171; x_wconf 90' lang='lat' dir='ltr'><strong>ut</strong></span> <span class='ocrx_word' id='word_1_107' title='bbox 1709 1117 1873 1182; x_wconf 74' lang='lat' dir='ltr'><strong>vulgo</strong></span> <span class='ocrx_word' id='word_1_108' title='bbox 1923 1113 2144 1173; x_wconf 87' lang='lat' dir='ltr'><strong>dicitur,</strong></span> <span class='ocrx_word' id='word_1_109' title='bbox 2177 1121 2295 1164; x_wconf 90' lang='lat' dir='ltr'><strong>erat</strong></span> 
     </span>
    </p>
   </div>
   <div class='ocr_carea' id='block_1_15' title="bbox 750 1201 2294 1289">
    <p class='ocr_par' dir='ltr' id='par_1_15' title="bbox 750 1201 2294 1289">
     <span class='ocr_line' id='line_1_15' title="bbox 750 1201 2294 1289; baseline -0.014 -15"><span class='ocrx_word' id='word_1_110' title='bbox 750 1221 929 1289; x_wconf 78' lang='lat' dir='ltr'><strong>aquila</strong></span> <span class='ocrx_word' id='word_1_111' title='bbox 966 1221 1018 1270; x_wconf 92' lang='lat' dir='ltr'><strong>in</strong></span> <span class='ocrx_word' id='word_1_112' title='bbox 1048 1214 1309 1274; x_wconf 88' lang='lat' dir='ltr'><strong>nubibus,</strong></span> <span class='ocrx_word' id='word_1_113' title='bbox 1358 1225 1452 1264; x_wconf 90' lang='lat' dir='ltr'><strong>eos</strong></span> <span class='ocrx_word' id='word_1_114' title='bbox 1497 1208 1590 1276; x_wconf 87' lang='lat' dir='ltr'><strong>qui</strong></span> <span class='ocrx_word' id='word_1_115' title='bbox 1623 1206 1795 1274; x_wconf 85' lang='lat' dir='ltr'><strong>ipsum</strong></span> <span class='ocrx_word' id='word_1_116' title='bbox 1837 1201 2185 1262; x_wconf 81' lang='lat' dir='ltr'><strong>invadebant,</strong></span> <span class='ocrx_word' id='word_1_117' title='bbox 2235 1215 2294 1253; x_wconf 88' lang='lat' dir='ltr'><strong>re</strong></span> 
     </span>
    </p>
   </div>
   <div class='ocr_carea' id='block_1_16' title="bbox 749 1291 2296 1368">
    <p class='ocr_par' dir='ltr' id='par_1_16' title="bbox 749 1291 2296 1368">
     <span class='ocr_line' id='line_1_16' title="bbox 749 1291 2296 1368; baseline -0.014 -7"><span class='ocrx_word' id='word_1_118' title='bbox 749 1309 947 1361; x_wconf 80' lang='lat' dir='ltr'><strong>infecta</strong></span> <span class='ocrx_word' id='word_1_119' title='bbox 980 1303 1310 1368; x_wconf 91' lang='lat' dir='ltr'><strong>relinquens.</strong></span> <span class='ocrx_word' id='word_1_120' title='bbox 1348 1295 1542 1349; x_wconf 87' lang='lat' dir='ltr'><strong>Statim</strong></span> <span class='ocrx_word' id='word_1_121' title='bbox 1581 1293 1764 1360; x_wconf 82' lang='lat' dir='ltr'><strong>itaque</strong></span> <span class='ocrx_word' id='word_1_122' title='bbox 1803 1291 1892 1344; x_wconf 87' lang='lat' dir='ltr'><strong>isti</strong></span> <span class='ocrx_word' id='word_1_123' title='bbox 1924 1303 2047 1343; x_wconf 88' lang='lat' dir='ltr'><strong>cum</strong></span> <span class='ocrx_word' id='word_1_124' title='bbox 2078 1298 2296 1342; x_wconf 84' lang='lat' dir='ltr'><strong>antrum</strong></span> 
     </span>
    </p>
   </div>
   <div class='ocr_carea' id='block_1_17' title="bbox 751 1379 2296 1454">
    <p class='ocr_par' dir='ltr' id='par_1_17' title="bbox 751 1379 2296 1454">
     <span class='ocr_line' id='line_1_17' title="bbox 751 1379 2296 1454; baseline -0.015 0"><span class='ocrx_word' id='word_1_125' title='bbox 751 1392 1258 1454; x_wconf 82' lang='lat' dir='ltr'><strong>circumdedissent,</strong></span> <span class='ocrx_word' id='word_1_126' title='bbox 1310 1386 1444 1440; x_wconf 85' lang='lat' dir='ltr'><strong>satis</strong></span> <span class='ocrx_word' id='word_1_127' title='bbox 1476 1383 1675 1438; x_wconf 85' lang='lat' dir='ltr'><strong>multos</strong></span> <span class='ocrx_word' id='word_1_128' title='bbox 1705 1381 1921 1450; x_wconf 87' lang='lat' dir='ltr'><strong>quidem</strong></span> <span class='ocrx_word' id='word_1_129' title='bbox 1951 1389 2197 1434; x_wconf 86' lang='lat' dir='ltr'><strong>statuunt</strong></span> <span class='ocrx_word' id='word_1_130' title='bbox 2229 1379 2296 1432; x_wconf 88' lang='lat' dir='ltr'><strong>ad</strong></span> 
     </span>
    </p>
   </div>
   <div class='ocr_carea' id='block_1_18' title="bbox 750 1471 2300 1548">
    <p class='ocr_par' dir='ltr' id='par_1_18' title="bbox 750 1471 2300 1548">
     <span class='ocr_line' id='line_1_18' title="bbox 750 1471 2300 1548; baseline -0.015 -7"><span class='ocrx_word' id='word_1_131' title='bbox 750 1488 970 1546; x_wconf 90' lang='lat' dir='ltr'><strong>ostium,</strong></span> <span class='ocrx_word' id='word_1_132' title='bbox 1004 1499 1070 1536; x_wconf 89' lang='lat' dir='ltr'><strong>ne</strong></span> <span class='ocrx_word' id='word_1_133' title='bbox 1102 1480 1420 1548; x_wconf 77' lang='lat' dir='ltr'><strong>aufugeret;</strong></span> <span class='ocrx_word' id='word_1_134' title='bbox 1458 1475 1593 1528; x_wconf 88' lang='lat' dir='ltr'><strong>alios</strong></span> <span class='ocrx_word' id='word_1_135' title='bbox 1615 1481 1792 1526; x_wconf 90' lang='lat' dir='ltr'><strong>autem</strong></span> <span class='ocrx_word' id='word_1_136' title='bbox 1819 1474 2040 1524; x_wconf 91' lang='lat' dir='ltr'><strong>mittunt</strong></span> <span class='ocrx_word' id='word_1_137' title='bbox 2073 1471 2138 1522; x_wconf 86' lang='lat' dir='ltr'><strong>ad</strong></span> <span class='ocrx_word' id='word_1_138' title='bbox 2165 1485 2300 1538; x_wconf 63' lang='lat' dir='ltr'><strong>prm-</strong></span> 
     </span>
    </p>
   </div>
   <div class='ocr_carea' id='block_1_19' title="bbox 752 1556 2299 1634">
    <p class='ocr_par' dir='ltr' id='par_1_19' title="bbox 752 1556 2299 1634">
     <span class='ocr_line' id='line_1_19' title="bbox 752 1556 2299 1634; baseline -0.014 -6"><span class='ocrx_word' id='word_1_139' title='bbox 752 1577 924 1629; x_wconf 71' lang='lat' dir='ltr'><strong>sidem</strong></span> <span class='ocrx_word' id='word_1_140' title='bbox 957 1569 1208 1630; x_wconf 83' lang='lat' dir='ltr'><strong>civitatis,</strong></span> <span class='ocrx_word' id='word_1_141' title='bbox 1241 1572 1488 1634; x_wconf 83' lang='lat' dir='ltr'><strong>petentes</strong></span> <span class='ocrx_word' id='word_1_142' title='bbox 1509 1561 1662 1623; x_wconf 90' lang='lat' dir='ltr'><strong>alios,</strong></span> <span class='ocrx_word' id='word_1_143' title='bbox 1693 1558 1784 1627; x_wconf 90' lang='lat' dir='ltr'><strong>qui</strong></span> <span class='ocrx_word' id='word_1_144' title='bbox 1820 1558 2014 1611; x_wconf 86' lang='lat' dir='ltr'><strong>darent</strong></span> <span class='ocrx_word' id='word_1_145' title='bbox 2042 1558 2123 1610; x_wconf 83' lang='lat' dir='ltr'><strong>eis</strong></span> <span class='ocrx_word' id='word_1_146' title='bbox 2147 1556 2299 1608; x_wconf 80' lang='lat' dir='ltr'><strong>auxi-</strong></span> 
     </span>
    </p>
   </div>
   <div class='ocr_carea' id='block_1_20' title="bbox 753 1648 2296 1719">
    <p class='ocr_par' dir='ltr' id='par_1_20' title="bbox 753 1648 2296 1719">
     <span class='ocr_line' id='line_1_20' title="bbox 753 1648 2296 1719; baseline -0.01 -4"><span class='ocrx_word' id='word_1_147' title='bbox 753 1663 906 1716; x_wconf 89' lang='lat' dir='ltr'><strong>lium.</strong></span> <span class='ocrx_word' id='word_1_148' title='bbox 935 1659 1026 1712; x_wconf 88' lang='lat' dir='ltr'><strong>Ille</strong></span> <span class='ocrx_word' id='word_1_149' title='bbox 1047 1664 1228 1709; x_wconf 89' lang='lat' dir='ltr'><strong>autem</strong></span> <span class='ocrx_word' id='word_1_150' title='bbox 1251 1650 1418 1706; x_wconf 87' lang='lat' dir='ltr'><strong>mittit</strong></span> <span class='ocrx_word' id='word_1_151' title='bbox 1437 1648 1656 1719; x_wconf 86' lang='lat' dir='ltr'><strong>quidem</strong></span> <span class='ocrx_word' id='word_1_152' title='bbox 1681 1663 1784 1700; x_wconf 92' lang='lat' dir='ltr'><strong>non</strong></span> <span class='ocrx_word' id='word_1_153' title='bbox 1813 1661 2029 1715; x_wconf 88' lang='lat' dir='ltr'><strong>parvam</strong></span> <span class='ocrx_word' id='word_1_154' title='bbox 2056 1661 2296 1715; x_wconf 83' lang='lat' dir='ltr'><strong>manum.</strong></span> 
     </span>
    </p>
   </div>
   <div class='ocr_carea' id='block_1_21' title="bbox 758 1735 2294 1814">
    <p class='ocr_par' dir='ltr' id='par_1_21' title="bbox 758 1735 2294 1814">
     <span class='ocr_line' id='line_1_21' title="bbox 758 1735 2294 1814; baseline -0.01 -11"><span class='ocrx_word' id='word_1_155' title='bbox 758 1751 916 1806; x_wconf 76' lang='lat' dir='ltr'><strong>Mittit</strong></span> <span class='ocrx_word' id='word_1_156' title='bbox 944 1745 1262 1814; x_wconf 84' lang='lat' dir='ltr'><strong>Quiriacum</strong></span> <span class='ocrx_word' id='word_1_157' title='bbox 1298 1755 1516 1812; x_wconf 85' lang='lat' dir='ltr'><strong>quoque</strong></span> <span class='ocrx_word' id='word_1_158' title='bbox 1554 1737 1778 1792; x_wconf 81' lang='lat' dir='ltr'><strong>fratrem</strong></span> <span class='ocrx_word' id='word_1_159' title='bbox 1821 1736 1992 1791; x_wconf 85' lang='lat' dir='ltr'><strong>divini</strong></span> <span class='ocrx_word' id='word_1_160' title='bbox 2027 1735 2294 1790; x_wconf 86' lang='lat' dir='ltr'><strong>llieronis.</strong></span> 
     </span>
    </p>
   </div>
   <div class='ocr_carea' id='block_1_22' title="bbox 827 2003 2300 2070">
    <p class='ocr_par' dir='ltr' id='par_1_22' title="bbox 827 2003 2300 2070">
     <span class='ocr_line' id='line_1_22' title="bbox 827 2003 2300 2070; baseline -0.012 -1"><span class='ocrx_word' id='word_1_161' title='bbox 827 2016 914 2070; x_wconf 87' lang='lat' dir='ltr'><strong>lll.</strong></span> <span class='ocrx_word' id='word_1_162' title='bbox 953 2014 1084 2067; x_wconf 81' lang='lat' dir='ltr'><strong>Cum</strong></span> <span class='ocrx_word' id='word_1_163' title='bbox 1123 2019 1302 2065; x_wconf 86' lang='lat' dir='ltr'><strong>autem</strong></span> <span class='ocrx_word' id='word_1_164' title='bbox 1337 2009 1414 2063; x_wconf 89' lang='lat' dir='ltr'><strong>illi</strong></span> <span class='ocrx_word' id='word_1_165' title='bbox 1445 2006 1608 2062; x_wconf 84' lang='lat' dir='ltr'><strong>simul</strong></span> <span class='ocrx_word' id='word_1_166' title='bbox 1657 2003 1933 2068; x_wconf 81' lang='lat' dir='ltr'><strong>adessent,</strong></span> <span class='ocrx_word' id='word_1_167' title='bbox 1968 2017 2134 2055; x_wconf 90' lang='lat' dir='ltr'><strong>nemo</strong></span> <span class='ocrx_word' id='word_1_168' title='bbox 2160 2010 2300 2063; x_wconf 85' lang='lat' dir='ltr'><strong>erat,</strong></span> 
     </span>
    </p>
   </div>
   <div class='ocr_carea' id='block_1_23' title="bbox 761 2094 2304 2168">
    <p class='ocr_par' dir='ltr' id='par_1_23' title="bbox 761 2094 2304 2168">
     <span class='ocr_line' id='line_1_23' title="bbox 761 2094 2304 2168; baseline -0.011 -6"><span class='ocrx_word' id='word_1_169' title='bbox 761 2109 852 2168; x_wconf 75' lang='lat' dir='ltr'><strong>qui</strong></span> <span class='ocrx_word' id='word_1_170' title='bbox 888 2114 1101 2159; x_wconf 89' lang='lat' dir='ltr'><strong>antrum</strong></span> <span class='ocrx_word' id='word_1_171' title='bbox 1139 2102 1367 2156; x_wconf 87' lang='lat' dir='ltr'><strong>auderet</strong></span> <span class='ocrx_word' id='word_1_172' title='bbox 1395 2099 1618 2152; x_wconf 88' lang='lat' dir='ltr'><strong>omnino</strong></span> <span class='ocrx_word' id='word_1_173' title='bbox 1643 2096 1873 2164; x_wconf 77' lang='lat' dir='ltr'><strong>ingredi,</strong></span> <span class='ocrx_word' id='word_1_174' title='bbox 1903 2105 1962 2148; x_wconf 91' lang='lat' dir='ltr'><strong>ut</strong></span> <span class='ocrx_word' id='word_1_175' title='bbox 1986 2094 2079 2162; x_wconf 90' lang='lat' dir='ltr'><strong>qui</strong></span> <span class='ocrx_word' id='word_1_176' title='bbox 2113 2095 2304 2147; x_wconf 84' lang='lat' dir='ltr'><strong>lliero-</strong></span> 
     </span>
    </p>
   </div>
   <div class='ocr_carea' id='block_1_24' title="bbox 764 2182 2308 2257">
    <p class='ocr_par' dir='ltr' id='par_1_24' title="bbox 764 2182 2308 2257">
     <span class='ocr_line' id='line_1_24' title="bbox 764 2182 2308 2257; baseline -0.008 -10"><span class='ocrx_word' id='word_1_177' title='bbox 764 2197 850 2249; x_wconf 78' lang='lat' dir='ltr'><strong>nis</strong></span> <span class='ocrx_word' id='word_1_178' title='bbox 899 2206 1096 2248; x_wconf 89' lang='lat' dir='ltr'><strong>manus</strong></span> <span class='ocrx_word' id='word_1_179' title='bbox 1144 2189 1610 2257; x_wconf 86' lang='lat' dir='ltr'><strong>pertimescerent.</strong></span> <span class='ocrx_word' id='word_1_180' title='bbox 1642 2182 1925 2247; x_wconf 89' lang='lat' dir='ltr'><strong>Quiriacus</strong></span> <span class='ocrx_word' id='word_1_181' title='bbox 1971 2191 2149 2235; x_wconf 89' lang='lat' dir='ltr'><strong>autem</strong></span> <span class='ocrx_word' id='word_1_182' title='bbox 2181 2198 2308 2235; x_wconf 92' lang='lat' dir='ltr'><strong>cum</strong></span> 
     </span>
    </p>
   </div>
   <div class='ocr_carea' id='block_1_25' title="bbox 760 2272 2305 2346">
    <p class='ocr_par' dir='ltr' id='par_1_25' title="bbox 760 2272 2305 2346">
     <span class='ocr_line' id='line_1_25' title="bbox 760 2272 2305 2346; baseline -0.007 -10"><span class='ocrx_word' id='word_1_183' title='bbox 760 2287 969 2340; x_wconf 85' lang='lat' dir='ltr'><strong>videret</strong></span> <span class='ocrx_word' id='word_1_184' title='bbox 1013 2296 1107 2336; x_wconf 90' lang='lat' dir='ltr'><strong>eos</strong></span> <span class='ocrx_word' id='word_1_185' title='bbox 1157 2280 1210 2332; x_wconf 89' lang='lat' dir='ltr'><strong>in</strong></span> <span class='ocrx_word' id='word_1_186' title='bbox 1259 2291 1502 2346; x_wconf 84' lang='lat' dir='ltr'><strong>magnam</strong></span> <span class='ocrx_word' id='word_1_187' title='bbox 1565 2274 1833 2328; x_wconf 87' lang='lat' dir='ltr'><strong>adductos</strong></span> <span class='ocrx_word' id='word_1_188' title='bbox 1887 2272 2305 2337; x_wconf 84' lang='lat' dir='ltr'><strong>dubitationem,</strong></span> 
     </span>
    </p>
   </div>
   <div class='ocr_carea' id='block_1_26' title="bbox 761 2364 2302 2438">
    <p class='ocr_par' dir='ltr' id='par_1_26' title="bbox 761 2364 2302 2438">
     <span class='ocr_line' id='line_1_26' title="bbox 761 2364 2302 2438; baseline -0.01 -7"><span class='ocrx_word' id='word_1_189' title='bbox 761 2374 1034 2432; x_wconf 82' lang='lat' dir='ltr'><strong>consuluit</strong></span> <span class='ocrx_word' id='word_1_190' title='bbox 1087 2380 1144 2424; x_wconf 91' lang='lat' dir='ltr'><strong>ut</strong></span> <span class='ocrx_word' id='word_1_191' title='bbox 1178 2383 1367 2438; x_wconf 91' lang='lat' dir='ltr'><strong>parum</strong></span> <span class='ocrx_word' id='word_1_192' title='bbox 1401 2365 1738 2427; x_wconf 87' lang='lat' dir='ltr'><strong>recederent,</strong></span> <span class='ocrx_word' id='word_1_193' title='bbox 1775 2379 1883 2417; x_wconf 92' lang='lat' dir='ltr'><strong>non</strong></span> <span class='ocrx_word' id='word_1_194' title='bbox 1922 2364 1995 2424; x_wconf 92' lang='lat' dir='ltr'><strong>vi,</strong></span> <span class='ocrx_word' id='word_1_195' title='bbox 2047 2364 2140 2418; x_wconf 88' lang='lat' dir='ltr'><strong>sed</strong></span> <span class='ocrx_word' id='word_1_196' title='bbox 2174 2379 2302 2431; x_wconf 87' lang='lat' dir='ltr'><strong>per-</strong></span> 
     </span>
    </p>
   </div>
   <div class='ocr_carea' id='block_1_27' title="bbox 761 2453 2302 2527">
    <p class='ocr_par' dir='ltr' id='par_1_27' title="bbox 761 2453 2302 2527">
     <span class='ocr_line' id='line_1_27' title="bbox 761 2453 2302 2527; baseline -0.011 -5"><span class='ocrx_word' id='word_1_197' title='bbox 761 2481 1011 2522; x_wconf 72' lang='lat' dir='ltr'><strong>suasuone</strong></span> <span class='ocrx_word' id='word_1_198' title='bbox 1060 2476 1183 2514; x_wconf 91' lang='lat' dir='ltr'><strong>eum</strong></span> <span class='ocrx_word' id='word_1_199' title='bbox 1232 2460 1413 2527; x_wconf 78' lang='lat' dir='ltr'><strong>potius</strong></span> <span class='ocrx_word' id='word_1_200' title='bbox 1457 2465 1737 2523; x_wconf 85' lang='lat' dir='ltr'><strong>capturum</strong></span> <span class='ocrx_word' id='word_1_201' title='bbox 1796 2454 2092 2522; x_wconf 88' lang='lat' dir='ltr'><strong>pollicitus.</strong></span> <span class='ocrx_word' id='word_1_202' title='bbox 2148 2453 2302 2517; x_wconf 85' lang='lat' dir='ltr'><strong>Quod</strong></span> 
     </span>
    </p>
   </div>
   <div class='ocr_carea' id='block_1_28' title="bbox 764 2541 2313 2613">
    <p class='ocr_par' dir='ltr' id='par_1_28' title="bbox 764 2541 2313 2613">
     <span class='ocr_line' id='line_1_28' title="bbox 764 2541 2313 2613; baseline -0.009 -5"><span class='ocrx_word' id='word_1_203' title='bbox 764 2570 884 2608; x_wconf 87' lang='lat' dir='ltr'><strong>cum</strong></span> <span class='ocrx_word' id='word_1_204' title='bbox 915 2553 1110 2605; x_wconf 86' lang='lat' dir='ltr'><strong>factum</strong></span> <span class='ocrx_word' id='word_1_205' title='bbox 1137 2557 1301 2609; x_wconf 89' lang='lat' dir='ltr'><strong>esset,</strong></span> <span class='ocrx_word' id='word_1_206' title='bbox 1343 2543 1635 2613; x_wconf 84' lang='lat' dir='ltr'><strong>persuadet</strong></span> <span class='ocrx_word' id='word_1_207' title='bbox 1662 2541 1839 2604; x_wconf 87' lang='lat' dir='ltr'><strong>fratri,</strong></span> <span class='ocrx_word' id='word_1_208' title='bbox 1869 2553 1927 2594; x_wconf 90' lang='lat' dir='ltr'><strong>ut</strong></span> <span class='ocrx_word' id='word_1_209' title='bbox 1946 2551 2102 2594; x_wconf 70' lang='lat' dir='ltr'><strong>exeat</strong></span> <span class='ocrx_word' id='word_1_210' title='bbox 2129 2557 2160 2595; x_wconf 89' lang='lat' dir='ltr'><strong>e</strong></span> <span class='ocrx_word' id='word_1_211' title='bbox 2190 2558 2313 2610; x_wconf 83' lang='lat' dir='ltr'><strong>spe-</strong></span> 
     </span>
    </p>
   </div>
   <div class='ocr_carea' id='block_1_29' title="bbox 765 2633 2309 2705">
    <p class='ocr_par' dir='ltr' id='par_1_29' title="bbox 765 2633 2309 2705">
     <span class='ocr_line' id='line_1_29' title="bbox 765 2633 2309 2705; baseline -0.007 -8"><span class='ocrx_word' id='word_1_212' title='bbox 765 2647 946 2698; x_wconf 74' lang='lat' dir='ltr'><strong>lunca.</strong></span> <span class='ocrx_word' id='word_1_213' title='bbox 989 2640 1158 2705; x_wconf 84' lang='lat' dir='ltr'><strong>Quem</strong></span> <span class='ocrx_word' id='word_1_214' title='bbox 1200 2651 1324 2689; x_wconf 92' lang='lat' dir='ltr'><strong>cum</strong></span> <span class='ocrx_word' id='word_1_215' title='bbox 1382 2634 1790 2703; x_wconf 86' lang='lat' dir='ltr'><strong>assumpsisset,</strong></span> <span class='ocrx_word' id='word_1_216' title='bbox 1837 2633 1988 2685; x_wconf 86' lang='lat' dir='ltr'><strong>venit</strong></span> <span class='ocrx_word' id='word_1_217' title='bbox 2037 2633 2102 2686; x_wconf 89' lang='lat' dir='ltr'><strong>ad</strong></span> <span class='ocrx_word' id='word_1_218' title='bbox 2157 2648 2309 2687; x_wconf 89' lang='lat' dir='ltr'><strong>suam</strong></span> 
     </span>
    </p>
   </div>
   <div class='ocr_carea' id='block_1_30' title="bbox 767 2723 2310 2791">
    <p class='ocr_par' dir='ltr' id='par_1_30' title="bbox 767 2723 2310 2791">
     <span class='ocr_line' id='line_1_30' title="bbox 767 2723 2310 2791; baseline -0.008 -3"><span class='ocrx_word' id='word_1_219' title='bbox 767 2742 1015 2788; x_wconf 89' lang='lat' dir='ltr'><strong>matrem.</strong></span> <span class='ocrx_word' id='word_1_220' title='bbox 1047 2730 1140 2784; x_wconf 89' lang='lat' dir='ltr'><strong>Illa</strong></span> <span class='ocrx_word' id='word_1_221' title='bbox 1184 2737 1364 2781; x_wconf 87' lang='lat' dir='ltr'><strong>autem</strong></span> <span class='ocrx_word' id='word_1_222' title='bbox 1394 2741 1518 2779; x_wconf 89' lang='lat' dir='ltr'><strong>cum</strong></span> <span class='ocrx_word' id='word_1_223' title='bbox 1554 2741 1669 2778; x_wconf 89' lang='lat' dir='ltr'><strong>rem</strong></span> <span class='ocrx_word' id='word_1_224' title='bbox 1714 2723 2032 2785; x_wconf 87' lang='lat' dir='ltr'><strong>audivisset,</strong></span> <span class='ocrx_word' id='word_1_225' title='bbox 2079 2732 2134 2776; x_wconf 90' lang='lat' dir='ltr'><strong>et</strong></span> <span class='ocrx_word' id='word_1_226' title='bbox 2165 2723 2310 2791; x_wconf 94' lang='lat' dir='ltr'><strong>quod</strong></span> 
     </span>
    </p>
   </div>
   <div class='ocr_carea' id='block_1_31' title="bbox 769 2813 2313 2887">
    <p class='ocr_par' dir='ltr' id='par_1_31' title="bbox 769 2813 2313 2887">
     <span class='ocr_line' id='line_1_31' title="bbox 769 2813 2313 2887; baseline -0.006 -10"><span class='ocrx_word' id='word_1_227' title='bbox 769 2825 952 2878; x_wconf 88' lang='lat' dir='ltr'><strong>statim</strong></span> <span class='ocrx_word' id='word_1_228' title='bbox 972 2834 1156 2873; x_wconf 83' lang='lat' dir='ltr'><strong>coram</strong></span> <span class='ocrx_word' id='word_1_229' title='bbox 1180 2817 1408 2887; x_wconf 68' lang='lat' dir='ltr'><strong>praeside</strong></span> <span class='ocrx_word' id='word_1_230' title='bbox 1431 2814 1880 2868; x_wconf 87' lang='lat' dir='ltr'><strong>condemnandus</strong></span> <span class='ocrx_word' id='word_1_231' title='bbox 1900 2813 2176 2866; x_wconf 86' lang='lat' dir='ltr'><strong>sistendus</strong></span> <span class='ocrx_word' id='word_1_232' title='bbox 2195 2825 2313 2867; x_wconf 89' lang='lat' dir='ltr'><strong>erat</strong></span> 
     </span>
    </p>
   </div>
   <div class='ocr_carea' id='block_1_32' title="bbox 769 2905 2314 2984">
    <p class='ocr_par' dir='ltr' id='par_1_32' title="bbox 769 2905 2314 2984">
     <span class='ocr_line' id='line_1_32' title="bbox 769 2905 2314 2984; baseline -0.007 -17"><span class='ocrx_word' id='word_1_233' title='bbox 769 2916 888 2984; x_wconf 81' lang='lat' dir='ltr'><strong>ejus</strong></span> <span class='ocrx_word' id='word_1_234' title='bbox 911 2912 1071 2972; x_wconf 87' lang='lat' dir='ltr'><strong>filius,</strong></span> <span class='ocrx_word' id='word_1_235' title='bbox 1103 2911 1153 2963; x_wconf 89' lang='lat' dir='ltr'><strong>ei</strong></span> <span class='ocrx_word' id='word_1_236' title='bbox 1187 2905 1538 2970; x_wconf 88' lang='lat' dir='ltr'><strong>circumfusa,</strong></span> <span class='ocrx_word' id='word_1_237' title='bbox 1560 2905 1715 2958; x_wconf 88' lang='lat' dir='ltr'><strong>valde</strong></span> <span class='ocrx_word' id='word_1_238' title='bbox 1741 2905 2162 2972; x_wconf 79' lang='lat' dir='ltr'><strong>lacrymabatur,</strong></span> <span class='ocrx_word' id='word_1_239' title='bbox 2187 2920 2314 2958; x_wconf 88' lang='lat' dir='ltr'><strong>eum</strong></span> 
     </span>
    </p>
   </div>
   <div class='ocr_carea' id='block_1_33' title="bbox 772 2996 2316 3059">
    <p class='ocr_par' dir='ltr' id='par_1_33' title="bbox 772 2996 2316 3059">
     <span class='ocr_line' id='line_1_33' title="bbox 772 2996 2316 3059; baseline -0.006 0"><span class='ocrx_word' id='word_1_240' title='bbox 772 3007 939 3059; x_wconf 88' lang='lat' dir='ltr'><strong>solam</strong></span> <span class='ocrx_word' id='word_1_241' title='bbox 971 3003 1094 3054; x_wconf 71' lang='lat' dir='ltr'><strong>vitae</strong></span> <span class='ocrx_word' id='word_1_242' title='bbox 1125 3013 1324 3052; x_wconf 82' lang='lat' dir='ltr'><strong>vocans</strong></span> <span class='ocrx_word' id='word_1_243' title='bbox 1366 2996 1820 3056; x_wconf 78' lang='lat' dir='ltr'><strong>consolationem,</strong></span> <span class='ocrx_word' id='word_1_244' title='bbox 1853 3005 1911 3049; x_wconf 88' lang='lat' dir='ltr'><strong>et</strong></span> <span class='ocrx_word' id='word_1_245' title='bbox 1941 2997 2195 3048; x_wconf 82' lang='lat' dir='ltr'><strong>baculum</strong></span> <span class='ocrx_word' id='word_1_246' title='bbox 2229 3011 2316 3049; x_wconf 85' lang='lat' dir='ltr'><strong>se-</strong></span> 
     </span>
    </p>
   </div>
   <div class='ocr_carea' id='block_1_34' title="bbox 773 3085 2319 3153">
    <p class='ocr_par' dir='ltr' id='par_1_34' title="bbox 773 3085 2319 3153">
     <span class='ocr_line' id='line_1_34' title="bbox 773 3085 2319 3153; baseline -0.007 -4"><span class='ocrx_word' id='word_1_247' title='bbox 773 3093 1028 3153; x_wconf 91' lang='lat' dir='ltr'><strong>nectutis,</strong></span> <span class='ocrx_word' id='word_1_248' title='bbox 1081 3097 1140 3143; x_wconf 88' lang='lat' dir='ltr'><strong>et</strong></span> <span class='ocrx_word' id='word_1_249' title='bbox 1190 3087 1577 3141; x_wconf 87' lang='lat' dir='ltr'><strong>recreationem</strong></span> <span class='ocrx_word' id='word_1_250' title='bbox 1624 3085 1832 3138; x_wconf 74' lang='lat' dir='ltr'><strong>acerba:</strong></span> <span class='ocrx_word' id='word_1_251' title='bbox 1894 3085 2206 3148; x_wconf 85' lang='lat' dir='ltr'><strong>viduitatis,</strong></span> <span class='ocrx_word' id='word_1_252' title='bbox 2263 3094 2319 3138; x_wconf 87' lang='lat' dir='ltr'><strong>et</strong></span> 
     </span>
    </p>
   </div>
   <div class='ocr_carea' id='block_1_35' title="bbox 775 3175 2314 3255">
    <p class='ocr_par' dir='ltr' id='par_1_35' title="bbox 775 3175 2314 3255">
     <span class='ocr_line' id='line_1_35' title="bbox 775 3175 2314 3255; baseline -0.009 -16"><span class='ocrx_word' id='word_1_253' title='bbox 775 3185 919 3255; x_wconf 92' lang='lat' dir='ltr'><strong>quod</strong></span> <span class='ocrx_word' id='word_1_254' title='bbox 959 3182 1071 3236; x_wconf 89' lang='lat' dir='ltr'><strong>sola</strong></span> <span class='ocrx_word' id='word_1_255' title='bbox 1103 3188 1158 3234; x_wconf 89' lang='lat' dir='ltr'><strong>et</strong></span> <span class='ocrx_word' id='word_1_256' title='bbox 1195 3178 1396 3246; x_wconf 85' lang='lat' dir='ltr'><strong>absque</strong></span> <span class='ocrx_word' id='word_1_257' title='bbox 1425 3177 1535 3229; x_wconf 80' lang='lat' dir='ltr'><strong>ullo</strong></span> <span class='ocrx_word' id='word_1_258' title='bbox 1578 3175 1770 3228; x_wconf 85' lang='lat' dir='ltr'><strong>solatio</strong></span> <span class='ocrx_word' id='word_1_259' title='bbox 1800 3189 1923 3226; x_wconf 77' lang='lat' dir='ltr'><strong>mox</strong></span> <span class='ocrx_word' id='word_1_260' title='bbox 1953 3175 2314 3243; x_wconf 90' lang='lat' dir='ltr'><strong>relinquetur,</strong></span> 
     </span>
    </p>
   </div>
   <div class='ocr_carea' id='block_1_36' title="bbox 777 3264 2318 3337">
    <p class='ocr_par' dir='ltr' id='par_1_36' title="bbox 777 3264 2318 3337">
     <span class='ocr_line' id='line_1_36' title="bbox 777 3264 2318 3337; baseline -0.009 -7"><span class='ocrx_word' id='word_1_261' title='bbox 777 3277 962 3329; x_wconf 87' lang='lat' dir='ltr'><strong>orbata</strong></span> <span class='ocrx_word' id='word_1_262' title='bbox 1013 3272 1206 3333; x_wconf 80' lang='lat' dir='ltr'><strong>oculis,</strong></span> <span class='ocrx_word' id='word_1_263' title='bbox 1254 3277 1467 3337; x_wconf 76' lang='lat' dir='ltr'><strong>gravata</strong></span> <span class='ocrx_word' id='word_1_264' title='bbox 1506 3273 1806 3325; x_wconf 70' lang='lat' dir='ltr'><strong>senectute,</strong></span> <span class='ocrx_word' id='word_1_265' title='bbox 1851 3279 2109 3332; x_wconf 85' lang='lat' dir='ltr'><strong>oppressa</strong></span> <span class='ocrx_word' id='word_1_266' title='bbox 2141 3264 2318 3316; x_wconf 77' lang='lat' dir='ltr'><strong>vidul-</strong></span> 
     </span>
    </p>
   </div>
   <div class='ocr_carea' id='block_1_37' title="bbox 778 3355 2317 3423">
    <p class='ocr_par' dir='ltr' id='par_1_37' title="bbox 778 3355 2317 3423">
     <span class='ocr_line' id='line_1_37' title="bbox 778 3355 2317 3423; baseline -0.007 -5"><span class='ocrx_word' id='word_1_267' title='bbox 778 3378 906 3420; x_wconf 86' lang='lat' dir='ltr'><strong>tate.</strong></span> <span class='ocrx_word' id='word_1_268' title='bbox 935 3365 1026 3416; x_wconf 91' lang='lat' dir='ltr'><strong>llle</strong></span> <span class='ocrx_word' id='word_1_269' title='bbox 1060 3376 1189 3415; x_wconf 90' lang='lat' dir='ltr'><strong>vero</strong></span> <span class='ocrx_word' id='word_1_270' title='bbox 1222 3374 1341 3412; x_wconf 92' lang='lat' dir='ltr'><strong>eum</strong></span> <span class='ocrx_word' id='word_1_271' title='bbox 1370 3373 1455 3420; x_wconf 89' lang='lat' dir='ltr'><strong>ea,</strong></span> <span class='ocrx_word' id='word_1_272' title='bbox 1480 3359 1602 3410; x_wconf 86' lang='lat' dir='ltr'><strong>cum</strong></span> <span class='ocrx_word' id='word_1_273' title='bbox 1629 3371 1734 3423; x_wconf 90' lang='lat' dir='ltr'><strong>qua</strong></span> <span class='ocrx_word' id='word_1_274' title='bbox 1761 3369 1856 3421; x_wconf 87' lang='lat' dir='ltr'><strong>par</strong></span> <span class='ocrx_word' id='word_1_275' title='bbox 1878 3364 1980 3414; x_wconf 87' lang='lat' dir='ltr'><strong>est,</strong></span> <span class='ocrx_word' id='word_1_276' title='bbox 2008 3355 2317 3407; x_wconf 77' lang='lat' dir='ltr'><strong>reverentia</strong></span> 
     </span>
    </p>
   </div>
   <div class='ocr_carea' id='block_1_38' title="bbox 777 3443 2322 3520">
    <p class='ocr_par' dir='ltr' id='par_1_38' title="bbox 777 3443 2322 3520">
     <span class='ocr_line' id='line_1_38' title="bbox 777 3443 2322 3520; baseline -0.008 -13"><span class='ocrx_word' id='word_1_277' title='bbox 777 3471 896 3507; x_wconf 83' lang='lat' dir='ltr'><strong>eam</strong></span> <span class='ocrx_word' id='word_1_278' title='bbox 928 3453 1226 3520; x_wconf 76' lang='lat' dir='ltr'><strong>amplexus,</strong></span> <span class='ocrx_word' id='word_1_279' title='bbox 1280 3448 1369 3500; x_wconf 89' lang='lat' dir='ltr'><strong>ubi</strong></span> <span class='ocrx_word' id='word_1_280' title='bbox 1407 3446 1658 3516; x_wconf 68' lang='lat' dir='ltr'><strong>iussisset</strong></span> <span class='ocrx_word' id='word_1_281' title='bbox 1696 3445 1876 3496; x_wconf 86' lang='lat' dir='ltr'><strong>valere</strong></span> <span class='ocrx_word' id='word_1_282' title='bbox 1909 3458 2004 3497; x_wconf 87' lang='lat' dir='ltr'><strong>eos</strong></span> <span class='ocrx_word' id='word_1_283' title='bbox 2062 3443 2154 3511; x_wconf 83' lang='lat' dir='ltr'><strong>qui</strong></span> <span class='ocrx_word' id='word_1_284' title='bbox 2189 3457 2322 3496; x_wconf 88' lang='lat' dir='ltr'><strong>con-</strong></span> 
     </span>
    </p>
   </div>
   <div class='ocr_carea' id='block_1_39' title="bbox 781 3533 2320 3614">
    <p class='ocr_par' dir='ltr' id='par_1_39' title="bbox 781 3533 2320 3614">
     <span class='ocr_line' id='line_1_39' title="bbox 781 3533 2320 3614; baseline -0.006 -17"><span class='ocrx_word' id='word_1_285' title='bbox 781 3545 982 3614; x_wconf 69' lang='lat' dir='ltr'><strong>gregali</strong></span> <span class='ocrx_word' id='word_1_286' title='bbox 1029 3541 1262 3602; x_wconf 87' lang='lat' dir='ltr'><strong>fuerant,</strong></span> <span class='ocrx_word' id='word_1_287' title='bbox 1298 3553 1420 3590; x_wconf 90' lang='lat' dir='ltr'><strong>cum</strong></span> <span class='ocrx_word' id='word_1_288' title='bbox 1465 3545 1694 3603; x_wconf 83' lang='lat' dir='ltr'><strong>cognato</strong></span> <span class='ocrx_word' id='word_1_289' title='bbox 1748 3535 1954 3586; x_wconf 75' lang='lat' dir='ltr'><strong>Victore</strong></span> <span class='ocrx_word' id='word_1_290' title='bbox 2004 3542 2062 3586; x_wconf 88' lang='lat' dir='ltr'><strong>et</strong></span> <span class='ocrx_word' id='word_1_291' title='bbox 2107 3533 2320 3587; x_wconf 87' lang='lat' dir='ltr'><strong>duobus</strong></span> 
     </span>
    </p>
   </div>
   <div class='ocr_carea' id='block_1_40' title="bbox 783 3622 2322 3691">
    <p class='ocr_par' dir='ltr' id='par_1_40' title="bbox 783 3622 2322 3691">
     <span class='ocr_line' id='line_1_40' title="bbox 783 3622 2322 3691; baseline -0.006 -6"><span class='ocrx_word' id='word_1_292' title='bbox 783 3633 1041 3686; x_wconf 81' lang='lat' dir='ltr'><strong>fratribus</strong></span> <span class='ocrx_word' id='word_1_293' title='bbox 1071 3628 1304 3681; x_wconf 86' lang='lat' dir='ltr'><strong>Antonio</strong></span> <span class='ocrx_word' id='word_1_294' title='bbox 1330 3635 1384 3679; x_wconf 91' lang='lat' dir='ltr'><strong>et</strong></span> <span class='ocrx_word' id='word_1_295' title='bbox 1417 3625 1771 3685; x_wconf 81' lang='lat' dir='ltr'><strong>Matroniauo,</strong></span> <span class='ocrx_word' id='word_1_296' title='bbox 1797 3637 1990 3691; x_wconf 80' lang='lat' dir='ltr'><strong>magno</strong></span> <span class='ocrx_word' id='word_1_297' title='bbox 2019 3630 2076 3674; x_wconf 92' lang='lat' dir='ltr'><strong>et</strong></span> <span class='ocrx_word' id='word_1_298' title='bbox 2108 3622 2322 3675; x_wconf 89' lang='lat' dir='ltr'><strong>intenso</strong></span> 
     </span>
    </p>
   </div>
   <div class='ocr_carea' id='block_1_41' title="bbox 782 3711 2325 3783">
    <p class='ocr_par' dir='ltr' id='par_1_41' title="bbox 782 3711 2325 3783">
     <span class='ocr_line' id='line_1_41' title="bbox 782 3711 2325 3783; baseline -0.008 -8"><span class='ocrx_word' id='word_1_299' title='bbox 782 3722 962 3775; x_wconf 79' lang='lat' dir='ltr'><strong>studio</strong></span> <span class='ocrx_word' id='word_1_300' title='bbox 995 3719 1098 3771; x_wconf 85' lang='lat' dir='ltr'><strong>iter</strong></span> <span class='ocrx_word' id='word_1_301' title='bbox 1131 3716 1404 3783; x_wconf 85' lang='lat' dir='ltr'><strong>ingressus</strong></span> <span class='ocrx_word' id='word_1_302' title='bbox 1426 3723 1509 3766; x_wconf 81' lang='lat' dir='ltr'><strong>est</strong></span> <span class='ocrx_word' id='word_1_303' title='bbox 1538 3712 1838 3772; x_wconf 78' lang='lat' dir='ltr'><strong>Melitinen,</strong></span> <span class='ocrx_word' id='word_1_304' title='bbox 1874 3711 2195 3778; x_wconf 85' lang='lat' dir='ltr'><strong>urgentibus</strong></span> <span class='ocrx_word' id='word_1_305' title='bbox 2224 3712 2325 3763; x_wconf 89' lang='lat' dir='ltr'><strong>mi-</strong></span> 
     </span>
    </p>
   </div>
   <div class='ocr_carea' id='block_1_42' title="bbox 783 3800 1976 3876">
    <p class='ocr_par' dir='ltr' id='par_1_42' title="bbox 783 3800 1976 3876">
     <span class='ocr_line' id='line_1_42' title="bbox 783 3800 1976 3876; baseline -0.008 -12"><span class='ocrx_word' id='word_1_306' title='bbox 783 3812 990 3872; x_wconf 81' lang='lat' dir='ltr'><strong>litibus,</strong></span> <span class='ocrx_word' id='word_1_307' title='bbox 1020 3808 1110 3876; x_wconf 90' lang='lat' dir='ltr'><strong>qui</strong></span> <span class='ocrx_word' id='word_1_308' title='bbox 1141 3805 1284 3858; x_wconf 89' lang='lat' dir='ltr'><strong>missi</strong></span> <span class='ocrx_word' id='word_1_309' title='bbox 1315 3803 1530 3855; x_wconf 88' lang='lat' dir='ltr'><strong>fuerant</strong></span> <span class='ocrx_word' id='word_1_310' title='bbox 1554 3800 1619 3853; x_wconf 88' lang='lat' dir='ltr'><strong>ad</strong></span> <span class='ocrx_word' id='word_1_311' title='bbox 1648 3800 1976 3855; x_wconf 88' lang='lat' dir='ltr'><strong>ducendum.</strong></span> 
     </span>
    </p>
   </div>
   <div class='ocr_carea' id='block_1_43' title="bbox 852 3892 2326 3965">
    <p class='ocr_par' dir='ltr' id='par_1_43' title="bbox 852 3892 2326 3965">
     <span class='ocr_line' id='line_1_43' title="bbox 852 3892 2326 3965; baseline -0.005 -13"><span class='ocrx_word' id='word_1_312' title='bbox 852 3902 939 3954; x_wconf 84' lang='lat' dir='ltr'><strong>IV.</strong></span> <span class='ocrx_word' id='word_1_313' title='bbox 983 3901 1035 3951; x_wconf 91' lang='lat' dir='ltr'><strong>ln</strong></span> <span class='ocrx_word' id='word_1_314' title='bbox 1061 3895 1294 3965; x_wconf 90' lang='lat' dir='ltr'><strong>quodam</strong></span> <span class='ocrx_word' id='word_1_315' title='bbox 1339 3903 1517 3945; x_wconf 90' lang='lat' dir='ltr'><strong>autem</strong></span> <span class='ocrx_word' id='word_1_316' title='bbox 1544 3892 1685 3953; x_wconf 93' lang='lat' dir='ltr'><strong>loco,</strong></span> <span class='ocrx_word' id='word_1_317' title='bbox 1711 3905 1833 3943; x_wconf 91' lang='lat' dir='ltr'><strong>cum</strong></span> <span class='ocrx_word' id='word_1_318' title='bbox 1874 3893 2326 3945; x_wconf 85' lang='lat' dir='ltr'><strong>adventassetve—</strong></span> 
     </span>
    </p>
   </div>
   <div class='ocr_carea' id='block_1_44' title="bbox 784 3979 2326 4058">
    <p class='ocr_par' dir='ltr' id='par_1_44' title="bbox 784 3979 2326 4058">
     <span class='ocr_line' id='line_1_44' title="bbox 784 3979 2326 4058; baseline -0.006 -15"><span class='ocrx_word' id='word_1_319' title='bbox 784 3984 1254 4058; x_wconf 83' lang='lat' dir='ltr'><strong>spera,diversati,</strong></span> <span class='ocrx_word' id='word_1_320' title='bbox 1277 3979 1660 4048; x_wconf 76' lang='lat' dir='ltr'><strong>exspectabant</strong></span> <span class='ocrx_word' id='word_1_321' title='bbox 1682 3994 1954 4033; x_wconf 84' lang='lat' dir='ltr'><strong>auroram.</strong></span> <span class='ocrx_word' id='word_1_322' title='bbox 1984 3981 2038 4033; x_wconf 86' lang='lat' dir='ltr'><strong>lu</strong></span> <span class='ocrx_word' id='word_1_323' title='bbox 2063 3981 2176 4048; x_wconf 87' lang='lat' dir='ltr'><strong>ipsa</strong></span> <span class='ocrx_word' id='word_1_324' title='bbox 2200 3997 2326 4035; x_wconf 89' lang='lat' dir='ltr'><strong>vero</strong></span> 
     </span>
    </p>
   </div>
   <div class='ocr_carea' id='block_1_45' title="bbox 788 4070 2325 4146">
    <p class='ocr_par' dir='ltr' id='par_1_45' title="bbox 788 4070 2325 4146">
     <span class='ocr_line' id='line_1_45' title="bbox 788 4070 2325 4146; baseline -0.007 -12"><span class='ocrx_word' id='word_1_325' title='bbox 788 4097 855 4134; x_wconf 90' lang='lat' dir='ltr'><strong>no</strong></span> <span class='ocrx_word' id='word_1_326' title='bbox 869 4089 943 4134; x_wconf 67' lang='lat' dir='ltr'><strong>ne</strong></span> <span class='ocrx_word' id='word_1_327' title='bbox 964 4078 1198 4146; x_wconf 86' lang='lat' dir='ltr'><strong>quidam,</strong></span> <span class='ocrx_word' id='word_1_328' title='bbox 1226 4073 1469 4127; x_wconf 88' lang='lat' dir='ltr'><strong>candidis</strong></span> <span class='ocrx_word' id='word_1_329' title='bbox 1494 4071 1731 4123; x_wconf 80' lang='lat' dir='ltr'><strong>vestibus</strong></span> <span class='ocrx_word' id='word_1_330' title='bbox 1754 4070 2059 4130; x_wconf 89' lang='lat' dir='ltr'><strong>indutus.ei</strong></span> <span class='ocrx_word' id='word_1_331' title='bbox 2085 4081 2325 4137; x_wconf 87' lang='lat' dir='ltr'><strong>apparet,</strong></span> 
     </span>
    </p>
   </div>
   <div class='ocr_carea' id='block_1_46' title="bbox 787 4161 2327 4238">
    <p class='ocr_par' dir='ltr' id='par_1_46' title="bbox 787 4161 2327 4238">
     <span class='ocr_line' id='line_1_46' title="bbox 787 4161 2327 4238; baseline -0.005 -15"><span class='ocrx_word' id='word_1_332' title='bbox 787 4173 901 4224; x_wconf 87' lang='lat' dir='ltr'><strong>miti</strong></span> <span class='ocrx_word' id='word_1_333' title='bbox 938 4182 990 4222; x_wconf 89' lang='lat' dir='ltr'><strong>et</strong></span> <span class='ocrx_word' id='word_1_334' title='bbox 1034 4166 1263 4233; x_wconf 73' lang='lat' dir='ltr'><strong>benigna</strong></span> <span class='ocrx_word' id='word_1_335' title='bbox 1318 4178 1448 4216; x_wconf 90' lang='lat' dir='ltr'><strong>voce</strong></span> <span class='ocrx_word' id='word_1_336' title='bbox 1485 4162 1708 4238; x_wconf 83' lang='lat' dir='ltr'><strong>dicens:</strong></span> <span class='ocrx_word' id='word_1_337' title='bbox 1746 4161 1903 4220; x_wconf 89' lang='lat' dir='ltr'><strong>Ecce.</strong></span> <span class='ocrx_word' id='word_1_338' title='bbox 1931 4177 1963 4214; x_wconf 94' lang='lat' dir='ltr'><strong>o</strong></span> <span class='ocrx_word' id='word_1_339' title='bbox 1991 4162 2206 4226; x_wconf 88' lang='lat' dir='ltr'><strong>llieron,</strong></span> <span class='ocrx_word' id='word_1_340' title='bbox 2234 4163 2327 4216; x_wconf 91' lang='lat' dir='ltr'><strong>tibi</strong></span> 
     </span>
    </p>
   </div>
   <div class='ocr_carea' id='block_1_47' title="bbox 789 4251 2331 4319">
    <p class='ocr_par' dir='ltr' id='par_1_47' title="bbox 789 4251 2331 4319">
     <span class='ocr_line' id='line_1_47' title="bbox 789 4251 2331 4319; baseline -0.006 -5"><span class='ocrx_word' id='word_1_341' title='bbox 789 4263 1016 4314; x_wconf 84' lang='lat' dir='ltr'><strong>salutem</strong></span> <span class='ocrx_word' id='word_1_342' title='bbox 1061 4256 1344 4309; x_wconf 87' lang='lat' dir='ltr'><strong>annuntio.</strong></span> <span class='ocrx_word' id='word_1_343' title='bbox 1373 4253 1465 4306; x_wconf 82' lang='lat' dir='ltr'><strong>Via</strong></span> <span class='ocrx_word' id='word_1_344' title='bbox 1486 4261 1688 4313; x_wconf 91' lang='lat' dir='ltr'><strong>autem,</strong></span> <span class='ocrx_word' id='word_1_345' title='bbox 1715 4265 1875 4318; x_wconf 92' lang='lat' dir='ltr'><strong>quam</strong></span> <span class='ocrx_word' id='word_1_346' title='bbox 1900 4251 2215 4319; x_wconf 76' lang='lat' dir='ltr'><strong>ingrederis,</strong></span> <span class='ocrx_word' id='word_1_347' title='bbox 2249 4261 2331 4304; x_wconf 88' lang='lat' dir='ltr'><strong>est</strong></span> 
     </span>
    </p>
   </div>
   <div class='ocr_carea' id='block_1_48' title="bbox 790 4342 2325 4409">
    <p class='ocr_par' dir='ltr' id='par_1_48' title="bbox 790 4342 2325 4409">
     <span class='ocr_line' id='line_1_48' title="bbox 790 4342 2325 4409; baseline -0.005 -7"><span class='ocrx_word' id='word_1_348' title='bbox 790 4368 868 4402; x_wconf 64' lang='grc' dir='ltr'>τοι</span> <span class='ocrx_word' id='word_1_349' title='bbox 887 4360 934 4400; x_wconf 83' lang='lat' dir='ltr'><strong>ta</strong></span> <span class='ocrx_word' id='word_1_350' title='bbox 964 4355 1088 4398; x_wconf 87' lang='lat' dir='ltr'><strong>ante</strong></span> <span class='ocrx_word' id='word_1_351' title='bbox 1120 4356 1191 4399; x_wconf 90' lang='lat' dir='ltr'><strong>te.</strong></span> <span class='ocrx_word' id='word_1_352' title='bbox 1219 4343 1336 4396; x_wconf 80' lang='lat' dir='ltr'><strong>Non</strong></span> <span class='ocrx_word' id='word_1_353' title='bbox 1366 4357 1464 4409; x_wconf 91' lang='lat' dir='ltr'><strong>pro</strong></span> <span class='ocrx_word' id='word_1_354' title='bbox 1495 4356 1619 4408; x_wconf 82' lang='lat' dir='ltr'><strong>rege</strong></span> <span class='ocrx_word' id='word_1_355' title='bbox 1647 4355 1775 4392; x_wconf 91' lang='lat' dir='ltr'><strong>vero</strong></span> <span class='ocrx_word' id='word_1_356' title='bbox 1813 4349 2032 4393; x_wconf 88' lang='lat' dir='ltr'><strong>terreno</strong></span> <span class='ocrx_word' id='word_1_357' title='bbox 2058 4351 2112 4394; x_wconf 89' lang='lat' dir='ltr'><strong>et</strong></span> <span class='ocrx_word' id='word_1_358' title='bbox 2137 4342 2325 4409; x_wconf 81' lang='lat' dir='ltr'><strong>gloria,</strong></span> 
     </span>
    </p>
   </div>
   <div class='ocr_carea' id='block_1_49' title="bbox 2392 824 3950 900">
    <p class='ocr_par' dir='ltr' id='par_1_49' title="bbox 2392 824 3950 900">
     <span class='ocr_line' id='line_1_49' title="bbox 2392 824 3950 900; baseline -0.003 -19"><span class='ocrx_word' id='word_1_359' title='bbox 2392 832 2580 900; x_wconf 84' lang='grc' dir='ltr'>χεῖρας</span> <span class='ocrx_word' id='word_1_360' title='bbox 2610 829 2786 883; x_wconf 78' lang='grc' dir='ltr'>αὐτῶν</span> <span class='ocrx_word' id='word_1_361' title='bbox 2817 828 3128 880; x_wconf 80' lang='grc' dir='ltr'>παντάπασι</span> <span class='ocrx_word' id='word_1_362' title='bbox 3184 827 3456 893; x_wconf 73' lang='grc' dir='ltr'><strong>διαφύγοι,</strong></span> <span class='ocrx_word' id='word_1_363' title='bbox 3496 826 3589 878; x_wconf 78' lang='grc' dir='ltr'><strong>καὶ</strong></span> <span class='ocrx_word' id='word_1_364' title='bbox 3619 826 3683 894; x_wconf 80' lang='grc' dir='ltr'>δὴ</span> <span class='ocrx_word' id='word_1_365' title='bbox 3717 824 3950 886; x_wconf 59' lang='grc' dir='ltr'>πολλοῖς</span> 
     </span>
    </p>
   </div>
   <div class='ocr_carea' id='block_1_50' title="bbox 2392 919 3952 989">
    <p class='ocr_par' dir='ltr' id='par_1_50' title="bbox 2392 919 3952 989">
     <span class='ocr_line' id='line_1_50' title="bbox 2392 919 3952 989; baseline -0.004 -15"><span class='ocrx_word' id='word_1_366' title='bbox 2392 923 2489 974; x_wconf 78' lang='grc' dir='ltr'><strong>καλ</strong></span> <span class='ocrx_word' id='word_1_367' title='bbox 2517 921 2709 982; x_wconf 61' lang='grc' dir='ltr'>ἄλλους</span> <span class='ocrx_word' id='word_1_368' title='bbox 2740 923 2817 983; x_wconf 87' lang='grc' dir='ltr'><strong>είς</strong></span> <span class='ocrx_word' id='word_1_369' title='bbox 2870 919 3192 988; x_wconf 75' lang='grc' dir='ltr'><strong>συμμαχίαν</strong></span> <span class='ocrx_word' id='word_1_370' title='bbox 3229 919 3657 989; x_wconf 74' lang='grc' dir='ltr'>ἑταιρισάμενοι,</span> <span class='ocrx_word' id='word_1_371' title='bbox 3723 933 3952 968; x_wconf 77' lang='grc' dir='ltr'>συνεπιο</span> 
     </span>
    </p>
   </div>
   <div class='ocr_carea' id='block_1_51' title="bbox 2393 1007 3957 1080">
    <p class='ocr_par' dir='ltr' id='par_1_51' title="bbox 2393 1007 3957 1080">
     <span class='ocr_line' id='line_1_51' title="bbox 2393 1007 3957 1080; baseline -0.003 -16"><span class='ocrx_word' id='word_1_372' title='bbox 2393 1011 2631 1064; x_wconf 81' lang='grc' dir='ltr'><strong>τίθενται</strong></span> <span class='ocrx_word' id='word_1_373' title='bbox 2687 1010 2764 1080; x_wconf 84' lang='grc' dir='ltr'>τῷ</span> <span class='ocrx_word' id='word_1_374' title='bbox 2823 1011 2983 1079; x_wconf 64' lang='grc' dir='ltr'>ἁγίῳ.</span> <span class='ocrx_word' id='word_1_375' title='bbox 3047 1015 3106 1061; x_wconf 85' lang='grc'><strong>’0</strong></span> <span class='ocrx_word' id='word_1_376' title='bbox 3152 1010 3227 1074; x_wconf 80' lang='grc' dir='ltr'>δὲ,</span> <span class='ocrx_word' id='word_1_377' title='bbox 3292 1009 3396 1075; x_wconf 72' lang='grc' dir='ltr'><strong>πρὸ</strong></span> <span class='ocrx_word' id='word_1_378' title='bbox 3451 1007 3546 1060; x_wconf 81' lang='grc' dir='ltr'>τοῦ</span> <span class='ocrx_word' id='word_1_379' title='bbox 3618 1008 3957 1060; x_wconf 74' lang='grc' dir='ltr'>καταλαϐεῖν</span> 
     </span>
    </p>
   </div>
   <div class='ocr_carea' id='block_1_52' title="bbox 2394 1098 3954 1170">
    <p class='ocr_par' dir='ltr' id='par_1_52' title="bbox 2394 1098 3954 1170">
     <span class='ocr_line' id='line_1_52' title="bbox 2394 1098 3954 1170; baseline -0.001 -17"><span class='ocrx_word' id='word_1_380' title='bbox 2394 1102 2661 1163; x_wconf 73' lang='grc' dir='ltr'>ἐκείνους,</span> <span class='ocrx_word' id='word_1_381' title='bbox 2691 1101 2750 1153; x_wconf 76' lang='grc' dir='ltr'>τὸ</span> <span class='ocrx_word' id='word_1_382' title='bbox 2801 1101 3202 1170; x_wconf 81' lang='grc' dir='ltr'>παρακείμενον</span> <span class='ocrx_word' id='word_1_383' title='bbox 3259 1098 3520 1168; x_wconf 69' lang='grc' dir='ltr'>σπήλαιον</span> <span class='ocrx_word' id='word_1_384' title='bbox 3563 1100 3773 1168; x_wconf 76' lang='grc' dir='ltr'>σύναμα</span> <span class='ocrx_word' id='word_1_385' title='bbox 3818 1100 3954 1151; x_wconf 81' lang='grc' dir='ltr'>δέκα</span> 
     </span>
    </p>
   </div>
   <div class='ocr_carea' id='block_1_53' title="bbox 2397 1191 3956 1263">
    <p class='ocr_par' dir='ltr' id='par_1_53' title="bbox 2397 1191 3956 1263">
     <span class='ocr_line' id='line_1_53' title="bbox 2397 1191 3956 1263; baseline -0.003 -16"><span class='ocrx_word' id='word_1_386' title='bbox 2397 1197 2489 1247; x_wconf 82' lang='grc' dir='ltr'>καὶ</span> <span class='ocrx_word' id='word_1_387' title='bbox 2523 1194 2666 1246; x_wconf 85' lang='grc' dir='ltr'>ὀκτὼ</span> <span class='ocrx_word' id='word_1_388' title='bbox 2698 1194 2922 1262; x_wconf 74' lang='grc' dir='ltr'>ἀνδράσι</span> <span class='ocrx_word' id='word_1_389' title='bbox 2951 1197 3059 1254; x_wconf 82' lang='grc' dir='ltr'>τοῖς</span> <span class='ocrx_word' id='word_1_390' title='bbox 3087 1192 3468 1263; x_wconf 79' lang='grc' dir='ltr'><strong>συμπαροῦσιν</strong></span> <span class='ocrx_word' id='word_1_391' title='bbox 3498 1191 3647 1259; x_wconf 87' lang='grc' dir='ltr'>αύτῷ</span> <span class='ocrx_word' id='word_1_392' title='bbox 3668 1192 3956 1254; x_wconf 66' lang='grc' dir='ltr'>ύπεισδὺς,</span> 
     </span>
    </p>
   </div>
   <div class='ocr_carea' id='block_1_54' title="bbox 2396 1278 3966 1352">
    <p class='ocr_par' dir='ltr' id='par_1_54' title="bbox 2396 1278 3966 1352">
     <span class='ocr_line' id='line_1_54' title="bbox 2396 1278 3966 1352; baseline -0.004 -16"><span class='ocrx_word' id='word_1_393' title='bbox 2396 1285 2578 1344; x_wconf 80' lang='grc' dir='ltr'>εὐθὺς,</span> <span class='ocrx_word' id='word_1_394' title='bbox 2607 1285 2664 1335; x_wconf 68' lang='grc' dir='ltr'><strong>τὸ</strong></span> <span class='ocrx_word' id='word_1_395' title='bbox 2693 1284 2969 1352; x_wconf 70' lang='grc' dir='ltr'>ᾀδόμενον,</span> <span class='ocrx_word' id='word_1_396' title='bbox 2993 1282 3144 1342; x_wconf 73' lang='grc' dir='ltr'>ἀετὸς</span> <span class='ocrx_word' id='word_1_397' title='bbox 3171 1278 3237 1350; x_wconf 77' lang='grc' dir='ltr'>ἦν</span> <span class='ocrx_word' id='word_1_398' title='bbox 3260 1284 3316 1333; x_wconf 82' lang='grc' dir='ltr'>ὲν</span> <span class='ocrx_word' id='word_1_399' title='bbox 3342 1280 3615 1348; x_wconf 74' lang='grc' dir='ltr'><strong>νεφέλαις,</strong></span> <span class='ocrx_word' id='word_1_400' title='bbox 3638 1279 3966 1349; x_wconf 78' lang='grc' dir='ltr'>ἀπράκτους</span> 
     </span>
    </p>
   </div>
   <div class='ocr_carea' id='block_1_55' title="bbox 2398 1363 3955 1440">
    <p class='ocr_par' dir='ltr' id='par_1_55' title="bbox 2398 1363 3955 1440">
     <span class='ocr_line' id='line_1_55' title="bbox 2398 1363 3955 1440; baseline -0.004 -14"><span class='ocrx_word' id='word_1_401' title='bbox 2398 1376 2522 1436; x_wconf 78' lang='grc' dir='ltr'>τοὺς</span> <span class='ocrx_word' id='word_1_402' title='bbox 2558 1373 2974 1440; x_wconf 69' lang='grc' dir='ltr'><strong>ἐπιτιθεμένους</strong></span> <span class='ocrx_word' id='word_1_403' title='bbox 3005 1370 3311 1424; x_wconf 83' lang='grc' dir='ltr'>ἀπολιπών.</span> <span class='ocrx_word' id='word_1_404' title='bbox 3349 1370 3559 1422; x_wconf 81' lang='grc' dir='ltr'>Λύτίκα</span> <span class='ocrx_word' id='word_1_405' title='bbox 3594 1371 3774 1421; x_wconf 82' lang='grc' dir='ltr'>τοίνυν</span> <span class='ocrx_word' id='word_1_406' title='bbox 3803 1363 3955 1421; x_wconf 74' lang='grc' dir='ltr'>οὗτοι</span> 
     </span>
    </p>
   </div>
   <div class='ocr_carea' id='block_1_56' title="bbox 2397 1459 3952 1534">
    <p class='ocr_par' dir='ltr' id='par_1_56' title="bbox 2397 1459 3952 1534">
     <span class='ocr_line' id='line_1_56' title="bbox 2397 1459 3952 1534; baseline -0.004 -16"><span class='ocrx_word' id='word_1_407' title='bbox 2397 1466 2455 1518; x_wconf 85' lang='grc' dir='ltr'><strong>τδ</strong></span> <span class='ocrx_word' id='word_1_408' title='bbox 2479 1465 2668 1534; x_wconf 75' lang='grc' dir='ltr'>ἄντρον</span> <span class='ocrx_word' id='word_1_409' title='bbox 2697 1465 2754 1515; x_wconf 76' lang='grc' dir='ltr'>ὲν</span> <span class='ocrx_word' id='word_1_410' title='bbox 2779 1462 2962 1531; x_wconf 80' lang='grc' dir='ltr'>κύκλῳ</span> <span class='ocrx_word' id='word_1_411' title='bbox 2986 1461 3353 1522; x_wconf 76' lang='grc' dir='ltr'>διαλαϐόντες,</span> <span class='ocrx_word' id='word_1_412' title='bbox 3385 1461 3606 1522; x_wconf 74' lang='grc' dir='ltr'>ἱκανοὺς</span> <span class='ocrx_word' id='word_1_413' title='bbox 3637 1460 3734 1529; x_wconf 74' lang='grc' dir='ltr'>μὲν</span> <span class='ocrx_word' id='word_1_414' title='bbox 3761 1459 3952 1512; x_wconf 86' lang='grc' dir='ltr'>ἱστῶσι</span> 
     </span>
    </p>
   </div>
   <div class='ocr_carea' id='block_1_57' title="bbox 2400 1551 3958 1625">
    <p class='ocr_par' dir='ltr' id='par_1_57' title="bbox 2400 1551 3958 1625">
     <span class='ocr_line' id='line_1_57' title="bbox 2400 1551 3958 1625; baseline -0.004 -18"><span class='ocrx_word' id='word_1_415' title='bbox 2400 1555 2548 1625; x_wconf 74' lang='grc' dir='ltr'>παρὰ</span> <span class='ocrx_word' id='word_1_416' title='bbox 2579 1554 2639 1606; x_wconf 79' lang='grc' dir='ltr'>τὸ</span> <span class='ocrx_word' id='word_1_417' title='bbox 2665 1555 2902 1622; x_wconf 88' lang='grc' dir='ltr'>στόμιον,</span> <span class='ocrx_word' id='word_1_418' title='bbox 2923 1555 2998 1614; x_wconf 81' lang='grc' dir='ltr'>ὡς</span> <span class='ocrx_word' id='word_1_419' title='bbox 3025 1553 3093 1606; x_wconf 82' lang='grc' dir='ltr'>ἂν</span> <span class='ocrx_word' id='word_1_420' title='bbox 3138 1553 3212 1622; x_wconf 85' lang='grc' dir='ltr'>μὴ</span> <span class='ocrx_word' id='word_1_421' title='bbox 3237 1551 3458 1620; x_wconf 81' lang='grc' dir='ltr'>διαδρὰς</span> <span class='ocrx_word' id='word_1_422' title='bbox 3478 1551 3712 1620; x_wconf 72' lang='grc' dir='ltr'>οἴχηται,</span> <span class='ocrx_word' id='word_1_423' title='bbox 3735 1552 3958 1618; x_wconf 70' lang='grc' dir='ltr'>ἑτέρους</span> 
     </span>
    </p>
   </div>
   <div class='ocr_carea' id='block_1_58' title="bbox 2399 1643 3959 1714">
    <p class='ocr_par' dir='ltr' id='par_1_58' title="bbox 2399 1643 3959 1714">
     <span class='ocr_line' id='line_1_58' title="bbox 2399 1643 3959 1714; baseline -0.003 -17"><span class='ocrx_word' id='word_1_424' title='bbox 2399 1647 2456 1698; x_wconf 83' lang='grc' dir='ltr'>δὲ</span> <span class='ocrx_word' id='word_1_425' title='bbox 2499 1644 2630 1714; x_wconf 79' lang='grc' dir='ltr'>πρὸς</span> <span class='ocrx_word' id='word_1_426' title='bbox 2659 1645 2751 1697; x_wconf 75' lang='grc' dir='ltr'>τὸν</span> <span class='ocrx_word' id='word_1_427' title='bbox 2781 1645 2878 1713; x_wconf 79' lang='grc' dir='ltr'>τῆς</span> <span class='ocrx_word' id='word_1_428' title='bbox 2924 1643 3131 1705; x_wconf 84' lang='grc' dir='ltr'>πόλεως</span> <span class='ocrx_word' id='word_1_429' title='bbox 3179 1643 3415 1711; x_wconf 77' lang='grc' dir='ltr'>ἄρχοντα</span> <span class='ocrx_word' id='word_1_430' title='bbox 3464 1643 3760 1706; x_wconf 78' lang='grc' dir='ltr'><strong>στέλλουσι,</strong></span> <span class='ocrx_word' id='word_1_431' title='bbox 3787 1658 3959 1710; x_wconf 71' lang='grc' dir='ltr'>προσ-</span> 
     </span>
    </p>
   </div>
   <div class='ocr_carea' id='block_1_59' title="bbox 2402 1733 3964 1804">
    <p class='ocr_par' dir='ltr' id='par_1_59' title="bbox 2402 1733 3964 1804">
     <span class='ocr_line' id='line_1_59' title="bbox 2402 1733 3964 1804; baseline -0.004 -17"><span class='ocrx_word' id='word_1_432' title='bbox 2402 1736 2573 1804; x_wconf 83' lang='grc' dir='ltr'>οὴκην</span> <span class='ocrx_word' id='word_1_433' title='bbox 2619 1735 2726 1786; x_wconf 81' lang='grc' dir='ltr'>τῶν</span> <span class='ocrx_word' id='word_1_434' title='bbox 2791 1736 3256 1803; x_wconf 71' lang='grc' dir='ltr'>συμμαχησάντων</span> <span class='ocrx_word' id='word_1_435' title='bbox 3289 1733 3594 1794; x_wconf 71' lang='grc' dir='ltr'><strong>αἰτοῦντες.</strong></span> <span class='ocrx_word' id='word_1_436' title='bbox 3647 1733 3784 1784; x_wconf 71' lang='grc' dir='ltr'><strong>Ὀδὲ</strong></span> <span class='ocrx_word' id='word_1_437' title='bbox 3819 1733 3964 1798; x_wconf 81' lang='grc' dir='ltr'>πέμ-</span> 
     </span>
    </p>
   </div>
   <div class='ocr_carea' id='block_1_60' title="bbox 2334 1803 3966 1895">
    <p class='ocr_par' dir='ltr' id='par_1_60' title="bbox 2334 1803 3966 1895">
     <span class='ocr_line' id='line_1_60' title="bbox 2334 1803 3966 1895; baseline -0.002 -18"><span class='ocrx_word' id='word_1_438' title='bbox 2334 1803 2375 1857; x_wconf 67' lang='lat' dir='ltr'><strong><em>B</em></strong></span> <span class='ocrx_word' id='word_1_439' title='bbox 2409 1803 2494 1878; x_wconf 83' lang='grc' dir='ltr'><strong>πει</strong></span> <span class='ocrx_word' id='word_1_440' title='bbox 2525 1803 2622 1895; x_wconf 65' lang='grc' dir='ltr'>μιν</span> <span class='ocrx_word' id='word_1_441' title='bbox 2652 1827 2713 1876; x_wconf 86' lang='grc' dir='ltr'><strong>ού</strong></span> <span class='ocrx_word' id='word_1_442' title='bbox 2750 1827 2957 1894; x_wconf 75' lang='grc' dir='ltr'>μικρὰν</span> <span class='ocrx_word' id='word_1_443' title='bbox 2988 1829 3165 1894; x_wconf 87' lang='grc' dir='ltr'>χεῖρα,</span> <span class='ocrx_word' id='word_1_444' title='bbox 3197 1825 3408 1891; x_wconf 79' lang='grc' dir='ltr'>πέμπει</span> <span class='ocrx_word' id='word_1_445' title='bbox 3442 1825 3495 1876; x_wconf 81' lang='grc' dir='ltr'>δὲ</span> <span class='ocrx_word' id='word_1_446' title='bbox 3549 1823 3644 1876; x_wconf 70' lang='grc' dir='ltr'>καὶ</span> <span class='ocrx_word' id='word_1_447' title='bbox 3679 1825 3966 1891; x_wconf 70' lang='grc' dir='ltr'>κυριακὸν</span> 
     </span>
    </p>
   </div>
   <div class='ocr_carea' id='block_1_61' title="bbox 2403 1917 3378 1985">
    <p class='ocr_par' dir='ltr' id='par_1_61' title="bbox 2403 1917 3378 1985">
     <span class='ocr_line' id='line_1_61' title="bbox 2403 1917 3378 1985; baseline 0.001 -17"><span class='ocrx_word' id='word_1_448' title='bbox 2403 1918 2496 1968; x_wconf 72' lang='grc' dir='ltr'>τὸν</span> <span class='ocrx_word' id='word_1_449' title='bbox 2533 1917 2623 1968; x_wconf 81' lang='grc' dir='ltr'>τοῦ</span> <span class='ocrx_word' id='word_1_450' title='bbox 2658 1917 2806 1969; x_wconf 87' lang='grc' dir='ltr'>θείου</span> <span class='ocrx_word' id='word_1_451' title='bbox 2854 1917 3095 1985; x_wconf 85' lang='grc' dir='ltr'>Ἱέρωνος</span> <span class='ocrx_word' id='word_1_452' title='bbox 3131 1918 3378 1984; x_wconf 56' lang='grc' dir='ltr'>ἁδελψόν.</span> 
     </span>
    </p>
   </div>
   <div class='ocr_carea' id='block_1_62' title="bbox 2480 2004 3961 2077">
    <p class='ocr_par' dir='ltr' id='par_1_62' title="bbox 2480 2004 3961 2077">
     <span class='ocr_line' id='line_1_62' title="bbox 2480 2004 3961 2077; baseline 0 -18"><span class='ocrx_word' id='word_1_453' title='bbox 2480 2009 2548 2060; x_wconf 89' lang='grc' dir='ltr'><strong>Γ’.</strong></span> <span class='ocrx_word' id='word_1_454' title='bbox 2597 2007 2683 2069; x_wconf 84' lang='grc' dir='ltr'>Ὠς</span> <span class='ocrx_word' id='word_1_455' title='bbox 2716 2007 2771 2060; x_wconf 78' lang='grc' dir='ltr'>δὲ.</span> <span class='ocrx_word' id='word_1_456' title='bbox 2804 2007 3061 2076; x_wconf 81' lang='grc' dir='ltr'>παρῆσαν</span> <span class='ocrx_word' id='word_1_457' title='bbox 3088 2008 3246 2076; x_wconf 78' lang='grc' dir='ltr'>ὁμοῦ,</span> <span class='ocrx_word' id='word_1_458' title='bbox 3277 2008 3452 2070; x_wconf 68' lang='grc' dir='ltr'>οὐδεὶς</span> <span class='ocrx_word' id='word_1_459' title='bbox 3484 2004 3550 2077; x_wconf 78' lang='grc' dir='ltr'>ἦν</span> <span class='ocrx_word' id='word_1_460' title='bbox 3580 2008 3635 2070; x_wconf 84' lang='grc' dir='ltr'>ὂς</span> <span class='ocrx_word' id='word_1_461' title='bbox 3666 2007 3726 2058; x_wconf 76' lang='grc' dir='ltr'><strong>τδ</strong></span> <span class='ocrx_word' id='word_1_462' title='bbox 3760 2007 3961 2075; x_wconf 75' lang='grc' dir='ltr'>ἄντρον</span> 
     </span>
    </p>
   </div>
   <div class='ocr_carea' id='block_1_63' title="bbox 2406 2097 3962 2166">
    <p class='ocr_par' dir='ltr' id='par_1_63' title="bbox 2406 2097 3962 2166">
     <span class='ocr_line' id='line_1_63' title="bbox 2406 2097 3962 2166; baseline 0 -17"><span class='ocrx_word' id='word_1_463' title='bbox 2406 2097 2604 2165; x_wconf 77' lang='grc' dir='ltr'>ἐτόλμα</span> <span class='ocrx_word' id='word_1_464' title='bbox 2637 2098 2991 2160; x_wconf 71' lang='grc' dir='ltr'>ὐπεισελθεῖν,</span> <span class='ocrx_word' id='word_1_465' title='bbox 3031 2105 3126 2158; x_wconf 76' lang='grc' dir='ltr'>τὰς</span> <span class='ocrx_word' id='word_1_466' title='bbox 3149 2100 3341 2166; x_wconf 83' lang='grc' dir='ltr'>χεῖρας</span> <span class='ocrx_word' id='word_1_467' title='bbox 3399 2097 3642 2166; x_wconf 80' lang='grc' dir='ltr'>Ἱέρωνος</span> <span class='ocrx_word' id='word_1_468' title='bbox 3693 2099 3962 2166; x_wconf 72' lang='grc' dir='ltr'>ὑποφρίτ-</span> 
     </span>
    </p>
   </div>
   <div class='ocr_carea' id='block_1_64' title="bbox 2406 2189 3964 2260">
    <p class='ocr_par' dir='ltr' id='par_1_64' title="bbox 2406 2189 3964 2260">
     <span class='ocr_line' id='line_1_64' title="bbox 2406 2189 3964 2260; baseline 0.002 -20"><span class='ocrx_word' id='word_1_469' title='bbox 2406 2207 2610 2251; x_wconf 74' lang='grc' dir='ltr'>τοντες.</span> <span class='ocrx_word' id='word_1_470' title='bbox 2639 2189 2696 2241; x_wconf 82' lang='lat' dir='ltr'><strong>&#39;U</strong></span> <span class='ocrx_word' id='word_1_471' title='bbox 2730 2191 2914 2258; x_wconf 81' lang='grc' dir='ltr'>μέντοι</span> <span class='ocrx_word' id='word_1_472' title='bbox 2945 2191 3239 2260; x_wconf 81' lang='grc' dir='ltr'>Κυριακδς,</span> <span class='ocrx_word' id='word_1_473' title='bbox 3265 2191 3338 2253; x_wconf 86' lang='grc' dir='ltr'>ὼς</span> <span class='ocrx_word' id='word_1_474' title='bbox 3362 2192 3761 2260; x_wconf 75' lang='grc' dir='ltr'>ἀπορουμένους</span> <span class='ocrx_word' id='word_1_475' title='bbox 3789 2191 3964 2258; x_wconf 70' lang='grc' dir='ltr'>ἑώρα.</span> 
     </span>
    </p>
   </div>
   <div class='ocr_carea' id='block_1_65' title="bbox 2410 2281 3958 2353">
    <p class='ocr_par' dir='ltr' id='par_1_65' title="bbox 2410 2281 3958 2353">
     <span class='ocr_line' id='line_1_65' title="bbox 2410 2281 3958 2353; baseline 0.001 -20"><span class='ocrx_word' id='word_1_476' title='bbox 2410 2281 2769 2350; x_wconf 72' lang='grc' dir='ltr'>ὑποχωρῆσαι</span> <span class='ocrx_word' id='word_1_477' title='bbox 2804 2282 2995 2349; x_wconf 59' lang='grc' dir='ltr'>μικρὸν</span> <span class='ocrx_word' id='word_1_478' title='bbox 3027 2281 3441 2344; x_wconf 79' lang='grc' dir='ltr'>συνεϐούλευεν,</span> <span class='ocrx_word' id='word_1_479' title='bbox 3480 2283 3541 2334; x_wconf 88' lang='grc' dir='ltr'>οὺ</span> <span class='ocrx_word' id='word_1_480' title='bbox 3592 2282 3683 2353; x_wconf 77' lang='grc' dir='ltr'>βίᾳ</span> <span class='ocrx_word' id='word_1_481' title='bbox 3731 2284 3958 2352; x_wconf 79' lang='grc' dir='ltr'>μᾶλλον,</span> 
     </span>
    </p>
   </div>
   <div class='ocr_carea' id='block_1_66' title="bbox 2410 2376 3962 2447">
    <p class='ocr_par' dir='ltr' id='par_1_66' title="bbox 2410 2376 3962 2447">
     <span class='ocr_line' id='line_1_66' title="bbox 2410 2376 3962 2447; baseline 0.001 -19"><span class='ocrx_word' id='word_1_482' title='bbox 2410 2376 2548 2429; x_wconf 80' lang='grc' dir='ltr'>ἀλλὰ</span> <span class='ocrx_word' id='word_1_483' title='bbox 2594 2376 2773 2428; x_wconf 78' lang='grc' dir='ltr'>πειθοῖ</span> <span class='ocrx_word' id='word_1_484' title='bbox 2822 2377 3014 2428; x_wconf 76' lang='grc' dir='ltr'>τοῦτον</span> <span class='ocrx_word' id='word_1_485' title='bbox 3061 2378 3314 2446; x_wconf 74' lang='grc' dir='ltr'>αἱρήσειν</span> <span class='ocrx_word' id='word_1_486' title='bbox 3357 2380 3826 2447; x_wconf 78' lang='grc' dir='ltr'>ἐπαγγειλάμενος</span> <span class='ocrx_word' id='word_1_487' title='bbox 3867 2394 3884 2409; x_wconf 75' lang='grc'><strong>⁸</strong></span> <span class='ocrx_word' id='word_1_488' title='bbox 3931 2378 3962 2429; x_wconf 79' lang='grc' dir='ltr'><strong>ὃ</strong></span> 
     </span>
    </p>
   </div>
   <div class='ocr_carea' id='block_1_67' title="bbox 2410 2467 3956 2538">
    <p class='ocr_par' dir='ltr' id='par_1_67' title="bbox 2410 2467 3956 2538">
     <span class='ocr_line' id='line_1_67' title="bbox 2410 2467 3956 2538; baseline 0.003 -22"><span class='ocrx_word' id='word_1_489' title='bbox 2410 2467 2502 2518; x_wconf 76' lang='grc' dir='ltr'>καὶ</span> <span class='ocrx_word' id='word_1_490' title='bbox 2528 2469 2833 2536; x_wconf 85' lang='grc' dir='ltr'>γενόμενον,</span> <span class='ocrx_word' id='word_1_491' title='bbox 2867 2467 3040 2519; x_wconf 87' lang='grc' dir='ltr'>πείθει</span> <span class='ocrx_word' id='word_1_492' title='bbox 3071 2469 3162 2520; x_wconf 71' lang='grc' dir='ltr'><strong>τὸν</strong></span> <span class='ocrx_word' id='word_1_493' title='bbox 3178 2468 3403 2534; x_wconf 63' lang='grc' dir='ltr'>ἀδελφὸν</span> <span class='ocrx_word' id='word_1_494' title='bbox 3438 2470 3528 2522; x_wconf 73' lang='grc' dir='ltr'>τοῦ</span> <span class='ocrx_word' id='word_1_495' title='bbox 3552 2471 3750 2538; x_wconf 77' lang='grc' dir='ltr'>ἄντρου</span> <span class='ocrx_word' id='word_1_496' title='bbox 3784 2470 3922 2534; x_wconf 78' lang='grc' dir='ltr'>ὑπεξ</span> <span class='ocrx_word' id='word_1_497' title='bbox 3942 2498 3956 2509; x_wconf 81' lang='grc' dir='ltr'><strong><em>ο</em></strong></span> 
     </span>
    </p>
   </div>
   <div class='ocr_carea' id='block_1_68' title="bbox 2415 2556 3964 2628">
    <p class='ocr_par' dir='ltr' id='par_1_68' title="bbox 2415 2556 3964 2628">
     <span class='ocr_line' id='line_1_68' title="bbox 2415 2556 3964 2628; baseline 0.002 -21"><span class='ocrx_word' id='word_1_498' title='bbox 2415 2557 2610 2622; x_wconf 83' lang='grc' dir='ltr'>ελθείν,</span> <span class='ocrx_word' id='word_1_499' title='bbox 2672 2558 2760 2607; x_wconf 73' lang='grc' dir='ltr'><strong>καὶ</strong></span> <span class='ocrx_word' id='word_1_500' title='bbox 2781 2556 3110 2626; x_wconf 77' lang='grc' dir='ltr'>παραλαδὼν</span> <span class='ocrx_word' id='word_1_501' title='bbox 3139 2558 3320 2618; x_wconf 63' lang='lat' dir='ltr'><strong>aiat-3v,</strong></span> <span class='ocrx_word' id='word_1_502' title='bbox 3350 2559 3442 2609; x_wconf 69' lang='grc' dir='ltr'>ἐπ”.</span> <span class='ocrx_word' id='word_1_503' title='bbox 3463 2557 3560 2626; x_wconf 85' lang='grc' dir='ltr'><strong>τὴν</strong></span> <span class='ocrx_word' id='word_1_504' title='bbox 3587 2559 3722 2610; x_wconf 85' lang='grc' dir='ltr'>ἰδίαν</span> <span class='ocrx_word' id='word_1_505' title='bbox 3749 2560 3964 2628; x_wconf 78' lang='grc' dir='ltr'>μητέρα</span> 
     </span>
    </p>
   </div>
   <div class='ocr_carea' id='block_1_69' title="bbox 2414 2646 3964 2716">
    <p class='ocr_par' dir='ltr' id='par_1_69' title="bbox 2414 2646 3964 2716">
     <span class='ocr_line' id='line_1_69' title="bbox 2414 2646 3964 2716; baseline 0.001 -18"><span class='ocrx_word' id='word_1_506' title='bbox 2414 2649 2594 2716; x_wconf 74' lang='grc' dir='ltr'>φοιτᾷ.</span> <span class='ocrx_word' id='word_1_507' title='bbox 2634 2646 2694 2698; x_wconf 88' lang='grc' dir='ltr'><em>Ἣ</em></span> <span class='ocrx_word' id='word_1_508' title='bbox 2725 2647 2802 2705; x_wconf 84' lang='grc' dir='ltr'>δὲ,</span> <span class='ocrx_word' id='word_1_509' title='bbox 2838 2651 2905 2698; x_wconf 83' lang='grc' dir='ltr'>τὰ</span> <span class='ocrx_word' id='word_1_510' title='bbox 2930 2648 3022 2698; x_wconf 78' lang='grc' dir='ltr'>τοῦ</span> <span class='ocrx_word' id='word_1_511' title='bbox 3057 2649 3375 2714; x_wconf 79' lang='grc' dir='ltr'>πράγματος</span> <span class='ocrx_word' id='word_1_512' title='bbox 3409 2649 3710 2715; x_wconf 60' lang='grc' dir='ltr'>πυθομένη,</span> <span class='ocrx_word' id='word_1_513' title='bbox 3767 2651 3861 2701; x_wconf 82' lang='grc' dir='ltr'>καὶ</span> <span class='ocrx_word' id='word_1_514' title='bbox 3889 2649 3964 2710; x_wconf 88' lang='grc' dir='ltr'>ὡς</span> 
     </span>
    </p>
   </div>
   <div class='ocr_carea' id='block_1_70' title="bbox 2413 2736 3965 2809">
    <p class='ocr_par' dir='ltr' id='par_1_70' title="bbox 2413 2736 3965 2809">
     <span class='ocr_line' id='line_1_70' title="bbox 2413 2736 3965 2809; baseline 0.002 -20"><span class='ocrx_word' id='word_1_515' title='bbox 2413 2738 2610 2789; x_wconf 82' lang='grc' dir='ltr'>αὐτίκα</span> <span class='ocrx_word' id='word_1_516' title='bbox 2669 2736 2949 2804; x_wconf 86' lang='grc' dir='ltr'>μέλλειτῷ</span> <span class='ocrx_word' id='word_1_517' title='bbox 2995 2737 3146 2787; x_wconf 65' lang='grc' dir='ltr'>δουκὶ</span> <span class='ocrx_word' id='word_1_518' title='bbox 3190 2738 3517 2805; x_wconf 77' lang='grc' dir='ltr'>κατάκριτος</span> <span class='ocrx_word' id='word_1_519' title='bbox 3571 2742 3600 2790; x_wconf 90' lang='grc' dir='ltr'><strong>ό</strong></span> <span class='ocrx_word' id='word_1_520' title='bbox 3643 2741 3754 2800; x_wconf 82' lang='grc' dir='ltr'>υίδς</span> <span class='ocrx_word' id='word_1_521' title='bbox 3791 2741 3965 2809; x_wconf 76' lang='grc' dir='ltr'>αὐτῆς</span> 
     </span>
    </p>
   </div>
   <div class='ocr_carea' id='block_1_71' title="bbox 2414 2824 3966 2896">
    <p class='ocr_par' dir='ltr' id='par_1_71' title="bbox 2414 2824 3966 2896">
     <span class='ocr_line' id='line_1_71' title="bbox 2414 2824 3966 2896; baseline 0.003 -19"><span class='ocrx_word' id='word_1_522' title='bbox 2414 2824 2884 2892; x_wconf 80' lang='grc' dir='ltr'>παραστήσεσθαι,</span> <span class='ocrx_word' id='word_1_523' title='bbox 2925 2825 3276 2892; x_wconf 77' lang='grc' dir='ltr'>περιχυθεῖσα</span> <span class='ocrx_word' id='word_1_524' title='bbox 3323 2824 3516 2894; x_wconf 83' lang='grc' dir='ltr'>τούτῳ,</span> <span class='ocrx_word' id='word_1_525' title='bbox 3572 2827 3788 2896; x_wconf 77' lang='grc' dir='ltr'>θερμῶς</span> <span class='ocrx_word' id='word_1_526' title='bbox 3840 2829 3966 2881; x_wconf 79' lang='grc' dir='ltr'><strong>έδά-</strong></span> 
     </span>
    </p>
   </div>
   <div class='ocr_carea' id='block_1_72' title="bbox 2417 2914 3966 2988">
    <p class='ocr_par' dir='ltr' id='par_1_72' title="bbox 2417 2914 3966 2988">
     <span class='ocr_line' id='line_1_72' title="bbox 2417 2914 3966 2988; baseline 0.001 -20"><span class='ocrx_word' id='word_1_527' title='bbox 2417 2933 2573 2985; x_wconf 81' lang='grc' dir='ltr'>κρυε,</span> <span class='ocrx_word' id='word_1_528' title='bbox 2595 2914 2759 2984; x_wconf 88' lang='grc' dir='ltr'>μόνην</span> <span class='ocrx_word' id='word_1_529' title='bbox 2787 2916 3135 2967; x_wconf 77' lang='grc' dir='ltr'>ἁποκαλοῦσα</span> <span class='ocrx_word' id='word_1_530' title='bbox 3158 2915 3250 2966; x_wconf 78' lang='grc' dir='ltr'>τοῦ</span> <span class='ocrx_word' id='word_1_531' title='bbox 3269 2914 3382 2983; x_wconf 84' lang='grc' dir='ltr'>βίου</span> <span class='ocrx_word' id='word_1_532' title='bbox 3406 2918 3758 2986; x_wconf 84' lang='grc' dir='ltr'>παραμυθίαν</span> <span class='ocrx_word' id='word_1_533' title='bbox 3777 2920 3966 2988; x_wconf 83' lang='grc' dir='ltr'>γήρως</span> 
     </span>
    </p>
   </div>
   <div class='ocr_carea' id='block_1_73' title="bbox 2417 3003 3967 3076">
    <p class='ocr_par' dir='ltr' id='par_1_73' title="bbox 2417 3003 3967 3076">
     <span class='ocr_line' id='line_1_73' title="bbox 2417 3003 3967 3076; baseline 0.002 -21"><span class='ocrx_word' id='word_1_534' title='bbox 2417 3021 2474 3055; x_wconf 90' lang='grc' dir='ltr'><strong>τε</strong></span> <span class='ocrx_word' id='word_1_535' title='bbox 2510 3003 2838 3072; x_wconf 72' lang='grc' dir='ltr'>βακτηρίαν,</span> <span class='ocrx_word' id='word_1_536' title='bbox 2892 3004 2986 3054; x_wconf 71' lang='grc' dir='ltr'>καὶ</span> <span class='ocrx_word' id='word_1_537' title='bbox 3038 3003 3279 3070; x_wconf 73' lang='grc' dir='ltr'>χαλεπῆς</span> <span class='ocrx_word' id='word_1_538' title='bbox 3339 3006 3565 3072; x_wconf 80' lang='grc' dir='ltr'>χηρείας</span> <span class='ocrx_word' id='word_1_539' title='bbox 3615 3007 3967 3076; x_wconf 64' lang='grc' dir='ltr'>παραψυχὴν,</span> 
     </span>
    </p>
   </div>
   <div class='ocr_carea' id='block_1_74' title="bbox 2417 3095 3975 3163">
    <p class='ocr_par' dir='ltr' id='par_1_74' title="bbox 2417 3095 3975 3163">
     <span class='ocr_line' id='line_1_74' title="bbox 2417 3095 3975 3163; baseline 0.003 -16"><span class='ocrx_word' id='word_1_540' title='bbox 2417 3098 2511 3148; x_wconf 79' lang='grc' dir='ltr'>καὶ</span> <span class='ocrx_word' id='word_1_541' title='bbox 2535 3099 2684 3157; x_wconf 83' lang='grc' dir='ltr'>ὅπως</span> <span class='ocrx_word' id='word_1_542' title='bbox 2719 3097 2852 3162; x_wconf 91' lang='grc' dir='ltr'>μόνη</span> <span class='ocrx_word' id='word_1_543' title='bbox 2885 3098 2974 3146; x_wconf 79' lang='grc' dir='ltr'><strong>καί</strong></span> <span class='ocrx_word' id='word_1_544' title='bbox 3010 3095 3404 3163; x_wconf 78' lang='grc' dir='ltr'>ἀπαράκλητος</span> <span class='ocrx_word' id='word_1_545' title='bbox 3440 3097 3564 3148; x_wconf 81' lang='grc' dir='ltr'>ὅσον</span> <span class='ocrx_word' id='word_1_546' title='bbox 3601 3099 3751 3150; x_wconf 73' lang='grc' dir='ltr'>οὔπω</span> <span class='ocrx_word' id='word_1_547' title='bbox 3798 3116 3975 3151; x_wconf 86' lang='grc' dir='ltr'>κατα-</span> 
     </span>
    </p>
   </div>
   <div class='ocr_carea' id='block_1_75' title="bbox 2421 3182 3972 3256">
    <p class='ocr_par' dir='ltr' id='par_1_75' title="bbox 2421 3182 3972 3256">
     <span class='ocr_line' id='line_1_75' title="bbox 2421 3182 3972 3256; baseline 0.005 -24"><span class='ocrx_word' id='word_1_548' title='bbox 2421 3182 2788 3253; x_wconf 78' lang='grc' dir='ltr'>λειφθήσεται,</span> <span class='ocrx_word' id='word_1_549' title='bbox 2819 3187 2943 3245; x_wconf 68' lang='grc' dir='ltr'>τοὺς</span> <span class='ocrx_word' id='word_1_550' title='bbox 2971 3182 3278 3250; x_wconf 73' lang='grc' dir='ltr'>ὀφθαλμοὺς</span> <span class='ocrx_word' id='word_1_551' title='bbox 3305 3186 3698 3254; x_wconf 80' lang='grc' dir='ltr'>πεπηρωμένη,</span> <span class='ocrx_word' id='word_1_552' title='bbox 3725 3188 3799 3255; x_wconf 84' lang='grc' dir='ltr'>τῷ</span> <span class='ocrx_word' id='word_1_553' title='bbox 3819 3190 3972 3256; x_wconf 66' lang='grc' dir='ltr'>γήρᾳ</span> 
     </span>
    </p>
   </div>
   <div class='ocr_carea' id='block_1_76' title="bbox 2421 3271 3971 3342">
    <p class='ocr_par' dir='ltr' id='par_1_76' title="bbox 2421 3271 3971 3342">
     <span class='ocr_line' id='line_1_76' title="bbox 2421 3271 3971 3342; baseline 0.002 -19"><span class='ocrx_word' id='word_1_554' title='bbox 2421 3271 2783 3342; x_wconf 78' lang='grc' dir='ltr'>βαρυνομένη,</span> <span class='ocrx_word' id='word_1_555' title='bbox 2816 3275 2881 3340; x_wconf 78' lang='grc' dir='ltr'>τῇ</span> <span class='ocrx_word' id='word_1_556' title='bbox 2913 3274 3109 3341; x_wconf 75' lang='grc' dir='ltr'>χηρείᾳ</span> <span class='ocrx_word' id='word_1_557' title='bbox 3138 3288 3193 3322; x_wconf 87' lang='grc' dir='ltr'><strong>τε</strong></span> <span class='ocrx_word' id='word_1_558' title='bbox 3229 3276 3544 3342; x_wconf 68' lang='grc' dir='ltr'>τρυχομέιη.</span> <span class='ocrx_word' id='word_1_559' title='bbox 3599 3275 3660 3327; x_wconf 84' lang='grc' dir='ltr'>Ὀ</span> <span class='ocrx_word' id='word_1_560' title='bbox 3706 3276 3783 3337; x_wconf 82' lang='grc' dir='ltr'>δὲ,</span> <span class='ocrx_word' id='word_1_561' title='bbox 3837 3276 3971 3326; x_wconf 77' lang='grc' dir='ltr'>ταύο</span> 
     </span>
    </p>
   </div>
   <div class='ocr_carea' id='block_1_77' title="bbox 2421 3362 3969 3433">
    <p class='ocr_par' dir='ltr' id='par_1_77' title="bbox 2421 3362 3969 3433">
     <span class='ocr_line' id='line_1_77' title="bbox 2421 3362 3969 3433; baseline 0.002 -20"><span class='ocrx_word' id='word_1_562' title='bbox 2421 3379 2519 3430; x_wconf 86' lang='grc' dir='ltr'><strong>την</strong></span> <span class='ocrx_word' id='word_1_563' title='bbox 2578 3365 2694 3430; x_wconf 83' lang='grc' dir='ltr'>μετ’</span> <span class='ocrx_word' id='word_1_564' title='bbox 2746 3364 2926 3423; x_wconf 72' lang='grc' dir='ltr'>αίδούς</span> <span class='ocrx_word' id='word_1_565' title='bbox 2968 3363 3065 3430; x_wconf 82' lang='grc' dir='ltr'>τῆς</span> <span class='ocrx_word' id='word_1_566' title='bbox 3121 3362 3499 3430; x_wconf 74' lang='grc' dir='ltr'>προσηκούσης</span> <span class='ocrx_word' id='word_1_567' title='bbox 3551 3364 3969 3433; x_wconf 76' lang='grc' dir='ltr'>ἀσπασάμενος,</span> 
     </span>
    </p>
   </div>
   <div class='ocr_carea' id='block_1_78' title="bbox 2425 3449 3971 3520">
    <p class='ocr_par' dir='ltr' id='par_1_78' title="bbox 2425 3449 3971 3520">
     <span class='ocr_line' id='line_1_78' title="bbox 2425 3449 3971 3520; baseline 0.003 -20"><span class='ocrx_word' id='word_1_568' title='bbox 2425 3450 2816 3515; x_wconf 72' lang='grc' dir='ltr'>συνταξάμενός</span> <span class='ocrx_word' id='word_1_569' title='bbox 2850 3467 2904 3501; x_wconf 85' lang='grc' dir='ltr'><strong>τε</strong></span> <span class='ocrx_word' id='word_1_570' title='bbox 2927 3453 3034 3503; x_wconf 72' lang='grc' dir='ltr'>τοῖς</span> <span class='ocrx_word' id='word_1_571' title='bbox 3078 3449 3535 3517; x_wconf 72' lang='grc' dir='ltr'>συνειλεγμένοις,</span> <span class='ocrx_word' id='word_1_572' title='bbox 3574 3453 3687 3519; x_wconf 75' lang='grc' dir='ltr'>ἅμα</span> <span class='ocrx_word' id='word_1_573' title='bbox 3723 3454 3799 3520; x_wconf 82' lang='grc' dir='ltr'>τῷ</span> <span class='ocrx_word' id='word_1_574' title='bbox 3837 3471 3971 3520; x_wconf 79' lang='grc' dir='ltr'>συγ-</span> 
     </span>
    </p>
   </div>
   <div class='ocr_carea' id='block_1_79' title="bbox 2424 3535 3963 3610">
    <p class='ocr_par' dir='ltr' id='par_1_79' title="bbox 2424 3535 3963 3610">
     <span class='ocr_line' id='line_1_79' title="bbox 2424 3535 3963 3610; baseline 0.001 -20"><span class='ocrx_word' id='word_1_575' title='bbox 2424 3541 2570 3604; x_wconf 88' lang='grc' dir='ltr'>γενεῖ</span> <span class='ocrx_word' id='word_1_576' title='bbox 2597 3535 2852 3605; x_wconf 82' lang='grc' dir='ltr'>Ούῖκτορι</span> <span class='ocrx_word' id='word_1_577' title='bbox 2898 3539 2991 3589; x_wconf 77' lang='grc' dir='ltr'>καὶ</span> <span class='ocrx_word' id='word_1_578' title='bbox 3037 3538 3190 3589; x_wconf 78' lang='grc' dir='ltr'>δυσὶν</span> <span class='ocrx_word' id='word_1_579' title='bbox 3235 3539 3499 3603; x_wconf 77' lang='grc' dir='ltr'>ἀδελφοῖς,</span> <span class='ocrx_word' id='word_1_580' title='bbox 3557 3540 3822 3610; x_wconf 73' lang='grc' dir='ltr'>Ἀντωνίῳ</span> <span class='ocrx_word' id='word_1_581' title='bbox 3869 3544 3963 3592; x_wconf 82' lang='grc' dir='ltr'>καὶ</span> 
     </span>
    </p>
   </div>
   <div class='ocr_carea' id='block_1_80' title="bbox 2424 3627 3971 3698">
    <p class='ocr_par' dir='ltr' id='par_1_80' title="bbox 2424 3627 3971 3698">
     <span class='ocr_line' id='line_1_80' title="bbox 2424 3627 3971 3698; baseline 0.002 -20"><span class='ocrx_word' id='word_1_582' title='bbox 2424 3629 2794 3697; x_wconf 75' lang='grc' dir='ltr'>Ματρωνιανῴ</span> <span class='ocrx_word' id='word_1_583' title='bbox 2812 3629 2910 3693; x_wconf 83' lang='grc' dir='ltr'>τὴν</span> <span class='ocrx_word' id='word_1_584' title='bbox 2933 3629 3024 3678; x_wconf 74' lang='grc' dir='ltr'><strong>ἐπὶ</strong></span> <span class='ocrx_word' id='word_1_585' title='bbox 3045 3629 3347 3695; x_wconf 72' lang='grc' dir='ltr'>Μελιτηνὴν</span> <span class='ocrx_word' id='word_1_586' title='bbox 3368 3627 3757 3698; x_wconf 78' lang='grc' dir='ltr'>συντονώτερον</span> <span class='ocrx_word' id='word_1_587' title='bbox 3781 3630 3971 3693; x_wconf 79' lang='grc' dir='ltr'>ὥδευε,</span> 
     </span>
    </p>
   </div>
   <div class='ocr_carea' id='block_1_81' title="bbox 2425 3723 3973 3791">
    <p class='ocr_par' dir='ltr' id='par_1_81' title="bbox 2425 3723 3973 3791">
     <span class='ocr_line' id='line_1_81' title="bbox 2425 3723 3973 3791; baseline 0.003 -18"><span class='ocrx_word' id='word_1_588' title='bbox 2425 3724 2855 3789; x_wconf 79' lang='grc' dir='ltr'>κατεπειγόντων</span> <span class='ocrx_word' id='word_1_589' title='bbox 2887 3723 3047 3774; x_wconf 77' lang='grc' dir='ltr'>αὑτὸν</span> <span class='ocrx_word' id='word_1_590' title='bbox 3075 3723 3180 3773; x_wconf 85' lang='grc' dir='ltr'>τῶν</span> <span class='ocrx_word' id='word_1_591' title='bbox 3213 3723 3306 3773; x_wconf 68' lang='grc' dir='ltr'>επὶ</span> <span class='ocrx_word' id='word_1_592' title='bbox 3332 3723 3392 3773; x_wconf 80' lang='grc' dir='ltr'>τὸ</span> <span class='ocrx_word' id='word_1_593' title='bbox 3419 3723 3647 3789; x_wconf 79' lang='grc' dir='ltr'>ἀγαγεῖν</span> <span class='ocrx_word' id='word_1_594' title='bbox 3695 3725 3973 3791; x_wconf 60' lang='grc' dir='ltr'>πεμφθέν-</span> 
     </span>
    </p>
   </div>
   <div class='ocr_carea' id='block_1_82' title="bbox 2423 3811 2927 3875">
    <p class='ocr_par' dir='ltr' id='par_1_82' title="bbox 2423 3811 2927 3875">
     <span class='ocr_line' id='line_1_82' title="bbox 2423 3811 2927 3875; baseline 0.004 -14"><span class='ocrx_word' id='word_1_595' title='bbox 2423 3829 2529 3862; x_wconf 81' lang='grc' dir='ltr'><strong>των</strong></span> <span class='ocrx_word' id='word_1_596' title='bbox 2565 3811 2927 3875; x_wconf 82' lang='grc' dir='ltr'>στρατιωτῶν.</span> 
     </span>
    </p>
   </div>
   <div class='ocr_carea' id='block_1_83' title="bbox 2499 3901 3978 3970">
    <p class='ocr_par' dir='ltr' id='par_1_83' title="bbox 2499 3901 3978 3970">
     <span class='ocr_line' id='line_1_83' title="bbox 2499 3901 3978 3970; baseline 0.001 -17"><span class='ocrx_word' id='word_1_597' title='bbox 2499 3906 2573 3958; x_wconf 87' lang='grc' dir='ltr'><strong>Δ’.</strong></span> <span class='ocrx_word' id='word_1_598' title='bbox 2612 3903 2708 3953; x_wconf 87' lang='grc' dir='ltr'>Ἐν</span> <span class='ocrx_word' id='word_1_599' title='bbox 2755 3918 2859 3952; x_wconf 86' lang='grc' dir='ltr'>τινι</span> <span class='ocrx_word' id='word_1_600' title='bbox 2889 3902 2944 3952; x_wconf 79' lang='grc' dir='ltr'>δὲ</span> <span class='ocrx_word' id='word_1_601' title='bbox 3001 3901 3148 3970; x_wconf 79' lang='grc' dir='ltr'>τόπῳ</span> <span class='ocrx_word' id='word_1_602' title='bbox 3169 3903 3266 3970; x_wconf 79' lang='grc' dir='ltr'>τῆς</span> <span class='ocrx_word' id='word_1_603' title='bbox 3295 3902 3526 3968; x_wconf 77' lang='grc' dir='ltr'>ἑσπέρας</span> <span class='ocrx_word' id='word_1_604' title='bbox 3551 3903 3978 3955; x_wconf 73' lang='grc' dir='ltr'>ἐπικαταλαϐού-</span> 
     </span>
    </p>
   </div>
   <div class='ocr_carea' id='block_1_84' title="bbox 2430 3988 3975 4059">
    <p class='ocr_par' dir='ltr' id='par_1_84' title="bbox 2430 3988 3975 4059">
     <span class='ocr_line' id='line_1_84' title="bbox 2430 3988 3975 4059; baseline 0.002 -18"><span class='ocrx_word' id='word_1_605' title='bbox 2430 4007 2526 4058; x_wconf 87' lang='grc' dir='ltr'><strong>σης</strong></span> <span class='ocrx_word' id='word_1_606' title='bbox 2562 3991 2933 4056; x_wconf 80' lang='grc' dir='ltr'>αὐλισάμενοι,</span> <span class='ocrx_word' id='word_1_607' title='bbox 2966 3992 3062 4057; x_wconf 83' lang='grc' dir='ltr'>τὴν</span> <span class='ocrx_word' id='word_1_608' title='bbox 3091 3991 3165 4040; x_wconf 75' lang='grc' dir='ltr'>ἓω</span> <span class='ocrx_word' id='word_1_609' title='bbox 3201 3995 3582 4058; x_wconf 79' lang='grc' dir='ltr'>περιμένοντες</span> <span class='ocrx_word' id='word_1_610' title='bbox 3611 3988 3770 4059; x_wconf 82' lang='grc' dir='ltr'>ἦσαν.</span> <span class='ocrx_word' id='word_1_611' title='bbox 3834 3994 3975 4046; x_wconf 83' lang='grc' dir='ltr'>Κατ’</span> 
     </span>
    </p>
   </div>
   <div class='ocr_carea' id='block_1_85' title="bbox 2428 4081 3976 4150">
    <p class='ocr_par' dir='ltr' id='par_1_85' title="bbox 2428 4081 3976 4150">
     <span class='ocr_line' id='line_1_85' title="bbox 2428 4081 3976 4150; baseline 0.002 -16"><span class='ocrx_word' id='word_1_612' title='bbox 2428 4082 2594 4148; x_wconf 65' lang='grc' dir='ltr'>αὐτὴν</span> <span class='ocrx_word' id='word_1_613' title='bbox 2623 4082 2676 4132; x_wconf 72' lang='grc' dir='ltr'>δὲ</span> <span class='ocrx_word' id='word_1_614' title='bbox 2711 4083 2805 4148; x_wconf 74' lang='grc' dir='ltr'>τὴν</span> <span class='ocrx_word' id='word_1_615' title='bbox 2836 4081 3002 4132; x_wconf 79' lang='grc' dir='ltr'>νύκτα</span> <span class='ocrx_word' id='word_1_616' title='bbox 3035 4081 3338 4149; x_wconf 81' lang='grc' dir='ltr'>λευχείμων</span> <span class='ocrx_word' id='word_1_617' title='bbox 3369 4097 3451 4141; x_wconf 84' lang='grc' dir='ltr'><strong>τις</strong></span> <span class='ocrx_word' id='word_1_618' title='bbox 3496 4081 3645 4150; x_wconf 71' lang='grc' dir='ltr'><strong>αῖ)τῷ</strong></span> <span class='ocrx_word' id='word_1_619' title='bbox 3688 4085 3976 4149; x_wconf 70' lang='grc' dir='ltr'>ἐπιφαίνε-</span> 
     </span>
    </p>
   </div>
   <div class='ocr_carea' id='block_1_86' title="bbox 2427 4169 3974 4238">
    <p class='ocr_par' dir='ltr' id='par_1_86' title="bbox 2427 4169 3974 4238">
     <span class='ocr_line' id='line_1_86' title="bbox 2427 4169 3974 4238; baseline -0.001 -16"><span class='ocrx_word' id='word_1_620' title='bbox 2427 4187 2537 4232; x_wconf 87' lang='grc' dir='ltr'>ται,</span> <span class='ocrx_word' id='word_1_621' title='bbox 2567 4169 2768 4237; x_wconf 75' lang='grc' dir='ltr'>πραείᾳ</span> <span class='ocrx_word' id='word_1_622' title='bbox 2786 4170 2877 4219; x_wconf 64' lang='grc' dir='ltr'><strong>καὶ</strong></span> <span class='ocrx_word' id='word_1_623' title='bbox 2900 4169 3262 4237; x_wconf 70' lang='grc' dir='ltr'>φιλανθρώπῳ</span> <span class='ocrx_word' id='word_1_624' title='bbox 3289 4172 3455 4237; x_wconf 76' lang='grc' dir='ltr'>φωνῇ,</span> <span class='ocrx_word' id='word_1_625' title='bbox 3507 4170 3618 4221; x_wconf 82' lang='grc' dir='ltr'>Ιδού</span> <span class='ocrx_word' id='word_1_626' title='bbox 3651 4188 3749 4230; x_wconf 70' lang='grc' dir='ltr'>σοι,</span> <span class='ocrx_word' id='word_1_627' title='bbox 3776 4172 3920 4238; x_wconf 87' lang='grc' dir='ltr'>λέγω</span> <span class='ocrx_word' id='word_1_628' title='bbox 3935 4203 3974 4238; x_wconf 80' lang='grc'>.-,</span> 
     </span>
    </p>
   </div>
   <div class='ocr_carea' id='block_1_87' title="bbox 2441 4257 3978 4326">
    <p class='ocr_par' dir='ltr' id='par_1_87' title="bbox 2441 4257 3978 4326">
     <span class='ocr_line' id='line_1_87' title="bbox 2441 4257 3978 4326; baseline 0.005 -19"><span class='ocrx_word' id='word_1_629' title='bbox 2441 4257 2643 4325; x_wconf 81' lang='grc' dir='ltr'>Ἱέρων,</span> <span class='ocrx_word' id='word_1_630' title='bbox 2673 4258 2945 4323; x_wconf 76' lang='grc' dir='ltr'>σωτηρίαν</span> <span class='ocrx_word' id='word_1_631' title='bbox 2979 4258 3423 4324; x_wconf 77' lang='grc' dir='ltr'>εὐαγγελίζομαι.</span> <span class='ocrx_word' id='word_1_632' title='bbox 3477 4258 3538 4310; x_wconf 84' lang='lat' dir='ltr'><strong>&#39;ll</strong></span> <span class='ocrx_word' id='word_1_633' title='bbox 3577 4259 3674 4326; x_wconf 84' lang='grc' dir='ltr'><strong>μεν</strong></span> <span class='ocrx_word' id='word_1_634' title='bbox 3719 4257 3810 4312; x_wconf 76' lang='grc' dir='ltr'>οὖν</span> <span class='ocrx_word' id='word_1_635' title='bbox 3855 4263 3978 4326; x_wconf 64' lang='lat' dir='ltr'><strong>dde;</strong></span> 
     </span>
    </p>
   </div>
   <div class='ocr_carea' id='block_1_88' title="bbox 2430 4347 3970 4418">
    <p class='ocr_par' dir='ltr' id='par_1_88' title="bbox 2430 4347 3970 4418">
     <span class='ocr_line' id='line_1_88' title="bbox 2430 4347 3970 4418; baseline 0.005 -21"><span class='ocrx_word' id='word_1_636' title='bbox 2430 4350 2495 4417; x_wconf 71' lang='grc' dir='ltr'>ἢν</span> <span class='ocrx_word' id='word_1_637' title='bbox 2528 4347 2758 4417; x_wconf 84' lang='grc' dir='ltr'>πορεύῃ,</span> <span class='ocrx_word' id='word_1_638' title='bbox 2791 4348 2971 4399; x_wconf 84' lang='grc' dir='ltr'>εὐθεῖα</span> <span class='ocrx_word' id='word_1_639' title='bbox 2999 4348 3226 4398; x_wconf 76' lang='grc' dir='ltr'>ἐνώπιόν</span> <span class='ocrx_word' id='word_1_640' title='bbox 3259 4365 3373 4411; x_wconf 91' lang='grc' dir='ltr'>σου,</span> <span class='ocrx_word' id='word_1_641' title='bbox 3404 4350 3502 4417; x_wconf 85' lang='grc' dir='ltr'><strong>οὐχ</strong></span> <span class='ocrx_word' id='word_1_642' title='bbox 3531 4351 3666 4416; x_wconf 76' lang='grc' dir='ltr'>ὑπὲρ</span> <span class='ocrx_word' id='word_1_643' title='bbox 3712 4351 3970 4418; x_wconf 79' lang='grc' dir='ltr'>βασιλέως</span> 
     </span>
    </p>
   </div>
   <div class='ocr_carea' id='block_1_89' title="bbox 788 4430 2457 4510">
    <p class='ocr_par' dir='ltr' id='par_1_89' title="bbox 788 4430 2457 4506">
     <span class='ocr_line' id='line_1_89' title="bbox 788 4430 2457 4506; baseline -0.005 -13"><span class='ocrx_word' id='word_1_644' title='bbox 788 4455 906 4506; x_wconf 62' lang='lat' dir='ltr'><strong>qua:</strong></span> <span class='ocrx_word' id='word_1_645' title='bbox 931 4437 1183 4491; x_wconf 87' lang='lat' dir='ltr'><strong>facillime</strong></span> <span class='ocrx_word' id='word_1_646' title='bbox 1216 4434 1464 4493; x_wconf 83' lang='lat' dir='ltr'><strong>solvitur,</strong></span> <span class='ocrx_word' id='word_1_647' title='bbox 1491 4430 1832 4483; x_wconf 85' lang='lat' dir='ltr'><strong>decertabis:</strong></span> <span class='ocrx_word' id='word_1_648' title='bbox 1870 4431 1961 4482; x_wconf 85' lang='lat' dir='ltr'><strong>sed</strong></span> <span class='ocrx_word' id='word_1_649' title='bbox 1997 4446 2094 4498; x_wconf 91' lang='lat' dir='ltr'><strong>pro</strong></span> <span class='ocrx_word' id='word_1_650' title='bbox 2125 4432 2330 4485; x_wconf 75' lang='lat' dir='ltr'><strong>cmlesti</strong></span> <span class='ocrx_word' id='word_1_651' title='bbox 2367 4445 2406 4496; x_wconf 86' lang='grc' dir='ltr'>ι)</span> <span class='ocrx_word' id='word_1_652' title='bbox 2431 4439 2457 4490; x_wconf 84' lang='grc' dir='ltr'><strong>δ</strong></span> 
     </span>
    </p>
   </div>
   <div class='ocr_carea' id='block_1_90' title="bbox 2308 4430 3977 4510">
    <p class='ocr_par' dir='ltr' id='par_1_90' title="bbox 2308 4432 3977 4510">
     <span class='ocr_line' id='line_1_90' title="bbox 2308 4432 3977 4510; baseline 0.006 -26"><span class='ocrx_word' id='word_1_653' title='bbox 2308 4432 2330 4484; x_wconf 55' lang='lat' dir='ltr'><strong>,i</strong></span> <span class='ocrx_word' id='word_1_654' title='bbox 2367 4445 2406 4496; x_wconf 87' lang='lat' dir='ltr'><strong>D</strong></span> <span class='ocrx_word' id='word_1_655' title='bbox 2431 4439 2487 4490; x_wconf 74' lang='grc' dir='ltr'>δὲ</span> <span class='ocrx_word' id='word_1_656' title='bbox 2517 4441 2701 4507; x_wconf 77' lang='grc' dir='ltr'>γηῖνου</span> <span class='ocrx_word' id='word_1_657' title='bbox 2751 4439 2848 4489; x_wconf 72' lang='grc' dir='ltr'>καὶ</span> <span class='ocrx_word' id='word_1_658' title='bbox 2895 4437 3050 4504; x_wconf 82' lang='grc' dir='ltr'>δόξης</span> <span class='ocrx_word' id='word_1_659' title='bbox 3090 4440 3260 4506; x_wconf 74' lang='grc' dir='ltr'>ῥᾷστα</span> <span class='ocrx_word' id='word_1_660' title='bbox 3303 4437 3568 4508; x_wconf 77' lang='grc' dir='ltr'>λυομένης</span> <span class='ocrx_word' id='word_1_661' title='bbox 3600 4443 3825 4510; x_wconf 78' lang='grc' dir='ltr'>ἀγωνιῇ,</span> <span class='ocrx_word' id='word_1_662' title='bbox 3859 4444 3977 4494; x_wconf 73' lang='grc' dir='ltr'>ἀλλ’</span> 
     </span>
    </p>
   </div>
   <div class='ocr_carea' id='block_1_91' title="bbox 791 4516 2332 4595">
    <p class='ocr_par' dir='ltr' id='par_1_91' title="bbox 791 4516 2332 4595">
     <span class='ocr_line' id='line_1_91' title="bbox 791 4516 2332 4595; baseline -0.005 -15"><span class='ocrx_word' id='word_1_663' title='bbox 791 4529 934 4595; x_wconf 70' lang='lat' dir='ltr'><strong>ltege</strong></span> <span class='ocrx_word' id='word_1_664' title='bbox 970 4535 1241 4577; x_wconf 86' lang='lat' dir='ltr'><strong>certamen</strong></span> <span class='ocrx_word' id='word_1_665' title='bbox 1275 4532 1515 4587; x_wconf 84' lang='lat' dir='ltr'><strong>perages,</strong></span> <span class='ocrx_word' id='word_1_666' title='bbox 1548 4525 1608 4570; x_wconf 88' lang='lat' dir='ltr'><strong>et</strong></span> <span class='ocrx_word' id='word_1_667' title='bbox 1640 4531 1766 4569; x_wconf 78' lang='lat' dir='ltr'><strong>mox</strong></span> <span class='ocrx_word' id='word_1_668' title='bbox 1815 4516 1882 4569; x_wconf 89' lang='lat' dir='ltr'><strong>ad</strong></span> <span class='ocrx_word' id='word_1_669' title='bbox 1933 4517 2108 4584; x_wconf 88' lang='lat' dir='ltr'><strong>ipsum</strong></span> <span class='ocrx_word' id='word_1_670' title='bbox 2145 4521 2332 4572; x_wconf 89' lang='lat' dir='ltr'><strong>venies</strong></span> 
     </span>
    </p>
   </div>
   <div class='ocr_carea' id='block_1_92' title="bbox 789 4605 2330 4687">
    <p class='ocr_par' dir='ltr' id='par_1_92' title="bbox 789 4605 2330 4687">
     <span class='ocr_line' id='line_1_92' title="bbox 789 4605 2330 4687; baseline -0.004 -19"><span class='ocrx_word' id='word_1_671' title='bbox 789 4613 1190 4687; x_wconf 76' lang='lat' dir='ltr'><strong>glorilicandus.</strong></span> <span class='ocrx_word' id='word_1_672' title='bbox 1224 4612 1344 4662; x_wconf 65' lang='lat' dir='ltr'><strong>lliec</strong></span> <span class='ocrx_word' id='word_1_673' title='bbox 1377 4623 1500 4661; x_wconf 91' lang='lat' dir='ltr'><strong>cum</strong></span> <span class='ocrx_word' id='word_1_674' title='bbox 1531 4608 1755 4660; x_wconf 66' lang='lat' dir='ltr'><strong>dixisset</strong></span> <span class='ocrx_word' id='word_1_675' title='bbox 1779 4605 1847 4670; x_wconf 87' lang='lat' dir='ltr'><strong>is,</strong></span> <span class='ocrx_word' id='word_1_676' title='bbox 1873 4607 1966 4674; x_wconf 90' lang='lat' dir='ltr'><strong>qui</strong></span> <span class='ocrx_word' id='word_1_677' title='bbox 2006 4616 2330 4675; x_wconf 86' lang='lat' dir='ltr'><strong>conspectus</strong></span> 
     </span>
    </p>
   </div>
   <div class='ocr_carea' id='block_1_93' title="bbox 789 4696 2329 4764">
    <p class='ocr_par' dir='ltr' id='par_1_93' title="bbox 789 4696 2329 4764">
     <span class='ocr_line' id='line_1_93' title="bbox 789 4696 2329 4764; baseline -0.006 -5"><span class='ocrx_word' id='word_1_678' title='bbox 789 4708 988 4764; x_wconf 82' lang='lat' dir='ltr'><strong>fuerat,</strong></span> <span class='ocrx_word' id='word_1_679' title='bbox 1013 4712 1068 4754; x_wconf 89' lang='lat' dir='ltr'><strong>et</strong></span> <span class='ocrx_word' id='word_1_680' title='bbox 1090 4697 1415 4753; x_wconf 69' lang='lat' dir='ltr'><strong>ineliabilem</strong></span> <span class='ocrx_word' id='word_1_681' title='bbox 1442 4696 1726 4764; x_wconf 85' lang='lat' dir='ltr'><strong>quamdam</strong></span> <span class='ocrx_word' id='word_1_682' title='bbox 1756 4696 1994 4748; x_wconf 75' lang='lat' dir='ltr'><strong>laetitiam</strong></span> <span class='ocrx_word' id='word_1_683' title='bbox 2015 4697 2131 4764; x_wconf 87' lang='lat' dir='ltr'><strong>ejus</strong></span> <span class='ocrx_word' id='word_1_684' title='bbox 2151 4700 2329 4752; x_wconf 87' lang='lat' dir='ltr'><strong>animo</strong></span> 
     </span>
    </p>
   </div>
   <div class='ocr_carea' id='block_1_94' title="bbox 792 4784 2329 4853">
    <p class='ocr_par' dir='ltr' id='par_1_94' title="bbox 792 4784 2329 4853">
     <span class='ocr_line' id='line_1_94' title="bbox 792 4784 2329 4853; baseline -0.005 -6"><span class='ocrx_word' id='word_1_685' title='bbox 792 4794 1100 4850; x_wconf 77' lang='lat' dir='ltr'><strong>indidisset,</strong></span> <span class='ocrx_word' id='word_1_686' title='bbox 1135 4788 1314 4841; x_wconf 90' lang='lat' dir='ltr'><strong>statim</strong></span> <span class='ocrx_word' id='word_1_687' title='bbox 1352 4786 1596 4838; x_wconf 85' lang='lat' dir='ltr'><strong>recessit.</strong></span> <span class='ocrx_word' id='word_1_688' title='bbox 1633 4784 1726 4839; x_wconf 83' lang='lat' dir='ltr'><strong>Ille</strong></span> <span class='ocrx_word' id='word_1_689' title='bbox 1771 4795 1951 4839; x_wconf 85' lang='lat' dir='ltr'><strong>autem</strong></span> <span class='ocrx_word' id='word_1_690' title='bbox 1983 4800 2211 4853; x_wconf 84' lang='lat' dir='ltr'><strong>surgens</strong></span> <span class='ocrx_word' id='word_1_691' title='bbox 2236 4787 2329 4840; x_wconf 75' lang='lat' dir='ltr'><strong>Le-</strong></span> 
     </span>
    </p>
   </div>
   <div class='ocr_carea' id='block_1_95' title="bbox 794 4876 2326 4946">
    <p class='ocr_par' dir='ltr' id='par_1_95' title="bbox 794 4876 2326 4946">
     <span class='ocr_line' id='line_1_95' title="bbox 794 4876 2326 4946; baseline -0.005 -9"><span class='ocrx_word' id='word_1_692' title='bbox 794 4897 900 4946; x_wconf 89' lang='lat' dir='ltr'><strong>tus,</strong></span> <span class='ocrx_word' id='word_1_693' title='bbox 931 4881 1117 4936; x_wconf 81' lang='lat' dir='ltr'><strong>amicis</strong></span> <span class='ocrx_word' id='word_1_694' title='bbox 1148 4887 1201 4931; x_wconf 90' lang='lat' dir='ltr'><strong>et</strong></span> <span class='ocrx_word' id='word_1_695' title='bbox 1231 4877 1493 4945; x_wconf 83' lang='lat' dir='ltr'><strong>cognatis,</strong></span> <span class='ocrx_word' id='word_1_696' title='bbox 1523 4876 1615 4942; x_wconf 85' lang='lat' dir='ltr'><strong>qui</strong></span> <span class='ocrx_word' id='word_1_697' title='bbox 1641 4891 1761 4928; x_wconf 90' lang='lat' dir='ltr'><strong>eum</strong></span> <span class='ocrx_word' id='word_1_698' title='bbox 1785 4890 1851 4929; x_wconf 86' lang='lat' dir='ltr'><strong>eo</strong></span> <span class='ocrx_word' id='word_1_699' title='bbox 1878 4876 2140 4929; x_wconf 88' lang='lat' dir='ltr'><strong>aderant:</strong></span> <span class='ocrx_word' id='word_1_700' title='bbox 2171 4878 2326 4942; x_wconf 79' lang='lat' dir='ltr'><strong>Novi,</strong></span> 
     </span>
    </p>
   </div>
   <div class='ocr_carea' id='block_1_96' title="bbox 797 4965 2330 5043">
    <p class='ocr_par' dir='ltr' id='par_1_96' title="bbox 797 4965 2330 5043">
     <span class='ocr_line' id='line_1_96' title="bbox 797 4965 2330 5043; baseline -0.004 -15"><span class='ocrx_word' id='word_1_701' title='bbox 797 4974 990 5043; x_wconf 83' lang='lat' dir='ltr'><strong>inquit,</strong></span> <span class='ocrx_word' id='word_1_702' title='bbox 1022 4970 1111 5024; x_wconf 80' lang='lat' dir='ltr'><strong>Dei</strong></span> <span class='ocrx_word' id='word_1_703' title='bbox 1149 4969 1201 5020; x_wconf 93' lang='lat' dir='ltr'><strong>in</strong></span> <span class='ocrx_word' id='word_1_704' title='bbox 1233 4981 1313 5019; x_wconf 85' lang='lat' dir='ltr'><strong>me</strong></span> <span class='ocrx_word' id='word_1_705' title='bbox 1346 4965 1772 5034; x_wconf 87' lang='lat' dir='ltr'><strong>dispensationis</strong></span> <span class='ocrx_word' id='word_1_706' title='bbox 1794 4967 2134 5034; x_wconf 81' lang='lat' dir='ltr'><strong>mysterium.</strong></span> <span class='ocrx_word' id='word_1_707' title='bbox 2182 4977 2236 5021; x_wconf 88' lang='lat' dir='ltr'><strong>et</strong></span> <span class='ocrx_word' id='word_1_708' title='bbox 2264 4968 2330 5022; x_wconf 90' lang='lat' dir='ltr'><strong>de</strong></span> 
     </span>
    </p>
   </div>
   <div class='ocr_carea' id='block_1_97' title="bbox 792 5055 2327 5129">
    <p class='ocr_par' dir='ltr' id='par_1_97' title="bbox 792 5055 2327 5129">
     <span class='ocr_line' id='line_1_97' title="bbox 792 5055 2327 5129; baseline -0.007 -11"><span class='ocrx_word' id='word_1_709' title='bbox 792 5079 990 5118; x_wconf 61' lang='lat' dir='ltr'><strong>caatero</strong></span> <span class='ocrx_word' id='word_1_710' title='bbox 1020 5067 1269 5129; x_wconf 87' lang='lat' dir='ltr'><strong>prompto</strong></span> <span class='ocrx_word' id='word_1_711' title='bbox 1296 5065 1352 5109; x_wconf 90' lang='lat' dir='ltr'><strong>et</strong></span> <span class='ocrx_word' id='word_1_712' title='bbox 1394 5055 1560 5108; x_wconf 81' lang='lat' dir='ltr'><strong>alacri</strong></span> <span class='ocrx_word' id='word_1_713' title='bbox 1593 5056 1776 5108; x_wconf 89' lang='lat' dir='ltr'><strong>animo</strong></span> <span class='ocrx_word' id='word_1_714' title='bbox 1809 5056 1950 5108; x_wconf 75' lang='lat' dir='ltr'><strong>viain</strong></span> <span class='ocrx_word' id='word_1_715' title='bbox 2001 5058 2327 5124; x_wconf 83' lang='lat' dir='ltr'><strong>propositam</strong></span> 
     </span>
    </p>
   </div>
   <div class='ocr_carea' id='block_1_98' title="bbox 793 5147 2331 5222">
    <p class='ocr_par' dir='ltr' id='par_1_98' title="bbox 793 5147 2331 5222">
     <span class='ocr_line' id='line_1_98' title="bbox 793 5147 2331 5222; baseline -0.003 -17"><span class='ocrx_word' id='word_1_716' title='bbox 793 5152 1084 5222; x_wconf 70' lang='lat' dir='ltr'><strong>ingredior.</strong></span> <span class='ocrx_word' id='word_1_717' title='bbox 1115 5149 1265 5204; x_wconf 90' lang='lat' dir='ltr'><strong>Unus</strong></span> <span class='ocrx_word' id='word_1_718' title='bbox 1300 5147 1610 5208; x_wconf 80' lang='lat' dir='ltr'><strong>thesaurus,</strong></span> <span class='ocrx_word' id='word_1_719' title='bbox 1645 5161 1746 5197; x_wconf 84' lang='lat' dir='ltr'><strong>una</strong></span> <span class='ocrx_word' id='word_1_720' title='bbox 1777 5148 2074 5212; x_wconf 90' lang='lat' dir='ltr'><strong>possessio,</strong></span> <span class='ocrx_word' id='word_1_721' title='bbox 2105 5163 2224 5199; x_wconf 71' lang='lat' dir='ltr'><strong>una:</strong></span> <span class='ocrx_word' id='word_1_722' title='bbox 2247 5147 2331 5199; x_wconf 94' lang='lat' dir='ltr'><strong>di-</strong></span> 
     </span>
    </p>
   </div>
   <div class='ocr_carea' id='block_1_99' title="bbox 800 5233 2328 5304">
    <p class='ocr_par' dir='ltr' id='par_1_99' title="bbox 800 5233 2328 5304">
     <span class='ocr_line' id='line_1_99' title="bbox 800 5233 2328 5304; baseline -0.002 -13"><span class='ocrx_word' id='word_1_723' title='bbox 800 5243 935 5294; x_wconf 65' lang='grc' dir='ltr'>ιιίιιε</span> <span class='ocrx_word' id='word_1_724' title='bbox 954 5275 983 5300; x_wconf 82' lang='lat'><strong>,.</strong></span> <span class='ocrx_word' id='word_1_725' title='bbox 1022 5253 1141 5304; x_wconf 75' lang='lat' dir='ltr'><strong>qua:</strong></span> <span class='ocrx_word' id='word_1_726' title='bbox 1188 5243 1314 5287; x_wconf 89' lang='lat' dir='ltr'><strong>sunt</strong></span> <span class='ocrx_word' id='word_1_727' title='bbox 1357 5235 1408 5285; x_wconf 92' lang='lat' dir='ltr'><strong>in</strong></span> <span class='ocrx_word' id='word_1_728' title='bbox 1468 5234 1619 5285; x_wconf 70' lang='lat' dir='ltr'><strong>caelis</strong></span> <span class='ocrx_word' id='word_1_729' title='bbox 1667 5233 1934 5301; x_wconf 67' lang='lat' dir='ltr'><strong>repositae.</strong></span> <span class='ocrx_word' id='word_1_730' title='bbox 1976 5238 2103 5297; x_wconf 69' lang='lat' dir='ltr'><strong>Qua</strong></span> <span class='ocrx_word' id='word_1_731' title='bbox 2147 5243 2328 5288; x_wconf 90' lang='lat' dir='ltr'><strong>autem</strong></span> 
     </span>
    </p>
   </div>
   <div class='ocr_carea' id='block_1_100' title="bbox 793 5321 2325 5393">
    <p class='ocr_par' dir='ltr' id='par_1_100' title="bbox 793 5321 2325 5393">
     <span class='ocr_line' id='line_1_100' title="bbox 793 5321 2325 5393; baseline -0.005 -11"><span class='ocrx_word' id='word_1_732' title='bbox 793 5337 924 5382; x_wconf 84' lang='lat' dir='ltr'><strong>sunt</strong></span> <span class='ocrx_word' id='word_1_733' title='bbox 961 5321 1269 5393; x_wconf 70' lang='lat' dir='ltr'><strong>praesentia,</strong></span> <span class='ocrx_word' id='word_1_734' title='bbox 1315 5321 1449 5373; x_wconf 86' lang='lat' dir='ltr'><strong>nihil</strong></span> <span class='ocrx_word' id='word_1_735' title='bbox 1497 5321 1691 5385; x_wconf 86' lang='lat' dir='ltr'><strong>juvant</strong></span> <span class='ocrx_word' id='word_1_736' title='bbox 1727 5334 1820 5372; x_wconf 89' lang='lat' dir='ltr'><strong>eos</strong></span> <span class='ocrx_word' id='word_1_737' title='bbox 1882 5321 1974 5386; x_wconf 93' lang='lat' dir='ltr'><strong>qui</strong></span> <span class='ocrx_word' id='word_1_738' title='bbox 2028 5321 2325 5388; x_wconf 70' lang='lat' dir='ltr'><strong>possident,</strong></span> 
     </span>
    </p>
   </div>
   <div class='ocr_carea' id='block_1_101' title="bbox 800 5409 2331 5482">
    <p class='ocr_par' dir='ltr' id='par_1_101' title="bbox 800 5409 2331 5482">
     <span class='ocr_line' id='line_1_101' title="bbox 800 5409 2331 5482; baseline -0.005 -11"><span class='ocrx_word' id='word_1_739' title='bbox 800 5439 818 5471; x_wconf 82' lang='grc' dir='ltr'><strong>ι</strong></span> <span class='ocrx_word' id='word_1_740' title='bbox 857 5416 992 5482; x_wconf 82' lang='lat' dir='ltr'><strong>Quid</strong></span> <span class='ocrx_word' id='word_1_741' title='bbox 1020 5415 1164 5467; x_wconf 88' lang='lat' dir='ltr'><strong>enim</strong></span> <span class='ocrx_word' id='word_1_742' title='bbox 1196 5409 1464 5481; x_wconf 68' lang='lat' dir='ltr'><strong>profuerit</strong></span> <span class='ocrx_word' id='word_1_743' title='bbox 1496 5409 1726 5472; x_wconf 84' lang='lat' dir='ltr'><strong>homini,</strong></span> <span class='ocrx_word' id='word_1_744' title='bbox 1768 5411 1813 5462; x_wconf 91' lang='lat' dir='ltr'><strong>si</strong></span> <span class='ocrx_word' id='word_1_745' title='bbox 1850 5419 2022 5462; x_wconf 90' lang='lat' dir='ltr'><strong>totum</strong></span> <span class='ocrx_word' id='word_1_746' title='bbox 2070 5413 2331 5464; x_wconf 92' lang='lat' dir='ltr'><strong>mundum</strong></span> 
     </span>
    </p>
   </div>
   <div class='ocr_carea' id='block_1_102' title="bbox 793 5497 2335 5565">
    <p class='ocr_par' dir='ltr' id='par_1_102' title="bbox 793 5497 2335 5565">
     <span class='ocr_line' id='line_1_102' title="bbox 793 5497 2335 5565; baseline -0.005 -4"><span class='ocrx_word' id='word_1_747' title='bbox 793 5503 1151 5563; x_wconf 86' lang='lat' dir='ltr'><strong>iucrifecerit,</strong></span> <span class='ocrx_word' id='word_1_748' title='bbox 1185 5509 1238 5554; x_wconf 89' lang='lat' dir='ltr'><strong>et</strong></span> <span class='ocrx_word' id='word_1_749' title='bbox 1267 5512 1377 5552; x_wconf 64' lang='lat' dir='ltr'><strong>sua:</strong></span> <span class='ocrx_word' id='word_1_750' title='bbox 1403 5499 1596 5552; x_wconf 67' lang='lat' dir='ltr'><strong>anime</strong></span> <span class='ocrx_word' id='word_1_751' title='bbox 1627 5512 1818 5565; x_wconf 84' lang='lat' dir='ltr'><strong>passus</strong></span> <span class='ocrx_word' id='word_1_752' title='bbox 1851 5497 2016 5552; x_wconf 89' lang='lat' dir='ltr'><strong>fuerit</strong></span> <span class='ocrx_word' id='word_1_753' title='bbox 2040 5499 2335 5554; x_wconf 90' lang='lat' dir='ltr'><strong>detrimen-</strong></span> 
     </span>
    </p>
   </div>
   <div class='ocr_carea' id='block_1_103' title="bbox 797 5589 2332 5658">
    <p class='ocr_par' dir='ltr' id='par_1_103' title="bbox 797 5589 2332 5658">
     <span class='ocr_line' id='line_1_103' title="bbox 797 5589 2332 5658; baseline -0.004 -6"><span class='ocrx_word' id='word_1_754' title='bbox 797 5609 907 5652; x_wconf 89' lang='lat' dir='ltr'><strong>tum</strong></span> <span class='ocrx_word' id='word_1_755' title='bbox 933 5593 989 5646; x_wconf 74' lang='lat' dir='ltr'><strong>‘T</strong></span> <span class='ocrx_word' id='word_1_756' title='bbox 1026 5611 1043 5643; x_wconf 76' lang='grc' dir='ltr'><strong>ι</strong></span> <span class='ocrx_word' id='word_1_757' title='bbox 1075 5590 1218 5646; x_wconf 81' lang='lat' dir='ltr'><strong>Nihil</strong></span> <span class='ocrx_word' id='word_1_758' title='bbox 1246 5600 1328 5643; x_wconf 88' lang='lat' dir='ltr'><strong>est</strong></span> <span class='ocrx_word' id='word_1_759' title='bbox 1352 5589 1483 5643; x_wconf 88' lang='lat' dir='ltr'><strong>mihi</strong></span> <span class='ocrx_word' id='word_1_760' title='bbox 1509 5589 1687 5643; x_wconf 88' lang='lat' dir='ltr'><strong>anima</strong></span> <span class='ocrx_word' id='word_1_761' title='bbox 1724 5589 2036 5658; x_wconf 82' lang='lat' dir='ltr'><strong>pretiosius,</strong></span> <span class='ocrx_word' id='word_1_762' title='bbox 2064 5590 2197 5644; x_wconf 87' lang='lat' dir='ltr'><strong>nihil</strong></span> <span class='ocrx_word' id='word_1_763' title='bbox 2221 5606 2332 5647; x_wconf 86' lang='lat' dir='ltr'><strong>me-</strong></span> 
     </span>
    </p>
   </div>
   <div class='ocr_carea' id='block_1_104' title="bbox 903 5705 1407 5773">
    <p class='ocr_par' dir='ltr' id='par_1_104' title="bbox 903 5705 1407 5773">
     <span class='ocr_line' id='line_1_104' title="bbox 903 5705 1407 5773; baseline -0.014 -8"><span class='ocrx_word' id='word_1_764' title='bbox 903 5713 926 5741; x_wconf 70' lang='grc' dir='ltr'>ι</span> <span class='ocrx_word' id='word_1_765' title='bbox 948 5708 1136 5764; x_wconf 68' lang='lat' dir='ltr'><strong>Matth.</strong></span> <span class='ocrx_word' id='word_1_766' title='bbox 1177 5722 1284 5773; x_wconf 75' lang='grc' dir='ltr'>ινι,</span> <span class='ocrx_word' id='word_1_767' title='bbox 1319 5705 1407 5759; x_wconf 66' lang='grc'>26.</span> 
     </span>
    </p>
   </div>
   <div class='ocr_carea' id='block_1_105' title="bbox 2432 4525 3980 4595">
    <p class='ocr_par' dir='ltr' id='par_1_105' title="bbox 2432 4525 3980 4595">
     <span class='ocr_line' id='line_1_105' title="bbox 2432 4525 3980 4595; baseline 0.005 -17"><span class='ocrx_word' id='word_1_768' title='bbox 2432 4528 2571 4595; x_wconf 82' lang='grc' dir='ltr'>ὑπὲρ</span> <span class='ocrx_word' id='word_1_769' title='bbox 2618 4527 2869 4595; x_wconf 81' lang='grc' dir='ltr'>οὐρανίου</span> <span class='ocrx_word' id='word_1_770' title='bbox 2929 4529 3188 4594; x_wconf 77' lang='grc' dir='ltr'>βασιλέως</span> <span class='ocrx_word' id='word_1_771' title='bbox 3236 4529 3325 4578; x_wconf 72' lang='grc' dir='ltr'><strong>τὸν</strong></span> <span class='ocrx_word' id='word_1_772' title='bbox 3383 4525 3543 4580; x_wconf 83' lang='grc' dir='ltr'>ἆθλον</span> <span class='ocrx_word' id='word_1_773' title='bbox 3586 4530 3823 4593; x_wconf 72' lang='grc' dir='ltr'>ἀνύσεις,</span> <span class='ocrx_word' id='word_1_774' title='bbox 3882 4533 3980 4585; x_wconf 74' lang='grc' dir='ltr'><strong>καὶ</strong></span> 
     </span>
    </p>
   </div>
   <div class='ocr_carea' id='block_1_106' title="bbox 2429 4615 3978 4687">
    <p class='ocr_par' dir='ltr' id='par_1_106' title="bbox 2429 4615 3978 4687">
     <span class='ocr_line' id='line_1_106' title="bbox 2429 4615 3978 4687; baseline 0.005 -18"><span class='ocrx_word' id='word_1_775' title='bbox 2429 4617 2550 4669; x_wconf 76' lang='grc' dir='ltr'>ὅσον</span> <span class='ocrx_word' id='word_1_776' title='bbox 2571 4616 2722 4669; x_wconf 78' lang='grc' dir='ltr'>οὔπω</span> <span class='ocrx_word' id='word_1_777' title='bbox 2745 4617 2878 4684; x_wconf 79' lang='grc' dir='ltr'>πρὸς</span> <span class='ocrx_word' id='word_1_778' title='bbox 2901 4618 3060 4669; x_wconf 77' lang='grc' dir='ltr'>αὑτὸν</span> <span class='ocrx_word' id='word_1_779' title='bbox 3086 4615 3250 4687; x_wconf 79' lang='grc' dir='ltr'>ἀφίξῃ</span> <span class='ocrx_word' id='word_1_780' title='bbox 3275 4617 3757 4687; x_wconf 81' lang='grc' dir='ltr'>δοξασθησόμενος.</span> <span class='ocrx_word' id='word_1_781' title='bbox 3791 4623 3978 4676; x_wconf 79' lang='grc' dir='ltr'>Ταῦτα</span> 
     </span>
    </p>
   </div>
   <div class='ocr_carea' id='block_1_107' title="bbox 2431 4706 3978 4783">
    <p class='ocr_par' dir='ltr' id='par_1_107' title="bbox 2431 4706 3978 4783">
     <span class='ocr_line' id='line_1_107' title="bbox 2431 4706 3978 4783; baseline 0.005 -25"><span class='ocrx_word' id='word_1_782' title='bbox 2431 4707 2598 4758; x_wconf 72' lang='grc' dir='ltr'>εἰπὼν</span> <span class='ocrx_word' id='word_1_783' title='bbox 2632 4708 2659 4757; x_wconf 86' lang='grc' dir='ltr'>ὀ</span> <span class='ocrx_word' id='word_1_784' title='bbox 2688 4706 2871 4771; x_wconf 79' lang='grc' dir='ltr'>ὀφθεὶς</span> <span class='ocrx_word' id='word_1_785' title='bbox 2905 4709 2997 4758; x_wconf 77' lang='grc' dir='ltr'>καὶ</span> <span class='ocrx_word' id='word_1_786' title='bbox 3023 4709 3260 4777; x_wconf 78' lang='grc' dir='ltr'>ἄρῤητόν</span> <span class='ocrx_word' id='word_1_787' title='bbox 3287 4727 3405 4761; x_wconf 88' lang='grc' dir='ltr'>τινα</span> <span class='ocrx_word' id='word_1_788' title='bbox 3445 4712 3782 4778; x_wconf 81' lang='grc' dir='ltr'>εὐφροσύνην</span> <span class='ocrx_word' id='word_1_789' title='bbox 3827 4715 3978 4783; x_wconf 71' lang='grc' dir='ltr'><strong>αὐτῷ</strong></span> 
     </span>
    </p>
   </div>
   <div class='ocr_carea' id='block_1_108' title="bbox 2432 4795 3979 4869">
    <p class='ocr_par' dir='ltr' id='par_1_108' title="bbox 2432 4795 3979 4869">
     <span class='ocr_line' id='line_1_108' title="bbox 2432 4795 3979 4869; baseline 0.006 -23"><span class='ocrx_word' id='word_1_790' title='bbox 2432 4795 2605 4856; x_wconf 68' lang='grc' dir='ltr'>ἐνθεὶς</span> <span class='ocrx_word' id='word_1_791' title='bbox 2632 4795 2788 4857; x_wconf 72' lang='grc' dir='ltr'>εὐθὺς</span> <span class='ocrx_word' id='word_1_792' title='bbox 2819 4797 3018 4864; x_wconf 82' lang='grc' dir='ltr'>ᾣχτεο..</span> <span class='ocrx_word' id='word_1_793' title='bbox 3046 4799 3103 4848; x_wconf 89' lang='lat'><strong>&#39;0</strong></span> <span class='ocrx_word' id='word_1_794' title='bbox 3128 4799 3202 4861; x_wconf 70' lang='grc' dir='ltr'><strong>δι,</strong></span> <span class='ocrx_word' id='word_1_795' title='bbox 3235 4803 3537 4869; x_wconf 80' lang='grc' dir='ltr'>περιχαρὴς</span> <span class='ocrx_word' id='word_1_796' title='bbox 3568 4805 3820 4865; x_wconf 75' lang='grc' dir='ltr'>ἀναστὰς,</span> <span class='ocrx_word' id='word_1_797' title='bbox 3863 4808 3979 4868; x_wconf 82' lang='grc' dir='ltr'>τοῖς</span> 
     </span>
    </p>
   </div>
   <div class='ocr_carea' id='block_1_109' title="bbox 2431 4882 3976 4959">
    <p class='ocr_par' dir='ltr' id='par_1_109' title="bbox 2431 4882 3976 4959">
     <span class='ocr_line' id='line_1_109' title="bbox 2431 4882 3976 4959; baseline 0.007 -26"><span class='ocrx_word' id='word_1_798' title='bbox 2431 4882 2773 4950; x_wconf 69' lang='grc' dir='ltr'>κυμπαροῦσι</span> <span class='ocrx_word' id='word_1_799' title='bbox 2805 4885 2976 4949; x_wconf 82' lang='grc' dir='ltr'>φίλιος</span> <span class='ocrx_word' id='word_1_800' title='bbox 3001 4886 3089 4936; x_wconf 79' lang='grc' dir='ltr'>καὶ</span> <span class='ocrx_word' id='word_1_801' title='bbox 3120 4889 3448 4952; x_wconf 76' lang='grc' dir='ltr'>συγγενέσιν,</span> <span class='ocrx_word' id='word_1_802' title='bbox 3477 4889 3704 4953; x_wconf 71' lang='grc' dir='ltr'>Ἐγνων,</span> <span class='ocrx_word' id='word_1_803' title='bbox 3736 4893 3976 4959; x_wconf 63' lang='grc' dir='ltr'>ἀδελφοδ,</span> 
     </span>
    </p>
   </div>
   <div class='ocr_carea' id='block_1_110' title="bbox 2433 4976 3976 5051">
    <p class='ocr_par' dir='ltr' id='par_1_110' title="bbox 2433 4976 3976 5051">
     <span class='ocr_line' id='line_1_110' title="bbox 2433 4976 3976 5051; baseline 0.006 -28"><span class='ocrx_word' id='word_1_804' title='bbox 2433 4976 2556 5042; x_wconf 77' lang='grc' dir='ltr'>ἔφη.</span> <span class='ocrx_word' id='word_1_805' title='bbox 2584 4976 2642 5025; x_wconf 83' lang='grc' dir='ltr'>τὸ</span> <span class='ocrx_word' id='word_1_806' title='bbox 2669 4976 2765 5042; x_wconf 74' lang='grc' dir='ltr'>τῆς</span> <span class='ocrx_word' id='word_1_807' title='bbox 2800 4982 2927 5042; x_wconf 83' lang='grc' dir='ltr'>περὶ</span> <span class='ocrx_word' id='word_1_808' title='bbox 2957 4978 3054 5043; x_wconf 77' lang='grc' dir='ltr'><strong>ἐμὲ</strong></span> <span class='ocrx_word' id='word_1_809' title='bbox 3089 4980 3180 5027; x_wconf 68' lang='grc' dir='ltr'>το)</span> <span class='ocrx_word' id='word_1_810' title='bbox 3232 4978 3374 5028; x_wconf 68' lang='grc' dir='ltr'>Θεοῦ</span> <span class='ocrx_word' id='word_1_811' title='bbox 3410 4983 3721 5048; x_wconf 51' lang='grc' dir='ltr'>οἰκονομίας</span> <span class='ocrx_word' id='word_1_812' title='bbox 3768 4992 3976 5051; x_wconf 79' lang='grc' dir='ltr'>μυστη-</span> 
     </span>
    </p>
   </div>
   <div class='ocr_carea' id='block_1_111' title="bbox 2435 5068 3976 5139">
    <p class='ocr_par' dir='ltr' id='par_1_111' title="bbox 2435 5068 3976 5139">
     <span class='ocr_line' id='line_1_111' title="bbox 2435 5068 3976 5139; baseline 0.006 -24"><span class='ocrx_word' id='word_1_813' title='bbox 2435 5083 2570 5137; x_wconf 69' lang='grc' dir='ltr'>ριον,</span> <span class='ocrx_word' id='word_1_814' title='bbox 2601 5070 2692 5117; x_wconf 76' lang='grc' dir='ltr'>καὶ</span> <span class='ocrx_word' id='word_1_815' title='bbox 2733 5068 2916 5118; x_wconf 84' lang='grc' dir='ltr'>λοιπὸν</span> <span class='ocrx_word' id='word_1_816' title='bbox 2965 5068 3240 5136; x_wconf 77' lang='grc' dir='ltr'>πρόθυμός</span> <span class='ocrx_word' id='word_1_817' title='bbox 3284 5072 3396 5136; x_wconf 79' lang='grc' dir='ltr'>εἰμι</span> <span class='ocrx_word' id='word_1_818' title='bbox 3437 5077 3559 5137; x_wconf 69' lang='grc' dir='ltr'>περὶ</span> <span class='ocrx_word' id='word_1_819' title='bbox 3609 5073 3704 5139; x_wconf 78' lang='grc' dir='ltr'>τὴν</span> <span class='ocrx_word' id='word_1_820' title='bbox 3750 5089 3976 5138; x_wconf 80' lang='grc' dir='ltr'>προκει-</span> 
     </span>
    </p>
   </div>
   <div class='ocr_carea' id='block_1_112' title="bbox 2438 5157 3974 5229">
    <p class='ocr_par' dir='ltr' id='par_1_112' title="bbox 2438 5157 3974 5229">
     <span class='ocr_line' id='line_1_112' title="bbox 2438 5157 3974 5229; baseline 0.003 -19"><span class='ocrx_word' id='word_1_821' title='bbox 2438 5160 2603 5227; x_wconf 84' lang='grc' dir='ltr'>μένην</span> <span class='ocrx_word' id='word_1_822' title='bbox 2623 5161 2756 5212; x_wconf 82' lang='grc' dir='ltr'>όδόν.</span> <span class='ocrx_word' id='word_1_823' title='bbox 2785 5157 2873 5222; x_wconf 75' lang='grc' dir='ltr'>Εἷς</span> <span class='ocrx_word' id='word_1_824' title='bbox 2907 5162 3196 5228; x_wconf 83' lang='grc' dir='ltr'>θησαυρὸς,</span> <span class='ocrx_word' id='word_1_825' title='bbox 3230 5164 3325 5229; x_wconf 79' lang='grc' dir='ltr'><strong>μία</strong></span> <span class='ocrx_word' id='word_1_826' title='bbox 3379 5165 3589 5227; x_wconf 75' lang='grc' dir='ltr'>κτῆσις,</span> <span class='ocrx_word' id='word_1_827' title='bbox 3615 5160 3690 5226; x_wconf 79' lang='grc' dir='ltr'>εἷς</span> <span class='ocrx_word' id='word_1_828' title='bbox 3724 5166 3974 5227; x_wconf 75' lang='grc' dir='ltr'>πλοῦτος,</span> 
     </span>
    </p>
   </div>
   <div class='ocr_carea' id='block_1_113' title="bbox 2434 5250 3978 5320">
    <p class='ocr_par' dir='ltr' id='par_1_113' title="bbox 2434 5250 3978 5320">
     <span class='ocr_line' id='line_1_113' title="bbox 2434 5250 3978 5320; baseline 0.003 -21"><span class='ocrx_word' id='word_1_829' title='bbox 2434 5250 2462 5299; x_wconf 84' lang='grc' dir='ltr'><strong>ὁ</strong></span> <span class='ocrx_word' id='word_1_830' title='bbox 2494 5251 2547 5300; x_wconf 74' lang='grc' dir='ltr'>ἐν</span> <span class='ocrx_word' id='word_1_831' title='bbox 2577 5251 2817 5319; x_wconf 77' lang='grc' dir='ltr'>οὐρανοῖς</span> <span class='ocrx_word' id='word_1_832' title='bbox 2851 5253 3230 5317; x_wconf 72' lang='grc' dir='ltr'>ἀποκείμενος.</span> <span class='ocrx_word' id='word_1_833' title='bbox 3288 5252 3363 5302; x_wconf 72' lang='grc' dir='ltr'><strong>Τὰ</strong></span> <span class='ocrx_word' id='word_1_834' title='bbox 3405 5252 3459 5304; x_wconf 84' lang='grc' dir='ltr'>δὲ</span> <span class='ocrx_word' id='word_1_835' title='bbox 3509 5255 3746 5320; x_wconf 77' lang='grc' dir='ltr'>πορόντα</span> <span class='ocrx_word' id='word_1_836' title='bbox 3822 5257 3978 5306; x_wconf 67' lang='grc' dir='ltr'>οὐδὲν</span> 
     </span>
    </p>
   </div>
   <div class='ocr_carea' id='block_1_114' title="bbox 2437 5341 3978 5414">
    <p class='ocr_par' dir='ltr' id='par_1_114' title="bbox 2437 5341 3978 5414">
     <span class='ocr_line' id='line_1_114' title="bbox 2437 5341 3978 5414; baseline 0.005 -24"><span class='ocrx_word' id='word_1_837' title='bbox 2437 5341 2562 5401; x_wconf 75' lang='grc' dir='ltr'>τοὺς</span> <span class='ocrx_word' id='word_1_838' title='bbox 2592 5343 2957 5408; x_wconf 74' lang='grc' dir='ltr'>κεκτημένους</span> <span class='ocrx_word' id='word_1_839' title='bbox 2986 5343 3211 5407; x_wconf 76' lang='grc' dir='ltr'>ὀνίνησι.</span> <span class='ocrx_word' id='word_1_840' title='bbox 3248 5343 3310 5392; x_wconf 82' lang='grc' dir='ltr'><strong>Τί</strong></span> <span class='ocrx_word' id='word_1_841' title='bbox 3336 5360 3440 5410; x_wconf 66' lang='grc' dir='ltr'>γςρ</span> <span class='ocrx_word' id='word_1_842' title='bbox 3475 5345 3744 5412; x_wconf 65' lang='grc' dir='ltr'>ὠφελήσει</span> <span class='ocrx_word' id='word_1_843' title='bbox 3777 5347 3978 5414; x_wconf 69' lang='grc' dir='ltr'>ἄνθρω-</span> 
     </span>
    </p>
   </div>
   <div class='ocr_carea' id='block_1_115' title="bbox 2440 5422 3981 5497">
    <p class='ocr_par' dir='ltr' id='par_1_115' title="bbox 2440 5422 3981 5497">
     <span class='ocr_line' id='line_1_115' title="bbox 2440 5422 3981 5497; baseline 0.005 -26"><span class='ocrx_word' id='word_1_844' title='bbox 2440 5436 2536 5480; x_wconf 89' lang='grc' dir='ltr'><strong>πος</strong></span> <span class='ocrx_word' id='word_1_845' title='bbox 2564 5424 2610 5472; x_wconf 89' lang='grc' dir='ltr'><strong>εί</strong></span> <span class='ocrx_word' id='word_1_846' title='bbox 2641 5422 2731 5472; x_wconf 87' lang='grc' dir='ltr'>τὸν</span> <span class='ocrx_word' id='word_1_847' title='bbox 2767 5424 2972 5489; x_wconf 89' lang='grc' dir='ltr'>κόσμον</span> <span class='ocrx_word' id='word_1_848' title='bbox 3007 5424 3256 5490; x_wconf 76' lang='grc' dir='ltr'>κερδήσει</span> <span class='ocrx_word' id='word_1_849' title='bbox 3302 5427 3393 5474; x_wconf 70' lang='grc' dir='ltr'>καὶ</span> <span class='ocrx_word' id='word_1_850' title='bbox 3438 5425 3686 5493; x_wconf 75' lang='grc' dir='ltr'>ζημιωθῇ</span> <span class='ocrx_word' id='word_1_851' title='bbox 3740 5427 3836 5497; x_wconf 80' lang='grc' dir='ltr'>τὴν</span> <span class='ocrx_word' id='word_1_852' title='bbox 3876 5432 3981 5493; x_wconf 68' lang='grc' dir='ltr'>ψυ-</span> 
     </span>
    </p>
   </div>
   <div class='ocr_carea' id='block_1_116' title="bbox 2439 5498 3980 5584">
    <p class='ocr_par' dir='ltr' id='par_1_116' title="bbox 2439 5498 3980 5584">
     <span class='ocr_line' id='line_1_116' title="bbox 2439 5498 3980 5584; baseline 0.007 -27"><span class='ocrx_word' id='word_1_853' title='bbox 2439 5509 2538 5576; x_wconf 76' lang='grc' dir='ltr'><strong>χὴν</strong></span> <span class='ocrx_word' id='word_1_854' title='bbox 2562 5511 2724 5563; x_wconf 77' lang='grc' dir='ltr'>αὑτοῦ</span> <span class='ocrx_word' id='word_1_855' title='bbox 2753 5527 2766 5575; x_wconf 88' lang='grc'><strong>;</strong></span> <span class='ocrx_word' id='word_1_856' title='bbox 2822 5513 2988 5564; x_wconf 66' lang='grc' dir='ltr'>Οὐδέν</span> <span class='ocrx_word' id='word_1_857' title='bbox 3021 5530 3108 5580; x_wconf 89' lang='grc' dir='ltr'><strong>μοι</strong></span> <span class='ocrx_word' id='word_1_858' title='bbox 3134 5513 3229 5580; x_wconf 77' lang='grc' dir='ltr'>τῆς</span> <span class='ocrx_word' id='word_1_859' title='bbox 3251 5514 3423 5582; x_wconf 73' lang='grc' dir='ltr'>ψυχῆς</span> <span class='ocrx_word' id='word_1_860' title='bbox 3456 5514 3795 5584; x_wconf 63' lang='grc' dir='ltr'>τιμιώτερον,</span> <span class='ocrx_word' id='word_1_861' title='bbox 3826 5498 3980 5568; x_wconf 71' lang='grc' dir='ltr'>οὐδέν</span> 
     </span>
    </p>
   </div>
   <div class='ocr_carea' id='block_1_117' title="bbox 2441 5595 3981 5676">
    <p class='ocr_par' dir='ltr' id='par_1_117' title="bbox 2441 5595 3981 5676">
     <span class='ocr_line' id='line_1_117' title="bbox 2441 5595 3981 5676; baseline 0.006 -28"><span class='ocrx_word' id='word_1_862' title='bbox 2441 5595 2642 5663; x_wconf 82' lang='grc' dir='ltr'>βέλτιον</span> <span class='ocrx_word' id='word_1_863' title='bbox 2695 5615 2709 5631; x_wconf 76' lang='grc'><strong><em>⁸</em></strong></span> <span class='ocrx_word' id='word_1_864' title='bbox 2769 5601 2948 5666; x_wconf 70' lang='grc' dir='ltr'>ἱκανὸς</span> <span class='ocrx_word' id='word_1_865' title='bbox 3005 5602 3032 5651; x_wconf 77' lang='grc' dir='ltr'><strong>ὁ</strong></span> <span class='ocrx_word' id='word_1_866' title='bbox 3086 5601 3470 5669; x_wconf 75' lang='grc' dir='ltr'>παρεληλυθὼς</span> <span class='ocrx_word' id='word_1_867' title='bbox 3517 5603 3622 5676; x_wconf 68' lang='grc' dir='ltr'>τῆς</span> <span class='ocrx_word' id='word_1_868' title='bbox 3677 5604 3818 5674; x_wconf 71' lang='grc' dir='ltr'>ζωῆς</span> <span class='ocrx_word' id='word_1_869' title='bbox 3875 5622 3981 5672; x_wconf 85' lang='grc' dir='ltr'><strong>μου</strong></span> 
     </span>
    </p>
   </div>
  </div>
