4226 6418
241 406 345 469 ll3

1065 400 1525 459 MARTYRIUM
1564 402 1622 459 S.
1659 400 2037 461 [HEROle
2075 404 2169 463 ET
2210 403 2621 463 SOCIORUM.

3338 405 3436 465 1H

234 534 451 587 γρονος,
477 516 535 568 δν
568 516 627 568 ιν
664 514 988 584 ματαιότητι
1021 512 1301 566 διεδίωσα.
1345 515 1555 582 Απειμι
1602 512 1789 565 λοιπον
1816 516 1903 576 ΑΙ

1771 530 1789 564 ν
1816 518 1865 576 Α
1890 515 2014 571 lius.
2051 514 2262 570 Suﬂicit
2289 517 2363 581 id,
2400 531 2544 586 quoa
2596 517 2855 584 prmteriit
2886 533 3018 571 mea!
3055 518 3178 570 vitm
3210 527 3440 585 tempus.

230 608 372 674 πρδς
411 608 565 661 Θεόν.
616 606 729 659 Μία
780 621 846 673 με
908 605 1066 673 τήκει
1104 604 1327 672 φροντὶς
1373 605 1406 673 ἡ
1454 604 1556 671 τῆς
1594 606 1797 673 μητρὶς

229 698 471 763 μξνωσις
499 713 515 729 ·
544 697 685 764 χήρα
716 697 820 764 γὰρ
843 695 1022 763 εκείνη
1065 695 1157 746 καὶ
1187 694 1295 746 τῶν
1329 697 1791 763 προστησομένων

228 790 462 856 ερημος,
488 790 623 856 πρὸς
652 778 858 850 τούτοις
890 788 983 839 καὶ
1013 787 1191 853 φωτὸς
1233 787 1651 854 ἀπεστερημένη
1700 788 1795 839 καὶ

1288 879 1429 946 κάμὲ
1476 878 1575 947 ἥδη
1632 880 1739 946 ἀφο
1752 898 1795 930 ι-

230 969 496 1037 ρουμένη,
557 968 650 1020 τοῦ
706 971 891 1036 γήρως
942 970 1040 1037 τὴν
1095 969 1416 1038 βακτηρίαν.
1478 970 1623 1041 ῐΙλὴν
1677 971 1790 1022 ἀλλ’

232 1059 357 1111 επεὶ
388 1060 475 1113 διά
505 1062 736 1131 Χριστὸν
772 1064 906 1130 πρὸς
928 1062 1153 1115 θάνατον
1185 1062 1601 1129 κατεπεῖγομαι,
1641 1062 1790 1131 αὐτῷ

230 1150 452 1213 πάντως
502 1152 725 1221 μελήσει
762 1152 886 1220 περὶ
918 1152 1107 1221 αὐτῆς,
1142 1150 1220 1221 τῷ
1272 1152 1446 1223 Πατρὶ
1467 1154 1574 1204 τῶν
1621 1154 1793 1221 ὀρφα-

229 878 454 944 ἡλικίας
513 880 590 940 είς
639 879 863 947 ἔσχατον
911 878 1211 948 ἀφιγμένη,

230 1241 341 1292 νῶν
372 1244 467 1293 καὶ
500 1244 658 1311 κριτῇ
684 1241 791 1294 τῶν
819 1242 1027 1311 χηρῶν.

306 1418 384 1473 E'.
421 1418 607 1483 Οῦτως
635 1421 661 1472 6
693 1423 940 1486 γενναῖος
983 1422 1169 1490 Ἱέρων
1204 1421 1372 1473 εἰπὼν
1396 1422 1485 1474 καὶ
1510 1424 1577 1491 τῇ
1603 1424 1789 1492 μνήμῃ

230 1512 409 1581 ταύτῃ
463 1512 561 1580 τῆς
617 1514 881 1581 τεκούσης
926 1513 1295 1581 ἐπιδακρύσας
1350 1514 1409 1565 τὺ
1444 1514 1630 1567 λοιπὸν
1689 1517 1785 1584 τῆς

232 1604 352 1655 ὁδοῦ
379 1605 609 1673 διήνυεν.
642 1599 772 1656 Εἶτα
806 1604 906 1671 τὴν
936 1605 1245 1673 Μελιτηνὴν
1270 1604 1502 1671 φθάσας,
1541 1606 1781 1671 ἐγκλείε-

234 1712 326 1746 τσι
386 1698 453 1763 τῇ
498 1696 708 1763 φρουρᾷ
762 1695 883 1763 μεθ’
935 1697 1138 1762 ἑτέρων
1184 1697 1478 1765 τριάκοντα
1520 1697 1654 1763 πρὸς
1710 1697 1785 1764 τῷ

233 1784 317 1836 ἑνὶ
347 1784 439 1837 τὸν
463 1783 695 1853 ἀριθμὸν
719 1786 908 1838 ὄντων.
936 1786 1077 1855 Πρὸς
1103 1785 1194 1848 οὒς
1218 1787 1245 1837 6
1272 1786 1443 1853 ἅγιος,
1486 1786 1781 1841 Ἀκούσατέ

236 1892 340 1942 μου
380 1877 476 1944 τῆς
518 1874 865 1943 .συμϐουλῆς,
921 1876 1065 1942 φίλοι
1118 1875 1211 1926 καὶ
1258 1875 1495 1942 ἀδ;λφοῖ,
1548 1876 1669 1945 ἔφη,
1715 1879 1781 1929 τὰ

237 1964 552 2016 συνοίσοντα
584 1966 691 2033 γὰρ
724 1964 836 2034 ὲρῶ
862 1966 919 2016 οὗ
955 1964 1089 2034 πρὸς
1120 1966 1179 2016 τὸ
1214 1966 1408 2035 παρὸν,
1453 1966 1587 2017 ἀλλὰ
1649 1969 1782 2035 πρὸς

233 2056 292 2105 τὸ
328 2054 537 2122 μέλλον·
556 2055 619 2105 Et‘
644 2056 670 2105 ὃ
695 2056 786 2106 καὶ
814 2058 957 2107 πᾶσα
988 2057 1017 2123 ἠ
1045 2057 1263 2123 φροντὶς
1293 2058 1403 2117 τοῖς
1435 2058 1784 2124 φοὸουμένσις

232 2145 325 2194 τὸν
357 2145 579 2213 Κύριον.
608 2146 881 2213 Κήρυγμα
910 2146 1193 2213 διηγγέλη,
1227 2147 1299 2208 ῶς
1332 2146 1517 2217 αὔριον
1555 2150 1581 2199 6
1612 2148 1781 2200 ἀθεώ-

232 2251 395 2296 τατος
452 2234 674 2303 ἡγεμὼν
708 2236 897 2296 θυσίας
925 2236 1107 2303 μέλλει
1144 2241 1527 2304 προσενεγκεῖν
1559 2240 1672 2299 τοῖς
1709 2238 1784 2309 μὴ

232 2325 352 2379 οὖσι
383 2326 539 2387 θεοῖς.
581 2326 700 2379 Εῖτι
732 2324 826 2378 οὖν
856 2327 975 2394 ἐμοὶ
1023 2326 1294 2387 πείθεσθε,
1345 2331 1778 2397 καταφρονήσω-

238 2433 341 2481 μεν
380 2416 471 2467 τοῦ
523 2417 874 2484 κηρύγματος
934 2417 1145 2480 τούτου,
1206 2417 1299 2470 καὶ
1349 2418 1587 2479 είδῶλοις
1646 2421 1782 2488 μήτε

236 2507 566 2568 προσκυνεῖν
611 2507 952 2573 ἀξιώσωμεν,
1008 2506 1134 2574 μήθ’
1182 2506 1320 2569 ὅλως
1369 2508 1560 2560 θυσίαν
1603 2512 1785 2573 αὐτοῖς

235 2596 693 2661 προσαγάγωμεν.
743 2595 1008 2664 Θύσωμεν
1064 2597 1119 2648 δὲ
1162 2596 1358 2664 μᾶλλον
1410 2599 1598 2650 Θυσίαν
1652 2602 1788 2652 αἰνέο

238 2699 376 2743 σεως
408 2684 483 2751 τῷ
511 2684 750 2754 ἀληθινῷ
781 2685 898 2752 Θεῷ
951 2686 1131 2754 ἡμῶν,
1167 2690 1258 2738 καὶ
1294 2686 1466 2756 τούτῳ
1493 2691 1588 2751 τὰς
1621 2691 1783 2757 εύχάς

238 2773 397 2840 ἡμῶν
444 2775 918 2843 προσενέγκωμεν,
966 2776 1084 2839 ῖνα,
1154 2778 1436 2845 προσσχὼν
1485 2782 1549 2846 τῇ
1605 2780 1785 2847 δεήσει

236 2879 344 2912 των
373 2863 558 2931 ψυχῶν
591 2864 770 2932 ήμῶν,
807 2863 918 2932 δῴη
948 2867 1210 2931 γενναίως
1244 2868 1343 2928 τὰς
1401 2868 1784 2938 ὲπαχθησομι-

235 2971 332 3013 νας
380 2957 507 3021 ἡμῖν
558 2954 821 3022 βασάνους
862 2958 1180 3022 διενεγκεῖν,
1230 2959 1325 3011 καὶ
1370 2959 1462 3010 τοῦ
1518 2962 1783 3030 μακαρίου

234 3046 421 3107 τέλους
456 3047 750 3115 ἐπιτυχεῖν.
800 3047 981 3101 Ταῦτα
1015 3047 1105 3101 τοῦ
1164 3048 1319 3117 ἁγίου
1365 3051 1671 3120 εἰρηκότος,
1721 3054 1782 3104 Ol

1894 607 2039 673 quod
2082 608 2188 661 vixi
2240 608 2292 660 in
2329 612 2585 665 vanitate.
2622 610 2767 661 Vada
2807 609 2873 661 de
2920 620 3115 662 cretero
3151 609 3214 661 ad
3254 610 3440 662 Deum.

1896 698 2009 753 Una
2047 700 2225 753 solum
2256 716 2339 753 mc
2370 701 2576 753 cruciat
2611 700 2938 761 sollicitudo,
2975 716 3166 766 nrmpc
3207 699 3443 751 solitudo

1892 791 2100 843 matris.
2135 792 2224 842 Illa
2256 800 2335 843 est
2371 792 2515 843 enim
2545 791 2723 847 vidua,
2751 800 2806 841 et
2851 790 3062 841 delecta
3102 792 3165 840 iis
3195 793 3286 856 qui
3318 806 3436 841 eam

1890 882 1996 931 sint
2032 880 2345 941 defen°uri;
2394 891 2447 933 et
2502 889 2755 947 pnetcrea
2816 879 3002 929 orbata
3058 877 3199 935 luce.
3237 887 3290 929 et
3322 894 3441 945 qua:

1886 971 1995 1039 jam
2043 970 2192 1023 venit
2229 971 2293 1022 ad
2341 982 2635 1022 extremam
2670 979 2903 1025 rctatem.
2938 979 2988 1019 et
3040 984 3121 1020 me
3173 968 3436 1034 privatur,

1890 1060 1982 1130 qui
2032 1076 2179 1114 eram
2233 1061 2459 1113 baculus
2501 1063 2619 1129 ejus
2669 1058 2987 1111 senectutis.
3023 1058 3127 1110 Sed
3177 1059 3436 1125 quoniam

1892 1162 2109 1221 propter
2134 1152 2408 1205 Christum
2443 1168 2673 1220 propero
2704 1152 2766 1204 ad
2812 1160 3062 1210 mortem,
3094 1166 3155 1202 ea
3187 1152 3284 1217 ipsi
3322 1168 3427 1203 nm-

1891 1246 2019 1299 niuo
2050 1246 2156 1298 erit
2182 1261 2345 1307 curae,
2382 1245 2519 1313 patri
2562 1244 2933 1311 orphauorum
2962 1252 3015 1296 et
3049 1244 3217 1313 judici
3247 1245 3434 1297 vidua-

1894 1352 2010 1388 rum
2040 1337 2079 1387 ‘.

1959 1428 2023 1481 ν.
2067 1427 2200 1481 Cum
2253 1429 2329 1481 sic
2378 1427 2601 1479 dixisset
2642 1426 2934 1493 prteclarus
2990 1425 3077 1477 ille
3124 1424 3342 1485 llieron.
3383 1435 3448 1476 eL

1891 1532 2110 1587 prapter
2138 1519 2375 1587 parentis
2412 1517 2844 1570 recordationem
2877 1524 3019 1568 esset
3048 1516 3433 1584 illacrymatus,

1888 1609 2119 1661 rnnlecit
2176 1609 2442 1675 reliquum
2500 1607 2730 1659 itineris.
2779 1606 2983 1657 Deinde
3030 1622 3150 1657 cum
3198 1607 3437 1659 venisset.

1890 1702 2207 1760 Ilclitincm.
2259 1701 2554 1753 includitur
2604 1700 2655 1752 in
2705 1699 2950 1750 custodia
2997 1714 3120 1750 cum
3169 1698 3308 1759 aliis,
3343 1697 3434 1765 qui

1888 1800 2043 1845 crant
2078 1805 2306 1843 numero
2340 1790 2555 1857 triginta
2590 1798 2643 1841 et
2692 1803 2850 1840 unus.
2900 1786 3103 1850 Quibus
3146 1786 3280 1839 dixit
3310 1801 3435 1837 san-

1885 1894 2004 1935 ctus
2029 1900 2041 1935 :
2070 1882 2261 1933 Audite
2290 1896 2466 1932 meum
2499 1879 2804 1939 consilium,
2828 1878 2985 1931 amici
3014 1885 3067 1930 et
3094 1876 3305 1929 fratres.
3341 1876 3432 1930 Di-

1884 1990 2023 2034 cam,
2058 1988 2176 2040 qua:
2210 1982 2333 2023 sunt
2368 1971 2517 2021 vobis
2567 1969 2746 2022 futura
2798 1968 3183 2027 conducibilia,
3234 1981 3343 2018 non
3378 1965 3431 2018 in

1886 2063 2194 2130 pra-sentin,
2224 2062 2315 2115 scd
2347 2063 2396 2113 iu
2426 2062 2684 2113 futurum.
2737 2059 2997 2124 Quocirca
3044 2075 3105 2110 ea
3140 2067 3264 2110 sunt
3320 2072 3431 2115 om-

1886 2156 2013 2206 n‘uo
2044 2169 2185 2206 cura:
2219 2154 2395 2205 futura
2430 2152 2494 2205 iis
2525 2152 2614 2218 qui
2651 2153 2841 2203 timent
2876 2149 3177 2201 Dominum.
3210 2150 3432 2200 Annuu-

1887 2242 2072 2293 tiatum
2105 2251 2187 2295 est
2231 2241 2491 2303 edictum,
2531 2239 2672 2306 quod
2726 2255 2845 2291 cras
2885 2254 3082 2306 praises
3114 2238 3311 2304 impius
3343 2245 3427 2288 est

1885 2334 1952 2386 iis
1988 2333 2078 2399 qui
2111 2332 2186 2384 dii
2214 2347 2320 2385 nan
2370 2340 2515 2393 sunt,
2550 2331 2830 2382 oblaturus
2866 2329 3214 2382 sacriﬁcium.
3247 2328 3301 2380 Si
3342 2342 3427 2380 me

1882 2440 2010 2493 ergo
2049 2423 2266 2482 auditis.
2298 2422 2657 2489 despiciamus
2690 2423 2789 2473 hoc
2838 2420 3097 2479 edictum,
3132 2427 3184 2470 ct
3231 2433 3329 2471 nec
3359 2418 3433 2469 si-

1886 2513 2123 2566 mulacra
2149 2513 2375 2563 velimus
2418 2511 2664 2568 adorare.
2704 2525 2876 2577 neque
2925 2510 3004 2561 eis
3043 2509 3268 2560 omnino
3298 2505 3430 2559 olfe-

1886 2618 2065 2655 ramus
2094 2600 2436 2655 sacriﬁcium.
2491 2599 2868 2652 Sacrilicemus
2899 2606 3078 2649 autem
3118 2599 3299 2663 potius
3344 2610 3427 2647 sa-

1885 2694 2151 2747 crificium
2184 2691 2360 2743 laudis
2405 2704 2531 2742 vero
2566 2690 2674 2742 Deo
2710 2702 2917 2750 nOSIro,
2966 2697 3021 2741 et
3050 2686 3100 2739 ei
3134 2686 3430 2739 oll‘eramus

1886 2800 2072 2853 preces
2087 2793 2297 2836 nostras
2322 2800 2332 2832 :
2354 2788 2412 2833 ut
2430 2778 2713 2832 attendens
2737 2779 3099 2846 precationem
3126 2777 3428 2829 animarum

1887 2883 2215 2933 nostrarum,
2254 2870 2346 2923 det
2389 2878 2447 2921 ut
2481 2868 2603 2921 forti
2637 2878 2687 2920 et
2719 2867 2930 2921 excelso
2979 2867 3159 2918 animo
3192 2865 3427 2918 feramus

1889 2973 2177 3023 tormenta,
2206 2976 2325 3030 quae
2348 2968 2471 3012 sunt
2505 2959 2663 3011 nobis
2688 2958 2990 3019 inferenda,
3021 2971 3075 3010 et
3108 2958 3266 3009 finem
3303 2958 3432 3010 bea-

1888 3062 1997 3105 tum
2033 3064 2401 3117 assequamur.
2431 3046 2551 3099 llaec
2573 3060 2693 3097 cum
2722 3045 2945 3097 dixisset
2973 3053 3190 3097 sanctus
3219 3062 3231 3095 :
3258 3044 3433 3097 Verba

234 3137 388 3202 λόγοι
423 3154 539 3201 σου,
572 3132 723 3190 εἷπον
752 3139 801 3191 oi
835 3140 1233 3207 συμπαρέντες,
1256 3139 1328 3202 ῶς
1357 3144 1547 3211 κηρίον
1572 3143 1783 3211 μέλιτος
1808 3138 1853 3202 C
1890 3154 1903 3197 ι

1763 3138 1853 3207 :C
1890 3154 2001 3203 tua.
2035 3142 2291 3195 dixerunt
2324 3138 2358 3189 ii
2397 3137 2489 3205 qui
2517 3136 2676 3189 simul
2709 3136 2956 3199 aderant,
2992 3144 3245 3203 tanquam
3279 3135 3432 3189 favus

233 3229 312 3295 τῷ
369 3229 623 3297 ἡμετέρῳ
674 3229 907 3297 λάρυγγι
965 3230 1375 3299 ινηδύνθησαν,
1435 3236 1781 3302 συμφέροντα

234 3320 347 3386 κὰρ
410 3320 543 3386 ἡμῖν
595 3318 810 3386 ἀληθῶς
857 3319 953 3370 καὶ
1022 3320 1263 3388 σωτήρια
1333 3322 1778 3387 συνεϐούλευσας.

246 3410 653 3479 Ἀνενεχθείσης
685 3410 740 3461 δὲ
771 3410 847 3478 τῷ
890 3409 1140 3477 τυράννῳ
1190 3411 1287 3478 τῆς
1331 3412 1435 3463 τῶν
1486 3414 1659 3479 ἀγίων
1700 3418 1785 3467 ὲν-

238 3501 501 3561 στάσεως,
534 3502 628 3551 καὶ
665 3500 747 3553 ὅτι
781 3498 871 3551 τοῦ
908 3500 1003 3567 μὶν
1042 3500 1309 3567 δόγματος
1357 3502 1448 3553 τοῦ
1502 3503 1776 3571 βασιλικοῦ

236 3589 635 3653 καταπτύουσι,
698 3590 793 3657 τῆς
842 3590 952 3641 τῶν
997 3591 1339 3657 Χριστιανῶν
1393 3593 1448 3643 δὲ
1505 3596 1599 3645 καὶ
1662 3596 1779 3648 λίαν

238 3680 472 3750 ἰσχυρῶς
500 3680 813 3748 ἀντέχονται
854 3680 1111 3741 πίστεως,
1138 3680 1492 3751 δυσθυμήσας
1523 3685 1615 3736 ἐπὶ
1660 3686 1781 3737 τού-

233 3787 348 3831 τοις
411 3764 509 3819 και
537 3768 834 3836 ὀργισθεὶς,
886 3769 970 3833 ἐφ’
1022 3766 1225 3836 ὑψηλοῦ
1277 3785 1335 3820 τε
1386 3770 1477 3821 τοῦ
1541 3771 1782 3841 βήματος

234 3860 523 3922 καθεσθεὶς
570 3858 662 3912 καὶ
708 3861 834 3921 τοὺς
878 3859 1066 3926 ἀγίους
1111 3864 1634 3930 παραστησάμενος,
1681 3864 1780 3929 Τίς

236 3954 403 4019 ὑμᾶς,
437 3951 562 4019 εφη,
613 3949 881 4017 δαιμόνων
938 3953 1016 4011 είς
1058 3950 1285 4020 ἄπειρον
1332 3952 1516 4015 ἀνοίας
1562 3954 1777 4020 ἐλάσας,

235 4042 377 4111 πρὸς
406 4039 658 4092 τοσοῦτον
691 4040 888 4107 κράτος
911 4040 1185 4107 ἀνταίρειν
1223 4041 1427 4104 ἔπεισε,
1486 4044 1577 4093 καὶ
1630 4043 1780 4111 βασι-

238 4130 405 4183 λικῶν
484 4128 877 4197 θεσπισμάτων
948 4130 1311 4196 καταφρονεῖν
1376 4130 1777 4198 παρεσκεύασε,

236 4224 379 4285 θεοῖς
408 4239 464 4275 τε
497 4223 608 4283 τοῖς
640 4221 893 4289 μεγάλοις
940 4221 1013 4288 μὴ
1058 4221 1385 4288 προσκυνεῖν
1418 4236 1431 4283 ;
1481 4222 1781 4287 Φρενοόλαο

236 4316 352 4376 δεῖς
379 4314 444 4366 ἂν
471 4315 809 4381 ὑπήρχομεν,
836 4314 884 4363 οι
920 4311 1193 4380 μάρτυρες
1228 4305 1403 4373 εἷπον,
1453 4313 1545 4363 καὶ
1598 4311 1783 4377 δαιμός

1891 3235 2067 3290 mellis
2115 3233 2443 3285 exstiterunt
2489 3228 2667 3281 dulcia
2721 3238 2908 3281 nostro
2963 3227 3185 3295 gutturi.
3229 3225 3436 3279 Consu-

1887 3326 2035 3379 luisti
2068 3326 2211 3376 enim
2238 3321 2394 3374 nobis
2422 3336 2484 3373 ea
2509 3334 2627 3386 qute
2654 3328 2779 3369 sunt
2812 3333 2933 3369 vcre
2969 3318 3118 3369 utilia
3153 3325 3315 3383 atque
3344 3331 3432 3367 sa-

1890 3416 2104 3468 lutaria.
2155 3412 2288 3465 Cum
2342 3411 2406 3463 ad
2462 3421 2751 3477 tyrannum
2802 3416 2981 3457 autem
3027 3406 3193 3457 relata
3242 3404 3435 3456 fuisset

1891 3513 2203 3559 sanctorum
2236 3499 2562 3561 constantia,
2591 3508 2646 3551 et
2689 3501 2831 3561 quod
2868 3495 3275 3560 imperatorium
3317 3492 3426 3560 qui-

1886 3598 2007 3650 dem
2053 3596 2287 3647 edictum
2338 3599 2675 3656 consputaut.
2724 3586 3154 3640 Christianorum
3200 3599 3328 3636 vero
3377 3583 3435 3635 ii-

1886 3686 2007 3739 dem
2043 3684 2390 3735 vehementer
2422 3679 2861 3743 atnplectuntur,
2897 3676 3010 3728 hac
3057 3690 3195 3740 aegre
3235 3676 3429 3734 ferens,

1888 3786 1943 3829 ct
1968 3778 2043 3826 ira
2071 3782 2394 3826 commotus.
2422 3784 2543 3821 cum
2584 3768 2634 3818 in
2668 3768 2775 3819 alto
2808 3765 3039 3818 sedisset
3070 3764 3344 3825 tribunali,
3378 3772 3433 3816 et

1890 3874 2104 3918 sanctos
2125 3871 2365 3915 curasset
2396 3858 2663 3911 sistelrlos
2690 3875 2700 3907 :
2726 3857 2878 3919 Quis,
2906 3855 3099 3922 inquit,
3126 3854 3427 3906 daemonum

1892 3955 1944 4007 in
1986 3952 2250 4005 inﬁnitam
2294 3965 2389 4001 vos
2430 3957 2582 4000 actos
2625 3946 2936 4003 amentiam.
2973 3944 3205 4004 induxit,
3243 3950 3300 3992 ut
3337 3940 3432 3993 ad-

1891 4059 2080 4097 versus
2113 4050 2311 4093 tantam
2348 4036 2701 4103 insurgeretis
2729 4034 3048 4101 potentiam,
3081 4041 3135 4085 et
3164 4032 3342 4085 elTecit
3374 4040 3433 4084 ut

1890 4132 2234 4201 imperatoria
2272 4129 2486 4181 decreta
2535 4125 2904 4193 despiceretis,
2954 4132 3007 4176 et
3053 4138 3271 4191 magnos
3301 4120 3433 4173 deos

1889 4241 1997 4279 non
2030 4220 2370 4275 adoraretis?
2405 4219 2609 4271 Emotae
2650 4218 2850 4269 mentis
2881 4228 3145 4273 essemus,
3177 4213 3433 4263 dixerunt

1894 4324 2175 4383 martyres,
2210 4320 2264 4363 et
2296 4310 2595 4362 da-monum
2644 4305 2962 4367 ludibrium,
2994 4304 3037 4354 si
3086 4303 3179 4353 Dei
3226 4300 3431 4352 cultum

235 4424 344 4457 νων
410 4403 621 4473 ἀληθῶς
675 4404 971 4470 παίγνιον,·
1001 4403 1116 4468 εῐγε
1173 4402 1234 4454 τὸ
1286 4402 1377 4453 τοῦ
1423 4402 1556 4453 Θεοῦ
1618 4404 1904 4477 σέὃαςῃι

1759 4420 1781 4463 ς
1809 4419 1861 4477 D
1890 4407 2251 4458 tribueremus
2303 4399 2460 4467 lignis
2492 4407 2545 4449 et
2596 4396 2886 4463 lapidibus,
2924 4408 3043 4460 qua:
3087 4398 3215 4444 sunt
3263 4404 3428 4458 opera

236 4483 419 4554 ξύλοις
452 4494 543 4544 καὶ
567 4492 758 4555 λίθοις,
789 4490 970 4559 ἔργοις
1002 4490 1183 4559 χειρὸς
1216 4489 1565 4558 ἀνθρωπίνης
1594 4493 1783 4559 ἐνέμο-

240 4601 360 4654 μεν.
394 4584 526 4636 Νυνὶ
555 4583 632 4645 δὲ,
667 4581 899 4650 σώφρονι
924 4582 1191 4650 χρώμενοι
1232 4580 1501 4647 λογισμῷ,
1552 4580 1629 4650 τῷ
1670 4583 1779 4634 τῶν

235 4675 376 4726 ὅλων
410 4671 819 4741 προσκυνοῦμεν
844 4672 984 4740 Θεῷ,
1028 4670 1085 4732 ὃς
1121 4670 1214 4721 τὸν
1256 4669 1484 4739 οὐρανὸν
1537 4670 1629 4720 καὶ
1684 4671 1779 4738 τὴν

236 4768 342 4832 γῆν
373 4764 450 4831 τῷ
478 4764 621 4830 λόγῳ
657 4760 821 4813 αὑτοῦ
853 4761 1046 4829 καὶτῷ
1076 4759 1343 4828 πνεύματι
1380 4758 1473 4811 τοῦ
1512 4760 1776 4829 στόματος

237 4851 407 4907 αὑτοῦ
444 4852 515 4921 μὴ
546 4852 667 4903 δντα
700 4852 1037 4920 παρήγαγεν.

312 4940 404 5007 ς’.
457 4940 608 4992 Ἐπεὶ
651 4941 705 4991 δέ
736 4955 817 5001 τις
872 4939 976 4991 τῶν
1026 4938 1391 5008 παρεστώτων
1435 4938 1510 5007 τῷ
1561 4939 1778 5007 ἄρχοντι

235 5032 328 5085 τὸν
368 5030 583 5100 Ἱέρωνα
606 5029 906 5093 ὑποδείξας,
926 5023 1090 5090 Οὗτος
1108 5031 1272 5093 ἐστιν,
1306 5027 1431 5096 ἔφη,
1456 5029 1483 5079 6
1507 5031 1616 5089 τοῖς
1638 5030 1783 5097 παρὰ

241 5124 336 5176 σοῦ
376 5123 641 5174 σταλεῖσιν
671 5122 1091 5184 ἀπικαταστάς,
1119 5121 1214 5173 καὶ
1242 5121 1444 5186 δράσας
1472 5121 1614 5189 ᾇπερ
1646 5122 1782 5190 ἀκή-

239 5229 392 5274 κοας,
424 5213 451 5263 6
480 5210 624 5273 δοῦξ,
653 5212 1007 5278 επιστραφεὶς
1043 5211 1178 5277 πρὸς
1216 5210 1399 5272 αὐτον,
1430 5209 1595 5262 Πόθεν
1618 5208 1666 5261 εἴ
1688 5210 1781 5273 ad;

240 5305 367 5371 im.
434 5302 519 5362 Ὠς
571 5300 627 5353 δὲ
680 5300 777 5368 τῆς
800 5301 1053 5368 δευτέρας
1084 5299 1466 5353 Καππαδοκῶν
1518 5300 1784 5369 ἐπαρχίας

239 5393 511 5462 ὁρμᾶσθαι
543 5393 729 5459 ῐφησε,
761 5393 861 5458 τὴν
922 5392 1153 5461 πατρίδα
1189 5408 1245 5441 τε
1280 5392 1494 5459 εῐρηκε,
1542 5390 1785 5450 Τυανεὺς

241 5484 421 5536 εἰπὼν
446 5478 601 5539 εἶναι.
636 5484 663 5533 6
698 5483 823 5545 δουξ
848 5484 1027 5544 πάλιν,
1064 5484 1132 5534 Σλ
1163 5478 1261 5534 εῖό
1314 5484 1424 5543 τοῖς
1464 5481 1782 5550 βασιλικοῖς,

242 5574 369 5643 ιςη,
406 5574 825 5641 προστάγμασιν
849 5573 1162 5641 ἀντιλέγων,
1206 5572 1300 5624 καὶ
1338 5572 1415 5641 τῷ
1452 5574 1515 5639 τῇ
1562 5571 1783 5639 δυνάμει

352 5747 371 5779 ¹
405 5747 545 5800 Psal.
585 5762 752 5813 vau,
804 5746 855 5799 θ.

1892 4509 2084 4549 manus
2112 4494 2377 4545 humanm.
2426 4489 2580 4541 Nunc
2612 4496 2788 4539 autem
2825 4482 3054 4552 sapienti
3091 4489 3301 4535 utentes
3344 4495 3417 4533 ra-

1891 4583 2261 4643 tiocinatione,
2318 4576 2605 4632 adoramus
2655 4577 2821 4628 Deum
2885 4575 3284 4631 universorum.
3338 4571 3429 4639 qui

1885 4676 2080 4730 cadum
2113 4683 2167 4727 et
2192 4682 2388 4725 terram
2422 4669 2588 4722 verbo
2616 4681 2715 4721 suo
2744 4674 2798 4717 et
2830 4666 3024 4734 spiritu
3058 4664 3169 4717 oris
3198 4664 3279 4717 sui
3305 4676 3429 4731 pro-

1884 4766 2036 4821 duxit
2072 4780 2137 4818 ex
2170 4762 2359 4817 nihilo.

1955 4937 2042 4992 Vi.
2082 4936 2215 4989 Cum
2266 4942 2446 4985 autem
2497 4930 2715 4998 quidam
2748 4929 2913 4983 exiis
2958 4929 3048 4996 qui
3101 4928 3429 4981 assistcl-aut

1890 5029 2123 5099 prasidi,
2163 5025 2452 5079 ostendens
2499 5022 2810 5085 Hieronem,
2884 5022 2979 5073 llic
3026 5029 3129 5081 est,
3180 5020 3426 5075 dixisset.

1886 5122 1976 5188 qui
2008 5118 2209 5172 restitit
2238 5116 2303 5169 iis
2328 5114 2420 5183 qui
2444 5130 2472 5168 a
2506 5123 2556 5166 te
2590 5112 2736 5165 missi
2770 5121 2921 5171 sunt.
2968 5121 3021 5165 et
3055 5111 3181 5163 fecit
3219 5102 3428 5177 eaquae

1888 5210 2139 5263 audivisti
2169 5224 2180 5260 :
2212 5208 2315 5261 dux
2346 5208 2412 5259 ad
2462 5205 2637 5273 ipsum
2691 5218 3005 5265 conversus,
3042 5201 3188 5255 Unde
3237 5210 3291 5253 tu
3328 5202 3431 5254 es?

1890 5300 2085 5367 inquit.
2126 5296 2259 5351 Cum
2288 5305 2467 5349 autem
2497 5295 2541 5347 is
2582 5293 2825 5353 dixisset,
2876 5308 2932 5345 se
2982 5308 3101 5346 esse
3141 5304 3316 5344 ortum
3362 5307 3423 5345 ex

1888 5389 2126 5443 secunda
2175 5386 2553 5454 Cappadocum
2606 5385 2905 5452 provincia,
2953 5394 3005 5436 et
3049 5384 3135 5435 dix
3164 5394 3271 5435 sset
3333 5398 3427 5449 pa-

1890 5481 2071 5542 triam,
2120 5478 2307 5531 dicens
2354 5490 2413 5529 se
2447 5489 2567 5529 esse
2603 5475 2899 5543 Tyaneutn,
2948 5475 3055 5527 dux
3090 5488 3311 5525 rursus:
3347 5471 3426 5524 Tu

1889 5587 1967 5636 cs,
2002 5569 2197 5640 inquit,
2247 5568 2336 5638 qui
2383 5566 2547 5637 jussis
2606 5579 2873 5635 repugnas
2930 5564 3326 5633 imperatoriis,
3375 5573 3429 5616 et
