4226 6418
250 343 354 409 117

1062 353 1527 415 MARTYRIUM
1568 354 1627 417 S.
1668 352 2042 416 HIERONIS
2078 356 2173 416 ET
2215 354 2625 418 SOCIORUM.

3348 359 3453 423 118

247 458 565 520 επανιόντες
590 459 672 519 εἰς
702 461 876 529 πέρας
905 462 1074 533 αὐτὴν
1101 466 1370 535 ἀγάγητι.
1393 466 1689 536 -Βούλομαι
1735 468 1801 536 τῇ
1831 469 1874 528 Α
1902 485 1916 525 t

1778 468 1801 536 li
1831 469 1874 528 Α
1902 472 2075 525 sorori
2109 471 2327 537 quidem
2357 485 2488 526 mea
2514 470 2835 526 Theotlmia
2870 471 2986 526 dari
3028 475 3447 545 possessionem,

252 550 357 617 ph
391 549 593 619 ἀδελφῇ
630 553 697 621 τῇ
730 551 836 621 ἐμῇ
864 551 1144 626 Θεοτιμίᾳ,
1181 556 1245 609 τὸ
1279 557 1468 627 κτῆμά
1499 576 1599 626 μου
1643 559 1702 611 τὸ
1748 560 1804 610 ιν
1904 578 1921 617 ί

1778 577 1804 610 ν
1904 577 2063 632 quam
2103 562 2274 616 habeo
2312 564 2366 616 in
2414 562 2651 627 Pisidia,
2698 570 2757 617 ut
2801 579 2866 617 ex
2898 578 2959 617 ea
3012 564 3112 619 sibi
3160 580 3357 633 parans
3390 582 3445 620 ea

251 640 499 704 Πεισιδίᾳ.
525 642 765 710 δοθῆναι,
793 643 876 707 ἶν’,
908 646 1115 699 ἐκεῖθεν
1157 648 1487 719 ποριζομένη
1522 648 1619 711 τὰς
1668 649 1804 719 πρὸς
1904 670 1920 709 ι

1779 666 1804 711 ς
1904 670 2024 723 quae
2054 662 2181 707 sunt
2214 652 2280 706 ad
2316 654 2513 707 victum
2550 652 2878 717 necessaria,
2918 654 3031 720 ipsa
3072 653 3175 707 mei
3206 654 3448 723 martyrii

248 731 311 783 τὸ
335 731 435 800 ζῆν
464 733 741 801 ἀφορμὰς,
772 736 872 803 τὴν
900 736 998 804 τῆς
1025 739 1328 806 μαρτυρίας
1361 738 1498 808 αὑτὴ
1542 739 1642 808 τῆς
1668 740 1807 809 ἐμῆς

252 820 482 889 μνήμην
529 822 776 892 έπιτελῇ,
833 824 899 878 τά
944 825 1001 877 δὲ
1041 827 1177 880 ἄλλα
1225 829 1405 881 πάντα
1438 829 1538 880 ὅσα
1594 829 1806 898 μοικαὶ

252 910 554 978 περίεστιν,
594 914 792 982 ἀφίημι
838 918 902 985 τῇ
962 916 1128 984 μητρὶ
1160 918 1228 970 δι’
1259 918 1389 971 αὐτό
1412 934 1471 970 τε
1498 922 1559 971 τὸ
1597 920 1660 970 εκ
1706 936 1806 987 xq-

253 1003 408 1068 ρείας
431 1003 770 1073 ἀτημέλητόν
801 1023 860 1058 τε
902 1008 999 1059 καὶ
1024 1007 1352 1078 ἀϐοήθητον,
1398 1008 1535 1078 πρὸς
1581 1009 1659 1073 δὲ,
1710 1014 1806 1063 καὶ

250 1094 311 1145 τὸ
338 1093 539 1163 γῆρας,
574 1097 669 1149 καὶ
695 1101 794 1167 τὴν
829 1100 937 1151 τῶν
967 1099 1260 1168 ὀφθαλμῶν
1287 1102 1558 1170 πήρωσιν.
1609 1101 1721 1171 Τὴν
1753 1102 1807 1154 δὲ

249 1187 413 1255 χεῖρά
437 1204 539 1253 μου
563 1189 662 1258 τὴν
680 1190 1090 1260 ἀποτμηθεῖσαν
1114 1192 1404 1253 ἀποδόντες
1432 1193 1593 1260 αὐτῇ,
1618 1194 1806 1244 είπατε

254 1279 553 1347 γράμμασι
605 1280 696 1333 τὸν
749 1283 1334 1351 μεγαλοπρεπέστατον
1381 1283 1608 1348 ἀξιῶσαι
1663 1283 1812 1335 Ῥου-

250 1370 481 1433 στῗκιον,
516 1370 575 1431 ὃς
606 1371 704 1439 τὴν
730 1372 830 1439 τῆς
866 1373 1137 1439 Ἀγκύρας
1164 1373 1364 1424 διέπων
1384 1374 1497 1424 ἐστί
1513 1372 1806 1435 πολιτείαν,

252 1460 399 1511 ὥστε
431 1462 523 1512 τὸν
555 1463 614 1513 έν
655 1462 941 1530 Κσδεσανῇ
1000 1464 1305 1530 παρασχεῖν
1350 1458 1518 1525 οἷκον,
1570 1462 1662 1515 τοῦ
1713 1464 1810 1533 τὴν

249 1549 413 1616 χεῖρά
475 1566 575 1615 μου
607 1551 809 1619 ταύτην
847 1553 1023 1602 ἐκεῖσε
1054 1551 1435 1619 κατατεθῆναι.
1456 1550 1612 1603 Οὕτω
1644 1551 1810 1603 ταῦτα

246 1637 346 1690 τοῦ
382 1638 536 1705 ἁγίου
569 1640 912 1709 διαθεμένου,
953 1642 1243 1710 τέσσαρσιν
1275 1640 1502 1711 ὕστερον
1525 1642 1760 1712 ήμέραις
1784 1644 1810 1693 ὀ

252 1729 480 1796 ἡγεμὼν
532 1730 624 1782 τοῦ
692 1730 935 1800 βήματος
1008 1731 1349 1800 προκαθίσας
1427 1734 1809 1801 μετακαλεῖται

1907 753 2131 813 peragat
2177 744 2514 797 memoriam.
2546 743 2662 797 Alia
2703 754 2883 797 autem
2919 750 3121 806 omnia,
3167 760 3285 813 qua:
3316 745 3451 798 mihi

1907 843 2223 899 supersunt,
2246 833 2459 886 dimitto
2488 834 2644 885 matri
2673 843 2896 901 preptcr
2920 835 3087 902 ipsam
3115 833 3448 897 viduitatem:

1907 938 2026 990 qua:
2068 938 2198 977 cura
2233 932 2355 991 eget
2385 932 2441 977 et
2470 924 2692 986 auxilio,
2726 934 2782 976 et
2808 935 3079 992 praetcrea.
3104 926 3171 982 ad
3201 936 3455 979 senectu-

1908 1025 2014 1069 tem
2041 1025 2091 1068 ct
2110 1018 2425 1069 caacitatem.
2446 1016 2654 1069 Manum
2674 1025 2853 1069 autem
2879 1032 3051 1070 meam
3078 1018 3365 1072 abscissam
3401 1019 3451 1073 ci

1909 1109 2200 1169 tradentes.
2237 1109 2420 1170 dicite,
2453 1118 2508 1161 ut
2539 1111 2737 1163 scribat
2763 1111 2827 1163 ad
2862 1110 3452 1178 magniﬁcentissimum

1910 1200 2237 1261 Rusticium,
2266 1201 2358 1267 qui
2392 1201 2615 1269 Ancyrae
2640 1200 2984 1253 administrat
3010 1216 3123 1253 rem
3162 1201 3452 1268 publicam,

1910 1290 2219 1357 utprcebcat
2245 1291 2459 1342 domum
2489 1292 2540 1343 in
2570 1291 2865 1355 Badesana,
2902 1302 2956 1344 ut
2986 1308 3173 1344 manus
3206 1307 3320 1345 mea
3349 1292 3455 1345 illic

1910 1376 2240 1444 deponatur.
2268 1379 2402 1433 Cum
2436 1391 2655 1433 sanctus
2690 1382 2768 1433 sic
2817 1382 3006 1433 luisset
3042 1391 3286 1443 testatus,
3321 1378 3457 1449 qua;

1914 1479 2038 1523 tuor
2070 1479 2188 1538 post
2217 1470 2408 1524 diebus
2443 1486 2640 1537 prmses
2690 1473 2882 1525 sedens
2927 1488 3024 1539 pro
3054 1472 3333 1535 tribunali,
3363 1489 3453 1526 ac-

1912 1558 2078 1609 cersit
2105 1572 2224 1609 eum
2251 1574 2370 1610 cum
2403 1559 2524 1611 aliis
2554 1560 2773 1612 sanctis.
2805 1561 3092 1627 Postquam
3117 1572 3297 1615 autent
3325 1564 3463 1615 mul-

1916 1646 1984 1698 tis
2017 1648 2281 1699 machinis
2312 1664 2499 1700 eorum
2542 1648 2917 1701 fortitudinem
2966 1659 3191 1704 conatus
3221 1659 3465 1714 proster-

1917 1749 2067 1796 nere,
2098 1737 2289 1803 partim
2326 1737 2545 1805 quidem
2576 1738 2873 1801 blanditiis,
2904 1742 3098 1806 partim
3131 1755 3260 1793 vero
3302 1741 3465 1795 minis

248 1816 444 1872 τοῦτον
493 1822 590 1872 σὺν
645 1797 779 1884 τοῖς
806 1824 987 1885 ἄλλοις
1038 1797 1233 1891 άγίοις.
1306 1797 1458 1876 Ἐπεὶ
1504 1824 1560 1876 δὲ
1590 1824 1807 1888 πολλαῖς
1847 1797 1917 1870 Bt

1771 1827 1807 1888 ες
1847 1797 1886 1853 Β
1914 1841 2008 1879 eos
2036 1837 2323 1889 tentasset,
2355 1840 2630 1897 postremo
2665 1841 2841 1883 autem
2879 1831 3042 1899 virgis
3072 1846 3287 1899 quoque
3314 1830 3440 1886 forti

255 1913 529 1978 μηχαναῖς
558 1912 655 1981 τὴν
683 1913 865 1968 αὐτῶν
897 1914 1222 1968 καταϐαλεῖν
1249 1915 1583 1985 στερρότητα
1617 1932 1811 1983 πειρα-

255 2000 516 2068 σάμενος,
553 2004 648 2056 καὶ
678 2004 833 2057 τοῦτο
861 2005 958 2074 μὲν
986 2006 1268 2069 θωπείαις,
1294 2006 1451 2057 τοῦτο
1475 2006 1529 2058 δὲ
1561 2006 1809 2067 ἀπειλαῖς

1919 1925 2000 1970 ter
2037 1920 2363 1985 cecidisset,
2399 1930 2453 1973 et
2498 1935 2592 1973 eos
2638 1921 2857 1974 vidisset
2893 1921 3110 1990 penitus
3162 1920 3467 1975 immobiles

1918 2008 2053 2061 nulli
2083 2012 2156 2062 rei
2199 2010 2414 2071 cedere,
2441 2012 2598 2080 jubs-t
2625 2012 2702 2063 eis
2735 2012 2999 2079 amputari
3034 2014 3232 2081 capita.

255 2092 685 2155 διακωδωνίσας,
712 2094 1021 2148 τελευταῖον
1045 2097 1100 2147 δὲ
1134 2099 1225 2148 καὶ
1260 2096 1494 2164 ἰσχυρῶς
1529 2098 1805 2167 ῥαϐδίσας,
1845 2098 2081 2162 άκλινεῖς
2154 2099 2295 2170 ἐώρα
2349 2104 2440 2156 καὶ
2522 2104 2830 2167 άνενδότους
2880 2108 3014 2176 πρὸς
3065 2107 3301 2171 ἅπαντα,
3357 2105 3456 2175 τὰς

254 2179 497 2249 κεφαλάς
527 2184 904 2253 ἀποτμηθῆναι
939 2186 1175 2241 κελεύει.

328 2274 411 2326 H'.
459 2274 545 2335 Ὡς
574 2274 630 2325 δὲ
658 2276 752 2343 τῆς
781 2277 988 2338 πόλεως
1016 2278 1064 2329 οἰ
1093 2278 1239 2345 ᾰγιοι
1268 2279 1545 2348 ἔξήγοντο,
1587 2282 1817 2349 ἔψαλλον

254 2368 399 2417 κατὰ
452 2367 551 2433 τὴν
581 2366 697 2417 ὀδόν
737 2381 751 2395 ’
808 2368 1093 2435 Μακάριοι
1142 2372 1196 2422 οἰ
1246 2371 1467 2438 ἄμωμοι
1499 2369 1731 2434 ἐγόδῷ,
1765 2373 1818 2422 οι

255 2458 642 2523 πορευόμενοι
676 2458 744 2511 ἐν
769 2459 927 2525 νόμῳ
967 2460 1211 2526 Κυρίου.
1239 2457 1372 2512 Εἶτα
1396 2462 1487 2512 τὸν
1516 2461 1819 2529 ὡρισμένον

258 2550 425 2599 τόπον
480 2549 901 2612 καταλαϐόντες,
953 2552 1045 2602 ἐπὶ
1082 2552 1230 2620 γόνυ,
1261 2568 1317 2603 τε
1362 2552 1653 2612 κλιθέντες,
1688 2551 1816 2616 καὶ,

256 2639 435 2702 Δέξαι,
476 2642 692 2708 Χριστὲ,
720 2642 820 2701 τὰς
844 2640 1017 2710 ψυχὰς
1047 2642 1203 2709 ἡμῶν
1251 2642 1515 2711 εὐμενῶς,
1554 2644 1814 2705 εἰπόντες,

260 2730 359 2789 τὰς
406 2729 683 2799 μακαρίας
736 2724 1135 2799 ἀπετμήθησαν
1188 2734 1448 2799 κεφαλάς.
1512 2734 1721 2796 Νυκτὸς
1759 2734 1816 2785 δὲ

264 2822 583 2889 Χριστιανοὶ
612 2821 677 2873 τά
706 2820 931 2891 σώματα
960 2822 1139 2874 αὐτῶν
1166 2823 1497 2891 ἀνελόμενοι,
1529 2823 1817 2875 θάπτουσιν

264 2910 527 2979 ιντίμως.
577 2912 862 2972 Ἀντώνιος
890 2913 944 2964 δὲ
980 2914 1072 2965 καὶ
1107 2914 1501 2981 Ματρωνιανδς
1548 2913 1624 2981 τῷ
1668 2914 1819 2965 δουκὶ

266 3001 681 3069 προσελθόντες,
736 3003 955 3069 χρυσίον
1006 3004 1241 3054 ἐδίδοσαν
1299 3004 1499 3068 ἰκανὸν,
1541 3003 1678 3055 ὥστε
1720 3004 1817 3071 τὴν

262 3090 359 3144 τοῦ
391 3092 548 3160 ἁγίου
598 3092 842 3159 Ἱέρωνος
884 3091 1067 3144 λαϐεῖν
1109 3094 1374 3161 κεφαλήν.
1425 3093 1481 3145 Ὀ
1526 3094 1603 3154 δὲ,
1646 3094 1705 3144 Εἰ
1744 3096 1815 3161 μή
1846 3072 1885 3127 c

266 3200 353 3235 τοι
389 3185 738 3255 ἀντίρροπον,
779 3184 902 3253 ἔφη,
940 3186 1031 3236 καὶ
1054 3186 1120 3251 τῇ
1153 3183 1357 3251 κεφαλῇ
1389 3183 1693 3234 ἰσοστάσιον
1715 3199 1818 3233 πα-

266 3276 513 3343 ράσχητε
567 3275 627 3324 τὸ
664 3275 910 3343 χρυσίον,
949 3274 1009 3326 οὐ
1065 3272 1301 3341 λήψεσθε
1352 3272 1577 3341 ταύτην,
1623 3272 1822 3324 πολλοῦ

262 3364 576 3432 τιμώμενος
633 3365 660 3414 ό
715 3364 1089 3424 κατάπτυστος
1135 3365 1235 3415 οὐκ
1284 3361 1499 3414 εὐσεϐεῖ
1551 3362 1817 3429 λογισμῷ,

261 3457 363 3520 τὴν
424 3455 516 3507 τοῦ
580 3455 776 3515 παντὸς
832 3454 988 3517 ἀξίαν
1033 3452 1247 3521 άληθῶς
1330 3452 1591 3520 κεφαλήν.
1644 3453 1705 3503 Ol
1738 3452 1815 3518 et,

265 3544 526 3598 τοσούτου
563 3544 826 3613 πρίασθαι
851 3544 924 3613 μὴ
951 3544 1259 3611 δυνάμενοι,
1302 3544 1359 3594 ἑν
1386 3543 1607 3611 ἀπόροις
1656 3537 1819 3612 ἦσαν.

278 3636 440 3689 Ἀλλὰ
467 3637 626 3689 τοῦτο
661 3632 778 3705 μὲν,
806 3636 948 3687 κατὰ
974 3636 1032 3686 τὸ
1057 3633 1413 3703 ἀνθρώπινον·
1446 3633 1577 3695 Θεὸς
1605 3633 1660 3685 δὲ
1689 3634 1822 3684 κάν-

269 3726 445 3778 ταῦθα
476 3727 662 3778 δίδωσι
698 3726 888 3794 πόρον.
933 3724 1302 3793 Συγκλητικὺς
1351 3724 1457 3792 γάρ
1501 3740 1584 3784 τις
1634 3724 1821 3784 πιστὸς

266 3817 361 3868 καὶ
388 3816 742 3885 φιλόμιρτυς,
777 3809 820 3881 ᾧ
847 3814 1159 3884 Χρυσάφιος
1193 3813 1451 3881 τοῦνομα,
1489 3813 1686 3884 χρυσὸν
1728 3815 1819 3866 ἀν-

264 3910 529 3975 τιστήσας
559 3908 621 3975 τῇ
669 3905 878 3974 κεφαλῇ
914 3943 928 3967 ,
980 3905 1248 3971 λαμϐάνει
1285 3908 1488 3972 ταύτην
1533 3906 1682 3973 παρὰ
1727 3904 1821 3957 τοῦ

279 4003 563 4066 ἄρχοντος,
593 3997 718 4049 ναόν
748 4014 805 4048 τε
836 3996 1196 4064 οἰκοδομήσας
1224 3996 1548 4064 περικαλλῆ,
1592 3996 1721 4047 ῐνθα
1771 3999 1819 4047 οἰ

275 4094 422 4153 ἅγιοι
453 4091 510 4141 τὸ
542 4090 639 4157 τῆς
675 4087 820 4155 ζωῆς
851 4086 1102 4150 ἐδέξαντο
1169 4086 1364 4153 πέρας,
1412 4088 1591 4136 ἐκεῖσε
1619 4085 1823 4154 ταύτην

266 4184 371 4249 τὴν
422 4182 572 4249 ἰερὰν
633 4178 872 4246 κεφαλὴν
958 4177 1347 4244 ἰντίμωςηκαί
1391 4176 1824 4244 μεγαλοπρεπῶς

270 4273 650 4338 κατατίθησιν.

1993 2281 2123 2337 Vill.
2166 2282 2301 2337 Cum
2331 2295 2510 2335 autem
2543 2281 2908 2335 educerentur
2938 2281 3108 2335 sancti
3141 2290 3295 2333 extra
3327 2280 3464 2333 civi-

1921 2386 2109 2437 tatem,
2139 2374 2436 2443 psallebant
2460 2375 2510 2426 in
2543 2374 2623 2425 via
2654 2389 2665 2426 :
2701 2373 2851 2425 Beati
2892 2372 3219 2424 immaculati
3262 2371 3314 2423 in
3351 2374 3464 2433 via,

1920 2469 2006 2535 qui
2032 2465 2297 2517 ambulant
2325 2467 2377 2517 in
2419 2464 2525 2531 lege
2582 2464 2854 2515 Domini‘.
2898 2482 2914 2513 ι
2951 2463 3155 2515 Deinde
3211 2476 3333 2514 cum
3373 2476 3466 2514 ve—

1920 2558 2126 2612 nissent
2157 2558 2223 2611 ad
2258 2558 2431 2611 locum
2470 2556 2774 2615 deﬁnitum,
2812 2566 2863 2609 et
2892 2570 3064 2623 genua
3092 2554 3466 2617 inclinassent,

1919 2656 1993 2710 et,
2053 2649 2288 2718 Benigne
2340 2648 2635 2716 suscipe,o
2683 2646 2915 2710 Christe,
2969 2648 3176 2699 animas
3229 2655 3464 2705 nostras,

1921 2739 2204 2801 dixissent,
2258 2740 2338 2793 eis
2380 2748 2653 2807 amputata
2706 2746 2832 2791 sunt
2898 2737 3055 2790 beata
3108 2737 3298 2805 capita.
3332 2734 3467 2789 Cum

1918 2831 2212 2885 Christiani
2235 2842 2411 2885 autem
2441 2840 2603 2883 noctu
2630 2844 2818 2882 eorum
2848 2843 3071 2893 corpora
3097 2828 3466 2895 sustulissent.

1920 2923 2186 2989 scpeliunt
2216 2921 2530 2974 honoriﬁce.
2561 2921 2832 2973 Antonius
2876 2934 3003 2971 vero
3025 2927 3079 2970 et
3102 2918 3471 2971 Matronianus

1920 3014 1987 3067 ad
2032 3014 2314 3083 prmsidem
2364 3012 2705 3065 accedentes.
2735 3010 2849 3063 auri
2880 3010 3211 3077 permultum
3244 3009 3466 3067 dabant,

1921 3114 1981 3159 ut
2012 3105 2337 3171 acciperent
2374 3110 2539 3169 caput
2578 3102 2749 3153 sancti
2788 3098 3060 3152 Hieronis.
3101 3098 3194 3150 llle
3231 3106 3413 3149 autent
3452 3112 3466 3147 τ

1919 3196 2031 3250 Nisi
2084 3193 2236 3256 mihi,
2297 3192 2490 3260 inquit,
2544 3198 2751 3243 tantum
2805 3191 2922 3243 auri
2970 3189 3253 3248 dederitis,
3306 3195 3363 3238 ut
3398 3202 3460 3239 ex

1920 3282 2223 3352 aequilibrio
2243 3282 2407 3349 capiti
2443 3280 2787 3348 respondeat,
2814 3279 2865 3331 id
2891 3294 2984 3333 vos
3015 3292 3118 3330 non
3146 3275 3423 3342 accipietis
3449 3289 3464 3327 :

1923 3373 2099 3441 magni
2147 3372 2420 3426 mstimans
2447 3370 2532 3421 vir
2575 3367 2937 3422 exsecrandus
2974 3406 2987 3429 ,
3030 3364 3121 3418 sed
3159 3380 3266 3416 non
3320 3369 3463 3415 recta

1923 3465 2156 3523 ratione.
2188 3469 2349 3528 caput
2399 3459 2649 3527 martyris
2698 3472 2883 3510 revera
2928 3456 3085 3522 longe
3136 3452 3466 3521 pretiosissi-

1923 3569 2093 3606 mum.
2150 3552 2229 3605 Illi
2261 3562 2440 3605 autem
2475 3564 2597 3604 cum
2635 3548 2685 3600 id
2720 3548 2851 3600 tanti
2885 3561 3003 3599 non
3022 3555 3241 3613 possent
3264 3556 3464 3603 emere,

1920 3654 2073 3700 erant
2104 3644 2285 3697 animo
2315 3642 2576 3710 perplexi.
2626 3638 2731 3692 Sed
2776 3637 2877 3689 hoc
2904 3635 3142 3703 quidem,
3180 3641 3238 3684 ut
3287 3631 3467 3683 homi-

1921 3752 2051 3798 nes;
2084 3736 2224 3789 Deus
2254 3742 2434 3787 autem
2485 3731 2573 3785 hic
2612 3742 2828 3797 quoque
2856 3727 3064 3779 invenit
3111 3724 3338 3776 exitum.
3375 3721 3466 3775 Vir

1922 3827 2066 3882 enim
2098 3827 2311 3895 quidam
2364 3822 2688 3882 senatorius,
2744 3820 2916 3871 ﬁdelis
2950 3828 3002 3871 et
3038 3830 3227 3868 amans
3266 3820 3465 3881 marty-

1926 3933 2063 3978 rum,
2097 3916 2182 3969 cui
2213 3930 2407 3968 nomen
2443 3924 2556 3965 erat
2581 3908 2968 3980 Chrysaphius,
3000 3921 3120 3960 cum
3151 3918 3340 3957 aurum
3374 3917 3471 3970 pro

1924 4007 2097 4075 capite
2126 4005 2490 4073 expendisset,
2550 4002 2603 4054 id
2637 4001 2836 4067 aer-ipit
2887 4014 2914 4051 a
2970 3997 3227 4064 prmsiile;
3263 4004 3467 4047 etcum

1925 4096 2181 4164 templum
2238 4095 2592 4146 cxstruxissct
2649 4086 3098 4157 pulcherrimum,
3157 4083 3246 4136 ubi
3300 4082 3469 4135 sancti

1926 4183 2085 4235 ﬁnem
2114 4183 2234 4235 vita:
2264 4190 2603 4248 acceperant,
2638 4180 2747 4231 illic
2779 4179 2881 4231 hoc
2932 4189 3147 4230 sacrum
3181 4181 3342 4242 caput
3372 4172 3470 4223 ho—

1926 4270 2147 4325 noriﬁce
2173 4269 2395 4338 deponit
2419 4278 2474 4321 et
2506 4264 2827 4335 magniﬁce-

340 4364 416 4416 8'.
465 4363 523 4414 Ὀ
556 4362 739 4429 μέντοι
763 4353 1165 4429 φιλοχρήματος
1196 4360 1438 4429 ἡγεμὼν,
1473 4360 1563 4413 ἅτε
1598 4359 1821 4428 κέρδους
1852 4382 1899 4441 D
1995 4362 2009 4413 1

1801 4379 1821 4420 ς
1852 4382 1899 4441 ι)
1995 4360 2087 4415 IX.
2126 4360 2334 4413 Avarus
2358 4368 2537 4411 autem
2574 4371 2791 4422 prmses,
2825 4364 2884 4407 ut
2923 4355 3013 4421 qui
3048 4362 3269 4421 propter
3298 4349 3470 4402 sancti

268 4453 529 4507 τοσούτου
560 4452 649 4504 διὰ
701 4453 797 4518 τῆς
840 4451 931 4503 τοῦ
980 4450 1134 4517 άγίου
1182 4449 1359 4519 τυχὼν
1410 4449 1668 4519 κεφαλῆς,
1719 4450 1817 4520 τὴν

269 4548 429 4617 χεῖρα
464 4545 666 4613 ιζήτει,
700 4544 794 4594 καὶ
833 4542 927 4593 ἀπ’
981 4541 1147 4607 αὐτῆς
1195 4538 1515 4607 βουλόμενος
1548 4540 1823 4608 χρηματί-

274 4637 491 4690 σασθαι.
538 4634 681 4688 Ἀλλ’
710 4634 759 4685 οἰ
794 4631 1073 4684 σπουδαῖοι
1134 4631 1416 4693 Ἀντώνιός
1466 4647 1525 4682 τε
1572 4630 1665 4682 καὶ
1705 4632 1823 4683 Μα-

273 4725 590 4797 τρωνιανὺς,
623 4724 932 4791 αἰσθόμενοι
985 4719 1077 4773 τοῦ
1124 4720 1479 4791 βουλήματος.
1527 4722 1664 4791 ἀωρὶ
1713 4721 1821 4773 τῶν

275 4816 483 4869 νυκτῶν
512 4813 824 4881 ἀνελόμενοι
855 4811 1079 4877 ταύτην,
1110 4811 1391 4876 φεύγουσι,
1427 4812 1517 4863 καὶ
1543 4812 1640 4879 τὴν
1687 4810 1820 4863 ἰδίαν

272 4905 672 4966 καταλαϐόντες
697 4903 871 4967 πόλιν,
909 4905 974 4971 τῇ
1015 4903 1179 4971 μητρὶ
1229 4902 1325 4969 τὴν
1375 4904 1527 4970 χεῖρα
1572 4903 1671 4971 τὴν
1723 4902 1818 4955 τοῦ

274 4997 531 5063 φιλτάτου
563 4996 750 5056 παιδὸς
778 4992 1106 5054 ἀποδιδοῦσι,
1134 4993 1309 5043 πάντα
1342 4992 1406 5061 δὴ
1455 4994 1520 5044 τὰ
1560 4993 1688 5061 περὶ
1728 4995 1819 5045 τὸν

273 5089 429 5151 ἅγιον
452 5084 595 5138 κατὰ
639 5084 804 5153 μέρος
836 5083 1252 5151 διηγησάμενοι.
1310 5081 1374 5134 Ἦ
1416 5081 1494 5144 δὲ,
1535 5083 1631 5147 τὴν
1682 5099 1824 5153 μαρ.

272 5174 498 5239 τνρικὴν
529 5171 740 5238 ἐκείνην
796 5173 952 5239 χεῖρα
1008 5169 1143 5239 μετὰ
1194 5172 1379 5238 χεῖρας
1421 5168 1688 5234 λαϐοῦσα,
1724 5172 1820 5223 καὶ

272 5267 337 5333 τῇ
371 5264 518 5331 χαρᾷ
551 5261 609 5313 τὸ
634 5262 732 5328 τῆς
766 5260 942 5329 λύπης
984 5261 1267 5331 κεράσασα
1313 5260 1567 5329 δάκρυον,
1615 5261 1814 5330 θαμινὰ

270 5353 475 5419 ταύτην
502 5354 617 5411 ταῖς
643 5351 797 5419 ὄψεσι
834 5350 1219 5420 περιέστρεφε,
1266 5351 1565 5417 κατεφίλει,
1614 5352 1705 5403 καὶ
1738 5351 1814 5414 ὡς

270 5446 391 5498 ελον
411 5441 609 5513 ῐχουσα
632 5444 721 5495 τὸν
749 5442 1103 5511 ποθούμενον,
1128 5442 1300 5504 οὕτως
1323 5444 1460 5514 αὐτῇ
1488 5445 1812 5515 περιέκειτο,

276 5534 727 5603 περιιπτύσσετο,
759 5536 858 5587 οὐκ
893 5530 1035 5607 εἶχεν
1068 5536 1094 5588 δ
1138 5551 1187 5589 τι
1240 5534 1329 5588 καὶ
1374 5534 1606 5601 γένοιτο,
1659 5535 1814 5588 τοῦτο

346 5696 362 5721 ⁵
395 5695 536 5752 Ρδιιί.
583 5709 768 5753 cxvm,
808 5697 850 5748 l.

1925 4462 2089 4523 caput
2150 4462 2355 4505 tantum
2408 4447 2788 4508 lucrilecisset,
2818 4443 3095 4513 qumrcbat
3135 4456 3373 4502 manum,
3406 4455 3471 4492 ex

1924 4558 1985 4596 ea
2010 4555 2225 4610 quoque
2252 4538 2462 4591 lucrum
2500 4544 2738 4603 captans.
2775 4532 2876 4585 Sed
2926 4546 3045 4585 cum
3078 4531 3194 4599 ejus
3222 4531 3472 4582 volunta-

1927 4644 2031 4686 tem
2064 4629 2360 4685 sensissent
2396 4626 2521 4679 boni
2559 4625 2827 4677 Antonius
2848 4632 2902 4675 et
2934 4622 3318 4682 Matronianus,
3348 4633 3470 4671 cum

1926 4724 2248 4788 intempesta
2277 4727 2433 4771 nocte
2460 4730 2578 4769 eam
2604 4714 2970 4771 sustulissent,
3004 4710 3213 4778 fugiunt
3237 4726 3248 4760 :
3274 4718 3471 4760 etcum

1925 4813 1976 4866 in
2010 4827 2160 4864 suam
2187 4808 2463 4861 venissent
2485 4805 2779 4863 civitatem,
2812 4800 3030 4853 tradunt
3060 4798 3215 4851 matri
3252 4811 3469 4849 manum

1926 4898 2225 4955 charissimi
2266 4897 2381 4955 lilii,
2413 4893 2723 4962 singulatim
2760 4889 2937 4941 munia
2969 4890 3033 4941 de
3066 4896 3253 4939 sancto
3277 4885 3324 4938 ei
3350 4900 3473 4937 nar-

1927 5001 2129 5046 rantes.
2182 4988 2273 5040 lila
2307 4995 2486 5037 autem
2519 4996 2638 5036 cum
2689 4979 3028 5047 martyricam
3076 4976 3219 5028 illam
3255 4989 3468 5027 manum

1928 5083 1981 5136 in
2018 5077 2266 5133 manibus
2300 5074 2614 5143 accepisset,
2646 5080 2700 5123 et
2728 5070 2989 5139 lacrymas
3044 5065 3246 5119 doloris
3273 5063 3470 5132 gaudio

1926 5176 2403 5237 contemperassct,
2460 5178 2576 5217 eam
2636 5160 2825 5214 crebro
2890 5156 3211 5220 sulijiciebat
3275 5152 3467 5213 oculis,

1923 5258 2374 5316 deosculabatur,
2436 5260 2487 5305 et
2546 5260 2797 5317 tanquam
2854 5256 3023 5297 totum
3090 5245 3289 5297 habens
3343 5255 3466 5294 eum

1921 5363 2080 5419 quem
2117 5344 2475 5401 desiderabat.
2521 5337 3073 5398 circumfundebatur,
3108 5332 3466 5401 amplecteba-

1924 5451 2035 5504 tur,
2065 5438 2340 5493 nesriebat
2367 5433 2496 5504 quid
2526 5432 2746 5492 faceret,
2782 5428 2974 5498 partim
3001 5426 3216 5495 quidem
3249 5440 3304 5479 se
3332 5440 3462 5492 gau-

1923 5532 2037 5595 dio,
2062 5531 2267 5599 partim
2304 5536 2481 5581 autem
2517 5522 2747 5578 tristitia:
2796 5520 3137 5589 dispertiens,
3197 5517 3425 5570 dicendo
