4226 6418
286 360 380 425 121

1426 372 1887 434 MARTYRIUM
1924 374 1988 437 S.
2025 379 2367 443 ORESTIS.

3384 404 3484 465 122

282 476 557 545 προσῆλθε
610 476 686 547 τῷ
735 480 785 549 βξ
806 481 943 532 σιλεῐ
978 481 1188 548 λέγων·
1218 482 1475 549 Θειότατε
1518 485 1831 555 κοσμοκράο
1862 489 1905 546 Α
1933 508 1951 546 ι

1812 512 1831 581 ξ
1862 489 1905 546 Α
1933 500 2012 546 est
2049 511 2063 548 :
2094 495 2281 552 Divine
2312 500 2626 569 imperator,
2655 505 2763 558 dux
2804 514 3114 562 nostrorum
3141 511 3387 576 deorum,
3428 541 3481 581 ει

281 580 403 634 τηρ.
437 568 596 636 ὀδηγὶ
646 568 745 637 τῆς
796 570 1156 639 φανερώσεως
1202 575 1308 625 τῶν
1369 573 1505 627 θεῶν
1555 576 1650 629 καὶ
1702 576 1832 642 σοφὲ

282 658 613 725 μυσταγωγὶ
666 659 777 711 τῶν
816 660 975 712 θείων
1023 664 1202 715 αὐτῶν
1250 668 1585 735 μυστηρίων,
1640 667 1832 735 ϐέομαι

275 746 380 812 τῆς
428 750 525 816 σῆς
569 747 842 819 θειότητος
873 752 966 804 καὶ
993 752 1423 822 φιλανθρωπίας,
1454 757 1706 809 κέλευσόν
1741 776 1830 827 μοι

275 836 509 891 διελθεῖν
537 840 603 892 τὰ
644 840 783 911 μέρη
829 843 927 911 τῆς
978 844 1229 907 Κιλικίας
1266 849 1358 898 καὶ
1391 848 1781 905 Καππαδοκίας
1811 888 1827 913 ,

278 927 421 995 πρὸς
478 928 539 981 τὸ
594 930 854 984 ἀπολέσαι
909 933 969 984 τὸ
1009 934 1166 1000 γένος
1197 936 1305 986 τῶν
1336 936 1696 1006 Χριστιανῶν,
1739 939 1831 1002 οὓς

280 1016 679 1085 συλλαϐόμενος
719 1021 846 1087 ἐγὼ,
884 1023 1103 1088 πολλαῖς
1133 1042 1192 1077 τε
1229 1028 1323 1079 καὶ
1353 1028 1624 1090 nomine;
1657 1047 1828 1095 ﬁllin-

282 1108 428 1169 ρξαις
479 1110 781 1176 ὑποϐαλὼν,
835 1116 969 1180 πυρὶ
1018 1115 1420 1181 καταναλώσω,
1469 1121 1559 1171 καὶ
1601 1123 1658 1173 έν
1717 1122 1828 1180 τοῖς

278 1198 438 1250 ὕδασι
487 1200 627 1269 ῥίψω
681 1203 896 1266 αύτούς.
940 1204 996 1258 Ὀ
1050 1206 1106 1258 δὲ
1161 1209 1541 1277 Διοκλητιανὸς
1590 1212 1827 1274 ἀκούσας

276 1285 473 1346 ταῦτα,
500 1284 653 1341 εἶπεν
678 1290 825 1360 αὐτῷ
846 1308 859 1321 ·
902 1294 1031 1361 Ἔχε
1066 1294 1312 1359 ἐξουσίαν
1345 1298 1403 1347 εν
1456 1298 1602 1367 πάσῃ
1630 1302 1695 1369 τῇ
1728 1299 1825 1366 βα-

276 1378 455 1448 σιλείᾳ
489 1396 588 1448 μου
612 1381 747 1449 πρὸς
778 1383 1099 1452 καθαίρεσιν
1131 1387 1228 1455 τῆς
1259 1386 1488 1449 ἀσεϐοῦς
1528 1388 1825 1457 θρησκείας

272 1467 386 1518 τῶν
437 1469 800 1536 Χριστιανῶν,
855 1462 1000 1536 ὅπως
1057 1478 1328 1546 φανεροὺς
1399 1482 1630 1547 ποιήσῃς
1701 1480 1827 1540 τοὺς

271 1560 539 1621 δεσπότας
579 1559 756 1625 θεοὺς,
814 1564 941 1625 τοὺς
997 1566 1178 1635 πάσης
1226 1566 1325 1634 τῆς
1372 1568 1699 1637 οἰκουμένης
1731 1568 1823 1619 εύ-

272 1649 525 1716 εργέτας.
931 1664 934 1667 '

344 1737 419 1789 B’.
454 1737 645 1791 Λαϐὼν
670 1740 726 1792 δὲ
756 1744 784 1795 ὁ
823 1744 1075 1813 Μάξιμος
1103 1746 1162 1798 τὺ
1194 1746 1520 1815 πρόσταγμα
1547 1748 1695 1817 παρά
1717 1750 1813 1803 τοῦ

1935 584 2267 649 divinorum,
2299 605 2419 658 qua
2463 592 2528 645 ad
2579 596 2700 649 illos
2753 597 3059 664 periment,
3096 605 3478 671 mysteriorum

1934 673 2148 740 sapiens
2171 690 2491 744 praeceptor,
2522 691 2645 747 peto
2669 699 2697 737 a
2724 685 3055 753 benignitate
3088 700 3175 743 tua
3206 701 3264 744 ut
3288 694 3482 761 jubeas

1935 778 2019 814 me
2071 776 2250 831 partes
2282 767 2485 823 Cilicia!
2532 782 2587 824 et
2633 773 2983 841 Cappadocia:
3039 793 3378 844 percurrere.
3422 795 3481 836 ut

1932 851 2272 909 Christianos
2326 858 2598 923 maleﬁcos
2657 861 2903 915 homines
2957 864 3218 931 aﬁ‘ligens,
3275 885 3477 937 eosque

1932 948 2360 1011 comprehensos
2414 951 2599 1003 multis
2628 960 2681 1004 et
2716 953 2882 1005 variis
2929 957 3259 1011 cruciatibus
3308 960 3477 1027 subji-

1929 1035 2093 1092 ciens.
2130 1036 2251 1101 igne
2295 1053 2644 1099 consumens.
2696 1051 2750 1094 et
2788 1043 2839 1094 in
2889 1057 3058 1110 aquas
3108 1046 3475 1113 praecipitans,

1931 1124 2175 1177 funditus
2209 1128 2437 1189 perdere
2488 1130 2713 1183 valeam.
2770 1132 2893 1185 llaec
2941 1148 3063 1184 cum
3115 1133 3475 1189 Diocletianus

1928 1216 2221 1269 audivisset
2263 1236 2274 1269 :
2310 1218 2537 1281 Habeas,
2566 1221 2762 1286 inquit,
2795 1230 3111 1288 potestatem
3139 1223 3191 1275 in
3225 1233 3338 1275 toto
3369 1226 3473 1277 im-

1927 1307 2077 1374 ριιι-ἱο
2107 1322 2246 1366 meo.
2290 1308 2354 1360 ad
2404 1310 2620 1376 impiam
2649 1310 3085 1364 Christianorum
3135 1314 3475 1380 superstitio-

1928 1410 2049 1447 nem
2092 1396 2439 1449 evertendam
2468 1416 2478 1449 :
2511 1397 2642 1449 deos
2686 1406 2865 1450 autent
2912 1400 3059 1467 ipsos
3103 1402 3343 1453 omnium
3377 1401 3479 1454 do-o

1927 1485 2119 1544 minos,
2148 1500 2209 1537 ac
2235 1485 2399 1537 totius
2440 1486 2589 1538 orbis
2633 1496 2897 1539 terrarum
2935 1490 3234 1556 adjutores,
3269 1490 3472 1557 ubique

1925 1574 2239 1629 manifestos
2268 1591 2386 1630 esse
2427 1576 2613 1630 facias.

1994 1746 2059 1799 ll.
2109 1747 2241 1801 Cum
2278 1748 2537 1801 Maximus
2574 1748 2809 1803 edictum
2843 1750 2911 1804 ab
2943 1751 3268 1819 imperatore
3309 1767 3466 1806 accer

271 1834 543 1901 βασιλέως
600 1835 791 1906 ιξῆλθε
854 1839 991 1906 μετὰ
1038 1839 1235 1907 πολλῆς
1286 1842 1604 1907 φαντασίας,
1635 1842 1820 1910 ὥσπερ
1856 1827 1940 1906 BI

1801 1827 1893 1908 ρΒ
1926 1838 2114 1906 pisset,
2166 1841 2336 1891 multo
2385 1855 2507 1891 cum
2561 1851 2821 1908 apparatu
2862 1857 2924 1893 ac
2969 1857 3164 1909 pompa
3216 1857 3470 1909 egressus

268 1928 407 1979 ὶέων
442 1928 603 1996 βορὰν
646 1929 840 1996 εὑρών.
874 1928 983 1980 Καὶ
1025 1929 1257 1997 ποιήσας
1311 1930 1487 1997 ἑαυτῷ
1541 1930 1822 1998 σπλάγχνα

266 2016 496 2084 ἀνηλεῆ.
531 2018 786 2086 ὥρμησεν
833 2020 923 2070 ἐπὶ
968 2022 1093 2081 τοῦς
1131 2021 1288 2089 ὅρους
1334 2020 1729 2082 Καππαδοκίας
1765 2024 1821 2071 ὲν

270 2107 428 2158 πόλει
480 2108 790 2179 καλουμένῃ
841 2110 1043 2178 Τυάνῃ.
1101 2111 1207 2162 Καὶ
1269 2108 1524 2162 είσελθὼν
1577 2113 1635 2161 ὲν
1682 2112 1817 2180 αὐτῇ

270 2199 535 2266 μηνύεται
575 2200 720 2267 αύτῷ
761 2200 864 2251 ὑπὸ
913 2200 1019 2251 τῶν
1054 2200 1281 2252 πολιτῶν
1341 2202 1421 2254 ὅτι
1477 2202 1655 2269 ἱατρός
1705 2219 1810 2265 τις,

268 2290 497 2358 ὀνόματι
533 2292 814 2360 Ὀρέστης,
856 2292 1173 2361 καθημέραν
1202 2292 1484 2346 ἀναπείθει
1517 2296 1693 2346 πᾶσαν
1720 2296 1817 2363 τὴν

270 2380 431 2433 πόλιν
468 2381 719 2434 σέϐεσθαι
748 2384 839 2434 καὶ
866 2383 1141 2435 πιστεύειν
1164 2384 1242 2443 εἰς
1269 2384 1362 2435 ινα
1394 2384 1593 2452 Κύριον
1611 2385 1815 2453 Ἰησοῦν

271 2473 531 2541 Χριστόν.
566 2473 829 2533 ’Δκούσας
883 2473 936 2525 δὲ
973 2472 1144 2525 ταῦτα
1173 2474 1201 2527 ὀ
1233 2473 1499 2542 Μάξιμος,
1532 2475 1817 2527 ἐκέλευσεν

266 2558 435 2609 αὑτὸν
493 2559 586 2611 ἐπὶ
645 2559 739 2610 τοῦ
794 2560 1039 2628 βήματος
1091 2562 1454 2630 παραστῆναι,
1520 2563 1612 2614 καὶ
1667 2562 1816 2629 λέγει

266 2648 420 2716 αὐτῷ
447 2663 459 2677 ⁸
519 2649 683 2712 Ποίας
737 2648 985 2713 ίξουσίας
1013 2653 1337 2720 τυγχάνειςς
1371 2654 1431 2705 ού
1465 2654 1572 2722 γὰρ
1606 2654 1816 2724 μικρῶς

264 2739 564 2808 κινούμεθα
608 2742 747 2793 κατὰ
782 2740 898 2798 σοῦ.
951 2741 1099 2795 Πετά
1134 2745 1309 2811 πάσης
1358 2742 1450 2795 οὖν
1504 2743 1816 2814 παρῤησίας

264 2833 360 2883 καὶ
392 2833 454 2883 τδ
476 2830 645 2901 δνομά
670 2847 763 2884 σου
787 2833 993 2901 φράσον
1018 2834 1146 2901 ἡμῖν
1173 2834 1265 2884 καὶ
1295 2834 1355 2885 τὸ
1386 2833 1559 2900 γένος.
1577 2835 1634 2885 '0
1660 2835 1812 2899 ἆγιος

278 2922 537 2990 Ὀρέστης
564 2922 719 2975 εἶπεν
740 2940 754 2953 ·
815 2924 878 2973 Ἠ
914 2924 1192 2991 παρρησία
1228 2940 1328 2991 μου
1356 2927 1383 2977 ό
1412 2925 1640 2994 Χριστός
1668 2926 1809 2985 ἐστι,

261 3011 328 3065 δι’
356 3012 417 3063 ὃν
446 3012 543 3065 καὶ
586 3014 1098 3082 παρρησιαζόμενος
1128 3013 1347 3083 λαλήσω
1376 3016 1455 3066 ὅτι
1487 3014 1813 3083 Χριστιανός

262 3108 401 3171 εἰμι,
432 3105 527 3157 καὶ
561 3103 831 3172 κέκλημαι
869 3103 1151 3173 Ὀρέστης.

1924 1937 2025 1986 est.
2066 1938 2321 1996 tanquam
2359 1930 2465 1989 leo,
2503 1930 2721 1982 inventa
2753 1946 2875 1983 esca
2913 1950 2923 1982 :
2954 1946 3186 1999 cumque
3227 1933 3468 1984 animum

1924 2016 2189 2069 immitem
2219 2025 2274 2069 et
2307 2018 2697 2071 misericordiae
2732 2020 2953 2071 omnino
2987 2030 3266 2086 expertem
3306 2022 3471 2073 hahe-

1922 2118 2024 2168 ret,
2058 2111 2363 2176 properavit
2391 2110 2456 2163 ad
2493 2112 2708 2173 urbem,
2735 2128 2853 2179 quze
2887 2114 3081 2165 dicitur
3117 2113 3321 2182 Tyana.
3350 2115 3468 2177 Quo

1920 2219 2041 2255 cum
2074 2204 2330 2262 venisset,
2361 2202 2566 2255 audivit
2609 2204 2675 2253 ab
2716 2204 2831 2270 ejus
2877 2204 3026 2256 urbis
3073 2204 3303 2267 civibus,
3352 2220 3468 2256 me-

1918 2292 2099 2347 dicum
2134 2292 2420 2360 quemdam
2472 2291 2581 2343 illic
2622 2306 2764 2349 esse,
2810 2289 3052 2344 Orestem
3086 2294 3325 2353 nomine,
3375 2293 3467 2361 qui

1917 2385 2159 2455 quo’idic
2192 2383 2287 2437 toti
2314 2383 2518 2437 civitati
2552 2383 2875 2450 persuadere
2892 2384 3163 2446 studebat,
3198 2394 3255 2436 ut
3285 2384 3466 2436 .lesum

1915 2476 2189 2529 Christum
2220 2490 2408 2527 omnes
2444 2474 2622 2525 colere
2672 2473 2893 2533 vellent,
2932 2482 2985 2525 et
3030 2474 3149 2541 ejus
3191 2472 3347 2524 ﬁdem
3385 2490 3469 2525 se-

1916 2568 2030 2634 qui,
2062 2582 2226 2636 quem
2272 2575 2327 2618 et
2364 2580 2391 2616 a
2420 2562 2734 2631 parentibus
2773 2562 3029 2616 didicisse
3062 2562 3294 2624 aiebant,
3354 2578 3463 2615 non

1916 2671 2033 2709 esse
2072 2655 2203 2707 deos
2233 2653 2387 2711 alius.
2429 2655 2530 2704 nisi
2578 2666 2742 2705 unum
2777 2651 2948 2705 solum
2985 2667 3168 2704 verum
3206 2652 3369 2705 Deum
3403 2670 3466 2707 ac

1915 2744 2207 2803 cmlestem,
2233 2743 2457 2809 ejusque
2476 2740 2669 2794 Filium
2695 2737 2879 2792 Jesum
2905 2740 3202 2792 Christum.
3241 2742 3334 2793 llis
3360 2758 3461 2792 an-

1914 2834 2065 2897 ditis,
2089 2833 2248 2901 jussit
2292 2832 2550 2885 Maximus
2581 2831 2825 2885 Orestem
2877 2840 3000 2883 ante
3034 2832 3268 2884 tribunal
3318 2834 3458 2895 sisti,

1913 2928 1997 2979 cui
2033 2926 2111 2979 sic
2156 2926 2232 2979 ait
2263 2942 2276 2976 :
2303 2922 2559 2987 Quwnam
2593 2932 2677 2975 est
2717 2924 2993 2976 temeritas
3031 2924 3130 2976 ista
3182 2924 3312 2975 tua?
3345 2924 3465 2976 Non

1910 3019 2054 3071 enim
2083 3030 2272 3083 parum
2312 3022 2501 3067 contra
2534 3023 2585 3066 te
2627 3014 2881 3066 commoti
2912 3028 3120 3067 sumus.
3165 3014 3259 3067 Die
3304 3017 3466 3081 igitur

1911 3102 2080 3156 libere
2110 3116 2306 3154 nomen
2338 3108 2509 3163 tuum,
2537 3109 2593 3152 et
2639 3113 2827 3167 genus.
2860 3099 3009 3153 Tune
3061 3113 3280 3154 sanctus
3333 3103 3466 3155 Ore-

263 3207 421 3252 stes:
454 3195 590 3258 Mea,
639 3195 847 3261 inquit,
875 3192 1097 3247 libertas
1146 3203 1199 3248 et
1256 3197 1452 3251 ﬁducia
1491 3206 1574 3251 est
1624 3199 1784 3250 .Iesus
1820 3194 2068 3249 Christus
2114 3229 2127 3251 ,
2170 3205 2267 3258 per
2287 3205 2450 3257 quem
2513 3190 2769 3259 loquendi
2804 3190 3109 3244 libertatem
3135 3203 3463 3247 consecutus

263 3305 385 3343 sum
412 3306 429 3352 ;
458 3289 639 3355 itaque
662 3304 805 3342 nunc
831 3290 1022 3356 loquar
1048 3309 1062 3345 :
1091 3286 1433 3343 Christianus
1460 3304 1560 3357 ego
1590 3297 1643 3341 et
1661 3301 1803 3348 sum,
1845 3295 1901 3339 et
1924 3297 2109 3336 vocor.

337 3377 415 3430 Γ⁴.
443 3378 691 3446 Μάξιμος
717 3380 943 3447 ἡγεμὼν
970 3376 1120 3432 εἶπεν
1142 3395 1155 3408 ·
1210 3379 1429 3447 Ἐπειδὴ
1461 3377 1808 3446 προέφθασας
1836 3378 1878 3434 C
1978 3371 2006 3424 ιλ

1793 3378 1878 3436 ;c
1978 3369 2068 3425 ιιι.
2110 3370 2263 3423 Tunc
2295 3368 2559 3423 Maximus
2598 3369 2776 3422 dixit:
2806 3370 3071 3435 Quoniam
3115 3381 3165 3425 te
3200 3372 3462 3427 Christia-

265 3468 489 3523 σεαυτὸν
512 3469 839 3537 Χριστιανὸν
864 3470 1221 3533 ἀποκαλέσαι,
1259 3471 1352 3522 καὶ
1395 3470 1630 3539 Χριστὸν
1674 3470 1809 3535 ὁμο-

264 3560 442 3625 λογεῖς
478 3554 619 3610 εἶναι
647 3558 799 3626 Θεὸν,
837 3560 999 3611 θῦσον
1054 3562 1165 3621 τοῖς
1200 3561 1342 3621 θεοῖς
1372 3560 1477 3628 πρὸ
1506 3558 1611 3609 τῶν
1641 3558 1810 3626 βασά-

266 3662 406 3701 νων·
457 3649 580 3700 έπεὶ
639 3648 821 3709 κακῶς
866 3647 1077 3714 μέλλεις
1137 3648 1527 3717 ἀποθνήσκειν.
1562 3648 1622 3699 'O
1655 3647 1805 3710 ἅγιος

278 3738 536 3808 Ὀρέστης
571 3733 725 3791 εἶπεν
746 3754 759 3768 ⁸
790 3739 915 3791 Θεοὶ
975 3738 1024 3789 οἶ
1055 3739 1143 3791 τὸν
1190 3737 1419 3806 οὐρανὸν
1452 3740 1545 3789 καὶ
1573 3738 1670 3803 τὴν
1702 3736 1805 3803 γῆν

264 3830 364 3880 οὐκ
417 3827 684 3895 εποίησαν
726 3827 1133 3882 ἀπολέσθωσαν.
1174 3826 1316 3895 Ἐγὼ
1346 3829 1454 3897 γὰρ
1500 3828 1564 3879 ἐκ
1609 3827 1806 3895 νεαρᾶς

264 3919 480 3985 ἡλικίας
506 3916 656 3970 θύειν
682 3919 981 3987 μεμάθηκα
1017 3918 1207 3971 θυσίαν
1238 3920 1503 3979 αἰνέσεως
1532 3917 1609 3985 τῷ
1634 3917 1799 3979 ζῶντι

263 4010 401 4077 θεῷ,
432 4004 583 4076 ᾧτινι
626 4011 723 4061 καὶ
780 4010 1149 4079 προσεύχομαι
1202 4011 1260 4060 ὲν
1322 4008 1532 4079 καθαρᾷ
1581 4008 1801 4076 καρδίᾳ.

266 4100 481 4167 κωφοῖς
511 4099 567 4150 δὲ
606 4100 697 4149 καὶ
727 4098 996 4165 κιϐδήλοις
1026 4100 1167 4161 θεοῖς
1208 4100 1268 4149 ού
1328 4098 1616 4167 προσκυνῶ
1651 4114 1800 4148 ποτε.

265 4187 513 4255 Μάξιμος
543 4186 764 4255 ἡγεμὼν
818 4183 937 4239 εἷπε
969 4205 983 4219 ·
1015 4187 1214 4257 Θεωρῶ
1260 4203 1317 4238 σε
1373 4189 1439 4255 τῇ
1492 4185 1677 4255 ἡλικίᾳ
1713 4200 1806 4236 κεο

266 4276 633 4345 κοσμημένον,
683 4276 776 4328 καὶ
833 4276 1008 4341 λόγοις
1051 4277 1333 4344 φρονίμοις
1392 4274 1801 4342 σεσοφισμένον,

264 4367 361 4418 καὶ
412 4364 473 4417 τὸ
513 4364 785 4433 εῠσχημον
826 4367 919 4418 καὶ
969 4364 1242 4434 εὐπρεπὲς
1283 4365 1376 4435 τῆς
1410 4365 1658 4433 ίατρικῆς
1687 4365 1805 4415 ἑπι-

267 4455 527 4522 στάμενον
572 4456 762 4523 τέχνης
796 4498 809 4517 ,
863 4458 955 4508 καὶ
1011 4456 1261 4523 φείδομαί
1312 4471 1405 4508 σου
1459 4456 1532 4514 ὡς
1589 4455 1801 4507 τέκνου.

263 4546 477 4615 Φράσον
508 4546 685 4597 τοίνυν
714 4547 842 4613 ἡμῖν
864 4546 925 4597 τὸ
954 4546 1123 4613 δνομά
1175 4563 1268 4599 σου
1316 4548 1411 4598 καὶ
1456 4545 1565 4598 τῶν
1605 4548 1804 4613 γονέων

265 4638 365 4697 τὴν
394 4634 708 4704 θρησκείαν.
742 4635 799 4687 Ὀ
826 4636 977 4702 ἆγιος
1013 4637 1269 4705 Ὀρέστης
1297 4634 1450 4689 εἶπεν
1471 4655 1484 4669 υ
1521 4638 1580 4690 El
1622 4638 1804 4706 ζητεῖς

1916 3476 2046 3513 num
2078 3459 2333 3527 appellari
2374 3459 2579 3520 dixisti,
2602 3468 2657 3512 et
2684 3459 2960 3514 Christum
2989 3463 3155 3515 Deum
3180 3478 3301 3517 esse
3328 3480 3461 3519 con-

1914 3549 2088 3604 fessus
2102 3565 2184 3611 es,
2203 3550 2307 3603 diis
2331 3551 2569 3603 sacriﬁca
2589 3554 2899 3619 priusquam
2928 3561 3192 3605 tormenta
3221 3555 3460 3620 patiaris.

1910 3638 1990 3692 Ad
2019 3638 2133 3692 hac
2160 3638 2439 3705 respondit
2470 3640 2552 3691 vir
2585 3640 2674 3693 ille
2706 3652 2928 3695 sanctus
2958 3660 2970 3693 :
3003 3642 3107 3701 Dii,
3131 3644 3223 3708 qui
3259 3644 3459 3696 caelum

1910 3736 1964 3781 et
1998 3736 2197 3780 terram
2232 3741 2337 3779 non
2370 3728 2634 3790 fecerunt,
2667 3729 3000 3796 dispereant.
3030 3731 3141 3798 Ego
3164 3734 3309 3785 enim
3336 3748 3459 3785 cum

1911 3818 2090 3872 adhuc
2118 3833 2255 3887 puer
2281 3833 2479 3881 essem,
2512 3818 2676 3871 didici
2728 3820 3058 3873 sacriﬁcium
3111 3822 3458 3875 incruentum

1911 3910 2024 3963 Deo
2060 3909 2263 3963 viventi
2302 3908 2518 3970 oﬁ'erre,
2560 3925 2720 3977 quem
2750 3920 2804 3963 et
2861 3926 2998 3977 puro
3033 3913 3197 3964 corde
3243 3913 3411 3964 adoro
3444 3931 3458 3966 :

1914 4006 2034 4064 tuos
2065 4013 2197 4051 vero
2224 3997 2561 4051 adulterinos
2609 3999 2741 4051 istos
2764 3998 2918 4060 deos,
2948 4010 3005 4052 et
3036 4001 3225 4053 inanes
3270 4016 3331 4053 ac
3366 4016 3457 4050 Va-

1911 4103 2011 4141 nos
2044 4087 2341 4148 daemones,
2378 4104 2515 4156 quos
2543 4098 2595 4140 tu
2630 4089 2785 4150 dicis,
2822 4104 2928 4142 non
2956 4089 3141 4141 adoro.
3177 4088 3314 4140 Tum
3349 4091 3455 4142 Ma-

1912 4180 2089 4233 ximus
2119 4196 2131 4231 :
2170 4176 2335 4231 Video
2367 4187 2437 4239 te,
2475 4179 2668 4245 inquit,
2697 4186 2853 4231 male
2883 4177 3188 4236 ﬂorentem,
3219 4180 3455 4244 pruden-

1912 4268 1983 4319 tia
2027 4275 2083 4321 et
2108 4266 2417 4320 eruditione
2443 4268 2667 4318 multum
2702 4267 2901 4328 valere.
2934 4275 2988 4319 et
3020 4266 3302 4320 medicinae
3320 4269 3453 4321 artis

1910 4358 2189 4412 b0uestam
2220 4373 2283 4411 ac
2299 4357 2552 4411 decoram
2584 4357 2893 4411 facultatem
2919 4358 3197 4425 possidere
3222 4374 3449 4426 :quam-

1911 4449 2096 4501 obrem
2161 4448 2334 4501 habeo
2382 4448 2651 4500 rationem
2693 4448 2793 4509 tui,
2848 4448 3077 4515 perinde
3123 4463 3185 4500 ac
3224 4449 3268 4501 si
3307 4465 3454 4503 esses

1910 4540 2050 4591 ﬁlius
2072 4552 2242 4590 meus.
2269 4538 2377 4604 Age
2407 4537 2730 4603 igiturdieas
2771 4537 2950 4599 nobis,
2972 4536 3116 4603 quod
3147 4545 3229 4589 est
3255 4553 3450 4591 nomen

1913 4635 2080 4689 tuum,
2108 4634 2159 4678 et
2192 4625 2491 4691 qualisnam
2521 4624 2592 4677 sit
2646 4624 2823 4677 cultus
2876 4635 3162 4685 parentum
3212 4635 3449 4677 tuorum.

264 4727 322 4774 τὸ
344 4725 514 4792 ὄνομά
544 4741 643 4791 μου
668 4724 1127 4792 μαθεϊν,γίνωσκε
1157 4729 1235 4778 ὅτι
1281 4728 1458 4795 τίμιόν
1486 4731 1601 4780 ἐστι
1653 4732 1803 4797 παρὰ
1836 4710 1877 4763 D
1905 4717 1933 4770 Ἰ

1778 4732 1803 4781 ι
1836 4710 1877 4763 D
1905 4717 2038 4770 Tum
2073 4717 2196 4773 ille:
2228 4715 2283 4769 Si
2315 4718 2468 4784 cupis
2486 4717 2624 4769 scire
2651 4732 2843 4769 nomen
2868 4731 3066 4777 meum,
3097 4718 3259 4769 velim
3286 4718 3447 4777 scias,

265 4812 404 4879 Θεῷ.
432 4813 495 4863 Oi
526 4812 632 4879 γὰρ
659 4813 797 4863 κατά
825 4813 1001 4881 σάρκα
1033 4817 1210 4880 γονεῖς
1261 4831 1360 4882 μου
1416 4816 1675 4884 Ὀρέστην
1736 4833 1802 4885 με

265 4900 645 4968 ἐπωνόμασαν,
667 4900 805 4953 ὥστε
836 4902 976 4968 κάμὲ
1010 4903 1201 4972 ἀρέσαι
1237 4903 1354 4973 Θεῷ
1386 4906 1480 4957 καὶ
1501 4906 1806 4974 ἀνθρώποις

266 4990 356 5042 διὰ
386 4989 484 5059 τῆς
510 4991 797 5059 ὁμολογίας
843 4989 937 5043 τοῦ
972 4994 1174 5063 Κυρὶου
1224 5011 1324 5062 μου
1365 4994 1537 5063 Ἰησοῦ
1567 4997 1805 5065 Χριστοῦ

268 5082 361 5135 καὶ⁵
382 5080 470 5133 διὰ
501 5081 599 5144 τῆς
626 5079 918 5149 θεραπείας
961 5083 1069 5137 τῶν
1117 5086 1394 5153 σαρκικῶν
1441 5087 1800 5157 παθημάτων.

292 5272 429 5333 γη(

210 5348 255 5371 ί
296 5330 688 5406 ’ίΔΨΜάξιμος
723 5336 948 5406 ἡγεμὼν
1008 5336 1197 5392 εἶπεν·
1252 5349 1656 5410 Απονενοημενε
1707 5358 1802 5395 και

264 5426 584 5490 ἀθλιώτατε,
619 5427 694 5497 μὴ
733 5429 1087 5498 κελευόμενος
1118 5432 1401 5500 προπετῶς
1440 5432 1672 5502 φθέγγῃ,
1706 5433 1801 5486 καὶ

266 5518 621 5585 φρεναπατᾷς
671 5516 884 5584 ἑαυτὸν,
917 5519 1013 5572 ινα
1040 5520 1173 5573 θεὸν
1216 5521 1487 5589 ὁμολογῶν
1531 5526 1623 5575 τὸν
1667 5523 1799 5592 Χρι-

266 5607 391 5658 στὸν
419 5601 579 5675 εἶναι,
609 5608 791 5659 ὅντινα
819 5609 867 5660 οι
920 5608 1158 5662 Ἰουδαῖοι
1186 5612 1536 5680 έσταύρωσαν
1580 5612 1655 5674 ὡς
1697 5628 1797 5664 κα-

266 5693 531 5763 κοῦργονς
574 5697 631 5748 Ὀ
668 5698 818 5769 ἅγιος
859 5700 1116 5771 Ὀρέστης
1143 5698 1328 5755 εἶπεν·
1364 5702 1432 5756 Ὠ
1466 5703 1709 5779 ἡγεμὼν,
1751 5706 1800 5757 εί

1908 4808 2050 4874 apud
2110 4807 2276 4859 Deum
2332 4807 2507 4873 ipsum
2556 4806 2707 4858 valde
2742 4806 3065 4858 honoratum
3128 4807 3257 4858 illud
3304 4821 3444 4859 esse.

1909 4892 2147 4961 Namque
2175 4901 2423 4960 parentes
2453 4892 2579 4953 mei,
2612 4904 2643 4943 a
2671 4893 2888 4959 quibus,
2936 4893 3079 4959 quod
3130 4894 3195 4944 ad
3231 4908 3445 4946 carnem

1916 4985 2169 5051 pertinet,
2200 4983 2414 5052 genitus
2440 4982 2537 5044 lui,
2570 4982 2816 5035 Orestem
2840 4997 2926 5035 me
2976 4984 3348 5045 nominarunt,
3391 4992 3450 5036 ut

1908 5074 2115 5126 scilicet
2143 5075 2407 5141 placerem
2450 5075 2558 5127 Deo
2602 5084 2652 5125 et
2716 5073 3031 5127 hominibus
3084 5088 3180 5141 per
3232 5062 3443 5127 Domini

1909 5165 2011 5216 mei
2039 5164 2162 5217 .lesu
2188 5164 2388 5218 Christi
2428 5165 2847 5227 confessionem,
2880 5174 2935 5217 et
2965 5165 3298 5227 morborum,
3324 5166 3444 5233 qui-

1905 5253 2009 5307 bus
2039 5254 2267 5307 humana
2298 5271 2522 5322 corpora
2551 5262 2831 5316 vesantur,
2857 5255 3216 5307 curationem.

1973 5343 2059 5396 IV.
2094 5345 2171 5396 Ad
2228 5344 2342 5398 ham
2386 5345 2650 5398 Maximus
2705 5364 2715 5396 :
2751 5344 3099 5404 Stultissime,
3156 5344 3351 5410 inquit,
3389 5354 3442 5397 et

1909 5434 2217 5488 miserrime
2248 5437 2426 5497 homo,
2457 5448 2557 5487 cur
2580 5434 2818 5501 loqueris
2850 5437 2927 5486 sic
2956 5433 3296 5501 petulanter?
3329 5434 3438 5486 Cur

1908 5525 2137 5598 teipsum
2166 5525 2387 5593 decipis,
2421 5541 2546 5579 cum
2595 5540 2760 5579 unum
2798 5524 2966 5576 Deum
3010 5523 3352 5587 conﬁtearis,
3381 5534 3437 5577 et

1904 5616 2199 5679 Christum,
2232 5630 2389 5683 quem
2411 5614 2613 5677 Judzi,
2653 5626 2712 5667 ut
2748 5613 3015 5666 nefarium
3052 5620 3106 5666 et
3134 5611 3433 5665 maleﬁcum

1908 5706 2179 5762 hominem
2234 5706 2657 5761 cruciﬁxerunt?
2728 5705 3025 5775 Respondit
3068 5705 3330 5760 Orestes:
3372 5702 3429 5758 Si
