4226 6418
775 343 875 405 133

1981 348 2035 406 Μ
2047 346 2261 406 ENSIS
2312 346 2749 407 NOVEMBER.

3877 348 3980 411 126

769 473 1018 526 magnam
1054 460 1191 526 ejus,
1234 458 1326 526 qui
1378 459 1674 514 cruciﬁxus
1707 459 1830 524 fuit,
1895 461 2188 529 potentiam
2241 475 2330 513 co—
2358 458 2438 517 A‘

2312 488 2330 497 -
2358 458 2404 517 Α
2432 460 2574 528 ᾔδεις
2612 461 2710 529 τὴν
2739 459 2969 533 δύναμιν
2999 460 3090 513 τοῦ
3117 459 3520 528 σταυρωθέντος
3543 505 3555 521 ,
3594 463 3891 522 κατέλιπες
3914 463 3981 514 ἀν

769 562 1079 616 gnosceres,
1117 546 1358 600 inanium
1393 547 1659 602 idolorum
1703 565 1945 604 errorem
1983 551 2324 618 derelinque-

773 654 879 701 res,
916 646 970 692 et
1000 638 1151 690 illum
1186 638 1463 703 adorarcs,
1500 640 1590 708 qui
1639 657 1767 696 vere
1803 644 1943 696 Deus
1975 653 2077 704 est,
2116 659 2178 698 ex
2217 644 2325 697 Deo

775 745 924 790 vero,
951 730 1044 798 qui
1075 729 1353 797 corporeis
1395 730 1570 784 oculis
1614 748 1718 785 non
1763 733 2027 797 cernitur,
2063 736 2277 801 genitus
2308 753 2322 788 :

772 821 866 888 qui
896 828 949 873 et
979 823 1112 888 ipsc,
1173 831 1230 874 ut
1257 819 1420 880 Deus.
1460 837 1722 889 corporeo
1772 822 1888 876 visu
1938 840 2045 877 non
2074 840 2324 893 compre-

776 911 1054 965 bcnditur.
1107 911 1205 964 llic
1257 924 1448 980 sponte
1493 913 1730 966 divinam
1785 926 2028 970 naturam
2065 932 2188 970 cum
2226 918 2324 970 hu-

773 1015 932 1053 mana
963 1001 1242 1068 conjunxit
1267 1012 1321 1056 et
1349 1019 1377 1055 a
1412 1004 1718 1071 periculoso
1750 1005 1948 1058 diaboli
1983 1019 2200 1058 carcere
2228 1022 2326 1061 nos

769 1089 1044 1144 liberavit.
1071 1093 1146 1144 Ad
1185 1093 1294 1145 haec
1333 1091 1595 1146 Maximus
1632 1112 1645 1147 :
1679 1095 1876 1153 Multis.
1911 1095 2103 1162 inquit.
2146 1096 2327 1150 verbis

770 1195 818 1235 et
869 1183 1092 1238 fallaciis
1126 1201 1284 1238 aures
1318 1187 1765 1247 Incasobtundis,
1833 1189 1984 1256 quasi
2032 1189 2192 1241 velim
2226 1203 2326 1254 ego

773 1274 904 1328 deos
938 1291 1085 1328 meos
1115 1276 1444 1346 relinquere,
1465 1286 1515 1329 et
1541 1278 1698 1329 istum
1721 1288 1962 1331 vestrum
1994 1277 2324 1332 Crucilixum

770 1364 1021 1418 adorare.
1075 1368 1182 1433 Age
1241 1368 1403 1434 igitur
1446 1375 1512 1418 et»
1550 1377 1602 1420 tu
1650 1367 1754 1420 di's
1802 1369 2006 1421 nostris
2057 1368 2322 1431 sacrifica,

772 1458 1013 1506 l'uturum
1045 1460 1219 1507 sciens
1245 1465 1320 1513 ut,
1356 1456 1396 1506 si
1428 1458 1527 1508 hoc
1560 1455 1776 1519 feceris,
1803 1457 1867 1509 ad
1894 1457 2132 1510 dextram
2154 1472 2324 1510 meam

770 1545 980 1598 sedeas.
1040 1547 1101 1596 At
1148 1544 1363 1598 Orestes
1410 1547 1543 1600 dixit
1589 1568 1600 1600 ε
1653 1549 1761 1616 Ego
1804 1559 2066 1601 arternum
2117 1549 2318 1608 Deum.

788 1651 1000 1702 semper
1032 1635 1160 1688 mihi
1207 1637 1657 1700 benefacientcm,
1715 1649 1768 1692 et
1815 1639 2101 1692 Dominum
2140 1655 2320 1693 meum

770 1725 950 1778 Jesum
1003 1726 1280 1782 Chris'um
1327 1735 1516 1791 adoro,
1563 1730 1725 1796 eique
1759 1731 1974 1793 servio,
2018 1731 2323 1784 dtemonum

770 1825 950 1868 autem
989 1815 1210 1868 i:torum
1243 1817 1511 1884 particeps
1549 1833 1824 1886 nunquam
1853 1818 2024 1872 fuero.

857 1907 912 1956 ν.
947 1904 1082 1957 Tum
1141 1906 1402 1962 Maximus
1434 1927 1446 1960 :
1480 1909 1750 1962 Adducite
1784 1910 1931 1961 illum
1968 1909 2031 1962 ad
2068 1911 2324 1979 templum

775 1995 1024 2048 deorum.
1056 1995 1335 2064 Templum
1365 2008 1562 2056 autem.
1595 1999 1735 2067 quod
1772 1999 2008 2060 dicebat,
2049 2011 2168 2054 erat
2194 2016 2328 2057 auro

772 2098 827 2139 et
863 2096 1084 2154 argento
1133 2089 1431 2151 excultum,
1490 2099 1652 2157 atque
1708 2090 1867 2143 idolis
1920 2091 2206 2146 refertum.
2249 2095 2326 2146 Ad

775 2176 1016 2228 Orestem
1067 2192 1195 2230 vero
1252 2193 1550 2230 conversus
1605 2195 1616 2230 :
1664 2178 1940 2241 Sacrifiea,
1991 2180 2186 2248 inquit,
2221 2180 2327 2235 diis

772 2265 924 2331 ipss,
973 2265 1190 2323 Oreste.
1247 2267 1544 2334 Respondit
1592 2269 1732 2321 ille:
1778 2268 1941 2322 Erras
1975 2285 2323 2338 magnopere,

777 2371 901 2408 cum
939 2358 1168 2418 nescias,
1199 2358 1328 2425 quid
1367 2359 1460 2412 tibi
1499 2360 1748 2427 expediat
1779 2379 1791 2413 :
1829 2361 1917 2413 isti
1955 2362 2100 2413 enim
2132 2362 2207 2414 dii
2242 2362 2320 2415 lui

776 2464 841 2500 ex
872 2462 1000 2510 :ere,
1035 2449 1199 2511 ferro,
1230 2467 1362 2502 auro
1389 2462 1442 2503 et
1474 2462 1695 2518 argento
1723 2450 1955 2503 conlecti
1981 2459 2105 2504 sunt
2138 2451 2206 2504 ad
2235 2451 2326 2506 de-

773 2539 1055 2605 cipiendos
1095 2540 1375 2604 homines;
1405 2557 1526 2594 nam
1560 2557 1733 2610 neque
1779 2542 2032 2604 audiunt,
2063 2558 2185 2596 cum
2217 2542 2328 2596 sint

776 2646 938 2698 Opera
999 2631 1246 2699 quedam
1325 2634 1629 2686 manufacta
1671 2673 1684 2694 ,
1733 2648 1905 2700 neque
1956 2634 2178 2687 omnino
2221 2634 2326 2689 sibi

777 2734 934 2786 Opem
968 2720 1162 2774 ali‘erre
1207 2729 1452 2788 possunt.
1482 2723 1684 2774 nullam
1720 2721 1953 2791 denique
1980 2725 2206 2792 gratiam
2245 2740 2329 2778 re-

777 2809 921 2866 ferre
951 2813 1148 2864 sciunt.
1187 2810 1321 2864 Tum
1369 2811 1631 2865 Maximus
1665 2830 1676 2864 :
1712 2812 2088 2876 Sacriﬁcasne,
2134 2814 2324 2882 inquit,

776 2900 938 2960 scire,
995 2910 1087 2954 aut
1189 2903 1425 2953 membra
1481 2911 1569 2953 tua
1625 2901 1912 2970 disceptari
1959 2901 2179 2970 jubebo.
2216 2902 2327 2955 Re-

776 2990 993 3056 spondit
1033 2989 1557 3046 Orestcszputasue
1633 2991 1752 3046 istis
1818 2992 1925 3045 tuis
1995 2991 2178 3044 verbis
2239 3007 2326 3045 me

2426 550 2523 617 τὴν
2549 550 2782 618 ματαίαν
2823 551 3030 619 πλάνην
3061 552 3169 604 τῶν
3212 551 3468 614 είδὼλων,
3501 553 3594 605 καὶ
3616 552 3780 604 αὑτὸν
3806 569 3986 621 προσ-

2426 641 2657 707 εκύνεις,
2682 643 2774 695 τὸν
2795 643 2960 704 ὅντως
2985 642 3109 696 δντα
3138 643 3273 696 Θεὸν
3329 645 3393 696 ἐκ
3420 643 3554 696 Θεοῦ
3582 642 3860 711 ἀληθινοῦ,
3884 646 3988 695 καὶ

2425 735 2654 802 ἀόρατον
2713 735 2770 798 ἐξ
2811 735 3066 804 ἀοράτου,
3100 735 3181 796 6;,
3220 737 3284 802 τῇ
3325 734 3456 805 Ιδίᾳ·
3482 734 3643 803 βουλῇ
3675 734 3733 785 ὲν
3761 736 3824 803 τῇ
3859 735 3983 786 θεό-

2425 839 2548 892 τητι
2613 826 2778 876 αὐτοῦ
2835 826 2932 892 τὴν
2989 825 3340 893 άνθρωπένην
3391 825 3556 892 φύσιν
3608 823 3848 883 ἀνώσας,
3881 825 3984 890 τῆς

2427 913 2631 979 πλάνης
2676 915 2822 981 ἡμᾶς
2877 912 3221 981 ⁴ὴλευθέρωσε
3269 912 3365 965 τοῦ
3409 911 3676 964 διαϐόλου.
3727 911 3986 978 Μάξιμος

2427 1003 2647 1073 ἡγεμὼν
2670 1005 2814 1072 λέγει
2837 1022 2849 1034 ·
2881 1005 3098 1067 Πολλοῖς
3125 1007 3334 1076 ῥήμασι
3359 1005 3451 1056 καὶ
3484 1003 3786 1070 ἀπατηλοῖς
3814 1019 3941 1068 περι
3961 1030 3978 1041 -

2427 1096 2632 1158 αντὶετς
2691 1113 2791 1164 μου
2847 1097 2943 1158 τὰς
2983 1096 3172 1158 ἀκοὰς,
3207 1096 3346 1148 ὥστε
3392 1094 3596 1147 οἴεσθαί
3633 1109 3690 1145 σε
3721 1092 3985 1145 δύνασθαι

2428 1185 2639 1236 πείθειν
2666 1201 2730 1253 με
2763 1186 3082 1238 καταλιπεῖν
3112 1186 3238 1245 τοὺς
3283 1183 3436 1244 θεοῦς
3472 1185 3566 1235 καὶ
3597 1181 3852 1234 σέϐεσθαι
3885 1181 3984 1232 τὸν

2426 1278 2851 1345 ἐσταυρωμένον·
2885 1279 3020 1346 ὅπερ
3049 1279 3108 1328 οὐ
3141 1277 3302 1340 ποιῶ,
3327 1275 3461 1328 ἀλλὰ
3496 1275 3693 1343 μᾶλλον
3717 1277 3780 1327 σὺ
3805 1289 3984 1342 προσ-

2427 1369 2594 1420 ελθὼν
2636 1369 2795 1420 θῦσον
2825 1372 2934 1430 τοῖς
2966 1371 3126 1431 θεοῖς,
3157 1367 3312 1430 εἰδὼς
3357 1369 3459 1428 ὅτι,
3505 1365 3662 1418 τοῦτο
3690 1364 3785 1416 ἐὰν
3818 1365 3983 1432 ποιή-

2429 1476 2547 1529 σῃς,
2605 1460 2698 1511 ἐπὶ
2747 1459 2843 1525 τῆς
2904 1459 3194 1526 ἡγεμονίας
3248 1474 3346 1526 μου
3395 1457 3564 1519 δεξιὸς
3614 1455 3880 1512 καθίσεις.
3913 1455 3984 1504 '0

2429 1554 2579 1616 ᾶγιος
2624 1550 2881 1620 Ὀρέστης
2924 1545 3106 1602 εἶπεν·
3147 1548 3288 1616 Ἐγὼ
3319 1549 3409 1601 τὸν
3466 1549 3552 1600 ἀεὶ
3607 1549 3697 1598 καὶ
3749 1549 3982 1599 πάντοτε

2429 1639 2719 1709 εὐεργέτην
2750 1640 2880 1692 Θεδν
2902 1640 2992 1692 τὸν
3023 1640 3224 1710 Κύριὸν
3259 1657 3358 1707 μου
3396 1639 3604 1706 Ἰησοῦν
3635 1637 3867 1704 Χριστὸν
3896 1639 3985 1686 σξ-

2429 1731 2614 1798 ϐομαι,
2661 1731 2766 1781 οιαὶ
2818 1728 2962 1798 αὑτῷ
3039 1731 3182 1798 μόνῳ
3233 1728 3478 1781 δουλεύω
3512 1769 3524 1791 ,
3569 1726 3855 1795 δαιμονίων
3922 1727 3982 1776 δὲ

2431 1822 2652 1888 μέτοχος
2682 1821 2775 1872 καὶ
2803 1820 3003 1890 λάτρης
3029 1822 3129 1874 οὐκ
3154 1821 3218 1873 ἂν
3245 1819 3488 1888 γένωμαί
3520 1836 3667 1872 ποτε.

2499 1912 2572 1964 E'.
2611 1912 2859 1981 Mieipo;
2905 1911 3130 1981 ἡγεμὼν
3173 1911 3325 1963 εἶπεν
3350 1928 3364 1944 ο
3397 1911 3781 1979 Προσαγάγετε
3816 1910 3985 1961 αὑτὸν

2427 2005 2502 2066 είς
2532 2005 2620 2055 16v
2655 2005 2779 2055 ναὸν
2811 2004 2912 2056 τῶν
2935 2003 3094 2056 θεῶν.
3141 2002 3198 2056 Ὀ
3228 2003 3282 2054 δὲ
3314 2002 3436 2064 ναδς
3470 1999 3538 2072 ἦν
3568 2003 3985 2067 κεκοσμημένος

2428 2093 2610 2163 χρυσῷ
2639 2094 2729 2144 καὶ
2767 2093 2993 2160 ἀργύρῳ
3048 2091 3144 2144 καὶ
3201 2091 3440 2153 εἰδώλοις
3491 2093 3724 2150 πολλοῖς.
3763 2090 3868 2141 Τοῦ
3921 2091 3983 2142 δὲ

2425 2182 2685 2242 ἐλθόντος,
2740 2181 2884 2247 λέγει
2931 2181 3064 2248 πρὸς
3117 2180 3279 2232 αύτδν
3309 2180 3337 2231 6
3367 2177 3592 2249 ἡγεμών
3613 2195 3626 2208 ·
3661 2178 3834 2230 Θῦσον
3868 2181 3983 2239 τοϊς

2426 2273 2586 2334 θεοῖς,
2608 2271 2856 2340 Ὀρέστα,
2885 2271 2973 2324 ἴνα
3004 2271 3133 2322 ῖλεοί
3177 2288 3267 2323 σου
3300 2275 3651 2338 γενήσωνται.
3670 2271 3726 2323 '0
3745 2270 3800 2322 δὲ
3823 2269 3982 2336 ἅγιος

2427 2360 2607 2414 εἶπενο
2643 2362 2940 2420 Πλανάσαι.
2970 2360 3215 2431 ἡγεμὼν,
3255 2361 3329 2429 μὴ
3373 2361 3529 2422 εἰδὼς
3572 2362 3632 2412 τὸ
3667 2361 3979 2427 συμφέρον·

2424 2447 2566 2505 οὗτοι
2597 2451 2703 2518 γὰρ
2734 2451 2934 2519 χαλκὸς
2992 2452 3084 2502 καὶ
3119 2451 3332 2519 σίδηρός
3384 2453 3513 2509 εἱσι,
3569 2454 3984 2518 κεκοσμημένοι

2425 2539 2609 2609 χρυσῷ
2644 2542 2735 2592 καὶ
2766 2539 2986 2608 ἀργύρῳ
3014 2539 3146 2604 πρὸς
3181 2540 3240 2590 τὸ
3279 2537 3586 2590 πλανᾶσθαι
3617 2536 3740 2596 τοὺς
3771 2535 3985 2602 ἀνθρὼο

2426 2645 2585 2694 πσιυς·
2623 2630 2745 2683 οὔτε
2779 2631 2887 2698 γάρ
2945 2630 3254 2698 βλέπουσιν,
3301 2627 3424 2680 οὔτε
3457 2627 3766 2679 ἀκούουσιν.
3801 2626 3984 2694 Ἔργα

2426 2721 2619 2791 χειρῶν
2649 2721 2947 2790 ἀνθρώπων
2989 2720 3343 2790 ὑπάρχοντες,
3372 2719 3491 2772 οὐδὲ
3519 2720 3728 2780 ἑαυτοῖς
3777 2715 3947 2785 βοηθῆ
3968 2745 3984 2756 -

2429 2829 2518 2864 σαι
2565 2811 2820 2862 δύνανται
2875 2812 2934 2862 τὸ
2991 2811 3228 2872 σύνολον,
3288 2809 3407 2861 οιδὲ
3459 2807 3797 2876 ἀμείέρασθαι
3847 2807 3974 2869 τους

2428 2899 2820 2970 ἀμειϐομένους
2841 2902 3041 2961 αὐτοῖς.
3076 2900 3324 2967 Μάξιμος
3344 2897 3569 2967 ἡγεμὼν
3601 2892 3771 2948 εἶπεν·
3789 2897 3973 2958 Θύεις,

2426 2991 2458 3060 ἢ
2493 2991 2735 3056 ἀπτομαι
2782 2989 2890 3042 τῶν
2923 2989 3098 3058 μελῶν
3128 3005 3220 3041 σου
3251 2989 3329 3049 είς
3359 2987 3683 3056 ἀφανισμόν.
3729 2987 3787 3036 'U
3821 2986 3980 3050 ἅγιος

777 3081 1224 3151 perterrefactum
1276 3082 1385 3134 iri?
1425 3082 1641 3135 Minime
1676 3083 1777 3134 hoe
1822 3083 2062 3138 futurum
2091 3098 2281 3151 speres
2311 3099 2324 3134 :
2355 3096 2397 3150 ο
2441 3083 2446 3095 ”

2313 3099 2324 3134 :
2355 3096 2397 3150 ο
2441 3083 2700 3152 Ὀρέστης
2729 3079 2911 3134 εἶπεν·
2937 3081 3157 3141 Ἔοικας
3187 3079 3437 3147 ἐκφοϐεῖν
3464 3096 3530 3148 με
3561 3081 3677 3139 ταῖς
3707 3077 3982 3138 άπειλαῖς.

778 3171 870 3223 sed
899 3172 1295 3238 quamprimum
1329 3175 1429 3233 lae,
1451 3171 1713 3238 quidquid
1743 3172 1824 3225 vis
1856 3190 1870 3237 ;
1906 3173 2125 3241 ignoras
2156 3173 2323 3236 enim,

780 3277 940 3330 quem
971 3272 1288 3329 praesentem
1324 3275 1377 3316 et
1400 3263 1527 3316 mihi
1562 3263 1917 3330 epitulantetu
1946 3263 2120 3316 habeo
2150 3263 2330 3319 Domi-

780 3367 909 3403 num
952 3353 1136 3405 Jesum
1176 3353 1471 3407 Christum.
1519 3353 1672 3406 Tunc
1698 3353 1774 3406 ait
1806 3354 2067 3410 Maximus
2105 3371 2118 3406 :
2149 3353 2330 3406 llorni-

782 3458 906 3496 nem
939 3443 1098 3496 istum
1150 3444 1316 3514 virgis
1371 3443 1580 3507 credite,
1625 3459 1857 3512 eumque
1901 3443 2228 3507 admonete,
2259 3459 2327 3497 ne

781 3541 968 3600 pergat
994 3533 1225 3600 amplius
1266 3533 1525 3587 insanire.
1559 3533 1654 3586 ille
1677 3541 1857 3588 autem
1899 3547 2024 3586 cum
2064 3533 2327 3587 verbera-

784 3629 954 3685 retur,
1002 3622 1161 3676 elatis
1211 3622 1264 3675 in
1323 3623 1524 3680 cmlum
1592 3623 1864 3683 manibus.
1913 3623 1989 3676 ait
2027 3640 2038 3676 z
2073 3623 2324 3692 Respice,

784 3709 928 3763 Deus
971 3727 1139 3771 meus.
1169 3728 1198 3765 e
1230 3712 1388 3777 cmlo,
1423 3722 1479 3767 et
1523 3713 1790 3782 opitulare
1820 3727 1979 3767 servo
2009 3723 2124 3766 tuo.
2159 3714 2329 3768 Jussit

785 3815 915 3853 vero
942 3816 1140 3869 prmses
1175 3803 1323 3855 illum
1357 3804 1540 3858 taudiu
1588 3805 1886 3867 verberari,
1917 3804 2093 3872 quoad
2129 3804 2328 3860 milites

787 3890 886 3956 Ipsi
924 3893 1155 3945 vicissim
1184 3893 1554 3961 quadragenas
1572 3894 1754 3964 plagas
1773 3895 1970 3963 singuli
1996 3894 2325 3964 inﬂigerent,

786 3980 859 4033 ita
897 3990 954 4033 ut
1002 3981 1177 4044 intres,
1204 3983 1338 4044 lora,
1383 3994 1438 4036 et
1482 3986 1635 4038 nervi
1689 3995 2160 4039 consumerentur.
2209 3987 2328 4040 Mox

785 4074 1166 4129 vehementius
1188 4090 1311 4127 eum
1359 4077 1486 4127 εωόὶ
1517 4076 1701 4144 jussit,
1725 4076 1807 4129 sic
1838 4085 1897 4130 ut
1923 4077 2041 4145 ejus
2073 4079 2329 4132 intestina

785 4176 1024 4222 extracta
1055 4168 1185 4228 sint,
1208 4176 1263 4220 et
1299 4177 1445 4220 tanta
1483 4168 1580 4222 viri
1623 4168 1907 4223 tolerantia
1938 4170 2188 4224 omnibus
2233 4170 2332 4225 atl-

786 4259 1132 4312 mirationem
1159 4257 1420 4312 attulerit.

2431 3171 2522 3242 Μὴ
2569 3171 2661 3224 οὖν
2703 3171 3000 3226 άναϐάλλου
3054 3173 3212 3223 τοῦτο
3267 3171 3460 3232 ποιεῖν,
3509 3167 3645 3220 ἀλλὰ
3704 3168 3986 3234 συντόμως

2431 3265 2630 3331 πρᾶττε
2662 3263 2690 3314 6
2721 3262 2928 3332 βούλει⁹
2964 3265 3177 3330 ἀγνοεῖς
3230 3262 3337 3328 γὰρ
3364 3260 3457 3311 τὸν
3493 3258 3841 3326 παρεστῶτα.
3883 3259 3981 3308 καὶ

2431 3352 2968 3423 ὰντιλαμϐανόμενόν
3025 3367 3125 3419 μου
3186 3351 3388 3420 Κύριον
3455 3347 3662 3415 Ἰησοῦν
3725 3347 3979 3416 Χριστόν.

2431 3448 2675 3515 Μάξιμος
2719 3445 2939 3514 ἡγεμὼν
2996 3441 3178 3498 εἶπεν·
3215 3444 3338 3505 Τοίς
3399 3442 3612 3512 ῥάϐδοις
3667 3440 3830 3492 αὑτὸν
3888 3440 3986 3491 τύ-

2429 3538 2587 3606 ψατε,
2646 3536 2888 3604 λέγοντες
2922 3535 3108 3602 αὐτῷ’
3173 3534 3263 3604 Μὴ
3295 3532 3522 3603 μώριζε.
3571 3531 3987 3596 Ῥαϐδιζόμενος

2428 3630 2484 3682 δὲ
2515 3630 2542 3679 6
2575 3628 2728 3694 άγιος
2757 3627 3010 3692 immiti),
3043 3626 3296 3688 ἀπλώσας
3322 3626 3420 3686 τὰς
3451 3625 3643 3694 χεῖρας
3666 3625 3744 3684 είς
3769 3620 3857 3674 τὸν
3885 3623 3984 3674 οὐ·

2431 3721 2591 3791 ρανδν
2618 3715 2798 3772 εἶπεν·
2827 3718 2997 3788 Κύριε
3033 3721 3060 3770 6
3099 3717 3230 3778 Θεός
3281 3733 3381 3784 μου
3405 3755 3419 3776 ,
3451 3715 3602 3766 ἔπιδε
3647 3713 3706 3776 ἐξ
3743 3712 3981 3781 ούρανοῦ

2429 3811 2522 3864 καὶ
2549 3809 2813 3878 βοήθησον
2835 3807 2910 3878 τῷ
2939 3807 3107 3874 δούλῳ
3141 3823 3251 3860 σου.
3271 3807 3330 3858 '0
3352 3805 3408 3857 δι
3439 3802 3659 3872 ἡγεμὼν
3690 3803 3981 3856 ἐκέλευσεν

2433 3901 2593 3954 αὐτδν
2626 3900 2907 3952 επιπλεῑον
2945 3897 3324 3968 ῥαϐδίζεσθαι,
3359 3894 3452 3946 ἀπὶ
3475 3893 3746 3956 τοσοῦτον,
3785 3895 3886 3955 ἕως
3915 3888 3982 3948 οὗ

2431 3989 2744 4060 ἠλλάγησαν
2779 3987 3183 4056 τεσσαράκοντα
3231 3985 3590 4053 κεντυρίονες,
3624 3982 3761 4034 ὥστε
3791 3983 3884 4034 καὶ
3911 3983 3982 4034 τά

2434 4081 2643 4148 σχοινία
2685 4080 2778 4130 καὶ
2802 4079 2926 4140 τοὺς
2953 4076 3180 4146 λὼρους,
3213 4075 3304 4127 καὶ
3333 4074 3398 4126 τά
3423 4073 3589 4141 νεῦρα
3625 4072 3981 4139 συντελεσθῆ-

2434 4190 2538 4224 ναι.
2575 4171 2683 4224 Καὶ
2718 4170 2791 4240 μὴ
2819 4169 3105 4237 ἀρκεσθεὶς
3138 4169 3196 4219 ὲν
3217 4165 3424 4226 τούτοις
3456 4167 3484 4216 6
3509 4167 3822 4232 παράνομος
3853 4165 3984 4231 ἠγε-

2444 4261 2581 4327 μὼν,
2621 4260 2782 4312 πάλιν
2811 4259 3064 4311 ἐκέλευσε
3093 4253 3391 4308 τύπτεσθαι
3423 4254 3581 4306 αὐτὸν
3600 4251 3982 4320 σφοδρότερον⁹

787 4354 929 4407 ὥστε
963 4353 1057 4405 καὶ
1099 4351 1164 4404 τά
1199 4349 1347 4403 ἔνδον
1377 4349 1481 4402 τῶν
1514 4350 1829 4419 σπλάγχνων
1879 4351 2042 4404 αὑτοῦ
2113 4353 2548 4408 ἀποσπασθῆναι.
2617 4353 2709 4406 καὶ
2779 4350 3080 4420 θαυμάζειν
3131 4347 3337 4408 πάντας
3401 4347 3497 4414 τὴν
3545 4343 3838 4414 καρτερίαν
3887 4340 3987 4395 τοῦ

787 4446 1000 4516 ἀνδρός.

855 4539 990 4594 Cum
1019 4538 1184 4607 igitur
1207 4536 1280 4590 ita
1312 4535 1631 4591 verberatus
1654 4536 1865 4597 fuisset,
1933 4535 2187 4591 Sacriﬁca
2229 4537 2332 4590 diis
2367 4543 2407 4595 ι)
2507 4541 2524 4589 <

2318 4553 2332 4590 5
2367 4543 2407 4595 D
2507 4539 2598 4602 ς’.
2623 4532 2772 4587 Μετά
2801 4529 2858 4582 δὲ
2889 4529 2949 4582 τὸ
2973 4525 3169 4591 ἱκανῶς
3221 4524 3569 4594 ραϐδισθῆναι
3613 4522 3772 4575 αὐτὸν
3799 4522 3827 4573 6
3855 4523 3987 4592 ἡγε-

789 4630 943 4700 ἰιιηίε.
985 4627 1161 4696 inquit
1190 4641 1406 4694 ιιι-ωερε,
1446 4636 1502 4680 et
1525 4625 1790 4680 dimittam
1835 4638 1903 4681 te.
1937 4628 2156 4681 OreStes
2205 4643 2334 4680 vero

791 4722 924 4775 nihil
960 4718 1257 4788 respondit.
1289 4717 1474 4785 Itaque
1505 4718 1674 4771 iratus
1695 4733 1911 4785 przescs,
1943 4719 2105 4786 jussit
2130 4719 2332 4772 obelis-

790 4825 883 4864 cos
911 4811 1106 4877 ignitus
1137 4807 1272 4867 fieri,
1314 4819 1369 4859 et
1401 4806 1467 4859 ad
1500 4808 1615 4875 ejus
1641 4816 1787 4876 terga
1837 4808 2018 4859 statim
2061 4808 2331 4872 adhiberi,

793 4911 852 4954 ut
878 4915 939 4954 ea
978 4901 1212 4970 primum
1258 4899 1730 4962 comburerentur,
1762 4900 1957 4953 deinde
1990 4909 2146 4953 aceto
2181 4915 2335 4954 acer-

791 4993 1013 5045 hissimo
1043 4999 1094 5043 et
1128 4989 1298 5042 multo
1327 4989 1435 5042 sale
1467 5004 1758 5057 conspersa
1795 4999 2125 5044 tererentur.
2178 4990 2334 5043 Tunc

793 5088 997 5149 martyr
1029 5077 1115 5132 ille
1152 5077 1518 5139 beatissimus,
1564 5077 1762 5131 erectis
1796 5078 1860 5131 ad
1891 5079 2087 5132 malum
2136 5079 2331 5142 oculis,

796 5170 869 5222 ait
902 5187 914 5222 :
947 5169 1112 5228 Deus,
1151 5170 1240 5236 qni
1274 5169 1676 5221 Sodomitarum
1725 5169 1888 5222 urbes
1930 5169 2049 5237 igne
2073 5183 2335 5223 consum-

797 5260 968 5328 psisti,
1024 5269 1079 5314 et
1127 5259 1374 5314 Ninirem
1439 5273 1536 5327 per
1576 5257 1948 5325 paenitentiam
1993 5271 2334 5321 conversam,

794 5360 886 5403 tua
915 5350 1111 5404 virtute
1130 5352 1195 5404 ad
1224 5348 1486 5420 justitiam
1519 5348 1827 5409 traduxisti,
1851 5348 1941 5410 da,
1962 5362 2163 5416 quaeso.
2183 5348 2338 5414 mihi,

797 5440 1044 5503 Domine,
1073 5448 1131 5492 ut
1152 5439 1361 5507 signum
1381 5439 1602 5506 aliquod
1635 5448 1785 5492 tuum
1817 5439 1868 5492 in
1896 5449 2191 5506 conspectu
2219 5454 2340 5492 meo

800 5532 1033 5586 videant.
1064 5530 1169 5585 Fac
1193 5545 1404 5583 mecum
1438 5529 1650 5597 signum
1693 5531 1745 5583 in
1771 5527 1996 5592 bonum,
2040 5531 2097 5580 ut
2127 5520 2343 5582 videant

801 5623 893 5689 qni
923 5621 1160 5674 oderunt
1196 5633 1302 5682 me,
1337 5627 1393 5672 et
1427 5617 1851 5672 confundantur.
1881 5615 1974 5669 His
2004 5615 2184 5680 dictis,
2234 5613 2346 5668 suf-

803 5713 949 5767 ﬂavit
976 5712 1029 5766 in
1059 5711 1347 5768 simulacra
1379 5710 1470 5764 illa
1491 5749 1504 5776 ,
1541 5720 1595 5765 et
1627 5707 1806 5764 statim
1840 5710 2167 5763 comminuta
2199 5715 2346 5774 sunt,

2441 4627 2554 4696 μὼν
2584 4625 2728 4692 λέγει
2761 4620 2936 4690 αὐτῷ·
2969 4618 3138 4672 Θῦσον
3172 4618 3282 4678 τοῖς
3307 4616 3470 4679 θεοῖς,
3503 4614 3598 4667 καὶ
3638 4613 3858 4667 ἀπολύω
3899 4631 3984 4668 σε.

2446 4718 2504 4770 Ὀ
2525 4717 2578 4768 δι
2604 4717 2756 4782 ἅγιος
2789 4711 3044 4782 Ὀρέστης
3075 4708 3182 4761 οὐδ’
3201 4709 3337 4768 ὅλως
3380 4705 3650 4774 ἀπεκρίθη
3677 4705 3846 4772 αὐτῷ.
3878 4706 3984 4757 Τό-

2434 4826 2492 4862 τε
2524 4807 2796 4876 θυμωθεὶς
2843 4805 2871 4856 6
2918 4802 3226 4873 παράνομος
3254 4796 3497 4867 ἡγεμὼν,
3531 4795 3819 4848 ἑκέλευσεν
3857 4795 3984 4847 663-

2435 4899 2648 4957 λίσκους
2675 4893 3012 4960 πυρωθῆναι,
3055 4888 3257 4942 καὶτὸν
3287 4885 3451 4938 νῶτον
3481 4883 3646 4937 αὐτοῦ
3671 4883 3984 4950 διακαῆναι,

2437 4985 2530 5036 καὶ
2581 4983 2692 5047 δξει
2736 4978 3045 5050 δριμυτάτῳ
3093 4976 3185 5028 καὶ
3239 4975 3394 5028 ἀλατι
3448 4971 3754 5038 ἀνατρίϐειν
3794 4971 3984 5026 αὐτόν.

2440 5074 2548 5126 Καὶ
2570 5073 2762 5124 τούτου
2791 5069 3082 5138 γενομένου
3115 5063 3250 5132 μετὰ
3281 5060 3476 5115 πολλοῦ
3501 5061 3595 5113 τοῦ
3634 5061 3855 5126 τάχους,
3891 5062 3988 5112 καὶ

2439 5161 2531 5214 τοῦ
2561 5161 2714 5226 ἀγῑου
2751 5159 3026 5228 μάρτυρος
3059 5150 3518 5221 ιγκαρτεροῦντος
3540 5153 3656 5212 ταῖς
3705 5148 3984 5217 βασάνοις,

2442 5251 2744 5318 ἀναϐλέψας
2775 5251 2854 5312 είς
2881 5249 2972 5301 τὸν
3001 5247 3223 5315 οὐρανὸν
3254 5247 3280 5296 6
3304 5244 3508 5304 δέκαιος
3538 5236 3712 5293 εἶπεν*
3755 5239 3926 5309 Κύριε
3957 5241 3986 5292 6

2442 5343 2596 5407 Θεὸς,
2627 5343 2654 5394 6
2684 5341 2792 5393 τῶν
2815 5338 3116 5405 Σοδομιτῶν
3147 5336 3243 5398 τὰς
3282 5333 3463 5394 πόλεις
3497 5332 3626 5400 πυρὶ
3671 5329 3989 5383 καταναλώ-

2447 5451 2544 5495 σας
2574 5433 2666 5486 καὶ
2693 5431 2790 5500 τὴν
2814 5429 3000 5483 Νινευῒ
3045 5427 3341 5493 δικαιώσας
3378 5424 3466 5476 διά
3520 5422 3804 5490 μετανοίας
3829 5422 3888 5472 έν
3917 5423 3986 5490 τῇ

2449 5527 2514 5593 σῇ
2544 5521 2918 5591 φιλανθρωπίᾳ
2947 5520 3038 5571 καὶ
3077 5518 3299 5584 δυνάμει
3320 5558 3332 5577 ,
3363 5515 3448 5576 δός
3497 5529 3584 5580 μοι
3633 5507 3852 5573 τελείως
3895 5514 3990 5562 τὸν

2449 5615 2633 5680 ἀγῶνα
2675 5615 2862 5664 τοῦτον
2911 5611 3231 5678 ὑπομείναι,
3286 5607 3373 5658 καὶ
3412 5605 3632 5671 ποίησον
3686 5601 3800 5668 μετ’
3850 5600 3986 5668 tuo-3

2453 5707 2675 5774 σημεῖον
2707 5706 2784 5764 είς
2825 5700 3024 5769 ἀγαθόν
3045 5715 3057 5729 °
3104 5701 3192 5751 καὶ
3225 5697 3479 5750 ιδέτιυσαν
3506 5695 3554 5745 oi
3585 5693 3860 5763 μισοῦντές
3895 5707 3985 5758 με,
