4226 6418
814 401 909 467 131

2034 394 2317 452 MENSIS
2356 392 2787 452 NOVEMBER.

3911 385 4013 450 13-2

812 529 939 584 tbns
981 539 1033 578 m
1083 534 1175 575 ara
1204 516 1592 573 sacrificantes.
1617 509 1695 565 Ad
1724 510 1836 563 hac
1860 506 2121 562 Samonas
2149 523 2159 556 :
2186 504 2358 562 Absit.
2388 507 2436 566 Α
2463 523 2481 556 τ

2344 545 2358 562 .
2388 507 2436 566 Α
2463 504 2554 557 τοῦ
2583 506 2704 564 Διὴς
2731 501 2900 554 εἰκόνι
2952 501 3011 554 τὸ
3043 502 3205 564 σέϐας
3259 501 3661 570 προσενεγκεῖν,
3718 498 4013 552 λιϐανωτὸν

813 619 1012 687 inquit,
1036 623 1099 667 ut
1122 627 1249 666 vera
1273 609 1378 662 ﬁde
1407 605 1611 666 relicta,
1645 611 1867 672 propter
1892 613 2051 668 quam
2076 610 2356 664 speramus

811 712 952 773 fore,
974 715 1032 759 ut
1064 705 1227 759 vitam
1262 710 1620 767 assequamur
1660 689 2039 750 immortalem,
2091 698 2348 738 manuum

809 816 950 872 opus
973 807 1027 852 et
1056 795 1370 864 ﬁgmentum
1411 788 1670 842 colamus.
1704 783 1909 836 Prarses
1941 787 2119 831 autem
2145 793 2158 827 :
2186 775 2353 841 Impe-

811 865 1030 952 ratoris,
1077 885 1274 955 inquit,
1315 882 1463 949 jnssa
1493 888 1717 931 omnino
1747 882 1874 926 sunt
1915 867 2203 937 implenda.
2249 865 2356 918 Re-

811 981 1031 1054 spondit
1060 952 1252 1032 Gurias
1279 989 1294 1025 :
1324 971 1521 1025 Puram
1557 977 1610 1021 et
1641 962 1884 1018 divinam
1919 967 2159 1011 nostram
2195 952 2354 1007 fidem

813 1043 1090 1142 n-unquam
1142 1061 1525 1120 inﬁciabimur,
1568 1062 1852 1121 sequentes
1891 1048 2218 1101 voluntatem
2255 1043 2356 1095 bo-

814 1133 1050 1224 minum,
1104 1159 1158 1212 in
1209 1167 1346 1223 quos
1384 1149 1525 1216 cadit
1575 1144 1846 1198 interitus.
1897 1138 2170 1193 llabemus
2209 1133 2352 1188 enim

813 1258 1027 1311 Patrem
1071 1252 1125 1304 in
1157 1247 1337 1308 coalis,
1366 1242 1520 1310 cujus
1562 1235 1842 1304 sequimur
1878 1231 2228 1290 voluntatem,
2261 1223 2354 1294 qui

813 1348 948 1401 dicit
983 1360 997 1397 :
1035 1360 1051 1392 ι
1096 1338 1194 1404 Qui
1236 1350 1318 1388 me
1359 1329 1643 1387 confessus
1683 1325 1846 1378 fuerit
1889 1334 2068 1373 coram
2123 1315 2356 1370 homini-

814 1440 938 1502 bus,
969 1449 1067 1504 ego
1091 1441 1308 1501 quoque
1341 1439 1464 1480 eum
1495 1417 1793 1476 confitebor
1819 1427 2000 1468 coram
2027 1410 2184 1464 Patre
2212 1421 2352 1471 meo,

811 1531 905 1598 qui
951 1502 1032 1580 est
1075 1527 1128 1578 in
1175 1521 1345 1575 cmlis.
1383 1515 1484 1581 Qui
1520 1528 1605 1566 me
1643 1517 1824 1562 autem
1865 1502 2142 1573 negaverit
2174 1513 2354 1554 coram

814 1594 1155 1675 nominibus,
1187 1625 1286 1679 ego
1320 1619 1537 1676 quoque
1569 1617 1692 1657 eum
1733 1598 1942 1666 negabo
1970 1609 2150 1649 coram
2197 1594 2354 1646 Patre

813 1722 956 1770 meo,
980 1715 1034 1759 et
1076 1701 1281 1771 angelis
1304 1699 1423 1767 ejus
1450 1698 1491 1748 '.
1533 1713 1550 1740 ι
1571 1691 1740 1746 Judex
1782 1697 1962 1741 autem
1991 1701 2004 1737 :
2036 1683 2153 1736 Non
2193 1682 2355 1734 vultis

813 1814 944 1867 ergo
967 1838 981 1861 ,
1024 1795 1234 1863 inquit,
1271 1801 1462 1859 parere
1488 1781 1749 1838 voluntati
1781 1773 2165 1846 imperatoris?
2209 1772 2353 1838 Quo-

815 1865 974 1944 modo
1007 1901 1136 1939 vero
1179 1898 1284 1935 non
1325 1877 1486 1932 fuerit
1519 1873 1838 1932 absurdum,
1869 1885 1930 1922 ea
1961 1865 2200 1935 quidem,
2232 1877 2353 1932 qum

813 1983 929 2033 visa
961 1976 1162 2030 fuerint
1196 1968 1531 2029 hominibus,
1563 1964 1738 2031 iisque
1769 1960 1861 2029 qui
1889 1972 1997 2010 non
2037 1955 2265 2008 multum
2298 1960 2353 2004 et

815 2076 1076 2139 quantum
1109 2077 1228 2127 vos,
1257 2068 1507 2129 possunt,
1546 2054 1722 2122 rcipsa
1754 2051 1817 2103 ad
1852 2048 2103 2103 eﬂ‘cctum
2135 2042 2351 2102 deduci,

819 2173 1009 2212 eorum
1057 2164 1273 2211 autem,
1324 2148 1416 2216 qui
1460 2158 1640 2198 rerum
1694 2141 2002 2210 potiuntur,
2044 2136 2191 2204 jussa
2240 2130 2353 2183 fieri

819 2246 1012 2301 irrita?
1047 2243 1147 2308 Qui
1194 2238 1353 2306 Regis
1390 2249 1608 2304 regum,
1645 2232 1896 2299 inquiunt
1927 2225 2118 2286 sancti,
2150 2220 2354 2275 faciunt

815 2341 1148 2392 voluntatem
1173 2373 1185 2393 ,
1225 2330 1406 2386 carnis
1455 2327 1785 2379 voluntatem
1833 2324 2094 2386 respuunt
2126 2328 2188 2366 ac
2229 2311 2352 2378 reji-

817 2430 993 2482 ciunt.
1025 2421 1225 2476 Deinde
1259 2431 1381 2471 cum
1421 2426 1619 2483 praeses
1659 2409 1896 2463 minatus
1932 2410 2075 2457 esset
2101 2407 2350 2456 mortem,

819 2519 920 2570 nisi
959 2519 1236 2582 paterent,
1279 2507 1561 2564 Samonas,
1594 2499 1710 2552 Non
1740 2493 2057 2551 morientur,
2089 2485 2285 2553 inquit,
2321 2496 2355 2533 ο

816 2619 1064 2675 tyranne,
1109 2600 1153 2653 si
1197 2593 1473 2651 Creatoris
1514 2600 1808 2657 sequamur
1849 2582 2204 2636 voluntatem,
2246 2573 2354 2624 imo

815 2666 946 2750 veto
987 2694 1229 2745 vivemus
1274 2685 1475 2754 potius.
1525 2679 1630 2734 Sed
1677 2677 1723 2730 si
1763 2688 1824 2728 ea
1855 2668 2028 2726 secuti
2071 2666 2352 2724 fuerimus,

817 2802 936 2855 qua:
963 2783 1116 2853 jubet
1158 2752 1337 2832 vester
1385 2775 1704 2841 imperator,
1743 2766 1917 2828 scias,
1955 2759 2100 2829 quod
2142 2752 2356 2810 etiamsi

817 2888 873 2930 tu
909 2891 1006 2930 nos
1026 2890 1134 2928 non
1168 2865 1528 2928 interemeris,
1547 2875 1647 2916 nos
1665 2868 1842 2913 tamen
1869 2853 2006 2908 male
2034 2846 2353 2919 peribimus.

885 3143 973 3196 IV.
1003 3141 1293 3206 Postquam
1321 3135 1434 3186 haec
1455 3127 1662 3183 audivit
1684 3135 1902 3193 prases.
1935 3118 2094 3189 jubet
2123 3111 2352 3168 Anovito

816 3227 1285 3288 commentariensi
1332 3237 1428 3278 eos
1450 3222 1504 3274 in
1534 3215 1858 3271 tutissimam
1884 3208 2151 3278 conjicere
2176 3210 2353 3256 custo-

816 3326 981 3379 diam.
1015 3319 1306 3373 Veritatem
1347 3313 1493 3366 enim
1539 3320 1680 3376 aegre
1720 3304 1822 3357 lcrt
1862 3301 2099 3359 animus,
2128 3296 2219 3360 qui
2258 3304 2356 3344 sua

817 3422 1009 3485 sponte
1039 3419 1119 3464 est
1159 3407 1226 3461 ad
1255 3404 1456 3460 malum
1488 3409 1787 3470 prepensus
1817 3408 1832 3444 :
1866 3401 1925 3444 ut
1963 3386 2056 3458 qui
2096 3387 2355 3451 aegrotant

816 3470 984 3567 oculi,
1009 3498 1350 3570 splendorem
1382 3491 1530 3547 solis.
1571 3488 1863 3554 Postquam
1899 3487 2080 3533 autem
2113 3475 2203 3528 ille
2232 3470 2358 3524 fecit

818 3563 1055 3664 quod-ei-
1075 3590 1252 3642 fuerat
1283 3587 1624 3650 imperatum,
1660 3585 1717 3630 et
1751 3580 2016 3641 martyres
2049 3567 2267 3620 fuerunt
2304 3563 2356 3612 in

817 3649 1058 3742 carcere.
1088 3680 1142 3732 in
1167 3689 1277 3746 quo
1298 3649 1460 3728 etiam
1494 3667 1647 3722 multi
1677 3665 1766 3718 alii
1787 3660 1957 3716 sancti
1985 3658 2135 3727 prius
2164 3649 2355 3706 inclusi

817 3779 1033 3829 fuerant
1059 3786 1088 3822 a
1133 3743 1418 3827 militibus,
1462 3760 1755 3827 imperator
1791 3753 2008 3822 quidem
2065 3743 2360 3801 Diocletia-

817 3880 956 3926 nus,
988 3859 1257 3914 accersito
1301 3851 1546 3907 Musonio
1579 3846 1805 3917 pneside
1836 3838 2170 3899 Antiocbize,
2207 3833 2361 3902 )nbet

816 3967 943 4009 eum
985 3950 1173 4004 venire
1225 3943 1510 4002 Edessam,
1551 3949 1606 3994 et
1642 3934 2012 3996 Christianos,
2059 3928 2151 3997 qui
2196 3927 2250 3979 in
2296 3936 2361 3976 ea

823 4050 982 4097 erant
1032 4038 1246 4100 inclusi,
1293 4036 1406 4089 sive
1447 4038 1604 4085 erant
1641 4023 1967 4086 communis,
2010 4020 2120 4076 sive
2165 4009 2362 4070 sacrati

820 4130 1031 4186 ordinis
1051 4171 1063 4193 ,
1097 4129 1164 4181 de
1204 4139 1301 4178 sua
1331 4124 1665 4188 interrogare
1697 4115 1978 4183 religione,
2005 4118 2061 4164 et
2097 4108 2178 4161 eis
2203 4106 2360 4158 finem

817 4223 947 4275 dare
971 4215 1407 4272 convenientem.
1429 4209 1564 4263 Cum
1587 4207 1633 4260 is
1661 4219 1791 4274 ergo
1815 4201 2054 4256 venisset
2080 4197 2358 4256 Edessam,

815 4320 874 4365 et
907 4310 1197 4363 Samonam
1231 4312 1286 4357 et
1323 4299 1546 4354 Curiam
1576 4297 1782 4365 primos
1819 4298 2065 4346 curasset
2092 4286 2363 4341 sistendos

2455 593 2530 662 τῷ
2564 593 2732 662 βωμῷ
2756 593 3092 655 ὲπιθύοντας.
3145 595 3287 663 Πρὸς
3319 593 3489 646 ταῦτα
3520 595 3549 645 6
3577 593 3857 659 Σαμωνάς,
3912 591 4006 657 Μὴ

2457 687 2682 751 γένοιτο,
2708 686 2834 752 εφη.
2867 685 2966 753 τὴν
2993 686 3170 754 ἀληθῆ
3205 687 3386 738 πίστιν
3423 685 3914 750 ἐγκαταλιπόντας,
3934 681 4007 735 δι’

2453 770 2518 845 ἦς
2569 777 2661 826 καὶ
2695 775 2961 826 ἀθανάτου
3022 774 3407 843 προσδοκῶμεν
3468 771 3766 839 ἀξιωθῆναι
3830 772 4003 838 ζωῆς,

2455 862 2652 930 χειρῶν
2705 863 2852 932 ἔργῳ
2906 863 3263 930 προστεθῆναι
3323 863 3413 912 καὶ
3463 862 3762 928 πλάσματι.
3826 861 3938 911 Καὶ
3977 862 4008 910 6

2454 951 2694 1021 ἡγεμὼν,
2747 953 2856 1015 Τὰς
2913 952 3195 1022 βασιλικὰς
3249 951 3448 1020 μᾶλλον
3496 953 3816 1019 προστάξεις
3859 950 4009 1012 δέον,

2459 1047 2598 1107 sine,
2647 1044 2887 1114 πληροῦν
2938 1046 3001 1096 ἐκ
3046 1045 3261 1106 παντός.
3320 1044 3378 1095 ’0
3427 1040 3657 1112 Γουρίας
3711 1041 4008 1110 ήμείϐετοο

2459 1137 2708 1206 Ἐξαρνοι
2746 1136 2843 1206 τῆς
2880 1135 3123 1204 καθαρᾶς
3167 1134 3322 1204 ήμῶν
3353 1133 3447 1186 καὶ
3482 1132 3632 1192 θείας
3652 1133 3752 1184 οὐκ
3772 1133 3834 1184 ἄν
3873 1147 4010 1183 ποτε

2455 1226 2740 1295 γενοίμεθα
2803 1225 3057 1288 πίστεως,
3092 1223 3360 1291 θελήματι
3416 1221 3672 1292 φθαρτῶν
3705 1219 4010 1295 ἀνθρώπων

2455 1294 2873 1377 ἀκολουθοῦντες
2899 1331 2912 1344 ’
2943 1315 3140 1384 ἔχομεν
3176 1315 3284 1386 γὰρ
3318 1314 3533 1382 Πατίρα
3560 1314 3616 1365 ἐν
3638 1313 3908 1382 οὐρανοῖς,
3943 1294 4007 1362 οὗ

2457 1408 2699 1477 ἑπόμεθα
2716 1405 2792 1476 τῷ
2820 1406 2941 1474 θελή
2953 1424 3078 1474 ματι
3104 1446 3118 1468 ,
3150 1424 3167 1456 ι
3193 1407 3378 1467 Ὅστις
3394 1404 3712 1474 ὁμολογήσει
3736 1404 3793 1454 tv
3810 1402 3957 1470 ἱμάς,
3985 1418 4004 1449 ι

2455 1499 2725 1567 λέγοντος,
2760 1517 2776 1547 ι
2811 1498 3117 1566 ἔμπροσθεν
3170 1498 3274 1549 τῶν
3308 1495 3634 1566 ἀνθρώπων,
3682 1494 4006 1562 ὁμολογήσω

2456 1588 2610 1651 κάγὼ
2642 1590 2697 1639 tv
2736 1587 2883 1655 αὐτῷ
2911 1587 3216 1656 ιμπροσθεν
3264 1586 3357 1638 τοῦ
3407 1585 3616 1654 Πατρός
3655 1600 3757 1651 μου
3816 1582 3911 1634 τοῦ
3947 1585 4010 1633 ἰν

2454 1683 2700 1751 οὐρανοῖς
2721 1698 2732 1712 ·
2759 1682 2815 1742 ὃς
2847 1681 2892 1731 δ’
2912 1681 2977 1734 ἂν
2998 1681 3300 1751 ἀρνήσηταί
3337 1697 3403 1750 με
3438 1677 3745 1749 ιμπροσθεν
3775 1677 3885 1728 τῶν
3915 1679 4010 1727 ἀν-

2456 1773 2707 1843 θρώπιον,
2743 1772 3046 1842 ἀρνήσομαι
3068 1770 3222 1838 κάγὼ
3255 1770 3416 1823 αὐτὸν
3441 1769 3745 1837 ἔμπροσθεν
3770 1766 3865 1820 τοῦ
3895 1767 4010 1819 [Ια-

2454 1866 2578 1932 τρός
2609 1881 2709 1930 μου
2736 1866 2830 1916 καὶ
2863 1865 2968 1915 τῶν
2995 1863 3239 1930 ἀγγέλων
3260 1862 3443 1915 αὑτοῦ.
3476 1879 3494 1912 ι
3529 1863 3637 1913 Καὶ
3667 1860 3696 1912 6
3723 1859 4009 1927 δικαστήςο

2456 1957 2568 2007 Οὐκ
2600 1953 2691 2007 οὖν
2727 1954 2858 2006 αὐτὸ
2909 1954 3000 2006 τοῦ
3037 1954 3298 2022 βασιλέως
3346 1951 3582 2021 αἱρεῖσθε
3607 1951 3854 2021 θέλημα;
3899 1948 4012 2002 Καὶ

2455 2044 2568 2106 πῶς
2601 2044 2700 2096 οὐκ
2725 2042 2789 2096 ἂν
2813 2045 2899 2111 εἴη
2924 2044 3032 2095 τῶν
3061 2045 3298 2108 ἀτόπων,
3328 2044 3394 2096 τὰ
3427 2043 3526 2112 μὲν
3551 2041 3881 2110 ἀνθρώποις,
3911 2041 4010 2091 καὶ

2453 2135 2625 2189 ταῦτα
2651 2136 2726 2205 μὴ
2754 2136 2893 2203 μέγα
2918 2152 2967 2186 τι
2999 2134 3120 2186 καθ’
3172 2137 3312 2204 ὑμᾶς
3361 2135 3699 2204 δυναμένοις,
3753 2131 4009 2197 δόξαντα.

2456 2229 2684 2280 ἐπὶτῶν
2733 2228 2914 2296 ιργων
2972 2226 3260 2289 ἐκϐαίνειν,
3308 2227 3402 2288 τὰς
3433 2226 3489 2278 δι
3531 2226 3638 2277 τῶν
3666 2223 4012 2294 κρατούντων

2455 2318 2773 2386 προστάξεις
2798 2317 3020 2385 ἀργεῖνς
3087 2317 3150 2368 Οἱ
3177 2315 3236 2367 τὸ
3277 2313 3372 2366 τοῦ
3401 2314 3660 2382 βασιλέως
3691 2313 3797 2364 τῶν
3854 2311 4011 2379 βασι-

2455 2406 2732 2470 λευόντων,
2767 2401 2916 2456 εἶπον
2935 2407 2983 2456 oi
3011 2404 3179 2471 ἅγιοι,
3214 2403 3422 2472 θέλημα
3468 2404 3743 2463 ποιοῦντες
3767 2401 4009 2470 θελημά-

2454 2514 2560 2550 των
2591 2496 2699 2549 τῶν
2728 2497 2824 2564 τῆς
2849 2496 3045 2564 σαρκὸς
3077 2496 3493 2548 καταπτύουσιν.
3525 2489 3654 2545 Εἶτα
3676 2491 3766 2545 τοῦ
3791 2491 4013 2561 ἡγεμό-

2455 2605 2562 2651 νος,
2597 2588 2645 2639 εί
2679 2586 2751 2656 μὴ
2787 2587 3078 2651 πεισθεῖεν,
3116 2585 3344 2638 θάνατον
3400 2584 3810 2650 ἀπειλήσαντος,
3837 2585 3866 2634 6
3901 2583 4011 2634 Σα-

2461 2679 2665 2747 μωνᾶς,
2721 2678 2834 2730 Οὐκ
2890 2675 3323 2746 ἀποθανούμεθα,
3377 2672 3552 2740 εἶπεν,
3584 2671 3901 2744 ῶτύραννε,
3938 2677 4010 2742 τῇ

2458 2769 2550 2823 τοῦ
2579 2769 2924 2839 Δημιουργοῦ
2967 2768 3181 2834 θελήσει
3233 2767 3515 2836 ιπόμενοι·
3548 2768 3746 2836 μᾶλλον
3780 2766 3877 2835 μὲν
3912 2764 4014 2817 οὖν

2457 2861 2551 2913 καὶ
2575 2859 2870 2928 ζησόμεθα.
2893 2860 2956 2912 Εί
2987 2859 3043 2911 δὲ
3061 2859 3130 2912 τὰ
3152 2857 3248 2911 τοῦ
3277 2857 3537 2926 βασιλέως
3560 2856 3712 2926 ὑμῶν
3732 2856 4012 2924 ἑλοίμεθα.

2459 2946 2516 3002 εὖ
2544 2952 2649 3003 ίσθι
2675 2950 2768 3013 ῶς,
2802 2952 2848 3001 εί
2876 2949 2948 3019 μὴ
2971 2949 3066 3002 καὶ
3094 2948 3252 3011 αὐτὸς
3283 2949 3428 3018 ἡμᾶς
3460 2949 3688 3011 ἀνέλοις,
3712 2948 3824 3000 ἀλλ’
3851 2950 4013 3018 ἡμεῖς

2458 3042 2642 3102 κακῶς
2665 3041 3035 3109 ἀπολούμεθα.

2527 3128 2599 3184 Δῖ.
2646 3129 2863 3198 Ἐπειδὴ
2891 3131 3094 3182 τούτων
3132 3131 3158 3182 6
3186 3130 3410 3200 ἡγεμὼν
3439 3131 3692 3199 ἧκουσεν,
3755 3129 4014 3197 Ἀνουίτῳ

2461 3221 2745 3289 ἐπιτρέπει
2782 3219 2857 3289 τῷ
2907 3221 3321 3290 κομενταρησίῳ
3377 3222 3634 3289 ἀσφαλῶς
3689 3221 3882 3282 αὐτοὺς
3931 3221 4013 3288 τῷ

2459 3309 2815 3379 δεσμωτηρίῳ
2843 3310 3123 3378 καθεῖρξαι
3146 3327 3160 3341 ⁶
3193 3311 3534 3381 δυσχεραίνει
3581 3313 3689 3379 γὰρ
3716 3313 3848 3378 πρὸς
3872 3312 4015 3380 ἀλήο

2462 3399 2610 3453 θείαν
2673 3399 3068 3452 ἐθελοκακοῦσα
3107 3402 3273 3472 ψυχή,
3322 3401 3397 3463 ὡς
3431 3401 3696 3469 ὀφθαλμοὶ
3731 3401 4016 3463 νοσοῦντες

2463 3491 2589 3558 περὶ
2615 3489 2715 3558 τὴν
2745 3488 2834 3540 τοῦ
2858 3491 3005 3558 ἡλίου
3029 3490 3408 3559 λαμπρότητα.
3444 3491 3529 3554 Ὠς
3559 3491 3614 3542 δὲ
3646 3491 3705 3542 τὸ
3728 3491 4018 3543 κελευσθὲν

2461 3574 2612 3641 οὗτος
2648 3581 2817 3632 ιποίει
2846 3582 2938 3632 καὶ
2961 3583 3082 3643 τοὺς
3116 3582 3393 3650 μάρτυρας
3419 3581 3625 3650 είλήφει
3653 3583 3714 3633 τὸ
3732 3583 4018 3651 δεσμωτή-

2465 3688 2600 3740 ριον,
2634 3672 2690 3722 εν
2725 3665 2769 3738 ᾧ
2798 3670 2862 3738 δὴ
2891 3671 2985 3723 καὶ
3013 3670 3221 3739 πληθὺς
3247 3672 3450 3740 ἑτάρων
3507 3672 3673 3738 ἁγίων
3707 3672 3812 3726 ὑπὸ
3844 3689 4016 3741 στραι-

2463 3761 2684 3823 τιώταις
2713 3760 2968 3827 ἀσφαλῶς
2998 3757 3420 3829 προκαθεῖρκτο,
3447 3764 3474 3814 6
3512 3761 3764 3830 βασιλεὺς
3786 3764 4017 3829 Διοκλη-

2461 3855 2666 3916 τιανὸς,
2689 3852 3017 3906 Μουσούνιον
3049 3853 3105 3903 ὲν
3126 3853 3428 3921 Ἀντιοχείᾳ
3457 3854 3547 3906 τὸν
3571 3855 3811 3924 ἡγεμόνα
3847 3871 4017 3923 μετα-

2467 3943 2842 4009 στειλάμενος,
2865 3940 3166 3992 meum;
3199 3940 3336 4009 πρὸς
3365 3941 3586 4011 Ἐδέσσῃ
3619 3942 3890 4008 γενέσθαι,
3921 3952 4019 3994 καὶ

2465 4033 2590 4092 τοὺς
2628 4034 2683 4083 tv
2712 4033 2846 4098 αὐτῇ
2875 4030 3294 4091 κατακλείστους
3327 4031 3706 4099 Χριστιανοὺς,
3735 4032 3800 4084 ἄν
3832 4049 3892 4085 τε
3919 4034 4017 4087 τοῦ

2467 4115 2645 4170 κοινοῦ
2699 4115 2978 4183 τάγματος
3029 4111 3164 4178 εἷεν,
3209 4113 3274 4168 ἄν
3323 4132 3381 4167 τε
3408 4116 3502 4168 τοῦ
3532 4119 3849 4186 ἱερωμένου.
3887 4123 4019 4187 περὶ

2467 4203 2758 4276 θρησκείας
2778 4204 3064 4270 ἀνακρῖναι
3085 4203 3184 4271 τῆς
3214 4203 3449 4266 ἑαυτῶν,
3481 4206 3571 4255 καὶ
3600 4206 3656 4256 τὸ
3684 4206 4016 4274 κατάλληλον

2466 4298 2758 4365 ἀπονεῖμαι
2801 4295 2974 4358 τέλος.
3007 4294 3121 4363 Τὴν
3150 4294 3410 4347 Ἔδεσσαν
3430 4296 3609 4348 τοίνυν
3637 4291 3792 4359 οὗτος
3841 4315 4018 4352 κατα·

815 4401 882 4453 ad
951 4395 1189 4450 tribunal
1231 4390 1519 4462 iudiciale,
1569 4386 1704 4439 dicit
1763 4385 1888 4438 eis:
1932 4379 2145 4434 Domini
2210 4376 2360 4428 orbis
2390 4388 2484 4468 Β)

2350 4390 2360 4428 ι
2390 4409 2437 4468 D
2467 4388 2663 4451 λαϐὼν,
2692 4387 2785 4440 καὶ
2813 4385 3074 4454 Σαμωνιν
3099 4385 3192 4436 καὶ
3227 4385 3454 4453 Γουρίαν
3479 4385 3727 4455 πρώτους
3761 4388 3833 4458 τῷ
3860 4389 4019 4442 δικιι⁸

817 4501 977 4543 terra:
1027 4485 1116 4539 hic
1171 4491 1254 4536 est
1305 4481 1511 4551 jussus,
1560 4487 1621 4532 ut
1674 4490 1772 4529 vos
1819 4488 1926 4526 arae
1975 4469 2124 4524 lovis
2173 4468 2356 4520 vinum

817 4577 1042 4635 libetis.
1083 4581 1145 4626 et
1189 4572 1316 4623 tbus
1370 4565 1679 4635 imponatis.
1727 4561 1823 4616 Sin
1869 4559 2082 4622 minus,
2123 4570 2223 4626 ego
2261 4570 2359 4609 vos

817 4667 985 4721 variis
1022 4671 1338 4717 consumam
1385 4654 1687 4725 suppliciis.
1738 4647 1948 4720 Corpus
1992 4656 2136 4702 enim
2178 4646 2358 4714 ﬂagris

817 4753 1087 4813 lacerabo.
1117 4750 1288 4802 donec
1321 4745 1632 4815 perveniam
1681 4755 1852 4810 usque
1877 4739 1944 4793 ad
1976 4741 2086 4807 ipsa
2115 4738 2356 4791 viscera:

820 4844 1100 4917 plumbum
1131 4849 1312 4894 autem
1345 4835 1568 4890 fervens
1595 4848 1704 4886 non
1735 4833 1884 4901 prius
1908 4830 2133 4884 cessabo
2165 4827 2360 4881 vestris

818 4914 994 4987 axillis
1046 4929 1370 4990 infundere,
1420 4939 1580 4994 quam
1627 4922 1683 4976 id
1734 4919 2031 4989 pervaserit
2083 4931 2250 4986 usque
2289 4914 2357 4969 ad

821 5023 1095 5077 intestina.
1156 5016 1362 5073 Deinde
1416 5013 1561 5069 nunc
1611 5012 1828 5082 quidem
1889 5009 2164 5068 manibus.
2213 5020 2359 5059 nunc

819 5126 951 5167 vero
998 5109 1225 5180 pedibus
1261 5105 1624 5176 suspendam,
1667 5101 2017 5172 et,eﬂlciam.
2048 5109 2108 5153 ut
2145 5099 2360 5152 solvan-

825 5209 914 5256 tur
953 5214 1241 5269 compages
1277 5197 1627 5253 articulorum
1668 5213 1680 5248 :
1729 5209 1974 5263 novaque
2020 5201 2077 5248 et
2119 5194 2359 5248 inaudita

823 5290 1144 5361 excogitabo
1192 5288 1496 5358 supplicia,
1547 5301 1666 5355 qua
1712 5281 1812 5341 nec
1871 5286 2098 5341 omnino
2143 5269 2360 5357 quidem

827 5380 970 5436 ferre
1001 5379 1265 5450 poteritis.

945 5729 965 5763 ³
998 5725 1183 5780 Hattb.
1232 5741 1283 5783 ι,
1314 5724 1401 5790 32,
1452 5723 1539 5778 3‘5.

2456 4479 2623 4548 στικῷ
2658 4478 3150 4548 παραστησάμενος
3185 4478 3411 4549 βήματι,
3436 4479 3570 4546 φησὶ
3603 4479 3739 4549 πρὸς
3784 4481 4011 4544 αὐτούς·

2457 4569 2562 4621 Τοῦ
2591 4569 2688 4636 τῆς
2715 4567 3037 4636 οίκουμίνης
3079 4553 3440 4632 δεσπόζοντος
3493 4567 3633 4639 αὕτη
3689 4570 4012 4639 πρόσταξις,

2457 4654 2596 4712 οῐνον
2625 4658 2703 4726 τῷ
2725 4656 2817 4708 τοῦ
2846 4657 2966 4717 Διὸς
2993 4656 3138 4725 ὑμᾶς
3173 4659 3395 4710 σπεῖσαι
3435 4657 3623 4727 βωμῷ,
3661 4661 3756 4712 καὶ
3784 4661 4014 4714 λιϐανωο

2457 4748 2546 4801 τὸν
2571 4748 2838 4801 ἐπιθεῖναι
2866 4761 2880 4775 ⁸
2909 4749 2958 4798 εί
2988 4746 3031 4797 δ’
3058 4745 3173 4811 οὖν,
3229 4747 3363 4799 ἀλλά
3393 4748 3665 4811 ποικίλαις
3712 4750 3858 4818 ὑμᾶς
3885 4752 4010 4804 ἀνα-

2459 4839 2615 4890 λώσω
2668 4837 2921 4907 βασάνοις
2947 4850 2963 4866 ’
3005 4835 3222 4905 μάστιξι
3265 4837 3371 4906 γὰρ
3402 4837 3463 4889 τὺ
3493 4839 3650 4907 σῶμα
3700 4841 4013 4906 καταξανῶ,

2465 4929 2655 4998 μέχρις
2669 4931 2732 4980 ἂν
2747 4927 2955 4980 καὶτῶν
2993 4927 3310 4994 σπλάγχνων
3340 4927 3515 4980 αὐτῶν
3549 4929 3886 4999 καθίκωμαι.
3909 4932 4019 4984 Μό-

2461 5018 2650 5070 λυσδον
2677 5017 2734 5070 δὲ
2764 5018 2951 5081 ζέοντα
2985 5018 3046 5069 οὐ
3078 5018 3342 5085 πρότερον
3370 5017 3638 5089 ἀφίξομαι
3662 5023 3776 5082 ταῖς
3801 5025 4019 5092 μασχά.

2461 5109 2578 5172 λαις
2613 5107 2766 5176 ὑμῶν
2793 5108 3001 5176 ἐγχέων
3036 5108 3166 5178 πρὶν
3205 5109 3270 5161 ἀν
3295 5110 3386 5160 καὶ
3416 5109 3577 5170 αὐτὸς
3621 5112 3846 5181 χωρήσῃ
3874 5115 4015 5166 κατά

2463 5199 2571 5251 τῶν
2600 5197 2902 5250 ινδοσθίων.
2951 5195 3079 5250 Εἶτα
3124 5197 3218 5250 νῦν
3254 5199 3352 5266 μιν
3382 5197 3578 5267 χειρῶν
3609 5201 3687 5261 είς
3726 5201 4005 5271 τοιοῦτον,

2468 5290 2561 5340 νῦν
2582 5287 2638 5372 ει
2665 5288 2841 5342 ποδῶν
2874 5289 3184 5358 ἀναρτήσω,
3213 5288 3321 5357 ὅσῳ
3341 5289 3436 5341 καὶ
3465 5290 3562 5351 τὰς
3586 5289 3851 5357 ἁρμονίας
3872 5309 4017 5361 παρ.

2469 5375 2655 5443 εθῆναι
2683 5376 2790 5428 τῶν
2821 5376 3060 5446 ἄρθρων,
3093 5378 3415 5445 καινοτέρας
3436 5393 3492 5428 τε
3521 5384 3617 5430 καὶ
3641 5378 3860 5442 μείζους
3887 5383 4009 5434 επι-

2469 5463 2796 5530 τεχνάσομαι
2819 5463 3109 5534 τιμωρίας,
3161 5464 3225 5530 ἃς
3257 5465 3375 5516 οὐδὲ
3422 5465 3737 5532 ὑπενεγκεῖν
3764 5467 3896 5528 ὅλως
3924 5468 4012 5521 δυ-

2474 5550 2621 5602 νατοὶ
2650 5547 2854 5605 ισεσθε.

2997 5689 3017 5723 1
