4226 6418
280 414 347 472 3'7
1124 408 1588 471 MARTYRIUM
1629 410 1686 469 S.
1726 407 1987 469 GURl/E
2027 411 2121 469 ET
2162 409 2571 471 SOCIURUM-

249 523 348 575 ιτυῦ
378 523 449 587 ἀγ
460 522 536 571 ίου
570 536 583 550 ·

241 608 349 659 ὑπὸ
376 609 473 675 τῆς
510 607 745 677 βασάνου
770 650 782 671 ,
809 610 922 661 ἀλλ’
946 606 1038 661 οὖν
1068 610 1262 673 αὐτοὺς
1296 611 1393 677 μὲν
1426 610 1543 663 οὐδὲ
1573 611 1796 679 ἀποκρίο

246 716 385 760 σεως
416 700 569 767 ἠξίου
598 702 763 761 τινὸς,
790 700 1044 767 οἰμώζειν
1070 702 1192 765 ὲῶν,
1227 703 1318 754 καὶ
1354 704 1575 764 ἑαυτοὺς
1604 703 1799 770 μᾶλλον

247 789 455 849 ἐλέους,
486 792 585 841 οὐκ
613 791 820 840 ἐκεῖνον
867 790 1116 858 ἡγεῖσθαι
1148 792 1297 855 ἀξιον
1321 808 1333 821 ·
1366 794 1441 853 εἰς
1473 792 1697 861 οὐρανὲν
1745 793 1798 843 δὲ

245 880 309 931 τὸ
368 880 524 948 δμμα
580 881 797 950 διάρας,
855 883 933 950 τῷ
978 882 1097 952 Θεῷ
1136 883 1199 933 ἑκ
1233 882 1426 952 βάθους
1456 883 1552 950 τῆς
1582 884 1797 951 καρδίας

245 970 613 1038 προσηύχετο,
676 974 771 1023 καὶ
826 972 934 1023 τῶν
983 972 1041 1034 ιε
1076 972 1269 1032 αἰῶνος
1303 970 1463 1025 αὐτὸν
1496 972 1797 1040 ἐμίμνησκε

244 1060 589 1131 Θαυμασίων,
626 1062 794 1132 Κύριε
828 1066 855 1115 6
884 1063 1037 1128 Θεὸς,
1075 1064 1248 1130 λέγων
1270 1103 1283 1127 ,
1316 1064 1378 1115 οὐ
1418 1064 1642 1131 καρδίαν
1676 1063 1802 1114 πλα-

240 1154 409 1212 τὺνας
452 1152 531 1221 τῷ
568 1153 734 1204 Δαυῒδ
771 1157 827 1206 ὲν
861 1157 978 1211 ταῖς
1032 1154 1311 1220 θλίψεσιν,
1351 1154 1377 1204 6
1425 1153 1502 1219 τῷ
1550 1154 1799 1221 προφήτῃ

245 1242 447 1311 Δανιὴλ
529 1243 670 1295 κατὰ
750 1244 975 1296 λεόντων
1053 1243 1205 1312 ἰσχὺν
1278 1241 1542 1304 δεδωκὼς,
1606 1244 1633 1294 6
1678 1245 1800 1306 τοὺς

257 1332 653 1400 Ἀςραμιαιονς
684 1334 877 1395 παῖδας
922 1334 1188 1404 τυράννου
1225 1334 1449 1404 νικητάς
1490 1333 1580 1385 καὶ
1611 1333 1799 1400 φλογὸς

241 1420 543 1485 ἀναδείξας,
591 1423 749 1483 αὑτὶς
800 1426 891 1475 καὶ
928 1422 1040 1485 νῦν,
1100 1423 1289 1491 Κύριε,
1328 1424 1419 1476 τὸν
1485 1423 1603 1474 καθ’
1647 1422 1801 1491 ἡμῶν

243 1512 397 1563 ἔπιδε
434 1514 690 1583 πόλεμον,
733 1516 759 1565 6
806 1514 905 1583 τῆς
954 1515 1230 1584 ἡμετέρας
1278 1512 1431 1577 εἰδὼς
1463 1514 1674 1581 φύσεως
1705 1514 1799 1581 τὴν

242 1604 527 1656 ἀσθένειαν
560 1607 867 1672 ’πειρᾶται
920 1606 1027 1672 γὰρ
1084 1607 1110 1655 6
1178 1606 1371 1674 ἐχθρὸς
1425 1606 1484 1656 τὸ
1539 1605 1635 1672 τῆς
1702 1603 1795 1671 σῆς

244 1692 476 1760 πλάσμα
539 1696 717 1763 χειρὸς
777 1694 929 1763 δόξης
989 1696 1290 1765 ἀποστῆσαι
1348 1696 1443 1763 τῆς
1497 1695 1645 1765 παρά
1697 1695 1795 1747 σοί.

255 1786 400 1835 Ἀλλ’
424 1787 606 1849 αὐτὸς,
642 1786 1009 1855 φιλανθρώπῳ
1045 1805 1138 1841 σου
1173 1790 1379 1857 όμματι
1403 1787 1629 1857 εὐμενὲς
1669 1790 1800 1854 ἡμῖν

242 1876 565 1943 ἐπιϐλέψας,
580 1878 851 1949 ἀσΰεστον
881 1879 976 1946 μὲν
997 1877 1091 1929 τὸν
1110 1880 1300 1947 λύχνον
1324 1878 1430 1930 τῶν
1456 1880 1561 1930 σῶν
1579 1878 1801 1931 ἐντολῶν

242 1970 303 2018 ἑν
358 1969 487 2035 ἡμῖν
534 1967 878 2037 διατήρησον,
930 1968 1007 2037 τῷ
1059 1970 1135 2036 σῷ
1177 1970 1233 2020 δὲ
1275 1972 1413 2036 φωτὶ
1450 1970 1545 2031 τάς
1592 1969 1805 2040 τρ’6ους

247 2060 409 2126 ἡμῶν
441 2059 792 2122 κατεύθυνον,
834 2060 927 2112 καὶ
956 2062 1049 2128 τῆς
1080 2063 1140 2112 ἐν
1178 2060 1261 2113 σοι
1292 2058 1596 2113 ἀπολαῦσαι
1630 2076 1801 2128 μακα-

255 2151 501 2217 ριότητος
552 2152 893 2214 καταξίωσον
922 2169 935 2181 ’
975 2154 1055 2205 ὅτι
1100 2152 1389 2220 εὐλογητὸς
1444 2148 1495 2203 εἷ
1549 2152 1625 2212 εις
1681 2152 1805 2212 τοὺς

244 2243 473 2302 αἰῶνας.
511 2242 727 2311 Ταύτην
765 2244 863 2309 μὲν
898 2238 1225 2304 οὖνὲκείνος
1252 2243 1327 2311 τῷ
1354 2241 1659 2312 ἀγωνοθέτῃ
1690 2239 1806 2309 Θεῴ

246 2335 347 2399 τὴν
378 2332 729 2403 εὐχαριστίαν
758 2333 1069 2402 ἀνέπεμπε.
1121 2334 1240 2386 Τῶν
1263 2332 1619 2403 ὑπογραφέων
1641 2330 1694 2381 δέ
1724 2346 1804 2391 τις

247 2424 536 2491 παρεστὼς
573 2424 889 2493 διεχάραττε
930 2424 997 2476 τὰ
1041 2424 1334 2492 λεγόμενα.

327 2690 403 2741 Θ’.
446 2690 550 2739 Καὶ
580 2690 607 2740 6
639 2690 861 2757 ἡγεμὼν
891 2690 1095 2742 ἀνεῖναι
1125 2691 1220 2755 τῆς
1254 2690 1520 2758 τιμωρίας
1546 2690 1702 2742 αὐτὸν
1730 2692 1803 2758 τῷ

255 2780 671 2847 κομενταρησὶῳ
717 2779 985 2831 ἐκέλευεν.
1058 2781 1117 2831 ’0
1174 2779 1230 2832 δὲ
1274 2779 1414 2832 οὓτω
1470 2780 1802 2848 πεποιηκὼς.

260 2872 357 2922 καὶ
396 2870 531 2938 μετά
584 2870 692 2920 τῶν
739 2870 1004 2921 συνόντων
1060 2868 1417 2932 διαδαστάσας
1470 2871 1803 2938 ἀπειρηκότα

254 2961 355 3027 ἠδη
392 2962 507 3020 ταῖς
536 2959 847 3027 ἀλγηδόσιν,
884 2961 941 3009 ἐν
973 2961 1041 3027 τῇ
1080 2959 1321 3028 προτέρᾳ
1363 2960 1572 3029 φυλακῇ
1612 2961 1805 3028 φέρον-

250 3068 364 3112 τες,
393 3050 469 3117 τῷ
499 3050 627 3119 ίερῷ
652 3051 851 3119 Γουρίᾳ
882 3049 1247 3117 παρατιθείσι.
1297 3049 1405 3101 Καὶ
1429 3049 1491 3119 δὴ
1520 3066 1807 3103 πεντεκαι-

3339 414 3443 476 138

620 520 826 581 ἐκεῖνος
853 520 959 589 γὰρ
986 560 1000 585 ,
1036 522 1211 574 καίτοι
1240 523 1451 590 πικρῶς
1482 522 1798 590 πιεζόμενος
1826 523 1870 580 Α
1903 519 2031 574 fecit
2064 523 2101 575 ⁸.
2154 523 2245 576 Ille
2282 542 2289 575 ι

1777 538 1798 581 ς
1826 523 1870 580 Α
1903 519 2031 574 fecit
2064 523 2101 575 ⁸.
2154 523 2245 576 Ille
2282 525 2423 577 enim
2482 524 2582 577 etsi
2642 525 2833 578 acerbe
2884 535 3219 592 premeretur
3266 543 3294 579 a
3336 536 3446 580 tor-

1902 623 2103 677 mento,
2158 614 2303 681 ipsos
2333 630 2397 668 ne
2418 615 2526 667 ullo
2549 615 2769 683 quidem
2801 617 3132 685 dignabatur
3160 632 3441 684 responso.

1901 703 2082 757 sincns
2113 718 2206 757 eos
2240 705 2442 772 lugere,
2491 716 2546 759 et
2588 721 2642 759 se
2676 705 2876 770 potius,
2904 724 3009 759 non
3044 707 3191 760 illum
3224 707 3444 775 dignum

1903 806 2123 847 censere
2155 794 2544 848 misericordia.
2577 795 2628 848 lu
2665 798 2859 849 caelum
2892 808 3070 849 autem
3104 796 3300 849 tollens
3320 812 3450 850 ocu-

1901 884 2000 947 los,
2039 886 2361 953 precabatur
2415 886 2578 939 Deum
2606 902 2669 939 ex
2724 886 2995 954 profundo
3043 888 3255 950 cordis,
3291 897 3347 941 et
3397 891 3445 940 ei

1906 978 2196 1031 revocabat
2240 978 2290 1030 in
2348 979 2661 1030 memoriam
2721 978 3005 1041 miracula,
3052 993 3220 1046 quea
3252 982 3449 1033 saeculo

1908 1067 2049 1121 facta
2087 1077 2213 1121 sunt
2250 1084 2263 1121 :
2308 1068 2532 1122 Domine
2572 1068 2736 1131 Deus,
2783 1069 2989 1134 dicens,
3036 1070 3153 1123 sine
3193 1086 3300 1137 quo
3349 1085 3449 1123 nec

1902 1160 2244 1227 passerculus
2270 1160 2489 1228 quidem
2510 1160 2663 1213 cadet
2692 1162 2744 1213 in
2776 1161 3025 1229 laqueum
3050 1163 3069 1192 ⁹
3097 1180 3109 1215 :
3141 1164 3231 1229 qui
3264 1162 3447 1215 Davidi

1902 1252 2139 1305 dilatasti
2201 1265 2296 1305 eor
2350 1251 2403 1304 in
2458 1252 2840 1305 atllictionibus
2877 1254 2916 1284 ιο
2968 1270 2979 1315 ;
3026 1253 3117 1321 qui
3169 1254 3448 1321 propheta:

1904 1344 2107 1397 Danieli
2172 1342 2280 1393 vim
2324 1343 2521 1395 dedisti
2578 1344 2740 1395 etiam
2771 1352 2957 1396 contra
3010 1345 3262 1397 leones“
3305 1363 3317 1395 :
3352 1346 3444 1411 qui

1902 1440 2097 1491 pueros
2129 1432 2459 1484 Aliratniaaos
2487 1440 2541 1484 et
2596 1434 2809 1499 tyranni
2846 1443 2898 1486 et
2946 1432 3174 1487 ﬂantum
3219 1430 3451 1487 victores

1902 1518 2128 1573 eifecisti
2158 1523 2197 1552 ¹¹
2232 1538 2245 1585 ;
2290 1531 2343 1574 tu
2410 1537 2623 1590 quoque
2672 1538 2835 1585 nunc,
2892 1524 3137 1587 Domine,
3174 1526 3351 1592 aspice
3384 1526 3448 1577 ad

1906 1609 2123 1673 bellum,
2196 1612 2338 1679 quod
2393 1623 2583 1665 contra
2638 1629 2735 1667 nos
2790 1614 3028 1682 geritur,
3087 1618 3179 1682 qui
3254 1626 3452 1669 nostrae.

1905 1716 2109 1754 natura:
2161 1706 2299 1755 nosti
2368 1704 2817 1758 imbecillitatem.
2874 1704 3114 1758 Cunatur
3153 1708 3296 1759 enim
3353 1707 3454 1759 ini-

1906 1794 2083 1844 micus
2115 1792 2427 1856 ﬁgmentum
2466 1804 2569 1845 tuae
2599 1792 2833 1847 dextera:
2858 1806 3105 1848 avertere
3143 1798 3210 1848 ab
3240 1813 3302 1850 ea
3331 1814 3452 1866 qua:

1907 1890 1988 1935 est
2016 1882 2154 1950 apud
2194 1892 2243 1935 te
2278 1882 2465 1950 gloria.
2526 1882 2630 1937 Sed
2670 1895 2727 1937 tu
2767 1884 3013 1953 benignis
3060 1887 3165 1939 tuis
3212 1902 3312 1940 nos
3372 1890 3452 1940 in-

1910 1979 2065 2025 tuens
2121 1972 2314 2033 oculis,
2361 1985 2618 2024 conserva
2676 1970 2727 2023 in
2765 1971 2959 2033 nobis,
3012 1988 3133 2039 quae
3181 1974 3449 2042 exstingui

1907 2077 2014 2115 non
2048 2070 2247 2129 potest,
2294 2062 2569 2114 lucernam
2630 2071 2842 2113 tuorum
2893 2063 3268 2117 mandatorum
3306 2082 3318 2117 :
3363 2074 3452 2117 tua

1906 2164 2088 2207 autem
2119 2154 2239 2207 luce
2268 2153 2435 2221 dirige
2485 2162 2694 2205 nostras
2753 2152 2990 2215 semitas,
3018 2162 3072 2206 et
3096 2153 3317 2222 dignare
3353 2170 3451 2208 nos:

1906 2243 2007 2296 frui
2048 2259 2131 2307 ca,
2164 2258 2283 2311 qua:
2334 2252 2415 2295 est
2480 2242 2530 2293 in
2574 2250 2643 2301 te.
2678 2241 3011 2295 beatitudine
3045 2259 3059 2296 :
3092 2243 3345 2309 quoniam
3391 2259 3451 2298 es

1905 2334 2229 2388 benedictus
2259 2334 2311 2386 in
2335 2334 2526 2387 saeula
2550 2335 2889 2386 saeculorum.
2912 2336 3083 2401 Atque
3108 2336 3195 2388 ille
3223 2337 3443 2404 quidem

1905 2425 2243 2493 agonotbeta:
2275 2425 2383 2478 Dco
2422 2424 2699 2477 emittebat
2748 2424 2885 2477 hanc
2931 2426 3221 2493 gratiarum
3274 2428 3447 2479 actio-

1904 2530 2025 2567 nem
2054 2533 2066 2567 :
2094 2516 2313 2584 quidam
2362 2525 2541 2567 autem
2579 2515 2779 2577 scriba,
2825 2516 2915 2583 qui
2976 2516 3184 2581 aderat,
3247 2517 3446 2571 litteris

1906 2605 2176 2660 mandavit
2213 2620 2331 2673 qure
2368 2606 2507 2659 dicta
2539 2614 2685 2658 sunt.

1977 2698 2066 2750 IX.
2107 2698 2276 2752 Jussit
2330 2706 2509 2750 autem
2555 2711 2752 2764 praeses
2802 2701 3275 2754 commentariensi
3327 2716 3449 2755 eum

1921 2792 2131 2844 solvere
2172 2804 2199 2842 a
2235 2787 2521 2857 supplicio.
2587 2788 2676 2841 llle
2706 2804 2832 2842 vero
2870 2805 2991 2843 eum
3035 2792 3114 2845 sic
3138 2794 3371 2854 lecisset.
3399 2804 3454 2845 ct

1907 2892 2173 2945 portasset
2223 2899 2344 2936 eum
2379 2885 2444 2938 iis
2484 2884 2575 2951 qui
2625 2884 2850 2949 aderant
2882 2887 2989 2953 jam
3042 2886 3321 2939 doloribus
3356 2887 3452 2941 de-

1908 2977 2106 3029 lcssum
2143 2984 2197 3028 et
2222 2975 2548 3042 confectum,
2599 2978 2649 3029 in
2706 2979 2940 3045 priorem
2994 2979 3227 3033 ferentes
3272 2989 3454 3034 custo-

1908 3065 2076 3127 diam,
2100 3065 2379 3133 deponunt
2400 3067 2549 3135 juxta
2568 3078 2811 3120 sanctum
2844 3069 3083 3122 Gut-iam.
3108 3070 3241 3123 Cum
3273 3079 3451 3123 autem

255 3141 491 3207 δεκάτην
522 3140 906 3201 ἁναὸαίνοντος
935 3139 1026 3191 τοῦ
1074 3140 1385 3207 Νοεμϐρίου
1414 3140 1603 3203 νυκτὸς
1640 3140 1805 3208 οὔσης
1833 3166 1872 3222 C
1907 3171 1924 3208 ί

1785 3158 1872 3222 ξε
1907 3165 2049 3208 esset
2079 3156 2397 3209 Novembris
2419 3158 2664 3211 decimus
2723 3160 2970 3225 quintus,
3007 3171 3168 3215 noctu
3234 3162 3454 3214 circiter

251 3233 381 3298 περὶ
414 3231 787 3301 ἀλεκτρυόνων
809 3230 975 3298 ᾠδὰς,
998 3230 1195 3297 ἀνέστη
1220 3234 1245 3283 ό
1266 3232 1505 3299 ἡγεμών
1530 3230 1805 3300 λαμπάδες

250 3339 308 3372 τε
347 3326 438 3373 καὶ
473 3322 761 3389 δορυφόροι
804 3320 995 3371 τούτου
1044 3322 1333 3389 προῄεσαν.
1390 3321 1495 3373 Καὶ
1528 3323 1624 3391 τὴν
1656 3322 1807 3389 βασι-

253 3412 409 3478 λικὴν
448 3411 745 3478 λεγομένην
804 3408 1125 3461 καταλαόὼν
1172 3410 1403 3477 ὅποιπερ
1454 3410 1603 3479 αὐτῷ
1638 3412 1698 3462 τὸ
1726 3412 1804 3463 δι-

252 3505 547 3569 καστήριον
601 3500 1024 3569 συγκεκρότητο,
1085 3500 1177 3550 επὶ
1235 3498 1327 3550 τοῦ
1377 3498 1614 3567 βήματος
1643 3501 1801 3552 σοϐα-

256 3591 362 3657 ρῶς
391 3588 828 3656 προκαθέζεται·
866 3592 957 3640 καί
990 3588 1113 3649 τοὺς
1156 3588 1391 3656 ἀθλητάς
1439 3590 1664 3657 Γουριαν
1715 3592 1807 3641 καί⁶

255 3682 525 3747 Σαμωνᾶν
588 3678 1031 3747 μεταστέλλεται.
1090 3680 1198 3731 Καὶ
1250 3679 1276 3729 ό
1326 3680 1424 3745 μὲν
1463 3680 1586 3746 ἣκει
1643 3682 1805 3749 μέσος

252 3774 399 3824 δυοῖν
431 3769 905 3837 πορευόμενοςκαὶ
931 3771 1047 3831 ταῖς
1078 3769 1335 3836 ἑκατέρου
1359 3772 1543 3838 χερσὶν
1574 3770 1805 3839 ὑποστη-

258 3863 537 3929 ριςάμενος
563 3876 576 3889 ·
628 3861 659 3925 ἢ
691 3875 749 3910 τε
789 3860 895 3926 γὰρ
926 3859 1107 3909 ἀσιτία
1163 3859 1370 3921 ἐπίεζε,
1413 3861 1503 3911 καὶ
1540 3862 1599 3910 τὸ
1633 3862 1804 3929 γῆρας

255 3953 509 4017 εεάρυνε,
545 3949 707 4017 μόνης
756 3950 918 4001 αὺτὸν
950 3949 1047 4014 τῆς
1102 3949 1311 4017 ἀγαθῆς
1354 3949 1564 4011 ἐλπίδος
1603 3951 1808 4018 ἀναψυ-

254 4043 479 4111 χοὺσης.
525 4039 580 4092 '0
628 4040 684 4091 δὲ
730 4039 960 4107 Γουρίας
1010 4041 1102 4090 καὶ
1132 4040 1292 4101 αὐτὸς
1323 4040 1808 4109 διαϐασταζόμενος

254 4134 467 4198 ἄγεται,
502 4130 635 4198 μηδὲ
665 4129 897 4197 βαδίζειν
929 4129 1064 4191 ὅλως
1094 4128 1407 4199 δυνάμενος,
1438 4130 1530 4182 ἅτε
1562 4131 1807 4198 χαλεπῶς

256 4220 405 4287 αὑτῷ
450 4221 543 4271 τοῦ
599 4221 752 4280 ποδὸς
798 4220 901 4270 ὑπὸ
935 4220 1027 4271 τοῦ
1056 4220 1255 4287 δεσμοῦ
1308 4221 1623 4288 πληγέντος.
1671 4223 1807 4288 11;.6;

259 4310 353 4369 οὒς
381 4313 408 4360 6
439 4310 531 4377 τῆς
566 4310 812 4369 ἀσεϐείας
849 4308 1229 4379 ὑπασπιστὴς,
1271 4308 1475 4371 ’Δδείας
1496 4347 1510 4372 ,
1540 4310 1644 4378 ἔφη
1669 4350 1683 4374 ,
1715 4313 1805 4361 λα-

261 4404 503 4470 ϐόμενοι,
541 4403 668 4469 περὶ
701 4400 792 4453 τοῦ
846 4402 1151 4462 λυσιτελοῦς
1199 4402 1325 4471 ὑμῖν
1356 4402 1804 4470 συνδιεσκὲψασθε

1908 3246 2029 3313 galli
2060 3257 2276 3298 cantum
2329 3246 2566 3299 surrexit
2596 3248 2757 3317 juelex
2788 3267 2797 3302 :
2833 3266 2954 3303 eum
3008 3266 3137 3305 vero
3182 3254 3453 3320 praecede-

1910 3337 2040 3388 bant
2064 3336 2338 3403 lampades
2378 3345 2430 3388 et
2471 3338 2725 3390 satellites
2752 3356 2762 3389 :
2794 3349 2847 3391 et
2890 3355 3011 3393 cum
3047 3343 3110 3393 ad
3174 3341 3452 3411 basilicam

1907 3426 2165 3487 venisset,
2206 3440 2323 3492 qum
2353 3425 2572 3489 dicitur,
2610 3428 2701 3480 ubi
2730 3438 2842 3480 erat
2875 3429 3159 3496 judicium,
3188 3446 3309 3484 cum
3348 3447 3455 3484 ma-

1908 3530 2012 3584 gno
2042 3516 2181 3568 fastu
2213 3516 2362 3569 sedet
2416 3531 2512 3583 pro
2542 3518 2817 3579 tribunali,
2869 3529 2923 3572 et
2968 3522 3454 3575 accersitatbletas

1914 3608 2131 3661 Guriam
2177 3617 2231 3659 et
2263 3607 2568 3659 Samonam.
2605 3608 2670 3660 Et
2708 3610 2793 3661 hic
2826 3611 3047 3675 quidem
3080 3605 3227 3664 venit
3266 3615 3456 3667 ambu-

1910 3698 2030 3751 lans
2061 3698 2113 3749 in
2152 3698 2329 3750 medio
2354 3697 2582 3750 duorum
2614 3710 2668 3752 et
2696 3700 2857 3753 fultus
2884 3703 3163 3771 utriusque
3182 3706 3452 3758 manibus.

1910 3786 2039 3840 Nam
2091 3799 2146 3841 et
2180 3789 2458 3855 premebat
2516 3790 2714 3853 int-dia,
2783 3801 2834 3846 et
2878 3795 3132 3861 gravabat
3181 3804 3451 3859 senectus,

1910 3878 2046 3931 bona
2079 3893 2171 3947 spe
2193 3880 2532 3932 solummodo
2564 3897 2686 3933 eum
2726 3883 3102 3954 refrigerante.
3127 3886 3325 3940 Gurias
3358 3903 3455 3940 au-

1914 3978 2018 4023 tem
2048 3972 2160 4037 ipse
2190 3986 2403 4040 quoque
2425 3980 2668 4036 portatus
2692 3976 2908 4029 ducitur
2931 4016 2943 4037 ,
2984 3985 3041 4030 ut
3091 3980 3181 4047 qui
3211 3994 3309 4033 nec
3332 3994 3454 4046 pos-

1905 4067 1992 4111 set
2026 4059 2248 4111 omnino
2305 4059 2529 4127 ingredi,
2597 4070 2782 4129 utpote
2829 4064 2972 4130 quod
3026 4080 3119 4133 pes
3172 4068 3219 4119 ei
3264 4067 3455 4120 fuisset

1910 4150 2142 4216 graviter
2178 4162 2205 4199 a
2241 4150 2456 4203 vinculo
2487 4154 2775 4206 sauciatus.
2811 4154 2887 4206 Ad
2920 4171 3054 4221 quos
3088 4156 3456 4211 defensorim-

1910 4236 2122 4302 pietatis
2156 4254 2167 4288 :
2202 4237 2335 4290 Cum
2368 4238 2512 4301 data,
2564 4240 2757 4307 inquit,
2822 4242 2983 4295 fuerit
3011 4243 3161 4297 vobis
3193 4254 3451 4312 potestas,

1911 4325 1975 4377 de
2004 4340 2068 4378 eo
2113 4328 2256 4393 quod
2314 4336 2397 4379 est
2432 4328 2583 4380 vobis
2628 4330 2991 4393 conducibile,
3029 4333 3187 4386 simul
3249 4334 3455 4387 delibe-

1918 4421 2100 4471 rastis.
2128 4418 2299 4471 Dicite
2326 4434 2483 4487 ergo,
2515 4435 2581 4472 an
2620 4423 2742 4473 novi
2772 4422 2973 4490 aliquid
2997 4424 3067 4475 sit
3091 4439 3117 4476 a
3143 4424 3297 4478 vobis
3323 4440 3451 4478 con-

261 4496 329 4547 ᾶν
356 4511 369 4523 ·
413 4495 657 4562 φράσατε
702 4493 793 4544 οὒν
836 4493 965 4544 εἴτι
997 4494 1309 4561 καινότερον
1358 4494 1486 4561 ὑμῖν
1528 4496 1808 4558 ἔσκεπται,
1844 4484 1930 4561 οε

1784 4533 1808 4558 κο
1844 4484 1885 4537 D
1913 4508 2212 4561 sideratum
2251 4548 2263 4571 ,
2301 4518 2355 4560 et
2389 4484 2453 4561 an
2490 4510 2729 4577 priorum
2762 4484 3055 4580 vos-aliqua
3092 4513 3453 4583 subieritpoe-

261 4586 357 4638 καὶ
396 4586 444 4635 εί
488 4584 747 4651 μετάνοιά
776 4599 858 4645 τις
899 4584 1147 4651 εἰσῆλθεν
1176 4584 1316 4651 ὑμᾶς
1344 4584 1436 4635 ἐπὶ
1478 4587 1589 4648 τοῖς
1617 4585 1809 4655 προτέ-

264 4692 398 4745 ροις,
437 4677 532 4725 καὶ
590 4678 651 4741 τῇ
698 4672 791 4725 τοῦ
856 4672 1132 4725 Θειοτάτου
1189 4672 1451 4741 βασιλέως
1513 4678 1807 4743 προστάξει

259 4766 515 4819 πείθεσθε
544 4781 555 4793 ·
586 4764 729 4817 οὕτω
772 4768 879 4835 γὰρ
922 4765 988 4817 ἂν
1034 4765 1141 4817 τῶν
1183 4780 1242 4816 τε
1276 4766 1489 4819 οίκειων
1518 4768 1808 4835 κτημάτων

260 4857 395 4925 όμοῦ
420 4856 514 4907 καὶ
532 4854 851 4924 χρημάτων,
885 4854 1019 4907 ἀλλά
1053 4853 1261 4906 καὶτοῦ
1293 4855 1627 4921 γλυκυτάτου
1657 4857 1807 4909 τοῦδε

261 4949 437 5016 φωτὸς
460 4947 825 5013 ἀπολαύσητε.
847 4946 987 5014 Πρὸς
1006 4944 1173 4997 ταῦτα
1201 4946 1247 4996 oi
1278 4946 1569 5014 μάρτυρες,
1598 4948 1801 5009 Οὐδεὶς,

273 5036 452 5101 εἷπον,
504 5038 609 5088 τῶν
660 5038 1067 5105 εὐφρονούντων
1106 5038 1409 5088 ἀσπάσαιτο
1438 5038 1544 5089 τῶν
1581 5039 1806 5105 ῥεόντων

263 5130 359 5198 τὴν
386 5131 443 5179 ἐν
482 5127 644 5195 ὀλίγῳ
688 5129 1030 5195 παραμονήν.
1074 5126 1275 5187 Ἱκανὸς
1314 5126 1419 5194 γὰρ
1470 5128 1602 5196 ἡμῖν
1645 5130 1739 5181 καὶ
1783 5130 1807 5178 6

263 5216 551 5284 προλαϐὼν
576 5219 763 5284 χρόνος
796 5216 925 5282 πρὸς
952 5216 1048 5283 τὴν
1082 5214 1275 5283 χρῆσιν
1304 5216 1482 5268 αὐτῶν
1539 5217 1632 5269 καὶ
1658 5217 1806 5277 θέαν,

266 5310 360 5362 καὶ
391 5307 601 5368 οὐδενὸς
626 5306 829 5358 τούτων
873 5306 1039 5374 ἐσμὲν
1074 5308 1131 5357 ἐν
1171 5307 1455 5375 ὶπιθυμίᾳ.
1495 5309 1590 5358 Ὃν
1622 5308 1675 5360 δὲ
1715 5308 1808 5360 νῦν

265 5402 398 5467 ἡμῖν
460 5397 684 5450 Θάνατον
744 5398 1005 5457 ἐπισείεις
1038 5434 1053 5459 ,
1109 5397 1244 5465 πρὸς
1308 5399 1607 5460 ἀθανάτους
1661 5398 1809 5461 οὗτος

266 5490 413 5557 ἡμᾶς
443 5486 739 5539 διαὸιόἀσει
774 5488 996 5555 σκηνὰς,
1034 5488 1126 5538 καὶ
1162 5488 1260 5554 τῆς
1289 5487 1495 5539 ἐκεῖθεν
1523 5496 1809 5558 μετασχεῖν

266 5580 680 5646 παρασκευάσει
713 5581 1083 5647 μακαριότητο
1124 5616 1137 5630 .

337 5760 354 5788 ⁸
382 5758 519 5813 Psal.
560 5772 673 5819 CXL,
708 5758 758 5809 5.
835 5758 852 5787 ’
889 5757 1071 5810 Matth.
1122 5774 1171 5819 κ,
1203 5758 1290 5809 '29.

577 5857 839 5912 l'.\1'll-’ll..
889 5855 1249 5913 1ἶη.(ἶΧλἸ.

1406 5761 1443 5790 '°
1478 5759 1615 5812 Psal.
1664 5776 1733 5822 tv,
1765 5760 1815 5812 '2.

1917 4599 2189 4652 nitentia:
2228 4601 2284 4652 ef
2319 4610 2499 4666 parete
2548 4601 2719 4669 jussui
2782 4602 3125 4659 divinissimi.
3175 4604 3263 4658 Sic
3305 4606 3448 4657 enim

1916 4688 2109 4741 vestris
2164 4690 2355 4756 opibus
2399 4698 2452 4741 et
2480 4692 2929 4755 possessionibus,
2961 4694 3089 4761 quin
3136 4696 3298 4748 etiam
3351 4696 3453 4749 hac

1909 4778 2223 4831 suavissima
2259 4794 2472 4846 quoque
2520 4781 2637 4832 luce
2691 4780 2966 4834 fruemini.
3015 4784 3093 4837 Ad
3146 4785 3259 4838 haec
3307 4802 3451 4838 mar-

1913 4880 2092 4938 tyres:
2142 4868 2330 4932 Nemo,
2389 4870 2656 4935 inquiunt,
2727 4872 2817 4937 qui
2871 4873 3030 4941 sapit,
3085 4875 3453 4942 magnifcccrit

1858 5012 1859 5015 η
1912 4975 2099 5027 parum
2145 4974 2360 5011 manere
2421 4961 2471 5011 in
2505 4962 2587 5021 iis,
2632 4976 2751 5027 qua:
2798 4961 2991 5016 ﬂuunt.
3054 4965 3261 5017 Suilicit
3305 4969 3450 5018 enim

1912 5051 2065 5104 nobis
2107 5058 2335 5117 tempus,
2395 5049 2538 5117 quod
2574 5053 2865 5115 praecessit,
2898 5052 2965 5105 ad
3023 5068 3151 5107 usus
3183 5069 3369 5108 eorum
3397 5067 3451 5109 et

1910 5152 2184 5210 aspectum
2216 5158 2228 5193 :
2270 5154 2367 5193 nec
2397 5155 2584 5193 eorum
2627 5142 2829 5209 aliquid
2858 5142 3448 5211 desideramus..Quam

1912 5241 2089 5285 autem
2127 5241 2352 5283 mortem
2389 5244 2532 5283 nunc
2572 5231 2730 5284 nobis
2764 5233 3013 5297 intentas,
3040 5248 3103 5287 ea
3128 5250 3223 5287 nos
3252 5237 3315 5287 ad
3352 5236 3452 5287 im-

1913 5321 2155 5373 mortalia
2233 5321 2557 5373 transmittet
2613 5321 2979 5383 tabernacula,
3029 5332 3083 5377 et
3125 5326 3338 5385 eﬂiciet,
3395 5336 3451 5379 ut

1915 5413 2084 5464 simus
2172 5410 2462 5477 participes
2527 5411 2683 5478 ejus,
2734 5427 2851 5477 qua:
2908 5422 2991 5465 est
3037 5413 3163 5477 illic,
3223 5415 3454 5468 beatitu-

1910 5502 2073 5554 dinis.

1930 5763 1963 5791 "
2002 5760 2128 5813 Dan.
2175 5777 2219 5812 \‘l
2254 5771 2305 5815 et
2341 5778 2447 5816 ειν.
2529 5764 2566 5793 ¹¹
2604 5764 2709 5815 Dan
2774 5779 2850 5823 lli,
2893 5766 2906 5816 I
2943 5780 3092 5830 seqq.

3000 5876 3029 5916 υ
