4226 6418
789 408 886 468 130

1997 407 2274 466 MENSIS
2315 408 2746 471 NOVEMBEH.

3884 414 3988 475 ΗΟ

858 515 924 571 Σ.
953 517 1153 570 Prmscs
1200 529 1422 568 autem:
1473 514 1600 579 Qua:
1643 531 1670 568 a
1715 515 1891 581 vobis,
1947 517 2142 586 inquit,
2189 517 2333 571 dicta
2363 523 2409 581 Α
2511 522 2527 572 1

2316 534 2333 571 ι
2363 523 2409 581 Α
2511 522 2547 572 l'
2614 520 2673 573 Ὀ
2702 520 2759 573 δὲ
2795 520 3040 591 ἡγεμὼν,
3072 522 3152 575 Τὰ
3180 524 3312 594 παρ’
3339 525 3521 592 ὑμῶν,
3555 525 3655 595 ἔφη
3675 566 3689 591 ,
3719 525 3985 594 λεχθέντα

781 618 928 672 sunt,
962 618 1179 659 nostras
1205 620 1365 658 aures
1393 620 1582 675 magna
1614 604 1916 661 aﬂ‘ccerunt
1945 607 2181 662 tristitia.
2215 608 2327 677 Ego

780 707 957 750 autem
981 696 1164 763 paucis
1190 707 1455 762 exponam
1476 693 1548 756 id,
1574 695 1718 762 quod
1751 693 2130 749 videtur.Nam
2154 696 2197 750 si
2222 712 2329 752 ara:

781 787 997 855 quidem
1056 785 1180 836 thus
1233 783 1530 851 imponitis,
1580 791 1635 835 et
1685 783 1900 854 imagini
1939 785 2089 840 Jovis
2123 785 2329 840 sacriﬁ-

781 876 934 934 ratis,
974 885 1118 927 recte
1150 889 1209 927 se
1241 873 1514 933 habuerit,
1546 881 1599 927 et
1651 875 2024 944 unusquisque
2086 885 2326 930 vestrum

780 965 998 1021 domum
1031 963 1217 1016 abibit.
1251 964 1345 1016 Sin
1380 979 1507 1017 vero
1543 965 1724 1019 adhuc
1764 966 1987 1034 pergitis
2035 968 2328 1036 imperato-

781 1061 854 1110 ris
887 1056 1059 1126 jussui
1097 1070 1202 1107 non
1266 1070 1483 1123 parere,
1541 1056 1966 1123 amputabuntur
2024 1059 2181 1113 vobis
2211 1074 2328 1113 om-

785 1149 912 1200 nino
955 1148 1176 1213 capita;
1239 1146 1341 1198 hoc
1403 1147 1547 1198 enim
1603 1147 1719 1200 vult
1752 1157 1809 1201 et
1859 1149 2046 1202 statuit
2106 1165 2329 1218 magnus

783 1243 1098 1306 imperator.
1157 1237 1237 1290 Ad
1303 1252 1421 1305 qnze
1471 1239 1803 1306 respondens
1883 1241 2329 1308 generosissimus

783 1332 1046 1382 Samonas
1084 1345 1096 1382 :
1133 1329 1187 1382 Si
1220 1343 1335 1390 nos,
1377 1328 1580 1396 inquit,
1637 1335 1785 1380 tanto
1821 1328 2068 1382 aﬂ'eceris
2121 1328 2330 1385 benefl-

777 1424 886 1481 cio.
944 1432 1002 1474 ttt
1039 1419 1334 1473 liberemur
1355 1419 1574 1486 quidem
1603 1419 1672 1473 ab
1703 1419 1768 1473 iis
1793 1436 1912 1490 qua:
1938 1422 2026 1476 hic
2048 1433 2174 1477 sunt
2213 1439 2326 1479 mo-

782 1511 978 1571 lt‘stils,
1005 1510 1441 1563 transntittamur
1467 1517 1645 1562 autem
1678 1509 1742 1562 ad
1769 1526 1908 1570 eam,
1943 1526 2062 1580 qua
2093 1523 2174 1567 est
2199 1513 2327 1576 illic,

781 1600 1196 1663 beatitudinem,
1270 1609 1532 1667 quantum
1597 1599 1650 1652 in
1730 1600 1887 1656 nobis
1956 1602 2176 1669 quidem
2256 1605 2329 1657 si-

785 1700 895 1741 tnm
930 1701 1032 1754 est,
1079 1690 1178 1744 tibi
1224 1689 1482 1743 reddetur
1538 1702 1747 1744 merces
1783 1691 1850 1744 ab
1878 1707 1940 1745 eo
1987 1693 2079 1761 qui
2141 1704 2329 1748 nostra

782 1779 1058 1846 dispensat
1089 1777 1154 1830 ad
1199 1777 1273 1842 id,
1301 1779 1443 1846 quod
1479 1787 1562 1832 est
1591 1779 1742 1832 utile.
1786 1780 1865 1833 Ad
1902 1780 2015 1834 lucc
2065 1797 2187 1836 cum
2242 1798 2329 1838 re-

785 1867 1094 1936 spondisset
1128 1881 1349 1935 praeses,
1387 1874 1444 1920 ut
1473 1867 1781 1934 videbatur,
1833 1869 2138 1940 benignius,
2169 1881 2223 1927 et
2245 1874 2328 1928 di~
2363 1851 2404 1906 Β

785 1960 951 2013 xisset
980 1974 996 2012 :
1025 1959 1134 2029 Ego
1156 1960 1450 2012 toleranter
1485 1960 1768 2028 hucusque
1797 1961 1920 2025 tuli,
1963 1963 2150 2036 longas
2207 1966 2328 2022 illas

782 2051 1057 2105 sustinens
1118 2051 1427 2115 orationes,
1486 2061 1544 2105 ut
1600 2069 1748 2106 mora
1801 2059 2058 2124 temporis
2113 2061 2324 2126 mutati,

783 2142 1200 2196 traduceremini
1231 2141 1298 2194 ad
1327 2142 1376 2194 id
1418 2142 1562 2211 quod
1607 2152 1689 2196 est
1716 2143 1868 2208 utile,
1913 2155 1968 2199 et
1999 2150 2326 2218 supplicium

782 2231 973 2284 mortis
996 2246 1102 2284 non
1132 2231 1410 2284 subiretis.
1439 2231 1537 2296 Qui
1560 2235 1741 2295 morti,
1762 2250 1882 2303 qua
1902 2246 1981 2290 est
2005 2237 2070 2290 ad
2092 2248 2326 2308 tempus,

781 2322 956 2390 inquit
981 2321 1264 2385 Smonaas,
1298 2336 1355 2376 se
1381 2323 1600 2378 tradunt
1647 2335 1870 2392 propter
1893 2325 2191 2396 Christum,
2223 2332 2330 2384 cla-

782 2427 899 2464 rum
922 2420 1004 2465 est
1031 2411 1145 2465 fore
1187 2420 1245 2464 ut
1273 2412 1305 2465 ii
1347 2412 1649 2466 liberentur
1679 2415 1744 2468 ab
1763 2425 1984 2470 aeterna.
2036 2419 2138 2483 Qui
2181 2422 2327 2474 enim

782 2501 982 2556 mundo
1013 2502 1342 2566 moriuntur,
1381 2504 1574 2558 vivunt
1605 2504 1658 2558 in
1688 2504 1926 2560 Christo.
1960 2508 2093 2563 Nam
2138 2511 2329 2566 Petrus

780 2609 1018 2662 quoque,
1078 2595 1170 2661 qui
1236 2595 1548 2662 resplendet
1597 2597 1651 2650 in
1709 2597 1878 2650 choro
1925 2601 2324 2668 apostolorum,

780 2700 941 2738 cruce
968 2684 1071 2740 fuit
1103 2685 1500 2741 condemnatus
1545 2697 1599 2741 et
1630 2699 1803 2743 morte
1839 2708 1855 2753 -,
1903 2703 1957 2745 et
2009 2691 2154 2748 [llius
2189 2697 2330 2749 toni-

781 2778 888 2830 trui
931 2777 1200 2840 Jacobus,
1227 2777 1294 2830 ab
1321 2778 1531 2834 Herode
1575 2781 1805 2850 Agrippa
1848 2781 1948 2837 fuit
2010 2786 2328 2844 interfectus

780 2866 958 2930 gladio
991 2866 1055 2916 ".
1091 2865 1397 2931 Quinetiam
1427 2867 1734 2938 Stephanus
1758 2886 1974 2939 quoque
2025 2873 2126 2929 fuit
2157 2892 2328 2946 appe-

783 2958 911 3011 titus
940 2958 1228 3027 lapidibus,
1257 2960 1348 3028 qui
1383 2959 1590 3028 primus
1613 2963 1882 3028 percurrit
1925 2965 2156 3018 stadium
2189 2984 2329 3021 mar-

784 3048 904 3117 tyrii
937 3049 1000 3103 “.
1027 3048 1164 3115 Quid
1210 3059 1386 3103 autem
1411 3051 1614 3104 dixeris
1645 3051 1711 3104 de
1737 3051 1938 3108 Joanne
1963 3054 1986 3106 ?
2017 3069 2085 3109 an
2119 3073 2183 3112 ne
2212 3059 2328 3128 ejus

780 3140 1000 3207 quidem
1051 3143 1302 3196 admittes
1347 3144 1616 3211 egregiam
1649 3144 1792 3196 illam
1851 3149 2236 3212 constantiam,
2272 3159 2394 3228 etc

773 3231 1038 3299 loquendi
1084 3231 1416 3295 libertatem,
1462 3233 1607 3300 quod
1644 3234 1781 3287 mori
1834 3236 2109 3303 maluerit,
2163 3254 2325 3307 quam

779 3323 978 3377 eubilis
1008 3333 1187 3376 tacere
1215 3324 1606 3389 impudicitiam
1637 3341 1651 3377 :
1677 3325 1926 3379 adultera
1943 3341 2073 3382 vero
2097 3329 2214 3399 ejus
2233 3346 2294 3386 ca

782 3421 882 3482 put
913 3415 1184 3482 acceperit
1232 3415 1512 3483 praemium
1539 3416 1845 3471 saltationis
1883 3419 1922 3449 "
1954 3417 1978 3472 ῖ

848 3501 941 3558 XI.
993 3505 1205 3559 Rursus
1272 3513 1450 3558 autem
1500 3519 1700 3574 prases
1759 3506 1926 3562 :Non
1980 3519 2040 3564 ut
2093 3521 2324 3574 vestros,

779 3607 917 3662 quos
942 3593 1142 3657 dicitis,
1193 3606 1409 3648 sanctos
1462 3597 1814 3660 enumeretis,
1876 3611 1972 3652 vos
2011 3597 2128 3652 fero
2191 3601 2326 3653 tole-

782 3692 987 3748 ranter,
1037 3683 1132 3738 sed
1174 3693 1251 3748 ut,
1306 3691 1513 3738 mutato
1571 3686 1820 3751 consilio,
1881 3688 2046 3756 jussis
2073 3691 2326 3744 cedentes

782 3772 1145 3840 imperatoris,
1172 3773 1240 3826 ab
1275 3771 1630 3826 acerbissima
1663 3781 1838 3827 morte
1893 3775 2221 3829 liberemini.
2267 3775 2323 3830 Si

781 3867 923 3918 enim
942 3863 1060 3919 sitis
1078 3865 1304 3918 nimium
1328 3864 1560 3920 audaces
1579 3873 1634 3920 et
1663 3867 1974 3923 insolentes.
1999 3869 2128 3936 quid
2156 3868 2324 3935 aliud,

782 3971 941 4024 quam
974 3970 1068 4010 vos
1095 3956 1299 4025 majora
1327 3957 1601 4023 excipient
1632 3957 1918 4026 supplicia,
1984 3959 2180 4026 quibus
2230 3973 2327 4027 op-

783 4045 975 4111 pressi,
1001 4045 1085 4098 vel
1133 4045 1284 4099 inviti
1321 4045 1530 4099 facietis
1581 4045 1634 4100 id
1678 4048 1823 4114 quod
1869 4062 1968 4101 nos
1995 4048 2259 4117 exigimus
2302 4051 2324 4102 ?

778 4147 886 4201 quo
911 4144 1151 4202 tempore
1216 4149 1314 4188 nec
1388 4137 1610 4189 omnino
1660 4135 1878 4204 quidem
1928 4139 2176 4204 poteritis
2236 4153 2326 4192 re-

781 4225 984 4293 fugium
1019 4223 1222 4278 habere
1266 4223 1332 4277 ad
1396 4225 1858 4280 misericordiam?
1895 4227 2026 4280 Nam
2071 4229 2215 4297 quod
2266 4229 2326 4283 [lt

778 4331 876 4383 per
909 4317 1038 4381 vim,
1074 4330 1142 4370 ne
1180 4323 1358 4385 potest
1381 4316 1600 4385 quidem
1651 4332 1948 4386 provocare
1975 4319 2042 4373 ad
2086 4320 2316 4374 commi-

777 4407 1125 4472 iterationem,
1156 4407 1429 4474 quomodo
1466 4418 1652 4463 contra
1684 4410 1827 4478 quod
1858 4419 2052 4479 sponte
2135 4411 2214 4476 lit,
2240 4421 2322 4466 est

2439 607 2641 678 πολλὴν
2673 608 2770 677 τῆς
2804 609 3080 679 ἡμετέρας
3111 611 3282 681 ἀκοῆς
3317 611 3418 680 τὴν
3458 613 3650 681 ἀηδίαν
3698 613 3985 682 κατέχεεν.

2444 695 2586 763 Ἐγὼ
2615 697 2671 749 δὲ
2705 698 2764 748 τὸ
2800 697 2995 750 δοκοῦν
3042 700 3098 750 ὲν
3135 698 3327 767 βραχεῖ
3361 703 3721 770 παραστήσω.
3767 701 3828 754 Εί
3881 703 3988 770 μὲν

2429 788 2537 856 γὰρ
2566 786 2836 840 επιτίθετε
2860 787 2938 857 τῷ
2960 788 3126 858 βωμῷ
3153 788 3471 853 λιϐανωτὸν,
3502 792 3593 844 καὶ
3621 790 3776 843 θύετε
3798 794 3860 860 τῇ
3889 790 3988 842 τοῦ

2429 878 2549 938 Διὸς
2595 877 2788 941 εἰκόνι,
2819 876 2878 930 εὖ
2913 877 2979 930 ἂν
3013 876 3148 946 ἔχοι,
3185 879 3277 933 καὶ
3329 879 3562 939 ἕκαστος
3610 878 3791 931 οἴκαδε
3846 879 3989 929 ἀπε-

2431 967 2687 1020 λεύσεται
2717 985 2729 997 ·
2757 969 2807 1021 εί
2851 969 2908 1022 δὲ
2957 971 3053 1022 καὶ
3097 970 3179 1022 ἐτι
3224 970 3354 1040 περὶ
3398 970 3495 1038 τὴν
3529 970 3621 1022 τοῦ
3655 969 3988 1038 κρατοῦντος

2430 1059 2729 1128 πρόσταξιν
2755 1061 3054 1124 ἀπειθεῖτε,
3082 1060 3180 1122 τὰς
3215 1060 3460 1127 κεφαλὰς
3490 1059 3706 1121 πάντως
3735 1059 3989 1126 ἀποτμη-

2430 1146 2663 1216 θήσεσθε
2688 1163 2699 1175 ·
2737 1147 2894 1200 τοῦτο
2925 1147 3032 1218 γὰρ
3070 1150 3166 1202 καὶ
3199 1148 3452 1216 βασιλεὺς
3478 1150 3507 1200 6
3538 1150 3710 1218 μέγας
3737 1147 3990 1218 βούλεται

2430 1240 2523 1290 καὶ
2553 1238 2859 1307 νομοθετεῖ.
2905 1237 3049 1306 Πρὸς
3081 1239 3227 1308 ἅπερ
3258 1240 3285 1289 6
3305 1239 3680 1304 γενναιότατος
3700 1237 3992 1290 ὑπολαϐὼν

2431 1326 2694 1395 Σαμῶνας
2720 1343 2734 1358 ο
2771 1329 2833 1380 El
2882 1327 3128 1391 τοιαῦτα,
3181 1325 3353 1391 εἶπεν,
3403 1329 3784 1396 εύεργετήσεις
3815 1329 3990 1397 ἡμᾶς,

2430 1418 2504 1478 ὼς
2535 1416 2916 1486 ἀπαλλαγῆναι
2972 1417 3070 1487 μιν
3117 1417 3224 1470 τῶν
3264 1416 3498 1470 ἐνταῦθα
3545 1417 3819 1486 λυπηρῶν,
3845 1417 3991 1487 πρὸς

2429 1509 2485 1560 δὲ
2516 1510 2614 1576 τὴν
2641 1510 2852 1561 ἐκεῖθεν
2888 1508 3143 1578 διαϐῆναι
3189 1511 3596 1580 μακαριότητα,
3629 1509 3989 1562 ἁποκείσεταί

2433 1616 2513 1651 σοι
2541 1600 2601 1652 τό
2631 1616 2693 1666 γε
2721 1600 2805 1669 ἐφ’
2836 1602 2966 1670 ἡμῖν
2998 1602 3090 1654 καὶ
3120 1601 3310 1668 μισθὸς
3341 1601 3493 1670 παρὰ
3524 1599 3617 1652 τοῦ
3647 1601 3712 1653 τὰ
3739 1599 3989 1669 ἡμέτερα

2432 1689 2568 1759 πρὸς
2603 1690 2662 1741 τὸ
2698 1691 2978 1759 συμφέρον
3008 1691 3439 1761 οίκονομοῦντος.
3494 1690 3636 1758 Πρὸς
3688 1689 3859 1743 ταῦτα
3888 1691 3988 1743 τοῦ

2435 1782 2704 1848 ἡγεμόνος
2735 1780 3247 1852 φιλανθρωπότερόν
3282 1800 3335 1835 τι
3369 1782 3446 1852 τῷ
3481 1782 3657 1835 δοκεῖν
3687 1785 3990 1852 ἀποκρινα-

2436 1872 2618 1939 μένου,
2667 1873 2764 1925 καὶ
2810 1872 3113 1942 εἰρηκότος,
3163 1873 3237 1934 ὡς
3273 1872 3415 1940 Ἐγὼ
3457 1873 3545 1926 διὰ
3591 1872 3748 1926 τοῦτο
3781 1873 3988 1942 μᾶλλον

2432 1957 2799 2026 μακροθύμως
2837 1959 3043 2029 ηνεγκα
3090 1962 3250 2030 μέχρι
3302 1960 3396 2012 καὶ
3453 1959 3545 2011 νῦν
3596 1960 3705 2011 τῶν
3752 1959 3985 2026 μακρῶν

2428 2047 2650 2102 ἐκείνων
2704 2049 3033 2118 ἀνεχόμενος
3088 2051 3280 2118 λόγων,
3322 2053 3398 2112 ὡς
3438 2053 3502 2103 ἂν
3543 2053 3608 2120 τῇ
3640 2050 3735 2102 τοῦ
3787 2051 3982 2119 χρόνου

2429 2141 2732 2208 παρατὰαει
2759 2143 2894 2211 πρὸς
2912 2143 2970 2194 τὸ
2993 2143 3263 2206 λυσιτελὲς
3285 2141 3650 2212 μεταϐάλητε,
3670 2142 3763 2196 καὶ
3789 2141 3861 2211 μὴ
3881 2141 3985 2208 τὴν

2427 2233 2519 2285 τοῦ
2553 2233 2782 2286 θανάτου
2819 2234 3092 2303 ὑπόσχητε
3130 2236 3422 2303 τιμωρίαν.
3453 2234 3515 2285 Ol
3544 2233 3619 2302 τῷ
3659 2237 3988 2301 προσκαίρῳ

2428 2322 2662 2391 θανάτῳ,
2688 2325 2850 2392 φησιν
2871 2326 2898 2378 6
2927 2325 3213 2392 Σαμωνᾶς,
3243 2324 3465 2384 ἑαυτοὺς
3488 2321 3872 2394 παραδιδόντες
3893 2322 3986 2374 διὰ

2428 2414 2680 2483 Χριστὸν,
2701 2414 2922 2483 εὔδηλον
2944 2416 3018 2477 ὼς
3039 2416 3129 2468 τοῦ
3158 2416 3375 2468 αίωνίου
3398 2413 3781 2484 ρυσθήσονται’
3799 2414 3846 2464 οί
3872 2413 3985 2480 γὰρ

2427 2507 2503 2575 τῷ
2553 2508 2736 2576 κόσμῳ
2798 2507 3126 2576 θρήσκοντες
3188 2508 3245 2558 ἐν
3297 2506 3515 2575 Χριστῷ
3570 2506 3756 2566 ζῶσιν,
3830 2506 3984 2556 Ἐπεὶ

2429 2599 2523 2651 καὶ
2555 2597 2758 2666 Πέτρος
2792 2598 2819 2648 6
2861 2597 2956 2650 τοῦ
2996 2598 3104 2650 τῶν
3166 2598 3423 2666 μαθητῶν
3479 2597 3774 2666 ἑκλάμπων
3813 2598 3982 2666 χοροῦ

2431 2688 2659 2758 σταυρὸν
2707 2686 3006 2757 κατεκρίθη
3030 2689 3142 2755 καὶ,
3162 2688 3389 2740 θάνατον
3421 2704 3434 2719 ο
3480 2690 3507 2741 6
3531 2705 3590 2740 τε
3620 2690 3716 2757 τῆς
3745 2683 3978 2757 βροντῆς

2431 2779 2543 2841 υίὸς
2575 2776 2848 2842 Ἰάκωϐος,
2897 2778 3140 2846 μαχαίρᾳ
3178 2777 3282 2830 ὑπὸ
3335 2775 3572 2847 Ἡρώδου
3611 2779 3848 2848 ἀνῃρέθη
3885 2779 3982 2830 τοῦ

2429 2869 2525 2920 καὶ
2564 2867 2865 2935 Ἀγρίππα·
2903 2865 2998 2919 καὶ
3024 2865 3295 2933 Στέφανος
3317 2866 3373 2918 δὲ
3404 2867 3512 2927 τοῖς
3545 2865 3735 2928 λίθοις,
3763 2866 3982 2934 πρῶτος

2429 2954 2742 3024 διαδραμὼν
2793 2954 2887 3007 τοῦ
2947 2955 3249 3024 μαρτυρίου
3307 2955 3369 3007 τὸ
3420 2954 3656 3008 στάδιον.
3725 2954 3788 3005 Τί
3831 2953 3874 3005 δ’
3912 2953 3980 3005 ἂν

2428 3046 2603 3107 εῐποις
2651 3046 2776 3114 περὶ
2837 3043 3123 3108 Ἰωάννους
3179 3043 3211 3113 ἢ
3253 3043 3388 3114 μηδι
3432 3043 3619 3096 τοῦτον
3665 3043 3762 3111 τῆς
3806 3043 3982 3110 καλῆς

2429 3136 2645 3204 ἐκείνης
2690 3134 2993 3196 ὲνστάσεως
3041 3136 3134 3186 καὶ
3184 3135 3490 3204 παρρησίας
3542 3133 3778 3203 ἀποδέχῃ
3815 3171 3828 3195 ,
3889 3135 3975 3185 ὅτι

2429 3227 2609 3279 θανεῖν
2633 3227 2805 3279 εἵλετο
2831 3225 3028 3296 μᾶλλον
3051 3226 3082 3294 ἢ
3117 3227 3324 3296 σιωπᾷν
3355 3225 3446 3276 ἐπὶ
3474 3225 3660 3294 κοίτης
3686 3224 3977 3291 ἀκολασίᾳ,

2431 3317 2676 3387 μοιχαλὶς
2711 3317 2767 3369 δὲ
2802 3317 2898 3385 τὴν
2933 3316 3100 3368 αὑτοῦ
3128 3315 3366 3385 κεφαλὴν
3395 3313 3554 3368 ἆθλον
3574 3317 3668 3384 τῆς
3692 3315 3972 3384 ὀρχήσεως

2427 3410 2649 3479 εἴληφες

2496 3499 2598 3555 IA'.
2639 3500 2747 3552 Καὶ
2799 3501 2826 3553 6
2879 3499 3101 3569 ἡγεμὼν
3161 3498 3340 3561 αὖθις,
3373 3496 3486 3567 Οὐχ
3550 3517 3632 3551 ,να
3681 3501 3804 3562 τοὺς
3852 3501 3978 3552 καθ’

2428 3594 2605 3659 ὑμᾶς,
2667 3592 2741 3653 ῶς
2800 3607 2958 3658 φατε,
3017 3592 3202 3657 ἁγίους
3255 3591 3735 3660 ἁπαριθμήσησθε,
3785 3593 3845 3643 οὐ
3888 3593 3978 3646 διὰ

2426 3679 2586 3732 τοῦτο
2624 3679 2776 3748 ὑμῶν
2809 3681 3069 3746 ἀνέχομαι
3110 3675 3502 3745 μακροθύμως,
3544 3676 3658 3728 ἀλλ’
3693 3679 3838 3739 ὅπως
3881 3695 3978 3745 με-

2443 3767 2957 3835 ταϐουλευσάμενοι,
2993 3766 3088 3817 καὶ
3137 3768 3200 3834 τῇ
3252 3764 3499 3834 βασιλικῇ
3549 3767 3688 3834 ῥοπῇ
3712 3767 3976 3831 εἴξαντες,

2423 3857 2520 3910 τοῦ
2552 3859 2880 3924 πικροτάτου
2911 3856 3095 3917 τέλους
3121 3855 3492 3923 ἁπαλλαγῆτε.
3528 3856 3977 3924 Θρασυνομένους

2425 3950 2535 4016 γὰρ
2590 3949 2732 4015 ὑμᾶς
2786 3947 2837 3998 τί
2867 3964 2928 4014 γε
2989 3947 3116 4000 ἄλλο
3167 3949 3200 4015 ἢ
3260 3947 3504 4015 μείζονες
3562 3946 3975 4016 παραλήψονται

2423 4038 2715 4102 κολάσεις,
2768 4033 2858 4100 αἶς
2911 4038 3179 4107 δήπουθεν
3235 4039 3540 4108 πιεζόμενοι
3602 4039 3696 4092 καὶ
3747 4040 3975 4100 ἄκοντες

2422 4127 2484 4179 τδ
2512 4129 2639 4196 παρ’
2669 4127 2826 4196 ήμῶν
2848 4127 3242 4196 ἀπαιτούμενον
3272 4127 3456 4180 ἔσεσθε
3490 4127 3784 4189 ποιοῦντες,
3809 4127 3972 4196 ἡνίκα

2424 4218 2638 4279 πάντως
2662 4217 2784 4269 οὐδὲ
2811 4219 3146 4284 καταφυγεῖν
3170 4217 3304 4288 πρὸς
3324 4213 3502 4270 οῐκτον
3535 4216 3823 4286 δυνήσεσθε
3863 4232 3878 4279 ;
3908 4218 3974 4269 τδ

2426 4307 2534 4376 γὰρ
2569 4309 2628 4358 ὲν
2665 4308 2873 4370 τούτοις
2915 4307 3004 4377 βίᾳ
3033 4308 3314 4375 γινόμενον
3350 4307 3467 4360 οὐδὲ
3503 4309 3594 4360 τὸν
3628 4310 3773 4359 ἔλεον
3804 4309 3972 4358 ἑκκα-

2423 4398 2632 4452 λεῖσθαι
2660 4399 2904 4462 δύναται,
2933 4398 3120 4468 ὥσπερ
3155 4400 3461 4453 τούναντίον
3496 4399 3682 4461 ἐλέους
3721 4398 3868 4464 ἄξιον
3906 4399 3971 4451 τὸ

778 4496 998 4566 dignum
1037 4498 1440 4552 misericordia.
1487 4498 1686 4554 Christi
1705 4510 1885 4553 autem
1910 4501 2247 4557 confessores
2266 4511 2320 4557 et
2351 4517 2392 4572 υ
2423 4511 2447 4544 α

2301 4511 2392 4572 ιο
2423 4492 2760 4561 αὐθαίρετον.
2818 4493 2880 4544 Ol
2929 4490 2984 4543 δὲ
3035 4491 3126 4543 τοῦ
3185 4490 3420 4560 Χριστοῦ
3484 4490 3813 4561 δμολογηταὶ
3872 4493 3969 4542 καὶ

779 4599 1042 4657 martyres
1094 4585 1392 4641 dixerunt:
1430 4587 1547 4642 Non
1602 4604 1738 4658 opus
1799 4599 1883 4644 est
1911 4591 2095 4646 multis
2119 4592 2318 4646 verbis.

778 4682 915 4734 licce
938 4679 1082 4734 enim
1117 4693 1216 4733 nos
1257 4694 1447 4733 sumus
1474 4679 1575 4733 tibi
1606 4687 1800 4748 prasto
1837 4680 1902 4734 ad
1944 4682 2126 4735 omnia
2191 4682 2322 4736 sub-

776 4772 953 4825 eunda
987 4770 1270 4839 supplicia.
1317 4767 1473 4833 Quod
1511 4783 1640 4838 ergo
1672 4769 1766 4822 tibi
1820 4769 1924 4824 fuit
1975 4771 2320 4840 imperatum,

777 4877 844 4916 ne
868 4861 1092 4916 diﬂeras
1119 4859 1360 4928 exsequi.
1392 4859 1500 4913 Nos
1532 4859 1676 4912 enim
1704 4857 1906 4913 Christi
1951 4862 2063 4914 veri
2104 4861 2198 4916 Dei
2230 4876 2325 4916 su-

2425 4583 2716 4653 μάρτυρες,
2764 4584 2836 4635 Οὐ
2885 4583 3042 4651 χρεία
3087 4584 3318 4648 πολλῶν,
3351 4583 3576 4653 ἔφησαν,
3605 4584 3798 4649 λόγων⁶
3851 4583 3968 4636 ἰδοῦ

2421 4678 2526 4741 γάρ
2550 4690 2629 4725 σοι
2665 4674 2796 4743 πρὸς
2855 4676 3032 4725 πᾶσαν
3089 4675 3272 4726 αἰκίαν
3303 4676 3461 4744 ἡμεῖς
3510 4677 3736 4742 ιτοιμοι.
3780 4675 3844 4725 Ὃ
3875 4669 3970 4725 οὖν

2423 4763 2762 4832 «poenam;
2824 4762 3083 4830 πράττειν
3127 4763 3201 4832 μὴ
3259 4763 3551 4835 ἀναϐάλλῃ.
3578 4763 3814 4834 Χριστοῦ
3858 4766 3968 4834 γάρ

2423 4856 2590 4922 ἐσμεν
2621 4853 2713 4905 τοῦ
2740 4851 2997 4921 ἀληθινοῦ
3033 4852 3168 4905 Θεοῦ
3217 4855 3609 4923 προσκυνηταὶ,
3666 4855 3760 4907 καὶ
3804 4855 3968 4906 πάλιν

779 4967 899 5007 ntns
925 4951 1262 5014 adoratores,
1301 4961 1354 5003 et
1393 4965 1578 5004 rursus
1637 4949 1870 5004 dicimus
1903 4968 1915 5004 :
1947 4950 2114 5021 Cujus
2168 4952 2322 5022 regni
2419 4961 2448 5009 (ἱ

2307 4952 2322 5005 ί
2419 4943 2622 5010 φαμὲν,
2661 4937 2722 4996 οὗ
2750 4944 2846 5011 τῆς
2890 4942 3167 5011 βασιλείας
3200 4943 3297 4996 οὐκ
3349 4944 3503 4996 εσται
3547 4943 3718 5007 τέλος,
3773 4943 3832 5006 δς
3871 4945 3966 4997 καὶ

776 5059 886 5096 non
936 5044 1042 5098 erit
1111 5042 1252 5096 linis.
1304 5041 1405 5106 Qui
1458 5041 1620 5094 etiatn
1676 5049 1853 5108 potest
1892 5041 2038 5096 solus
2083 5043 2320 5097 vicissim
2416 5033 2445 5084 ἀ

2298 5059 2320 5096 τι
2416 5033 2780 5097 ἁντιδοξάζειν
2809 5032 3031 5086 δύναται
3065 5034 3223 5102 μόνος
3271 5037 3395 5094 τοὺς
3429 5035 3490 5086 τὸ
3522 5035 3686 5087 αὐτοῦ
3713 5035 3967 5098 δοξάζον-

778 5132 1084 5202 gloriﬁcare
1114 5147 1229 5196 eos,
1254 5132 1346 5201 qui
1380 5133 1498 5201 ejus
1523 5146 1722 5186 nomen
1744 5132 2046 5201 gloriﬁcant
2072 5135 2134 5187 ³⁸.
2169 5134 2318 5188 Inte-

2414 5141 2510 5186 τας
2559 5126 2750 5192 ὄνομα.
2795 5124 2882 5176 Ἐν
2929 5125 3036 5194 ὅσῳ
3091 5125 3147 5177 δὲ
3202 5125 3374 5177 ταῦτα
3428 5125 3578 5194 παρὰ
3641 5126 3752 5178 τῶν
3792 5126 3965 5192 ἁγίων

781 5226 880 5276 rim
903 5233 1085 5278 autem
1111 5224 1237 5276 dum
1279 5224 1391 5276 haec
1425 5223 1737 5276 dicerentur
1776 5237 1805 5275 a
1847 5223 2068 5285 sanctis,
2120 5238 2318 5291 prases
2418 5216 2450 5265 ὲῗ

2293 5240 2318 5277 ς
2418 5215 2650 5280 ἐλέγετο,
2693 5218 2720 5267 6
2763 5214 2985 5285 ἡγεμὼν
3035 5215 3130 5286 τὴν
3191 5216 3310 5268 κατ’
3354 5216 3534 5269 αὐτῶν
3588 5215 3782 5284 ἐξῆγεν
3820 5217 3961 5268 ἁπό-

777 5314 973 5366 tnlitin
994 5327 1090 5368 eos
1136 5313 1484 5373 sententiam,
1541 5323 1600 5366 ut
1648 5319 1876 5366 mortem
1901 5314 2150 5366 subirent
2201 5313 2312 5381 gla—

775 5403 888 5457 dio.
928 5405 1008 5458 Illi
1036 5419 1164 5458 vero
1195 5404 1404 5464 laetitia,
1445 5417 1563 5471 qua:
1587 5403 1766 5456 verbis
1797 5419 1899 5455 non
1933 5411 2107 5471 potest
2137 5404 2311 5472 expli-

771 5494 911 5554 cari,
945 5492 1122 5546 allecti
1157 5511 1168 5544 :

772 5599 835 5637 es
867 5583 1007 5638 Deus
1058 5583 1442 5636 universorum
1513 5581 1819 5636 clamabant
1854 5601 1866 5636 :
1895 5582 2038 5650 quod
2075 5581 2170 5636 tibi
2204 5582 2316 5651 plac

837 5769 882 5800 “
927 5767 1043 5818 Act.
1095 5779 1190 5827 ιιι,
1232 5765 1283 5820 2.
1366 5765 1407 5796 ⁸⁸
1436 5762 1555 5818 Act.
1597 5781 1688 5828 vn,
1727 5764 1748 5816 l
1789 5780 1938 5835 seqq.

2421 5323 2605 5372 φασιν,
2637 5305 2773 5357 ὥστε
2800 5306 2890 5358 τὸν
2917 5306 3002 5358 διὰ
3037 5306 3221 5374 ξίφους
3263 5309 3495 5362 θάνατον
3526 5308 3846 5378 ὑποστῆναι.
3898 5310 3966 5362 Ol.

2419 5398 2473 5448 δὲ
2518 5398 2676 5465 ἡδονῇ
2706 5398 2965 5465 ἁφράστῳ
2997 5397 3288 5464 ληφθέντες
3311 5415 3325 5428 ·
3362 5401 3453 5451 Σοὶ
3485 5399 3611 5462 δόξα
3645 5400 3843 5468 πρέπει
3875 5401 3968 5452 6v-

1209 5491 1282 5544 Tc
1315 5508 1442 5545 vere
1475 5491 1630 5545 decet
1653 5492 1822 5560 gloria
1845 5502 1903 5544 et
1930 5491 2186 5555 laudatio,
2220 5493 2312 5560 qui
2418 5503 2524 5548 τως
2551 5487 2643 5537 καὶ
2685 5487 2878 5547 αἰνεσις

2299 5493 2312 5544 i
2418 5503 2524 5548 τως
2551 5487 2643 5537 καὶ
2685 5487 2886 5547 αἶνεσις
2920 5487 2994 5554 τῷ
3025 5489 3129 5539 τῶν
3159 5487 3315 5550 ὅλων,
3353 5489 3540 5554 ἐϐόων,
3567 5487 3685 5557 Θεῷ
3712 5527 3727 5550 ,
3757 5487 3838 5539 ὅτι
3869 5488 3966 5539 τὸν

2422 5577 2781 5648 προκείμενον
2831 5579 2976 5646 ἡμᾶς
3027 5580 3214 5645 ἀγῶνα
3268 5580 3480 5633 τελέσαι
3521 5580 3844 5649 τύδόκησας,
3885 5576 3964 5639 ὡς

2022 5766 2060 5798 ⁸⁸
2097 5764 2282 5819 Matth.
2315 5781 2424 5828 xiv,
2458 5765 2635 5819 lolﬂn
2685 5763 2772 5816 “l
2807 5763 2937 5832 Reg.
2978 5777 3032 5818 tt.
3069 5763 3155 5815 30.
