4226 6418
242 413 340 479 lll

1123 408 1585 469 MARTYRiUM
1628 408 1685 467 S.
1728 404 1989 464 GUlll/E
2034 405 2127 465 ET
2168 406 2575 469 SOClOllU-ll.

3340 410 3434 470 14?.

234 529 301 579 ἂν
340 525 434 578 καὶ
467 523 566 592 τῆς
593 521 860 575 ἀθανάτου
901 518 1048 589 παρὰ
1076 518 1157 569 σοὶ
1205 519 1583 586 λαμπρότητος
1623 529 1788 567 καταο
1820 513 1861 571 Α
1891 528 1903 564 t

1769 541 1788 551 -
1820 513 1861 571 Α
1891 513 2086 575 cuerit,
2144 520 2201 565 ut
2246 522 2559 581 susceptum
2599 521 2878 567 certamen
2936 526 3341 582 perageremus,
3380 529 3437 570 ut

232 616 535 686 ειωθῶμιν.

316 795 415 853 ΙΒ’.
473 794 627 849 Ἐπεὶ
673 790 766 848 οὖν
814 794 873 846 τὸ
925 793 1256 862 ἀμετάθετον
1302 789 1397 843 τοῦ
1442 787 1787 855 φρονήματος

240 890 428 944 αὐτῶν
461 890 489 940 6
514 885 737 958 ἡγεμὼν
766 884 1046 945 έθεάσατο,
1085 882 1177 935 καὶ
1208 882 1356 942 ὅπως
1381 880 1437 932 έν
1475 875 1789 944 ἀγαλλιάσει

239 981 422 1050 ψυχῆς
468 976 567 1046 τὴν
612 974 931 1028 τελευταίαν
978 973 1158 1041 ψῆφον
1214 970 1485 1035 έδέξαντο,
1516 964 1655 1034 πρὸς
1692 964 1787 1032 μὶν

233 1073 361 1133 τοὺς
421 1068 653 1136 ἁγίους,
698 1065 756 1118 '0
811 1064 937 1126 Θεὸς
1009 1062 1118 1114 τῶν
1173 1059 1472 1129 γινομένων
1524 1055 1786 1122 ἐπόπτης.

238 1164 451 1229 ἔλεγεν,
484 1161 649 1221 ιστω,
682 1157 759 1219 ὡς
788 1158 848 1210 οὑ
879 1157 945 1209 δι’
972 1154 1106 1223 ἐμοῦ
1155 1155 1255 1223 τὴν
1305 1152 1461 1220 ὑμῶν
1511 1150 1789 1200 τελείωσιν

236 1250 545 1317 ἐϐουλόμην
574 1244 866 1313 γενέσθαι,
905 1242 1039 1294 ἀλλὰ
1072 1240 1133 1293 τδ
1166 1239 1544 1307 ἀπαραίτητον
1574 1236 1672 1303 τῆς
1696 1233 1787 1286 τοῦ

238 1341 565 1409 κρατοῦντος
628 1334 897 1401 έπιταγῆς
952 1332 1091 1401 πρὸς
1136 1328 1297 1381 τοῦτό
1353 1344 1418 1397 με
1462 1329 1553 1377 καὶ
1591 1324 1788 1376 ἄκοντα

237 1428 587 1483 συνελὰσετο.
649 1426 737 1495 Τῷ
792 1425 849 1477 δὲ
911 1421 1316 1489 σπεκουλάτωρι
1374 1418 1582 1471 κελεύει
1666 1418 1789 1477 τοὺς

238 1524 521 1591 μάρτυρας
554 1517 906 1588 παραλαϐεῖν,
937 1514 1022 1567 ἔπ’
1053 1512 1324 1583 ὀχήματός
1356 1527 1498 1572 τινος
1530 1507 1787 1561 ἀναδιδά-

238 1630 353 1675 σαι,
388 1614 483 1663 καὶ
516 1610 707 1679 πόρῤω
730 1606 824 1659 τοῦ
874 1608 1079 1666 ἄστεως
1112 1604 1249 1673 μετὰ
1282 1600 1622 1671 στρατιωτῶν
1649 1600 1790 1651 ἁπα-

238 1705 458 1768 γαγείν,
513 1701 732 1751 κάκεῖσε
775 1705 835 1749 τὸ
886 1696 972 1747 διὰ
1013 1695 1197 1762 ξίφους
1248 1693 1432 1753 αὐτοῖς
1479 1690 1629 1750 τέλος
1666 1690 1790 1739 έπε-

1897 619 1923 657 a
1970 614 2022 659 te
2074 618 2292 673 quoque
2350 603 2708 657 inmortalem
2767 602 3109 670 splendorem
3178 619 3436 673 assequa-

1897 712 1945 748 Ιὶὶ
1955 712 2036 749 ιη’.

1966 786 2077 841 Χίί.
2107 787 2241 841 Cum
2264 801 2391 856 ergo
2421 786 2641 842 vidisset
2672 802 2868 857 praeses
2933 790 3319 845 immutabilem
3352 807 3441 845 eo-

1896 892 2013 931 rum
2044 878 2421 942 constantiam,
2453 886 2509 933 et
2536 880 2990 948 quemadmodum
3018 882 3070 934 in
3114 882 3307 939 anima:
3346 899 3442 937 ex-

1895 970 2187 1024 sultatione
2233 979 2527 1025 extremam
2560 972 2893 1039 accepissent
2923 973 3242 1025 sententiam
3265 1012 3277 1036 ,
3319 989 3443 1027 san-

1895 1062 1999 1116 ctis
2029 1062 2273 1129 quidem,
2306 1063 2469 1123 Deus.
2512 1062 2709 1131 inquit.
2745 1076 2958 1125 eorum,
3008 1078 3126 1131 qua
3185 1063 3342 1127 fiunt,
3376 1067 3446 1118 sit

1896 1152 2190 1221 inspector,
2248 1154 2392 1223 quod
2442 1170 2546 1207 non
2594 1171 2690 1222 per
2733 1171 2816 1210 me
2872 1158 3115 1210 volebam
3166 1173 3267 1212 vos
3323 1159 3447 1212 vita:

1897 1244 2056 1297 flncm
2092 1246 2358 1313 accipere,
2391 1246 2483 1299 sed
2528 1245 2880 1299 inexorabilis
2911 1249 3094 1315 jussus
3161 1262 3246 1301 me
3295 1247 3360 1301 ad
3392 1248 3443 1301 id

1894 1335 2036 1403 cogit
2074 1336 2429 1403 imperatoris.
2462 1335 2784 1404 Spiculatori
2812 1348 2989 1391 autem
3012 1339 3167 1407 jubet
3198 1340 3445 1406 accipere

1896 1436 2179 1494 martyres,
2223 1427 2352 1481 etin
2384 1441 2547 1481 curru
2604 1428 2901 1497 imponere,
2928 1438 2982 1484 et
3007 1431 3193 1499 procul
3220 1447 3248 1484 a
3311 1432 3445 1485 civi-

1898 1520 2005 1566 tate
2060 1514 2327 1569 abducere
2378 1532 2499 1571 cum
2556 1517 2838 1577 militibus,
2890 1528 2945 1571 ct
2988 1518 3067 1571 eis
3122 1520 3233 1573 illic
3282 1518 3443 1573 ﬁnem

1896 1603 2088 1657 afferre
2122 1604 2319 1672 gladio.
2359 1605 2450 1658 Ille
2480 1615 2661 1659 autem
2705 1622 2827 1660 cum
2866 1623 2961 1677 per
2988 1617 3199 1675 portam
3240 1608 3443 1661 Roma-

1897 1708 2117 1747 nenscm
2142 1704 2357 1748 sanctos
2389 1706 2549 1749 noctu
2580 1697 2878 1760 eduxisset,
2915 1714 3039 1751 cum
3076 1698 3218 1751 altus
3281 1714 3444 1767 sopor

236 1794 475 1861 νεγκεῐν.
505 1792 613 1844 Καὶ
650 1789 708 1849 ὃς
743 1788 832 1841 διὰ
870 1788 967 1855 τῆς
1010 1784 1391 1855 Ῥωμανησίας
1430 1783 1608 1850 πύλης
1664 1782 1789 1841 τοὺς
1829 1860 1841 1861 7
1899 1793 1905 1835 l

1772 1797 1841 1861 :7
1899 1793 2103 1837 teneret
2134 1786 2299 1847 cives,
2350 1784 2415 1837 ad
2470 1787 2945 1855 septentrionalem
3000 1796 3206 1855 partem
3253 1790 3441 1841 civita-

238 1860 429 1952 ἁγίους
467 1885 681 1951 νύκτωρ
715 1878 1020 1947 ἐξαγαγὼν,
1052 1878 1211 1946 ἡνίκα
1238 1875 1470 1945 μάλιστα
1499 1876 1625 1934 τοὺς
1651 1874 1789 1925 κατὰ
1825 1860 1863 1912 Β
1896 1883 1907 1926 I

1771 1874 1789 1925 it
1825 1860 1863 1912 Β
1896 1876 1962 1929 tis
1991 1874 2210 1929 abducit
2242 1875 2292 1929 in
2324 1884 2563 1930 montem
2617 1876 2996 1933 Bctbelabiclu.
3030 1879 3106 1932 ΙΙΙί
3162 1895 3291 1934 vero
3320 1897 3440 1935 cum

235 1980 336 2045 τὴν
388 1976 538 2027 πόλιν
584 1972 751 2032 ὕπνος
805 1970 937 2039 εἶχε,
981 1969 1119 2021 κατὰ
1159 1967 1221 2019 τὸ
1255 1967 1387 2035 πρὸς
1440 1967 1637 2031 ἄρκτον
1691 1965 1787 2032 τῆς

238 2067 469 2129 πόλεως,
494 2065 573 2127 είς
612 2065 673 2114 τὸ
720 2060 1077 2114 Βιθελακικλᾶ
1119 2058 1243 2128 δρος
1293 2056 1517 2123 ἀπάγει.
1549 2058 1612 2109 Οί
1648 2055 1704 2109 δὲ
1733 2057 1788 2107 ὲν

234 2159 316 2225 τῷ
339 2159 489 2225 τόπῳ
525 2155 807 2223 γενόμενοι
845 2154 899 2203 ἐν
931 2150 1235 2219 εὐφροσύνῃ
1302 2149 1525 2219 καρδίας
1570 2147 1665 2200 καὶ
1694 2147 1787 2198 ἁν-

235 2250 404 2317 δρείῳ
433 2248 609 2315 ψυχῆς
642 2243 1075 2312 παραστήματι,
1116 2240 1208 2293 τοῦ
1246 2241 1520 2309 ὀχήματος
1554 2238 1791 2292 ἀποϐάν-

238 2357 333 2401 τες
368 2340 458 2391 τίιν
492 2336 919 2404 σπεκουλάτωρα
960 2335 1050 2386 καὶ
1098 2333 1223 2393 τοὺς
1278 2331 1369 2383 ὑπ’
1401 2331 1559 2383 αὑτὸν
1604 2330 1790 2399 καιρὸν

243 2430 411 2497 ᾔτουν
440 2430 518 2489 είς
561 2426 890 2496 προσευχὴν,
927 2424 1018 2475 καὶ
1051 2420 1379 2490 έλάμσανον.
1436 2421 1641 2488 Ὠσπερ
1682 2421 1789 2486 γὰρ

241 2520 341 2587 οὐχ
387 2516 587 2569 ἱκανῶν
632 2515 799 2567 δντων
838 2515 947 2565 τῶν
989 2511 1234 2580 βασάνων
1288 2512 1383 2563 καὶ
1421 2509 1515 2562 τοῦ
1564 2510 1789 2577 αἵματος

246 2612 388 2679 ὑπὲρ
418 2607 598 2661 αὐτῶν
633 2604 979 2675 πρεσδεύειν,
1006 2604 1093 2656 διὰ
1131 2600 1592 2671 μετριοφροσύνης
1625 2601 1790 2667 ὑπερ-

245 2701 409 2769 ϐολὴν
441 2700 520 2751 Est
553 2698 647 2749 καὶ
682 2697 993 2763 προσευχῆς
1025 2693 1251 2746 έδέοντο.
1308 2693 1380 2746 Τὸ
1422 2692 1577 2761 δμμα
1618 2692 1792 2744 τοίνυν

252 2793 334 2852 είς
357 2790 618 2859 οὐρανοὺς
652 2786 1033 2847 ἀνατείναντες
1058 2821 1073 2845 ,
1111 2785 1205 2836 καὶ
1242 2782 1473 2844 ἰκτενῶς
1499 2781 1792 2849 προσευξάο

254 2898 430 2951 μενοι·
473 2881 532 2932 '0
562 2878 691 2940 Θεδς
721 2879 815 2929 καὶ
842 2877 1032 2944 ῐιατὴρ
1063 2875 1155 2927 τοῦ
1199 2875 1402 2941 Κυρίου
1442 2875 1599 2941 ἡμῶν
1622 2875 1794 2943 Ἰησοῦ

253 2971 514 3043 Χριστοῦ,
567 2969 683 3040 μετ’
734 2968 953 3036 εἰρήνης
1004 2966 1153 3031 δέξαι
1197 2966 1265 3018 τὰ
1295 2965 1580 3035 πνεύματα
1620 2966 1793 3034 ἡμῶν,

248 3066 561 3117 τελευταίον
593 3065 838 3115 ὲπείπον.
870 3061 977 3112 Καὶ
1032 3060 1059 3110 6
1101 3059 1388 3127 Σαμωνᾶς,
1437 3058 1794 3128 επιστραφεὶς

1889 1967 2120 2022 fuissent
2170 1968 2222 2020 in
2260 1969 2489 2031 eoloco,
2543 1978 2597 2021 et
2650 1970 2703 2022 in
2736 1969 2914 2023 laetitia
2952 1971 3131 2023 cordis
3166 1983 3221 2026 et
3256 1988 3443 2041 magna

1888 2059 2050 2112 animi
2079 2061 2379 2113 constantia
2423 2074 2451 2113 e
2488 2060 2738 2113 vehiculo
2781 2060 3210 2125 descendisscnt,
3267 2076 3296 2115 a
3337 2063 3445 2130 spi-

1889 2148 2132 2202 culatore
2182 2159 2236 2201 et
2276 2149 2342 2201 iis
2373 2150 2463 2216 qui
2511 2150 2612 2202 sub
2654 2165 2719 2203 eu
2752 2160 2905 2203 erant
2954 2157 3167 2219 tempus
3222 2153 3286 2205 ad
3322 2165 3443 2204 ora-

1890 2238 2090 2293 tionem
2136 2239 2433 2307 petiernnt,
2494 2250 2548 2293 et
2596 2250 2942 2309 acceperunt.
3005 2241 3235 2297 Perinde
3294 2245 3441 2297 enim

1890 2342 1953 2382 nc
1986 2329 2030 2382 si
2076 2345 2183 2383 non
2214 2330 2527 2385 sufﬁcerent
2576 2342 2841 2386 tormenta
2897 2341 2951 2386 et
2987 2334 3208 2402 sanguis
3241 2334 3308 2387 ad
3361 2336 3446 2388 in.

1891 2422 2276 2477 tercedendum
2318 2438 2415 2492 pro
2440 2424 2541 2486 eis,
2570 2433 2795 2494 propter
2820 2439 3084 2478 summam
3120 2426 3441 2479 modestiam

1892 2512 2072 2566 adhuc
2104 2514 2266 2567 etiam
2296 2529 2435 2583 opus
2482 2515 2753 2569 habebant
2790 2518 3118 2585 precatione.
3178 2516 3313 2572 Cum
3348 2521 3446 2571 ita-

1890 2619 1996 2672 que
2024 2606 2213 2658 oculos
2251 2604 2305 2657 in
2335 2607 2530 2660 cmlum
2560 2606 2929 2669 sustulissent,
2985 2616 3041 2660 et
3071 2608 3282 2661 intcnse
3314 2624 3443 2676 pre-

1894 2697 1998 2749 cati
2055 2707 2237 2752 essent
2274 2716 2285 2751 :
2322 2698 2464 2752 Deus
2514 2706 2568 2751 et
2598 2697 2756 2752 Pater
2820 2698 3031 2753 Domini
3078 2700 3247 2754 nostri
3314 2700 3441 2754 .lcsn

1891 2790 2089 2845 Christi
2122 2810 2136 2848 :
2163 2790 2386 2858 Suscipe
2412 2790 2463 2843 in
2489 2804 2619 2857 pace
2649 2789 2874 2857 spiritus
2901 2799 3134 2853 nostros,
3169 2800 3441 2857 postremo

1894 2882 2166 2935 dixerunt.
2192 2881 2453 2935 Samonas
2474 2889 2653 2935 autem
2694 2895 2990 2935 conversos
3041 2880 3107 2933 ad
3140 2881 3440 2949 spiculato-

1899 2987 2008 3026 rem
2052 2989 2064 3025 :
2102 2973 2426 3042 Exsequere,
2457 2972 2655 3042 inquit,
2687 2972 2737 3026 id
2765 2974 2906 3042 quod
2938 2982 3020 3027 est
3074 2972 3168 3026 tibi
3212 2973 3443 3041 impera-

1900 3071 2011 3115 tum
2038 3103 2051 3125 ,
2082 3077 2313 3131 cumque
2342 3080 2480 3132 genu
2532 3064 2692 3116 simul
2722 3064 3036 3117 inclinasset
3087 3077 3211 3116 cum
3254 3063 3441 3124 Curia,

252 3158 387 3225 πρὸς
424 3156 516 3207 τδν
548 3154 992 3219 σπεκουλάτωρα.
1040 3152 1111 3202 T6
1151 3151 1458 3213 κελευσθὲν,
1489 3146 1631 3213 εἶπε,
1662 3151 1796 3219 πλή·
1822 3175 1865 3235 C
1898 3169 1921 3207 ε

1777 3175 1796 3187 ·
1822 3175 1865 3235 C
1898 3154 1977 3207 eis
2000 3165 2346 3223 amputantur
2376 3156 2550 3224 capita
2607 3155 2817 3209 decimo
2854 3156 3045 3223 quinto
3102 3154 3438 3209 Novembris.

256 3259 429 3302 ρ’,σον
465 3258 479 3272 ο
512 3243 607 3293 καὶ
637 3242 695 3291 τὸ
730 3242 859 3306 γόνυ
894 3239 1081 3298 κλίνας
1112 3238 1227 3307 ἅμα
1264 3238 1460 3307 Γουρίᾳ
1487 3240 1582 3300 τὰς
1621 3255 1789 3305 κεφα.

253 3337 347 3392 λὰξ
376 3334 795 3399 ἀποτέμνονται,
830 3328 1326 3397 πεντεκαιδεκάτην
1354 3330 1474 3381 τότε
1505 3329 1597 3381 τοῦ
1619 3330 1795 3398 Neap.-

250 3427 409 3494 Gpiou
464 3423 629 3493 μηνὸς
668 3422 934 3491 βγοντος.
994 3419 1075 3471 Τὰ
1117 3420 1215 3489 μὲν
1245 3420 1310 3488 δὴ
1349 3418 1459 3471 τῶν
1509 3419 1797 3489 μαρτύρων

250 3514 496 3568 τοιαῦτα.

324 3607 422 3660 li“.
476 3607 621 3659 Ἐπεὶ
671 3609 724 3661 δὲ
772 3611 859 3661 καὶ
893 3610 981 3661 τὸν
1040 3610 1219 3677 τρίτον
1257 3608 1285 3658 6
1332 3604 1562 3674 ἀριθμὸς
1595 3603 1796 3672 έζήτεε,

254 3697 330 3757 ὡς
363 3696 429 3749 ἂν
474 3699 574 3749 κάν
618 3698 828 3760 τούτοις
890 3699 922 3767 ἠ
960 3698 1126 3766 Τρεὰς
1172 3693 1425 3763 δοξασθῇ,
1458 3686 1635 3761 εὗρεν,
1672 3691 1797 3757 εὖγε

252 3788 353 3854 τῆς
408 3788 634 3855 ἁρΞστης
689 3787 985 3856 προνοίαςί
1072 3788 1151 3855 τῷ
1194 3786 1367 3854 χρόνῳ
1423 3783 1521 3851 μὲν
1575 3782 1798 3852 ὕστερον

260 3878 505 3938 Ἀσιὸον,
533 3878 632 3947 τὴν
666 3878 834 3944 αὐτὴν
860 3878 915 3931 δὲ
942 3880 1053 3939 τοῖς
1086 3875 1443 3945 προλαϐοῦσιν
1466 3875 1581 3927 ὁδὸν
1604 3874 1800 3929 ἁνῦσαι

260 3969 670 4038 προῃρημένον,
708 3971 802 4021 καὶ
838 3969 977 4020 κατὰ
1012 3968 1109 4035 τὴν
1140 3966 1310 4034 αὐτὴν
1337 3966 1567 4027 ἐκείνοις
1588 3964 1799 4033 ἡμέραν

253 4060 347 4112 τοῦ
398 4060 700 4130 μαρτυρίου
745 4058 1123 4111 τελειωθέντα.
1180 4058 1241 4110 ’0
1298 4057 1471 4126 μέγας
1503 4058 1683 4109 τοίνυν
1742 4058 1799 4108 ὲν

256 4152 525 4219 μάρτυσιν
560 4148 806 4211 Ἄδιδος,
830 4149 925 4215 τῆς
960 4148 1131 4216 αὐτῆς
1154 4148 1251 4216 μέν
1272 4148 1498 4208 ἐκείνοις
1520 4148 1796 4215 πατρίδος,

253 4242 362 4291 cit-02
416 4240 680 4306 Θελσαίης
727 4238 828 4306 τῆς
874 4236 1067 4306 κώμης
1124 4238 1367 4306 ὡρμᾶτο,
1432 4236 1509 4306 τῷ
1572 4236 1697 4305 ίερῷ
1742 4237 1797 4288 ὂὶ

252 4332 353 4399 τῆς
397 4330 671 4391 διακονίας
722 4328 1031 4396 κεκόσμητο
1100 4328 1387 4395 χρίσματι.
1442 4327 1711 4378 Λικιννίου
1741 4326 1796 4379 δι

252 4420 363 4471 τῶν
411 4420 702 4487 σκήπτρων
756 4417 853 4484 τῆς
902 4413 1188 4480 Ῥωμαίων
1240 4416 1642 4487 έπειλημμένου
1705 4416 1798 4469 καὶ

1899 3250 2075 3317 Atque
2101 3249 2203 3303 hoc
2247 3250 2408 3303 modo
2457 3250 2678 3318 quidem
2729 3264 2786 3302 se
2819 3248 3125 3302 habuerunt
3169 3264 3255 3303 res
3297 3264 3441 3303 mar-

1900 3347 2095 3406 tyrum.

1972 3600 2107 3654 Xlll.
2140 3599 2271 3654 Cum
2307 3610 2487 3655 autem
2518 3604 2737 3655 tertium
2778 3618 2995 3671 quoque
3030 3614 3297 3671 qumreret
3340 3622 3441 3660 nu-

1901 3707 2103 3754 merus,
2134 3693 2268 3744 utin
2320 3691 2405 3744 his
2469 3692 2864 3761 glorificaretur
2928 3693 3183 3757 Trinitas,
3235 3695 3443 3751 invenit

1901 3780 1955 3846 (ο
1974 3780 2229 3847 Optimam
2261 3780 2647 3848 providentiam
2672 3784 2713 3847 ί)
2744 3790 2987 3849 tempore
3030 3783 3250 3850 quidem
3298 3793 3444 3852 post-

1899 3885 1962 3926 ea
1998 3870 2250 3932 Abibum,
2276 3871 2368 3939 qui
2398 3881 2577 3925 autem
2612 3874 2753 3927 idem
2787 3888 2907 3925 cum
2943 3873 3009 3926 iis
3038 3874 3130 3941 qui
3159 3888 3445 3942 praecesse-

1901 3971 2041 4023 rant,
2074 3962 2399 4031 iteringredi
2428 3964 2805 4025 constituerat,
2841 3974 2894 4017 et
2924 3964 3016 4017 illo
3048 3964 3165 4031 ipso
3191 3967 3439 4035 martyrii

1900 4050 1990 4105 die
2015 4051 2116 4104 fuit
2138 4061 2567 4104 consummatus.
2611 4052 2831 4119 Magnus
2860 4067 2987 4121 ergo
3018 4052 3159 4107 inter
3180 4065 3443 4125 martyres

1898 4142 2124 4203 Altibus,
2182 4157 2246 4194 ex
2280 4142 2466 4195 eadem
2529 4142 2772 4211 quidem,
2830 4158 2894 4196 ex
2951 4158 3054 4211 qua
3105 4144 3180 4197 illi
3242 4147 3439 4213 patria,

1900 4248 2094 4303 nempe
2135 4248 2201 4287 ex
2242 4232 2482 4287 Thelsaea
2536 4235 2656 4288 vico
2683 4244 2800 4287 erat
2833 4246 2983 4287 ortus
3013 4252 3025 4287 :
3054 4249 3208 4289 sacro
3258 4246 3438 4289 autem

1899 4327 2216 4381 diaconatus
2270 4326 2445 4379 fuerat
2476 4324 2769 4379 honoratus
2796 4324 3107 4379 chrismate.
3136 4324 3270 4381 Cum
3310 4342 3439 4381 vero

1902 4415 2143 4469 Licinius
2184 4422 2394 4468 teneret
2444 4422 2656 4481 sceptra
2696 4414 2909 4482 imperii
2951 4415 3341 4478 Romanorum,
3385 4425 3440 4469 et

252 4510 521 4565 Λυσανίου
546 4509 642 4579 τὴν
676 4507 775 4575 τῆς
811 4507 1067 4575 Ἐδέσσης
1098 4507 1390 4575 ἡγεμονίαν
1435 4507 1798 4577 έγχειρισθὲν-
1830 4507 1873 4564 D
1900 4506 1921 4559 1

1767 4527 1798 4550 κ
1830 4507 1873 4564 D
1900 4506 2158 4577 Lysanias
2186 4514 2402 4559 creatus
2447 4503 2637 4557 fuisset
2666 4519 2864 4572 prases
2917 4505 3150 4569 Edessae,
3206 4506 3436 4560 excitata

252 4620 369 4664 τος,
411 4601 649 4669 διωγμὸς
676 4601 814 4653 κατὰ
856 4600 1196 4670 Χριστιανῶν
1222 4598 1318 4650 καὶ
1343 4593 1497 4660 αὖθις
1526 4600 1797 4667 ἠγείρετο,

255 4695 350 4742 καὶ
408 4692 545 4759 προς
622 4689 848 4743 ’Λϐιῆον
901 4691 929 4741 6
982 4690 1087 4751 πᾶς
1152 4688 1395 4752 κίνδυνος
1461 4689 1795 4757 περιίστατο.

258 4782 478 4851 Περιῄει
536 4784 643 4850 γὰρ
694 4774 849 4842 οὗτος
901 4780 999 4846 τὴν
1034 4779 1189 4832 πόλιν
1232 4780 1328 4839 τὰς
1373 4777 1520 4839 θείας
1554 4777 1799 4848 ἃπαντας

256 4870 590 4923 έκπαιδεύων
624 4869 840 4937 Γραφὰς
878 4869 972 4922 καὶ
1016 4870 1151 4937 πρὸς
1204 4868 1487 4921 εὐσέϐειαν
1546 4866 1799 4935 ἐκθύμως

258 4958 644 5027 ἐπιστηρίζων.
670 4958 823 5009 Ἐπεὶ
849 4957 905 5010 δὲ
927 4956 1100 5010 ταῦτα
1130 4960 1323 5018 είς.....
1349 4952 1449 5027 ἧκε
1501 4955 1578 5023 τῷ
1624 4957 1800 5007 Λυσα-

260 5051 364 5118 νίᾳ,
399 5049 651 5117 Λικιννίῳ
687 5047 763 5116 τῷ
799 5048 1005 5114 βασιλεῖ
1047 5048 1175 5115 παρ’
1223 5048 1385 5099 αὐτοῦ
1447 5046 1790 5114 γνωρίζεται.

264 5141 524 5194 ’ίῦσπευδε
550 5140 654 5209 γὰρ
671 5140 814 5200 ὅπως
848 5140 944 5207 τὴν
977 5138 1112 5190 κατὰ
1140 5136 1476 5205 Χριστιανῶν
1510 5138 1605 5189 καὶ
1642 5138 1800 5206 μάλι-

264 5245 364 5281 στα
384 5229 478 5279 τοῦ
525 5227 736 5279 ’Δδίεου
763 5231 1027 5295 τιμωρίαν
1062 5226 1149 5278 ὑπ’
1180 5228 1386 5279 ἐκείνου
1430 5226 1751 5295 ἐπιτραπείη
1782 5240 1798 5257 ο

262 5318 378 5371 οὐδὲ
428 5318 536 5385 γὰρ
579 5312 646 5385 ἦν
686 5317 835 5384 αύτῷ
889 5317 1151 5384 πρότερον
1205 5317 1693 5386 ἐπιτετραμμένον,
1742 5317 1802 5380 ὃς

261 5409 555 5479 γράμμασι
611 5408 785 5477 τούτῳ
831 5408 925 5459 τὸν
969 5406 1180 5459 ’Δ6Ξ6ου
1234 5406 1460 5460 θάνατον
1495 5408 1799 5478 ἐπιτρέπει.

274 5497 663 5551 ’Δναδοοέντων
712 5499 1059 5567 γραμμάτων
1114 5496 1193 5566 τῷ
1246 5498 1513 5566 Λυσανία,
1578 5499 1801 5565 ζήτησις

259 5587 359 5641 τοῦ
398 5585 638 5651 Ἀσίσου,
666 5587 943 5657 πανταχοῦ
968 5589 1195 5655 γίνεται.
1232 5588 1340 5641 Καὶ
1376 5589 1536 5650 αὐτὸς
1581 5589 1720 5641 κατά
1755 5604 1806 5639 τι

1902 4612 2093 4651 rursus
2134 4604 2250 4650 erat
2294 4596 2599 4663 persecutio
2658 4594 2920 4649 adversus
2987 4595 3348 4660 Christianos,
3384 4607 3440 4651 et

1900 4688 2073 4743 Abibo
2106 4688 2419 4741 universum
2468 4685 2784 4739 imminebat
2845 4686 3163 4753 periculum.
3210 4688 3260 4742 ls
3295 4690 3437 4743 enim

1898 4774 2085 4828 obibat
2112 4773 2407 4833 civitatem,
2438 4772 2650 4826 divinas
2678 4782 2904 4826 cunctos
2963 4774 3163 4829 docens
3191 4777 3441 4843 Scriptu-

1900 4877 2011 4923 ras,
2040 4872 2096 4915 et
2122 4876 2312 4929 magno
2345 4862 2526 4913 animo
2570 4860 2901 4915 conﬁrmans
2951 4862 3017 4915 ad
3061 4864 3311 4931 pietatem
3343 4867 3438 4936 (5).

1901 4952 2033 5007 Cum
2080 4962 2256 5005 autem
2300 4953 2413 5005 hate
2450 4954 2725 5006 venissent
2760 4956 2823 5005 ad
2881 4970 3040 5008 aures
3074 4955 3335 5026 Lysanie.
3377 4976 3439 5013 ea

1906 5042 2113 5096 Licinio
2143 5042 2457 5109 imperatori
2509 5042 2576 5095 ab
2608 5057 2673 5095 eo
2728 5042 3121 5111 significantur.
3178 5045 3441 5101 Studebat

1903 5134 2069 5194 enim,
2105 5141 2163 5184 ut
2196 5131 2308 5199 ipse
2364 5134 2409 5184 ei
2444 5132 2803 5185 committeret
2832 5132 3182 5200 quaestionem
3240 5134 3443 5201 baben-

1904 5227 2025 5280 dam
2052 5225 2118 5278 de
2164 5224 2509 5287 Christianis,
2541 5233 2594 5278 et
2632 5225 2862 5278 maxime
2907 5224 2973 5278 de
3006 5224 3199 5280 Abibo.
3255 5226 3441 5296 Neque

1904 5315 2049 5369 enim
2078 5314 2253 5368 fuerat
2276 5313 2322 5366 ei
2362 5313 2514 5381 prius
2571 5314 2879 5368 commissa.
2922 5313 3013 5367 Ille
3053 5329 3206 5377 vero,
3242 5315 3441 5369 litteris

1910 5404 2068 5471 datis,
2098 5405 2251 5473 jubet
2284 5412 2343 5457 ut
2370 5413 2543 5457 morte
2566 5403 2796 5456 Abibum
2823 5402 3037 5457 alliciat.
3066 5403 3287 5459 Litteris
3312 5420 3441 5475 ergo

1902 5498 2126 5552 redditis
2173 5495 2430 5565 Lysanie,
2501 5495 2762 5563 quaeritur
2796 5495 2994 5561 ubique
3045 5495 3268 5547 Abibns.
3322 5494 3440 5562 Ipse

1904 5598 2081 5643 autem
2108 5588 2334 5657 degebat
2365 5586 2417 5640 in
2474 5587 2700 5654 quadam
2738 5596 2887 5653 parte
2922 5585 3175 5644 civitatis,
3217 5594 3439 5652 propter

332 5774 412 5844 (ὅ)
443 5774 498 5829 ld
537 5773 777 5830 muneris
828 5773 1068 5829 diaconis
1123 5771 1429 5828 incubuisse
1490 5782 1715 5827 testatur
1744 5773 1798 5825 S.
1841 5771 2094 5840 Cyprian.
2133 5770 2290 5839 epist.
2338 5785 2371 5822 ιι
2398 5768 2506 5822 edit
2539 5767 2737 5821 Pamel.
2780 5767 2902 5819 vide
2957 5766 3073 5818 Bar.
3113 5782 3197 5818 an.
3230 5768 3328 5821 ΒΗ)
