4226 6418
781 392 887 454 143

2000 397 2278 457 MENSIS
2313 398 2746 463 NOVEMBER.

3885 406 3990 468 1H.

783 511 981 556 statum
1011 501 1439 557 ecclesiasticum
1469 523 1481 560 :
1521 515 1691 559 mater
1736 520 1869 562 vero
1926 516 1981 561 et
2013 510 2231 577 quidam
2263 524 2327 562 ex
2361 518 2400 572 Α
2434 526 2452 576 ι

2321 518 2400 572 LA
2434 509 2599 578 μέρος
2646 510 2800 578 διῆγε
2848 508 2948 580 τῆς
3011 513 3218 581 πόλεως
3289 519 3755 590 ἐκκλησιαστικῆς
3801 521 3990 574 ἕνεκεν

785 594 872 657 iis,
912 594 1002 661 qui
1043 595 1106 646 ad
1146 609 1268 647 cum
1324 611 1519 665 genere
1551 597 1876 661 attinebant,
1932 615 2056 654 cum
2106 616 2173 654 eo
2210 617 2329 653 vcr-

784 685 1060 738 snbantur.
1095 685 1185 736 lllc
1213 695 1393 738 autem
1436 701 1558 739 cum
1607 703 1716 741 rem
1751 689 2079 753 rescivisset,
2132 704 2198 743 ne
2229 691 2328 743 da-

784 787 865 830 ret
891 790 1095 845 ρωπος,
1127 776 1271 844 quod
1305 777 1548 846 martyrii
1567 777 1901 834 deseruisset
1931 780 2173 845 ordines,
2202 781 2324 834 cui-

780 868 902 919 dam
943 869 1034 936 qui
1069 878 1186 921 erat
1220 884 1284 922 ex
1318 869 1511 936 primis
1539 870 1782 924 cohortis
1823 873 1891 940 (is
1948 879 2129 926 autem
2161 887 2325 926 voca-

781 958 939 1010 batur
979 959 1019 1009 Τ
1027 955 1365 1027 lieotecnu's)
1417 960 1653 1030 seipsum
1705 960 1910 1016 indicat
1946 978 1960 1026 ;
1996 972 2052 1017 et
2082 962 2324 1028 tandem,

777 1049 945 1111 Quem
1007 1050 1271 1116 quaeritis,
1341 1049 1535 1119 inquit,
1579 1051 1834 1116 Abidum,
1895 1054 2008 1123 ipse
2057 1069 2199 1120 sum,
2244 1056 2326 1107 in-

775 1138 913 1206 quit.
945 1137 1035 1191 lile
1091 1155 1219 1194 vero
1276 1141 1504 1209 benigne
1533 1156 1657 1195 eum
1702 1143 1919 1198 intuens
1959 1163 1971 1197 :
2013 1144 2207 1210 Nemo,
2241 1149 2324 1197 ln-

774 1227 911 1294 quit,
941 1227 1119 1282 adhuc
1147 1231 1293 1282 novit
1325 1238 1376 1283 te
1425 1231 1491 1284 ad
1533 1247 1632 1285 nos
1667 1231 1899 1294 venisse.
1929 1247 1961 1286 ο
1987 1235 2168 1288 ltomo.
2221 1236 2321 1292 Abi

773 1332 923 1384 ergo,
951 1328 1006 1371 et
1036 1333 1254 1373 servare
1290 1335 1304 1372 :
1339 1335 1441 1374 nec
1478 1321 1554 1375 sis
1579 1321 1849 1380 sollicitus
1876 1322 1943 1377 de
1983 1333 2180 1387 matre,
2223 1340 2324 1380 nec

772 1407 839 1459 de
885 1409 951 1461 iis
997 1410 1088 1476 qui
1111 1425 1308 1479 genere
1356 1410 1424 1464 ad
1451 1420 1500 1464 te
1529 1413 1780 1469 attinent.
1818 1413 2005 1468 Nullus
2034 1416 2181 1470 enim
2223 1429 2321 1470 eos

773 1498 1014 1564 potuerit
1038 1501 1259 1554 omnino
1287 1499 1499 1556 allicere
1519 1502 1788 1558 molestia.
1819 1505 1882 1560 Et
1938 1508 2053 1562 haec
2098 1507 2320 1576 quidem

775 1584 1138 1646 Tlieotecnus.

852 1768 983 1822 XIV.
1014 1771 1218 1824 Abibus
1243 1782 1442 1836 autem,
1463 1787 1585 1827 cum
1623 1780 2065 1844 tempusvocaret
2089 1777 2153 1830 ad
2175 1793 2320 1832 mar-

2432 598 2853 662 καταστάσεως,
2898 603 2931 669 ή
2984 601 3169 675 μήτηρ
3216 623 3275 659 τε
3329 609 3422 660 καί
3455 625 3598 671 τινες
3632 610 3741 663 τῶν
3779 627 3992 679 προσηο

2431 691 2634 736 κόντων
2667 687 2906 756 συνῆσαν
2941 690 3111 760 αὐτῷ.
3153 693 3211 744 '(l
3243 694 3299 747 δὲ
3327 737 3343 761 ,
3372 697 3433 748 τὸ
3474 700 3706 765 πρᾶγμα
3740 700 3987 767 πυθόμε-

2430 794 2539 839 νος,
2577 778 2651 839 ῶς
2685 779 2751 831 ἂν
2784 779 2859 850 μή
2899 780 3242 848 λειποταξίου
3291 785 3386 838 τοῦ
3434 789 3526 839 ἐπὶ
3579 789 3658 856 τῷ
3698 792 3991 859 μαρτυρέφ

2427 870 2582 938 δίκην
2610 871 2913 942 ἀπαιτηθῇ,
2941 875 3078 943 πρός
3103 894 3220 929 τινα
3245 877 3352 931 τῶν
3374 879 3474 946 τῆς
3508 881 3718 945 τάξεως
3752 885 3989 950 πρῶτων

2425 958 2738 1024 γενόμενος,
2773 960 3067 1025 Θεότεκνος
3100 964 3155 1017 δὲ
3186 958 3344 1029 οὗτος
3373 967 3620 1021 ἐκαλεῖτο
3641 1006 3657 1031 ,
3712 971 3789 1035 τις)
3826 971 3987 1040 ἀνδρὶ

2425 1049 2685 1118 γνωρίζει
2716 1050 2783 1102 τὰ
2833 1053 2951 1104 κατ’
2984 1053 3184 1117 αὑτὸν,
3228 1057 3322 1108 καὶ
3369 1058 3517 1119 τέλος
3544 1097 3560 1122 ,
3621 1059 3717 1112 ’ον
3767 1057 3984 1127 ζητεῖτε

2429 1139 2680 1203 'A6t60v,
2705 1141 2865 1202 αὑτός
2891 1143 3027 1210 είμι,
3060 1144 3228 1209 λέγει.
3274 1146 3381 1198 Καὶ
3428 1146 3482 1207 6;
3520 1147 3655 1214 πρὸς
3688 1148 3849 1200 αὐτὸν
3896 1165 3987 1216 φι-

2425 1225 2874 1298 λανθρωπότερον
2922 1229 3129 1282 ἀπιδὼν
3163 1248 3175 1260 ⁸
3205 1232 3389 1294 Οὐδεὶς
3420 1235 3582 1300 ἰγνω,
3619 1237 3806 1305 φησιν,
3850 1238 3982 1306 άρτι

2425 1318 2564 1386 πρὸς
2589 1319 2734 1390 ημᾶς
2767 1336 2825 1371 σε
2861 1321 3326 1389 παραγενόμενον,
3371 1324 3628 1392 ἄνθρωπε
3666 1341 3680 1355 ⁸
3707 1326 3980 1395 ἀπότρεχε

2423 1407 2727 1475 τοιγαροῦν,
2758 1410 2850 1460 καὶ
2875 1408 3068 1472 σώζου.
3099 1413 3246 1479 Μηδὲ
3278 1413 3405 1482 περὶ
3443 1414 3542 1482 τῆς
3606 1418 3808 1484 μητρὸς
3839 1421 3982 1471 tario

2423 1513 2506 1550 σοι
2541 1498 2676 1566 μηδὲ
2717 1498 2826 1551 τῶν
2871 1501 3262 1570 προσηκόντων
3289 1505 3542 1572 φροντίς·
3564 1506 3740 1568 οὐδεὶς
3775 1510 3883 1574 γὰρ
3908 1509 3979 1560 ἄν

2420 1590 2615 1653 αὐτοὺς
2658 1591 2719 1643 τὸ
2767 1594 3029 1664 παράπαν
3089 1595 3328 1664 λυπῆσαι
3377 1595 3614 1651 δύναιτο.
3660 1599 3770 1650 Καὶ
3799 1597 3979 1652 ταῦτα

2423 1681 2522 1750 μὶν
2564 1684 2592 1735 6
2624 1681 2931 1747 Θεότεκνος.

2490 1773 2586 1830 1Δ’.

2652 1775 2872 1839 Ἄδιδος
2909 1777 2964 1829 δὲ
2999 1817 3014 1843 ,
3065 1775 3160 1829 τοῦ
3211 1778 3403 1846 καιροῦ
3448 1779 3734 1843 καλοῦντος
3781 1782 3860 1844 είς
3914 1782 3980 1833 τὸ

773 1862 992 1928 tyrium,
1028 1861 1242 1914 nolebat
1269 1862 1465 1930 pusillo
1500 1872 1556 1916 et
1585 1837 1799 1930 abjecto
1843 1868 2023 1920 animo
2060 1868 2313 1923 suﬁ‘urari
2350 1837 2390 1894 Β
2422 1881 2442 1933 ι

2305 1869 2313 1923 i
2350 1837 2390 1894 Β
2422 1863 2744 1934 μαρτύριον,
2793 1837 2893 1918 οὐκ
2926 1837 3114 1934 ἠγάπα
3141 1837 3398 1918 κλέπτειν
3423 1868 3664 1934 ἀγεννῶς
3694 1837 3755 1920 τὸ
3797 1837 3974 1931 σῶζε-

770 1954 1017 2006 salutem.
1056 1949 1114 2002 Ei
1142 1951 1327 2020 itaque
1362 1953 1529 2007 dicit:
1556 1954 1673 2009 Non
1706 1965 1928 2025 propter
1956 1959 2173 2014 cbaram
2202 1975 2318 2014 ma-

772 2049 931 2101 trem,
958 2055 1058 2093 nec
1079 2051 1303 2110 propter
1321 2053 1575 2111 cognatos
1603 2060 1687 2100 me
1719 2047 1888 2101 reddo
1915 2049 2263 2102 manifestum
2298 2066 2312 2103 :

768 2132 860 2183 sed
883 2131 1072 2184 adsum
1115 2143 1336 2201 propter
1357 2134 1559 2190 Christi
1577 2137 1991 2194 confessionem.
2011 2141 2150 2196 Ecce
2169 2146 2315 2197 enim

767 2221 850 2274 vel
885 2228 935 2273 te
963 2223 1181 2279 nolente
1215 2227 1484 2293 apparebo
1517 2242 1700 2282 coram
1755 2231 2006 2298 praeside,
2042 2241 2099 2286 et
2135 2249 2315 2288 meum

765 2311 1043 2366 Christum
1064 2315 1366 2382 praedicabo
1416 2331 1596 2371 coram
1629 2319 1966 2390 principibus
1987 2333 2042 2376 et
2064 2324 2308 2393 regibus.

766 2403 1112 2458 Theotecnus
1129 2405 1310 2474 itaque
1326 2408 1555 2473 veritus,
1575 2426 1642 2464 ne
1662 2427 1757 2465 sua
1793 2422 1987 2479 sponte
2003 2417 2213 2472 veniret
2244 2418 2313 2473 ad

765 2492 1073 2560 praesidem,
1096 2501 1150 2548 et
1167 2508 1230 2549 ea
1251 2494 1317 2550 de
1334 2511 1492 2550 ausa
1511 2501 1561 2552 ei
1579 2498 1867 2553 aﬁ'erretur
1889 2502 2218 2570 periculum,
2254 2516 2313 2562 ut

765 2584 856 2652 qui
889 2600 1013 2638 eum
1041 2599 1147 2637 non
1173 2583 1387 2640 fecisset
1417 2587 1782 2653 manilestum,
1818 2594 2045 2646 assumit
2075 2596 2311 2652 Abibum

766 2683 821 2729 et
850 2691 975 2728 eum
1026 2674 1248 2730 adducit
1274 2675 1340 2729 ad
1366 2677 1671 2746 pmsidem.
1723 2680 1823 2734 llic
1866 2683 1956 2737 ille
1983 2694 2084 2746 est.
2110 2687 2308 2756 inquit,

765 2767 859 2835 qui
885 2767 1165 2834 quaaritur,
1198 2766 1426 2822 Abibus.
1482 2770 1616 2824 Cum
1678 2780 1857 2826 autem
1910 2773 2170 2845 Lysanias
2215 2795 2313 2834 au-

766 2859 960 2912 diisset
1009 2857 1240 2913 Abibum
1269 2874 1364 2912 sua
1394 2870 1588 2929 sponte
1629 2862 1828 2919 adiisse
1869 2867 1933 2920 ad
1984 2872 2305 2938 certamina,

766 2950 1062 3002 arbitratus
1094 2963 1214 3002 eam
1265 2965 1376 3002 rem
1416 2964 1536 3006 esse
1571 2963 1918 3023 contemptus
1944 2969 2000 3012 et
2042 2960 2302 3027 audaciae,

770 3049 828 3090 ut
858 3041 948 3108 qui
980 3040 1351 3107 parvil‘ecisset
1406 3042 1782 3099 austeritatem
1832 3047 2139 3113 tribunalis,
2180 3068 2304 3106 eum

769 3132 950 3184 statim
994 3139 1153 3184 curat
1210 3130 1516 3184 ducendum
1567 3133 1622 3186 in
1681 3135 1969 3204 judicium,
2039 3141 2376 3238 conditiooc

766 3238 1000 3292 nemque
1038 3224 1106 3276 ab
1141 3238 1206 3277 eo
1237 3223 1392 3291 petit,
1423 3231 1478 3277 et
1509 3240 1726 3291 nomen,
1757 3237 1812 3281 et
1866 3232 2122 3297 patriam.
2167 3233 2302 3289 Cum

766 3327 897 3364 \‘ero
937 3311 1306 3379 respondisset
1356 3327 1413 3365 se
1474 3312 1694 3380 quidem
1749 3331 1868 3371 esse
1912 3329 2091 3374 ortum
2125 3338 2155 3377 e
2186 3326 2306 3380 vico

769 3400 1034 3464 Thelsrea,
1063 3401 1424 3468 signiﬁcasset
1474 3413 1655 3459 autem
1707 3419 1766 3460 se
1804 3422 1923 3463 esse
1971 3411 2170 3467 Christi
2201 3418 2306 3469 mi-

770 3493 1020 3556 nistrum,
1053 3493 1236 3546 statim
1264 3504 1554 3565 martyrem
1599 3505 1684 3551 est
1732 3499 2053 3558 criminatus
2086 3520 2304 3572 pra'ses,

769 3581 913 3651 quod
970 3596 1077 3635 non
1111 3582 1543 3654 obtemperasset
1591 3587 1759 3657 jussis
1791 3587 2152 3658 imperatoris.
2195 3595 2308 3650 llu-

764 3673 853 3741 jus
872 3681 1051 3726 autem
1117 3674 1196 3726 rei
1273 3684 1516 3741 apertum
1577 3691 1695 3732 esse
1752 3677 1967 3734 dicebat
2025 3682 2303 3754 indicium,

767 3763 910 3832 quod
938 3763 1057 3818 ,Ιονὶ
1096 3765 1223 3818 tbus
1255 3780 1363 3820 non
1419 3768 1766 3825 sacriﬁcaret.
1813 3772 2033 3837 Adhaec,
2065 3789 2124 3830 se
2178 3780 2304 3845 qui-

766 3853 890 3906 dem
946 3852 1316 3908 Cliristianum
1386 3871 1529 3920 esse,
1575 3858 1791 3914 dicebat
1813 3862 2046 3928 Abibus,
2089 3874 2147 3919 et
2194 3883 2303 3923 non

765 3957 927 4011 posse
974 3958 1158 3996 verum
1200 3944 1368 3998 Deum
1407 3946 1732 4017 relinquere,
1771 3953 2079 4008 sacriﬁcare
2120 3967 2300 4012 autem

764 4033 1020 4086 inanimis
1042 4042 1098 4086 et
1121 4047 1278 4087 sensu
1307 4035 1456 4088 nullo
1480 4038 1718 4104 praeditis
1740 4042 1995 4109 operibus
2021 4058 2298 4101 manuum.

764 4123 968 4178 Praeses
1014 4138 1158 4183 vero,
1186 4139 1310 4178 eum
1344 4125 1564 4181 brachia
1591 4129 1833 4184 vinctum
1861 4131 2110 4198 luuibus,
2135 4136 2301 4204 jussit

765 4212 818 4263 in
853 4211 998 4279 ligno
1037 4211 1330 4266 sublimem
1375 4215 1582 4280 extolli,
1624 4227 1678 4270 et
1702 4217 1891 4274 ferreis
1922 4224 2191 4292 unguibus
2219 4225 2299 4278 la-

763 4302 964 4354 cerari.
1023 4302 1155 4355 Erat
1202 4312 1383 4356 autem
1441 4309 1724 4376 suspensio
1781 4309 1938 4380 longe
1987 4313 2296 4382 violentior,

763 4407 922 4460 quam
964 4391 1241 4447 laceratio.
1280 4394 1538 4449 Veniebat
1582 4398 1728 4451 enim
1763 4399 1815 4453 in
1863 4403 2183 4469 periculum,
2230 4421 2298 4460 ne

2421 1953 2568 2007 σθαι.
2604 1955 2742 2024 Φησὶ
2773 1955 2902 2022 γοῦν
2933 1958 3066 2026 πρὸς
3092 1959 3278 2010 αὐτόν·
3316 1958 3394 2010 Οὐ
3421 1959 3516 2026 τῆς
3552 1961 3708 2028 φίλης
3744 1961 3974 2028 μητρὸς,

2417 2047 2541 2100 οὐδὲ
2571 2047 2674 2100 τῶν
2703 2048 2982 2115 συγγενῶν
3008 2049 3191 2101 ἕνεκεν
3223 2050 3460 2114 ἐμαυτὸν
3491 2051 3795 2119 ὲμφανίζω.
3828 2051 3970 2104 ἀλλὰ

2416 2139 2505 2192 διὰ
2533 2140 2630 2209 τὴν
2657 2139 2946 2209 ὁμολογίαν
2989 2141 3088 2209 τὴν
3131 2142 3211 2203 είς
3265 2142 3355 2193 τὸν
3401 2142 3634 2209 Χριστὸν
3684 2143 3916 2211 πάρειμι
3943 2158 3964 2173 ο

2419 2229 2529 2282 ῖδοὺ
2557 2231 2686 2301 γὰρ,
2716 2231 2810 2283 καὶ
2860 2231 2954 2284 σοῦ
3001 2230 3157 2284 τοῦτο
3186 2230 3261 2300 μὴ
3297 2230 3649 2301 βουλομένου,
3689 2233 3850 2293 αὐτὸς
3889 2232 3971 2300 τῷ

2414 2325 2642 2395 ηγεμόνι
2691 2327 3197 2396 ἐμφανισθήσομαι,
3253 2326 3345 2379 καὶ
3395 2327 3487 2378 τὸν
3532 2326 3665 2393 ἐμὸν
3729 2325 3971 2393 Χριστὸν

2415 2416 2656 2469 ἐναντίον
2693 2417 2969 2486 ἀρχόντων
3016 2414 3238 2486 κηρύξω
3284 2417 3374 2468 καὶ
3422 2416 3701 2484 βασιλέων.
3751 2415 3810 2468 '0
3840 2415 3972 2468 Θεό-

2413 2521 2602 2568 τεκνος
2634 2507 2810 2560 τοίνυν
2847 2507 3029 2568 δείσας
3079 2509 3152 2576 μὴ
3209 2506 3527 2577 αὐθαίρετος
3571 2508 3676 2579 ἥξῃ
3724 2508 3801 2578 τῷ
3838 2511 3972 2579 ἡγε-

2417 2599 2563 2667 μόνι,
2602 2598 2892 2651 κάντεῦθεν
2922 2598 3158 2660 κίνδυνος
3184 2598 3332 2668 αὑτῷ
3367 2616 3450 2660 τις
3489 2599 3835 2670 ἐπενεχθείη,
3888 2601 3964 2664 ὼς

2416 2690 2491 2757 μὴ
2517 2688 2676 2756 δῆλον
2695 2689 2786 2741 τὸν
2815 2689 2982 2757 ἄνδρα
3020 2689 3360 2756 πεποιηκότι,
3391 2690 3483 2742 τὸν
3513 2691 3734 2743 Ἀϐιεον
3769 2709 3967 2760 παρα-

2413 2779 2617 2843 λαὸὼν,
2666 2779 2744 2850 τῷ
2792 2780 3019 2848 ἡγεμόνι
3080 2781 3451 2848 παρίστησινο
3503 2776 3669 2844 Οὗτος
3730 2785 3962 2844 ἐκεῖνος,

2412 2868 2602 2936 εἰπὼν,
2678 2872 2707 2924 6
2772 2871 3105 2941 ζητούμενος
3170 2871 3413 2936 Ἄδιδος.
3483 2871 3570 2935 Ὦς
3639 2875 3695 2927 δὲ
3749 2875 3811 2929 τ6
3864 2877 3961 2929 τοῦ

2424 2964 2645 3017 Ἀϐίϐου
2690 2964 2826 3034 πρὸς
2867 2965 2992 3026 τοὺς
3030 2963 3244 3030 ἀγῶνας
3294 2964 3597 3033 αὐτόμολον
3626 2966 3654 3017 6
3685 2968 3962 3030 Λυσανίας

2410 3054 2662 3120 ἐπύθετο,
2725 3055 3129 3124 καταφρόνησιν
3182 3070 3240 3106 τε
3293 3057 3388 3108 καὶ
3439 3055 3639 3124 Θράσος
3697 3053 3836 3109 εἶναι
3897 3059 3962 3109 τὸ

2411 3147 2643 3215 πρᾶγμα
2693 3146 2942 3214 νομίσας,
2998 3147 3095 3199 ἆτε
3131 3148 3281 3215 παρά
3328 3146 3533 3216 φαῦλον
3578 3149 3638 3199 τὸ
3685 3148 3961 3216 αὐστηρὸν

2408 3235 2501 3287 τιιῦ
2538 3236 2778 3304 βήματος
2803 3235 3056 3304 θεμένου,
3090 3237 3374 3306 ἀγώγιμον
3397 3239 3556 3290 αὑτὸν
3587 3239 3666 3304 τῷ
3690 3239 3921 3307 δικαστη
3939 3264 3958 3278 ο

2410 3325 2508 3395 ρίῳ
2551 3328 2888 3396 παραχρῆμα
2934 3329 3193 3391 ποιεῖται,
3221 3328 3392 3398 τύχην
3430 3346 3490 3382 τε
3533 3331 3627 3382 καὶ
3655 3331 3825 3399 δνομα
3858 3331 3960 3382 καὶ

2403 3419 2504 3487 τὴν
2566 3420 2940 3489 ὲνεγκαμένην
2997 3420 3214 3492 ἀπῄτει.
3245 3420 3399 3473 Ἐπεὶ
3448 3421 3506 3474 6t
3554 3422 3815 3491 Θελσαίης
3854 3423 3959 3490 μὲν

2404 3509 2677 3578 ὁρμᾶσθαι
2748 3512 2845 3579 τῆς
2916 3510 3106 3582 κώμης
3180 3512 3509 3580 ἀπεκρίνατο
3542 3549 3560 3577 ,
3606 3510 3841 3582 Χριστιῦ
3895 3513 3958 3566 δὲ

2404 3596 2654 3651 διάκονον
2709 3601 2903 3652 ἑαυτὸν
2961 3600 3274 3668 εγνώριζεν,
3320 3601 3478 3661 εὐθὺς
3510 3604 3539 3654 6
3581 3604 3803 3671 ήγεμὼν
3855 3603 3957 3672 τὴν

2403 3687 2514 3740 τῶν
2561 3687 2858 3757 βασιλικῶν
2907 3692 3349 3760 προσταγμάτων
3405 3691 3658 3763 ἀθέτησιν
3701 3693 3956 3763 ἔγκλημα

2401 3778 2484 3846 τῷ
2531 3779 2774 3850 μάρτυρι
2813 3783 3085 3852 περιῆπτε
3124 3799 3139 3813 ⁵
3195 3784 3290 3836 καὶ
3331 3784 3532 3853 δεῖγμα
3563 3785 3751 3838 τούτου
3782 3788 3956 3855 σαφὲς

2402 3870 2576 3938 ἔλεγε,
2631 3873 2695 3924 τὸ
2755 3873 2829 3943 μὴ
2878 3875 2955 3942 τῷ
3000 3878 3084 3928 Διὶ
3123 3877 3418 3929 λιϐανωτὸν
3479 3878 3753 3934 ὲπιθῦσαι.
3808 3879 3952 3948 Πρὸς

2399 3959 2574 4015 ταῦτα
2601 3964 2924 4033 Χριστιανὸν
2949 3966 3049 4033 μιν
3080 3968 3273 4021 ἑαυτὸν
3299 3969 3328 4020 6
3364 3969 3587 4031 ’Δὸισος
3632 3968 3810 4032 ἔλεγε.
3852 3971 3954 4022 καὶ

2404 4054 2478 4122 μὴ
2523 4053 2591 4105 ἀν
2646 4054 2740 4108 τὸν
2787 4055 3038 4124 ἀληθινὸν
3087 4057 3222 4110 Θεὸν
3271 4060 3595 4112 καταλιπεῖν
3662 4061 3950 4123 δύνασθαι,

2399 4143 2631 4212 ἀψύχοις
2657 4144 2714 4196 δὲ
2740 4144 2898 4198 θῦσαι
2929 4148 3026 4200 καὶ
3048 4148 3393 4218 ἀναισθήτοις
3443 4150 3623 4218 ἔργοις
3653 4151 3870 4218 χειρῶν.
3887 4151 3950 4204 ’0

2400 4230 2621 4298 ἡγεμὼν
2652 4232 2711 4285 δι
2742 4233 2994 4300 σχοινίοις
3015 4235 3203 4288 τοῦτον
3233 4239 3359 4296 τοὺς
3389 4237 3678 4307 βραχίονας
3701 4237 3950 4307 διειλημο

2402 4322 2563 4390 μένον
2611 4324 2707 4376 ἐπὶ
2755 4324 2895 4394 ξύλῳ
2941 4327 3370 4396 μετεωρισθῆναι
3423 4329 3750 4395 προσέταττε
3775 4372 3790 4395 ,
3853 4333 3952 4386 καὶ

2403 4410 2644 4480 σιδηροῖς
2691 4413 2839 4477 ὄνυξι
2897 4417 3342 4480 καταξαίνεσθαι.
3403 4419 3512 4471 Καὶ
3564 4415 3632 4488 ἦν
3689 4421 3751 4472 τὸ
3819 4422 3953 4489 κρέα

771 4481 1196 4549 (Ιίεςει-ριιτειυτ,
1231 4498 1354 4537 eum
1385 4483 1621 4539 violenta
1648 4488 1960 4545 extensione
1989 4491 2040 4547 ei
2072 4493 2296 4550 divelle-
2331 4491 2372 4546 D
2405 4518 2440 4570 μ

2278 4525 2296 4538 -
2331 4491 2372 4546 Ι)
2405 4501 2609 4570 μασθαι
2645 4502 2739 4555 τοῦ
2779 4503 3057 4567 ξαίνεσθαι
3099 4506 3232 4558 πολὺ
3277 4481 3614 4578 βιαιότερον·⁹
3637 4481 3947 4565 ἀκινδύνευε

765 4581 955 4624 rentur
983 4570 1227 4628 brachia.

831 4745 945 4798 XV.
997 4745 1219 4800 Interim
1251 4745 1380 4802 dum
1405 4747 1454 4803 is
1485 4749 1746 4817 penderet
1773 4754 2042 4819 sublimis.
2072 4774 2299 4818 conver-

763 4853 859 4888 sus
883 4847 965 4890 cst
1007 4851 1206 4905 praeses
1233 4838 1299 4891 ad
1336 4839 1643 4907 blanditias,
1692 4851 1748 4898 et
1776 4843 2015 4915 ﬁngebat
2059 4864 2118 4904 se
2178 4868 2298 4908 esse

763 4927 1083 4994 patirutem.
1125 4926 1432 4983 Minabatur
1494 4941 1677 4986 autem
1728 4934 1895 4989 etiam
1951 4941 2219 5007 graviora,
2249 4945 2294 4998 si

761 5030 869 5070 non
901 5026 1136 5072 mutaret
1175 5019 1537 5088 prapositum.
1587 5021 1680 5077 Ille
1706 5033 1887 5079 autem
1923 5043 1937 5079 :
1971 5026 2162 5092 Nemo,
2206 5030 2293 5084 in-

759 5109 903 5177 quit,
943 5123 1030 5162 me
1085 5108 1317 5163 abducet
1344 5125 1374 5164 a
1431 5109 1578 5176 ﬁde;
1615 5126 1793 5182 neque
1839 5117 2192 5183 persuadebit
2238 5130 2298 5175 ut

760 5198 978 5252 adorem
1027 5196 1324 5261 damones,
1367 5201 1581 5256 etiamsi
1623 5203 1775 5271 plura
1830 5216 2100 5262 tormenta
2155 5209 2298 5266 inle-

760 5296 844 5340 rat
875 5296 931 5342 et
979 5290 1200 5359 majora.
1260 5286 1399 5344 Cum
1445 5301 1625 5346 autem
1677 5294 1843 5349 vellet
1888 5295 2028 5351 scire
2071 5298 2294 5368 praeses,

758 5390 1046 5443 quamnam
1089 5377 1142 5430 ei
1219 5379 1508 5434 utilitatem
1583 5391 1848 5437 tormenta
1919 5387 2293 5456 conciliarent,

756 5481 877 5534 qua:
931 5480 1132 5536 corpus
1201 5469 1371 5523 solum
1419 5481 1768 5537 consumunt,
1830 5471 2033 5530 Christi
2093 5487 2295 5549 martyr

755 5554 967 5611 Abibus
999 5574 1012 5610 :
1047 5557 1163 5612 Non
1191 5557 1258 5612 ad
1298 5574 1535 5628 presens
1570 5577 1740 5631 usque
1792 5573 2025 5635 tempus,
2066 5569 2292 5638 inquit,

757 5659 939 5700 nostra
965 5648 1267 5704 consistunt
1297 5667 1310 5704 :
1342 5665 1440 5705 nec
1468 5667 1530 5706 ea
1596 5657 1772 5709 solum
1845 5659 2140 5727 sequimur,
2176 5674 2296 5729 qua

752 5749 1071 5794 cernuntur.
1103 5740 1255 5803 Quod
1283 5742 1327 5798 si
1360 5750 1415 5797 tu
1446 5759 1660 5814 quoque
1690 5747 1932 5804 volueris
1962 5749 2205 5819 aspicere
2229 5750 2294 5806 ad

2396 4595 2504 4664 γὰρ
2524 4595 3024 4665 διασπαραχθῆναι,
3056 4597 3166 4650 τῶν
3203 4596 3501 4669 βραχιόνων
3521 4599 3672 4670 αὐτῷ
3703 4600 3950 4657 διασπω-

2399 4685 2571 4752 μινων
2615 4688 2679 4755 τῇ
2740 4687 2831 4756 βίᾳ
2858 4689 2954 4757 της
2985 4687 3213 4751 τάσεως.

2462 4777 2564 4829 ιε’.
2605 4773 2762 4841 Εἶτα,
2805 4780 2863 4830 ἐν
2903 4780 3010 4848 ὅσῳ
3037 4781 3310 4851 μετέωρος
3352 4775 3508 4845 οὗτος
3532 4777 3619 4853 ἦν,
3652 4785 3681 4837 6
3719 4786 3949 4854 ἡγεμὼν

2395 4866 2489 4918 επὶ
2517 4866 2752 4929 θωπείας
2776 4869 3039 4936 ἀτράπετο
3075 4873 3166 4923 καὶ
3194 4873 3565 4942 μακροθυμεῖν
3593 4875 3938 4942 ὑπεκρίνετο.

2414 4955 2721 5008 Ἢπείλειδι
2749 4958 2842 5009 καὶ
2867 4957 2934 5010 τά
2951 4959 3320 5028 χαλεπώτερα,
3345 4963 3393 5014 εί
3426 4961 3500 5031 μή
3525 4964 3814 5031 μεταϐάλοι
3848 4965 3944 5017 τοῦ

2399 5047 2757 5115 προκειμένου
2795 5048 3016 5101 σκοποῦ.
3066 5050 3125 5101 '0
3164 5049 3222 5102 δὲ
3251 5089 3268 5114 ,
3301 5051 3508 5115 Οὐδεὶς,
3541 5053 3665 5121 εφη,
3718 5054 3815 5122 τῆς
3849 5057 3946 5108 ἰπὶ

2399 5135 2631 5204 Χριστὸν
2679 5136 2976 5206 ἀποστήσει
3027 5154 3094 5207 με
3143 5139 3402 5204 πίστεως,
3451 5142 3574 5194 οὐδὲ
3617 5150 3943 5211 προσκυνεῖν

2397 5221 2613 5291 δαίμοσι
2668 5225 3008 5294 μεταπείσει,
3056 5225 3159 5279 κᾶν
3205 5229 3253 5280 εί
3297 5231 3513 5292 πλείους
3551 5230 3816 5299 βασάνους
3847 5235 3945 5288 καὶ

2401 5311 2651 5380 μείζονας
2683 5314 2970 5380 ἐπαγάγοι.
3011 5311 3097 5376 Ὠς
3119 5314 3176 5367 6t
3205 5318 3298 5368 καὶ
3329 5318 3522 5387 μαθεῖν
3556 5319 3734 5388 ιζήτει
3759 5323 3787 5372 6
3805 5323 3944 5390 ήγε-

2400 5401 2537 5469 μὼν,
2563 5403 2684 5455 τινα
2705 5403 2801 5471 τὴν
2833 5402 3099 5470 ὠφέλειαν
3130 5404 3276 5474 αὐτῷ
3309 5407 3657 5476 προξενοῦσιν
3685 5410 3741 5461 αι
3771 5408 3944 5478 βάσαο

2396 5507 2476 5542 νοι
2499 5491 2558 5543 τὸ
2588 5491 2742 5559 σῶμα
2771 5494 3224 5548 καταδαπινῶσαι
3257 5496 3451 5564 μόνον,
3487 5501 3514 5551 6
3568 5497 3662 5552 τοῦ
3697 5499 3940 5570 Χριστοῦ

2399 5576 2603 5644 μάρτυς
2640 5578 2888 5640 ’Δϐισοςο
2921 5582 2992 5633 οὐ
3034 5583 3194 5651 μέχρι
3225 5583 3319 5637 τοῦ
3364 5586 3648 5655 παρόντος,
3685 5583 3803 5640 εἶπε
3828 5628 3844 5653 ,
3868 5591 3940 5643 τὰ

2395 5664 2636 5733 ήμετερα
2664 5667 2872 5721 ἵσταται
2896 5708 2910 5732 ,
2942 5670 3061 5722 οὐδὲ
3096 5671 3201 5724 τῶν
3245 5673 3538 5743 ὁρωμένων
3572 5676 3756 5737 ἀπλῶς
3785 5680 3940 5744 γινόο-

2403 5752 2556 5822 μιοα.
2598 5756 2656 5809 Εἰ
2690 5757 2743 5810 δὲ
2788 5758 2881 5811 καὶ
2910 5758 3068 5822 αὐτὸς
3119 5761 3254 5830 πρὸς
3305 5764 3401 5834 τὴν
3453 5765 3639 5821 ιλπίδα
3683 5769 3774 5822 καὶ
3820 5771 3924 5839 τήν
