4226 6418
234 379 336 440 115

1122 372 1587 436 MARTYRlUM
1627 372 1688 429 S.
1728 366 1990 426 GURUE
2033 367 2125 427 ET
2170 362 2581 424 SOCIURUM.

3346 342 3443 407 HG

230 494 657 563 ἐπηγγελμένην
696 495 829 563 ἡμῖν
862 494 1129 547 ἀντίδοσιν
1192 495 1406 552 ἀπιδεῖν
1449 488 1785 560 βουληθείης,
1817 488 1859 544 Δ
1889 502 1899 541 ε

1773 526 1785 550 .
1817 488 1859 544 Δ
1889 501 2039 555 spem
2082 494 2135 540 et
2170 484 2489 553 promissam
2525 478 2683 534 nobis
2727 473 3244 536 remunerationem,
3297 471 3436 526 forte

237 592 372 657 ταχα
397 589 461 641 ἂν
482 588 618 654 μετὰ
644 588 857 640 Παύλου
889 588 1050 654 ἐρεῖς,
1071 586 1152 639 ὅτι
1180 605 1198 637 ε
1223 585 1338 639 Οὐκ
1368 584 1493 647 ἀξια
1520 583 1587 635 τὰ
1615 579 1786 648 παθή-

237 697 384 746 ματα
440 678 534 731 τοῦ
581 679 676 730 νῦν
729 677 919 745 καιροῦ
982 675 1115 745 πρὸς
1158 676 1257 744 τὴν
1298 673 1592 743 μέλλουσαν
1630 670 1787 733 δόξαν

230 771 681 839 ἀποκαλυφθῆναι
706 771 781 829 εἰς
806 769 968 837 ἡμᾶς.
999 786 1017 818 ι
1054 767 1201 819 Ἐπεὶ
1218 766 1273 817 δὲ
1304 766 1512 834 μωρίαν
1534 763 1639 816 τῶν
1660 762 1787 832 παρ’

232 860 403 912 αὑτοῦ
443 857 752 923 λεγομέκων
799 857 826 907 ὁ
874 854 1094 923 ἡγεμὼν
1149 851 1539 919 κατεγίνωσκε,
1571 848 1666 900 καὶ
1696 849 1789 900 νῦν

242 952 342 1019 μὲν
400 948 664 1001 θωπεύων
709 947 801 1000 καὶ
850 945 1229 1014 μακροθυμίας
1280 942 1615 1013 προσωπεῖον
1661 940 1789 991 ὑπο-

233 1042 519 1107 δυόμενος,
541 1038 634 1089 νῦν
673 1037 729 1090 δὲ
762 1036 998 1089 ἀπειλῶν
1030 1042 1125 1088 καί
1158 1033 1351 1101 πικρὸν
1386 1030 1533 1101 αύτῷ
1565 1030 1791 1084 θάνατον

237 1132 537 1190 ἑπισε’ων,
630 1129 764 1195 πρὸς
857 1126 1135 1196 οὐδέτερον
1209 1124 1411 1177 τούτων
1479 1123 1792 1175 ὑποδιδόντα

241 1220 430 1284 ἐὼραο
500 1216 613 1269 Οὐκ
674 1214 869 1284 ἁθρόον
928 1231 1007 1266 σοι
1074 1213 1133 1266 τὸ
1183 1214 1334 1274 τέλος
1390 1212 1591 1278 ἐπάξω,
1660 1213 1791 1281 πρὸς

238 1306 409 1358 αὐτὸν
436 1304 754 1371 ἀπεφήνατο
780 1342 793 1365 ,
826 1302 961 1355 ἀλλά
994 1301 1252 1370 μαλθακῷ
1285 1303 1420 1368 πυρὶ
1454 1302 1592 1353 κατὰ
1624 1300 1791 1371 βραχύ

241 1411 303 1447 σε
336 1394 658 1446 διατακέντα
682 1394 779 1462 τὴν
819 1392 1132 1462 ἀμείλικτον
1169 1392 1462 1445 ἀποθέσθαι
1486 1408 1793 1460 παρασκευ-

240 1488 359 1538 άσω
407 1483 607 1550 ψυχήν.
652 1478 807 1546 Eine,
858 1485 949 1535 καὶ
982 1483 1047 1551 δὴ
1094 1484 1232 1535 κατά
1275 1484 1333 1533 τὸ
1388 1481 1633 1549 ἀρκτῷον
1692 1480 1794 1545 ἔξω

242 1575 341 1627 τοῦ
389 1575 598 1633 ἄστεως
643 1573 743 1641 τῆς
794 1572 924 1641 ὕλης
955 1573 1326 1641 συλλεγείσης,
1361 1574 1453 1624 ἐπὶ
1486 1574 1585 1641 τὴν
1618 1573 1797 1642 πυρὰν

244 1667 432 1730 ἤγετο,
473 1662 745 1730 ἑπομένης
777 1660 875 1729 μὲν
909 1661 1006 1730 τῆς
1045 1663 1248 1731 μητρὸς
1270 1703 1283 1725 ,
1312 1662 1591 1730 ἑπομένων
1620 1664 1673 1715 δὲ
1707 1663 1798 1715 καὶ

244 1756 355 1807 τῶν
393 1754 565 1814 άλλως
600 1753 745 1821 αύτῷ
775 1753 1164 1821 προσηκόντων
1189 1756 1329 1807 κατά
1361 1754 1699 1821 συγγένειαν.
1740 1754 1798 1805 '0

245 1843 303 1893 δὲ
363 1844 500 1909 μετά
554 1843 614 1893 τὸ
667 1842 1065 1910 προσεύξασθαι
1117 1843 1210 1893 καὶ
1255 1842 1458 1903 πάντας
1487 1842 1798 1912 εὐλογῆσαι,

250 1933 577 1998 μεταδοῦναι
610 1933 665 1984 δὲ
698 1937 790 1984 καὶ
836 1931 931 1984 τοῦ
962 1936 1018 1984 ὲν
1050 1934 1239 2001 Κυρίῳ
1270 1935 1586 2002 φιλήματος,
1619 1934 1802 2004 ἐπειδὴ

248 2028 346 2089 τὴν
374 2023 506 2089 ὕλην
540 2024 587 2073 oi
638 2023 772 2090 πρὸς
797 2023 863 2073 τὰ
889 2020 1113 2075 τοιαῦτα
1144 2023 1541 2091 ὑπηρετοῦντες
1572 2024 1802 2092 ἀνῆψαν,

250 2111 583 2178 ἐμϐάλλεται
619 2112 696 2179 τῷ
729 2113 895 2179 πυρὶ,
928 2111 1119 2178 διάρας
1152 2127 1211 2163 τε
1250 2112 1309 2162 τὸ
1354 2111 1525 2179 στόμα
1569 2113 1662 2164 καὶ
1705 2114 1805 2183 τὴν

251 2205 429 2269 φλόγα
463 2202 752 2270 δεξάμενος
786 2201 862 2268 τῷ
895 2201 1149 2253 δεδωκότι
1174 2201 1233 2252 τὸ
1265 2202 1477 2270 πνεῦμα
1510 2203 1803 2272 παρέθετο.

253 2291 388 2347 Εἶτα
450 2294 543 2346 τοῦ
594 2293 762 2362 πυρὸς
814 2289 927 2345 οἷον
978 2294 1285 2362 ραῖσαντος,
1342 2296 1390 2344 oi
1437 2296 1807 2363 προσήκοντες

252 2385 445 2452 ὀθόνην
506 2384 653 2451 αὑτῴ
690 2383 950 2451 πολυτελῆ
977 2380 1318 2452 περιέϐαλον,
1356 2382 1545 2451 μύροις
1570 2400 1628 2436 τε
1659 2383 1809 2450 ἠλειο

254 2477 366 2543 ψαν
391 2475 482 2526 καὶ
505 2474 750 2541 ψαλμοὺς
782 2473 873 2523 καὶ
907 2471 1108 2542 ὕμνους
1136 2472 1210 2533 ὡς
1243 2474 1515 2541 προσῆκον
1537 2469 1601 2542 ἢν
1637 2474 1807 2544 ᾅσαν-

260 2580 349 2623 τες
407 2563 556 2629 παρά
618 2562 880 2628 Σαμωνᾶν
932 2560 1026 2613 καὶ
1082 2562 1318 2630 Γουρίαν
1363 2563 1675 2627 κατέθεντο,
1730 2566 1809 2625 εἷς

255 2653 411 2716 ξόξιν
462 2653 711 2720 Πατρὶς,
772 2649 903 2702 Υίοῦ
955 2651 1049 2702 καὶ
1100 2651 1256 2719 ἁγίου
1333 2652 1666 2721 Πνεύματος.
1716 2656 1811 2722 τῆς

263 2744 413 2804 θείας
444 2745 533 2793 καί
566 2742 877 2809 ἀδιαιρέτου
933 2738 1190 2809 Τριάδος,
1309 2742 1509 2811 πρέπει
1544 2745 1676 2813 τιμὴ
1722 2746 1814 2796 καὶ

264 2834 634 2902 προσκύνησις
664 2832 756 2885 νῦν
782 2833 875 2885 καὶ
924 2834 1003 2895 είς
1046 2836 1171 2897 τοὺς
1194 2836 1395 2897 αίῶνας
1435 2835 1543 2887 τῶν
1578 2838 1810 2893 αἰώνων.

275 2927 469 2993 ’Δμήν.
492 2924 527 2993 [ί
544 2926 589 2991 1)
619 2924 686 2977 Τὸ
708 2924 841 2991 περὶ
868 2923 981 2990 τὴν
1001 2925 1211 2993 Κέρνη,
1242 2927 1435 2994 θαῦμα
1451 2926 1568 2981 τῶν
1589 2929 1814 3001 ἁγίων-,1

264 3016 519 3068 Τοιοῦτον
570 3014 666 3084 μὲν
714 3016 776 3083 δὴ
815 3016 909 3068 καὶ
953 3017 980 3067 ό
1036 3017 1245 3084 μάρτυς
1306 3018 1532 3081 ’Δὸιϐος
1579 3021 1669 3072 ἐπὶ
1707 3022 1815 3074 τῶν

1889 578 2050 632 etiam
2081 577 2228 631 dices
2254 590 2377 630 cum
2399 573 2600 628 Paulo:
2638 590 2656 623 ι
2694 569 2811 624 Non
2837 577 2965 623 sunt
2996 564 3278 635 condigna:
3319 578 3441 633 pas-

1889 668 2068 721 siones
2108 668 2269 737 hujus
2303 663 2564 731 temporis
2586 660 2653 715 ad
2692 658 2942 730 gloriam,
2970 670 3091 725 quas
3143 662 3230 709 est
3283 666 3439 706 reve-

1890 758 2046 811 landa
2081 758 2134 811 in
2178 756 2336 810 nobis
2369 755 2430 806 ¹⁷.
2471 772 2489 804 ι
2547 752 2679 807 Cum
2736 760 2915 803 autem
2966 762 3163 815 praeses
3205 760 3267 798 ea
3319 756 3441 811 qua:

1890 848 2208 901 dicebantur
2234 847 2511 899 damnaret
2561 840 2825 902 stultitiae,
2901 847 2957 892 et
3005 851 3153 891 nunc
3218 834 3435 903 quidem

1891 940 2175 994 blandiens
2227 946 2279 991 et
2342 937 2566 991 subiens
2614 945 2899 1002 personam
2949 926 3244 998 patientiae.
3297 940 3440 978 nunc

1892 1046 2020 1086 vero
2081 1031 2289 1084 minans
2340 1036 2395 1082 et
2451 1025 2698 1081 acerbam
2760 1022 2807 1077 ei
2858 1027 3085 1074 mortem
3149 1019 3445 1074 intentans.

1892 1118 2286 1172 neutrieorum
2339 1130 2462 1169 eum
2521 1112 2726 1166 videret
2778 1110 2973 1165 cedere
3046 1126 3058 1159 :
3132 1106 3247 1160 Non
3346 1104 3440 1157 tibi

1894 1211 2230 1279 repentinum
2279 1217 2334 1261 et
2368 1214 2539 1259 totum
2587 1203 2747 1257 simul
2792 1202 2917 1255 vita:
2973 1198 3133 1253 tinem
3193 1196 3438 1257 afferam,

1894 1301 2217 1355 sententiam
2246 1298 2295 1353 ei
2324 1293 2693 1365 pronuntiavit
2729 1310 2740 1345 :
2780 1290 2875 1345 sed
2904 1299 2955 1343 te
2985 1291 3130 1342 lento
3162 1287 3284 1356 igne
3318 1300 3448 1353 pau-

1895 1393 2042 1446 latim
2070 1390 2441 1460 liquefactum,
2468 1385 2693 1440 efﬁciam
2729 1382 2989 1437 immitem
3030 1388 3087 1434 et
3123 1375 3445 1442 implacabis

1896 1484 2001 1538 lem
2035 1483 2265 1535 animam
2296 1479 2585 1547 deponere.
2648 1475 2813 1539 Dixit,
2845 1481 2900 1527 et
2950 1487 3073 1525 cum
3105 1475 3296 1522 versus
3330 1482 3449 1534 sep-

1900 1576 2225 1628 tentrionem
2265 1580 2416 1624 extra
2440 1568 2713 1622 civitatem
2746 1564 3182 1630 colleclajfuisset
3200 1559 3447 1620 materia,

1899 1664 2201 1719 ducebatur
2232 1661 2297 1715 ad
2354 1676 2561 1725 rogum,
2598 1664 2859 1727 sequente
2898 1656 3114 1724 quidem
3140 1661 3333 1712 matre,
3358 1665 3447 1703 se-

1901 1754 2191 1821 quentibus
2221 1763 2401 1806 autem
2444 1751 2508 1804 iis
2538 1764 2775 1818 quoque,
2830 1747 2921 1815 qui
2958 1745 3090 1799 alias
3124 1742 3448 1811 cognatione

1902 1842 1967 1896 ad
2009 1856 2132 1895 eum
2165 1838 2485 1892 attinebant.
2518 1837 2612 1890 Ille
2646 1851 2774 1886 vero
2830 1842 3111 1901 postquam
3165 1839 3306 1884 esset
3326 1842 3451 1897 pre-

1902 1936 2179 1991 catus,et
2238 1927 2602 1981 benedixisset
2648 1924 2925 1985 omnibus,
2982 1932 3035 1975 et
3078 1920 3159 1973 eis
3206 1918 3451 1972 osculum

1902 2020 2138 2074 dedisset
2168 2018 2222 2069 in
2254 2016 2500 2078 Domino,
2550 2026 2773 2068 accensa
2806 2020 2984 2065 autem
3027 2018 3170 2064 esset
3219 2008 3442 2061 materia

1903 2110 1971 2163 ab
1998 2109 2062 2162 iis
2087 2106 2177 2176 qui
2218 2105 2284 2159 ad
2333 2104 2386 2158 id
2423 2103 2748 2165 serviebant,
2813 2103 2864 2155 in
2927 2102 3101 2165 ignem
3161 2097 3399 2164 injicitur
3441 2114 3454 2148 :

1904 2213 1957 2255 et
1986 2214 2109 2253 cum
2149 2204 2335 2267 aperto
2370 2208 2464 2249 ore
2490 2193 2757 2247 ﬂammam
2780 2190 3097 2259 accepisset,
3128 2187 3269 2256 apud
3300 2201 3450 2251 eum,

1904 2292 1996 2361 qui
2030 2289 2271 2348 dederat,
2305 2286 2555 2356 spiritum
2588 2283 2858 2352 deposuit.
2891 2280 3095 2334 Deinde
3157 2294 3279 2331 rum
3312 2276 3452 2343 ignis

1905 2390 2047 2438 esset
2106 2380 2346 2441 sedatus,
2375 2376 2467 2445 qui
2515 2374 2581 2429 ad
2633 2388 2758 2427 eum
2825 2370 3150 2431 attinebant,
3214 2367 3453 2437 pretioso

1908 2475 2075 2527 linteo
2097 2486 2219 2525 eum
2242 2466 2743 2527 circumdederunt,
2766 2474 2821 2518 et
2840 2461 3127 2531 unguentis
3145 2466 3456 2513 unxerunt:

1911 2578 2139 2631 cumque
2168 2561 2399 2629 psalmos
2428 2566 2482 2610 et
2523 2558 2779 2625 hymnos,
2816 2562 2875 2606 ut
2907 2567 3003 2620 par
3033 2558 3174 2613 erat,
3229 2548 3457 2602 cecinis-

1911 2661 2050 2715 sent,
2074 2665 2239 2721 prope
2272 2649 2557 2704 Samonam
2593 2656 2644 2701 et
2667 2645 2888 2699 Guriam
2922 2655 3045 2696 eum
3064 2641 3459 2709 deposuerunt.

1914 2744 1978 2796 ad
2007 2742 2230 2811 gloriam
2262 2740 2440 2792 Patris
2490 2746 2546 2790 et
2580 2736 2699 2788 Filii
2739 2743 2795 2788 et
2840 2731 3077 2800 Spiritus
3110 2728 3303 2789 sancti,
3344 2741 3463 2791 quae

1913 2844 1998 2889 est
2021 2833 2202 2887 divina
2234 2830 2489 2891 Trinitas,
2520 2835 2574 2883 et
2603 2827 2656 2880 in
2691 2839 2853 2895 quam
2884 2838 2994 2877 non
3052 2822 3197 2876 cadit
3240 2818 3460 2873 divisio.

1914 2925 2084 2991 Quam
2118 2923 2273 2977 decet
2305 2922 2479 2974 honor
2522 2926 2576 2972 et
2603 2916 2854 2971 adoratio
2879 2927 3023 2968 nunc
3056 2918 3111 2965 et
3141 2924 3377 2979 semper,
3410 2917 3464 2961 et

1919 3016 1973 3068 in
2006 3013 2201 3067 sa:cula
2232 3011 2576 3064 saeculorum.
2634 3002 3049 3060 AmemTalem
3095 2999 3316 3069 quidem
3342 2996 3465 3049 vita:

270 3104 545 3157 Λικιννίου
586 3106 793 3173 καιρῶν
825 3098 948 3176 εὗρε
992 3106 1052 3158 τὸ
1092 3108 1263 3170 τέλος,
1290 3109 1383 3160 καὶ
1429 3110 1683 3178 τοιαύτης
1718 3110 1815 3179 τῆς
1844 3130 1884 3186 c
1923 3105 1939 3157 ί

1798 3127 1884 3186 :c
1923 3105 2079 3159 linem
2117 3103 2319 3157 invenit
2363 3108 2565 3168 martyr
2619 3095 2827 3149 Abibus
2874 3105 3115 3162 tempore
3166 3087 3385 3152 Licinii,
3411 3096 3467 3140 et

269 3198 407 3264 μετὰ
438 3196 543 3247 τῶν
573 3196 744 3263 ἁγίων
767 3197 919 3264 ἔτυχε
960 3197 1321 3261 καταθέσεως,
1356 3200 1447 3251 καὶ
1475 3199 1616 3253 οὕτω
1651 3202 1817 3254 κατά-

272 3303 470 3337 παυσιν
504 3286 609 3338 τῶν
644 3286 901 3355 διωγμῶν
930 3290 1041 3350 τοῖς
1071 3288 1317 3341 εὐσεϐέσι
1355 3289 1577 3342 διέθετο.
1612 3292 1681 3343 Τὸ
1713 3293 1816 3362 γὰρ

266 3376 375 3425 ἀπὸ
414 3374 566 3426 τοῦδε
621 3376 893 3437 Λικίννιος
950 3376 1049 3445 μὲν
1096 3376 1358 3445 ιλικμᾶτο
1412 3380 1510 3448 τὴν
1550 3381 1815 3446 ἐξουσίαν,

271 3467 764 3535 Κωνσταντίνῳξδὶ
818 3468 877 3519 τὸ
918 3468 1118 3535 κράτος
1162 3469 1407 3538 tamen,
1452 3472 1544 3523 xui.
1585 3474 1649 3524 τά
1693 3474 1821 3525 Ῥω·

274 3555 451 3619 μαίων
485 3555 633 3623 αύτῴ
667 3555 918 3623 σκῆπτρα
952 3556 1232 3625 ηὐξάνετο,
1286 3558 1344 3621 ὃς
1384 3560 1599 3628 πρῶτος
1632 3562 1687 3613 ιν
1731 3561 1822 3630 βα-

274 3645 516 3698 σιλεῦσιν
553 3646 996 3715 ἐπαρρησιάσατο
1067 3647 1165 3716 τὴν
1208 3648 1517 3714 εὐσέϐειαν,
1564 3654 1655 3705 καὶ
1687 3654 1821 3721 Χρι-

276 3738 513 3795 στιανοῖς
556 3736 614 3787 τὸ
665 3736 762 3803 ζῇν
804 3736 878 3798 ὡς
941 3738 1264 3805 Χριστιανὸς
1316 3740 1629 3809 ιχαρίσατο.
1687 3745 1820 3798 ’Ἀλλ’

274 3831 424 3888 ὃπως
466 3826 528 3878 ἂν
560 3827 734 3895 ἔχοιτε
765 3827 968 3893 γνῶναι
1002 3830 1116 3890 οἵας
1144 3829 1242 3897 τῆς
1273 3831 1495 3900 χάριτος
1524 3836 1572 3887 οί
1618 3836 1825 3905 μάρτυ-

280 3931 372 3981 ρες
400 3917 547 3985 παρὰ
574 3913 707 3966 Θεοῦ
738 3914 949 3984 ἔτυχον,
983 3914 1268 3978 διεξελθεῖν
1284 3917 1489 3973 ἀνωθεν
1508 3921 1822 3990 ἀναγκαῖον.

352 4091 469 4156 ICT'.
515 4085 705 4144 Οὗννοι
744 4090 844 4159 μὲν
889 4091 939 4141 ei
998 4090 1313 4159 Ἐφθαλῖται
1349 4096 1573 4165 Περσῶν
1602 4099 1825 4167 ὅμοροι,

277 4182 374 4232 καὶ
436 4179 571 4248 πρὸς
621 4177 906 4249 ἀνίσχοντα
957 4181 1109 4251 ἥλιον
1163 4184 1439 4247 οἰκοῦντες
1472 4202 1485 4215 ·
1523 4185 1582 4239 τὸ
1640 4190 1828 4242 σκαιὸν

279 4271 435 4333 ἔθνος
470 4271 619 4322 τουτὶ
643 4272 734 4324 καὶ
765 4269 1037 4343 βάρϐαρον
1088 4275 1297 4342 χρόνοις
1321 4275 1421 4327 οὐκ
1449 4276 1647 4343 ὀλίγοις
1676 4277 1831 4331 ὓστε-

284 4379 379 4432 ρον
415 4361 549 4428 μετά
583 4361 678 4429 τὴν
708 4361 816 4413 τῶν
848 4363 1141 4432 μαρτύρων
1166 4363 1444 4418 τελείωσιν
1477 4369 1555 4429 είς
1582 4368 1831 4422 τοσοῦτον

1927 3197 2085 3250 talem
2116 3208 2238 3247 cum
2271 3190 2470 3246 sanctis
2498 3196 2693 3243 nactus
2729 3183 3274 3253 fuitdepositionem,
3313 3190 3367 3232 et
3390 3179 3466 3232 sic

1924 3288 2027 3356 piis
2058 3285 2237 3337 attulit
2265 3282 2505 3350 requiem
2544 3296 2570 3332 a
2607 3276 3098 3346 persecutionibus.
3131 3273 3263 3325 Nam
3313 3268 3439 3325 dein

1924 3347 2051 3445 ceps
2082 3373 2299 3443 quidem
2329 3347 2540 3424 Licinio
2572 3370 2673 3422 fuit
2704 3368 2969 3421 diminuta
3009 3365 3285 3433 potentia;
3334 3347 3472 3415 Con-

1926 3468 2163 3521 stantino
2196 3473 2374 3516 autem
2406 3460 2590 3513 ﬂoruit
2639 3457 2957 3519 dominatio,
3005 3464 3058 3507 et
3087 3460 3375 3507 creverunt
3419 3449 3471 3502 ei

1928 3566 2139 3626 sceptra
2181 3554 2548 3607 Romanorum
2579 3568 2589 3601 :
2622 3548 2713 3617 qui
2740 3548 2948 3616 primus
2980 3546 3118 3599 inter
3182 3544 3470 3611 imperatu-

1929 3663 2013 3701 res
2044 3646 2213 3700 libere
2261 3643 2538 3711 professus
2574 3648 2655 3694 est
2714 3638 2990 3706 pietatem,
3041 3643 3096 3689 et
3148 3631 3473 3689 Christianis

1929 3737 2197 3793 concessit
2253 3735 2439 3787 vivere
2493 3740 2550 3783 ut
2606 3728 2963 3781 Christianos.
3027 3721 3132 3777 Sed
3184 3731 3241 3775 ut
3301 3719 3473 3789 possi-

1932 3832 2000 3885 tis
2062 3840 2408 3897 cognoscere,
2456 3822 2668 3891 qualem
2745 3820 2965 3887 gratiam
3017 3823 3278 3885 martyres
3331 3812 3471 3880 apud

1930 3921 2100 3975 Deum
2133 3924 2257 3969 sunt
2300 3921 2509 3968 assecut
2537 3951 2549 3977 ,
2585 3923 2801 3963 necesse
2828 3918 2908 3961 est
2939 3920 3051 3959 rem
3082 3904 3148 3957 ab
3182 3903 3289 3956 alto
3315 3914 3478 3968 repe-

1932 4019 2065 4067 tere.

1999 4101 2113 4155 XVI
2128 4142 2137 4153 .
2153 4095 2326 4152 Hunni
2347 4093 2563 4163 quidem
2586 4090 2925 4161 Ephtbalitas.
2941 4087 3223 4141 Persarum
3243 4081 3476 4136 ﬁnitimi.

1934 4202 1989 4249 et
2016 4192 2111 4262 qui
2135 4188 2203 4245 ad
2234 4187 2401 4242 solem
2440 4182 2759 4237 habitabant
2806 4180 3067 4233 orientem
3103 4193 3115 4229 :
3150 4175 3264 4227 base
3324 4188 3477 4240 gens,

1938 4286 2184 4353 inquam,
2210 4279 2522 4345 importuna
2564 4284 2618 4326 et
2650 4270 2902 4331 barbara,
2953 4283 3059 4320 non
3094 4265 3283 4335 paucis
3326 4263 3482 4315 annis

1941 4352 2061 4445 post
2132 4378 2431 4438 martyrum
2496 4360 3040 4421 consummationem,
3120 4368 3290 4422 usque
3345 4352 3482 4405 adeo

282 4450 541 4502 ἐπέθεντο
586 4450 894 4519 Ῥωμαίοις,
931 4451 1004 4513 ὡς
1039 4454 1135 4505 καὶ
1162 4453 1351 4524 μέχρις
1375 4454 1544 4525 αὐτῆς
1580 4456 1834 4527 Ἐδέσσης
1863 4461 1912 4518 D
1942 4469 1951 4520 i

1810 4475 1834 4521 ς
1863 4461 1912 4518 D
1942 4469 2254 4520 invaserunt
2281 4459 2570 4516 Romanos.
2597 4451 2917 4508 utfacerent
2943 4446 3282 4502 incursiones
3310 4456 3479 4508 usque

284 4544 496 4605 ἐλάσαι,
528 4543 618 4595 καὶ
668 4544 735 4595 τΞι
772 4542 935 4612 πέριξ
974 4543 1286 4613 ληϊσασθαι.
1327 4546 1390 4598 Oi
1440 4546 1498 4599 δὲ
1551 4547 1833 4617 Ῥωμαίων

290 4634 531 4700 βασιλεῖς
562 4634 761 4701 σφόδρα
787 4649 845 4685 τε
872 4634 1078 4702 ἧμυνον
1107 4636 1172 4703 τῇ
1208 4634 1380 4699 πόλει,
1414 4637 1507 4689 καὶ
1537 4638 1633 4705 τὴν
1673 4654 1835 4706 στρα-

287 4725 409 4776 τιαν
454 4726 510 4775 ὲν
557 4724 750 4793 βραχεῖ
781 4726 959 4777 πᾶσαν
992 4725 1299 4792 συνέλεξαν,
1344 4727 1481 4781 ὥστε
1531 4730 1838 4799 ὑπερμαχέ-

294 4816 493 4868 σασθαι
521 4816 618 4881 τῆς
644 4815 918 4879 Ἐδέσσης,
949 4818 1221 4871 ἀνάλωτον
1254 4816 1423 4887 αὐτὴν
1450 4820 1680 4887 φυλάξαι
1724 4822 1839 4888 Bou-

293 4907 531 4972 λόμενοι,
564 4906 658 4959 καὶ
697 4906 932 4973 μάλιστα
968 4911 1078 4970 τοῖς
1114 4908 1203 4960 τοῦ
1245 4909 1479 4979 Χριστοῦ
1510 4911 1683 4978 λόγοις
1707 4914 1840 4983 θαρ-

298 4998 517 5065 ροὖντες
558 4992 635 5058 οἷς
683 4998 992 5051 ἐπέστειλεν
1032 5000 1291 5071 Δύγάρῳ,
1339 5002 1414 5064 ὡς
1456 5003 1637 5073 οὐδὲὴ
1690 5006 1840 5067 πόλις

299 5088 427 5139 ποτὲ
480 5087 772 5156 βαρϐάροις
825 5089 979 5143 ἔσται
1024 5091 1318 5160 ἁλώσιμος,
1350 5095 1441 5146 καὶ
1480 5094 1557 5163 τῷ
1601 5097 1657 5147 ἐν
1709 5098 1842 5167 αὐτῇ

299 5176 494 5249 πρώτῃ
525 5178 583 5230 τὸ
609 5178 701 5231 τοῦ
730 5180 935 5249 Κυρίου
961 5181 1116 5251 ἡμῶν
1144 5186 1241 5237 καὶ
1270 5184 1502 5254 Χριστοῦ
1551 5187 1845 5253 ἑκμαγείον

300 5272 377 5339 τῷ
414 5271 649 5339 Αύγάρῳ
692 5273 1021 5341 πεμφθῆναι.
1052 5273 1298 5327 Ἤλασαν
1328 5277 1425 5343 μὲν
1459 5271 1552 5327 οὖν
1578 5278 1724 5345 παρὰ
1752 5278 1847 5345 τὴν

303 5362 455 5413 ττὲλιν
498 5362 556 5412 τὸ
608 5362 883 5425 Ούννινιὲν,
935 5363 1072 5414 ἑλεῖν
1116 5366 1283 5430 αὐτὴν
1349 5366 1547 5435 ῥαδίως
1594 5368 1847 5435 οἰόμενοι·

314 5452 574 5519 Ῥωμαῖοι
606 5452 660 5504 δὲ
697 5454 1009 5522 συμμαχίαν
1042 5455 1379 5525 Ἐδεσσηνοῑς
1425 5458 1750 5526 πέμπουσιν,
1776 5457 1850 5519 ὡς

379 5570 418 5598 ’⁷
457 5569 611 5621 Rom.
657 5582 771 5635 vm,
806 5568 896 5625 18.

1941 4558 2006 4612 ad
2041 4557 2210 4624 ipsam
2244 4550 2524 4610 Edessam,
2555 4556 2609 4600 et
2640 4542 2847 4611 praedas
2876 4546 3093 4607 agerent
3115 4551 3178 4589 ex
3208 4534 3368 4602 agris,
3392 4530 3481 4598 qui

1943 4649 2085 4702 circa
2118 4646 2287 4712 ipsam
2320 4639 2406 4693 siti
2435 4646 2581 4691 sunt.
2617 4636 2994 4687 Romanorum
3024 4634 3204 4679 autem
3249 4624 3484 4688 impera-

1944 4750 2091 4793 tores
2119 4711 2315 4787 acriter
2357 4726 2718 4781 dcfenderunt
2773 4721 3073 4779 civitatem,
3109 4724 3164 4769 et
3201 4711 3350 4766 brevi
3403 4718 3486 4761 to-

1946 4838 2059 4883 tum
2091 4826 2407 4893 colligerunt
2436 4817 2750 4877 exercitum,
2769 4821 2993 4879 utopem
3025 4807 3227 4860 ferrent
3247 4802 3484 4861 Edt‘SSil‘,

1948 4920 2191 4973 volentes
2231 4891 2467 4970 edicere,
2516 4922 2582 4959 ne
2639 4920 2699 4957 ea
2759 4910 3091 4969 caperetur:
3152 4905 3208 4948 et
3254 4891 3485 4945 maxime

1947 5008 2128 5063 verbis
2154 5002 2355 5058 Christi
2389 4997 2748 5054 confidentes,
2782 5006 2906 5060 qua:
2953 4989 3243 5055 scripserat
3268 4983 3331 5035 ad
3382 4981 3488 5033 Au-

1949 5112 2157 5169 garum,
2217 5090 2363 5161 quod
2412 5088 2607 5142 civitas
2646 5096 2918 5148 nunquam
2980 5084 3123 5131 esset
3169 5069 3429 5141 capienda
3462 5086 3487 5119 a

1951 5156 2195 5242 barbaris
2222 5156 2325 5234 aet
2340 5177 2493 5247 quod
2515 5176 2565 5227 in
2600 5188 2718 5226 eam
2746 5171 2976 5238 primam
3000 5164 3208 5219 Domini
3237 5156 3404 5214 nostri
3434 5168 3490 5211 et

1944 5273 2143 5331 Christi
2181 5268 2385 5337 eﬂigies
2432 5265 2593 5317 missa
2630 5262 2699 5314 sit
2732 5259 2798 5312 ad
2854 5259 3146 5325 Angarum.
3208 5252 3393 5317 Itaque
3425 5249 3490 5299 ad

1946 5366 2214 5419 civitatem
2240 5367 2416 5412 castra
2450 5358 2743 5407 moverunt
2778 5346 2979 5407 Hunni,
3026 5352 3277 5413 putantes
3337 5354 3392 5391 se
3420 5342 3493 5389 ln-

1948 5456 2047 5509 cile
2076 5468 2193 5507 eam
2214 5464 2331 5503 esse
2354 5456 2634 5515 capturos;
2670 5439 2893 5493 Romani
2936 5447 3113 5489 autent
3148 5432 3371 5485 mittunt
3401 5444 3496 5479 an.

379 5701 452 5764 (li
487 5699 691 5756 Inclusa
737 5701 913 5756 rubris
954 5701 1145 5756 litteris
1181 5708 1392 5753 i-xgtruta
1446 5708 1569 5753 sunt
1614 5702 1668 5753 in
1726 5715 1851 5753 mss.
1904 5697 2034 5753 152‘).
2067 5706 2120 5751 ct
2159 5696 2287 5750 iiii'.)
2324 5706 2374 5747 ιι
2416 5695 2467 5750 in
2497 5691 2669 5762 c-ipitc
2694 5687 3030 5756 sequentium
3059 5684 3248 5751 posita.
