4226 6418
771 360 862 421 ibi

1981 354 2261 416 MENSIS
2303 352 2718 416 NOVEMBER

3872 355 3979 420 143

759 479 945 530 silium
985 474 1290 536 lidesscuis,
1318 489 1382 526 ne
1409 473 1461 526 in
1494 488 1686 526 manus
1718 473 2037 526 Hunnorum
2096 471 2308 525 veniret
2337 471 2384 527 Α
2416 490 2428 540 ε

2337 471 2384 527 Α
2416 472 2491 540 μὴ
2524 473 2626 525 ὑπὸ
2657 473 2874 526 Οῦννων
2908 474 3236 543 χειρωθῆναι
3279 475 3378 544 τὴν
3412 475 3588 528 πόλιν.
3649 475 3801 527 Ἐπεὶ
3842 475 3900 528 δὲ
3929 471 3982 525 οε

757 567 968 618 civitas.
993 564 1126 618 Cum
1169 579 1317 626 vero,
1369 565 1462 633 qui
1509 563 1659 616 missi
1702 563 1920 617 fuerant
1964 563 2309 624 aRomanis,

760 659 860 708 iam
886 657 1160 708 venissent
1189 653 1470 712 Edessam.
1497 653 1701 707 accidit
1731 663 1789 708 ut
1822 653 2042 722 quidam
2075 653 2313 708 Cotthus

762 757 903 800 inter
927 761 1042 809 eos,
1094 756 1150 801 et
1180 747 1423 800 moribus
1453 747 1740 810 barbarus,
1785 758 1842 802 et
1889 757 2070 802 mente
2123 748 2312 816 perni-

761 838 964 902 ciosus,
996 838 1366 890 diversaretur
1397 838 1448 891 in
1500 839 1662 891 domo
1711 839 1990 906 cujusdam
2047 839 2310 901 mulieris.

766 929 981 980 nomine
1016 927 1249 995 Sophim.
1290 928 1350 981 Ei
1380 939 1561 982 autem
1596 937 1708 982 erat
1739 928 1895 982 unica
1929 928 2060 992 ﬁlia,
2095 929 2314 982 nomine

766 1015 1082 1084 liiiphemia,
1113 1017 1312 1069 viventi
1347 1018 1398 1069 in
1425 1016 1708 1072 viduitate.
1753 1025 1812 1071 et
1833 1016 1900 1070 de
1927 1016 2041 1070 sola
2073 1016 2180 1070 ﬁlia
2201 1017 2316 1071 sol-

765 1109 946 1160 licitae.
977 1108 1324 1162 Educabatur
1357 1123 1488 1177 ergo
1517 1109 1672 1162 matri
1721 1108 1848 1171 ﬁlia,
1899 1119 2154 1176 tanquam
2193 1123 2316 1177 ger-

767 1216 889 1253 men
921 1216 1112 1254 recens
1142 1200 1434 1268 pullulans.
1480 1200 1897 1269 temperantiam
1957 1213 2224 1254 exercens
2263 1208 2319 1253 et

766 1292 1152 1360 virginitatem,
1191 1299 1246 1344 et
1278 1290 1522 1344 studium
1576 1289 1863 1351 adhibens.
1889 1306 1955 1344 ne
1986 1299 2320 1343 cerneretur

767 1400 794 1434 a
825 1380 1187 1434 masculorum
1217 1379 1412 1434 oculis.
1450 1378 1580 1432 Erat
1602 1388 1785 1433 autem
1819 1380 1997 1446 puella
2025 1378 2162 1434 facie
2225 1378 2320 1434 de-

769 1485 919 1528 cora.
943 1481 998 1522 et
1031 1470 1224 1537 insigni
1252 1468 1683 1537 pulchritudine.
1716 1468 1849 1520 Cum
1879 1483 2009 1532 ergo
2045 1468 2098 1521 in
2135 1483 2197 1521 ea
2225 1467 2321 1520 ha-

772 1561 1032 1614 bitatione
1061 1561 1153 1614 ditt
1206 1569 1454 1615 versatus
1480 1571 1622 1614 esset
1648 1558 1904 1620 Gotthus.
1952 1559 2137 1615 nescio
2180 1574 2319 1628 quo.

773 1653 930 1704 modo
951 1652 1160 1719 aspexit
1193 1651 1448 1719 puellam,
1468 1658 1522 1702 et
1552 1651 1620 1703 ita
1641 1659 1830 1718 captus
1851 1648 2086 1717 fuitejus
2114 1663 2318 1709 amore.

776 1748 828 1791 ut
865 1756 1130 1807 nusquam
1183 1749 1419 1793 mentem
1473 1739 1580 1792 alio
1626 1749 1989 1797 converteret.
2045 1755 2207 1807 quam
2252 1737 2317 1791 ad

778 1832 1060 1900 virginem.
1098 1831 1386 1885 Personam
1423 1832 1603 1900 itaque
1659 1830 1892 1884 induens
1934 1830 2217 1893 bonitatis,
2265 1838 2320 1883 et

775 1939 830 1976 se
863 1923 1094 1976 amicum
1133 1938 1249 1977 esse
1270 1923 1553 1984 simulans,
1590 1922 1724 1973 abiit
1754 1920 1819 1972 ad
1850 1930 2100 1982 matrem,
2152 1927 2208 1972 et
2239 1934 2323 1973 as-

2415 565 2547 632 πρὸς
2603 566 2888 635 Ῥωμαίων
2938 567 3238 628 σταλέντες,
3267 565 3366 634 τὴν
3402 565 3666 618 Ἔδεσσαν
3702 566 3805 634 ἤδη
3839 582 3983 617 κατ-

2416 657 2627 721 έλαϐον,
2658 658 2814 726 ἔτυχέ
2859 671 2978 709 τινα
3009 657 3202 709 Γότθον
3229 658 3291 708 έν
3346 653 3528 718 αὐτοῖς
3550 696 3563 716 .
3610 656 3886 723 βάρϐαρόν
3915 672 3983 706 τε

2416 748 2504 801 τὶν
2533 748 2731 814 τρόπον
2772 749 2865 800 καὶ
2899 747 2994 814 τὴν
3041 746 3267 816 γνώμην
3290 746 3557 814 ὀλέθριον,
3583 746 3640 797 εν
3670 762 3812 807 τινος
3839 746 3982 814 οἴκῳ

2416 837 2718 892 καταλῦσαι
2753 838 2950 906 Σοφξας
2982 838 3155 906 δνομα
3184 837 3468 904 γυναικός.
3501 837 3579 906 Τῇ
3625 837 3680 888 δὲ
3708 831 3774 904 ἦν
3809 834 3986 900 θυγά-

2415 946 2520 999 τηρ
2561 929 2853 999 μονογενὴς
2906 927 3185 997 Εὐψημίαν
3240 930 3435 997 χηρείᾳ
3485 944 3541 978 τε
3589 924 3826 994 widma-
3883 924 3986 977 καὶ

2419 1023 2512 1074 ἐπὶ
2550 1021 2685 1092 μόνῃ
2710 1021 2778 1090 τῇ
2812 1020 3045 1090 θυγατρὶ
3081 1019 3399 1090 σαλευούσῃ.
3445 1019 3704 1084 Ἀνήγετο
3749 1012 3865 1079 οῦν,
3901 1015 3985 1076 ῶς

2421 1129 2473 1165 τι
2502 1111 2755 1173 νεοθαλὲς
2781 1110 2936 1181 ἔρνος
2968 1112 3000 1178 ἡ
3032 1111 3157 1172 παῖς
3192 1111 3255 1178 τῇ
3291 1109 3491 1179 μητρὶ,
3527 1107 3885 1174 σωφροσύνην
3917 1123 3984 1158 τε

2421 1203 2667 1257 ἀσκοῦσα
2698 1204 2792 1254 καὶ
2827 1201 3146 1270 παρθενίαν,
3181 1203 3275 1254 καὶ
3301 1202 3360 1251 τὸ
3393 1200 3467 1267 μὴ
3495 1201 3741 1269 ἀρρένων
3762 1198 3985 1266 ὄμμασι

2422 1291 2684 1360 θεαθῆναι
2717 1291 2807 1343 διὰ
2867 1291 3108 1358 σπουδῆς
3152 1291 3371 1359 ἔχουσα.
3397 1285 3505 1340 Ἷίν
3530 1289 3587 1340 δὲ
3623 1290 3654 1355 ἠ
3691 1289 3816 1347 παῖς
3871 1286 3988 1353 ἀρα

2421 1383 2520 1453 τὴν
2551 1382 2674 1450 ὄψιν
2696 1381 2979 1452 εὐπρεπὴς
3008 1382 3101 1434 καὶ
3137 1381 3196 1433 τὸ
3219 1381 3411 1442 κάλλος
3439 1380 3741 1449 ἀμήχανος.
3762 1378 3987 1445 Ἐπειδὴ

2422 1473 2604 1525 τοίνυν
2641 1473 2831 1541 συχνὸς
2868 1475 2925 1524 έν
2969 1473 3034 1540 τῇ
3085 1472 3384 1538 καταγωγῇ
3427 1468 3502 1536 τῷ
3550 1469 3733 1536 Γὸτθῳ
3789 1469 3988 1536 χρόνος

2423 1565 2688 1633 έτρίϐετο,
2715 1565 2815 1616 οὐκ
2841 1559 2938 1615 οἷδ’
2964 1565 3112 1625 ὅπως
3135 1563 3321 1615 θεᾶται
3351 1561 3451 1631 τὴν
3477 1562 3664 1629 κόρην,
3694 1560 3788 1611 καὶ
3808 1558 3988 1619 οὕτως

2432 1655 2606 1724 αὐτῆς
2639 1654 2782 1709 ὲάλω
2813 1653 2887 1722 τῷ
2910 1653 3094 1724 lpum,
3120 1653 3196 1715 ὡς
3227 1653 3392 1721 μηδὲν
3441 1650 3582 1704 κατὰ
3621 1649 3745 1702 νοῦν
3792 1652 3876 1701 Et:
3890 1665 3987 1717 ρον

2427 1748 2680 1815 στρέφειν
2727 1746 2760 1814 ἢ
2807 1747 2906 1812 τὴν
2957 1743 3252 1812 παρθένον.
3288 1743 3636 1812 Προσωπείον
3693 1740 3990 1808 τοιγαροῦν

2424 1838 2789 1909 χρηστότητος
2813 1835 3058 1889 ὑπελθὼν
3075 1835 3168 1886 καὶ
3187 1834 3337 1901 φίλος
3360 1828 3497 1884 εἶναι
3520 1829 3984 1900 ὑποκρινάμενος,

2425 1930 2612 1982 ἄπεισι
2673 1927 2824 1997 παρὰ
2886 1928 2987 1996 τὴν
3049 1926 3283 1994 μητέρα,
3337 1924 3649 1984 κολακείαις
3696 1938 3755 1973 τε
3810 1921 3989 1989 αὐτὴν

776 2015 1176 2070 si-utationibus
1211 2030 1414 2069 conans
1453 2014 1502 2068 ei
1559 2013 1911 2082 persuadere,
1946 2021 2000 2066 et
2054 2012 2321 2066 bonorum
2424 2021 2445 2072 ὲ

2424 2018 2720 2088 ἐπιχειρῶν
2751 2020 2958 2078 πεῖσαι,
3019 2016 3113 2068 atat
3161 2015 3382 2082 ἀγαθῶν
3434 2013 3792 2081 ἐπαγγελίαις
3849 2012 3991 2081 πρὶς

778 2105 1081 2172 promissis.
1114 2104 1244 2158 ιιιοί
1286 2103 1439 2157 daret
1487 2103 1649 2156 ﬁliam
1683 2103 1737 2157 in
1768 2102 2195 2156 matrimonium.
2227 2102 2317 2157 Illa
2426 2130 2447 2178 -ι

2426 2111 2607 2181 γάμον
2636 2111 2787 2180 αὐτῷ
2817 2109 3068 2162 ἐκδοῦναι
3096 2109 3198 2178 τὴν
3229 2107 3529 2175 θυγατέρα.
3584 2105 3645 2159 'H
3680 2104 3735 2157 δὲ
3774 2103 3990 2173 βαρέως

779 2204 958 2248 autem
986 2195 1223 2265 graviter
1280 2194 1510 2257 ferebat.
1535 2205 1590 2247 et
1613 2194 1854 2247 animum
1891 2209 1998 2247 non
2025 2192 2325 2247 adhibebat
2426 2222 2448 2256 τ

2322 2232 2325 2244 ι
2426 2221 2484 2257 τε
2535 2205 2718 2271 ἔφερε,
2763 2203 2858 2256 καὶ
2900 2203 3012 2262 τοῖς
3050 2200 3181 2269 παρ’
3212 2199 3375 2253 αὑτοῦ
3416 2197 3751 2266 λεγομένοιςε
3782 2197 3991 2264 ἥκιστα

778 2290 843 2341 iis
866 2304 985 2357 quze
1011 2289 1078 2342 ab
1106 2289 1224 2358 ipso
1248 2287 1596 2342 dicebantur.
1627 2285 1702 2340 Eo
1749 2301 1882 2339 vero
1913 2300 1972 2340 se
2025 2283 2328 2340 insolenter

776 2382 1044 2449 iactante.
1065 2389 1120 2433 et
1149 2379 1307 2434 valde
1337 2378 1646 2443 minitante,
1681 2378 1768 2431 illa
1806 2394 1818 2429 :
1848 2375 2096 2439 Uuicam.
2123 2376 2323 2446 inquit,

781 2487 900 2538 quin
924 2471 1054 2523 mihi
1080 2477 1183 2531 est.
1222 2469 1382 2535 ﬁliam
1424 2470 1538 2521 viro
1567 2467 1901 2537 conjungere
1927 2467 2159 2520 barbaro
2188 2483 2329 2522 nun-

783 2578 945 2624 quam
1013 2559 1388 2615 sustinuerim.
1421 2559 1500 2613 Ne
1559 2573 1688 2628 ergo
1725 2560 2041 2620 assenteris.
2072 2573 2173 2614 nee
2227 2560 2330 2612 mi-

783 2653 1106 2709 neris.Nam
1137 2667 1236 2706 nec
1268 2666 1352 2704 tne
1372 2650 1617 2704 emollies
1669 2649 2101 2708 adulationibus.
2150 2664 2329 2718 neque

783 2748 946 2803 minis
992 2746 1241 2802 terrebis.
1285 2743 1380 2798 Ille
1428 2754 1608 2798 autem
1651 2743 1925 2812 pergebat
1958 2742 2150 2795 cadem
2206 2758 2328 2795 rur-

784 2855 881 2894 sus
909 2839 1109 2903 facerc,
1143 2848 1198 2893 et
1243 2849 1432 2890 rursus
1477 2852 1631 2890 suam
1676 2835 1998 2890 ostendebat
2047 2833 2334 2903 impuden-

787 2933 938 2996 tiam,
973 2930 1113 2985 etde
1146 2929 1337 2983 iisdem
1369 2928 1595 2985 assidue
1623 2943 1745 2981 cum
1778 2937 1951 2982 matre
1979 2926 2329 2994 loquebatur.

785 3020 992 3073 Deinde
1017 3022 1182 3074 etiam
1216 3021 1452 3089 pretiosa
1478 3017 1740 3074 aﬂ'erebat
1762 3017 1827 3071 ad
1845 3032 1963 3071 eam
1993 3023 2331 3078 ornamenta.

2429 2299 2688 2368 προσεῖχε
2710 2295 2800 2348 τὸν
2827 2293 2975 2347 νοῦν.
3005 2293 3110 2346 Τοῦ
3135 2292 3190 2344 δὲ
3212 2291 3619 2360 θρασυνομένου
3651 2289 3741 2342 καὶ
3773 2287 3992 2357 μεγάλα,

2427 2386 2850 2448 διαπειλοῦντος,
2895 2385 3072 2454 ἐκείνη
3097 2422 3114 2445 ,
3147 2385 3258 2449 Τὴν
3313 2383 3477 2452 μόνην
3508 2382 3629 2449 ἐμοὶ
3663 2379 3941 2446 θυγατέρα
3970 2416 3988 2441 ,

2428 2481 2552 2548 ἔφη,
2592 2477 2852 2548 βαρϐάρῳ
2884 2475 3138 2538 συζεῦξαι
3181 2474 3333 2542 ἀνδρὶ
3383 2475 3484 2524 οὐκ
3531 2473 3595 2523 ἂν
3649 2469 3991 2538 ἀνασχοίμην

2431 2574 2561 2624 ποτε
2590 2584 2606 2600 ·
2640 2570 2714 2639 μὴ
2743 2568 3006 2621 κολάκευε
3031 2566 3233 2626 τοίνυν,
3265 2564 3399 2633 μηδὲ
3422 2563 3633 2616 ἀπείλει
3666 2577 3682 2595 ο
3711 2562 3836 2613 οὔτε
3875 2561 3989 2630 γὰρ

2431 2661 2735 2732 χαυνὼσεις
2803 2659 2920 2720 ταῖς
2971 2655 3305 2716 κολακείαις,
3354 2655 3476 2706 οὔτε
3539 2652 3801 2722 φοϐήσεις
3865 2653 3991 2711 ταῖς

2435 2752 2712 2813 ἀπειλαῖς.
2753 2750 2814 2802 ὐ
2845 2749 2902 2801 δὲ
2934 2749 3040 2800 τῶν
3069 2748 3272 2816 ὁμοίων
3308 2747 3399 2798 καὶ
3435 2745 3599 2797 πάλιν
3638 2746 3834 2812 εἴχετο,
3889 2743 3990 2792 καὶ

2435 2844 2597 2897 πάλιν
2629 2843 2689 2895 τὸ
2723 2841 2935 2902 ἀναιδὲς
2969 2839 3317 2891 ἐπεδείκνυτο
3343 2876 3358 2900 ,
3395 2837 3489 2888 καὶ
3514 2834 3774 2904 περὶτῶν
3805 2831 3990 2883 αὐτῶν

2432 2938 2625 2991 ὁπόσαι
2666 2928 2805 3002 ὧραι
2834 2933 2901 3002 τῇ
2937 2931 3102 2999 μητρὶ
3145 2928 3441 2995 διελέγετο,
3470 2922 3586 2978 εἶτα
3619 2924 3714 2976 καὶ
3751 2923 3993 2991 κόσμους

2436 3030 2574 3098 αὐτῇ
2613 3025 2927 3084 πολυτελεῖς
2970 3020 3370 3090 προσεκόμιζε,
3415 3019 3509 3070 καὶ
3552 3015 3764 3068 πολλῶν
3813 3013 3994 3065 ἄλλων

785 3119 842 3164 et
870 3111 1168 3164 aﬁirmabat
1193 3126 1311 3164 eam
1335 3109 1737 3166 foredominam
1758 3109 2047 3163 multorum
2073 3108 2324 3162 aliorum.
2356 3123 2401 3182 ο
2433 3122 2454 3174 ξ

2356 3123 2401 3182 C
2433 3119 2652 3174 ἔσεσθαι
2682 3116 2878 3186 κυρίαν
2900 3113 3230 3167 διεδεσαίου.
3267 3112 3331 3163 Ἦ
3354 3111 3410 3163 δὲ
3465 3109 3563 3177 τῆς
3592 3106 3778 3167 παιδὸς
3810 3107 3993 3174 μήτηρ

789 3203 956 3256 Mater
991 3215 1170 3258 autem
1202 3203 1393 3272 puella:
1426 3216 1492 3256 ne
1538 3203 1616 3256 sic
1645 3201 1866 3270 quidem
1922 3201 2200 3269 prabebat
2243 3215 2332 3253 au-

789 3307 901 3348 rem
935 3292 1000 3346 iis
1026 3307 1146 3361 quae
1167 3294 1233 3347 ab
1258 3292 1373 3360 ipso
1398 3292 1742 3347 dicebantur.

862 3384 1022 3439 XVII.
1073 3384 1276 3438 Deinde
1323 3385 1418 3438 illo
1459 3393 1863 3452 perseverante.
1898 3397 2089 3438 rursus
2131 3382 2333 3452 Sophia

791 3478 937 3541 (eum
987 3475 1170 3529 nescio
1209 3473 1353 3528 unde
1383 3472 1682 3542 didicisset)
1714 3489 1728 3526 :
1762 3473 1900 3528 Sunt
1935 3473 2034 3528 ti-bi
2072 3483 2129 3530 et
2151 3474 2248 3528 ﬁlii
2280 3483 2336 3529 et

793 3581 949 3629 uxor,
996 3565 1047 3620 el
1097 3563 1376 3633 respondit
1425 3579 1440 3618 :
1494 3577 1596 3618 nec
1651 3577 1752 3633 ego
1798 3562 1897 3617 tibi
1947 3577 2120 3618 meam
2169 3563 2334 3620 ﬁliam

789 3653 1032 3709 dederim
1070 3655 1123 3708 in
1156 3653 1578 3708 matrimonium.
1608 3652 1700 3707 Ille
1724 3666 1856 3707 vero
1884 3651 2078 3721 partim
2115 3653 2334 3722 quidem

790 3759 976 3799 amore
1013 3744 1204 3813 puella!
1252 3744 1450 3807 victus,
1503 3742 1698 3811 partim
1748 3750 1929 3797 autem
1982 3741 2193 3798 timoris
2240 3743 2334 3798 Dei

792 3841 997 3896 nullam
1043 3837 1251 3892 ducens
1281 3834 1571 3898 rationem.
1611 3833 1780 3888 Deum
1835 3843 2064 3890 testatur
2093 3850 2153 3890 se
2192 3851 2335 3891 nun-

789 3946 953 4000 quam
1007 3927 1261 3982 habuisse
1314 3938 1572 3985 uxorem.
1621 3937 1723 3978 nec
1765 3923 1925 3990 ﬁlios,
1977 3925 2070 3980 sed
2114 3940 2173 3981 se
2218 3927 2338 3996 ejus

795 4023 956 4075 tiliam
1004 4019 1140 4074 velle
1187 4018 1390 4072 ducere
1441 4029 1685 4079 uxorem.
1726 4024 1781 4070 ct
1823 4016 2064 4070 omnium
2111 4033 2334 4073 suorum

794 4114 1061 4167 bonorum
1109 4123 1229 4163 eam
1275 4107 1455 4162 facere
1506 4106 1805 4161 dominam.
1856 4105 2105 4162 Vincitur
2155 4109 2336 4178 itaque

797 4212 969 4258 mater
1019 4200 1208 4270 puella:
1248 4214 1281 4252 a
1321 4197 1532 4252 Gottbi-
1571 4195 1775 4250 verbis.
1825 4195 1965 4262 Quid
2024 4200 2170 4254 enim
2219 4209 2337 4255 erat

795 4296 1023 4353 factura.
1073 4304 1195 4345 cum
1242 4295 1388 4343 esset
1418 4286 1640 4350 femina,
1674 4301 1794 4356 qua:
1836 4286 1997 4344 facile
2042 4288 2333 4359 decipitur,

2440 3211 2558 3266 οὐδὲ
2614 3208 2756 3262 οὕτω
2800 3209 2911 3268 τοῖς
2975 3205 3104 3271 παρ’
3163 3202 3325 3256 αὑτοῦ
3383 3199 3696 3270 λεγομένοις
3756 3197 3991 3264 παρεῖχε

2437 3304 2500 3357 τὸ
2541 3300 2655 3360 οὓς.

2512 3394 2612 3448 IZ'.
2648 3387 2815 3454 Εἶτα,
2865 3388 3073 3442 ἐκείνου
3128 3387 3242 3446 τοῖς
3291 3380 3583 3452 προτέροις
3630 3377 3991 3448 ἰμμὲνοντος,

2439 3479 2597 3546 αὖθις
2641 3482 2676 3552 ἡ
2712 3480 2900 3548 Σοφία,
2949 3477 3058 3529 οὐδ’
3107 3471 3202 3528 οἵδ’
3234 3473 3356 3526 ὅθεν
3394 3469 3672 3541 μαθοῦσα,
3708 3467 3865 3518 Ἐστι
3908 3479 3993 3515 σοι

2442 3574 2538 3628 καὶ
2565 3572 2734 3625 τέκνα
2765 3569 2862 3622 καὶ
2902 3567 3071 3636 γυνὴ,
3119 3565 3254 3635 πρὸς
3287 3562 3451 3615 αὐτὸν
3481 3558 3842 3629 ἀπεκρίνατο,
3898 3554 3995 3605 καὶ

2439 3666 2540 3719 οῦκ
2589 3664 2655 3716 ἂν
2701 3660 2813 3728 ἐγώ
2861 3676 2946 3712 σοι
3003 3657 3139 3725 πρὸς
3172 3655 3350 3722 γάμον
3379 3652 3478 3722 τὴν
3526 3649 3664 3718 ἐμὴν
3697 3645 3862 3699 παῖδα
3891 3646 3990 3696 έκ-

2440 3755 2612 3826 δοίην.
2652 3753 2712 3806 ὐ
2741 3753 2797 3805 δὲ
2828 3749 2989 3803 τοῦτο
3019 3748 3117 3817 μὲν
3166 3744 3243 3815 τῷ
3283 3744 3448 3814 ἔρωτι
3496 3741 3595 3808 τῆς
3622 3739 3793 3808 κόρης
3824 3733 3994 3826 νικῶ-

2445 3824 2624 3914 μενος,
2652 3843 2808 3897 τοῦτο
2836 3841 2892 3896 δὲ
2915 3841 3011 3893 atat
3035 3837 3182 3890 θείου
3213 3835 3377 3902 φόϐου
3415 3832 3488 3902 μὴ
3520 3827 3773 3899 φροντίδα
3801 3824 3992 3876 ποιοί-

2446 3952 2629 4005 μενος,
2677 3929 3020 4001 ἀμαρτύρετο
3066 3925 3157 3978 τὸν
3211 3923 3346 3976 Θεὸν
3398 3921 3530 3990 μηδέ
3576 3933 3706 3970 ποτε
3755 3915 3992 4005 γυναῖκα

2444 4004 2580 4095 μηδὲ
2607 4025 2778 4076 τέκνα
2806 4021 2977 4087 σχεῖν,
3011 4016 3147 4069 ἀλλά
3188 4015 3280 4066 καὶ
3305 4013 3385 4074 είς
3415 4011 3646 4074 σύζυγον
3683 4004 3992 4072 ἀγαγέσθαι

2440 4117 2539 4184 τὴν
2571 4112 2739 4182 κόρην
2789 4107 3097 4177 βούλεσθαι,
3138 4104 3233 4157 καὶ
3283 4101 3392 4153 τῶν
3434 4097 3605 4153 αὑτοῦ
3638 4096 3857 4148 πάντων
3895 4109 3993 4144 κυ-

2443 4206 2567 4277 ρίαν
2601 4203 2770 4269 αῦτὴν
2799 4196 3153 4267 ποιήσασθαι.
3195 4193 3458 4246 Ἠττᾶται
3501 4185 3791 4257 τοιγαροῦν
3827 4185 3860 4252 ἡ
3892 4184 3991 4248 τῆς

2442 4273 2626 4357 παιδὸς
2685 4292 2868 4360 μήτηρ
2925 4287 3034 4340 τῶν
3081 4284 3174 4339 τοῦ
3225 4284 3422 4336 Γότθου
3457 4281 3742 4353 ῥημάτων.
3793 4277 3906 4329 Καὶ
3931 4273 3988 4324 τί

796 4393 851 4437 et
899 4391 1361 4436 sacramentorum
1405 4378 1619 4433 audiret
1664 4377 1933 4444 examina,
1977 4389 2034 4434 et
2082 4379 2134 4434 ei
2187 4391 2331 4437 metu
2438 4406 2465 4457 γ

2318 4397 2331 4435 ι
2438 4389 2548 4458 γὰρ
2601 4383 2794 4452 εμελλε
2841 4381 2976 4450 δρᾷν
3029 4379 3127 4432 καὶ
3180 4376 3318 4446 γυνὴ
3368 4374 3500 4428 οὖσα
3553 4373 3614 4425 τὸ
3657 4369 3877 4423 εὔκολον
3907 4368 3987 4458 εἰς

796 4481 1110 4542 quateretur
1154 4469 1412 4525 animus?
1443 4468 1628 4538 itaque
1659 4483 1853 4524 manus
1893 4470 1947 4523 in
1994 4471 2190 4526 caelum
2235 4475 2338 4528 tol-
2364 4456 2465 4533 De

2320 4502 2338 4515 -
2364 4458 2416 4518 D
2441 4456 2674 4544 ἀπάτην,
2736 4472 2832 4525 καὶ
2885 4472 3067 4540 ὅρκων
3107 4468 3310 4536 ἐσμοὺς
3337 4487 3344 4491 ·
3373 4465 3665 4526 ἀκούουσα,
3695 4459 3790 4513 καὶ
3836 4456 3989 4527 φόϐῳ

799 4567 915 4619 lens
960 4581 973 4617 :
1021 4563 1182 4617 Pater
1223 4560 1613 4630 orphanorum,
1654 4568 1709 4614 et
1739 4560 1990 4616 defensor
2029 4562 2338 4630 viduarum.

799 4656 1027 4711 Domine
1054 4663 1110 4709 et
1138 4653 1301 4714 Deus.
1336 4651 1536 4721 inquit,
1570 4665 1637 4707 ne
1666 4653 1978 4722 despexeris
2022 4653 2161 4708 hanc
2191 4658 2343 4724 puel-

800 4748 931 4808 lam.
970 4760 1090 4816 quas
1117 4743 1238 4798 viro
1266 4743 1450 4813 ignoto
1492 4743 1859 4813 coniungitur.
1913 4743 1990 4799 Te
2033 4745 2178 4800 enim
2224 4749 2342 4816 ejus

803 4837 1190 4905 promissorum
1247 4833 1458 4903 accipio
1509 4833 1913 4903 inspectorem;
1963 4846 2019 4892 et
2069 4846 2119 4892 te
2167 4837 2339 4902 freta,

803 4928 1016 4982 unicam
1049 4941 1222 4981 meam
1254 4925 1416 4979 ﬁliam
1451 4926 1606 4981 trado
1651 4925 1777 4979 huic
1813 4928 2116 4998 peregrino.
2153 4931 2220 4984 Et
2261 4932 2343 4985 in.

801 5018 962 5073 terim
1015 5017 1276 5071 scribitur
1324 5025 1640 5071 contractus
1691 5018 2055 5085 matrimonii,
2109 5033 2164 5076 et
2217 5037 2340 5077 cum

802 5111 1140 5178 aliquantum
1197 5108 1456 5174 temporis
1510 5107 1690 5160 Hunni
1741 5107 1996 5164 Edessam
2043 5111 2340 5168 circumse-

802 5203 1034 5263 dissent.
1077 5197 1212 5254 socii
1241 5207 1418 5251 autem
1453 5206 1510 5250 et
1533 5197 1808 5266 adjutores
1840 5197 2029 5253 urbem
2067 5199 2342 5257 defendis-

805 5303 944 5352 sent.
964 5289 1308 5357 hostiumque
1338 5288 1598 5356 impetum
1631 5287 2056 5355 propulsassent.
2080 5289 2139 5345 ﬁt
2169 5294 2342 5360 puella

804 5395 1086 5453 praegnans
1132 5393 1196 5432 ex
1246 5377 1427 5431 Gotthi
1474 5377 1875 5444 conjunctione.
1921 5378 2171 5434 Nondum
2217 5397 2344 5437 vero

804 5487 1021 5542 tempus
1053 5468 1292 5540 pariendi
1321 5470 1630 5526 advenerat.
1661 5477 1716 5522 et
1746 5468 1925 5522 Hunni
1949 5471 2190 5545 quidem,
2221 5487 2342 5527 cum

810 5565 943 5618 nihil
992 5561 1291 5632 potuissent
1340 5559 1516 5613 facere
1565 5573 1755 5611 eorum
1807 5575 1928 5629 quae
1974 5575 2343 5628 speraverant.

806 5658 912 5726 jam
953 5653 1006 5707 in
1047 5652 1229 5705 animo
1257 5648 1525 5703 habebant
1554 5646 1817 5716 proﬁcisci
1852 5648 1911 5701 in
1935 5649 2180 5717 patriam,
2212 5652 2342 5706 socii

808 5755 986 5800 autem
1019 5750 1073 5798 et
1105 5740 1380 5812 adjutores
1411 5738 1658 5795 volebant
1697 5737 1876 5792 redire
1916 5737 2162 5794 Romam.
2209 5740 2343 5796 Cum

2441 4569 2540 4638 τὴν
2575 4563 2753 4635 ψυχὴν
2781 4561 3119 4633 βαλλομένης
3146 4559 3257 4621 Τὰς
3288 4559 3476 4628 χεῖρας
3506 4550 3601 4608 οὗν
3627 4556 3706 4612 είς
3727 4548 3991 4621 οὐρανοὺς

2441 4658 2790 4715 ἀνατείνασα·
2835 4654 2893 4706 ὐ
2923 4652 3108 4722 Πατὴρ
3133 4650 3240 4703 τῶν
3264 4649 3531 4718 ὀρφανῶν,
3560 4647 3652 4697 καὶ
3680 4641 3992 4712 προστάτης

2440 4753 2546 4805 τῶν
2572 4747 2776 4819 χηρῶν,
2810 4747 3055 4798 Δέσποτα
3086 4745 3179 4795 καὶ
3208 4741 3330 4800 Θεέ,
3360 4741 3484 4808 ἔφη,
3516 4739 3590 4808 μὴ
3621 4736 3721 4806 τὴν
3742 4732 3989 4799 ὀρφανὴν

2440 4841 2601 4909 τήνδε
2647 4838 2893 4909 περιίδῃς
2925 4835 3188 4903 ἀγνώστῳ
3222 4830 3665 4900 συζευγνυμένην
3709 4827 3882 4894 ἀνδρί.
3921 4824 3990 4876 Σὲ

2443 4933 2552 5000 γὰρ
2584 4929 2692 4982 τῶν
2727 4927 2893 4981 αὑτοῦ
2945 4926 3290 4995 ὑποσχέσεων
3342 4923 3536 4993 ιφορον
3579 4919 3840 4989 δέχομαι,
3895 4915 3990 4969 καί

2444 5041 2525 5076 σοι
2590 5021 2899 5084 πεποιθυῖα,
2960 5019 3058 5088 τὴν
3103 5018 3269 5088 μόνην
3322 5017 3446 5085 ἐμοὶ
3503 5015 3667 5067 παῖδα
3715 5010 3790 5081 τῷ
3851 5010 3990 5077 ξένῳ

2441 5114 2618 5182 τούτῳ
2646 5112 2926 5180 έκδίδωμι.
2963 5107 3149 5170 Οὕτως
3211 5106 3341 5176 εφη,
3374 5105 3468 5158 καὶ
3518 5103 3724 5173 μεταξὺ
3773 5099 3994 5170 γαμικά

2448 5203 2754 5272 συμϐόλαια
2805 5199 3131 5267 γράφονται.
3185 5199 3296 5251 Καὶ
3357 5199 3420 5266 δή
3478 5212 3602 5249 τινα
3648 5196 3841 5265 χρόνον
3879 5196 3993 5258 τοῖς

2445 5294 2595 5364 πσρὰ
2635 5292 2733 5363 τὴν
2777 5292 3046 5344 Ἔδεσσαν
3074 5289 3261 5350 τόποις
3291 5288 3398 5341 τῶν
3436 5287 3652 5341 Οὖννων
3687 5304 3991 5358 στρατοπε-

2443 5384 2812 5452 δευσαμένων,
2845 5382 2939 5436 καὶ
2985 5381 3096 5432 τῶν
3143 5381 3445 5450 συμμάχων
3487 5382 3549 5447 τῇ
3595 5378 3748 5431 πόλει
3797 5389 3995 5446 προσε-

2446 5475 2768 5545 δρευόντων,
2826 5473 2919 5524 καὶ
2970 5471 3069 5537 τὴν
3117 5470 3226 5522 τῶν
3289 5470 3567 5538 πολεμίων
3617 5468 3808 5534 ἔφοδον
3857 5471 3993 5522 ἀπο-

2446 5564 2820 5634 κρουομένων,
2849 5561 3107 5629 ἐγκύμων
3143 5561 3173 5628 ή
3205 5560 3337 5629 κόρη
3377 5563 3442 5629 τῇ
3470 5559 3562 5611 τοῦ
3601 5557 3800 5611 Γότθου
3843 5559 3990 5625 γίνεο

2445 5672 2532 5706 ται
2567 5651 2852 5718 συναφεία.
2882 5651 3046 5703 Οῦττω
3070 5645 3163 5702 οὖν
3188 5649 3216 5701 ὁ
3255 5649 3443 5718 καιρὸς
3481 5651 3618 5718 αὐτῇ
3649 5650 3754 5703 τῶν
3785 5650 3990 5700 ὠδίνων

2447 5741 2672 5811 ἐπέστη,
2719 5737 2811 5793 καὶ
2860 5738 2916 5792 τὸ
2971 5737 3072 5808 μὲν
3109 5736 3386 5801 Οὐννικῦν,
3436 5732 3587 5789 οὐδὲν
3637 5729 3709 5790 ῶν
3763 5737 3990 5805 ἤλπισεν
