4226 6418
234 421 337 483 149
1113 430 1572 489 MARTYIil-UM
1614 431 1671 488 S.
1717 432 1900 491 GUl‘tl

1776 433 1978 491 Ul‘tl.E
2023 435 2117 491 ΕΤ
2164 434 2576 494 SOCIORUM.
3334 434 3433 498 150

228 534 318 600 sp}
336 532 567 585 ἀσασθαι
602 532 847 605 δυνηθὲν,
876 534 1133 603 ἀπαίρειν
1164 538 1263 607 ἤδη
1299 540 1431 608 πρὶς
1460 540 1555 609 τὴν
1582 542 1788 594 οἰκείαν
1818 553 1859 605 Α
1890 565 1897 597 ι

1767 563 1788 593 ν
1818 553 1859 605 Α
1890 562 2018 616 ergo
2068 548 2302 603 Gotthus
2360 564 2573 618 quoque
2626 556 2847 618 paratus
2893 557 3036 603 esset
3082 548 3242 601 simul
3288 548 3436 602 abire

226 622 525 676 διενοοῦντο
559 640 573 654 ’
620 626 668 676 οἱ
709 626 986 694 σύμμαχοι
1034 628 1091 679 δὲ
1141 630 1360 682 ἀπιέναι
1405 632 1566 685 πάλιν
1636 636 1775 704 πρὸς
1888 656 1895 687 ι

1770 653 1775 693 .'
1888 653 2010 691 cum
2046 637 2324 702 Romanis,
2366 647 2421 691 et
2463 638 2800 693 cruciaretur
2846 648 3017 691 mater
3053 637 3176 691 ﬁliae
3222 652 3439 706 separa-

244 712 469 783 Ῥὠμην
498 714 802 770 ἐϐούλοντο.
834 715 989 770 Ἐπεὶ
1023 716 1115 771 οῦν
1165 721 1260 775 καὶ
1313 724 1340 774 ὁ
1387 723 1581 789 Γότθος
1664 742 1785 778 συν·
1891 738 1909 780 ι

1767 755 1785 766 -
1891 727 2066 793 tione,
2111 728 2273 796 eique
2342 728 2725 784 scinderentur
2777 728 3021 790 viscera,
3077 725 3436 795 apprehendit

224 807 453 860 αττιένα.
486 805 781 875 Ῥωμαίοις
825 810 1146 880 ἡτοίμαστο,
1200 815 1390 881 ήνιᾶτό
1438 834 1493 870 τε
1534 821 1566 887 ή
1603 820 1785 889 μήτηρ
1890 835 1893 879 I

1763 837 1785 888 ρ
1890 819 2143 885 pttt‘lhlll,
2175 835 2275 874 nec
2311 818 2522 874 sinebat
2563 834 2682 873 eam
2725 835 2848 873 cum
2888 816 3089 873 Gottho
3133 816 3432 876 discedere.

227 896 310 965 τῷ
333 896 436 964 τῆς
473 898 663 961 παιδὸς
689 901 955 971 χωρισμῷ
982 942 995 966 ,
1028 902 1120 955 καὶ
1148 904 1214 957 τά
1248 906 1530 978 σπλάγχνα
1562 910 1787 963 ὲκόπτε-
1887 927 1896 961 ι

1765 940 1787 950 -
1887 910 2097 964 etiamsi
2132 926 2252 964 eam
2296 925 2405 965 non
2451 920 2663 981 poterat
2697 910 2955 973 retinere,
2992 925 3115 964 cum
3159 909 3274 978 lege
3320 922 3434 960 ma-

224 1003 312 1040 το.
363 987 649 1042 Ἐντεῦθεν
680 990 858 1059 εἴχετο
894 994 994 1061 τῆς
1026 994 1215 1058 παιδὸς
1254 1001 1347 1049 καὶ
1380 1000 1784 1069 συναποδημεῖν
1890 1015 1893 1051 I

1467 1000 1784 1069 ιαποδημεῖν
1890 1003 2131 1057 trimonii
2162 1010 2217 1056 et
2249 1010 2453 1057 naturae
2484 1004 2646 1058 vellet
2673 1004 2824 1071 sequi
2862 1004 3136 1055 maritum.

225 1080 307 1147 τῷ
344 1079 528 1151 Γότθῳ
558 1082 655 1132 οὐκ
687 1083 794 1145 εἶα,
829 1083 933 1136 κᾶν
979 1084 1098 1154 οὐχ).
1141 1086 1233 1139 καὶ
1272 1093 1566 1159 κατασχεῖν
1617 1091 1785 1163 αὐτὴν
1822 1092 2059 1163 ἠδυνήθη
2093 1093 2239 1161 νόμῳ
2302 1093 2481 1161 γάμου
2518 1096 2610 1148 καὶ
2643 1094 2854 1162 φύσεως
2882 1091 2958 1163 τῷ
2987 1092 3143 1162 ἀνδρὶ
3207 1090 3435 1144 ἔπεσθαι

224 1175 329 1241 τῆς
352 1174 609 1239 γυναικὸς
639 1175 988 1245 βουλομένης.

307 1264 416 1361 1-H}
465 1267 623 1335 Ἀρτι
664 1268 845 1321 τοίνυν
878 1270 1295 1339 ἀποδημοῦντας
1326 1275 1357 1342 ή
1392 1276 1576 1345 μήτηρ
1608 1295 1786 1344 παρακ
1969 1279 1976 1331 ἶ

1771 1309 1786 1315 ~
1969 1278 2148 1331 XVIII.
2180 1278 2316 1331 Cum
2351 1278 2459 1347 jam
2504 1292 2635 1347 ergo
2672 1275 2906 1338 abirent,
2948 1286 3118 1330 mater
3160 1292 3252 1331 eos
3284 1291 3436 1330 assu-

226 1351 499 1417 λαϐοῦσα,
528 1354 627 1422 τὴν
652 1355 760 1407 τῶν
786 1357 1139 1427 ὁμολογητῶν
1166 1364 1572 1430 καταλαμϐάνει
1604 1367 1784 1433 σορὸν,
1892 1386 1895 1420 I

1771 1406 1784 1429 ,
1892 1384 2063 1430 mens,
2113 1368 2324 1422 accedit
2372 1368 2437 1422 ad
2490 1383 2704 1438 capsam
2751 1368 3160 1428 conlessorum,
3209 1376 3261 1420 et
3310 1365 3440 1421 dicit

225 1447 324 1496 καὶ
356 1446 490 1514 πρὸς
534 1447 625 1498 τὸν
680 1448 878 1502 Γότθον
909 1466 921 1479 ·
981 1455 1092 1503 υύκ
1140 1454 1203 1506 ἂν
1233 1455 1342 1519 ὲτώ
1400 1473 1481 1508 σοι
1522 1456 1617 1527 τὴν
1646 1459 1787 1527 ἐμὴν
1890 1473 1894 1502 ι

1770 1478 1787 1508 υ
1890 1459 2089 1513 Gottho
2114 1475 2127 1511 :
2150 1459 2259 1528 Ego
2283 1466 2384 1512 tua:
2409 1458 2530 1514 ﬁdei
2561 1474 2732 1513 meam
2763 1459 2927 1512 ﬁliam
2951 1472 3058 1511 non
3082 1442 3439 1521 committam,

225 1537 398 1589 παῖδα
459 1541 751 1605 πιστεύσω,
811 1544 964 1609 φησὶ,
1019 1546 1067 1597 εί
1115 1546 1208 1614 μὴ,
1242 1546 1340 1615 τῆς
1376 1549 1563 1617 τιμίας
1626 1551 1786 1620 σοροῦ
1891 1569 1894 1604 l

1771 1552 1786 1603 Β
1891 1552 1993 1605 nisi
2046 1559 2270 1620 tangens
2321 1549 2461 1603 hanc
2508 1550 2799 1618 pretiosam
2848 1564 3060 1616 capsam
3112 1563 3301 1602 eorum
3347 1549 3440 1615 qui

226 1627 391 1693 τῆσδε
452 1630 559 1681 τῶν
642 1632 778 1701 ὑπὲρ
862 1634 1097 1701 Χριστοῦ
1149 1636 1431 1691 παθόντων
1486 1640 1784 1709 ἁψάμενος,

1892 1655 1988 1709 pro
2026 1640 2243 1695 Christo
2284 1639 2427 1708 passi
2471 1648 2618 1703 sunt,
2650 1654 2747 1693 cos
2776 1638 2995 1692 dederis
3045 1635 3176 1688 mihi
3224 1633 3441 1702 ﬁdejus-

234 1719 514 1786 ἐγγυητάς
566 1739 655 1789 μοι
706 1723 931 1787 τούτους
967 1727 1255 1797 παράσχῃς
1292 1729 1366 1798 μὴ
1413 1730 1571 1797 μόνον
1623 1732 1790 1802 μηδὲν
1825 1746 1903 1811 34

1770 1753 1790 1786 ν
1825 1760 1862 1811 3
1887 1746 2065 1794 sores,
2088 1730 2230 1799 quod
2263 1745 2370 1783 non
2402 1731 2576 1785 solum
2599 1730 2647 1785 ei
2675 1730 2807 1783 nihil
2834 1728 2907 1782 sis
2938 1727 3150 1781 molesti
3177 1726 3439 1787 facturus,

233 1825 289 1860 τι
338 1812 475 1878 πρὸς
524 1814 619 1882 τὴν
656 1816 821 1869 παῖδα
876 1818 1119 1886 λυπηρὸν
1160 1821 1596 1889 διαπράξασθαι,
1654 1824 1789 1876 ἀλλά

229 1901 329 1952 καὶ
394 1903 571 1971 πάσης
627 1906 792 1973 αὐτὴν
850 1908 1079 1973 ἀξιῶσαι
1128 1912 1227 1978 τῆς
1274 1913 1586 1981 θεραπείας.
1626 1919 1730 1971 Καὶ
1763 1921 1790 1970 ὁ

232 1992 430 2055 Γότθος
467 1994 650 2055 εὐθὺς,
703 1996 893 2066 ῶσπερ
945 2001 1003 2049 τὸ
1061 2002 1280 2055 πάντων
1320 2005 1689 2060 εὐκολώτατον
1732 2027 1789 2061 τε

229 2085 325 2134 καὶ
358 2084 705 2150 ἀφοὸώτατον
745 2088 964 2150 δράσειν
1008 2092 1329 2159 ὲπιτραπείς
1354 2111 1367 2124 ·
1416 2097 1508 2149 Ἐκ
1540 2098 1645 2151 τῶν
1676 2116 1789 2168 χει-

235 2175 348 2241 ρῶν
381 2174 557 2242 ὑμῶν,
602 2176 771 2243 ἅγιοι,
800 2179 897 2248 τὴν
947 2181 1137 2250 κόρην,
1180 2178 1322 2248 sine,
1356 2189 1789 2255 παραλαμϐάνω.

236 2272 332 2317 καὶ
363 2269 426 2336 τῇ
468 2269 635 2337 μητρὶ
664 2271 938 2337 ἐγγυητὰς
972 2275 1115 2340 ὑμᾶς
1143 2274 1331 2340 δίδωμι
1358 2277 1431 2339 ὡς
1474 2279 1587 2330 οὐδ’
1615 2281 1792 2332 ὁτιοῦν

232 2361 375 2426 αὐτῇ
429 2359 557 2428 παρ’
608 2361 743 2427 ἐμοῦ
789 2364 1086 2432 γενήσεται
1138 2366 1403 2437 λυπηρὸν,
1433 2369 1565 2423 ἀλλά
1595 2372 1794 2440 μᾶλλον

236 2453 335 2502 καὶ
378 2453 515 2519 πρὸς
544 2456 651 2507 πᾶν
679 2457 705 2507 ὃ
740 2474 792 2507 τι
822 2457 1064 2525 βούλοιτο
1087 2502 1102 2523 ,
1134 2460 1352 2530 ἕτοιμον
1397 2464 1506 2529 ἕξει
1552 2483 1620 2534 με
1658 2468 1791 2535 πλη-

238 2540 442 2607 ροῦντα
472 2543 643 2612 ταύτῃ
666 2545 731 2597 τὰ
750 2546 1089 2616 καταθύμια.
1125 2549 1197 2599 Οὐ
1227 2549 1400 2604 ταῦτα
1432 2552 1590 2620 μόνον
1616 2556 1643 2607 ὁ
1677 2557 1791 2608 ἅλις

233 2637 448 2701 τήριος,
485 2634 623 2688 ἀλλά
656 2636 750 2688 καὶ
775 2639 855 2700 εις
880 2637 981 2709 τὴν
1011 2641 1256 2712 μεγάλην
1277 2642 1367 2694 τοῦ
1409 2643 1544 2698 Θεοῦ
1568 2646 1797 2715 δύναμιν

235 2727 437 2792 ὄμνυσι
488 2726 585 2788 τὰς
642 2727 966 2797 ὑποσχέσεις
1014 2733 1107 2784 ἐπὶ
1148 2733 1255 2786 τῶν
1304 2735 1480 2803 ἔργων
1543 2738 1794 2805 φυλάξαι.

236 2814 520 2883 Δ;ξαμένη
551 2817 730 2870 τοίνυν
761 2820 792 2885 ἡ
829 2822 1009 2890 μήτηρ
1038 2820 1129 2873 τὸν
1155 2823 1315 2891 ὅρκον
1335 2837 1347 2851 ⁸
1389 2824 1554 2892 ’Υμίν
1578 2866 1592 2887 ,
1630 2826 1795 2891 ἅγιοι,

241 2910 339 2972 τὴν
377 2908 541 2959 παῖδα
572 2910 712 2974 μετά
737 2909 871 2963 Θεὸν
901 2912 1267 2981 ἀνατίθεμαι,
1302 2915 1396 2967 καὶ
1429 2916 1497 2967 δι’
1528 2916 1678 2985 ὑμῶν
1725 2919 1798 2988 τῷ

243 2998 449 3065 Γότοῳ,
479 3000 589 3060 τοῖς
624 3001 917 3069 μάρτυσιν,
949 3003 1269 3074 ἐπεϐόησεν.
1330 3006 1452 3059 Ἐπὶ
1469 3008 1677 3071 τούτοις
1707 3012 1795 3062 5'3-

1892 1821 1986 1875 sed
2017 1822 2180 1876 etiam
2213 1824 2354 1892 ejus,
2391 1836 2550 1890 quam
2587 1835 2682 1889 par
2709 1830 2811 1883 est,
2842 1834 3027 1872 curam
3062 1819 3136 1872 sis
3169 1825 3439 1887 gesturus.

1892 1909 2123 1965 Gotthus
2173 1920 2352 1965 autem
2403 1912 2673 1979 protinus,
2735 1921 2988 1977 tanquam
3039 1906 3443 1976 jossus’l‘acerc

1893 2002 1967 2063 id,
1990 2001 2134 2070 quod
2158 2011 2301 2056 esset
2329 2002 2571 2053 omnium
2604 2000 2943 2060 facillimum,
2967 2010 3021 2053 et
3050 1999 3196 2053 omni
3228 2000 3444 2066 penitus

1893 2103 2039 2146 metu
2070 2108 2298 2145 vacuum
2330 2106 2343 2142 :
2378 2092 2418 2143 Α
2447 2090 2696 2143 manibus
2724 2090 2939 2151 vestris,
2975 2088 3167 2157 inquit,
3193 2104 3225 2141 o
3246 2091 3439 2152 sancti,

1892 2180 2097 2251 accipio
2149 2181 2381 2249 puellam
2434 2198 2447 2233 :
2498 2191 2553 2234 et
2600 2196 2695 2233 vos
2744 2179 2813 2233 do
2865 2180 3021 2233 matri
3074 2178 3443 2247 ﬁdejusaores.

1893 2274 2036 2342 quod
2083 2274 2132 2328 ei
2176 2289 2206 2328 a
2258 2290 2343 2329 me
2393 2273 2526 2327 nihil
2579 2273 2669 2327 ﬁet
2718 2272 2951 2335 molesti,
2987 2270 3081 2325 sed
3133 2285 3217 2324 me
3266 2269 3446 2339 potius

1894 2365 2116 2420 habebit
2163 2373 2410 2434 paratum
2462 2364 2512 2418 ei
2566 2363 2810 2432 implere,
2860 2374 3195 2431 quaecunque
3244 2358 3445 2413 volenti

1894 2464 2059 2510 erunt
2082 2454 2251 2509 cordi.
2278 2453 2389 2509 Nec
2418 2454 2531 2507 haec
2553 2454 2726 2507 solum
2758 2453 3075 2515 sceleratus,
3100 2449 3193 2504 sed
3225 2464 3446 2517 magnas

1896 2564 2112 2618 quoque
2138 2548 2285 2618 jurat
2316 2546 2409 2602 Dei
2438 2548 2603 2608 vires,
2633 2560 2689 2599 se
2722 2544 2986 2611 promissa
3016 2542 3194 2609 reipsa
3224 2554 3447 2594 conser-

1897 2649 2170 2692 vaturum.
2203 2638 2371 2691 Mater
2406 2652 2552 2705 ergo,
2589 2644 2814 2702 accepto
2840 2630 3213 2701 jurejurando,
3247 2631 3451 2685 sanctis

1896 2729 2213 2784 acclamavit
2260 2727 2586 2797 martyribus
2643 2742 2658 2779 :
2713 2724 2894 2788 Vobis,
2943 2738 2975 2777 ο
3027 2722 3221 2785 sancti,
3271 2737 3449 2776 meam

1900 2822 2060 2874 ﬁliam
2106 2828 2227 2887 post
2278 2820 2443 2874 Deum
2485 2816 2788 2878 committo,
2837 2825 2890 2869 ct
2942 2831 3037 2883 per
3088 2829 3183 2868 vos
3227 2811 3447 2868 Gottho.

1899 2914 2024 2966 Post
2064 2913 2177 2965 hcec
2216 2912 2383 2965 Deum
2431 2910 2654 2980 precati,
2708 2918 2878 2962 mater
2921 2906 3143 2974 quidem
3191 2905 3449 2958 amantis»

1898 3004 2035 3058 sime
2072 3002 2232 3057 ﬁliam
2277 3004 2544 3072 amplexa,
2579 3002 2800 3055 domum
2853 2999 3179 3063 revertitur;
3222 2996 3453 3051 Gotthus

244 3091 467 3159 ξάμενοι
493 3095 571 3161 τῷ
619 3094 758 3163 Θεῷ,
792 3099 885 3148 καὶ
916 3099 947 3165 ή
987 3099 1168 3168 μήτηρ
1209 3100 1309 3169 τὴν
1362 3103 1527 3154 παῖδα
1570 3103 1798 3173 περιϐα-
1824 3104 1868 3165 C
1901 3108 1913 3145 ἓ

1785 3132 1798 3143 .
1824 3104 1868 3165 c
1901 3102 2079 3146 autem
2114 3093 2216 3146 iter
2257 3092 2355 3145 init
2384 3106 2506 3146 cum
2538 3091 2736 3159 puella.
2774 3088 2976 3143 Deinde
3019 3103 3143 3141 cum
3176 3087 3454 3141 venissent

242 3184 413 3237 λοῦσα
461 3187 554 3237 καὶ
612 3187 1064 3258 περιπτύξαμένη
1110 3192 1177 3243 τά
1229 3192 1614 3257 ποθεινότατα,
1663 3195 1800 3263 αὑτὴ
1906 3185 1911 3235 ί

1783 3213 1800 3263 Ἰ
1906 3185 1956 3236 in
1994 3184 2291 3253 regionem,
2342 3198 2407 3236 ex
2460 3198 2566 3251 qua
2602 3190 2754 3235 ortus
2800 3190 2919 3234 erat
2966 3178 3220 3242 Gotthus,
3255 3188 3311 3233 et
3342 3179 3452 3248 jam

244 3291 344 3343 μεν
388 3275 566 3327 οῐκαξε
617 3279 733 3328 ἐπα*
754 3276 858 3345 ῄει,
912 3281 939 3331 ὁ
971 3279 1025 3330 δὲ
1057 3280 1245 3341 Γότθος
1275 3283 1371 3349 τῆς
1404 3281 1522 3333 ὀδοῦ
1552 3285 1686 3351 μετά
1706 3286 1799 3352 τῆς
1901 3289 1913 3324 I

1784 3302 1799 3346 ς
1901 3279 2081 3325 essunt
2112 3286 2275 3340 prope
2307 3272 2424 3340 ejus
2453 3271 2695 3335 domum,
2727 3270 2931 3324 oblitus
2977 3268 3196 3338 quidem
3240 3268 3321 3320 vir
3353 3268 3453 3321 iste

244 3367 437 3427 παιδ)ις
467 3370 660 3434 εἴχετο.
692 3366 823 3420 Εἶτα
856 3369 956 3437 τήν
994 3371 1176 3439 χώραν
1202 3365 1268 3441 ἧς
1300 3373 1328 3421 ὀ
1361 3370 1555 3434 Γότθος
1580 3372 1803 3443 ὥρμητο

244 3457 675 3522 καταλαϐόντες,
708 3458 831 3511 ἐπεὶ
864 3460 962 3529 ἤδη
989 3460 1125 3531 πρὸς
1159 3462 1259 3530 τὴν
1289 3461 1383 3514 τοῦ
1416 3462 1606 3531 ἀνδρὸς
1642 3466 1801 3534 ήγγι-

245 3544 343 3605 ζον
378 3544 577 3607 οἰκίαν,
612 3545 1011 3616 ἐπιλαθόμενος
1050 3547 1149 3617 μὲν
1187 3548 1214 3599 ὀ
1256 3548 1429 3611 δεινὸς
1461 3551 1669 3613 ἐκεῖνος
1705 3541 1804 3621 τῆς

244 3634 385 3703 πρὸς
418 3636 515 3702 τὴν
541 3639 771 3702 γυναῖκα
806 3640 1058 3707 στοργῆς.
1086 3640 1512 3709 καταφρονήσας
1548 3641 1603 3693 δὲ
1630 3641 1803 3711 ὅρκων

248 3727 342 3778 mi.
375 3728 694 3795 συνθηκῶν,
742 3728 832 3780 τὸν
866 3728 958 3781 τοῦ
1010 3728 1145 3781 Θεοῦ
1180 3746 1239 3782 τε
1282 3731 1444 3799 φόϐον
1493 3731 1583 3800 ἀφ’
1611 3732 1803 3784 ἑαυτοῦ

248 3816 658 3882 ποιησάμενος,
733 3814 778 3868 ὣ
842 3817 1002 3885 μέχρι
1070 3816 1236 3869 πόσου
1300 3820 1532 3887 προήκει
1592 3819 1800 3871 κακίαί

247 3906 477 3975 ἀφαιρεῖ
519 3906 617 3973 μὲν
654 3905 825 3973 αὐτῆς
862 3906 928 3959 τὰ
975 3904 1199 3975 ίμάτια,
1251 3910 1706 3977 προσαφαιρεῖται
1750 3907 1805 3958 δὲ

248 3998 345 4047 καὶ
375 3999 470 4046 τἰν
496 3996 718 4064 χρυσὸν,
745 3996 909 4064 ῥάκος
940 4013 998 4048 τε
1027 3996 1196 4063 αὐτὴν
1239 3990 1325 4049 οἷα
1365 3996 1557 4065 δούλην
1602 3998 1805 4066 ἀτίμως

248 4084 580 4152 περιϐαλὼν,
621 4086 774 4153 Ἐμοὶ
812 4124 826 4149 ,
854 4081 1025 4147 εἶπεν,
1074 4079 1118 4138 ὦ
1149 4086 1327 4152 γύναι,
1372 4088 1464 4139 καὶ
1513 4087 1676 4140 τέκνα
1703 4088 1808 4138 εἰσὶ

247 4184 342 4231 καὶ
403 4181 539 4248 γυνή
577 4180 694 4231 ’διὸ
751 4180 845 4232 καὶ
890 4180 1080 4249 δούλην
1135 4182 1474 4249 αἰχμάλωτόν
1533 4200 1590 4233 σε
1643 4180 1808 4250 αὐτὴν

247 4274 424 4335 κάλει,
461 4277 550 4323 καὶ
583 4272 715 4340 πρὸς
743 4271 840 4341 τήν
868 4272 1007 4342 ιμήν
1060 4275 1328 4340 γυναῖκα,
1360 4274 1535 4327 πᾶσαν
1575 4273 1665 4325 ἔσο
1711 4289 1809 4339 φυ-

258 4365 531 4416 ὶάττουσα
589 4362 687 4431 τήν
740 4362 1039 4433 ὑποταγὴν,
1103 4363 1178 4427 ὡς
1234 4364 1426 4434 κυρίαν
1494 4364 1662 4431 αὐτὴν
1714 4364 1808 4414 καὶ

1904 3363 2229 3417 inhumanus
2290 3362 2492 3415 amoris
2545 3363 2597 3415 iu
2652 3376 2908 3423 uxorem,
2962 3368 3275 3427 contempto
3327 3373 3453 3411 vero

1897 3451 2252 3523 jurejurando
2274 3460 2327 3505 et
2358 3452 2527 3520 pactis
2558 3452 2862 3514 conventis,
2887 3458 2942 3503 et
2964 3448 3053 3503 Dei
3088 3458 3230 3502 metu
3264 3447 3452 3516 procul

1904 3556 1932 3595 a
1980 3556 2037 3595 se
2082 3541 2393 3604 amandato,
2448 3542 2536 3606 (ο,
2587 3556 2867 3609 quousque
2904 3539 3147 3609 procedit
3197 3537 3454 3602 vitium!)

1902 3632 1951 3685 ei
1982 3632 2199 3701 quidem
2230 3630 2405 3685 aufert
2439 3641 2612 3685 vestes
2633 3672 2647 3696 ,
2681 3646 2873 3683 aurum
2907 3645 3121 3699 quoque
3146 3630 3194 3682 ei
3221 3627 3399 3682 aul'crt
3436 3644 3447 3678 :

1904 3740 2077 3794 caque
2107 3734 2361 3793 tanquam
2386 3738 2540 3778 serva
2565 3723 2756 3791 pannis
2787 3723 3017 3792 turpiter
3048 3721 3231 3775 induta
3260 3736 3276 3775 :
3304 3718 3454 3784 Mihi,

1908 3817 2105 3885 inquit,
2134 3832 2165 3871 o
2197 3817 2411 3880 mulier,
2445 3826 2570 3870 sunt
2603 3817 2757 3870 liberi
2800 3824 2854 3869 et
2896 3829 3048 3868 uxor.
3093 3810 3455 3878 Quamobrem

1905 3922 2037 3961 voca
2078 3915 2127 3961 te
2163 3907 2412 3961 ancillam
2449 3906 2594 3961 bello
2644 3916 2878 3975 captam,
2927 3914 2982 3959 et
3030 3912 3083 3957 te
3118 3917 3251 3956 mea:
3304 3900 3459 3954 uxori

1908 3998 2163 4051 omnibus
2194 3997 2370 4051 modis
2400 3998 2681 4058 submitte,
2713 4006 2767 4051 et
2811 3996 2862 4050 ei
2912 4010 3117 4048 morem
3152 4007 3298 4061 gere,
3339 4007 3458 4045 eam

1909 4092 2162 4155 tanquam
2189 4086 2464 4140 dominam
2492 4088 2765 4141 honorans
2791 4095 2844 4141 et
2872 4085 3178 4140 nominans.
3210 4082 3263 4137 Si
3291 4082 3456 4143 enim,

1908 4178 2183 4248 quomodo
2215 4193 2272 4233 se
2304 4178 2542 4232 habeant
2572 4194 2657 4232 res
2688 4189 2908 4240 nostrae,
2939 4175 3331 4233 ennntiavcris.
3369 4182 3461 4225 aut

1909 4270 2074 4324 etiam
2109 4286 2240 4326 mea:
2272 4272 2455 4325 uxoris
2487 4271 2750 4326 voluntati
2785 4284 2892 4323 non
2929 4268 3193 4337 parueris,
3228 4270 3333 4320 erit
3365 4266 3458 4320 tibi

1912 4377 2056 4414 mors
2089 4363 2435 4431 supplicium.

249 4461 471 4529 τιμῶσα
501 4460 591 4510 καὶ
615 4458 978 4527 ὀνομάζουσα.
1007 4460 1065 4511 Ei
1094 4460 1201 4529 γὰρ
1228 4458 1433 4529 εκφορα
1464 4458 1532 4511 ea
1565 4458 1809 4529 ἡμέτερα
1849 4456 2054 4525 θήσεις,
2085 4457 2115 4526 ή
2148 4460 2237 4511 καὶ
2268 4457 2342 4527 τῷ
2372 4460 2470 4528 τῆς
2500 4457 2639 4527 ἐμῆς
2704 4456 2938 4526 συζύγου
3002 4456 3263 4524 θελήματι
3307 4454 3461 4507 ἀπει-

249 4557 463 4625 θήσεις,
502 4554 730 4607 θάνατον
765 4554 906 4620 ἕξεις
932 4553 1031 4623 τὴν
1061 4552 1352 4623 τιμωρίαν.

322 4650 421 4703 19⁷.
455 4646 519 4700 Τί
546 4648 677 4717 πρὸς
705 4648 877 4701 ταῦτα
900 4648 1092 4701 παθεῖν
1122 4647 1301 4701 οἴεσθε
1326 4650 1559 4713 γυναῖκα
1586 4661 1802 4714 γυμνω-
1837 4644 1882 4699 ι)
1982 4642 1991 4695 ἶ

1793 4672 1802 4681 -
1837 4644 1882 4699 ι)
1982 4639 2121 4695 XIX.
2144 4638 2427 4707 Quomodo
2446 4638 2531 4694 bis
2546 4639 2796 4694 affectam
2823 4634 3055 4691 censetis
3082 4633 3247 4688 fuisse
3270 4635 3462 4687 mulie-

248 4745 433 4794 θεῖσαν
467 4740 562 4807 μὲν
604 4738 827 4808 μητρὸς,
864 4739 1245 4808 γυμνωθεῖσαν
1292 4738 1348 4790 ὁὶ
1385 4738 1666 4808 πατρίδος,
1718 4735 1806 4804 φί-

250 4829 361 4879 λων
408 4830 625 4882 πάντων
682 4831 776 4881 καὶ
827 4828 1129 4896 συγγενῶν,
1163 4829 1257 4883 καὶ
1311 4828 1445 4901 πρὸς
1502 4828 1674 4897 μόνην
1714 4828 1810 4897 τὴν

250 4920 463 4971 ἐκείνου
484 4920 661 4989 ψυχὴν
688 4920 1013 4988 βλέπουσαν,
1041 4919 1285 4974 τοιοῦτόν
1320 4937 1378 4973 τε
1406 4919 1467 4973 τὸ
1501 4919 1672 4990 πέρας
1703 4918 1810 4971 τῶν

256 5007 483 5075 μακρῶν
526 5010 750 5063 ἐκείνων
791 5010 1019 5063 ἐλπίδων
1070 5009 1319 5077 ἱδοῦσαν;
1372 5010 1614 5073 Πάντως,
1646 5010 1694 5061 al
1737 5009 1812 5078 μὴ

252 5097 397 5162 λίθος
445 5094 533 5169 ἦν,
575 5100 627 5152 εί
669 5100 744 5170 μή
797 5100 1037 5172 σίδηρος,
1076 5099 1108 5172 ἢ
1157 5101 1285 5156 ἀλλο
1332 5118 1385 5154 τι
1416 5101 1523 5155 τῶν
1567 5100 1811 5170 ἀψύχων,

254 5191 555 5259 πληγεῖσαν
594 5190 670 5260 τῷ
694 5192 996 5259 ἀνελπίστῳ
1028 5193 1123 5260 τῆς
1156 5192 1348 5261 ἀκοῆς,
1390 5192 1549 5255 εὐθὺς
1581 5193 1678 5263 τὴν
1700 5191 1811 5260 ψυο

254 5282 355 5350 χήν
407 5282 645 5347 ἀφεῖναι,
698 5281 815 5335 ἀλλ’
844 5280 895 5333 oi
944 5281 1040 5350 τῆς
1078 5282 1281 5352 μητρὸς
1317 5282 1581 5352 ιγγυηταὶ
1609 5282 1811 5351 ταύτην

254 5367 481 5431 ἔσωζον,
515 5367 607 5431 οὓς
650 5369 867 5439 εῐληφεν
927 5371 1110 5439 ἐκείνη
1159 5372 1309 5440 παρά
1348 5370 1441 5424 τοῦ
1481 5371 1674 5425 Γότθου
1719 5372 1812 5426 ἐπὶ

258 5458 417 5528 κακῷ
458 5460 556 5528 μὲν
602 5460 702 5528 τῆς
735 5463 937 5531 μιαρᾶς
971 5462 1134 5515 αὑτοῦ
1168 5463 1427 5532 κεφαλῆς,
1465 5464 1715 5532 δείγματι
1755 5464 1811 5516 δὲ

256 5556 355 5620 τῆς
404 5553 664 5619 μεγίστης
704 5553 880 5605 αὐτῶν
930 5556 1170 5625 χάριτος.
1224 5556 1383 5622 Μέγα
1417 5556 1596 5609 τοίνυν
1629 5557 1811 5608 στενά-

258 5642 397 5706 ξασα
430 5644 507 5693 ra‘
550 5640 728 5709 βύθιον
757 5644 864 5696 ἀπὸ
907 5644 1003 5713 τῆς
1032 5646 1230 5714 ψυχῆς·
1268 5647 1377 5709 Σοὶ,
1426 5647 1620 5717 Κύριε,
1669 5644 1809 5711 εἶπε,

258 5732 354 5781 καὶ
385 5730 460 5798 τῷ
493 5730 567 5799 σῷ
588 5730 776 5800 ἀεράτῳ
807 5733 943 5784 ἐλέει
966 5735 1058 5785 ἐπὶ
1093 5736 1223 5788 πᾶσι
1246 5735 1454 5799 τούτοις
1484 5736 1806 5806 εὐχαριστῶ.

262 5816 389 5872 Ilia:
430 5825 516 5872 xu!
562 5824 688 5891 πρὶς
724 5824 811 5879 τὸν
840 5825 1031 5879 Γόῖθον
1063 5828 1476 5898 ἑπιστρπιριῖστ,
1522 5825 1655 5895 My:
1708 5838 1807 5892 ool’,

1907 4751 2043 4799 rem,
2063 4751 2183 4805 qua:
2211 4744 2381 4790 matre
2403 4735 2620 4805 quidem
2643 4744 2758 4791 erat
2785 4737 2995 4805 privata
3011 4777 3026 4799 ,
3056 4733 3262 4803 privata
3282 4742 3461 4785 autem

1908 4827 2079 4895 patria
2098 4827 2460 4896 omnibusque
2480 4828 2671 4882 amicis
2690 4836 2746 4881 et
2767 4827 3033 4896 cognatis,
3051 4833 3105 4879 et
3125 4824 3190 4876 ad
3213 4824 3360 4877 illius
3377 4838 3464 4875 so-

1906 4922 2011 4977 lam
2028 4920 2325 4991 aspiciebat
2340 4920 2600 4984 animam,
2617 4929 2803 4988 etquae
2821 4918 2989 4986 longas
3009 4916 3153 4970 illius
3171 4914 3285 4983 spei
3304 4912 3459 4966 tal:m

1909 5013 2119 5067 viderat
2134 5011 2377 5066 exitum?
2396 5009 2630 5065 Omnino
2644 5009 2687 5063 si
2706 5023 2814 5063 non
2832 5017 2976 5062 esset
2994 5005 3151 5074 lapis,
3168 5004 3211 5059 si
3232 5018 3337 5057 non
3357 5002 3462 5057 fer—

1910 5118 2053 5165 rum,
2067 5110 2160 5156 aut
2175 5100 2377 5171 aliquid
2392 5099 2537 5155 aliud
2554 5098 2872 5161 inanimum,
2892 5096 2956 5150 iis
2969 5110 3086 5165 qua;
3105 5102 3298 5163 praeter
3310 5107 3460 5161 spem

1917 5192 2249 5252 acciderant.
2271 5190 2473 5245 auditis
2494 5189 2760 5259 perculsa,
2784 5186 3035 5257 protinus
3055 5182 3327 5240 emisisset
3348 5181 3464 5235 ani-

1916 5301 2079 5351 mam;
2094 5284 2187 5340 sed
2205 5299 2321 5339 eam
2333 5280 2729 5337 eonservabant
2745 5276 2931 5333 matris
2950 5274 3464 5343 ﬁdejussores,quos

1916 5372 2005 5425 illa
2022 5388 2049 5425 a
2064 5370 2264 5426 Gottho
2278 5375 2580 5436 acceperat,
2600 5366 2665 5420 ad
2688 5366 2887 5419 malum
2908 5363 3128 5433 quidem
3147 5358 3465 5416 exsccrandi

1916 5462 2032 5531 ejus
2049 5460 2260 5529 capitis,
2278 5459 2342 5513 ad
2364 5456 2751 5513 ostendendam
2772 5464 2949 5509 autem
2973 5452 3257 5507 maximam
3275 5464 3465 5504 eorum

1918 5554 2161 5621 gratiam.
2180 5550 2343 5605 Valde
2358 5564 2487 5619 ergo
2507 5548 2887 5620 ingemiscens,
2904 5556 2955 5599 ct
2973 5542 3249 5611 suspirans
3265 5557 3327 5593 ex
3349 5555 3467 5606 pro-

1918 5641 2086 5695 fundo
2101 5642 2282 5703 cordis
2300 5640 2472 5704 :Tibi,
2491 5639 2733 5703 aiebat,o
2756 5636 3062 5698 Dominc,et
3084 5630 3341 5687 ineﬁabili
3364 5639 3467 5683 tua:

1920 5732 2302 5788 misericordiae
2326 5740 2544 5799 propter
2565 5730 2678 5786 hare
2699 5728 2877 5783 omnia
2904 5741 3003 5797 ago
3021 5725 3241 5795 gratias.
3262 5721 3465 5778 Deinde

1918 5827 2077 5879 etiam
2114 5825 2177 5888 ad
2209 5823 2464 5878 Gctthum
2506 5838 2762 5877 conversa
2793 5838 2804 5876 :
2836 5820 2976 5876 Βριιο
3013 5818 3107 5874 tibi
3145 5816 3229 5877 sit.
3265 5814 3438 5882 inquit
