4226 6418
775 369 872 435 151

1992 378 2270 437 MENSIS
2302 378 2738 439 NOVEMBER.

3871 386 3978 448 152

767 501 910 557 quod
932 505 1056 544 cum
1074 505 1172 543 nos
1194 503 1376 558 posses
1400 490 1584 542 tollere
1601 487 1667 542 de
1690 488 1888 552 medio,
1910 490 2012 542 hoc
2031 490 2147 545 solo
2170 490 2319 544 fuisti
2351 492 2395 551 Α
2427 509 2436 539 ‹

2306 491 2319 543 i
2351 492 2395 551 Α
2427 492 2579 560 φησὶ,
2611 494 2840 560 γένοιτο,
2874 495 2954 548 δτι
2986 495 3081 548 καὶ
3107 497 3401 564 δυνάμενος
3433 499 3580 566 ἡμᾶς
3629 499 3834 553 ἀνελεῖν
3881 505 3970 570 ηρ

767 589 1076 643 contentus,
1092 589 1149 634 ut
1170 595 1253 634 me
1271 594 1480 633 servam
1499 578 1706 633 faceres
1727 594 1823 648 pro
1845 579 2031 633 libera.
2049 579 2318 634 Promissa
2425 598 2436 632 ι

2314 603 2318 630 l
2425 581 2623 651 κέσθης
2650 584 2824 653 τούτῳ
2850 586 3015 655 μόνῳ,
3043 586 3120 654 τῷ
3142 587 3336 655 δούλην
3370 590 3483 641 ἀντ’
3507 590 3795 659 ἐλευθέρας
3819 594 3983 661 ποιήο

768 672 943 737 reipsa
976 669 1311 738 prastitisti;
1345 668 1722 738 jusjurandum
1755 683 1942 722 revera
1968 669 2316 723 confirmasti.

765 759 902 823 Quid
929 776 1058 829 ergo
1088 770 1246 814 restat
1275 759 1445 822 aliud,
1468 761 1570 814 nisi
1597 765 1652 813 ut
1672 760 1894 813 omnino
1926 761 2170 816 invocem
2198 778 2314 832 eos,

767 854 857 919 qui
881 867 940 903 ca
964 867 1082 918 qua:
1112 851 1308 904 fiebant
1339 851 1708 919 inspexerunt,
1738 865 1875 918 quos
1900 861 1954 904 tu
1984 860 2114 907 tunc
2142 854 2318 911 addu-

768 939 890 991 xisti
917 949 1074 992 trstes
1108 938 1176 990 iis
1196 954 1313 1005 qua:
1335 947 1437 990 ate
1459 937 1815 990 dicebantur?
1839 937 1928 992 Eis
1948 939 2114 1004 enim,
2134 951 2189 995 et
2209 957 2315 995 non

767 1029 882 1088 alii,
904 1029 1128 1091 conlisa,
1146 1043 1261 1082 mea
1281 1035 1468 1095 sponte
1487 1026 1743 1080 constitui
1762 1028 1993 1098 disjungi
2012 1045 2041 1082 a
2060 1040 2281 1097 parente
2299 1071 2313 1093 ,

766 1134 885 1171 eam
910 1134 1028 1186 quae
1055 1134 1152 1170 nos
1182 1118 1397 1180 tulerat,
1426 1117 1754 1186 relinquere,
1781 1127 1834 1170 et
1861 1127 1909 1170 te
1937 1119 2107 1171 solum
2136 1123 2312 1188 sequi.

768 1207 890 1260 Ihec
914 1224 1033 1261 cum
1054 1208 1297 1270 dixisset,
1318 1208 1508 1261 anima:
1525 1208 1710 1260 oculos
1726 1209 1789 1259 ad
1814 1207 2008 1260 caelum
2031 1210 2224 1262 tollens
2245 1210 2316 1262 si-

768 1299 879 1352 mul
901 1315 1021 1353 eum
1045 1299 1521 1353 sensilillus:Deus
1545 1308 1752 1365 patrum
1777 1313 2178 1362 meorum,eum
2203 1302 2317 1370 eju-

768 1389 878 1442 latu
905 1389 1117 1442 diccbat
1137 1398 1191 1442 et
1213 1387 1481 1456 lacrymis,
1505 1388 1650 1441 adsis
1671 1389 1800 1442 mihi
1827 1389 2032 1444 misera
2057 1406 2069 1444 :
2095 1401 2149 1443 et
2169 1393 2312 1454 vide,

765 1478 896 1547 quid
918 1478 1018 1531 iste
1041 1477 1260 1547 quidem
1281 1485 1330 1530 te
1352 1487 1486 1531 teste
1502 1491 1557 1531 et
1578 1479 1685 1530 tuis
1706 1479 1905 1532 sanctis
1921 1488 1974 1532 ct
1991 1479 2306 1536 confessori-

765 1570 872 1624 bus
895 1578 978 1624 est
1009 1570 1303 1638 pollicitus,
1334 1570 1462 1637 quid
1495 1578 1670 1621 autem
1700 1585 1844 1621 nunc
1874 1569 2049 1638 reipsa
2085 1569 2232 1635 facit,
2261 1580 2316 1628 et

766 1677 865 1715 nos
891 1662 1061 1716 libera
1087 1661 1153 1714 ab
1184 1661 1250 1713 iis
1273 1661 1447 1722 malis,
1473 1675 1569 1728 pro
1597 1660 1753 1713 nobis
1779 1659 2168 1716 intercessores
2198 1673 2316 1718 tuos

765 1762 979 1807 sanctos
1025 1752 1300 1821 accipiens
1349 1769 1362 1805 :
1408 1752 1665 1820 quoniam
1714 1753 1799 1806 bis
1844 1763 1964 1821 post
1999 1763 2049 1807 te
2093 1755 2312 1816 conﬁsa,

2426 671 2641 726 σασθαι.
2675 673 2788 735 Τὰς
2825 677 3155 742 ἐπαγγελίας
3187 678 3278 729 ἐπὶ
3305 678 3416 730 τῶν
3443 677 3620 746 ἐργων
3654 681 3980 747 ἐξήνεγκας·

2421 762 2544 824 τοὺς
2580 762 2772 831 ὅρκους
2801 763 3089 818 ἐπιστώσω
3115 768 3226 828 τοῖς
3251 768 3558 836 πράγμασι.
3601 769 3665 819 Τί
3705 769 3840 835 δῆτα
3866 772 3982 824 λοι-

2422 851 2520 903 πον
2562 852 2706 920 ἐμοὶ,
2746 853 2777 922 ἢ
2815 856 3054 918 ἐκείνους
3087 859 3302 921 πάντως
3331 859 3561 927 ἐφόρους
3586 863 3696 920 τοῖς
3733 878 3978 929 πραττο-

2424 941 2606 1009 μένοις
2644 943 2941 1010 ἐπικαλεῖν,
2997 945 3091 1009 οὓς
3139 949 3260 1000 τότε
3327 949 3608 1017 μάρτυρας
3649 950 3811 1012 αὐτὸς
3861 953 3980 1013 τοῖς

2420 1032 2569 1101 παρὰ
2620 1035 2714 1088 σοῦ
2749 1035 3059 1106 λεγομένοις
3106 1040 3291 1110 inflat;
3320 1043 3547 1104 ςΑὑτοῖς
3582 1043 3705 1110 γὰρ,
3743 1045 3836 1095 καί
3874 1044 3980 1094 οὐκ

2419 1125 2581 1195 ἄλλῳ,
2634 1127 2975 1198 θαρρήσασα,
3029 1130 3127 1198 τῆς
3184 1131 3444 1201 τεκούσης
3503 1134 3822 1201 διαζυγῆναι
3875 1137 3978 1202 τὴν

2419 1217 2788 1284 ἐνεγκαμένην
2829 1219 3135 1280 ἀπολιπεῖν,
3166 1222 3260 1274 καὶ
3292 1225 3373 1272 σοὶ
3416 1223 3560 1291 μόνῳ
3596 1223 3817 1292 εἱλόμην
3849 1227 3979 1278 ἀκο-

2418 1304 2647 1358 λουθεῖν.
2694 1304 2878 1359 Ταῦτα
2913 1306 3137 1358 εἰποῦσα
3165 1310 3288 1370 τοὺς
3316 1309 3416 1377 τῆς
3455 1311 3630 1380 ψυχῆς
3661 1313 3978 1379 ὀφθαλμοὺς
4013 1342 4034 1356 .

2419 1391 2534 1459 ἅμα
2581 1394 2694 1455 τοῖς
2741 1394 3017 1462 αἰσθητοῖς
3069 1396 3200 1464 πρὸς
3243 1398 3472 1466 οὐρανὸν
3503 1399 3705 1469 ἄρασα,
3742 1404 3800 1454 '0
3838 1403 3978 1466 Θεὸς

2417 1481 2525 1534 τῶν
2549 1485 2803 1553 πατέρων
2837 1502 2962 1554 μου,
3003 1488 3098 1539 σὺν
3125 1491 3393 1554 οἰμωγαῖς
3428 1492 3518 1542 καὶ
3561 1491 3825 1561 δάκρυσιν
3852 1493 3976 1544 ἔλε-

2419 1587 2502 1639 γε,
2538 1575 2847 1644 παράστηθί
2881 1592 2971 1644 μοι
3014 1579 3079 1644 τῇ
3130 1577 3319 1646 ἀθλίῳ,
3361 1581 3453 1631 καλ⁵
3488 1579 3560 1632 ίδε
3607 1583 3658 1632 τί
3687 1582 3786 1649 μὲν
3814 1577 3976 1644 οὗτος

2420 1664 2523 1716 ὑπὸ
2554 1666 2634 1717 σοὶ
2671 1667 2910 1734 μάρτυρι
2949 1666 3043 1720 καὶ
3073 1669 3182 1729 τοῖς
3218 1671 3328 1730 σοῖς
3359 1671 3533 1735 ἁγίοις
3572 1673 3663 1723 καὶ
3699 1673 3974 1742 ὁμολογη-

2419 1755 2543 1816 ταῖς
2590 1755 2989 1824 ἐπηγγείλατο,
3017 1759 3069 1809 τί
3109 1757 3163 1810 δέ
3217 1759 3308 1810 νῦν
3334 1762 3425 1811 ἐπὶ
3454 1761 3562 1813 τῶν
3595 1762 3771 1828 ἔργων
3807 1767 3972 1815 ποιεῖ’

766 1844 1051 1910 praesentia
1083 1844 1192 1896 haec
1222 1843 1359 1896 mala
1391 1841 1653 1896 sustineo.
1680 1841 1813 1896 Cum
1842 1843 1920 1896 sic
1947 1843 2122 1912 puella
2149 1845 2310 1900 tacite
2348 1822 2390 1880 Β
2422 1863 2435 1897 a

2304 1864 2310 1897 ε
2348 1822 2390 1880 Β
2422 1848 2514 1897 καὶ
2545 1846 2650 1898 τῶν
2677 1822 2865 1898 δεινῶν
2891 1848 3093 1900 τούτων
3121 1850 3267 1917 ἡμᾶς
3294 1850 3499 1912 ἐξελοῦ,
3537 1822 3795 1919 πρέσϐεις
3829 1854 3973 1922 ὑπὲρ

769 1934 935 1985 Deum
984 1942 1246 2000 rogasset,
1281 1932 1331 1985 in
1376 1931 1558 1986 Gotthi
1612 1941 1791 1985 autem
1824 1931 1968 1987 mdes
2000 1942 2182 1987 essent
2235 1934 2315 1987 iu-

767 2026 958 2093 gressi,
1008 2025 1302 2093 aspexisset
1351 2038 1478 2078 vero
1525 2024 1643 2094 ejus
1689 2024 1885 2092 conjux
1941 2027 2196 2094 puellam.
2260 2035 2313 2081 et

768 2114 1236 2169 animadvertisset
1301 2115 1419 2183 ejus
1483 2115 1988 2183 pulchritudinem,
2053 2116 2314 2185 zelotypia

771 2217 829 2260 et
879 2205 1188 2275 suspicione
1245 2205 1301 2259 in
1355 2207 1534 2259 animo
1585 2207 1767 2260 statim
1825 2205 2082 2274 repletur.
2144 2205 2315 2274 Rogat

767 2298 949 2367 itaque
983 2298 1256 2362 maritum,
1289 2312 1532 2366 quaenam
1569 2296 1682 2366 ipsa
1711 2305 1874 2359 esset,
1902 2305 1956 2350 et
1989 2295 2132 2349 unde
2165 2305 2307 2350 esset

768 2399 909 2453 orta,
933 2399 986 2442 et
1016 2404 1183 2457 quare
1205 2403 1322 2442 eam
1352 2403 1533 2443 seenm
1564 2403 1709 2441 nunc
1739 2387 1981 2440 duceret.
2011 2387 2100 2440 Ille
2127 2397 2305 2440 autem

768 2495 888 2534 eam
923 2494 1042 2533 esse
1078 2479 1364 2548 captivam,
1407 2479 1476 2532 ab
1519 2477 1715 2532 Edessa
1756 2478 2061 2541 abductam,
2093 2477 2306 2532 ductam

767 2583 897 2623 vero
939 2584 1081 2632 esse,
1134 2579 1191 2622 ut
1236 2569 1287 2622 ei
1330 2569 1587 2632 sertiret,
1638 2569 1933 2636 respondit.
1990 2568 2079 2622 Illa
2124 2577 2304 2622 autem

766 2662 993 2714 formam
1029 2659 1198 2729 magis
1235 2659 1542 2723 attendens,
1586 2673 1748 2729 quam
1773 2661 1889 2729 ejus
1918 2659 2077 2712 verba
2108 2680 2119 2710 :
2152 2658 2302 2728 Ejus,

771 2751 970 2820 inquit,
999 2751 1180 2804 vultus
1211 2765 1549 2819 nequaquam
1581 2766 1701 2805 eam
1728 2749 1900 2820 arguit
1927 2764 2046 2803 esse
2074 2763 2303 2802 serram.

768 2840 1001 2895 Gotthus
1029 2849 1208 2894 autem
1240 2857 1252 2893 ι
1281 2841 1347 2894 Δι
1379 2854 1432 2895 tu
1463 2857 1524 2895 ea
1557 2852 1709 2896 utere
1741 2853 1992 2910 tanquam
2023 2839 2236 2894 ancilla.

2418 1937 2576 2004 ἡμῶν
2624 1938 2748 2000 τοὺς
2804 1938 3083 2009 μάρτυράς
3135 1957 3228 1992 σου
3282 1942 3587 2010 δεχόμενος,
3646 1943 3726 1994 ὅτι
3760 1943 3976 2002 τούτοις

2417 2027 2736 2098 θαρῤήσασα
2770 2031 2906 2098 μετὰ
2935 2031 2991 2082 σὲ
3025 2031 3090 2084 τὰ
3127 2031 3366 2098 παρόντα
3393 2033 3976 2102 ὑφίσταμαι.’ῐόιαῦτα

2415 2117 2514 2186 τῆς
2558 2119 2724 2189 κόρης
2780 2121 2952 2190 ησυχῆ
2999 2121 3094 2173 τοῦ
3126 2121 3261 2174 Θεοῦ
3300 2123 3604 2192 δεηθείσης,
3645 2125 3832 2194 ἐπειδὴ
3879 2127 3975 2176 τὸν

2415 2210 2508 2261 τοῦ
2558 2210 2752 2263 Γότθου
2797 2207 2943 2264 οἷκον
2984 2213 3255 2283 είσῄεσαν,
3311 2215 3343 2282 ὴ
3379 2215 3471 2266 τοῦ
3505 2214 3696 2283 ἀνδρὸς
3737 2215 3973 2279 σύζυγος

2411 2301 2510 2371 τὴν
2537 2301 2705 2372 κόρην
2737 2304 3066 2374 θεασαμένη,
3095 2308 3186 2358 καὶ
3217 2307 3276 2357 τὸ
3308 2305 3502 2369 κάλλος
3541 2301 3650 2358 οἷον
3699 2309 3755 2358 ἐν
3797 2311 3971 2376 ταύτῃ

2413 2393 2812 2462 κατανοήσασα,
2861 2393 3022 2462 ζήλου
3074 2395 3166 2446 καὶ
3218 2394 3468 2457 ὑπονοίας
3518 2396 3825 2462 πίμπλαται
3867 2398 3971 2463 τὴν

2407 2481 2606 2551 ψυχήν.
2639 2481 2801 2535 Ὀθεν
2854 2484 2949 2534 καὶ
3009 2483 3334 2536 ἐπυνθάνετο
3382 2484 3475 2536 τοῦ
3533 2485 3722 2554 ἀνδρὸς
3770 2485 3852 2546 τίς
3905 2502 3966 2536 τε

2408 2571 2546 2639 αῦτη
2574 2572 2660 2638 εἴη
2685 2575 2776 2624 καὶ
2809 2572 2927 2624 ὅθεν
2951 2575 3204 2642 ὁρμᾶται,
3245 2575 3336 2626 καὶ
3368 2575 3451 2641 ἐφ’
3488 2576 3594 2642 ὅτῳ
3629 2576 3747 2641 μεθ’
3771 2575 3966 2627 ἑαυτοῦ

2411 2659 2616 2730 ταότην
2653 2661 2872 2728 ἁγάγει.
2907 2661 2968 2715 ’0
3011 2664 3066 2715 δὲ
3103 2665 3443 2734 αἰχμάλωτόν
3483 2681 3538 2716 τε
3570 2661 3707 2716 εἶναι
3741 2667 3832 2717 καὶ
3869 2667 3968 2734 τῆς

2425 2751 2676 2820 Ἐδέσσης
2711 2753 2982 2823 ἀχθεῖσαν,
3029 2755 3255 2824 ἀγθῆναι
3306 2755 3361 2807 δέ
3414 2756 3497 2822 ἐφ’
3526 2751 3569 2823 ᾧ
3630 2757 3968 2808 δουλεύσειεν

2415 2843 2574 2913 αὐτῇ,
2606 2845 2960 2914 ἁπεκρίνατο.
3004 2845 3072 2898 Ἦ
3111 2845 3187 2910 δὲ,
3221 2849 3283 2915 τῇ
3322 2849 3499 2914 μορφῇ
3535 2846 3731 2914 μᾶλλον
3784 2845 3815 2913 ἢ
3851 2849 3964 2906 τοῖς

767 2935 949 2989 αὑτοῦ·
965 2936 1139 3002 λόγοις
1184 2938 1544 3005 προσέχουσα,
1589 2936 1649 2991 '0
1683 2937 1779 3007 τῆς
1809 2937 2010 3004 ὅψεως,
2059 2937 2211 3006 φησὶ,
2245 2938 2525 3008 χαρακτὴρ
2584 2939 2645 2992 οὑ
2710 2939 2951 2994 δουλείαν
2991 2942 3285 3012 κατηγορεῖ
3327 2940 3422 3010 τῆς
3452 2941 3725 3008 γυναικός.
3793 2939 3902 2991 Καὶ
3937 2937 3967 2987 ό

769 3032 984 3092 Γότθος,
1018 3030 1088 3082 Σὺ
1112 3030 1168 3082 δέ
1201 3031 1334 3084 ἀλλὰ
1367 3032 1564 3100 χρῆσαι
1589 3031 1723 3101 αὐτῇ
1755 3033 1856 3084 ὅσα
1881 3032 1972 3083 καὶ
2003 3031 2241 3084 οἱκέτιδι.

838 3121 953 3175 XX.
981 3119 1189 3175 Exhinc
1218 3120 1398 3190 itaque
1431 3120 1606 3190 puella
1629 3131 1773 3174 metu
1797 3119 1989 3188 agebat
2015 3119 2313 3185 silentium,
2344 3124 2389 3184 ο
2489 3117 2507 3170 Ι

2297 3159 2313 3185 ,
2344 3124 2389 3184 c
2489 3117 2572 3170 K'.
2612 3114 2888 3169 Ἐντεῦθεν
2917 3116 2949 3186 η
2983 3116 3120 3186 κόρη
3170 3117 3379 3186 σιωπήν
3407 3134 3462 3170 τε
3497 3118 3650 3188 ἤσκει
3695 3117 3773 3187 τῷ
3813 3117 3964 3186 φόϐῳ

767 3223 822 3266 et
855 3228 975 3280 quas
1004 3212 1427 3280 imperabantur,
1463 3210 1694 3263 faciebat
1726 3209 1998 3265 ocissime.
2027 3211 2311 3264 Nesciebat

768 3303 934 3365 enim,
969 3301 1225 3370 quidnam
1274 3308 1456 3368 posset
1487 3298 1689 3362 facere,
1723 3302 1865 3368 quod
1893 3314 2012 3353 eam
2057 3299 2312 3353 liberaret

770 3411 798 3446 ιι
848 3393 1004 3448 malis
1050 3390 1428 3460 praseutibus.
1479 3389 1692 3444 Sanctis
1738 3399 1917 3443 autem
1965 3388 2181 3443 assidue
2227 3389 2313 3444 di-

769 3484 923 3536 cebal
953 3481 1004 3535 in
1041 3480 1206 3537 corde
1239 3495 1339 3535 suo
1369 3497 1384 3533 :
1419 3479 1690 3534 Festinate
1716 3480 1784 3533 ad
1816 3480 2074 3534 auxilium
2105 3479 2315 3534 ancilla:

772 3583 985 3634 vestrae,
1032 3587 1064 3625 o
1097 3570 1293 3630 sancti.
1340 3570 1611 3634 festinate,
1660 3585 1836 3639 neque
1882 3571 2129 3626 fraudem
2181 3569 2310 3624 mihi

774 3666 968 3716 factam
995 3661 1276 3731 despicite.
1301 3661 1496 3716 Puella:
1521 3677 1652 3716 vero
1677 3661 1894 3714 domina
1917 3675 2023 3714 non
2052 3661 2310 3729 legitima,

771 3755 826 3807 in
856 3769 971 3807 eam
1013 3763 1158 3807 mota
1204 3751 1487 3821 zelotypia,
1533 3752 1712 3822 puella
1759 3753 1995 3822 graviter
2038 3752 2311 3817 utebatur,

772 3855 827 3899 et
851 3847 898 3900 ei
929 3845 1174 3913 graviora
1202 3858 1366 3911 opera
1398 3843 1720 3911 imperabat,
1752 3843 1976 3912 perinde
2000 3859 2063 3899 ac
2097 3844 2141 3898 si
2171 3844 2312 3898 illius

771 3936 1002 3999 labores,
1037 3933 1250 3988 invidiae
1287 3947 1390 4002 qua
1433 3931 1709 3996 utebatur,
1750 3932 1860 4001 ipsa
1898 3937 2176 4005 proprium
2211 3935 2310 3990 ha.

772 4026 926 4080 beret
969 4023 1239 4080 solatium.
1286 4021 1439 4088 Quod
1485 4032 1664 4075 autem
1693 4034 1808 4077 erat
1855 4027 2096 4080 omnium
2141 4030 2311 4082 maxi-

775 4133 942 4179 mum,
973 4131 1040 4170 ne
1069 4129 1188 4169 eam
1220 4113 1437 4182 quidem
1487 4113 1701 4166 volebat
1751 4115 1972 4184 alloqui.
2020 4117 2310 4188 Postquam

773 4217 956 4262 autem
988 4205 1311 4273 procedente
1358 4214 1598 4275 tempore
1643 4207 1874 4276 puellam
1927 4209 2150 4262 rescivit
2191 4223 2314 4262 esse

773 4296 1071 4364 gravidam,
1099 4294 1375 4363 zelotypia:
1396 4294 1607 4349 flamma
1637 4299 1804 4364 magis
1829 4312 2079 4362 accensa,
2107 4300 2315 4367 gravis-

773 4391 971 4442 simum
1016 4402 1152 4456 opus
1196 4390 1264 4441 ab
1309 4400 1373 4440 ea
1413 4388 1680 4457 exigebat.
1727 4387 1837 4442 Cur
1885 4389 2027 4442 hoc?
2079 4389 2314 4444 Studens

773 4479 961 4534 videre
991 4487 1220 4533 mortem
1256 4480 1469 4550 puellas,
1514 4480 1655 4535 fetus
1697 4479 1834 4534 facta
1866 4478 2169 4534 abortione.
2203 4479 2308 4534 Sed

775 4569 986 4622 invicte
1019 4577 1175 4623 erant
1212 4569 1413 4625 Christi
1449 4570 1613 4632 vires,
1643 4577 1699 4623 et
1727 4582 1913 4623 eorum
1960 4569 2052 4638 qui
2091 4578 2313 4638 propter

773 4659 1052 4714 Christum
1083 4662 1222 4730 passi
1260 4669 1388 4714 sunt
1421 4680 1434 4714 :
1466 4677 1562 4730 per
1589 4677 1724 4730 quas
1757 4661 1931 4730 puella
1959 4671 2014 4715 et
2043 4661 2314 4730 superavit

774 4751 1071 4811 molestias,
1103 4759 1162 4804 et
1196 4753 1391 4805 mansit
1425 4752 1647 4805 minime
1694 4752 1816 4805 laesa
1868 4766 1898 4804 a
1947 4751 2119 4804 malis.
2157 4751 2310 4804 Post-

774 4855 935 4909 quam
979 4847 1159 4893 autem
1199 4840 1428 4895 accessit
1479 4848 1690 4909 tempus
1729 4847 1933 4909 partus,
1972 4839 2113 4907 parit
2145 4838 2312 4893 lilium

775 4929 1096 4992 masculum,
1136 4932 1232 5000 qul
1283 4931 1454 4998 patris
1494 4931 1721 5002 eﬂigiem
1763 4931 1818 4983 in
1865 4930 2044 4998 seipso
2089 4943 2312 4983 conser-

774 5020 956 5082 vabat,
995 5029 1050 5073 et
1085 5029 1203 5074 erat
1230 5019 1430 5075 Gottho
1471 5021 1617 5074 omni
1663 5035 1729 5076 ex
1771 5030 1924 5088 parte
1959 5019 2171 5074 similis.
2202 5017 2314 5074 Hoc

777 5124 900 5162 cum
946 5108 1246 5177 aspexisset
1274 5108 1458 5164 Gotthi
1491 5110 1708 5179 eonjux,
1747 5119 1804 5163 et
1845 5110 2314 5164 animadvertisset

777 5211 938 5266 quam
974 5206 1119 5251 esset
1165 5211 1416 5265 expressa
1463 5198 1782 5264 similitudo,
1826 5198 1964 5253 nihil
2008 5199 2158 5253 aliud
2191 5213 2311 5253 ver-

776 5287 932 5342 sabat
976 5287 1031 5340 in
1077 5287 1279 5348 animo,
1330 5302 1491 5358 quam
1528 5288 1798 5357 quomodo
1847 5304 2076 5360 puerum
2120 5291 2311 5345 interi-

777 5384 984 5440 meret;
1015 5377 1210 5430 marito
1238 5388 1418 5430 autem
1447 5377 1659 5432 dicebat
1690 5396 1702 5430 :
1733 5377 1844 5447 Ego
1875 5379 1970 5433 tibi
2001 5394 2107 5432 non
2137 5379 2314 5434 credi-

776 5467 972 5530 derim,
1011 5465 1152 5536 quod
1194 5482 1316 5521 cum
1363 5467 1538 5537 puella
1581 5481 1688 5521 non
1721 5467 1972 5523 eoiveris.
2006 5467 2137 5544 Nam
2166 5467 2309 5536 quod

777 5573 842 5611 ex
873 5572 937 5611 ea
977 5567 1162 5611 natum
1197 5567 1298 5620 cst,
1336 5568 1542 5624 patrem
1582 5568 1767 5626 aperte
1795 5557 2104 5617 confitetur.
2141 5557 2310 5612 forma

780 5648 1000 5721 perinde
1041 5656 1217 5711 utens,
1247 5663 1310 5702 ac
1349 5648 1552 5716 lingua.
1581 5648 1674 5704 Ille
1700 5662 1829 5703 vero
1865 5648 2163 5703 afllrmahat
2191 5664 2310 5703 eam

780 5753 890 5795 non
921 5752 1106 5794 verum
1141 5737 1356 5806 dicere,
1382 5738 1607 5810 iubebat
1637 5748 1819 5796 autem
1849 5754 1911 5796 ea
1940 5739 2017 5795 uti
2059 5747 2310 5810 tanquam

2414 3208 2508 3260 καὶ
2548 3207 2685 3260 κατὰ
2721 3208 2883 3274 τάχος
2919 3209 3090 3260 ἐποίει
3143 3209 3211 3260 τὰ
3245 3210 3685 3278 προσταττόμενα
3709 3226 3720 3238 ·
3752 3211 3811 3262 οὐ
3853 3210 3961 3277 γὰρ

2415 3294 2556 3366 εἶχεν
2587 3300 2614 3350 ὅ
2641 3315 2691 3351 τι
2723 3300 2815 3350 καὶ
2838 3297 3076 3366 δράσειε,
3117 3299 3223 3351 τῶν
3251 3301 3532 3367 παρόντων
3572 3301 3740 3368 αὐτὴν
3775 3302 3966 3352 κακῶν

2415 3386 2709 3456 δυνάμενον
2733 3386 3057 3452 ἀπαλλάξαι.
3091 3388 3231 3457 Πρὸς
3261 3389 3318 3440 δέ
3357 3391 3478 3452 τοὺς
3511 3389 3694 3456 ἁγίους
3729 3391 3965 3442 διαπαν-

2414 3478 2502 3538 τὸς
2529 3479 2585 3529 ἐν
2611 3480 2677 3547 τῇ
2718 3477 2911 3546 καρδία
2941 3477 3109 3546 αὐτῆς
3137 3478 3286 3546 ἔλεγε
3324 3495 3337 3509 ’
3372 3480 3649 3531 Σπεύσατε
3680 3480 3814 3548 πρὸς
3864 3482 3965 3547 τὴν

2417 3567 2669 3637 βοήθειαν
2699 3568 2795 3636 τῆς
2816 3567 3007 3636 δούλης
3041 3568 3213 3638 ὑμῶν,
3259 3569 3426 3634 ἅγιοι,
3469 3569 3740 3622 σπεύσατε
3763 3587 3775 3600 ·
3827 3573 3965 3639 μηδὲ

2411 3660 2504 3711 τὸν
2551 3657 2672 3711 κατ’
2698 3658 2832 3728 ἐμοῦ
2864 3658 3116 3729 παρίδητε
3143 3659 3311 3714 δόλον.
3347 3658 3413 3711 Ἥ
3457 3659 3512 3711 δὲ
3543 3661 3636 3727 τῆς
3677 3661 3844 3729 κόρης
3888 3661 3964 3729 μὴ

2413 3747 2554 3799 κατὰ
2586 3748 2784 3814 νόμους
2835 3750 2997 3816 κυρία
3030 3747 3341 3815 ζηλοτύπως
3374 3749 3570 3817 ἔχουσα
3621 3752 3755 3818 πρὸς
3792 3753 3964 3820 αὐτὴν

2416 3838 2624 3909 βαρέως
2651 3857 2708 3892 τε
2733 3841 2800 3908 τῇ
2826 3840 2960 3909 κόρῃ
2992 3841 3208 3909 ἐχρῆτο,
3241 3842 3330 3893 καὶ
3364 3842 3666 3911 βαρυτέρας
3695 3844 3827 3912 αὐτῇ
3863 3849 3965 3907 τὰς

2412 3929 2674 3998 ἐργασίας
2721 3929 3030 3990 ἐπέταττεν,
3088 3928 3274 3997 ὥσπερ
3323 3932 3448 3992 τοὺς
3495 3932 3709 4001 ἐκείνης
3765 3934 3961 3995 πόνους

2412 4015 2503 4068 τοῦ
2533 4018 2734 4085 ταύτην
2766 4017 3101 4080 διακαίοντος
3132 4018 3326 4086 φθόνου
3357 4019 3486 4072 ἴδιον
3523 4023 3657 4090 αὐτῇ
3699 4025 3959 4092 παραμύ-

2414 4107 2527 4162 θιον
2559 4109 2776 4177 ἔχουσα.
2819 4109 2891 4161 Τὸ
2926 4109 2982 4161 δέ
3016 4126 3076 4177 γε
3111 4110 3296 4178 μεῖξον
3320 4111 3491 4164 δεινὸν
3517 4113 3597 4164 ὅτι
3627 4115 3760 4182 μηδὲ
3800 4115 3960 4180 λόγου

2414 4205 2549 4274 αὐτῇ
2587 4205 2861 4257 κοινωνεῖν
2904 4203 3077 4273 ηξίου.
3124 4205 3277 4258 Ἐπεὶ
3311 4205 3367 4259 δέ
3415 4209 3507 4260 καὶ
3535 4211 3853 4277 ἐγκυμονεῖν
3883 4209 3962 4277 τῷ

2413 4296 2587 4364 χρόνῳ
2635 4295 2733 4364 τὴν
2785 4295 2952 4364 κόρην
2996 4296 3283 4364 ἐμάνθανε,
3331 4298 3430 4367 τὴν
3480 4299 3577 4367 τῆς
3629 4297 3962 4367 ζηλοτυπίας

2416 4387 2587 4454 φλόγα
2634 4386 2889 4438 ἐπιπλέον
2944 4386 3258 4439 ἐκκαύσασα
3317 4387 3620 4457 βαρυτάτην
3675 4388 3733 4451 ἐξ
3786 4389 3960 4456 αὐτῆς

2411 4481 2607 4551 ἀπῄτει
2635 4479 2732 4548 τὴν
2761 4478 3042 4547 ἐργασίαν.
3073 4479 3136 4532 Τί
3167 4480 3354 4544 τοῦτο;
3394 4481 3762 4545 σπουδάζουσα
3796 4483 3961 4535 θανα-

2415 4584 2505 4620 τον
2549 4569 2643 4637 τῆς
2697 4569 2862 4637 κόρης
2901 4568 3028 4620 ἰδεῖν
3064 4567 3429 4637 ἐκτρωοέντος
3483 4569 3620 4636 αὐτῇ
3683 4571 3756 4638 μη
3817 4570 3960 4622 κατὰ

2417 4661 2604 4729 καιρὸν
2637 4660 2728 4711 τοῦ
2757 4659 3018 4728 ἐμϐρύου.
3060 4659 3195 4711 Ἀλλ’
3224 4660 3255 4728 ἡ
3284 4658 3375 4711 τοῦ
3422 4660 3676 4729 Χριστοῦ,
3708 4664 3802 4713 καὶ
3851 4663 3959 4713 τῶν

2414 4747 2500 4801 διὰ
2552 4748 2784 4817 Χριστὸν
2839 4747 3114 4799 παθόντων
3164 4748 3314 4814 ίσχὺς
3378 4747 3585 4815 ἄμαχος
3633 4743 3722 4817 ἦν,
3775 4749 3843 4800 δι’
3890 4747 3960 4820 ἧς

2415 4840 2672 4908 κρείττων
2699 4855 2754 4892 τε
2779 4840 2812 4907 ἡ
2847 4839 2981 4908 κόρη
3007 4838 3113 4890 τῶν
3157 4839 3440 4903 ἀλγεινῶν,
3481 4843 3574 4891 καὶ
3609 4840 3821 4912 ἀπαθὴς
3853 4859 3954 4895 κα-

2415 4929 2525 4981 κῶν
2569 4927 2778 4998 Ιμενεν.
2819 4929 2970 4980 Ἐπεὶ
3012 4928 3066 4981 δέ
3109 4929 3138 4979 ό
3191 4927 3297 4980 τῶν
3325 4928 3526 4980 ὠδίνων
3575 4931 3712 4999 αὐτῇ
3753 4933 3954 5002 ἐπέστη

2415 5017 2620 5088 καιρὸς,
2642 5018 2811 5070 τίκτει
2842 5016 3051 5069 παιδίον
3077 5017 3265 5086 ἄρρεν,
3300 5017 3392 5068 τὸν
3423 5019 3746 5086 χαρακτῆρά
3774 5036 3828 5071 τε
3859 5025 3954 5072 του

2416 5107 2618 5178 πατρὸς
2647 5107 2731 5174 ἐφ’
2761 5104 2951 5159 ἐαυτοῦ
2977 5103 3238 5167 δισσῶζον
3263 5107 3352 5157 καὶ⁵
3374 5106 3453 5173 τῷ
3481 5105 3665 5175 Γὸτθῳ
3685 5106 3753 5158 τὰ
3779 5107 3956 5159 πάντα

2414 5198 2746 5267 προσεοικός.
2792 5195 2964 5266 ’Τοῦτο
3012 5196 3043 5264 ἠ
3090 5194 3182 5246 τοῦ
3232 5196 3426 5248 Γότθου
3476 5196 3706 5262 σύζυγος
3757 5197 3954 5250 θεασα-

2416 5288 2585 5356 μένη,
2636 5289 2729 5338 καὶ
2761 5284 2926 5352 αὐτὴν
2986 5285 3284 5352 ἐννοήσασα
3340 5287 3438 5352 τῆς
3496 5287 3810 5355 ὁμοιότητος
3853 5288 3953 5358 την

2413 5375 2720 5444 ἀκρίϐειαν,
2747 5373 2897 5425 οῦδέν
2925 5368 2992 5435 ἦν
3023 5372 3206 5440 ἕτερον
3239 5373 3543 5440 στρέφουσα
3572 5378 3710 5428 κατὰ
3736 5377 3858 5430 νοῦν
3912 5379 3946 5448 ἢ

2413 5465 2556 5526 ὅπως
2586 5465 2645 5517 τὸ
2675 5463 2884 5515 παιδίον
2909 5463 3092 5532 ἀνέλῃ.
3127 5462 3265 5530 Πρὸς
3306 5463 3362 5515 δὲ
3390 5465 3478 5516 τὸν
3503 5467 3688 5533 ἄνδρα,
3737 5469 3849 5521 Οὐκ
3883 5470 3952 5522 ἂν

2415 5558 2520 5624 ἐγὼ
2565 5573 2647 5609 σοι
2693 5556 3065 5623 πιστεύσαιμι,
3103 5554 3228 5622 ἔφη,
3259 5558 3324 5623 τῇ
3359 5555 3493 5625 κόρῃ
3524 5574 3596 5625 μη
3653 5561 3946 5616 συνελθεῖν·

2412 5649 2473 5702 τδ
2519 5648 2625 5720 γὰρ
2670 5645 2730 5711 ἐξ
2775 5646 2941 5714 αὐτῆς
2965 5643 3152 5713 τεχθέν
3181 5645 3364 5712 σαφῶς
3386 5645 3688 5715 διομολογεῖ
3717 5650 3806 5703 τὸν
3844 5669 3948 5704 πα·

2415 5740 2566 5810 τέρα,
2599 5739 2845 5808 καθάπερ
2883 5738 3112 5806 γλώττῃ.
3145 5741 3211 5804 τῇ
3248 5739 3424 5806 μορφῇ
3461 5738 3754 5807 κρύψε-ιον.
3799 5742 3855 5792 ὐ
3891 5741 3947 5793 δὲ
