4226 6418
228 355 328 418 153

221 558 295 618 ὡς
346 556 508 625 δούλῃ
539 557 861 626 κεχρῆσθαι,
894 558 1063 611 Τοῦτό
1094 575 1152 612 σε
1189 554 1540 624 πιστώσεται,
1579 562 1773 627 λέγων,

224 647 498 715 μηδέποτε
546 648 716 719 ταύτῃ
775 648 1049 702 συνελθεῖν
1090 652 1210 719 ὲμέ.
1264 652 1397 704 Οὐδὲ
1442 653 1547 718 γὰρ
1593 652 1658 705 άν
1694 669 1775 704 σοι

222 739 443 801 πάντως
491 740 570 799 είς
622 738 871 804 ἐξουσίαν
908 739 1079 804 οὕτως
1136 742 1377 797 ἐδέδοτοο
1413 744 1640 814 κιρνῶςι
1668 746 1774 814 γὰρ

220 828 428 896 φιλίας,
459 829 518 881 οὐ
548 829 820 883 διιστῶσιν
849 832 895 882 οί
928 831 1147 900 ἔρωτες.

290 919 423 973 KA'.
466 921 597 971 Τότε
632 921 809 973 τοίνυν
834 925 860 974 δ
896 924 956 975 ἑκ
998 924 1193 976 πολλοῦ
1224 925 1301 993 τῷ
1327 926 1652 996 ἀνθρωπείῳ
1684 927 1775 994 γέο

218 1029 299 1064 νει
337 1012 609 1080 πολέμιος,
641 1018 739 1082 τὴν
771 1015 862 1067 τοῦ
892 1016 1085 1070 Γότθου
1118 1017 1347 1084 σύζυγον
1390 1019 1652 1081 ὑπελθὼν,
1693 1021 1775 1083 ἐξ·

219 1103 388 1169 ἐμηνε
420 1103 556 1154 κατὰ
591 1104 681 1156 τοῦ
712 1107 919 1167 παιδὸς.
953 1108 1042 1159 καὶ
1068 1108 1154 1159 διά
1193 1108 1349 1159 τοῦτο
1378 1110 1540 1161 πόνον
1564 1127 1621 1160 τε
1649 1127 1774 1160 συν-

218 1192 518 1259 ελάμϐανε,
544 1195 636 1245 καὶ
676 1196 904 1263 ἀνομίαν
934 1198 1214 1261 ἀπέτικτε,
1244 1200 1336 1251 καί
1370 1217 1420 1251 τι
1448 1200 1772 1271 δηλητήριον

218 1282 324 1331 ὑπὸ
348 1283 545 1333 κόλπον
571 1283 739 1351 αὐτῆς
771 1287 1035 1356 ἐνθεμένη
1069 1288 1165 1358 τὴν
1196 1289 1293 1356 μὶν
1322 1289 1413 1342 τοῦ
1447 1290 1633 1352 παιδος
1672 1308 1774 1359 μη-

214 1373 351 1439 τέρα
395 1373 534 1424 κατά
567 1389 685 1424 τινα
722 1374 881 1443 δῆθεν
912 1378 1105 1444 χρείαν
1135 1379 1230 1442 τῆς
1259 1380 1437 1441 οίκίας
1466 1382 1769 1449 ἐμπέμπει.

217 1464 327 1513 Καὶ.
362 1465 390 1530 ἡ
428 1464 527 1529 μὲν
556 1465 754 1528 ἔξεισιν
795 1467 990 1521 ἀνῦσαι
1018 1469 1079 1520 τὸ
1114 1472 1452 1540 προσταχθέν
1477 1489 1491 1503 ο
1532 1476 1562 1542 ἡ
1613 1474 1667 1526 δὲ
1700 1474 1772 1543 τῷ

216 1553 308 1603 τοῦ
360 1554 549 1615 παιδὸς
607 1555 833 1623 στόματι
887 1558 1143 1626 ἐμὸάλλει
1196 1560 1256 1612 τὸ
1296 1561 1637 1632 δηλητήριον,
1682 1568 1771 1617 καὶ

212 1645 294 1710 τῷ
326 1645 633 1714 δηλητηρὶῳ
678 1646 903 1710 θάνατος
947 1650 1106 1714 εὐθὺς
1154 1652 1455 1721 ἠκολούθει.
1513 1654 1769 1711 Ἐπανελ-

1097 364 1557 425 ΜᾹΗΤΥΗΙΗΜ
1593 365 1651 423 S.
1695 364 1958 423 GURHI
1994 366 2090 424 ET
2127 363 2533 426 SOCIORUM.

228 470 302 535 μὴ
327 466 499 535 ἀληθῆ
525 466 701 532 λέγειν
726 466 899 537 αὐτὴν
938 470 1267 538 ἰσχυρίζετο·
1310 472 1677 547 προετρέπετο
1709 470 1764 523 δὲ
1798 474 1836 528 Α
1867 488 1895 526 a

654 484 701 519 ιν
726 466 899 537 αὐτὴν
938 470 1267 538 ἰσχυρίζετο·
1310 472 1677 547 προετρέπετο
1709 470 1764 523 δὲ
1798 474 1836 528 Α
1867 469 2083 538 ancilla,
2130 473 2320 528 dicens

3328 364 3426 429 ibi

2368 492 2381 527 :
2430 476 2541 527 Hoc
2592 472 2755 528 fidem
2800 474 2981 537 faciat,
3016 490 3100 529 me
3147 494 3423 548 nunquam

1877 580 1998 618 cum
2037 582 2100 620 ea
2142 582 2261 621 esse
2303 581 2669 632 congressum.
2713 566 2898 637 Neque
2933 571 3076 623 enim
3119 586 3147 623 a
3194 588 3277 626 me
3319 590 3421 628 un-

1876 670 2035 725 quam
2065 656 2287 708 omnino
2319 658 2372 708 in
2407 666 2549 708 tuam
2597 656 2792 709 tradita
2841 655 3027 711 fuisset
3074 668 3418 726 potestatem.

1874 747 2155 800 Amicitias
2194 746 2339 799 enim
2384 747 2717 815 conjungunt
2764 762 3001 807 amores,
3051 764 3157 802 non
3208 752 3421 821 disjun-

1874 848 2023 906 sunt.

1946 929 2083 981 XXI.
2140 929 2291 981 Tunc
2340 938 2517 983 autem
2568 930 2658 998 qui
2715 930 2873 992 longo
2929 930 3126 984 abhinc
3181 940 3422 999 tempore

1878 1018 2115 1072 humano
2160 1020 2344 1087 generi
2389 1031 2472 1073 est
2517 1022 2790 1078 inimicus.
2824 1019 3005 1073 Gottbi
3049 1038 3267 1076 uxorem
3300 1024 3425 1075 sub—

1876 1111 2011 1170 iens,
2046 1125 2163 1161 eam
2210 1110 2466 1162 adversus
2500 1111 2753 1163 infantem
2797 1112 2977 1164 furore
3020 1115 3330 1177 concitavit,
3369 1123 3425 1167 et

1875 1211 2157 1270 propterea
2182 1204 2430 1270 concepit
2453 1202 2711 1263 laborem,
2738 1211 2792 1254 et
2820 1206 3033 1270 peperit
3059 1205 3421 1272 iniquitatem,

1872 1304 2069 1346 etcum
2118 1291 2390 1360 quoddam
2442 1307 2711 1346 venenum
2761 1292 2813 1345 in
2862 1294 3037 1346 sinum
3088 1295 3422 1357 immisisset,

1874 1384 2026 1454 pueri
2074 1384 2292 1453 quidem
2332 1393 2558 1437 matrem
2607 1385 2813 1438 emittit
2860 1384 2925 1436 ad
2981 1385 3285 1439 faciendum
3324 1388 3422 1439 ali-

1872 1475 2034 1544 quid,
2086 1476 2229 1543 quod
2281 1484 2398 1527 erat
2446 1490 2598 1541 opus.
2650 1476 2716 1529 Et
2770 1492 2833 1529 ea
2878 1477 3097 1545 quidem
3132 1478 3423 1544 egreditur

1872 1566 1937 1619 ad
1970 1567 2375 1633 exsequendum
2435 1567 2485 1618 id
2521 1566 2663 1633 quod
2713 1568 2889 1620 fuerat
2942 1569 3296 1635 imperatum;
3334 1570 3419 1621 illa

1872 1667 2050 1711 autem
2086 1674 2354 1711 venenum
2394 1659 2633 1711 immittit
2678 1660 2729 1710 in
2764 1673 2825 1710 os
2862 1660 3035 1725 pueri,
3069 1668 3124 1711 et
3153 1676 3419 1711 venenum

214 1734 389 1847 θοῦσα
417 1737 592 1847 ἰοίνυν
624 1739 740 1839 μετ’
779 1739 958 1806 ὀλίγον
1002 1743 1033 1812 ή
1065 1745 1269 1814 μήτηρ,
1299 1747 1391 1801 καὶ
1440 1751 1631 1817 νεκρὸν
1676 1751 1772 1818 μὲν
1800 1789 1845 1847 Β
1875 1765 1883 1800 l

1751 1770 1772 1801 ν
1800 1789 1845 1847 Β
1875 1764 2022 1801 mors
2050 1749 2230 1802 statim
2256 1758 2337 1802 est
2371 1764 2683 1802 consecuta.
2710 1748 2874 1801 l’aulo
2900 1760 3023 1817 post
3047 1765 3178 1817 ergo
3210 1765 3420 1802 reversa

211 1828 274 1876 τὸ
316 1827 528 1879 παιδίον
559 1828 819 1897 εὑροῦσα,
850 1835 1277 1902 περικεχυμένον
1308 1836 1363 1889 δὲ
1397 1840 1509 1900 τοῖς
1532 1841 1768 1905 χείλεσιν

210 1917 425 1969 ἐκείνου
458 1918 516 1968 τὸ
544 1918 893 1987 δηλητήριον,
928 1921 1225 1989 πλήττεται
1264 1926 1363 1992 μὲν
1391 1928 1488 1994 τὴν
1521 1930 1765 1997 καρδίαν,

212 2013 307 2059 καὶ
360 2010 558 2076 πάσχει
606 2013 705 2079 τὴν
749 2010 925 2081 ψυχὴν
977 2014 1238 2084 ἰσχυρῶς·
1274 2016 1504 2085 κρύπτει
1536 2021 1589 2074 δὲ
1622 2023 1769 2089 ὅμως

210 2100 271 2149 τὸ
308 2099 472 2160 πάθος
511 2100 568 2151 ἂν
600 2103 919 2171 ἀπορρήτῳ,
948 2104 1007 2156 τὸ
1049 2105 1145 2174 μὲν
1177 2105 1251 2167 ὡς
1288 2110 1471 2177 μήτηρ
1498 2112 1766 2177 παθοῦσα,

214 2190 271 2239 τὸ
310 2192 367 2241 δὲ
417 2192 490 2253 ὡς
524 2194 780 2263 νουνελὴς
834 2195 1133 2260 φυλάξασα.
1192 2196 1324 2253 Εἶτα
1367 2200 1556 2254 κώδιον
1610 2205 1772 2272 ἐρέας

213 2280 479 2344 λαδοῦσα,
511 2286 602 2335 καὶ
631 2285 689 2335 τὸ
722 2286 895 2355 στόμα
926 2288 1018 2340 τοῦ
1053 2288 1286 2358 βρέφους
1315 2292 1597 2360 ἐκμάξασα
1633 2298 1770 2365 παρ’

212 2373 381 2442 ἑαυτῇ
417 2379 634 2443 κατεῖχε
677 2377 736 2429 τὸ
767 2378 936 2446 ἔριον,
972 2380 1176 2445 γνῶναι
1202 2382 1291 2435 διὰ
1325 2386 1420 2453 τῆς
1452 2387 1647 2454 πείρας
1677 2389 1771 2438 τάο

212 2458 377 2524 λτιθὲς
426 2460 747 2533 βουλομένη.
796 2465 946 2517 Μετὰ
985 2466 1115 2533 γοῦν
1164 2471 1377 2540 ἡμέρας
1428 2474 1615 2538 ὀλίγας
1662 2476 1771 2527 τῶν

212 2549 387 2613 φίλων
419 2556 512 2602 καὶ
548 2555 824 2619 συγγενῶν
854 2572 1002 2616 τινας
1048 2558 1141 2610 ἀπὶ
1194 2560 1409 2615 δεῖπνον
1448 2565 1539 2616 τοῦ
1575 2565 1769 2617 Γὸτθου

214 2642 649 2707 παραλαόόντο·,
688 2646 925 2711 ἁρπάζει
967 2650 1057 2701 τὸν
1110 2653 1299 2721 καιρὸν
1330 2658 1360 2723 ἡ
1392 2656 1527 2723 κόρη
1564 2657 1654 2709 καὶ
1705 2660 1769 2728 τῇ

218 2732 402 2785 κύλικι
434 2738 792 2791 ἐναποπλύνει
821 2741 880 2791 τὸ
908 2740 1079 2809 ἔριον,
1117 2747 1206 2796 τοῦ
1245 2746 1441 2799 Γότθου
1481 2750 1542 2801 τὸ
1582 2754 1645 2820 τῇ
1675 2771 1770 2819 γυ-

217 2827 368 2875 νσλκ).
421 2825 728 2891 ἀναδίδωσι,
790 2830 1062 2899 τάληθὲς,
1120 2832 1307 2905 ὥσπερ
1364 2837 1519 2907 ἔφην,
1583 2842 1772 2909 μαθεῖν

215 2914 517 2985 βουλομένη
549 2918 655 2969 είτε
688 2923 963 2992 φαρμάκῳ
995 2924 1084 2975 τὸν
1118 2926 1282 2979 παῖδα
1316 2929 1617 3000 ἐζημιώθη,
1662 2935 1771 2985 εἴτε

217 3008 310 3059 καὶ
340 3010 534 3077 καιρίῳ
564 3010 778 3082 Θανάτῳ
812 3014 1001 3066 τοῦτον
1028 3015 1324 3073 manu.
1362 3021 1519 3089 ᾯετο
1548 3024 1644 3090 μὲν
1667 3026 1772 3093 γάρ

1874 1849 2066 1903 mater,
2096 1854 2218 1893 cum
2255 1841 2511 1892 infantem
2546 1839 2766 1907 quidem
2801 1840 3091 1892 invenisset
3124 1849 3419 1903 mortuum,

1872 1930 2018 1985 illius
2056 1946 2180 1984 vero
2211 1930 2381 1984 labris
2416 1930 2651 1983 infusum
2700 1946 2989 1992 venenum,
3019 1932 3071 1982 in
3104 1931 3266 1983 corde
3302 1932 3421 1998 qui-

1871 2024 1992 2077 dem
2019 2023 2311 2084 sauciatur,
2346 2032 2400 2076 et
2434 2024 2581 2091 gravi
2612 2023 2777 2075 animi
2805 2023 2991 2075 dolore
3017 2023 3264 2077 afficitur.
3295 2038 3419 2074 eum

1875 2123 2053 2167 tamen
2104 2115 2263 2173 celat,
2308 2124 2364 2166 et
2410 2122 2555 2166 tenet
2604 2113 2655 2164 in
2702 2113 2884 2165 abdito
2922 2113 3155 2165 :dolore
3200 2112 3420 2180 quidmn

1871 2205 2082 2267 affecta,
2115 2214 2172 2257 ut
2204 2214 2397 2264 mater,
2440 2214 2707 2256 secretum
2741 2213 2921 2255 autem
2962 2212 3170 2259 tenens.
3201 2209 3259 2253 ut
3299 2217 3427 2268 pru-

1871 2297 2005 2350 dens
2029 2306 2083 2349 et
2120 2295 2360 2348 cordata.
2389 2293 2593 2347 Deinde
2633 2308 2754 2345 cum
2786 2293 2955 2345 vellus
2997 2291 3337 2358 sumpsisset.
3369 2298 3423 2342 et

1870 2406 1930 2443 os
1976 2388 2197 2441 infantis
2226 2388 2592 2442 abstersisset.
2636 2386 2815 2437 lanam
2867 2384 3008 2450 apud
3052 2399 3108 2436 se
3163 2382 3419 2441 detinuit,

1871 2479 2203 2544 experientia
2258 2478 2446 2530 volens
2494 2478 2633 2530 scire
2682 2477 2987 2528 veritatem.
3040 2475 3231 2527 Paucis
3274 2482 3421 2525 certe

1872 2582 1990 2641 post
2030 2571 2256 2633 diebus,
2306 2583 2429 2622 cum
2475 2584 2538 2620 ex
2584 2568 2771 2619 amicis
2818 2576 2873 2619 et
2912 2567 3156 2633 cognatis
3188 2562 3423 2617 GUllllllS

1872 2663 2152 2716 invitasset
2194 2661 2426 2728 aliquos,
2481 2659 2655 2727 puella
2706 2657 2898 2723 arripit
2945 2658 3321 2714 occasionem,
3368 2665 3422 2708 et

1871 2754 2047 2807 lanam
2096 2752 2318 2819 intingit
2366 2752 2421 2803 in
2465 2752 2651 2809 calice.
2700 2761 2755 2803 et
2798 2750 2981 2803 Gottlii
3034 2748 3193 2801 tradit
3242 2747 3421 2804 uxori,

1872 2844 2077 2907 volens,
2107 2852 2166 2895 ut
2198 2843 2327 2905 dixi,
2364 2857 2551 2894 verum
2589 2842 2749 2902 scire,
2778 2854 3059 2893 venenone
3110 2842 3320 2906 privata
3353 2839 3423 2890 sit

1874 2934 2097 2996 infante,
2147 2949 2211 2987 an
2258 2934 2533 2986 communi
2585 2941 2757 2985 morte
2805 2947 2927 2984 eum
2975 2930 3240 2986 amiserit.
3290 2929 3421 2981 Nam

1872 3024 2213 3078 existimabat
2256 3025 2497 3092 quidem,
2544 3024 2686 3091 quod
2735 3024 2778 3075 si
2824 3032 2986 3090 epoto
3028 3022 3423 3075 medicamento

216 3098 314 3161 ὡς,
372 3101 417 3150 εὶ
472 3100 670 3153 πιοῦσα
718 3103 809 3155 τοῦ
848 3108 1139 3174 φαρμάκου
1189 3109 1366 3178 ζήσοι,
1420 3110 1642 3179 εὔδηλον
1691 3116 1773 3167 ὅτι
1802 3113 1885 3171 Ct

1759 3134 1773 3167 t
1802 3113 1843 3171 C
1877 3119 2123 3182 vixisset,
2151 3118 2376 3171 evidens
2409 3127 2571 3180 esset,
2599 3116 2743 3185 quod
2774 3130 2872 3169 nec
2902 3114 3044 3167 filius
3079 3116 3196 3182 ejus
3235 3114 3423 3166 fuisset

222 3187 359 3255 μηδὲ
386 3190 411 3239 ὁ
443 3192 568 3251 παῖς
603 3195 875 3262 φαρμάκῳ
902 3195 1160 3265 ἀνῄρητο”
1196 3200 1245 3249 εί
1283 3199 1339 3251 δὲ
1370 3200 1462 3253 καὶ
1488 3203 1645 3254 τοῦτο
1676 3205 1773 3254 αὖε

218 3280 319 3346 τὴν
353 3281 549 3342 ἀνελοι,
584 3284 759 3335 ἐκεῖνο
795 3286 1042 3338 πείσεται
1072 3287 1308 3353 πάντως,
1348 3290 1484 3357 ὅπερ
1517 3293 1653 3362 αὐτὴ
1686 3293 1772 3346 δέ·

222 3370 445 3435 δρακεν.
490 3371 644 3422 Ἐπεὶ
685 3368 777 3424 οὖν
815 3375 845 3442 ἡ
878 3374 970 3425 τοῦ
1010 3376 1206 3431 Γότθου
1242 3381 1380 3449 γυνὴ
1416 3363 1771 3451 μηδὲνπονη-

224 3462 319 3529 ρον
377 3462 593 3531 ὑφεώρα
633 3465 765 3531 μηδὲ
799 3464 1087 3519 ὑπώπτευε
1128 3469 1419 3539 δεξαμένη,
1479 3473 1622 3525 πίνει
1679 3476 1776 3544 τὴν

223 3554 444 3616 κύλικα,
479 3557 573 3606 καὶ
600 3557 761 3618 εὐθὺς
795 3559 1127 3627 ἐπέστρεφεν
1154 3561 1182 3611 ὁ
1217 3562 1375 3625 πόνος
1400 3566 1480 3625 είς
1511 3567 1771 3635 κεφαλὴν,

223 3645 323 3696 καὶ
377 3648 467 3697 ἐπὶ
521 3648 764 3716 κορυφὴν
811 3652 840 3716 ἡ
896 3642 1292 3721 ἀδικία“αὺτῆς
1324 3654 1662 3721 κατέϐαινεν,
1698 3660 1773 3719 εἰς

222 3737 419 3805 βόθρον
466 3755 525 3788 τε
579 3740 865 3791 ἐνέπιπτεν
898 3741 958 3791 ὃν
992 3743 1307 3809 εξργάσατο,
1357 3748 1450 3796 καὶ
1499 3748 1555 3798 ἑν
1592 3748 1775 3813 παγίδι

225 3823 258 3897 ᾗ
296 3828 497 3894 ἔκρυψε
539 3827 763 3889 δικαίως
801 3829 1253 3897 ουνελαμδάνετο.
1286 3832 1503 3886 Ἔκειτο
1545 3836 1642 3903 μὲν
1687 3837 1777 3888 οὖν

224 3920 461 3986 ἐκταδην
512 3921 715 3987 νεκρὰ,
761 3922 883 3979 τοὺς
930 3924 1169 3988 καρποὺς
1216 3924 1396 3986 ἀξίους
1442 3926 1548 3976 τῶν
1606 3928 1778 3979 πόνων

225 4011 594 4079 κομισαμένη·
635 4012 840 4079 ἀθυμία
870 4012 925 4064 δὲ
956 4013 1046 4065 τὸν
1078 4014 1292 4081 Γὸτθον,
1320 4018 1444 4079 τοὺς
1476 4022 1778 4085 προσήκον-

224 4119 347 4161 τας.
392 4104 517 4160 τοὺς
566 4101 901 4169 ἐπιτηδείους
950 4105 1197 4171 κατεῖχεν
1223 4120 1234 4132 ·
1269 4104 1386 4155 ὅλον
1419 4106 1656 4174 έπλήρου
1688 4109 1779 4158 τὸν

224 4188 376 4246 οἷκον
429 4192 611 4257 ἀηδία,
653 4193 944 4261 στυγνότης
978 4234 993 4258 ,
1051 4196 1318 4262 κατήφεια
1365 4197 1454 4247 ἰπὶ
1498 4200 1562 4265 τῇ
1615 4198 1779 4268 ἀώρῳ

225 4288 403 4354 ταύτῃ
445 4283 546 4351 τῆς
599 4286 853 4350 γυναικὸς
884 4286 1126 4355 τελευτῇ.
1174 4286 1310 4338 Ἀλλ’
1331 4288 1478 4355 ὅμως
1518 4292 1610 4340 καὶ
1652 4290 1781 4360 θρη-

227 4381 404 4429 νεῖται
456 4377 782 4444 παράὑτῶν
827 4378 893 4429 τὰ
926 4373 1145 4439 εἰκότα,
1181 4380 1358 4447 ταφῆς
1408 4396 1465 4431 τε
1526 4381 1779 4450 λαμπρᾶς

227 4467 497 4531 ἀξιοῦται,
529 4468 620 4519 καὶ
655 4467 959 4529 πολυτελῶς
985 4468 1357 4524 κατατίθεται.

304 4556 427 4610 KB’.
475 4557 626 4608 Ἐπεὶ
665 4557 719 4608 δὲ
771 4556 906 4624 μετὰ
941 4556 1035 4625 τὴν
1095 4557 1269 4625 ταφὴν
1319 4558 1456 4610 ἐπτά
1509 4559 1779 4629 παρῆλθον

229 4653 458 4720 ἡμέραι,
494 4653 584 4702 καὶ
622 4649 816 4709 ίκανῶς
845 4650 972 4717 περὶ
1003 4650 1065 4702 τὸ
1138 4650 1308 4711 πάθος
1355 4650 1670 4720 ἠσχόληντο,
1699 4650 1782 4701 ἐν·

229 4744 352 4794 νοιά
403 4758 485 4800 τις
532 4741 711 4800 αὐτοῖς
746 4739 952 4805 γίνεται
981 4741 1044 4806 τῇ
1076 4738 1173 4804 τῆς
1212 4740 1603 4806 αίχμαλώτιῧος
1665 4741 1784 4790 ἐπι·

232 4834 399 4901 ϐουλῇ
458 4830 707 4883 τεθνάναι
767 4829 977 4890 τούτοις
1038 4829 1134 4897 τὴν
1194 4830 1451 4896 συγγενῆ.
1506 4830 1783 4882 Ἐντεῦθεν

232 4925 516 4977 ἐϐούλοντο
545 4923 642 4990 μὲν
693 4920 857 4989 αὐτὴν
887 4919 1215 4988 παραδοῦναι
1246 4920 1323 4989 τῷ
1359 4922 1606 4988 ἡγεμόνι.
1641 4922 1784 4982 ὅπως

234 5015 329 5067 ὑπ’
360 5015 569 5065 ἐκείνου
596 5012 928 5080 ἀναιρεθείη’
968 5011 1026 5062 οὐ
1058 5013 1163 5077 γὰρ
1199 5011 1323 5079 ἐξῆν
1364 5012 1543 5071 αὐτοῖς
1578 5011 1784 5075 ἀνθρώ-

236 5124 325 5174 πῳ
375 5106 592 5172 σίδηρον
638 5104 983 5169 ἐπιτρέπεινο
1016 5103 1136 5152 ἐπεὶ
1178 5103 1235 5154 δὲ
1286 5102 1579 5169 ἀποδημῶν
1635 5099 1785 5160 οὗτος

236 5198 445 5265 ἔτυχεν,
491 5195 643 5246 αὑτοὶ
696 5192 815 5244 καθ’
862 5194 1083 5253 ἑαυτοὺς
1138 5192 1679 5260 συνδιασκεψάμενοι,
1731 5193 1786 5242 ὲν

236 5282 391 5355 ᾧπερ
420 5289 449 5351 ἠ
475 5286 566 5336 τοῦ
599 5285 791 5335 Γότθου
827 5282 1051 5349 σύζυγος
1088 5283 1380 5334 ἐντέθαπτο
1435 5284 1676 5351 μνήματι
1729 5282 1788 5333 τό

237 5396 300 5445 γε
352 5377 447 5429 νῦν
486 5378 606 5443 ἔχον
659 5375 827 5444 αὐτὴν
873 5374 1273 5435 κατακλείουσι,
1331 5372 1460 5437 λίθῳ
1510 5389 1568 5423 τε
1602 5375 1790 5440 τραχεῖ

242 5474 332 5524 τὸν
365 5472 536 5537 τάφον
568 5468 1029 5534 διασφαλίζονται,
1075 5466 1168 5516 καὶ
1217 5464 1459 5533 φύλακας
1485 5464 1630 5531 αὐτῴ
1669 5468 1786 5531 ἐφι-

246 5564 425 5617 στᾶσι.
462 5557 874 5626 Προτϐαλούσης
904 5557 959 5609 δὲ
985 5557 1118 5626 αὐτῇ
1150 5557 1243 5624 τῆς
1273 5554 1366 5607 τοῦ
1395 5554 1597 5624 νεκροῦ
1618 5556 1787 5606 δυσω-

243 5654 382 5717 δίας,
439 5650 637 5717 πολλῆς
677 5648 1082 5716 ἀναπλησθείσα
1137 5648 1232 5714 τῆς
1279 5646 1467 5714 ἀηδίας
1498 5660 1511 5675 ο
1544 5644 1710 5713 Κύρε
1763 5648 1787 5696 ὁ

245 5745 376 5805 Θεῖς
418 5741 520 5793 τῶν
564 5739 861 5809 δυιάςιεων,
900 5738 930 5807 ἡ
983 5738 1106 5799 παῖς
1136 5737 1339 5804 ἔλεγεν,
1382 5735 1407 5785 ὁ
1448 5734 1513 5786 τὰ
1550 5736 1651 5786 τὼν
1683 5735 1788 5786 σῶν

1874 3218 2096 3264 necatus
2134 3224 2359 3261 veneno.
2389 3206 2541 3271 Quod
2574 3207 2616 3260 si
2648 3207 2697 3258 id
2730 3220 2849 3258 eam
2880 3203 3259 3264 interfecisset,
3292 3202 3423 3254 illud

1874 3301 2094 3353 omnino
2138 3313 2360 3365 passura
2398 3307 2560 3358 esset.
2592 3296 2734 3365 quod
2783 3296 2893 3362 ipsa
2926 3296 3074 3347 fecit.
3116 3294 3248 3346 Cum
3296 3306 3423 3359 ergo

1874 3388 2058 3443 Gottlii
2117 3403 2249 3440 uxor
2305 3388 2440 3439 nihil
2496 3388 2621 3438 mali
2686 3387 3092 3452 suspicaretur,
3151 3384 3426 3449 accipiens

1876 3477 2049 3531 ebibit
2086 3476 2333 3537 calicem,
2383 3477 2673 3542 statimque
2718 3476 2871 3527 labor
2920 3489 3214 3527 conversus
3244 3485 3327 3524 est
3369 3472 3422 3523 in

1877 3576 2057 3636 caput.
2103 3578 2157 3621 et
2199 3568 2252 3619 in
2298 3570 2418 3635 ejus
2450 3569 2710 3619 verticem
2746 3566 3028 3618 descendit
3062 3565 3340 3632 iniquitas.
3369 3573 3425 3616 et

1875 3658 2071 3712 cecidit
2118 3659 2169 3710 in
2216 3657 2421 3710 foveam
2456 3674 2615 3725 quam
2672 3658 2801 3710 fecit
2848 3675 2861 3709 :
2906 3665 2960 3709 et
2987 3658 3129 3724 jnste
3174 3669 3425 3721 compre-

1878 3750 2043 3802 hensa
2089 3749 2189 3801 fuit
2236 3749 2290 3800 in
2338 3750 2563 3815 laqueo,
2617 3763 2777 3814 quem
2827 3747 3202 3799 absconderat.
3248 3746 3424 3810 Atque

1881 3839 1968 3892 illa
1998 3839 2213 3906 quidem
2250 3839 2462 3907 jacebat
2506 3848 2738 3899 mortua,
2777 3846 2999 3890 extenso
3027 3850 3277 3901 corpore,
3312 3836 3425 3884 fru-

1878 3935 1998 3981 ctus
2028 3927 2207 3981 ferens
2248 3929 2437 3995 dignos
2482 3928 2780 3980 laboribus.
2823 3926 2997 3978 Animi
3042 3935 3223 3977 autem
3267 3927 3423 3991 a-gri-

1879 4019 2008 4071 tudo
2054 4020 2322 4073 invaserat
2366 4019 2648 4079 Gotthum,
2699 4020 2922 4085 ejusque
2959 4019 3292 4069 necessarios
3318 4057 3330 4074 ,
3371 4023 3425 4067 et

1878 4112 1969 4177 qui
2014 4126 2209 4179 genere
2252 4110 2317 4162 ad
2363 4125 2487 4163 eum
2538 4109 2841 4161 attinebant
2890 4125 2903 4159 :
2954 4115 3118 4159 totam
3171 4104 3427 4171 implebat

1880 4201 2098 4254 domum
2156 4215 2359 4253 maeror
2413 4209 2467 4251 et
2525 4198 2739 4249 tristitia
2789 4196 2857 4247 ob
2912 4194 3253 4246 immaturam
3311 4193 3428 4257 ejus

1882 4294 2066 4344 uxoris
2101 4303 2348 4344 mortem.
2374 4292 2453 4344 Ab
2486 4292 2564 4343 eis
2588 4300 2763 4341 tamen
2788 4289 3021 4353 lugetur,
3061 4294 3118 4335 ut
3155 4291 3271 4335 erat
3292 4296 3425 4332 con-

1882 4390 2219 4442 sentaneum,
2252 4389 2307 4433 et
2350 4380 2658 4447 pra'claram
2686 4375 3039 4442 consequitur
3067 4372 3423 4439 sepulturam,

1881 4481 1935 4523 et
1967 4472 2246 4536 magniﬁce
2287 4470 2596 4533 deponitur.

1951 4561 2115 4614 XXII.
2146 4561 2278 4614 Cum
2307 4573 2483 4613 autem
2509 4569 2714 4627 septem
2744 4558 2861 4611 dies
2896 4555 3278 4622 preteriissent
3310 4559 3448 4620 post‘

1882 4653 2242 4721 sepulturam,
2283 4661 2337 4704 et
2380 4652 2508 4705 satis
2567 4650 2828 4717 temporis
2870 4647 3329 4713 consumpsissem
3374 4642 3426 4694 in

1883 4758 2135 4808 niterore,
2160 4745 2307 4796 venit
2334 4743 2412 4796 eis
2442 4747 2490 4795 in
2519 4752 2772 4803 mentem,
2800 4740 3021 4803 captivae
3053 4737 3260 4788 insidiis
3289 4750 3431 4787 mor-

1884 4844 2029 4887 tuam
2071 4849 2187 4887 esse
2234 4848 2420 4886 eorum
2462 4840 2759 4897 cognatam.
2802 4830 2936 4882 llinc
2975 4828 3173 4879 factum
3217 4835 3328 4886 est,
3374 4831 3431 4875 ut

1884 4940 2001 4977 eam
2038 4924 2253 4991 quidem
2312 4922 2508 4973 vellent
2569 4920 2781 4972 tradere
2828 4918 3073 4985 praesidi,
3124 4927 3180 4968 ut
3226 4916 3292 4967 ab
3340 4915 3430 4965 illo

1886 5017 2161 5068 tolleretur
2206 5013 2273 5065 dc
2321 5012 2532 5075 medio;
2583 5026 2689 5063 non
2736 5010 2881 5061 enim
2929 5007 3123 5059 licebat
3168 5004 3247 5057 eis
3289 5004 3431 5056 ferro

1888 5106 2028 5157 illam
2077 5102 2350 5156 invadere.
2392 5102 2524 5154 Cum
2572 5111 2750 5152 autem
2803 5099 2847 5151 is
2892 5098 3123 5157 abesset,
3160 5096 3258 5161 ipsi
3308 5107 3431 5146 eum

1889 5197 2027 5248 inter
2048 5210 2105 5247 se
2132 5197 2549 5253 consultassent,
2576 5192 2627 5242 in
2650 5198 3021 5250 monumento,
3047 5188 3096 5239 in
3122 5172 3235 5252 quo.
3257 5184 3431 5237 fuerat

1887 5286 2093 5353 sepulta
2130 5300 2261 5337 uxor
2293 5283 2500 5341 Gottbi,
2538 5296 2655 5333 eam
2704 5279 2987 5332 includunt
3031 5279 3082 5329 in
3124 5274 3428 5344 pra‘sentia,

1888 5388 1943 5431 et
1967 5376 2272 5443 sepulcrum
2305 5372 2553 5423 muniunt
2579 5384 2770 5437 aspero
2794 5368 2992 5434 lapide,
3019 5376 3071 5420 ct
3098 5367 3145 5417 ei
3174 5366 3432 5417 adhibent

1892 5465 2163 5520 Custodes.
2197 5466 2328 5516 Cum
2375 5476 2504 5514 vero
2538 5462 2600 5512 ad
2631 5474 2749 5512 eam
2786 5461 2996 5510 veniret
3026 5456 3163 5510 odor
3207 5455 3432 5509 cadave-

1893 5556 1985 5614 ris,
2019 5568 2207 5621 magna
2248 5551 2449 5618 repleta
2494 5550 2773 5602 molestia:
2808 5547 3030 5600 Domine
3074 5545 3214 5598 Deus
3258 5546 3429 5596 virtu-

1893 5653 2038 5705 tum,
2094 5642 2305 5694 diccbat
2362 5642 2573 5709 puella,
2620 5640 2710 5707 qui
2765 5649 2979 5692 tuorum
3033 5646 3325 5705 martyrum
3379 5644 3432 5686 ct

1893 5734 2260 5790 confessorum
2309 5748 2406 5801 pro
2457 5743 2507 5785 te
2552 5732 2729 5786 fusum
2774 5730 3123 5799 sanguinem,
3182 5738 3432 5793 tanquam
