4226 6418
790 392 886 451 155

1982 386 2260 445 MENSIS
2300 385 2734 446 NOVENIDEII.

3893 384 3999 447 166

783 509 963 558 vivum
1007 499 1259 570 accepisti
1305 499 1627 555 sacrificium
1657 541 1670 562 ,
1719 500 1785 555 ad
1838 515 1924 554 me
1966 501 2169 569 aspicc,
2216 515 2333 567 qua:
2368 503 2452 568 Αι

2368 503 2412 558 Α
2444 500 2739 570 μαρτύρων
2761 499 2851 552 καὶ
2878 496 3220 568 ὁμολογητῶν
3248 499 3386 568 ὑπὲρ
3420 498 3512 551 σοῦ
3546 499 3753 567 αἵματα
3785 499 3858 562 ὡς
3891 501 4002 560 ζῶ-

781 605 1001 666 proptcr
1052 603 1200 646 tuum
1232 601 1286 645 et
1311 607 1498 646 eorum
1545 592 1637 662 qui
1673 602 1894 662 propter
1925 602 1976 646 te
2010 599 2151 661 passi
2183 601 2330 656 sunt,

781 697 1088 740 sanctorum
1122 698 1342 748 nomen,
1390 685 1507 736 viro
1549 685 1733 752 ignoto
1762 693 1820 738 et
1863 684 2180 752 alienigena:
2222 697 2334 734 me-

782 775 954 844 ipsam
1003 774 1232 834 credidi.
1262 786 1317 828 et
1355 789 1472 826 sum
1508 784 1794 844 propterea
1840 775 2089 828 damnata
2135 773 2201 826 ad
2234 774 2334 827 hoc

785 877 1146 931 tormentum;
1183 876 1240 918 tu
1271 864 1402 917 mihi
1450 876 1599 919 tuum
1646 866 1710 918 da
1756 865 2038 929 auxilium,
2069 875 2124 919 et
2153 881 2236 918 me
2266 865 2332 918 Ii-

786 959 915 1012 bcra
936 974 963 1011 a
987 958 1240 1026 prmscnti
1269 959 1531 1026 periculo.
1555 958 1657 1013 Vos
1674 958 2084 1029 quoquc.sancti
2107 958 2330 1022 Christi,

782 1050 874 1118 qui
925 1048 1010 1101 illa
1059 1049 1474 1101 innumerabilia
1527 1050 1824 1103 certamina
1892 1060 2114 1118 propter
2157 1050 2332 1118 ipsum

782 1141 1134 1201 sustinuistis,
1163 1149 1216 1194 et
1246 1156 1366 1193 eum
1398 1155 1516 1202 esse
1542 1141 1722 1193 vivum
1772 1141 1940 1195 Deum
1971 1157 2151 1195 coram
2187 1143 2334 1208 regi-

785 1235 887 1287 bus
911 1233 1142 1287 confessi
1171 1233 1322 1298 estis,
1347 1250 1484 1303 quos
1509 1235 1663 1288 matri
1694 1250 1823 1289 mea:
1851 1235 2080 1304 praebuit
2101 1235 2334 1291 Guttltus

785 1332 1008 1393 pmpter
1037 1339 1120 1377 me
1155 1325 1524 1395 Iidujussores,
1572 1327 1668 1394 ipsi
1706 1342 1849 1380 nunc
1890 1329 2074 1382 adeste
2113 1329 2242 1382 mihi
2280 1329 2334 1382 in

786 1417 939 1468 malis
970 1415 1246 1485 adjutores
1274 1431 1288 1468 :
1319 1431 1418 1469 nec
1447 1432 1564 1470 eam
1589 1417 1925 1486 despiciatis,
1949 1434 2068 1488 quae
2098 1436 2154 1473 se
2184 1420 2335 1475 vobis

787 1505 1074 1560 dedicavit.
1125 1506 1255 1560 Cum
1309 1507 1378 1558 ita
1424 1515 1567 1560 esset
1610 1518 1847 1576 precata,
1894 1525 2002 1563 non
2051 1512 2336 1563 tardarunt

791 1596 1151 1663 tidejussores,
1196 1612 1375 1665 neque
1420 1599 1750 1653 distulerunt
1780 1601 1827 1654 ei
1860 1601 2001 1655 ferre
2049 1602 2332 1654 auxilium.

790 1687 894 1740 Sed
923 1687 1071 1741 videt
1102 1697 1212 1742 tres
1238 1691 1381 1744 viros
1403 1692 1521 1744 luce
1543 1691 1925 1757 circumdatos,
1951 1695 2013 1746 ad
2039 1709 2199 1761 quam
2229 1709 2333 1748 non

792 1787 938 1846 patet
976 1779 1173 1843 aditus,
1217 1792 1270 1835 et
1316 1781 1478 1835 [ωιοτ
1525 1783 1612 1836 ille
1655 1798 1777 1836 mox
1826 1799 2121 1838 conversus
2151 1783 2250 1837 fuit
2283 1785 2334 1837 in

2440 612 2538 646 σαν
2579 593 3009 662 προσδεξάμενος
3045 591 3258 656 θυσίαν,
3295 591 3585 660 ἐπίϐλεψον
3615 591 3701 642 ἐπ’
3737 591 3858 659 ὲμδ,
3895 593 4002 660 τὴν

2435 684 2524 736 ἐπὶ
2571 683 2650 753 τῷ
2698 684 2775 753 σῷ
2811 700 2869 736 τε
2902 683 2995 736 καὶ
3043 683 3121 750 τῷ
3150 683 3259 735 τῶν
3291 681 3377 734 διὰ
3404 681 3464 733 σε
3504 681 3782 734 παθόντων
3821 682 4002 750 άγῗων

2434 777 2676 843 ὀνόματι,
2702 776 2963 845 ἀγνώστῳ
2993 776 3145 844 ἀνδρὶ
3174 774 3269 826 καὶ
3294 773 3576 841 ἀλλοφύλῳ
3602 772 3798 842 ἑαυτὴν
3826 773 4000 839 ὲμειτι⁸

2437 867 2760 930 στεύσασαν,
2811 868 2905 920 καὶ
2951 867 3040 919 δια
3101 865 3258 919 τοῦτο
3309 864 3513 932 ταύτην
3566 864 3999 933 κατακριθεῖσαν

2433 958 2528 1028 τὴν
2562 959 2813 1030 βάσανον,
2873 958 3033 1020 αὐτός
3085 974 3175 1027 μοι
3231 957 3332 1028 τὴν
3387 956 3535 1025 παρὰ
3578 956 3669 1008 σοῦ
3702 957 3996 1025 παράσχου

2437 1054 2707 1124 βοήθειαν,
2750 1053 2845 1105 καὶ
2889 1052 2983 1105 τοῦ
3027 1051 3290 1120 παρόντος
3341 1048 3524 1116 ἐξελοῦ
3558 1049 3820 1101 κινδύνου.
3883 1050 3999 1100 Kal

2437 1148 2594 1215 ὑμεῖς
2622 1146 2696 1210 δὲ,
2723 1147 2769 1198 οί
2792 1145 2884 1197 τοῦ
2912 1143 3147 1212 Χριστοῦ
3173 1145 3339 1210 ἆγιοι,
3369 1144 3417 1195 ot
3449 1143 3572 1204 τοῦς
3604 1143 3828 1210 μυρίους
3855 1140 3999 1192 ὲκεί-

2436 1255 2562 1300 νους
2601 1239 2795 1300 ἄθλους
2832 1237 2898 1289 δι’
2931 1237 3091 1289 αὐτὸν
3124 1236 3457 1298 ὑποστάντες
3490 1235 3579 1286 καὶ
3606 1233 3792 1285 τἰῦτον
3813 1233 3999 1294 ζῶντα

2436 1330 2566 1382 Θεὸν
2596 1329 2837 1381 ἐναντίον
2894 1326 3156 1396 βασιλέων
3186 1325 3639 1393 ὁμολογήσαντες,
3676 1321 3770 1383 οὖς
3793 1338 3850 1372 τε
3885 1322 3997 1388 ὶμῇ

2439 1422 2606 1491 μητρὶ⁵
2641 1420 2913 1490 παρέσχεν
2941 1420 2968 1470 ὁ
2997 1416 3188 1478 Γὸτοος
3228 1415 3503 1485 ἐγγυητὰς
3541 1413 3626 1465 ἐπ’
3652 1413 3798 1480 ἐμοὶ,
3839 1411 4000 1462 αὐτοί

2439 1528 2527 1580 μοι
2562 1510 2654 1562 νῦν
2687 1511 2817 1580 πρδς
2846 1508 2914 1562 τὰ
2944 1507 3090 1560 δεινὰ
3122 1507 3433 1576 παράστητε
3476 1503 3696 1573 βοηθοὶ,
3733 1502 3865 1569 μηδὲ
3897 1503 4003 1568 τὴν

2437 1603 2566 1669 ὑμῖν
2596 1600 2934 1670 ἀναθεμένην
2963 1601 3030 1651 τά
3059 1598 3182 1652 κατ’
3215 1596 3383 1665 αὐτὴν
3430 1593 3776 1663 περιόψεσθε.
3810 1590 4000 1642 Ταῦτα

2438 1691 2903 1760 προσευξαμένης,
2939 1691 3038 1743 οὐκ
3067 1689 3291 1757 ἔμελλον
3320 1691 3366 1739 οἱ
3398 1686 3686 1755 ἐγγυηταὶ,
3712 1685 3831 1736 οὐδὲ
3858 1684 4004 1753 πρὸς

2438 1787 2536 1852 τὴν
2570 1784 2737 1849 αὐτῆς
2767 1783 3015 1854 βοήθειαν
3042 1782 3417 1842 ἀνεϐάλλοντο,
3453 1778 3586 1830 ἀλλὰ
3619 1780 3764 1848 τρεῖς
3799 1777 4004 1846 ἄνδρας

791 1865 990 1916 bonum
1016 1869 1259 1930 odorem,
1285 1869 1421 1921 adeo
1453 1878 1510 1922 ut
1541 1871 1803 1923 mirabilis
1829 1873 2046 1939 quidam
2076 1880 2130 1924 et
2155 1874 2335 1927 suavis
2370 1846 2408 1900 Β
2443 1890 2460 1938 q

2330 1891 2335 1923 ;
2370 1846 2408 1900 Β
2443 1846 2556 1938 qui);
2579 1846 2868 1940 ἀπρόσιτον
2901 1871 3313 1942 περικειμένους
3344 1869 3445 1938 ὁρᾷ
3500 1867 3594 1919 καὶ
3625 1846 3690 1918 τὰ
3729 1867 3825 1934 τῆς
3864 1867 3999 1917 δυσ-

789 1955 924 2006 odor
966 1957 1031 2009 ad
1079 1972 1194 2010 eam
1240 1958 1539 2013 accederet.
1573 1960 1658 2026 Et,
1713 1961 1860 2016 Bono
1893 1966 2074 2017 animo
2112 1977 2248 2028 esto,
2282 1964 2333 2018 ci

790 2047 998 2110 dicunt,
1025 2063 1055 2102 ο
1081 2051 1299 2114 mulier,
1324 2066 1422 2104 nec
1448 2054 1608 2116 time;
1639 2055 1745 2108 cito
1772 2055 1914 2108 enim
1942 2056 2166 2110 salutem
2192 2073 2339 2111 assc-

791 2141 995 2200 queris,
1037 2143 1169 2194 nihil
1212 2143 1432 2196 omnino
1467 2160 1626 2212 grave
1672 2161 1845 2214 passa,
1895 2163 1994 2201 nec
2043 2150 2332 2216 ingratum.

792 2232 973 2301 i‘icque
994 2235 1136 2286 enim
1163 2234 1407 2290 fallemus
1433 2237 1854 2305 Iidejussionem,
1878 2255 2054 2308 neque
2079 2240 2336 2298 dilatione

795 2333 1010 2377 utemur
1042 2325 1092 2377 in
1129 2325 1320 2380 salute.

861 2591 1048 2646 XXIII.
1073 2593 1206 2647 Cum
1243 2595 1353 2647 hac
1378 2609 1504 2660 ergo
1533 2598 1702 2654 sancti
1739 2599 1787 2650 ei
1816 2599 2097 2660 dixissent,
2130 2618 2192 2656 ea
2230 2614 2341 2656 sta-

795 2682 886 2731 tim
934 2688 1187 2747 tanquam
1216 2697 1245 2734 a
1272 2697 1329 2735 se
1356 2683 1715 2748 discessisset,
1766 2687 2052 2741 resolvitur
2085 2691 2138 2741 in
2174 2706 2338 2759 sopo-

794 2785 927 2832 rem,
954 2770 1154 2839 Deique
1187 2772 1403 2836 invicta,
1429 2790 1726 2844 eorumque
1779 2777 1868 2844 qui
1902 2777 2078 2845 ipsum
2103 2781 2337 2835 confessi

793 2860 1022 2922 fuerant,
1049 2863 1266 2928 virtute,
1294 2866 1347 2928 (ο
1375 2865 1694 2918 miraculum
1731 2865 1945 2935 dignum
1971 2868 2062 2922 Dei
2099 2871 2344 2941 benigni-

793 2962 901 3005 tate
931 2963 984 3006 et
1012 2955 1248 3021 potentia
1271 2957 1309 3020 ι)
1364 2957 1636 3023 quomodo
1669 2959 1808 3012 alius
1839 2959 2057 3027 quidam
2091 2961 2339 3019 Ilabacuc

795 3044 1052 3112 propheta
1073 3054 1344 3100 momento
1364 3050 1622 3115 temporis
1645 3049 2026 3121 Hierosolymis
2050 3056 2340 3110 translatus

2440 1963 2598 2024 ωδὲας
2646 1963 2811 2024 εὐθὺς
2843 1966 2921 2024 είς
2979 1962 3205 2014 εὐωδίαν
3237 1959 3581 2030 μετέϐαλλεν,
3617 1957 3754 2010 ὥστε
3787 1957 4007 2024 θαυμα-

2442 2057 2574 2123 στήν
2607 2071 2727 2107 τινα
2759 2055 2852 2106 καὶ
2884 2055 3065 2124 ἡδεῖαν
3100 2052 3462 2125 προσϐάλλειν
3499 2052 3638 2120 αὐτῇ
3671 2051 3768 2119 τὴν
3800 2049 4006 2116 ὀσμήν.

2445 2145 2554 2197 Καὶ
2599 2143 2809 2214 Θάρσει,
2859 2144 3040 2212 γύναι,
3088 2144 3221 2210 φασὶ
3268 2144 3404 2212 πρὸς
3450 2143 3615 2212 αὐτὴν
3649 2144 3864 2202 ἐκεῖνοι,
3907 2139 4010 2190 καὶ

2447 2237 2520 2303 μὴ
2559 2236 2745 2304 φοϐοῦ·
2781 2237 3000 2304 ταχείας
3035 2235 3139 2303 γὰρ
3172 2234 3348 2298 τεύξει
3377 2233 3475 2303 τῆς
3505 2234 3797 2302 σωτηρίας,
3825 2231 4006 2283 δεινὸν

2442 2326 2613 2389 οὐδὲν,
2641 2327 2759 2379 οὐδὲ
2792 2327 2955 2395 ἄχαρι
2986 2326 3348 2393 ὑπομείνασα·
3381 2324 3501 2376 οὗτε
3531 2325 3640 2394 γὰρ
3665 2323 4006 2393 τὴνζὲγγύην

2442 2419 2778 2486 ψευσόμεθα,
2811 2417 2931 2470 οὐτε
2979 2417 3209 2486 ἀναϐολῇ
3246 2416 3373 2487 περὶ
3407 2417 3503 2486 τὴν
3553 2417 3828 2485 σωτηρίαν
3868 2431 4007 2485 χρη-

2448 2510 2672 2578 σόμεθα.

2519 2598 2649 2655 ΚΓ.
2673 2599 2852 2651 Ταῦτα
2882 2599 3060 2651 τοίνυν
3093 2597 3200 2649 τῶν
3233 2598 3401 2664 ἁγίων
3428 2598 3561 2667 αὐτῇ
3596 2595 4006 2664 διαλεχθέντων,

2450 2693 2644 2744 αὐτίκα
2684 2690 2870 2759 ὥσπερ
2900 2691 2958 2740 ὲν
2989 2691 3241 2741 ικστάσει
3281 2691 3544 2757 γενομένη
3598 2687 3753 2738 ὑπνοῖ
3787 2689 3852 2754 τῇ
3909 2685 4003 2738 τοῦ

2448 2783 2582 2836 Θεοῦ
2629 2799 2687 2833 τε
2721 2781 2916 2851 ἀμάχῳ
2949 2783 3043 2834 καὶ
3073 2779 3180 2830 τῶν
3211 2779 3372 2830 αὐτὸν
3403 2780 3858 2846 ὁμολογησάντων
3910 2778 4005 2829 δυο

2447 2875 2630 2943 νάμει,
2661 2872 2706 2925 ὣ
2732 2872 3004 2940 θαύματος
3034 2870 3184 2934 ἀξίου
3214 2871 3312 2936 τῆς
3348 2869 3441 2921 τοῦ
3465 2869 3598 2921 θεοῦ
3635 2871 4004 2937 χρηστότητος

2447 2983 2505 3019 τε
2558 2965 2649 3016 καὶ
2698 2964 3018 3032 δυνάμεωςὶ
3071 2963 3319 3032 καθάπερ
3365 2977 3445 3023 τις
3481 2962 3638 3023 ἄλλος
3683 2961 4004 3030 ’Λμϐακούμ

2452 3057 2734 3126 προφήτης
2770 3057 2826 3108 ἐν
2864 3057 2960 3125 μιᾷ
3000 3054 3190 3122 καιροῦ
3229 3057 3366 3125 ῥοπῇ
3420 3055 3526 3105 ἀπὸ
3561 3054 3668 3106 τῶν
3706 3052 4005 3122 Ἱεροςολύ-

794 3132 897 3186 fuit
941 3134 1264 3205 Babylonem
1309 3138 1350 3168 ³⁸
1391 3153 1406 3190 :
1450 3147 1543 3191 aut
1589 3152 1645 3192 ut
1673 3141 1974 3210 discipulus
2007 3144 2288 3214 Philippus
2317 3163 2345 3200 α
2374 3165 2416 3222 c
2454 3164 2463 3216 ι

2338 3166 2345 3200 ι
2374 3165 2416 3222 c
2454 3164 2567 3216 μων
2602 3145 2737 3214 πρὸς
2770 3143 2868 3213 τὴν
2896 3142 3189 3194 Βαϐυλῶνα
3222 3139 3506 3210 μετετέθηο
3535 3139 3566 3209 ἢ
3604 3141 3674 3201 ὡς
3702 3142 3727 3191 ὁ
3760 3139 4007 3207 μαθητὴς

794 3226 930 3279 facie
958 3229 1194 3280 eunuchi
1228 3228 1496 3297 Ethiopis
1533 3241 1717 3299 raptus
1745 3249 1772 3287 a
1807 3235 2012 3302 Spiritu
2036 3238 2077 3267 "
2109 3255 2121 3290 :
2153 3239 2343 3293 eodem

795 3317 957 3371 modo
1000 3319 1112 3387 ipsa
1156 3336 1372 3389 quoque
1418 3322 1694 3377 dormiens
1730 3326 2052 3380 transfertur
2089 3343 2117 3381 a
2152 3345 2346 3384 monu-

795 3421 981 3464 mento
1003 3421 1058 3464 et
1081 3413 1388 3466 restituitur
1414 3413 1468 3466 in
1495 3415 1754 3482 templum
1788 3419 2158 3473 confessorum
2185 3422 2345 3477 simul

795 3507 848 3551 et
873 3510 1185 3569 martyrum.
1217 3501 1446 3555 Reddita
1472 3518 1603 3572 ergo
1638 3504 1764 3558 huic
1798 3509 1996 3576 templo
2028 3520 2343 3581 martyrum,

795 3603 918 3641 cum
951 3605 1106 3644 mane
1132 3605 1250 3644 eam
1293 3607 1516 3646 somnus
1545 3596 1862 3662 remisisset,
1897 3599 2044 3652 videt
2073 3602 2119 3654 ei
2156 3617 2347 3657 rursus

795 3689 1038 3735 astantes
1060 3681 1260 3736 Christi
1290 3685 1648 3750 confessores,
1680 3699 1732 3742 et
1761 3689 2004 3744 dicentes
2029 3708 2042 3743 :
2102 3692 2344 3748 Scisnam

797 3771 959 3824 modo
1005 3774 1097 3828 ubi
1129 3777 1245 3828 sis?
1275 3775 1410 3830 Cum
1460 3777 1567 3832 huc
1611 3795 1737 3847 ergo
1766 3791 1821 3834 et
1850 3781 1980 3837 illuc
2017 3783 2346 3851 circumspe-

800 3860 989 3920 xisset,
1017 3871 1072 3914 et
1103 3863 1266 3916 veluti
1295 3865 1360 3917 ad
1387 3880 1446 3919 se
1475 3868 1745 3932 rediisset,
1771 3879 1824 3921 rt
1851 3871 2018 3924 adem
2044 3875 2348 3940 agnovisset

799 3948 1127 4012 eratoriam,
1181 3952 1397 4021 impleta
1445 3955 1548 4010 fuit
1593 3958 1740 4010 omni
1789 3959 2019 4026 gaudio,
2060 3969 2114 4011 et
2158 3975 2346 4028 magna

797 4038 992 4092 affecta
1015 4040 1115 4093 fuit
1134 4043 1512 4100 admiratione.
1537 4045 1842 4101 Laztabatur
1861 4049 2068 4116 videns,
2093 4052 2346 4120 stupebat

797 4133 979 4186 animo
1006 4134 1265 4202 cogitans,
1297 4134 1398 4189 sibi
1429 4135 1721 4202 difﬁdebat,
1747 4141 2020 4194 nesciebat
2044 4143 2174 4210 quid
2215 4159 2344 4211 age-

799 4231 882 4275 ret
909 4241 921 4274 :
955 4235 1231 4291 postremo
1263 4227 1498 4294 procidit
1527 4229 1591 4282 ad
1628 4229 1792 4297 pedes
1823 4241 2157 4296 sanctorum,
2188 4243 2242 4287 et
2267 4235 2348 4288 eis

797 4315 905 4382 agit
932 4318 1148 4383 gratias.
1179 4317 1258 4370 Illi
1285 4327 1466 4372 autem
1487 4319 1538 4373 ei
1567 4319 1823 4376 dixerunt
1857 4340 1870 4376 :
1903 4324 2094 4378 Nostra
2126 4325 2344 4395 impleta

796 4414 878 4456 est
907 4403 1201 4474 Iidejussio.
1234 4411 1376 4464 Vade
1424 4412 1477 4465 in
1511 4428 1640 4481 pace
1687 4413 1753 4467 ad
1801 4426 2028 4470 matrem
2081 4427 2247 4470 tuam.
2280 4419 2346 4472 Et

2443 3237 2708 3298 Φίλιππος
2738 3235 2843 3286 ἀπὸ
2891 3232 3178 3305 προσώπου
3211 3233 3306 3285 τοῦ
3357 3233 3610 3299 εὐνούχου
3647 3231 3872 3300 ἡρπάγη
3902 3230 4007 3281 ὐπὸ

2442 3327 2536 3380 τοῦ
2570 3326 2905 3395 Πνεύματος,
2948 3324 3039 3375 τὸν
3076 3324 3238 3375 αὐτὸν
3271 3324 3441 3392 δήπου
3495 3323 3585 3378 καὶ
3619 3321 3755 3387 αὐτῇ
3804 3321 4008 3388 τρόπον

2444 3419 2538 3469 τοῦ
2575 3419 2858 3485 μνήματος
2895 3413 3230 3466 καθεύδουσα
3262 3410 3627 3480 μετατίθεται,
3662 3412 3757 3462 καὶ
3787 3409 3864 3478 τῷ
3897 3409 4009 3477 ναῷ

2447 3509 2555 3560 τῶν
2607 3507 2958 3576 ὁμολογητῶν
2997 3505 3133 3574 ὁμοῦ
3163 3506 3255 3556 καὶ
3290 3503 3582 3573 μαρτύρων
3633 3503 4004 3554 ἀποκαθίσταο

2443 3617 2555 3652 ται.
2606 3598 2694 3665 Τῷ
2740 3599 2927 3666 τοιῷδε
2964 3595 3054 3648 οῦν
3084 3597 3512 3648 άποκαταστᾶσα
3545 3593 3652 3643 τῶν
3713 3591 4008 3662 μαρτύρων

2444 3689 2569 3759 νεῷ,
2605 3691 2744 3742 κατὰ
2782 3689 2842 3740 τὸ
2882 3686 3206 3758 περέορθρον
3238 3684 3325 3738 τοῦ
3375 3684 3541 3736 ὕπνου
3571 3684 3738 3753 αὐτὴν
3780 3683 4012 3736 ὑπανέν-

2443 3797 2555 3843 τος,
2593 3779 2946 3848 παρεστῶτας
2981 3779 3119 3846 αὐτῇ
3177 3775 3300 3838 τοὺς
3330 3774 3422 3827 τοῦ
3453 3773 3687 3843 Χριστοῦ
3726 3774 4010 3842 μάρτυρας

2445 3873 2538 3924 καὶ
2575 3870 2728 3932 αὐθις
2773 3871 2892 3939 ὁρᾷ,
2920 3871 3033 3931 καὶ,
3070 3864 3240 3920 Οἶσθα
3291 3865 3391 3918 ποῦ
3429 3866 3553 3933 ἄρτι
3588 3860 3634 3915 εί
3668 3882 3681 3927 ;
3731 3864 4008 3930 λέγοντας.

2446 3943 2903 4031 Περιϐλεψαμένη
2951 3959 3044 4012 οῦν
3098 3960 3226 4028 τῇδε
3292 3959 3513 4010 κάκεῖσε
3563 3960 3655 4009 καὶ
3705 3956 3891 4022 ὥσπερ
3953 3960 4011 4006 ὲν

2447 4053 2612 4120 ἑαυτῇ
2667 4053 2936 4119 γενομένη
2972 4052 3062 4103 καὶ
3097 4051 3187 4102 τὸν
3215 4050 3506 4118 εὐκτήριον
3565 4049 3672 4100 τῶν
3710 4047 4010 4116 μαρτύρων

2443 4142 2592 4196 οἷκον
2651 4144 3091 4212 άναγνωρίσασα,
3128 4143 3310 4208 πάσης
3339 4158 3398 4192 τε
3430 4140 3621 4210 ἡδονῆς
3657 4140 4008 4207 πεπλήρωτο,

2447 4236 2538 4288 καὶ
2578 4235 2758 4303 πολλῷ
2788 4234 2863 4302 τῷ
2890 4233 3124 4302 Θαύματι
3158 4233 3574 4301 κατεπλήττετο,
3610 4230 3830 4298 ἔχαιρεν
3867 4230 4007 4298 ὁρῶ-

2448 4342 2536 4388 σα,
2569 4325 2818 4390 ἐξίστατο
2864 4321 3139 4385 ιννοοῦσα,
3174 4324 3338 4392 ἑαυτῇ
3392 4321 3687 4390 διηπίστει,
3724 4321 3824 4371 οὐκ
3857 4317 4006 4388 εἶχεν

2446 4417 2472 4468 ὃ
2499 4433 2549 4467 τι
2576 4417 2669 4467 καὶ
2704 4415 2930 4482 γόνοιτο.
2966 4415 3153 4477 Τέλος,
3183 4416 3294 4475 τοῖς
3337 4411 3444 4464 τῶν
3475 4395 3644 4477 ἁγίων
3678 4411 4010 4478 προσπίπτει

799 4492 874 4546 illi
905 4496 1121 4563 quidem
1147 4513 1210 4551 ex
1237 4499 1409 4553 oculis
1437 4502 1613 4563 statim
1644 4515 1997 4561 evanuerunt.
2032 4506 2123 4561 Illa
2151 4517 2331 4563 autem
2379 4509 2424 4566 D
2452 4520 2468 4554 τ

2379 4509 2424 4566 D
2452 4504 2597 4566 ποσὶ,
2620 4503 2714 4555 καὶ
2746 4503 2844 4565 τὰς
2871 4499 3319 4578 εὐχαριστηρίους
3345 4497 3519 4565 εὐχὰς
3547 4497 3888 4549 ἀποδίδωσιν.
3945 4498 4009 4548 Ut

797 4585 863 4637 ad
886 4600 1076 4638 eorum
1099 4602 1312 4655 capsarn
1337 4593 1620 4658 accedens,
1639 4605 1694 4648 et
1717 4595 1970 4652 ardenter
1992 4598 2341 4667 amplectens,

797 4685 851 4727 et
881 4675 1141 4745 Iacrymas
1165 4678 1435 4748 voluptate
1463 4693 1520 4737 et
1551 4686 1744 4740 timore
1772 4687 1932 4741 simul
1962 4689 2148 4745 mistas
2172 4689 2346 4743 eII’un-

797 4768 933 4821 dens
967 4785 980 4821 :
1014 4770 1156 4824 Deus
1203 4784 1406 4837 noster,
1441 4773 1675 4841 dicebat,
1710 4778 1762 4832 in
1807 4781 1946 4834 cmlo
1988 4790 2042 4834 et
2085 4782 2140 4834 in
2182 4789 2342 4850 terra,

798 4862 978 4914 omnia
1026 4878 1362 4932 quaecunque
1414 4867 1603 4931 voluit,
1639 4869 1763 4923 fecit
1791 4886 1804 4922 :
1833 4873 2014 4926 emisit
2043 4887 2073 4926 e
2101 4873 2260 4938 caelo,
2291 4884 2344 4930 ct

799 4966 884 5004 me
908 4956 1161 5010 servavit.
1190 4955 1513 5013 Benedictus
1534 4974 1611 5024 es,
1647 4961 1890 5025 Domine,
1917 4963 2009 5030 qui
2040 4978 2226 5018 servas
2245 4979 2339 5020 eos

801 5042 893 5110 qui
923 5055 1144 5112 sperant
1169 5047 1222 5099 in
1254 5059 1323 5101 te.
1353 5051 1585 5118 Vespere
1615 5050 1878 5105 habitavit
1904 5067 2114 5106 mecum
2143 5054 2340 5120 luctus,

800 5142 854 5187 et
887 5149 1043 5189 mane
1079 5138 1372 5191 exsultatio
1399 5141 1465 5195 ".

2452 4595 2508 4648 δὲ
2559 4594 2693 4665 πρὸς
2735 4594 2922 4662 αὐτὴν,
2975 4591 3058 4644 Τὰ
3087 4591 3183 4659 τῆς
3207 4590 3482 4660 ἡμετέρας
3516 4587 3647 4650 ίδοὺ,
3703 4589 3888 4650 φασὶν,
3919 4591 4012 4650 ἐγ-

2451 4687 2587 4755 γύης
2621 4685 2993 4754 πεπλήρωται.
3031 4681 3266 4751 Πορεύου
3316 4680 3466 4749 παρὰ
3513 4681 3612 4748 τὴν
3650 4681 3859 4748 μητέρα
3911 4679 4009 4746 τὴν

2452 4781 2552 4847 σὴν
2597 4781 2655 4830 ὲν
2703 4779 2920 4848 είρήνῃ.
2959 4778 3064 4829 Καὶ
3111 4778 3157 4827 oi
3205 4776 3303 4843 μὲν
3354 4773 3514 4835 εὐθὺς
3549 4773 3656 4824 τῶν
3711 4773 4008 4839 ὀφθαλμῶν

2450 4871 2664 4937 ἱκείνης
2711 4869 3033 4936 διέστησανο
3089 4870 3120 4937 ἡ
3167 4866 3224 4918 δι
3269 4870 3336 4935 τῇ
3394 4864 3599 4915 τούτων
3634 4862 4000 4931 προσελθίῦσν

2453 4961 2613 5032 σορῷ,
2653 4961 2867 5030 θερμῶς
2899 4975 2955 5012 τε
2990 4958 3437 5029 περιπτυξαμίνη
3495 4957 3588 5009 καὶ
3637 4957 3848 5025 δάκρυα
3882 4956 3978 5024 ηδ’)

2452 5054 2549 5122 νῆς
2600 5053 2733 5122 ὁμοῦ
2777 5054 2871 5106 καὶ
2919 5051 3086 5120 φόϐου
3135 5049 3380 5119 συμμιγῆ
3417 5049 3747 5117 καταχέασα,
3791 5047 3852 5098 '0
3878 5047 4006 5105 Θεὸς

2453 5144 2632 5213 ἡμῶν,
2669 5144 2872 5211 ιλεγεν,
2904 5144 2961 5194 tv
2989 5141 3065 5212 τῷ
3095 5139 3308 5209 οὐρανῷ
3363 5141 3457 5191 καὶ
3506 5139 3562 5190 ιν
3598 5140 3661 5207 τῇ
3710 5140 3778 5205 γῇ
3830 5137 4008 5187 πάντα

801 5227 900 5278 ὅσα
945 5225 1207 5295 ἠθέλησεν
1258 5229 1531 5299 ὶποίησεν,
1577 5231 1952 5296 ιεαπίστειλεν
1999 5235 2058 5301 ιε
2113 5233 2342 5304 οὐρανοῦ
2383 5235 2474 5288 καὶ
2519 5235 2690 5287 ἐσωσέ
2743 5250 2832 5302 με.
2889 5231 3189 5300 Εὐλογητὸς
3227 5227 3296 5295 εἷ,
3334 5229 3529 5299 Κύριε,
3572 5230 3600 5281 ό
3629 5228 3815 5289 σώζων
3883 5241 4012 5285 τος

803 5317 1116 5381 ιλπίζοντας
1155 5319 1246 5372 tul
1282 5321 1380 5374 σοί.
1417 5323 1489 5374 Τὸ
1516 5323 1752 5392 ἑσπέρας
1781 5325 2009 5394 ηὐλίσθη
2060 5342 2150 5396 μοι
2184 5325 2480 5397 κλαυθμὸς,
2516 5327 2610 5379 καὶ
2641 5326 2720 5388 είς
2745 5325 2806 5376 τὸ
2837 5322 2980 5393 πρωῒ
3008 5321 3353 5390 ἀγαλλίασις-

877 5409 1061 5464 XXIV.
1087 5410 1222 5466 Cum
1248 5429 1376 5484 ergo
1397 5416 1526 5470 satis
1553 5416 1714 5486 longo
1746 5426 1985 5486 tempore
2014 5434 2199 5488 preces
2225 5435 2347 5474 cum

808 5502 1061 5572 lscrymis
1106 5504 1492 5573 producentem
1542 5508 1771 5574 puellam
1820 5509 2029 5564 videret
2074 5510 2348 5574 sacerdos,

812 5591 903 5662 qui
931 5600 1047 5647 erat
1075 5592 1127 5646 in
1160 5596 1378 5664 templo,
1406 5604 1462 5651 et
1485 5596 1697 5653 audiret
1733 5600 2023 5670 gratiarum
2058 5601 2346 5660 actionem,

2528 5416 2653 5471 ΚΝ.
2695 5418 2809 5485 Ἐφ’
2852 5418 3033 5469 ίκανὺν
3063 5411 3154 5468 οὖν
3187 5417 3285 5484 τῆς
3315 5413 3465 5482 ὥρας
3499 5413 3591 5474 τὰς
3618 5410 3781 5478 εὐχὰς
3810 5409 4006 5475 δάκρυ-

2455 5527 2538 5561 σιν
2592 5511 3015 5579 παρατείνασαν,
3065 5509 3092 5559 ὁ
3122 5507 3191 5559 ἐν
3225 5507 3301 5576 τῷ
3342 5504 3452 5571 ναῷ
3500 5503 3676 5572 lapsi»;
3704 5502 3801 5570 τὴν
3839 5500 4008 5566 κόρην

2452 5601 2631 5660 ὀρῶν,
2679 5602 2769 5654 καὶ
2813 5599 2918 5654 τῶν
2967 5598 3392 5669 εὐχαριστηρίων
3441 5595 3674 5661 ἁκούων,
3733 5587 4010 5661 διαπορῶν

891 5764 937 5797 ¹⁸
972 5765 1103 5820 Dan.
1137 5783 1243 5833 ιιι,
1283 5765 1372 5823 '55.
1451 5768 1492 5800 "
1520 5767 1636 5822 Act.
1671 5782 1784 5832 \‘lll,
1823 5766 1910 5822 39.
1989 5768 2031 5798 ’°
2061 5764 2196 5822 I'sal.
2225 5777 2438 5829 cum,
2468 5761 2517 5812 .6.
