4226 6418
238 391 256 452 1
272 386 342 445 57

1114 390 1574 451 ΜΑΒΤΥΗΙΗΜ
1611 389 1672 452 S.
1709 388 1972 448 (ΞῙΙΒΙΕ
2014 392 2106 450 ΕΤ
2139 392 2545 455 SOCIORUM.

3354 398 3453 462 158

233 488 327 560 ἦν.
374 491 505 545 Εἶτα
551 495 716 564 ἡρετο
756 496 1069 563 προσελθὼν
1095 501 1195 568 τὴν
1221 502 1419 569 αἰτίαν,
1468 502 1537 553 δι’
1561 501 1626 570 ἢν
1658 498 1799 551 οὓτω
1825 499 1873 556 Α
1900 530 1902 546 ι

1783 517 1799 550 ›
1825 499 1873 556 Α
1900 501 2203 557 dubitabat.
2239 503 2441 557 Deinde
2479 502 2762 566 accedens,
2815 502 3035 571 rogabat
3080 519 3320 565 causam,
3355 524 3452 561 cur

233 600 294 636 τε
347 587 757 655 προσευχομένη
794 585 1053 656 ὠδύρετο,
1084 592 1181 644 καὶ
1208 592 1444 646 τοσαῦτα
1501 593 1682 659 ἐκχέοι
1728 592 1795 642 τα

231 677 465 743 δάκρυα,
498 677 590 727 καὶ
620 677 758 745 ὑπὲρ
787 678 904 730 ὅτου
934 680 1032 741 τὰς
1082 683 1429 749 εὐχαριστίας
1472 684 1795 750 προσφέροι.

242 766 309 818 Ἦ
339 767 397 816 δὲ
431 767 576 832 αὐτῷ
613 767 790 821 πάντα
837 768 1034 839 διεξῄει
1062 771 1131 823 τά
1162 774 1276 825 κατ’
1310 773 1499 839 αὑτὴν,
1548 773 1694 831 ὅπως
1732 787 1793 823 τε

228 856 309 922 τῷ
351 855 532 921 Γότθῳ
592 857 741 924 παρά
795 860 891 925 τῆς
928 861 1133 929 μητρὸς
1194 864 1517 930 συναφθεέη,
1578 864 1670 914 καὶ
1720 861 1794 923 ὡς

228 948 404 1012 τούτῳ
434 949 884 1017 συναποδημήσαι
915 954 1025 1014 τοῖς
1056 954 1241 1022 ὅρκοις
1268 954 1625 1016 πιστεύσασα,
1646 955 1792 1015 ὅπως

228 1054 289 1088 τε
323 1039 383 1088 τὸ
420 1037 609 1105 τεχθὲν
641 1039 777 1109 αὑτῇ
811 1040 915 1093 ὑπὸ
953 1041 1030 1110 τῷ
1063 1042 1241 1112 Γότθῳ
1276 1045 1552 1113 φαρμάκῳ
1583 1043 1791 1112 ζημιω-

231 1126 377 1194 θείη,
422 1127 515 1177 καὶ
571 1128 715 1185 ὅπως
770 1130 847 1199 τῷ
885 1132 1039 1201 τάφῳ
1069 1134 1507 1203 κατακλεισθείη,
1548 1136 1641 1187 κα)⁵
1672 1137 1793 1197 οἵας

230 1219 331 1286 τῆς
382 1216 548 1286 τύχης
605 1222 941 1287 πειράσαιτο,
1001 1224 1096 1276 καὶ
1156 1227 1276 1287 οῖας
1327 1226 1426 1294 τῆς
1473 1227 1791 1294 ἀπαλλαγῆς

235 1307 393 1373 παρά
424 1310 534 1360 τῶν
572 1310 742 1373 ἁγίων
774 1310 947 1377 τύχοι.
985 1311 1200 1363 Τούτων
1234 1315 1261 1364 ό
1317 1314 1498 1381 ίερεὺς
1527 1313 1790 1373 ἀκούσας.

232 1398 485 1460 ἐξίστατο
521 1399 739 1461 ἑαυτοῦ,
788 1401 1104 1469 διηπορεῖτο
1136 1400 1211 1470 τῷ
1247 1401 1460 1471 μεγέθει
1518 1401 1610 1455 τοῦ
1666 1402 1795 1454 θαύ-

236 1507 430 1555 ματος,
466 1491 600 1557 πρδς
628 1492 887 1542 ἀπιστίαν
919 1493 1011 1542 καί
1042 1492 1225 1543 πίστιν
1272 1493 1369 1561 τὴν
1399 1492 1575 1561 ψυχὴν
1608 1494 1795 1561 ιμερί-

235 1577 384 1637 ζετο.
415 1579 579 1631 Ὅθεν
614 1581 708 1632 καὶ⁵
741 1580 859 1631 τελε
887 1582 1072 1648 ότερον
1121 1582 1191 1634 τὰ
1230 1584 1346 1635 κατ’
1376 1583 1544 1651 αὑτὴν
1594 1599 1795 1636 πιστω-

237 1666 401 1733 θῆναι
444 1666 766 1735 βουλόμενος
800 1670 881 1731 τίς
920 1688 975 1722 τε
1006 1674 1037 1739 ή
1079 1674 1260 1742 μήτηρ
1292 1676 1386 1741 τῆς
1418 1677 1585 1742 κόρης
1631 1677 1794 1726 {nov-

1900 596 1978 649 sic
2024 610 2185 648 orans
2212 595 2622 653 lamentaretur,
2666 604 2723 647 et
2758 603 2864 647 tam
2906 595 3103 649 multas
3145 597 3453 651 effunderet

1900 685 2184 754 lacrymas,
2211 694 2265 737 et
2294 700 2390 753 pro
2422 700 2529 752 quo
2567 684 2791 737 oﬂ‘erret
2820 686 3112 752 gratiarum
3155 689 3449 741 actionem.

1900 774 1990 827 Illa
2020 784 2201 826 autem
2229 773 2279 827 ei
2314 774 2549 826 narravit
2582 787 2693 826 rem
2730 787 2965 835 omnem,
2991 774 3449 841 quemadmodum

1897 875 1951 917 et
1990 865 2191 918 Gottbo
2237 879 2266 916 a
2312 873 2482 916 matre
2526 866 2713 931 juncta
2760 862 2950 915 fuisset
2991 865 3357 924 matrimonio,
3394 873 3451 916 et

1898 955 2355 1026 quemadmodum
2388 971 2508 1009 cum
2538 971 2602 1008 eo
2633 957 2875 1017 abiisset,
2906 956 3061 1007 Iidem
3092 956 3298 1008 habens
3325 957 3449 1008 dato

1897 1050 1965 1102 ab
2006 1065 2070 1102 eo
2099 1048 2450 1119 jurejurando
2491 1065 2503 1099 :
2540 1056 2593 1100 et
2635 1047 3087 1115 quemadmodum
3142 1050 3299 1105 fetus,
3352 1050 3442 1114 qui

1899 1142 2099 1195 Gottho
2122 1157 2183 1193 ex
2207 1157 2266 1193 ea
2288 1151 2402 1193 erat
2432 1149 2607 1201 natus,
2645 1154 2849 1191 veneno
2883 1139 3162 1206 periissetv:
3185 1147 3237 1191 et
3259 1153 3451 1206 quem-

1898 1225 2187 1281 admodum
2235 1227 2423 1280 fuisset
2472 1228 2679 1280 inclusa
2727 1227 2777 1277 in
2826 1227 3094 1293 sepulcro,
3145 1235 3198 1279 et
3238 1227 3448 1293 qualem

1896 1328 2117 1385 experta
2153 1329 2294 1371 esset
2339 1317 2632 1378 fortunam,
2665 1325 2717 1369 et
2750 1318 2963 1383 qualem
3011 1332 3036 1367 a
3070 1316 3271 1369 sanctis
3304 1331 3449 1368 asse-

1895 1417 2018 1461 cuta
2051 1417 2193 1461 esset
2223 1409 2621 1460 liberatiOnem.
2669 1406 2789 1458 Hec
2821 1421 2941 1457 cntn
2975 1406 3233 1458 audiisset
3262 1421 3444 1458 sacer-

1896 1497 2014 1555 dos.
2044 1513 2073 1551 a
2104 1513 2159 1551 se
2198 1500 2353 1566 plane
2384 1497 2715 1553 discedebat.
2753 1498 3030 1548 dubitabat
3068 1504 3287 1563 propter
3332 1512 3445 1548 ma-

1896 1589 2231 1657 gnitudinem
2280 1590 2418 1656 ejus.
2456 1586 2599 1656 quod
2640 1588 2963 1639 narrabatur
3017 1607 3027 1637 :
3068 1587 3448 1639 incredulitate

1895 1690 1951 1734 et
1980 1681 2080 1733 ﬁde
2108 1683 2226 1747 ejus
2252 1679 2598 1732 dividebatur
2627 1680 2861 1730 animus.
2887 1677 3036 1731 Unde
3066 1679 3228 1728 etiam
3262 1677 3449 1728 volens

236 1756 452 1858 θανετο,
482 1759 590 1859 ..καὶ
642 1754 853 1826 ἧστινος
909 1760 1133 1830 ὥρμητο
1183 1762 1281 1831 τῆς
1328 1765 1522 1827 οἰκίας.
1568 1765 1676 1832 Τῆς
1734 1767 1788 1818 δὲ
1824 1794 1905 1859 Bt

1781 1783 1788 1816 ι
1824 1805 1865 1859 Β
1901 1772 1966 1824 de
1995 1787 2058 1825 ea
2114 1772 2315 1823 certior
2355 1770 2491 1831 fieri,
2535 1769 2756 1836 rogabat
2799 1783 3042 1835 quaenam
3090 1776 3234 1819 esset
3281 1777 3450 1818 mater

234 1848 410 1900 ταῦτα
440 1849 515 1917 τῷ
542 1850 675 1917 ίερεῖ
698 1850 1143 1921 ἀποκριναμένης
1172 1854 1267 1922 τὴν
1293 1855 1391 1923 μὲν
1419 1857 1587 1925 κόρην
1620 1856 1789 1919 οὕτως

236 1942 295 1990 ιν
325 1939 401 2007 τῷ
432 1939 542 2007 ναῷ
576 1941 814 2007 κατέχει,
876 1945 1288 2010 μεταστέλλεται
1319 1947 1374 1999 δὲ
1421 1949 1517 2017 τὴν
1576 1949 1791 2017 μητέρα

238 2035 379 2097 πρὸς
424 2036 636 2087 ἑαυτὸν.
677 2036 738 2087 Ἦ
779 2037 834 2088 δὲ
885 2038 977 2089 τὸν
1023 2038 1311 2108 εὑκτὴριον
1360 2039 1509 2093 οἶκον
1562 2043 1794 2093 καταλα-

235 2121 430 2184 ϐοῦσα,
487 2124 579 2174 καὶ
614 2123 711 2192 τὴν
769 2123 1063 2194 θυγατέρα,
1121 2128 1197 2195 τῷ
1250 2128 1386 2196 ἱερεῖ
1434 2130 1792 2198 παρεστῶσαν

235 2210 493 2277 ἐξαίφνης
524 2210 853 2281 θεασαμένη,
882 2217 1071 2281 πρῶτα
1110 2216 1210 2283 μὲν
1246 2218 1558 2286 περιϐάλλει
1587 2218 1790 2287 ταύτην

234 2302 330 2351 καὶ
378 2300 593 2371 θερμῶς
649 2303 1113 2370 προσπτύσσεται,
1161 2305 1253 2358 τοῦ
1298 2307 1521 2377 φίλτρου
1576 2311 1791 2372 πάντως

237 2392 425 2452 ἁπλῶς
458 2394 735 2455 ποιοῦντος
765 2396 823 2447 τὸ
856 2396 984 2449 [διον
1009 2413 1022 2428 ο
1067 2391 1185 2450 εἶτα
1220 2399 1313 2450 ἐπὶ
1345 2399 1476 2452 πολὺ
1503 2401 1594 2452 καὶ
1625 2401 1755 2471 ἀλλή
1775 2432 1787 2441 ο

236 2484 356 2543 λαις
383 2483 840 2551 ιφησυχάζουσαι,
877 2488 976 2554 τῆς
1014 2489 1267 2556 οἰμωγῆς
1313 2490 1501 2553 αὑταῖς
1540 2492 1637 2561 τὴν
1682 2511 1789 2559 φω-

236 2576 335 2641 νὴν
364 2576 686 2646 ἐπεχούσης,
726 2577 952 2630 καὶτῶν
988 2579 1237 2647 δακρύων
1263 2579 1361 2650 τὴν
1410 2582 1625 2649 ὁμιλίαν
1674 2584 1792 2635 δια-

237 2666 546 2717 κοπτόντων
573 2684 585 2698 ·
635 2668 733 2735 τῆς
765 2669 866 2737 μιν
903 2669 1012 2739 γὰρ
1058 2670 1357 2742 ὑπέθραττε
1403 2674 1501 2744 τὴν
1528 2677 1703 2744 ψυχὴν
1757 2678 1787 2746 ή

240 2760 367 2818 παῖς
416 2758 669 2826 ὁρωμένη
709 2759 767 2812 εν
815 2760 1075 2824 δουλικοῖς
1118 2763 1381 2830 ἐνδύμασι
1411 2766 1504 2818 καὶ
1551 2769 1789 2837 προσχή-

242 2863 399 2913 μασι.
440 2850 472 2917 η
514 2849 753 2919 θυγάτηρ
801 2852 858 2905 δὲ
911 2854 1073 2905 πάλιν
1126 2854 1417 2923 ἑπλήττετο
1442 2857 1539 2924 τὴν
1566 2860 1791 2926 καρδίαν

240 2938 322 2989 δτι
378 2941 470 2991 ἐπὶ
528 2945 786 3008 χρησταῖς
836 2943 1013 2996 ἐλπίσι
1046 2945 1145 3011 τῆς
1205 2948 1409 3015 μητρὸς
1453 2949 1788 3015 διαζυγεῖσσ,

238 3029 411 3091 οὕτως
461 3033 726 3099 ἐπανῆκεν
762 3036 995 3102 ἀτίμως,
1054 3037 1127 3097 ὠς
1161 3037 1509 3090 ἐκκαλεῖσθαι
1556 3043 1646 3092 καὶ
1685 3042 1791 3093 ἀπὺ

1900 1862 2107 1930 puellae.
2139 1870 2193 1913 et
2227 1876 2255 1913 e
2294 1876 2398 1927 qua
2434 1861 2593 1912 domo
2637 1870 2781 1911 esset
2824 1869 2958 1910 orta.
2998 1856 3131 1909 Cum
3176 1872 3236 1909 ea
3269 1865 3447 1908 autent

1897 1954 2263 2021 respondisset
2295 1950 2585 2013 sacerdoti,
2621 1952 2665 2002 is
2700 1950 2918 2016 quidem
2960 1949 3192 2016 puellam
3228 1948 3279 1999 in
3316 1957 3449 2000 tem-

1895 2045 1983 2113 plo
2028 2045 2276 2106 detinet,
2347 2054 2571 2096 matrem
2609 2054 2786 2093 autem
2837 2044 2899 2094 ad
2949 2058 3004 2094 se
3050 2044 3302 2094 accersit.
3357 2041 3450 2093 Ill:

1902 2152 2032 2189 vero
2062 2152 2185 2189 cum
2232 2135 2296 2188 ad
2329 2135 2497 2187 aedem
2540 2134 2773 2187 venisset
2817 2134 3132 2194 oratoriam,
3180 2141 3233 2185 et
3287 2134 3447 2184 filiam

1894 2227 2158 2281 sacerdoti
2200 2228 2540 2278 assistentcm
2582 2235 2806 2290 repente
2848 2227 3169 2290 aspexisset,
3216 2226 3448 2292 primmn

1892 2318 2109 2388 quidem
2156 2333 2274 2371 eam
2307 2315 2563 2369 ardenter
2602 2315 2965 2381 amplectitur,
3003 2329 3185 2367 amore
3227 2316 3450 2368 omnino

1898 2426 1998 2465 suo
2050 2411 2305 2477 fungente
2345 2406 2539 2460 oﬂicio.
2582 2405 2783 2458 Deinde
2834 2406 2925 2458 diu
2979 2406 3117 2458 inter
3162 2420 3218 2457 so
3267 2407 3447 2469 silent,

1892 2501 2040 2554 luctu
2094 2514 2281 2552 vocem
2331 2498 2680 2565 reprimentc,
2732 2507 2787 2549 et
2843 2497 3092 2564 lacrymis
3140 2512 3443 2549 sermonem

1892 2590 2433 2656 interrumpentibus.
2484 2587 2613 2639 Nam
2664 2588 2849 2639 matris
2897 2588 3117 2654 quidem
3169 2587 3447 2654 frangebat

1892 2684 2129 2735 animum
2168 2680 2294 2739 lilia,
2327 2692 2445 2743 qua:
2473 2676 2797 2729 cernebatur
2837 2678 2889 2728 in
2937 2676 3122 2728 servili
3168 2678 3363 2728 vestitu
3398 2686 3450 2727 et

1897 2773 2108 2825 habitu.
2167 2771 2299 2823 Filia
2352 2778 2529 2821 autem
2598 2783 2787 2820 rursus
2842 2768 3021 2819 animo
3082 2768 3446 2827 sauciabatur,

1892 2859 2036 2929 quod
2087 2859 2227 2911 bona
2265 2873 2377 2926 spe.
2424 2872 2451 2909 ιι
2499 2867 2669 2909 matre
2716 2858 3005 2923 disjuncta,
3062 2865 3169 2908 tam
3221 2858 3452 2924 turpiter

1894 2956 2165 3019 rediisset,
2204 2966 2260 3007 nt
2302 2954 2384 3004 vel
2417 2953 2531 3004 solo
2563 2961 2780 3002 asnectu
2831 2956 3148 3015 provocaret
3180 2948 3243 2997 ad
3290 2947 3450 2998 mise-

1895 3044 2202 3098 ricordiam.
2240 3042 2374 3094 Cum
2415 3054 2541 3105 ergo
2574 3040 2659 3091 vix
2712 3039 2924 3090 tandem
2966 3047 3138 3088 mater
3182 3050 3238 3087 se
3283 3034 3446 3086 colle—

242 3120 411 3186 μόνης
440 3121 537 3190 τῆς
576 3122 703 3185 θέας
742 3124 832 3175 τδν
868 3124 1032 3179 ἔλεον.
1063 3127 1233 3187 Μόλις
1258 3126 1389 3193 γοῦν
1415 3130 1446 3197 ἡ
1483 3130 1666 3199 μήτηρ
1695 3132 1790 3198 τῆς
1818 3151 1859 3212 C
1895 3152 1911 3205 ς

1773 3150 1859 3212 :c
1895 3137 2057 3205 gisset
2107 3135 2172 3188 ab
2223 3132 2415 3186 acerba
2466 3131 2553 3183 illa
2607 3130 2947 3188 confusione,
3004 3128 3210 3193 rogavit
3261 3124 3442 3187 ﬁliam,

240 3212 445 3277 πικρᾶς
494 3214 714 3281 ἐκεί-,ης
767 3215 1131 3281 ἀνενεγκοῦσα
1157 3218 1465 3285 συγχύσεως
1494 3221 1788 3273 ἀνεπυνθά-

239 3318 364 3354 νετο
393 3303 489 3371 τῆς
524 3305 711 3367 παιδὸς
756 3307 877 3358 τίνα
907 3324 962 3359 τε
993 3308 1127 3376 αὑτῇ
1160 3310 1227 3370 τά
1262 3310 1661 3376 συμϐεϐηκότα,
1694 3315 1787 3364 καὶ

237 3393 389 3454 ὅπως
416 3394 679 3460 ἐπανῆκε,
711 3397 802 3448 καὶ
818 3398 869 3447 τί
902 3397 962 3449 τὸ
987 3398 1243 3460 δουλικῶς
1270 3399 1437 3467 αὑτὴν
1463 3398 1603 3452 οὕτω
1634 3418 1788 3471 περι-

238 3482 537 3549 ϐεϐλῆσθαι
573 3484 825 3549 ποιῆσαν.
862 3487 925 3540 'H
954 3489 1007 3541 δὲ
1039 3488 1218 3543 πάντα
1246 3489 1311 3542 τὰ
1342 3488 1461 3541 κατ’
1492 3489 1659 3560 αὑτὴν
1714 3494 1786 3557 ῶς

238 3569 355 3641 εἶχε
405 3576 469 3642 τῇ
529 3577 693 3643 μητρὶ
744 3577 963 3646 διεξῄει,
998 3581 1124 3647 ἡδέα
1180 3582 1316 3648 μετά
1348 3581 1445 3650 τήν
1477 3584 1789 3653 ἀπαλλαγὴν

235 3662 368 3713 ὅντα
402 3664 494 3715 καὶ
525 3664 799 3731 λέγεσθαι,
833 3669 925 3719 καὶ
957 3670 1268 3727 ἀκούεσθαι.
1321 3674 1474 3729 Ἐπεὶ
1505 3672 1598 3729 οὖν
1632 3679 1723 3728 καὶ
1756 3678 1786 3744 ἡ

239 3754 447 3823 μήτηρ,
491 3755 559 3806 τὰ
589 3756 683 3807 τοῦ
710 3756 844 3808 Θεοῦ
872 3775 931 3810 τε
965 3761 1059 3812 καὶ
1087 3762 1194 3814 τῶν
1226 3763 1576 3833 ὁμολογητῶν
1625 3769 1788 3820 αὑτοῦ

237 3844 335 3894 καὶ
368 3846 660 3914 μαρτύρων
686 3850 763 3909 είς
792 3848 890 3919 τὴν
920 3849 1189 3923 θυγατέρα
1243 3857 1499 3922 γεγονότα
1532 3858 1791 3925 τεράστια

235 3934 470 3987 ἐπύθετο
516 3938 642 4005 παρ’
678 3939 865 4006 αὑτῆς,
901 3942 1078 3994 πᾶσαν
1126 3945 1342 4013 εκείνην
1371 3946 1471 4013 τὴν
1515 3948 1727 4017 ἡμέραν
1763 3952 1789 4001 ό

237 4027 526 4094 εὐκτήριος
555 4029 661 4080 τῶν
694 4031 984 4100 μαρτύρων
1011 4031 1158 4095 οἶκος
1191 4038 1503 4106 ἀμφοτέρας
1534 4036 1645 4105 εἶχε
1698 4057 1790 4108 με-

235 4116 574 4181 γαλυνούσας
621 4120 713 4171 τὸν
753 4121 956 4189 Κύριον
988 4139 1001 4152 ·
1035 4123 1273 4192 ἑσπέρας
1303 4127 1357 4176 δὲ
1396 4129 1518 4195 ἀρτι
1548 4130 1786 4181 καταλα-

236 4207 440 4273 ϐούσης
474 4208 644 4270 ἐξίασι
697 4210 789 4262 τοῦ
836 4210 959 4275 νεὼ,
1009 4214 1101 4265 καὶ
1136 4214 1213 4282 τῷ
1238 4214 1378 4285 οἴκῳ
1428 4218 1524 4285 μὲν
1582 4219 1787 4271 ἑαυτῶν

235 4298 575 4350 ἀποδίδονται
603 4315 615 4329 ·
648 4302 713 4368 τῇ
744 4302 968 4373 ιπιούσῃ
995 4302 1050 4355 δι
1080 4294 1329 4375 πανταχῆ
1386 4323 1443 4358 τε
1473 4309 1534 4359 τὸ
1565 4310 1785 4375 γεγονὸς

234 4386 507 4451 διεδίδοτο,
541 4392 631 4440 καὶ
660 4392 719 4441 τὸ
752 4389 947 4461 πλῆθος
974 4395 1063 4446 ἐπὶ
1089 4397 1188 4465 τὴν
1220 4399 1389 4465 κόρην
1423 4400 1516 4449 καὶ
1549 4400 1657 4452 τῶν
1690 4402 1783 4454 ἀλ-

1894 3244 2138 3299 quamam
2162 3228 2209 3280 ei
2238 3227 2579 3283 accidissent.
2608 3234 2661 3277 et
2687 3221 3141 3291 quemadmodum
3174 3220 3444 3279 rediisset,

1891 3332 1943 3374 et
1977 3319 2231 3388 quidnam
2280 3316 2471 3370 fecerit
2509 3331 2625 3368 eain
2677 3314 2826 3367 indui
2873 3322 2977 3365 tam
3025 3310 3316 3364 serviliter.
3349 3308 3443 3361 Illa

1894 3418 2070 3462 autem
2108 3407 2345 3460 narravit
2386 3405 2565 3457 omnia
2604 3404 2780 3462 matri,
2821 3411 2877 3454 ut
2908 3415 2964 3454 se
3003 3399 3292 3456 habebant,
3321 3412 3447 3463 quia:

1897 3512 2014 3569 post
2039 3500 2414 3552 liberationem
2446 3503 2601 3548 erant
2626 3493 2865 3561 jucunda
2892 3501 2946 3543 et
2967 3491 3115 3542 dictu
3150 3499 3203 3541 et
3232 3488 3444 3538 auditu.

1892 3594 2024 3647 Cum
2060 3605 2188 3658 ergo
2221 3599 2413 3649 mater,
2448 3600 2567 3655 quae
2607 3601 2633 3635 a
2669 3585 2776 3636 Deo
2812 3592 2864 3634 et
2894 3584 3009 3648 ejus
3044 3578 3447 3632 confessoribus

1891 3692 1947 3734 et
1976 3679 2306 3748 martyribus
2347 3677 2484 3729 facta
2532 3676 2748 3727 fuerant
2779 3674 2831 3724 in
2868 3672 3030 3723 ﬁliam
3066 3669 3346 3727 miracula,
3380 3667 3446 3717 ab

1891 3789 1952 3825 ea
2003 3770 2337 3829 audivisset,
2388 3775 2558 3819 totum
2627 3766 2777 3817 illum
2835 3765 2975 3816 diem
3023 3761 3256 3812 oratoria
3306 3762 3448 3810 ades

1892 3873 2189 3933 martyrum
2220 3862 2406 3913 ambas
2436 3858 2626 3910 liabuit
2658 3858 2946 3908 Dominum
2982 3852 3283 3905 laudantes.
3310 3848 3443 3901 Cum

1891 3957 2127 4009 venisset
2176 3963 2355 4005 autem
2406 3964 2651 4016 veSpera.
2700 3946 3057 4015 egrediuntur
3090 3958 3119 3995 e
3161 3943 3360 4008 templo
3392 3949 3446 3992 et

1886 4046 2109 4098 domum
2162 4050 2527 4094 revertuntur.
2582 4039 2673 4091 Die
2717 4053 2846 4090 vero
2882 4035 3151 4102 sequenti,
3198 4043 3252 4084 et
3302 4031 3442 4098 quod

1890 4135 2086 4186 factum
2111 4131 2305 4194 fuerat,
2332 4131 2382 4182 itt
2404 4144 2618 4181 omnem
2645 4137 2847 4195 partem
2875 4128 2975 4178 fuit
2997 4123 3438 4177 disseminatum:

1888 4232 1940 4277 et
1977 4222 2269 4276 multitudo
2295 4218 2600 4273 confluebat
2625 4218 2688 4269 ad
2716 4218 2950 4285 puellam
2978 4230 3164 4267 eorum
3192 4214 3280 4277 qui
3311 4212 3442 4263 alio-

1891 4316 1983 4383 qui
2019 4312 2082 4365 ad
2114 4327 2237 4365 eam
2260 4310 2580 4368 attinebant,
2616 4309 2890 4372 Deumque
2934 4304 3091 4356 simul
3125 4317 3245 4353 eum
3276 4314 3359 4359 ea,
3391 4310 3443 4351 et

1889 4421 2005 4469 eos,
2030 4406 2119 4473 qui
2154 4413 2371 4472 propter
2403 4403 2576 4469 ipsum
2612 4398 2753 4466 passi
2785 4398 3019 4457 fuerant,
3051 4396 3438 4462 glorificantes.

233 4476 342 4537 λως
400 4480 785 4548 προσηκόντων
840 4484 1155 4553 συνέρρεον,
1216 4487 1308 4537 τὸν
1365 4486 1499 4539 Θεόν
1594 4506 1650 4540 τε
1707 4490 1822 4559 ἅμα
1860 4495 1996 4562 αὐτῇ
2049 4495 2140 4544 καὶ
2194 4492 2320 4549 τοὺς
2368 4490 2435 4539 δι’
2496 4488 2654 4539 αὑτὸν
2747 4484 3014 4544 παθόντας
3079 4484 3262 4547 ἁγίους
3328 4482 3412 4531 tor}

238 4570 426 4634 ξαζον.

306 4664 438 4718 KE’.
488 4664 675 4734 Χρόνῳ
722 4666 779 4717 δὲ
838 4664 1097 4735 ὕστερον,
1131 4665 1262 4731 Θεδς
1330 4669 1357 4719 ὀ
1408 4669 1515 4721 τῶν
1572 4672 1785 4741 ὲκδική-
1818 4678 1867 4736 D
1962 4673 1975 4726 ἶ

1773 4702 1785 4711 -
1818 4678 1867 4736 D
1962 4671 2123 4726 XXV.
2160 4666 2463 4736 Aliquando
2507 4674 2685 4719 autem
2725 4671 2845 4730 post
2887 4673 3125 4728 tempore
3162 4661 3301 4711 Deus
3343 4660 3442 4711 Du-

238 4768 381 4805 σεων
456 4752 695 4819 Κύριος,
743 4753 1220 4821 ιπαρρησιάσατο,
1275 4754 1459 4823 ὑψώθη
1518 4758 1545 4808 ὀ
1593 4759 1790 4827 κρίνων

236 4845 336 4911 τὴν
402 4840 522 4909 ﬁt,
582 4842 860 4895 ἀπέδωκεν
915 4843 1284 4895 ἀνταπόδυσιν
1345 4849 1456 4907 τοῖς
1509 4847 1788 4917 ὑπερηφά-

238 4946 371 4992 νοις.
404 4931 639 4999 Πέρσαις
695 4931 802 5000 γὰρ
846 4930 1059 4985 Οὕννων
1099 4932 1515 5003 προσθεμένων,
1550 4939 1791 5001 καὶτοὺς

238 5022 369 5088 περὶ
411 5019 510 5089 τὴν
562 5021 821 5075 Ἔδεσσαν
882 5022 1079 5086 τόπους
1156 5025 1235 5076 ιτι
1310 5027 1787 5096 κατατρεχόντων,

240 5114 515 5165 στέλλεται
573 5112 672 5181 μιν
747 5114 843 5166 καὶ
915 5110 1069 5177 αὖθις
1132 5116 1452 5179 Ἐδεσσινοῖς
1519 5121 1598 5178 είς
1650 5137 1790 5187 συμ-

242 5200 443 5270 μαχίαν
503 5201 651 5271 παρά
721 5201 1002 5271 Ῥωμαίων
1068 5205 1332 5271 στρατὸς,
1380 5199 1537 5271 ὲφ⁹ᾦ
1587 5208 1694 5260 τῶν
1732 5210 1786 5261 δὲ

239 5288 319 5354 εἷς
367 5289 435 5363 ἧν
462 5292 553 5344 καὶ
606 5294 635 5345 6
676 5294 843 5354 πολὺς
876 5293 973 5362 τὴν
1010 5293 1309 5363 μοχθηρίαν
1338 5296 1553 5363 Γότθος,
1596 5300 1683 5350 καὶ
1721 5303 1784 5369 τῇ

234 5384 333 5450 τῆς
398 5382 649 5454 γυναικὸς
713 5384 861 5454 οἰκίᾳ
910 5385 1071 5439 πάλιν
1118 5388 1405 5457 ἐπιδημεῖ·
1450 5390 1704 5459 ἐπιδημεῖ
1729 5392 1785 5444 δι

235 5472 576 5535 πεποιθότως
651 5472 746 5525 ﬁt:
807 5474 1056 5543 γαμϐρὸς
1129 5478 1282 5547 ἑστίᾳ
1338 5479 1632 5547 πενθερικῇ
1692 5483 1785 5532 καὶ

237 5564 404 5633 μηδὶν
453 5558 529 5617 ὧν
557 5566 612 5617 ιν
643 5564 721 5634 τῷ
753 5566 949 5633 ἀφανεῖ
975 5566 1334 5621 δπεϐούλευσε
1367 5570 1601 5639 φανερὸν
1628 5570 1781 5638 γενε-

236 5655 364 5705 σθαι
401 5655 663 5708 ὑπονοῶν.
697 5655 905 5709 Γνοὺσα
940 5657 1117 5710 τοίνυν
1147 5660 1180 5728 ἡ
1224 5660 1323 5727 τῆς
1378 5660 1565 5720 παιδὸς
1600 5662 1777 5731 μήτηρ

238 5745 342 5804 τὴν
392 5744 480 5798 τοῦ
535 5746 725 5818 ἀνδρὸς
760 5748 1083 5817 παρουσίαν,
1113 5750 1211 5820 τὴν
1254 5751 1351 5819 μὲν
1381 5750 1654 5821 θυγατέρα
1705 5754 1768 5821 τῇ

1892 4768 2071 4820 minus
2119 4762 2381 4814 ultionum
2426 4758 2593 4810 libere
2643 4755 2770 4823 egit,
2821 4754 2872 4805 in
2927 4754 3093 4804 altum
3144 4754 3315 4804 elatus
3360 4762 3441 4801 est

1888 4851 1979 4919 qui
2009 4849 2213 4919 judicat
2248 4856 2465 4906 terram,
2498 4844 2731 4897 reddidit
2761 4841 3013 4908 superbis
3056 4840 3445 4892 remuneratio-

1889 4956 2033 4995 nem.
2063 4940 2191 4994 Nam
2219 4951 2340 4991 cum
2372 4934 2547 4987 Hunni
2581 4934 2759 4986 Persis
2790 4946 2845 4984 se
2875 4931 3267 4997 adjunxisscnt,
3301 4937 3355 4981 et
3386 4929 3439 4978 in

1887 5032 2029 5096 loca,
2056 5045 2174 5099 qua:
2201 5035 2357 5081 erant
2383 5026 2524 5079 circa
2563 5023 2837 5083 Edessam,
2867 5022 3045 5074 adhuc
3081 5021 3317 5073 facerent
3352 5020 3433 5071 in-

1890 5121 2185 5181 cursiones,
2213 5131 2402 5170 rursus
2430 5116 2646 5184 quidem
2671 5113 2734 5166 ad
2761 5112 3061 5166 Edessenos
3086 5112 3137 5163 in
3170 5112 3427 5163 auxilium

1888 5226 1916 5262 a
1947 5210 2200 5263 Romanis
2249 5208 2483 5260 mittitur
2525 5205 2819 5259 exercitus.
2867 5203 3018 5256 l‘nus
3063 5187 3243 5254 autem
3270 5199 3436 5251 exiis

1892 5307 2010 5351 erat
2038 5304 2196 5351 etiam
2228 5296 2676 5350 seeleratissimus
2697 5293 2955 5356 Gottbus;
2988 5302 3043 5345 et
3073 5292 3221 5343 venit
3250 5304 3439 5343 rursus

1888 5390 1941 5443 in
1972 5389 2194 5442 domum
2231 5386 2493 5440 mulieris.
2518 5385 2677 5439 Venit
2711 5391 2890 5438 autem
2921 5383 3281 5441 confidenter,
3317 5390 3432 5431 tan-

1886 5496 2046 5549 quam
2082 5494 2247 5549 gener
2278 5479 2331 5531 in
2364 5478 2585 5531 domum
2631 5490 2841 5537 socrus,
2883 5473 3018 5526 nihil
3052 5486 3261 5533 eorum,
3312 5485 3436 5537 quae

1893 5570 2101 5625 occulte
2126 5578 2479 5639 perpetrarat,
2506 5567 2848 5620 manifestum
2874 5564 3110 5617 evasisse
3131 5562 3430 5629 suspicans.

1890 5663 2021 5716 Cum
2052 5676 2180 5729 ergo
2210 5661 2549 5729 cognovisset
2578 5668 2748 5711 mater
2774 5658 2892 5725 ejus
2920 5654 3234 5712 adventum,
3268 5651 3429 5704 filiam

1889 5753 2106 5821 quidem
2143 5751 2371 5809 includit
2415 5751 2469 5805 in
2514 5749 2675 5804 domo
2722 5749 3004 5808 interiore,
3043 5744 3285 5814 cogitans
3318 5756 3430 5796 rem
