4270 6428
791 404 892 465 150

2003 398 2282 459 ΜΕΝΞῙΞ
2319 397 2752 461 NOVEMBER.

3890 395 3994 458 160

787 520 967 574 lacere
1013 514 1437 585 sapientiorem,
1497 527 1658 581 quam
1709 527 1829 580 qua
1881 511 2129 565 videatur
2180 525 2337 580 posse
2368 514 2403 569 Α

2408 553 2411 568 ,
2450 509 2702 581 ἐνδοτέρᾳ
2728 509 2874 580 οίκίᾳ
2904 510 3302 577 ἐγκατακλείει,
3334 510 3638 579 σοφώτερον
3664 509 3694 579 ἦ
3722 509 3860 560 κατὰ
3891 524 3958 574 γυ
3978 531 3996 546 ο

787 610 979 664 radere
1012 608 1065 660 in
1099 606 1403 660 mulierem.
1447 603 1540 657 llla
1581 613 1760 657 autem
1810 618 1935 657 eum
1980 603 2181 672 exeipit
2211 618 2334 656 cum

789 701 1005 770 gaudio,
1029 696 1302 766 quomodo
1331 698 1443 763 ipse
1470 711 1525 749 se
1553 695 1770 756 habeat,
1803 699 2174 760 interrogans;
2203 711 2339 764 quo-

789 791 950 844 modo
980 804 1108 841 vero
1156 788 1263 840 [ilia
1300 789 1401 839 iter
1431 787 1482 838 in
1515 787 1630 854 ejus
1660 785 1881 839 domum
1926 786 2254 850 confecerit;
2284 794 2340 839 et

788 875 1059 941 quomodo
1100 875 1172 926 sit
1217 881 1568 936 conservata;
1610 884 1666 925 et
1701 874 2179 938 quemadmodum,
2213 889 2337 928 cum

788 972 930 1017 esset
967 963 1207 1030 gravida,
1242 964 1510 1029 pepererit
1537 980 1550 1018 ;
1579 972 1631 1015 et
1659 962 1800 1028 quod
1830 972 2131 1030 pepererat.
2168 975 2340 1018 esset-

791 1068 858 1106 ne
908 1051 1197 1112 masculus,
1251 1065 1320 1102 an
1373 1050 1591 1102 lemiua.
1647 1051 1758 1118 Ego
1806 1054 1972 1115 enim,
2027 1054 2222 1122 inquit,
2273 1055 2340 1108 de

792 1145 946 1197 vobis
995 1159 1142 1197 eram
1187 1145 1334 1199 valde
1388 1144 1657 1206 sollicita,
1708 1159 1776 1198 ne
1825 1145 1977 1198 vobis
2023 1146 2076 1198 in
2121 1146 2242 1208 via,
2289 1154 2344 1200 et

793 1238 1026 1289 maxime
1061 1236 1183 1288 lilia:
1216 1251 1346 1290 mea:
1376 1219 1538 1304 grave
1570 1236 1773 1304 aliquid
1804 1236 2095 1299 accideret,
2132 1245 2191 1289 ut
2223 1252 2344 1305 qua:

792 1333 937 1379 esset
985 1340 1286 1393 praegnans,
1316 1332 1370 1378 et
1405 1326 1650 1393 pariendi
1700 1335 1910 1392 tempus
1936 1326 2047 1393 jam
2081 1326 2129 1379 ei
2176 1341 2345 1395 appe-

796 1425 954 1468 teret.
991 1414 1225 1468 Gottlius
1264 1424 1465 1477 autem,
1501 1421 1560 1466 ut
1602 1413 1693 1481 qui
1737 1429 1846 1467 non
1877 1429 1942 1468 ex
1973 1415 2040 1469 iis
2081 1431 2201 1483 qua:
2232 1416 2345 1484 ipse

795 1506 1030 1568 iecerat,
1077 1505 1172 1558 sed
1214 1521 1278 1557 ex
1327 1505 1390 1557 iis
1437 1520 1556 1572 quae
1608 1505 1898 1558 ineﬂ'abilis
1939 1505 2347 1574 dispensaverat

799 1597 1033 1656 bonitas,
1085 1596 1437 1664 responderet
1469 1615 1481 1650 :
1511 1596 1724 1660 Omnia,
1775 1597 2012 1660 dicebat,
2063 1607 2208 1651 recte
2242 1599 2348 1652 tuis

796 1702 1108 1741 successere
1141 1689 1412 1757 precibus.
1438 1687 1566 1742 Sine
1591 1690 1700 1742 ulla
1731 1699 1913 1743 autem
1941 1691 2184 1745 molestia
2205 1691 2346 1744 viam

800 1794 926 1832 cum
958 1789 1047 1831 tua
1077 1779 1183 1832 lilia
1214 1780 1541 1848 peregimus,
1566 1789 1621 1833 et
1650 1780 1716 1833 ad
1744 1781 1886 1835 aedes
1918 1797 2064 1836 meas
2095 1782 2348 1835 alacriter

800 1871 1177 1936 pervenimus;
1222 1871 1430 1937 peperit
1479 1880 1659 1924 autem
1712 1872 1880 1924 ﬁlium
1927 1873 2248 1938 masculum,
2299 1836 2403 1930 (ει1

801 1973 944 2010 nunc
975 1974 1103 2012 sana
1147 1969 1202 2012 et
1233 1959 1348 2012 lzeta
1384 1959 1478 2011 tibi
1518 1960 1801 2028 plurimam
1845 1978 1940 2030 per
1980 1978 2064 2017 tne
2097 1965 2226 2018 dicit
2267 1981 2354 2019 sa-

803 2050 990 2101 lutem.
1027 2049 1180 2113 Quod
1215 2051 1317 2104 nisi
1361 2062 1580 2120 repente
1621 2053 1770 2106 missi
1801 2068 2045 2108 essemus
2071 2056 2134 2109 ad
2171 2056 2352 2111 feren-

804 2139 930 2193 dum
963 2142 1243 2202 auxilium,
1271 2143 1382 2210 ipsa
1409 2158 1625 2212 quoque
1652 2144 1715 2196 ad
1757 2156 1807 2199 te
1840 2162 2053 2202 mecum
2082 2148 2349 2202 rediisset.

878 2313 1065 2368 XXVI.
1100 2317 1221 2369 llaec
1261 2332 1381 2369 cum
1417 2330 1587 2371 mater
1617 2319 1852 2385 audiret,
1896 2321 1972 2375 ira
2005 2322 2358 2390 replebantur

807 2414 860 2455 et
893 2407 1248 2459 versabantur
1290 2409 1408 2474 ejus
1439 2408 1668 2472 viscera,
1699 2420 1758 2463 ut
1787 2425 1906 2478 qua:
1951 2413 2360 2466 abetninaretur

810 2494 952 2546 bona
987 2496 1177 2560 verba,
1222 2498 1377 2550 factis
1411 2499 1623 2568 injustis
1659 2501 1813 2554 illita.
1861 2503 2066 2557 Deinde
2096 2519 2216 2557 eum
2249 2519 2358 2558 non

811 2593 994 2652 posset
1041 2588 1272 2654 amplius
1310 2587 1453 2641 ferre
1492 2591 1692 2658 justam
1742 2591 1900 2654 iram,
1948 2608 2067 2659 qua:
2103 2595 2152 2646 in
2189 2597 2361 2647 mani-

811 2674 1002 2726 festam
1043 2676 1334 2732 insnltabat
1387 2679 2084 2748 iniquitatem,.infremuit
2135 2697 2262 2741 tune
2308 2689 2361 2740 in

815 2765 1010 2826 virum,
1057 2767 1203 2818 omni
1263 2783 1330 2820 ex
1391 2779 1540 2836 parte
1589 2772 1747 2839 longe
1797 2772 2246 2840 iujustissimum;
2287 2786 2363 2839 et,

814 2853 856 2906 Ο
880 2855 1243 2918 [r:utdulente,
1276 2857 1471 2925 inquit,
1495 2869 1548 2912 et
1575 2861 1864 2927 parricida,
1888 2863 2015 2929 quid
2044 2863 2217 2916 fecisti
2243 2879 2363 2918 cum

818 2958 935 2997 mea
963 2944 1109 2996 ﬁlia?
1143 2945 1337 2998 lliecne
1387 2948 1515 3000 milii
1545 2950 1895 3017 jurejurando
1927 2951 2050 3004 dato
2077 2967 2138 3006 es
2165 2954 2369 3021 pollici-

818 3034 942 3085 tus?
969 3034 1192 3102 Proptcr
1239 3037 1424 3090 lia-ene
1461 3038 1804 3101 lidejussores
1831 3049 1886 3094 et
1918 3051 2181 3111 martyres
2235 3045 2365 3097 mihi

2435 605 2594 654 ναῐκα
2632 605 2861 672 πρᾶγμα
2893 603 3089 671 δρᾶσαι
3128 604 3495 672 διανοουμένη.
3549 602 3610 654 Ἢ
3648 603 3702 654 δὲ
3743 600 3878 668 μετὰ
3905 616 3998 652 πε-

2439 696 2716 764 ριχαρείας
2761 696 2922 748 αὐτὸν
2964 695 3303 764 ὑποδέχεται,
3353 696 3503 754 ὅπως
3551 693 3648 760 μὲν
3673 691 3842 757 οὔτως
3880 691 3996 759 ἔχοι

2437 783 2767 851 διερωτῶσα,
2800 783 2944 843 ὅπως
2980 783 3034 834 δὲ
3066 783 3165 850 τὴν
3204 783 3296 833 ἐπὶ
3328 781 3397 832 τὰ
3443 783 3619 832 οἰκεῖα
3653 780 3842 830 τούτου
3877 779 3998 829 όδὸν

2439 874 2471 941 ἡ
2513 873 2757 942 θυγάτηρ
2809 873 3075 939 διήνυσεν,
3108 874 3258 934 ὅπως
3294 889 3352 923 τε
3400 869 3654 937 διεσώθη.
3699 870 3792 921 καὶ
3837 868 4004 932 ἐγκύ-

2442 977 2556 1029 μων
2593 955 2725 1012 οὗσα
2753 962 2961 1023 τέτοκε,
2996 960 3088 1012 καὶ
3120 963 3147 1010 ὅ
3176 961 3312 1012 τιτὸ
3343 960 3552 1028 τεχθὲν,
3593 961 3761 1028 ᾱρῤιν
3792 960 3822 1025 ἢ
3859 957 3999 1022 θῆλύ

2440 1051 2605 1102 ἐστιν.
2665 1050 2810 1115 Ἐγὼ
2860 1052 2987 1116 γὰρ,
3045 1052 3196 1119 φησὶ.
3249 1051 3449 1118 πολλὴν
3503 1051 3601 1118 τὴν
3656 1052 3786 1116 περὶ
3844 1049 4003 1115 ὑμῶν

2441 1140 2740 1208 ἐποιούμην
2769 1142 3044 1208 φροντίδα,
3075 1142 3146 1209 μή
3178 1142 3282 1193 πού
3309 1158 3360 1192 τι
3397 1140 3534 1193 κατὰ
3561 1139 3657 1206 τὴν
3684 1139 4003 1204 ὁδοιπορίαν

2442 1231 2570 1298 ύμῖν
2604 1233 2698 1283 καὶ
2734 1230 2966 1299 μάλιστα
2996 1235 3058 1300 τῇ
3097 1233 3202 1300 ἐμῇ
3242 1231 3473 1301 Θυγατρὶ
3502 1231 3789 1298 συνενεχθῇ
3817 1230 4007 1296 δυσχε-

2447 1323 2560 1392 ρές,
2586 1322 2848 1388 ἐγκύμονί
2880 1339 2936 1372 τε
2987 1325 3080 1373 καὶ
3119 1323 3218 1390 ήδη
3256 1323 3390 1390 πρὸς
3417 1323 3476 1374 τὸ
3511 1322 3714 1374 τίκτειν
3753 1321 4010 1372 καθιστα-

2449 1413 2602 1481 μένῃ.
2647 1411 2756 1464 Καὶ
2794 1415 2822 1464 ὁ
2851 1413 3046 1474 Γότθος
3079 1412 3268 1481 ὥσπερ
3298 1414 3395 1464 οὐκ
3423 1412 3514 1478 ἀφ’
3543 1408 3619 1465 ὧν
3657 1412 3818 1470 αὐτὸς
3849 1411 4011 1478 ἐδρα-

2449 1518 2560 1568 σεν,
2592 1501 2706 1555 ἀλλ’
2738 1504 2831 1569 ἀφ’
2860 1497 2935 1556 ὧν
2993 1506 3024 1572 ἠ
3065 1505 3305 1572 ᾱρῤητος
3343 1505 3693 1574 ᾠκονόμησεν
3729 1503 4010 1570 ἁγαθότης

2447 1597 2544 1657 τὰς
2606 1596 2941 1664 ἀποκρίσεις
3008 1597 3367 1660 ποιούμενοςο
3410 1597 3496 1648 Ἐν
3555 1596 3770 1660 καλοῖς,
3828 1595 4009 1660 ἔλεγε,

2449 1686 2628 1740 πάντα
2659 1689 2780 1746 ταῖς
2811 1689 2931 1748 σαῖς
2963 1687 3272 1754 προσῆλθον
3308 1687 3511 1754 εύχαῖς.
3555 1687 3795 1746 Ἀλύπως
3827 1687 3882 1737 δὲ
3913 1686 4010 1736 καὶ

2450 1777 2548 1844 τὴν
2587 1776 2702 1828 ὁδὸν
2737 1777 2853 1844 ἅμα
2886 1779 2951 1845 τῇ
2988 1778 3054 1844 σῇ
3103 1775 3333 1844 θυγατρὶ
3383 1774 3736 1844 διηνύσαμεν,
3769 1776 3862 1826 καί
3894 1778 4012 1834 τοῖς

2455 1869 2606 1935 ἐμοῖς
2649 1866 2897 1933 εὐθύμως
2927 1865 3204 1933 ἀπεσώθη,
3233 1869 3324 1918 καὶ
3356 1867 3437 1918 ὅτι
3467 1866 3616 1916 τέκοι
3651 1864 3861 1916 παιδίον
3913 1865 4016 1933 ἄῤ-

2459 1961 2570 2026 ρεν,
2602 1960 2692 2008 καὶ
2725 1956 2816 2009 νῦν
2849 1957 2910 2007 ἐν
2941 1957 3100 2025 ὑγεία
3137 1956 3268 2009 οὖσα
3299 1959 3390 2008 καὶ
3422 1955 3676 2025 εὐθυμία,
3731 1956 3900 2007 πολλὰ
3952 1971 4014 2005 σε

2456 2047 2522 2100 δι’
2563 2047 2694 2115 ἐμοῦ
2729 2046 3127 2117 προσαγορεύει
3156 2065 3214 2099 τε
3245 2050 3334 2099 καὶ
3374 2046 3702 2106 ἀσπαζεται.
3739 2044 3799 2096 ΕΞ
3833 2045 3888 2095 δὲ
3935 2045 4016 2113 μὴ

2457 2139 2518 2188 ἐκ
2546 2137 2638 2188 τοῦ
2669 2137 2910 2203 ἁφνιδίου
2942 2137 3075 2205 προς
3112 2137 3424 2204 συμμαχίαν
3463 2136 3786 2203 ἐστάλημεν,
3839 2136 4014 2186 ἐπαν-

2456 2227 2589 2295 ῆκεν
2623 2227 2688 2278 ἂν
2723 2243 2805 2277 σοι
2843 2227 2935 2277 καὶ
2965 2227 3100 2293 αὐτὴ
3137 2226 3234 2277 σὺν
3267 2225 3410 2291 ἐμοί.

2533 2314 2678 2381 κεῖ.
2707 2315 2921 2366 Τούτων
2955 2315 2984 2381 ἡ
3020 2317 3202 2382 μήτηρ
3237 2313 3536 2376 ἀκούσασα,
3571 2313 3739 2382 ὀργῆς
3763 2329 3820 2363 τε
3853 2311 4018 2380 ἐπλη-

2465 2408 2621 2476 ροῦτο
2656 2407 2750 2458 καὶ
2787 2407 2854 2457 τὰ
2901 2405 3181 2471 σπλάγχνα
3256 2406 3564 2472 ἐστρέφετο,
3609 2405 3782 2472 ἔργων
3819 2404 4020 2455 ἀδίκων

2461 2497 2794 2548 ἐπίπλαστον
2820 2496 3196 2564 μυσαττομένη
3219 2496 3633 2564 χρηστολογίαν.
3660 2492 3791 2546 Εἶτα
3821 2494 4017 2562 μηκέτι

2462 2584 2732 2654 δυναμένη
2781 2586 3074 2651 διενεγκεῖν
3131 2585 3300 2650 θυμὸν
3361 2585 3566 2637 δίκαιον
3625 2588 3704 2646 εἰς
3777 2588 4019 2654 φανερὰν

2465 2677 2690 2745 ᾇττοντα
2724 2676 3085 2745 παρανομίαν.
3117 2674 3516 2744 ἐνεϐριμήσατό
3544 2693 3600 2727 τε
3635 2677 3710 2743 τῷ
3730 2677 3795 2728 τὰ
3841 2678 4017 2730 πάντα

2465 2770 2635 2838 ἀδίκῳ
2670 2770 2822 2838 ἀνδρὶ
2850 2771 2964 2832 καὶ,
2994 2770 3169 2832 Adita,
3200 2771 3357 2836 φησὶ,
3391 2768 3482 2820 καὶ
3510 2769 3692 2834 φονεῦ,
3738 2771 3791 2819 τί
3841 2785 3906 2835 με
3955 2769 4020 2820 τὰ

2408 2912 2410 2914 ,
2467 2864 2564 2929 τῆς
2596 2862 2731 2930 ἐμῆς
2785 2863 3089 2927 πεποίηκας
3136 2861 3437 2928 θυγατρός;
3485 2861 3722 2914 Τοιαῦτα
3762 2877 3847 2929 μοι
3906 2859 4020 2926 μεθ’

2467 2953 2644 3020 ὅρκων
2675 2951 3005 3018 ἐπηγγείλω,
3043 2951 3132 3000 ἐπὶ
3180 2951 3388 3010 τούτοις
3437 2952 3706 3017 ἐγγυητὰς
3759 2951 3884 3017 ἐμοὶ
3930 2950 4022 2999 καὶ

2474 3043 2757 3111 μάρτυρας
2816 3043 2940 3103 τοὺς
2992 3042 3080 3093 διὰ
3123 3041 3358 3108 Χριστὸν
3402 3042 3669 3098 παθόντας
3708 3042 4020 3108 παρέσχεςς

818 3123 1016 3222 dedisti
1058 3139 1184 3224 eos,
1224 3127 1317 3193 qui
1357 3130 1494 3194 passi
1524 3138 1648 3180 sunt
1680 3141 1897 3198 propter
1924 3132 2234 3187 Christum?
2264 3135 2366 3190 Sed
2393 3170 2403 3219 ε

2408 3161 2437 3224 3
2485 3130 2622 3182 Ἀλλ’
2660 3131 2810 3183 αὐτοί
2833 3148 2890 3182 σε
2911 3131 3145 3194 πάντως,
3169 3130 3259 3192 οὓς
3287 3132 3555 3197 ἐγγυητὰς
3584 3129 3840 3195 δέδωκας,
3880 3131 4024 3181 αὐτοί

822 3211 923 3278 ipsi
981 3213 1232 3278 omnino,
1287 3231 1424 3283 quos
1477 3218 1670 3270 dedisti
1726 3219 2107 3288 ﬁdejussores,
2159 3223 2260 3292 ipsi
2319 3234 2369 3278 te

823 3303 1047 3369 punient
1100 3315 1323 3372 propter
1357 3308 1549 3359 malam
1607 3317 1751 3362 tuatu
1804 3322 2060 3373 mentem,
2092 3321 2148 3366 et
2187 3329 2373 3382 poenas

823 3401 1040 3444 sument
1075 3393 1141 3446 de
1178 3395 1258 3447 liis
1295 3395 1508 3463 injustis
1554 3396 1797 3452 insidiis:
1829 3415 1923 3452 eos
1952 3416 2080 3468 ergo
2117 3405 2374 3457 invocabo

824 3483 890 3536 ad
944 3484 1270 3547 vindictam,
1323 3502 1458 3553 quos
1516 3496 1643 3540 tunc
1693 3492 1950 3556 accepisti
2005 3490 2371 3557 lidejussores.

829 3577 950 3630 Ilzt'c
973 3591 1093 3629 cum
1122 3577 1364 3638 dixisset,
1389 3579 1623 3633 educite
1646 3582 1806 3633 denm
1835 3581 2016 3646 liliam;
2040 3593 2128 3636 et:
2155 3585 2376 3638 Nostine

827 3683 1070 3734 quaenam
1105 3667 1218 3720 litec
1246 3669 1337 3727 sit,
1364 3684 1396 3719 ο
1426 3670 1607 3737 impie,
1640 3671 1814 3722 nosti?
1846 3672 2002 3733 dixit,
2031 3687 2146 3724 eam
2178 3672 2378 3727 Gottlto

828 3757 1155 3818 ostendens,
1189 3767 1243 3810 et
1277 3758 1364 3809 ubi
1400 3773 1517 3810 eam
1556 3760 1863 3820 incluseris,
1911 3769 1963 3814 et
2007 3763 2152 3829 quali
2203 3775 2375 3817 morte

829 3861 946 3898 eam
977 3847 1188 3900 tradere
1217 3846 1472 3908 volueris,
1501 3863 1605 3901 non
1648 3849 1812 3916 leges,
1848 3851 2042 3918 inquit,
2075 3866 2179 3904 non
2213 3855 2380 3904 maxi-

834 3951 980 3988 mum
1015 3936 1147 3989 illud
1179 3952 1207 3988 a
1240 3948 1289 3990 te
1321 3936 1506 3990 datum
1539 3939 1913 4007 jusjurandum
1941 3942 2245 3994 reveritus?
2276 3943 2379 3997 Sed

832 4025 1033 4080 Christi
1065 4026 1402 4080 confessores
1444 4036 1497 4081 et
1543 4044 1827 4097 martyres,
1874 4030 2151 4096 Samonas,
2186 4031 2381 4087 Gnrias

833 4129 888 4171 et
911 4117 1136 4176 Abibus.
1179 4119 1376 4186 quibus
1405 4134 1503 4187 ego
1546 4119 1822 4174 confidens
1850 4137 1967 4174 eam
1999 4122 2245 4176 barbara:
2279 4133 2383 4178 tua:

837 4210 1082 4264 commisi
1123 4210 1376 4275 dexteru‘,
1434 4211 1508 4263 illi
1551 4213 1680 4264 mihi
1731 4223 1923 4280 praeter
1967 4229 2112 4280 spem
2163 4230 2378 4268 omnem

838 4316 956 4355 eam
988 4311 1377 4356 eonservarunt
1403 4313 1457 4357 et
1485 4303 1538 4356 in
1562 4299 1755 4357 meum
1797 4305 1974 4357 sinum
2005 4308 2381 4360 restituerunt.

2474 3233 2532 3270 σε
2591 3221 2690 3288 τῆς
2748 3222 2987 3287 πονηρᾶς
3038 3221 3441 3288 τιμωρήσονται
3491 3219 3733 3287 γνώμης.
3788 3236 3882 3271 και
3927 3219 4023 3284 τῆς

2473 3315 2657 3367 ὰίίκου
2731 3312 2930 3378 ταύτης
3007 3311 3296 3377 ἐπιδουλῆς
3360 3311 3738 3379 εἰσπράξονται
3820 3311 4022 3371 δίκας·

2475 3403 2669 3462 αὐτοὺς
2699 3401 2776 3462 είς
2809 3403 3022 3468 ἄμυναν
3051 3400 3160 3466 ἐγὼ
3193 3400 3427 3456 καλέσω.
3475 3400 3567 3462 οὓς
3609 3402 3686 3460 είς
3727 3399 3930 3465 ἐγγύην
3966 3400 4026 3449 σὺ

2476 3495 2595 3545 τότε
2630 3492 3001 3558 παρείληφας.
3051 3489 3236 3542 Ταῦτα
3289 3492 3322 3559 ἡ
3371 3493 3550 3556 μήτηρ
3581 3492 3812 3540 είπουσα
3849 3490 4030 3552 ἐξάγει

2476 3586 2572 3653 τῆς
2595 3585 2766 3642 οἰκίας
2793 3583 2890 3650 τὴν
2922 3581 3210 3646 θυγατέρα,
3237 3583 3349 3639 καὶ.
3373 3578 3528 3641 Οἶδας
3554 3582 3636 3642 τίς
3666 3580 3822 3645 α’ύτη,
3847 3581 4029 3646 φησὶν,

2477 3677 2696 3740 ἀνόσιε;
2731 3674 2807 3742 τῷ
2842 3674 3022 3740 Γότθῳ
3046 3673 3296 3736 δείξασα·
3341 3667 3487 3732 οἶδας
3517 3672 3718 3736 ταύτην
3761 3672 3852 3723 καὶ
3899 3673 4032 3722 ὃ-ου

2478 3763 2682 3830 ταύτην
2727 3761 3102 3822 κατέκλεισας,
3154 3761 3247 3810 καὶ
3276 3759 3371 3827 οἴῳ
3425 3759 3722 3826 ἐβουλήθης
3766 3760 4035 3826 παραδοῦ-

2480 3871 2566 3908 ναι
2606 3853 2843 3921 θανάτῳ,
2887 3851 2959 3919 μὴ
3000 3851 3181 3917 φύσιν,
3220 3850 3292 3918 μὴ
3321 3852 3538 3917 νόμους,
3574 3851 3645 3918 μὴ
3678 3852 3874 3916 ὅρκους
3910 3853 4037 3911 τοὺς

2485 3944 2700 4014 μακρὰν
2731 3943 2970 4002 ἐκείνους
3002 3939 3322 4008 εὐλαϐηθείς
3357 3956 3370 4003 ;
3415 3940 3553 3993 Ἀλλ’
3592 3942 3640 3992 oi
3669 3941 3759 3992 τοῦ
3797 3941 4033 4008 Χριστοῦ

2483 4033 2807 4102 ὁμοὶογηταὶ
2861 4033 2952 4084 καὶ
3013 4031 3286 4099 μάρτυρες
3337 4031 3639 4096 Σαμιυνᾱς,
3703 4031 3896 4096 Γορίας
3944 4034 4034 4082 καὶ

2487 4123 2727 4185 Ἀϐιεος,
2779 4123 2865 4190 ἐφ’
2916 4116 2994 4182 οἷς
3029 4119 3139 4186 ἐγὼ
3182 4120 3501 4190 θαρῤήσασα
3535 4122 3600 4187 τῇ
3642 4120 3898 4188 βαρϐάρῳ
3943 4137 4037 4169 σου

2486 4215 2686 4281 ταύτην
2743 4212 3026 4264 ἐπίστευον
3074 4208 3244 4278 δεξιᾷ,
3301 4209 3497 4260 ἐκεῖνοί
3542 4223 3630 4275 μοι
3684 4208 3813 4276 παρ’
3852 4208 4039 4260 ἐλπίδα

2491 4308 2665 4357 πᾶσαν
2711 4303 2879 4372 αὐτὴν
2932 4299 3263 4353 διεσώσαντο
3300 4301 3394 4352 καὶ
3429 4301 3540 4361 τοῖς
3562 4301 3711 4366 ἐμοῖς
3761 4298 4040 4350 ἐπέδωκαν

2491 4396 2729 4453 κόλποις.

913 4476 1121 4531 XXVII.
1154 4477 1277 4532 ll;ee
1309 4487 1589 4547 postquam
1632 4481 1800 4533 audiit
1831 4480 2063 4534 Gotthus
2095 4491 2150 4536 et
2197 4492 2380 4537 astan-

2416 4499 2458 4554 ι)
2558 4484 2679 4538 KZ'.
2713 4485 2924 4535 Τούτων
2955 4482 3138 4550 ἐπειδὴ
3172 4484 3198 4533 ό
3228 4479 3421 4556 Γότθος
3453 4483 3672 4546 ἢκουσε,
3721 4479 3811 4530 καὶ
3863 4495 4036 4544 παρεο

848 4575 954 4619 tem
989 4568 1124 4618 vidit
1160 4567 1415 4634 puellam,
1465 4582 1573 4634 prce
1621 4568 1824 4634 pudore
1870 4580 1923 4621 et
1973 4580 2118 4622 metu
2187 4572 2236 4623 ei
2285 4587 2388 4624 vox

842 4659 1102 4711 exstincta
1133 4666 1214 4710 est
1245 4676 1258 4710 :
1296 4668 1516 4724 eratque
1564 4668 1759 4720 mutus,
1788 4673 1854 4710 ne
1876 4674 1935 4710 os
1964 4660 2180 4727 quidem
2207 4660 2392 4713 valens

843 4748 1076 4813 aperire.
1110 4745 1310 4798 Deinde
1339 4762 1460 4799 cum
1501 4761 1585 4799 res
1606 4755 1749 4799 esset
1782 4757 1966 4814 aperta
2019 4755 2074 4798 et
2109 4749 2393 4801 convictus

843 4846 984 4890 esset
1024 4835 1136 4888 liam
1171 4836 1359 4889 fecisse
1389 4835 1597 4903 puellae,
1657 4850 1724 4889 ne
1770 4837 1818 4889 ei
1861 4836 2078 4904 quidem
2136 4838 2392 4904 loquendi

846 4939 1167 4996 potestatem
1206 4927 1489 4990 facientes,
1537 4927 1631 4994 qui
1657 4927 1900 4987 aderant.
1935 4943 2056 4980 eum
2083 4937 2198 4981 tuto
2224 4929 2396 4982 inclu-

847 5021 1003 5074 dunt.
1045 5022 1211 5073 Mater
1244 5028 1419 5070 autem
1469 5033 1592 5073 cum
1645 5019 1773 5083 (illa,
1833 5019 2066 5073 adducto
2109 5022 2394 5088 scriptore,

849 5123 974 5162 cum
1016 5125 1132 5175 qua!
1155 5117 1448 5162 evenerant
1482 5108 1663 5162 omnia
1719 5109 2137 5170 recensuissent,
2170 5109 2398 5161 sanctis-

852 5200 991 5253 simo
1017 5200 1230 5254 Edessa:
1283 5215 1533 5268 episcopo
1561 5200 1629 5264 (is
1656 5207 1834 5252 autem
1883 5208 1998 5252 erat
2030 5199 2305 5268 Eulogius)
2337 5213 2400 5252 ea

859 5293 1098 5345 tradunt.
1133 5293 1220 5346 Ille
1245 5307 1374 5345 vero
1409 5305 1532 5344 cum
1566 5305 1629 5343 ea
1677 5290 2016 5359 perlegisset,
2065 5291 2222 5344 simul
2279 5306 2400 5344 eum

860 5383 1113 5437 universo
1156 5383 1323 5444 clero,
1355 5382 1503 5435 vadit
1526 5380 1592 5434 ad
1616 5385 1914 5449 [praetorem
1966 5381 2221 5442 civitatis,
2261 5392 2312 5435 et
2351 5380 2401 5434 ei

864 5473 1046 5534 tradit,
1083 5489 1199 5540 quae
1217 5473 1415 5540 scripta
1457 5470 1694 5525 fuerant.
1756 5469 1859 5536 Qui
1900 5484 2022 5524 cum
2055 5486 2118 5524 ea
2165 5470 2404 5539 legisset,

868 5562 1100 5631 primum
1126 5563 1346 5630 quidem
1369 5562 1599 5616 allectus
1632 5561 1733 5616 fuit
1761 5560 2139 5624 admiratione,
2193 5570 2246 5614 et
2288 5577 2404 5614 eam

870 5668 982 5706 rem
1017 5653 1204 5707 habuit
1235 5668 1330 5721 pro
1357 5652 1656 5706 miraculo:
1699 5661 1754 5705 et
1798 5651 2034 5706 laudavit
2069 5653 2236 5708 Deum
2287 5653 2409 5706 uni-

874 5761 1177 5809 versorum,
1207 5749 1296 5804 oui
1332 5763 1427 5816 per
1458 5763 1584 5803 suos
1629 5755 1891 5817 martyres
1935 5747 2036 5803 ltoc
2097 5763 2311 5809 novum,
2361 5755 2412 5801 cl

2491 4575 2700 4626 στῶσαν
2729 4570 2832 4625 εἶδε
2867 4573 2962 4639 τὴν
3003 4573 3194 4638 κόρην,
3257 4570 3417 4622 ὁπότε
3476 4569 3570 4634 τῆς
3602 4567 3862 4635 αἰσχύνης
3891 4567 4041 4635 αὐτῷ

2490 4667 2582 4719 καὶ
2609 4663 2701 4716 τοῦ
2746 4664 2908 4731 φόόου
2951 4663 3011 4714 τὸ
3053 4661 3273 4728 φθέγμα
3317 4657 3571 4725 ἐσϐέσθη,
3613 4659 3705 4708 καὶ
3737 4657 3948 4722 ἄφωνος
3977 4651 4042 4720 ἦν

2496 4759 2568 4822 μὴ
2629 4751 2932 4813 ἀναπτύξαι
2987 4749 3046 4802 τὸ
3109 4749 3280 4815 στόμα
3313 4747 3626 4812 δυνάμενος,
3691 4741 3804 4796 εἶτα
3857 4743 4046 4811 ἐπειδὴ

2495 4845 2709 4909 ἐλεγχος
2743 4838 2808 4908 ἦν
2851 4840 3106 4908 ἀκριϐὴς,
3158 4841 3252 4891 καὶ
3305 4837 3534 4904 φανερὸς
3580 4837 3789 4903 ὑπῆρχε
3823 4836 4046 4886 τοιαῦτα

2496 4933 2633 4984 κατὰ
2668 4933 2765 4999 τῆς
2802 4929 2969 4997 κόρης
3006 4926 3469 4996 διαπραξάμενος.
3525 4926 3658 4993 μηδὲ
3689 4925 3849 4988 λόγου
3885 4941 4052 4991 μετα-

2496 5022 2672 5080 δόντες
2711 5020 2856 5086 αύτῷ
2907 5021 2953 5071 οἱ
2999 5018 3282 5084 παρόντες.
3310 5015 3566 5082 ἀσφαλῶς
3611 5014 4046 5068 κατακλείουσιν,

2512 5113 2574 5165 Ἦ
2608 5112 2665 5162 δέ
2699 5111 2878 5180 μήτηρ
2910 5110 3004 5161 σὺν
3035 5111 3098 5177 τῇ
3130 5107 3359 5173 θυγατρὶ
3391 5105 3478 5156 τὸν
3509 5105 3832 5171 ύπογραφέα
3871 5120 4050 5171 παρα-

2504 5201 2858 5270 στησάμιναι,
2901 5201 2992 5250 καὶ
3041 5196 3109 5249 τὰ
3155 5195 3533 5264 συμϐεϐηκότα
3582 5194 3752 5245 πάντα
3787 5193 4051 5260 διαχαρα-

2506 5293 2686 5356 ξασαι,
2717 5290 2792 5358 τῷ
2820 5291 2886 5341 τὰ
2918 5289 3090 5339 πάντα
3125 5286 3255 5352 ὁσίῳ
3290 5286 3389 5352 τῆς
3436 5284 3692 5351 Ἐδέσσης
3737 5285 4047 5349 ἐπισκόπτει,

2506 5382 2756 5448 Εύλόγιος
2787 5381 2841 5432 δὲ
2868 5373 3018 5439 οὗτος
3052 5373 3147 5446 ἦν,
3201 5375 3578 5444 ἐγχειρίζουσι.
3633 5372 3740 5427 Καὶ
3771 5373 3848 5436 ὃς,
3877 5373 4049 5425 ταῦτα

2506 5468 2806 5534 διεξελθὼν,
2845 5467 3056 5536 σύναμα
3084 5465 3161 5534 τῷ
3191 5466 3371 5533 κλήρῳ
3400 5465 3561 5516 πιντὶ
3621 5466 3768 5532 παρὰ
3815 5464 3906 5514 τὸν
3950 5463 4051 5527 τῆς

2511 5562 2715 5622 πόλεως
2747 5561 2932 5614 ἄπεισι
2974 5556 3369 5626 στρατηλῶην,
3430 5554 3524 5607 καὶ
3579 5553 3638 5606 τὸ
3675 5556 4058 5621 γραμματεῖον

2513 5650 2660 5717 αύτῷ
2689 5649 3023 5702 ἀναδίδωσιν.
3074 5648 3136 5701 '0
3177 5647 3233 5700 δὲ
3277 5646 3370 5700 καὶ
3413 5645 3572 5706 αὐτὸς
3599 5646 3663 5697 τὰ
3696 5643 4057 5712 γεγραμμένα

2518 5739 2925 5811 ἐπιλεξάμενος,
2955 5738 3141 5809 πρῶτα
3178 5738 3355 5807 μὲνέν
3386 5735 3659 5805 θαύματος
3687 5735 3828 5803 λόγῳ
3862 5733 3927 5786 τὰ
3955 5731 4052 5787 τοῦ
