4270 6428
829 361 932 426 163

2063 363 2339 426 MENSIS
2383 366 2814 432 NOVEMBER.

1187 517 2812 545 Μ

2835 532 4028 567 —..———_____.__._________

1742 684 2037 793 VITA
2115 691 2277 790 ET
2339 692 3122 803 MAB‘I‘YRIUM

2018 883 2306 940 SANCTE
2340 885 2428 941 ET
2467 886 2826 944 GLORIOSAS

1315 1040 1890 1155 CHRISTI
1971 1043 2708 1159 MABTYRIS
2799 1050 3001 1165 CA

1821 1042 1890 1154 Ἰ
1971 1043 2708 1159 MABTYRIS
2799 1050 3507 1198 CIECILUE,

2063 1255 2134 1295 er
2182 1256 2268 1303 om
2309 1257 2411 1297 cun
2447 1257 2558 1297 IPSA
2593 1261 2777 1310 eum,

1481 1375 1962 1439 SANCTORUM
2010 1377 2462 1451 VALERIANI,
2511 1382 2855 1444 TIBURTII
2903 1386 3003 1445 ET
3044 1387 3371 1452 MAXIMI.

1340 1525 1534 1585 (Latine
1556 1524 1682 1586 apud
1708 1520 1901 1571 Surium
1927 1523 1984 1571 ad
2005 1521 2134 1570 diem
2159 1523 2218 1568 22
2238 1521 2552 1584 Novembris;
2577 1526 2745 1576 Grazce
2770 1541 2864 1577 non
2886 1537 3047 1582 exstat
3071 1536 3116 1583 in
3139 1549 3250 1586 mss.
3281 1539 3455 1603 Paris.)

893 1849 934 1901 l.
968 1843 1271 1900 Servatoris
1306 1841 1475 1896 nostri
1518 1848 1572 1895 et
1622 1838 1716 1894 Dei
1765 1853 1796 1892 e
1852 1840 2004 1895 ctelis
2071 1840 2605 1905 descensusAnans
2627 1853 2807 1898 autem
2840 1857 2895 1901 et
2944 1864 3129 1916 orans,
3179 1853 3407 1921 seipsam
3459 1861 3873 1917 commendabat
3923 1866 4029 1920 Do-

818 1939 1128 1994 eoneiliavit
1188 1950 1376 2003 magna
1433 1933 1573 1987 bona
1627 1931 1810 2000 generi
1867 1931 2169 1986 hominum.
2229 1933 2362 1987 Nam

816 2042 942 2081 cum
975 2033 1118 2078 esset
1153 2024 1293 2076 Deus
1317 2037 1381 2075 ex
1417 2019 1546 2081 Deo,
1589 2029 1642 2073 et
1665 2028 1810 2073 esset
1839 2019 1892 2072 in
1925 2020 2093 2074 forma
2134 2021 2246 2085 Dei,
2273 2023 2367 2091 qui

821 2121 994 2184 ipsum
1038 2115 1225 2181 genuit
1280 2109 1673 2178 impatibiliter,
1708 2127 1726 2160 ‹
1768 2123 1873 2162 non
1921 2109 2165 2177 rapinam
2219 2114 2370 2165 arbi-

822 2219 996 2260 tratus
1020 2216 1103 2258 est
1130 2216 1187 2258 se
1213 2217 1333 2257 esse
1365 2203 1474 2255 Deo
1496 2201 1754 2269 aequalem
1781 2217 1795 2252 :
1831 2199 1924 2254 sed
1983 2201 2217 2268 seipsum
2257 2203 2369 2256 exi-

827 2299 1056 2362 nanivit,
1087 2298 1227 2352 servi
1283 2293 1509 2347 formam
1562 2293 1854 2361 accipiens,
1902 2292 1956 2345 in
2011 2293 2366 2349 similitudine

823 2390 1104 2443 hominum
1142 2387 1337 2447 factus,
1395 2393 1450 2440 et
1499 2384 1686 2437 habitu
1751 2384 2002 2436 inventus
2055 2395 2113 2437 ut
2167 2385 2364 2452 homo;

820 2479 1132 2534 humiliavit
1163 2478 1424 2547 seipsum,
1446 2475 1622 2530 factus
1641 2473 1898 2527 obediens
1930 2489 2101 2541 usque
2130 2475 2194 2527 ad
2226 2491 2362 2530 mor-

821 2579 951 2630 tem,
994 2578 1219 2622 mortem
1254 2573 1433 2620 autem
1459 2565 1636 2619 crucis
1664 2565 1703 2624 ',
1733 2573 1793 2616 ut
1829 2578 1951 2616 eum
1995 2563 2219 2624 deleret,
2271 2566 2365 2633 qui

824 2659 1017 2711 mortis
1047 2656 1282 2710 habebat
1339 2655 1648 2722 imperium,
1681 2652 1785 2704 hoc
1818 2661 1922 2716 est,
1954 2652 2226 2705 diabolum
2251 2655 2296 2715 ‘;
2345 2671 2361 2703 ι

817 2762 874 2804 et
903 2763 1118 2804 omnem
1161 2746 1535 2801 manudncens
1565 2744 1972 2807 humanitatem,
2005 2743 2258 2797 evelleret
2300 2743 2372 2797 ad

821 2843 989 2896 celos
1023 2855 1118 2910 per
1154 2839 1448 2908 pretiosam
1481 2845 1533 2890 et
1571 2836 1806 2888 divinam
1852 2850 2002 2888 suam
2039 2837 2361 2889 doctrinam.

823 2933 989 2987 Primi
1048 2933 1230 2998 itaque
1285 2929 1525 2982 omnium
1607 2943 1730 2980 eum
1786 2926 1956 2979 secuti
2019 2935 2145 2978 sunt
2194 2925 2365 2980 sancti

823 3018 1084 3088 apostoli;
1133 3026 1253 3086 post
1295 3019 1585 3085 apostolos,
1610 3023 1906 3083 martyres;
1932 3024 2049 3081 post
2080 3025 2364 3083 martyres,

823 3112 1192 3172 confcssores;
1229 3118 1346 3174 post
1390 3107 1747 3167 confessor-es,
1773 3105 2108 3166 sacerdotes;
2137 3113 2253 3173 post
2280 3119 2364 3157 sa-

824 3203 1090 3262 cerdotes,
1121 3201 1392 3270 virgines;
1427 3208 1545 3267 post
1573 3199 1829 3267 virgines,
1869 3197 2065 3256 viduae;
2117 3207 2237 3264 post
2292 3200 2370 3249 vi-

825 3292 978 3352 duas,
1011 3287 1408 3342 misericordes.
1456 3286 1518 3338 Et
1546 3294 1603 3337 ut
1661 3285 1823 3338 semel
1877 3284 2071 3346 dicam,
2118 3284 2368 3339 omnibus

825 3381 1208 3435 accedentibus
1266 3387 1446 3448 aperta
1478 3377 1580 3430 fuit
1603 3376 1802 3430 Christi
1834 3376 2118 3430 medicinae
2137 3375 2368 3428 oilicina.

823 3475 1113 3541 Propterea
1147 3470 1387 3540 quotidie
1411 3475 1608 3522 clamat
1652 3482 1747 3536 per
1772 3476 1988 3521 sanctos
2024 3480 2152 3519 suos
2201 3481 2370 3520 evan-

822 3565 1077 3634 gelistas:
1115 3580 1133 3613 ‹
1167 3562 1356 3616 Venite
1385 3560 1448 3613 ad
1499 3575 1606 3623 me,
1631 3573 1817 3613 omnes
1865 3559 1954 3626 qui
2013 3556 2272 3614 laboratis
2315 3567 2370 3614 et

823 3654 1030 3706 onerati
1075 3652 1225 3714 estis,
1276 3659 1331 3704 et
1386 3663 1484 3718 ego
1516 3647 1751 3701 reﬁciam
1786 3661 1883 3701 vos
1912 3647 1989 3699 '.a

900 3746 962 3799 ll.
998 3743 1166 3811 llujus
1211 3739 1574 3795 venerandam
1639 3747 1694 3792 et
1742 3737 2115 3793 suavissimam
2179 3753 2366 3794 vocem

825 3852 946 3889 cum
974 3834 1235 3887 audiisset
1291 3831 1452 3884 etiam
1511 3828 1724 3884 Caecilia
1777 3827 2074 3884 clarissima
2123 3829 2277 3899 virgo
2313 3838 2367 3884 et

823 3926 1077 3994 gloriosa.
1115 3933 1167 3976 ct
1205 3922 1256 3974 in
1283 3936 1406 3975 eum
1443 3919 1783 3983 credidisset,
1818 3919 2141 3973 absconsum
2164 3919 2364 3974 Christi

823 4014 1168 4083 Evangelium
1232 4025 1445 4079 semper
1490 4009 1904 4063 circumierebat
1953 4010 2007 4062 in
2045 4019 2283 4080 pectore,
2313 4019 2367 4064 et

823 4120 925 4158 nec
950 4111 1138 4160 noctu.
1173 4116 1273 4155 nec
1298 4098 1533 4154 interdiu
1567 4099 1960 4154 intermittebat
1987 4099 2165 4152 divina
2189 4101 2366 4169 legere

822 4193 1058 4261 eloquia,
1092 4201 1147 4245 et
1191 4191 1359 4244 Deum
1395 4205 1571 4244 orare.
1623 4190 1745 4243 Haec
1779 4205 1906 4258 ergo
1947 4190 2100 4244 beata
2154 4191 2365 4246 Caecilia

825 4284 1167 4337 Valerianum
1191 4280 1473 4350 quemdam
1501 4269 1733 4334 habebat
1780 4282 2033 4351 juvenem
2069 4297 2361 4352 sponsum:

820 4373 1149 4443 quiquidem
1177 4373 1393 4441 juvenis
1433 4386 1693 4426 accensus
1727 4388 1912 4428 amore
1944 4375 2191 4443 virginis,
2222 4375 2362 4429 diem

819 4474 1083 4519 statuerat
1109 4462 1439 4531 nuptiarum.
1486 4459 1697 4516 Caecilia
1730 4472 1907 4518 autem
1966 4464 2021 4517 in
2075 4479 2236 4519 carne
2279 4464 2365 4519 in-

822 4556 950 4610 duta
974 4554 1173 4615 cilicio,
1208 4553 1560 4605 extrinsecus
1592 4551 1776 4606 aureis
1821 4553 2007 4608 induta
2048 4563 2165 4608 erat
2197 4555 2361 4609 vesti-
2389 4528 2435 4590 ο

824 4646 941 4698 bus.
979 4642 1108 4696 Nam
1136 4656 1257 4695 cum
1291 4649 1541 4709 parentes
1589 4648 1644 4694 et
1681 4655 1914 4710 spOusus
1941 4642 2059 4710 ejus
2109 4643 2221 4697 hac
2246 4643 2359 4698 vel-

820 4738 954 4794 lent,
983 4735 1095 4800 ipsa
1127 4747 1354 4799 corpore
1378 4731 1511 4785 adeo
1537 4740 1653 4785 erat
1679 4733 1935 4800 eliquata,
1994 4743 2050 4786 ut
2098 4749 2203 4787 non
2232 4750 2358 4803 pos-

819 4826 1103 4879 setce!are
1144 4823 1323 4877 cordis
1365 4823 1445 4874 sui
1497 4821 1848 4887 desiderium,
1905 4835 1960 4879 et
1996 4826 2139 4893 quod
2189 4827 2356 4881 solius

815 4912 1017 4967 Christi
1065 4910 1365 4964 Servatoris
1413 4920 1562 4979 capta
1615 4920 1732 4963 erat
1786 4927 1987 4975 amore,
2027 4914 2360 4982 significabat

825 5001 1042 5071 proprie
1067 4999 1465 5069 attigmatibus.
1499 4999 1616 5052 Non
1640 5000 1810 5053 multo
1839 5011 1959 5069 post
1986 5012 2162 5055 autem
2210 5005 2356 5060 venit

819 5095 957 5154 dies,
992 5093 1045 5145 in
1071 5107 1180 5160 quo
1205 5099 1422 5160 paratus
1456 5099 1573 5144 erat
1607 5091 1874 5145 thalamus
1904 5109 1915 5144 :
1968 5099 2023 5145 et
2062 5107 2182 5146 cum
2213 5105 2357 5149 esset

819 5182 1142 5251 symphonia
1172 5182 1676 5242 instrumentorum,
1711 5180 1800 5232 illa
1839 5180 1894 5232 in
1938 5181 2099 5234 corde
2125 5196 2223 5234 suo
2255 5184 2357 5238 soli

820 5273 930 5327 Deo
965 5272 1248 5340 psallebat,
1285 5270 1510 5324 dicens:
1544 5288 1561 5321 ι
1603 5270 1738 5334 Fiat,
1768 5270 2015 5333 Domine,
2044 5286 2138 5324 cor
2172 5287 2353 5326 meum

819 5371 878 5414 ct
902 5375 1098 5429 corpus
1131 5375 1310 5413 meum
1361 5359 1763 5414 immaculatum
1797 5359 1850 5413 in
1880 5359 1989 5414 tuis
2015 5360 2355 5428 justiticatio-

823 5451 1005 5514 nibus,
1036 5459 1095 5504 ut
1129 5465 1236 5504 non
1277 5451 1483 5519 pudore
1527 5449 1725 5502 alliciar
1762 5448 1802 5502 ⁵.
1841 5467 1858 5500 ι
1913 5449 2130 5504 Manens
2173 5462 2351 5506 autem

818 5543 1023 5623 jejuna,
1052 5541 1188 5594 duos
1221 5551 1313 5595 aut
1340 5550 1449 5595 tres
1478 5541 1593 5595 dies
1627 5554 1656 5593 a
1682 5540 1802 5593 cibo
1854 5540 2159 5594 abstinuit:
2216 5544 2354 5614 jeju-

901 5721 915 5752 ¹
946 5721 1175 5790 Philipp.
1209 5737 1264 5783 ll,
1288 5721 1341 5785 6,
1365 5723 1416 5776 7.
1493 5724 1512 5754 ’
1537 5716 1671 5774 lleb.
1716 5733 1776 5782 tt,
1798 5718 1884 5773 Η.
1961 5720 2384 5804 ’Μειιιωμεᾶ

2473 1933 2620 1988 mino
2686 1936 2978 2004 precibus:
3013 1940 3233 2009 angelos
3257 1943 3465 1998 Domini
3511 1947 3820 2014 invocabat,
3848 1955 4028 2025 lacry-

2473 2025 2576 2078 mis
2607 2027 2929 2094 precabatur
2945 2032 3236 2098 apostolos,
3270 2045 3325 2089 et
3354 2037 3543 2091 orabat
3573 2054 3763 2096 omnes
3801 2057 4026 2101 sanctas

2471 2116 2670 2170 Christi
2707 2119 2952 2180 ancillas.
2989 2127 3047 2172 ut
3078 2135 3194 2174 eam
3221 2126 3605 2183 confirmarent
3653 2134 3767 2187 suis
3814 2137 4027 2204 suppli.

2471 2205 2798 2270 cationibus,
2869 2208 3176 2263 castitatem
3252 2227 3407 2267 suam
3481 2223 3868 2276 commendans
3919 2226 4026 2279 Do-

2472 2299 2642 2350 mino.

2541 2387 2628 2440 Ill.
2663 2387 2955 2459 Postquam
2984 2402 3162 2448 autem
3203 2395 3316 2451 haee
3345 2398 3483 2454 facta
3511 2413 3657 2464 sunt,
3681 2419 3786 2459 nox
3819 2410 3968 2461 venit
4007 2429 4018 2463 :

2470 2472 2524 2527 in
2546 2491 2650 2544 qua
2684 2492 2807 2532 cum
2838 2495 2938 2533 suo
2965 2495 3166 2549 sponso
3189 2483 3242 2537 in
3269 2497 3519 2554 separato
3559 2491 3812 2548 cubiculo
3860 2500 4023 2566 quie-

2470 2578 2576 2623 tem
2602 2582 2757 2626 nacta
2777 2583 2831 2627 et
2863 2575 3159 2643 silentium,
3194 2580 3271 2634 sic
3292 2597 3414 2634 eum
3450 2593 3532 2638 est
3579 2587 3809 2643 allocuta
3843 2609 3856 2644 :
3891 2593 4022 2649 Dul-

2469 2661 2685 2714 cissime
2706 2663 3040 2727 adolescens,
3077 2677 3158 2722 est
3205 2671 3333 2723 mihi
3386 2687 3664 2739 arcanum,
3715 2682 3858 2748 quod
3920 2684 4018 2738 tibi

2468 2751 2798 2816 aperiam,si
2850 2762 2904 2807 tu
2948 2756 3306 2825 jurejurando
3357 2762 3486 2815 mihi
3543 2765 3916 2833 aiiirmaveris,
3969 2784 4020 2826 te

2466 2843 2647 2893 omnia
2675 2844 3000 2898 celaturum.
3054 2847 3109 2900 Ei
3158 2859 3337 2904 autem
3370 2854 3577 2921 jnravit
3621 2860 3739 2927 ejus
3786 2877 4020 2931 sponsus

2468 2931 2806 2996 Valerianus,
2837 2949 2895 2986 se
2918 2935 2991 2998 id,
3022 2939 3167 3004 quod
3227 2941 3528 3008 dicebatur,
3581 2950 3746 3004 nullis
3798 2955 4021 3009 omnino

2466 3019 2681 3075 insidiis
2727 3025 3096 3091 proditurum,
3169 3046 3344 3099 neque
3398 3035 3448 3086 id
3495 3052 3613 3092 esse
3679 3055 4019 3111 aperturum,

2469 3125 2797 3180 quacunque
2825 3126 3110 3183 cogeretur
3135 3122 3478 3178 necessitate.
3508 3126 3659 3182 Tunc
3681 3130 3767 3183 illa
3803 3149 4023 3205 respon-

2472 3201 2572 3266 dit,
2599 3201 2819 3256 dicens:
2854 3206 2986 3260 Volo
3007 3216 3059 3262 te
3096 3211 3257 3277 scire,
3299 3229 3385 3268 me
3420 3218 3667 3286 angelum
3696 3221 3788 3277 Dei
3820 3201 4021 3282 habere

2470 3291 2726 3354 amicum,
2757 3293 2849 3359 qui
2879 3309 3093 3351 summo
3119 3301 3234 3354 zelo
3281 3317 3481 3370 cer-pus
3525 3322 3702 3364 meum
3756 3317 4018 3370 custodit.

2470 3378 2525 3431 ιε
2547 3379 2590 3432 si
2616 3382 2694 3435 vel
2722 3382 3005 3438 minimum
3056 3387 3222 3443 fuerit
3270 3393 3597 3462 suspicatus,
3639 3403 3782 3469 quod
3839 3415 3895 3458 tu
3931 3409 4017 3460 in-

2469 3479 2618 3522 cesto
2642 3486 2727 3525 me
2751 3487 2935 3529 amore
2971 3478 3199 3545 polluas,
3236 3481 3369 3535 iram
3414 3501 3566 3540 suam
3599 3492 3853 3558 protinus
3885 3495 3937 3549 in
3967 3507 4019 3552 te

2468 3561 2751 3624 accendet.
2777 3572 2832 3618 et
2861 3565 3124 3636 elegantis
3177 3579 3281 3626 tua:
3325 3574 3628 3644 iuventutis
3677 3582 3862 3639 liorem
3897 3602 4020 3656 per-

2466 3649 2579 3705 det.
2610 3649 2703 3704 Sin
2728 3664 2908 3708 autem
2960 3663 3295 3728 cognoverit.
3326 3666 3469 3732 quod
3498 3675 3551 3721 tu
3583 3671 3812 3741 simplici
3840 3649 4020 3730 et'im-

2468 3741 2737 3796 maculato
2764 3745 2870 3798 mei
2892 3759 3076 3801 amore
3100 3753 3352 3815 tenearis,
3381 3764 3436 3808 et
3459 3758 3820 3827 virginitatem
3843 3782 4017 3824 meam

2469 3831 2737 3900 integram
2800 3844 2856 3890 et
2921 3837 3261 3907 impollutam
3315 3848 3612 3912 custodias.
3649 3861 3699 3906 te
3733 3855 3875 3912 sicut
3929 3876 4017 3915 me

2467 3921 2672 3990 diliget,
2715 3931 2766 3978 et
2801 3929 3054 3983 ostendet
3087 3931 3184 3984 tibi
3217 3947 3369 3988 suam
3405 3941 3650 4004 gratiam.
3683 3943 3834 4001 Tunc
3857 3949 4017 4006 Vale-

2465 4015 2673 4078 rianus.
2707 4018 2801 4073 Dei
2840 4032 2997 4086 nutu,
3040 4024 3233 4079 timore
3266 4029 3514 4096 allectus,
3544 4035 3715 4092 dicit:
3748 4039 3802 4094 Si
3843 4045 3946 4107 vis,
3982 4062 4014 4100 ο

2466 4105 2810 4174 charissima,
2844 4120 2904 4166 ut
2934 4114 3152 4168 credam
3190 4116 3258 4170 iis
3286 4133 3406 4187 qua:
3439 4122 3595 4186 dicis,
3626 4130 3849 4185 ostende
3879 4105 4013 4191 mihi

2465 4194 2640 4263 ipsum
2669 4199 2955 4268 angelum;
3017 4212 3074 4257 et
3121 4204 3166 4258 si
3227 4205 3546 4266 intellexero
3581 4229 3703 4269 eum
3735 4234 3854 4275 esse
3885 4239 4013 4279 vere

2464 4288 2735 4354 angelum,
2769 4289 2960 4344 faciant
2992 4309 3111 4362 qua:
3146 4297 3423 4367 hortaris;
3479 4303 3562 4357 sin
3617 4317 3796 4363 autem
3844 4315 4010 4369 alium

2467 4377 2645 4430 virum
2672 4394 2840 4446 amas,
2875 4391 2929 4438 et
2980 4392 3031 4438 te
3094 4393 3150 4440 et
3195 4387 3342 4442 illum
3379 4405 3512 4448 ense
3543 4398 3809 4456 occidam.
3859 4404 4012 4462 Tunc

2463 4465 2592 4521 dicit
2622 4469 2670 4522 ei
2705 4470 2857 4526 beata
2889 4471 3100 4529 Cecilia
3133 4495 3147 4530 :
3184 4475 3239 4531 Si
3277 4480 3525 4542 vismeis
3582 4501 3772 4556 parere
3827 4499 4012 4552 consi-

2462 4558 2572 4622 liis,
2604 4575 2637 4614 ο
2661 4561 2980 4620 charissime
3011 4567 3350 4636 adolescens,
3384 4583 3438 4626 et
3483 4577 3756 4644 polliceris
3789 4592 3837 4638 te
3889 4603 4011 4644 esse

2461 4646 2804 4714 expiaturum
2832 4655 3035 4706 :eterno
3067 4654 3285 4711 lavacro
3326 4667 3773 4734 regenerationis,
3803 4683 3858 4727 et
3887 4691 4011 4731 cre-

2462 4735 2548 4788 dis
2578 4737 2632 4790 in
2659 4753 2825 4791 unum
2851 4755 3035 4795 verum
3064 4745 3251 4810 Deum,
3279 4751 3370 4818 qui
3398 4752 3532 4807 vivit
3574 4754 3627 4808 in
3653 4759 3826 4822 cmlis,
3855 4773 4012 4830 potes

2461 4839 2584 4878 eum
2646 4831 3025 4898 contemplari.
3080 4833 3219 4889 Dicit
3270 4840 3320 4892 ei
3378 4841 3736 4900 Valerianus:
3780 4849 3846 4903 Et
3883 4855 4009 4922 quis

2462 4926 2570 4979 est,
2607 4920 2697 4986 qui
2744 4934 2829 4974 me
2855 4923 3117 4990 expiabit,
3177 4936 3238 4981 ut
3297 4943 3394 4998 ego
3445 4932 3659 4988 videam
3716 4920 4010 5009 angelum?

2463 5007 2764 5100 Despondit
2800 5011 3036 5079 Caecilia,
3066 5025 3121 5070 et
3151 5018 3323 5072 dixit:
3369 5022 3462 5077 Est
3496 5041 3660 5081 senex
3685 5029 3738 5084 in
3769 5007 4006 5100 quodam

2459 5095 2599 5161 loco,
2632 5099 2724 5166 qui
2757 5100 2981 5167 pulchre
3011 5105 3113 5157 scit
3163 5121 3393 5177 purgare
3444 5111 3711 5182 homines,
3774 5095 3832 5173 ut
3887 5123 4007 5176 eﬂi-

2459 5189 2674 5242 ciantur
2721 5191 2891 5260 digni,
2945 5195 3039 5264 qui
3094 5197 3407 5254 intueantur
3458 5206 3698 5275 angelos.
3750 5211 3894 5267 Dixit
3954 5217 4005 5270 ei

2459 5277 2821 5335 Valerianus:
2878 5285 2944 5338 Et
3001 5288 3090 5340 ubi
3148 5305 3382 5358 quaeram
3447 5309 3547 5363 ego
3595 5311 3719 5352 eum
3781 5307 4005 5359 senem?

2461 5366 2759 5458 Respondit
2784 5371 3038 5434 Caecilia:
3087 5379 3230 5434 Vade
3291 5383 3356 5435 ad
3417 5386 3637 5439 tertium
3683 5389 3916 5458 lapidem
3972 5413 3999 5450 a

2459 5457 2679 5516 civitate
2708 5466 2816 5526 via,
2843 5482 2962 5534 quae
2993 5469 3192 5525 dicitur
3219 5475 3386 5542 Appia
3418 5475 3530 5531 :ibi
3583 5457 3825 5537 invenies
3862 5500 4002 5553 pau-

2461 5563 2638 5617 peres,
2667 5553 2760 5620 qui
2793 5554 2994 5610 victum
3022 5569 3210 5628 petunt
3264 5577 3293 5615 a
3344 5567 3766 5636 transeuntibus,
3815 5571 3884 5627 ab
3936 5575 4004 5640 iis

2467 5729 2483 5753 ⁸
2505 5728 2642 5784 l‘sal.
2671 5746 2844 5798 cxvtn,
2886 5733 2970 5787 80.

2901 5864 2932 5880 Ι
