4270 6428
241 402 344 463 ιδδ

1384 408 1559 471 VITA
1604 407 1661 469 S.
1708 406 2043 469 CzEClLI/E
2085 409 2177 470 ET
2216 409 2371 475 SOC.

3356 402 3463 467 166

233 522 386 577 enim
416 535 537 575 sum
570 529 782 585 curata,
815 520 907 589 qui
929 519 1152 589 quidem
1181 530 1310 575 sunt
1356 521 1523 591 hujus
1556 523 1660 576 mei
1714 539 1800 575 ar-
1828 526 2114 592 Agentes,
2175 521 2423 587 rosisque
2484 526 2540 572 et
2609 515 2740 571 liliis
2793 513 3162 583 splendentes.
3220 514 3458 579 Quarum

233 626 357 665 cani
396 612 713 682 participes.
752 611 858 666 Eos
892 622 946 666 tu
987 612 1206 681 quando
1261 612 1483 675 videris,
1538 612 1693 667 dabis
1724 614 1806 667 eis

237 717 416 754 meam
442 703 904 763 benedictionem,
936 701 1160 755 dicens:
1197 701 1409 756 Cecilia
1447 718 1532 755 me
1563 704 1711 757 misit
1738 704 1803 755 ad

235 804 357 849 vos,
387 800 445 843 ut
470 792 773 844 ostendatis
815 791 944 844 mihi
988 800 1238 845 sanctum
1278 808 1464 847 senem
1508 794 1805 859 Urbanum,

238 885 501 948 quoniam
537 883 602 935 ad
630 884 804 949 ipsum
836 884 1007 936 habeo
1050 891 1258 936 secreta
1288 883 1359 936 ab
1410 900 1471 937 ea
1525 900 1803 952 responsa,

238 988 362 1041 qua:
393 974 441 1025 ei
469 974 718 1025 reddam.
758 974 895 1026 Eum
925 974 1140 1041 quando
1165 974 1389 1033 videris,
1442 989 1600 1027 narra
1656 990 1805 1041 qua:-

238 1078 461 1131 cunque
504 1064 599 1116 tibi
622 1064 753 1123 dixi,
788 1074 840 1116 et
874 1064 1092 1131 quando
1125 1074 1175 1117 te
1228 1064 1557 1127 lustraverit,
1616 1065 1803 1119 induet

238 1163 289 1204 te
328 1154 664 1207 indumentis
714 1155 869 1207 novis
932 1165 986 1208 et
1051 1154 1367 1221 splendidis,
1424 1170 1543 1208 cum
1604 1157 1805 1223 quibus

240 1245 391 1296 illico
420 1246 642 1299 veniens
688 1246 738 1298 in
778 1247 879 1299 huc
920 1246 1253 1311 cubiculum,
1302 1246 1512 1301 videbis
1557 1257 1802 1301 sanctum

237 1334 516 1401 angelum.
556 1336 646 1402 qui
682 1347 806 1388 tuus
836 1337 1032 1390 evadet
1076 1337 1303 1400 amicus,
1358 1347 1414 1390 et
1469 1353 1804 1407 quacunque

236 1432 390 1485 petes
418 1423 486 1474 ab
524 1425 659 1490 ipso,
698 1426 962 1478 invenies.

309 1515 770 1584 Tuncprofectus
804 1527 887 1570 est
938 1518 1273 1581 Valerianus,
1318 1530 1369 1571 et
1419 1522 1807 1574 convenienter

235 1607 432 1673 signis,
468 1623 587 1672 qum
609 1611 819 1676 accepit
858 1609 924 1661 ab
960 1610 1075 1675 ipsa
1096 1619 1283 1662 sancta
1323 1609 1559 1672 Caecilia,
1599 1612 1806 1665 invenit

235 1704 489 1745 sanctum
529 1695 804 1749 Urbanum
854 1696 1167 1765 episcopum
1217 1697 1331 1764 qui,
1390 1714 1512 1751 cum
1566 1700 1804 1753 secundo

234 1784 431 1838 fuisset
484 1786 787 1848 confessor,
842 1787 1040 1840 latebat
1089 1788 1334 1842 occultus
1385 1787 1437 1841 in
1491 1800 1798 1843 sanctorum

234 1888 535 1946 martyrum
562 1878 946 1929 monumentis.
980 1876 1077 1931 Cui
1106 1878 1323 1946 quidem
1352 1889 1637 1950 postquam
1660 1881 1799 1936 dixit
1830 1851 1873 1910 Β

232 1970 441 2030 omnia,
493 1985 610 2036 qua:
661 1970 868 2021 dixerat
925 1968 1159 2030 Caecilia.
1218 1986 1412 2040 magno
1470 1974 1666 2039 gaudio
1719 1985 1799 2027 est

232 2059 552 2122 aflectus,et
594 2059 822 2127 genibus
849 2060 995 2113 humi
1038 2061 1209 2125 ﬂexis,
1245 2074 1300 2114 et
1334 2065 1582 2117 manibus
1613 2066 1662 2119 iii
1689 2082 1800 2119 cce-

232 2152 344 2204 luui
416 2152 672 2207 extensis.
732 2151 871 2203 dixit
908 2167 1028 2205 cum
1068 2153 1350 2221 lacryinis:
1409 2156 1627 2212 Domine
1667 2158 1793 2211 Jcsu

230 2244 473 2305 Christe,
494 2253 675 2310 pastor
706 2253 890 2296 sancte
922 2254 975 2296 ct
1027 2245 1185 2306 bone,
1219 2245 1430 2299 Caecilia
1462 2257 1549 2300 tua
1580 2252 1793 2312 ancilla,

236 2343 492 2400 tanquam
541 2335 724 2386 multis
777 2334 1054 2387 laboribus
1098 2339 1331 2391 exercita
1364 2355 1518 2407 agna,
1574 2343 1667 2393 tibi
1715 2352 1796 2395 est

234 2424 507 2486 dedicata,
531 2425 970 2492 quandoquidem
1003 2442 1263 2494 sponsum
1315 2444 1494 2489 suum,
1523 2432 1613 2497 qui
1665 2448 1791 2499 per-

237 2514 364 2567 inde
395 2528 457 2566 ac
528 2516 611 2567 leo
636 2517 878 2568 cohiberi
911 2532 1037 2569 nou
1064 2529 1293 2583 poterat.
1326 2521 1550 2587 accepit.
1594 2532 1645 2573 et
1669 2538 1791 2589 erga

237 2614 569 2671 ti-tanquam
623 2621 818 2673 agnum
867 2607 1109 2661 reddidit
1172 2612 1690 2664 mansuetissimuni.
1743 2612 1792 2664 ls

234 2694 379 2745 cititn
412 2695 515 2747 nisi
545 2696 884 2757 credidisset,
919 2699 985 2751 ad
1021 2713 1121 2751 nos
1150 2715 1257 2751 non
1296 2701 1551 2753 venisset.
1605 2703 1789 2768 Aperi,

234 2785 498 2849 Domine,
533 2789 731 2839 ostium
769 2789 950 2841 cordis
992 2790 1109 2858 ejus
1139 2792 1320 2844 verbis
1348 2792 1472 2851 tuis,
1498 2804 1555 2845 ut
1582 2808 1704 2847 cum
1739 2806 1789 2848 te

236 2879 554 2943 cognoverit
580 2892 700 2931 esse
726 2879 845 2946 ejus
896 2879 1214 2933 cﬂ'ectorem
1256 2892 1313 2935 et
1363 2884 1672 2949 Dominum,
1705 2902 1793 2938 re-

235 2967 1019 3035 nuiitietdiaboloetoperibus
1043 2970 1178 3038 ejus,
1207 2982 1260 3023 et
1282 2972 1421 3026 dolis
1437 2975 1574 3041 ejus.
1600 2975 1719 3027 Haec
1735 2984 1790 3029 et

236 3060 323 3111 bis
354 3059 553 3111 similia
578 3070 768 3112 orante
822 3070 1009 3113 sancto
1035 3061 1252 3114 Urbano
1292 3064 1567 3133 episvopo,
1624 3083 1789 3121 senex

1911 630 2070 669 unam
2096 614 2312 682 quidem
2354 610 2504 665 dedit
2542 608 2790 672 Ceciliae,
2824 608 3049 661 alteram
3119 622 3248 660 vero
3299 607 3455 662 Vale-

1914 705 2086 764 riano,
2123 703 2347 755 dicens:
2387 702 2490 754 llas
2528 713 2754 752 coronas
2810 699 2973 751 corde
3011 698 3359 751 immaculato
3406 709 3462 751 et

1908 811 2047 863 puro
2076 808 2308 861 corpore
2360 790 2665 851 custodite;
2698 804 2791 842 eas
2815 788 2960 842 enim
2992 804 3055 841 ex
3092 790 3339 856 paradiso
3369 788 3460 843 Dei

1907 887 1969 938 ad
2006 902 2101 938 vos
2138 885 2313 936 attuli.
2340 882 2449 935 iloc
2483 892 2664 934 autem
2696 882 2800 933 erit
2839 880 2993 933 vobis
3022 883 3233 948 signum
3269 881 3458 932 :Nun-

1906 993 2065 1045 quam
2104 984 2437 1026 marcescent
2467 990 2494 1025 a
2535 972 2710 1031 vobis,
2743 986 2917 1038 neque
2948 987 3186 1039 unquam
3212 970 3460 1022 amittent

1907 1069 2227 1122 suavitatem
2279 1065 2487 1120 odoris.
2548 1081 2719 1132 neque
2790 1079 3024 1129 unquam
3085 1071 3342 1131 poterunt
3390 1061 3461 1113 ab

1906 1161 2027 1213 aliis
2059 1159 2247 1226 aspici,
2302 1157 2401 1209 nisi
2424 1156 2490 1208 ab
2525 1155 2630 1207 illis
2672 1155 2872 1221 quibus
2914 1154 2993 1206 sic
3029 1155 3261 1221 placebit
3290 1157 3457 1207 casti-

1907 1262 2006 1313 tas,
2033 1250 2305 1316 quoutodo
2346 1249 2629 1315 probatum
2664 1254 2747 1298 est
2776 1261 2893 1298 eam
2930 1245 3085 1298 vobis
3118 1247 3350 1311 placere.
3396 1245 3458 1296 Et

1906 1343 2159 1410 quoniam
2215 1352 2292 1399 tu,
2356 1354 2387 1390 ο
2444 1338 2747 1396 Valeriane,
2795 1351 3046 1389 assensus
3109 1350 3167 1388 es
3228 1336 3461 1387 consilio

1905 1431 2189 1489 castitatis,
2218 1445 2301 1480 me
2330 1430 2393 1481 ad
2430 1439 2477 1481 te
2511 1427 2938 1481 misitDominus
2991 1427 3148 1479 Jesus
3186 1426 3456 1487 Christus,

1907 1529 1959 1570 ut
1985 1533 2105 1571 eam
2135 1518 2369 1584 accipias
2396 1531 2557 1584 quam
2625 1516 2776 1568 voles
2848 1513 3188 1583 petitionem.
3234 1516 3324 1566 lile
3363 1529 3460 1564 au-

1906 1618 2009 1662 tem
2042 1624 2161 1661 cum
2186 1608 2469 1669 audiisset,
2507 1607 2754 1659 adoravit
2796 1616 2851 1658 et
2883 1606 3061 1658 dixit:
3126 1606 3266 1657 Nihil
3320 1604 3453 1656 milii

1903 1709 1984 1753 est
2018 1702 2069 1751 in
2095 1700 2193 1751 hac
2219 1699 2324 1750 vita
2348 1699 2582 1759 dulcius,
2625 1712 2784 1764 quam
2834 1696 3139 1750 charissitni
3199 1704 3253 1748 et
3307 1696 3453 1748 unici

1904 1793 2087 1845 fratris
2131 1794 2439 1861 praesentia.
2486 1792 2849 1854 Quamobrem
2889 1792 3084 1843 merito
3130 1806 3324 1859 arguar
3354 1790 3423 1843 im

1903 1885 2136 1953 pietatis,
2174 1887 2216 1939 si
2276 1900 2357 1938 me
2390 1885 2619 1937 liberato
2664 1884 2730 1935 ab
2777 1898 2965 1936 errore
3012 1882 3450 1943 simulacrorum,

1902 1977 2115 2030 fratrem
2169 1994 2343 2031 meum
2370 1979 2627 2044 majorem
2671 1976 2967 2042 despexero
3000 1976 3047 2026 iii
3087 1973 3329 2042 periculo
3374 1976 3455 2025 in-

1901 2072 2114 2123 teritus.
2155 2071 2489 2122 llancunam
2543 2084 2607 2121 ex
2642 2069 2894 2119 omnibus
2935 2082 3180 2133 propono
3230 2066 3448 2133 petitio-

1898 2177 2043 2225 nem,
2072 2168 2125 2213 et
2149 2161 2371 2228 supplex
2416 2160 2707 2220 contendo,
2760 2169 2816 2213 ut
2864 2159 3082 2211 fratrem
3133 2173 3311 2211 meum
3359 2157 3449 2209 Ti-

1898 2250 2161 2314 burtium,
2191 2252 2329 2303 sicut
2356 2266 2457 2312 ine,
2500 2251 2754 2318 dignetur
2790 2251 3044 2311 literarc,
3072 2261 3125 2302 et
3151 2250 3313 2302 faciat
3350 2263 3450 2301 nos

1897 2343 2084 2396 ambos
2109 2344 2377 2410 perfectos
2416 2345 2465 2395 in
2509 2344 2851 2397 confessione
2881 2344 2997 2411 ejus
3031 2344 3284 2396 nominis.
3311 2340 3446 2395 Cum

1895 2433 2008 2485 haec
2041 2444 2219 2485 autem
2257 2434 2518 2486 audiisset
2554 2435 2799 2501 angelus,
2835 2434 2956 2487 laeto
2984 2439 3132 2486 vultu
3175 2434 3223 2487 ei
3268 2434 3444 2486 dixit:

1893 2522 2343 2590 Quandoquidem
2375 2540 2402 2576 a
2431 2524 2649 2577 Christo
2693 2525 2917 2592 petiisti,
2950 2525 3092 2592 quod
3144 2534 3227 2577 est
3280 2526 3451 2577 Itone-

1893 2616 2049 2677 stius,
2084 2615 2127 2667 is
2164 2615 2353 2681 Deum,
2401 2618 2539 2669 sicut
2575 2626 2650 2677 tu,
2698 2618 2855 2669 colet.
2892 2616 2986 2680 Qui
3013 2618 3171 2667 modo
3196 2618 3338 2669 enim
3397 2628 3446 2670 te

1894 2718 1990 2771 per
2012 2704 2260 2755 ancillam
2280 2704 2550 2759 Caeciliam
2586 2706 2858 2758 lucrifccit
2902 2707 3183 2768 Dominus,
3237 2706 3308 2759 ita
3352 2723 3450 2775 per

1895 2806 1944 2851 te
1972 2797 2189 2851 fratrem
2225 2807 2618 2865 quoquetuuin
2678 2798 2999 2861 lticrifaciet,
3049 2809 3103 2852 et
3153 2814 3274 2852 cum
3328 2800 3446 2867 ipso

1892 2890 2078 2943 venies
2100 2890 2163 2941 ad
2195 2899 2470 2942 certamen
2502 2891 2769 2959 martyrii.

1962 2980 2046 3033 Vl.
2084 2979 2174 3031 His
2205 2996 2333 3048 ergo
2374 2980 2539 3033 (initis
2592 2984 2958 3045 sarntonilius,
2991 2984 3158 3036 forma
3220 2984 3444 3036 visionis

1890 3072 2144 3139 angelica:
2173 3080 2443 3137 assumpta
2469 3083 2549 3122 est
2579 3072 2630 3123 iu
2675 3073 2847 3134 eoilis,
2881 3074 3092 3141 illisque
3134 3076 3185 3126 in
3225 3076 3443 3127 Christo

234 3158 358 3201 ante
392 3164 515 3201 eum
541 3158 763 3216 repetite
793 3152 1064 3217 apparuit,
1105 3152 1325 3205 indutus
1364 3154 1609 3207 candidis
1629 3158 1789 3208 vesti-
1817 3178 1860 3235 ρ
1893 3164 1920 3215 l:

1753 3158 1789 3207 ἱ-
1817 3178 1860 3235 ρ
1893 3164 2223 3220 lmlantilitts,
2256 3172 2307 3213 et
2355 3164 2405 3214 in
2438 3162 2795 3216 aedificatione
2843 3176 3028 3217 sancta
3071 3165 3439 3232 loquentibus,

236 3242 435 3293 mentis
478 3242 620 3292 sicut
686 3240 798 3301 nix,
855 3251 1045 3295 tenens
1095 3242 1149 3293 in
1200 3244 1453 3297 manibus
1506 3247 1775 3309 tabellam,

233 3334 421 3384 aureis
446 3332 758 3397 inscriptam
789 3332 1011 3384 litteris.
1041 3331 1209 3395 Quem
1258 3348 1379 3386 cum
1427 3336 1649 3388 vidisset
1677 3336 1779 3387 Va-

235 3422 501 3481 lerianus,
530 3421 865 3488 stupefactus
890 3431 945 3473 et
990 3420 1189 3474 cadens
1237 3423 1287 3475 in
1346 3434 1566 3484 terram,
1610 3425 1782 3479 factus

233 3522 318 3564 est
348 3523 606 3579 tanquam
640 3520 904 3563 mortuus.
934 3510 1085 3563 Tunc
1113 3526 1276 3565 senex
1312 3528 1433 3565 ettui
1472 3515 1665 3579 erexit,
1700 3516 1781 3566 di-

233 3616 403 3653 cens:
438 3602 602 3668 Lege,
639 3600 791 3660 oﬁli,
823 3608 1128 3653 contextum
1179 3601 1336 3671 hujus
1396 3604 1535 3665 lihri,
1590 3614 1647 3657 ut
1699 3606 1782 3658 di-

233 3708 372 3758 gnus
398 3692 672 3753 habearis,
718 3693 809 3759 qui
872 3693 1121 3759 purgeris
1186 3702 1239 3744 et
1279 3694 1463 3747 videas
1504 3696 1773 3763 angelum,

232 3782 389 3848 cujus
417 3792 767 3847 conspectum
806 3781 900 3832 tibi
927 3782 1076 3847 virgo
1095 3778 1308 3833 Caecilia
1355 3797 1478 3834 cum
1531 3796 1779 3851 prompto

232 3872 401 3924 animi
424 3873 606 3925 studio
627 3881 709 3925 est
735 3872 996 3939 pollicita.
1030 3870 1185 3923 Tunc
1224 3873 1564 3935 Valerianus,
1587 3875 1780 3929 defixis

236 3963 432 4022 oculis,
469 3964 635 4030 coepit
666 3963 716 4015 in
740 3978 806 4015 eo
828 3964 1026 4032 legere.
1083 3964 1211 4017 Erat
1248 3972 1426 4017 autem
1485 3966 1599 4019 haec
1641 3968 1782 4020 scri-

229 4064 413 4120 ptura,
446 4069 567 4121 quae
592 4062 707 4107 erat
740 4054 790 4105 in
835 4054 1030 4107 tabella
1076 4072 1089 4107 :
1150 4072 1168 4102 ι
1248 4054 1400 4109 Unus
1456 4056 1620 4120 Deus,
1672 4073 1778 4110 una

232 4144 388 4205 fides,
431 4160 599 4197 unum
630 4145 929 4212 baptisma;
965 4161 1106 4199 unus
1158 4147 1298 4199 Deus
1351 4155 1406 4198 et
1456 4146 1615 4199 Pater
1662 4164 1777 4201 om-

227 4234 405 4296 nium,
427 4235 519 4300 qui
544 4242 627 4286 est
650 4247 813 4299 super
833 4234 1104 4297 omnia,et
1126 4234 1179 4286 in
1213 4234 1484 4287 omnibus.
1505 4233 1673 4288 Amen
1699 4238 1739 4291 '.
1755 4254 1771 4284 ι

312 4322 378 4378 V.
435 4321 725 4388 Postquam
757 4338 884 4391 ergo
916 4323 1029 4377 hcc
1084 4323 1224 4391 apud
1258 4339 1315 4376 se
1359 4324 1507 4391 legit,
1550 4325 1683 4379 dixit
1727 4327 1776 4379 ei

228 4414 486 4467 sacerdos
516 4429 529 4464 :
559 4411 771 4475 Credis,
794 4412 890 4475 fili,
921 4400 1033 4465 haec
1067 4413 1139 4466 ita
1177 4429 1316 4476 esse,
1351 4428 1416 4467 an
1449 4416 1626 4470 adhuc
1676 4419 1778 4472 du-

1890 3253 2116 3304 accessit
2179 3250 2462 3303 Tiburtius
2526 3252 2693 3304 frater
2734 3253 3025 3311 Valeriani,
3055 3263 3107 3306 et
3146 3256 3440 3321 ingressus,

1889 3353 2142 3410 tanquam
2225 3360 2374 3396 suain
2451 3360 2702 3410 sponsam
2798 3345 3072 3397 osculatus
3139 3355 3220 3398 est
3278 3359 3439 3413 caput.

1887 3445 2081 3487 sanctm
2126 3435 2370 3496 Crccilizc,
2420 3446 2473 3487 et
2506 3438 2680 3489 dixit:
2719 3437 2879 3489 Valde
2909 3441 3093 3500 miror,
3148 3440 3248 3491 hoc
3308 3450 3441 3490 tem-

1888 3540 2018 3593 pore
2050 3525 2137 3576 hic
2175 3541 2322 3577 rosas
2356 3535 2406 3577 et
2434 3526 2543 3578 lilia
2596 3526 2873 3579 olfacicns.
2937 3527 3068 3579 Nam
3104 3530 3147 3579 si
3185 3528 3328 3595 ipsas
3354 3544 3437 3580 ro-

1887 3630 1971 3667 sas
2019 3626 2070 3667 et
2106 3617 2213 3668 lilia
2252 3627 2490 3668 tenerem
2553 3618 2602 3667 in
2654 3620 2925 3677 manibus,
2970 3633 3035 3670 ne
3083 3620 3159 3670 sic
3214 3620 3432 3684 quidem

1886 3710 2013 3759 mihi
2044 3717 2262 3774 possent
2288 3709 2527 3773 pr.rbere
2565 3721 2668 3760 tam
2698 3725 2910 3761 suavem
2944 3712 3187 3762 odorem.
3232 3712 3431 3763 Fateor

1884 3802 2055 3857 vobis,
2083 3802 2462 3863 ocharissimi,
2500 3804 2569 3854 ita
2613 3819 2710 3869 ego
2761 3804 2825 3855 ad
2858 3820 2939 3855 ine
2978 3804 3135 3861 redii.
3159 3814 3214 3856 ut
3249 3815 3433 3873 putem

1886 3906 1969 3943 me
1996 3901 2164 3943 totum
2195 3902 2419 3959 repente
2472 3908 2590 3945 esse
2639 3906 2977 3947 renovatum.
3018 3895 3152 3947 Dicit
3196 3898 3242 3948 ei
3282 3897 3434 3950 Vale-

1887 3981 2073 4033 rianus
2108 3998 2119 4030 :
2152 3981 2358 4033 Bonum
2384 3982 2606 4034 odorem
2646 3985 2932 4050 accepiSii,
2990 4001 3020 4037 ο
3069 3986 3251 4049 frater,
3308 4002 3435 4043 cum

1883 4080 1982 4128 ego
2018 4070 2247 4135 rogat-im
2274 4070 2463 4131 Deum,
2517 4080 2574 4122 ut
2602 4072 2897 4139 acciperes.
2954 4073 3026 4126 Te
3080 4086 3259 4128 autem
3316 4078 3427 4143 jam

1885 4157 2156 4218 credente,
2209 4158 2439 4225 accipies
2468 4160 2630 4211 etiam
2684 4162 3115 4216 amarauthinam
3175 4182 3429 4219 coronam

1889 4248 2324 4315 incorruptionis,
2359 4260 2411 4303 et
2437 4251 2600 4303 lietari
2646 4252 2697 4304 in
2756 4255 2865 4319 ipsa
2920 4269 3094 4312 rosea.
3154 4265 3207 4306 et
3254 4267 3431 4308 metite

1884 4348 2007 4387 eum
2039 4335 2340 4401 percipere,
2391 4338 2545 4404 cujus
2579 4338 2630 4388 in
2670 4339 2806 4389 rosis
2857 4342 3076 4406 sanguis
3102 4340 3351 4401 ﬂorescit,
3379 4352 3433 4394 et

1886 4426 1939 4477 iti
1974 4425 2102 4479 liliis
2124 4429 2278 4495 cujus
2298 4443 2492 4495 corpus
2520 4428 2758 4482 'albescit
2794 4440 2845 4482 et
2905 4432 3098 4483 anima.
3162 4431 3433 4487 llabemiis

227 4506 407 4560 bitas?
454 4506 607 4558 Tunc
681 4505 999 4558 Valerianus
1060 4504 1314 4557 clamavit
1365 4522 1553 4576 magna
1608 4525 1773 4565 voce:
1810 4510 2021 4569 Denim
2053 4532 2296 4579 coronas,
2340 4534 2476 4587 quas
2511 4520 2585 4572 tui
2636 4521 2775 4573 oculi
2834 4538 2939 4573 non
2992 4532 3216 4589 possunt
3252 4526 3430 4589 perci-

230 4598 347 4651 Non
379 4607 464 4650 est
498 4611 683 4649 revera
726 4595 869 4649 aliud
916 4595 1019 4650 sub
1079 4598 1237 4657 cmlo,
1270 4598 1357 4650 cui
1393 4599 1575 4653 verius
1625 4602 1773 4655 credi

230 4688 423 4756 possit.
454 4688 742 4754 Postquam
767 4701 897 4755 ergo
944 4687 1058 4741 haec
1115 4688 1249 4741 dixit
1303 4690 1637 4753 Valerianus,
1688 4693 1775 4745 ille

230 4794 399 4833 senex
430 4793 495 4831 ex
527 4780 643 4847 ejus
663 4778 834 4831 oculis
884 4780 1123 4832 evanuit.
1163 4780 1319 4834 Tunc
1358 4791 1577 4836 sanctus
1606 4781 1777 4836 Urba-

228 4886 356 4931 nus,
385 4885 505 4923 cum
538 4886 661 4923 eum
705 4870 1094 4931 admonuisset,
1141 4880 1193 4923 et
1230 4873 1559 4926 catt-.chismo
1617 4873 1775 4927 insti-

230 4962 444 5020 tuisset,
485 4962 920 5027 haptizaviteuin
959 4962 1011 5014 in
1042 4962 1260 5015 nomine
1324 4963 1499 5016 Patris
1545 4972 1600 5016 et
1658 4965 1775 5017 Filii

225 5061 285 5104 et
322 5051 553 5117 Spiritus
583 5053 774 5112 sancti,
807 5064 862 5105 et
910 5068 1031 5104 cum
1062 5068 1185 5106 eum
1246 5053 1520 5107 docuisset
1558 5070 1774 5108 omnem

230 5141 473 5210 regulam
500 5140 644 5205 fidei,
677 5142 881 5196 dimisit
907 5144 972 5196 ad
1003 5143 1295 5209 Caeciliam,
1335 5146 1381 5198 ei
1432 5148 1592 5215 jactis
1642 5148 1781 5215 epti~

228 5250 317 5287 me
348 5233 733 5287 fundamentis.
772 5235 905 5289 Cum
946 5245 1124 5289 autem
1181 5238 1416 5290 venisset
1467 5237 1783 5292 Valerianus

229 5325 284 5377 in
328 5326 660 5380 indumentis
688 5328 951 5391 candidis,
981 5329 1184 5382 invenit
1224 5329 1489 5382 Caeciliam
1534 5342 1776 5383 orantem

232 5418 284 5470 in
325 5418 600 5481 cubiculo,
663 5431 717 5474 et
765 5423 1012 5490 angelum
1066 5422 1276 5474 Domini
1327 5431 1559 5475 stantem
1611 5438 1777 5491 prepe

228 5522 369 5567 eam,
420 5508 713 5578 fulgentem
764 5514 958 5579 pennis
1008 5510 1292 5575 flammeis,
1350 5522 1404 5565 et
1458 5513 1773 5567 scintillanti

228 5592 429 5665 specie,
460 5601 595 5653 duas
621 5616 847 5657 coronas
874 5602 1160 5657 habentem
1212 5603 1265 5657 in
1300 5604 1546 5657 manibus
1599 5603 1770 5656 reful-

300 5782 319 5811 ‘
340 5782 533 5852 Eplies.
564 5799 613 5846 v,
644 5784 697 5840 6.

1879 4620 2026 4673 pere,
2053 4605 2209 4673 igneo
2238 4621 2371 4658 rosae
2424 4608 2624 4661 rubore
2671 4620 2726 4662 et
2776 4609 2915 4661 nivis
2972 4610 3205 4663 candore
3264 4613 3428 4665 reful~

1880 4706 2085 4763 gentes.
2118 4694 2256 4749 Dicit
2287 4698 2332 4748 ei
2363 4696 2680 4753 Tiburtius:
2718 4700 2770 4750 ln
2802 4702 3077 4753 suntnisuc
3104 4703 3212 4754 hinc
3245 4705 3426 4766 audio,

1881 4802 1948 4838 an
1979 4788 2201 4839 veritate
2233 4788 2344 4841 htee
2383 4788 2540 4852 dicis,
2575 4804 2606 4841 ο
2634 4790 2798 4841 frater
2837 4790 3115 4844 Valeriane
3139 4794 3159 4843 ?
3185 4793 3427 4859 Κεειιοιιω

1883 4876 1963 4929 dit
1997 4878 2318 4933 Valerianus
2356 4900 2369 4931 :
2409 4879 2463 4931 ln
2530 4882 2733 4932 somnis
2783 4882 3060 4950 hucusque
3116 4886 3364 4947 viximus,
3396 4901 3429 4938 ο

1883 4969 2048 5022 frater
2082 4969 2411 5023 citatissime.
2446 4970 2575 5022 Nam
2595 4971 2702 5039 jam
2740 4972 2828 5024 Dei
2892 4976 3059 5035 gratia
3125 4984 3177 5027 et
3234 4977 3427 5028 volun-

1885 5069 2012 5125 tate,
2045 5076 2230 5114 sumus
2264 5062 2314 5113 in
2340 5062 2482 5112 omni
2509 5062 2758 5123 veritate,
2814 5074 2867 5115 et
2909 5080 3013 5115 non
3073 5075 3156 5117 est
3189 5067 3240 5117 in
3273 5068 3427 5120 nobis

1880 5153 2240 5205 mendacium.
2287 5152 2367 5205 Dii
2404 5153 2571 5215 enim,
2603 5170 2739 5220 quos
2802 5155 3083 5223 hucusque
3135 5157 3424 5220 coluimus,

1877 5254 2064 5291 revera
2094 5250 2221 5292 sunt
2274 5239 2395 5290 mali
2435 5238 2707 5291 daemones
2753 5249 2805 5291 et
2867 5240 3150 5293 immundi.
3204 5242 3341 5292 Dieit
3374 5246 3420 5294 ei

1878 5330 2159 5383 Tiburtius
2214 5353 2223 5382 :
2278 5329 2559 5392 Quomodo
2620 5329 2718 5380 lioc
2781 5332 3100 5394 cognovisti,
3148 5347 3179 5383 ο
3222 5331 3427 5384 frater?

1874 5420 2172 5487 Respondit
2220 5419 2581 5472 Valerianus:
2638 5419 2874 5487 Angelus
2926 5422 3016 5472 Dei
3074 5437 3156 5473 me
3217 5423 3421 5485 docuit,

1872 5525 2031 5578 quem
2057 5521 2110 5562 tu
2146 5523 2361 5577 quoque
2426 5510 2629 5576 poteris
2661 5511 2878 5570 intueri,
2910 5513 2952 5562 si
2990 5510 3152 5562 fueris
3188 5512 3426 5563 mundus

1871 5606 1936 5655 ab
1965 5601 2218 5656 omnibus
2245 5600 2497 5655 sordibus
2523 5600 2810 5654 idolorum.
2844 5602 2983 5654 Dicit
3007 5603 3057 5655 ei
3099 5601 3377 5655 Tiburtius
3406 5621 3418 5655 :
