4270 6428
284 422 389 488 169

1429 418 1602 477 νιΤΑ
1635 420 1691 477 S.
1726 417 2058 477 CAECILle
2098 420 2186 478 ET
2227 420 2378 480 SOC.

3378 424 3478 489 170

282 550 455 591 unum
479 545 599 589 ωε
655 532 825 585 mum
886 532 940 585 in
1002 532 1175 585 ιι-ίῡυς
1234 527 1500 598 personis,
1546 528 1595 581 ei
1650 537 1833 596 aperte
1865 529 1907 585 Α
1935 528 2169 590 derunt,
2200 538 2457 583 vocantes
2495 543 2619 583 eum
2666 544 2877 599 magum
2919 537 2973 583 et
3004 531 3226 599 impium
3262 549 3274 586 :
3311 544 3365 588 et
3394 550 3482 588 se—

280 625 621 695 probaverit.

349 715 417 769 X.
455 715 763 769 Conversus
802 714 985 781 itaque
1038 712 1105 765 ad
1160 710 1379 764 fratrem
1433 724 1591 763 suum
1648 709 1828 762 dixit:

278 806 353 857 De
388 821 496 857 uno
532 804 640 858 Deo
672 803 802 857 mihi
836 803 1003 857 fuisse
1053 800 1380 857 satisfactum
1426 799 1706 865 confiteor,
1736 798 1831 853 sed

277 908 455 945 meam
487 894 864 962 quastionem,
920 894 1061 946 sicut
1116 891 1268 959 prius
1322 889 1647 959 inceperam,
1720 890 1833 943 vel-

278 984 385 1035 lem
420 984 583 1037 scire.
621 981 764 1035 Dixit
818 992 999 1035 sancta
1028 982 1241 1035 Caecilia
1301 1000 1313 1034 :
1364 981 1436 1035 De
1492 994 1552 1033 ea
1618 994 1829 1034 mecum

277 1075 525 1139 loquere,
553 1072 805 1139 quoniam
840 1072 1077 1126 brevitas
1104 1072 1365 1140 temporis
1393 1078 1475 1124 est
1532 1070 1685 1125 fratri
1737 1081 1829 1124 tuo

276 1161 694 1228 impedimento,
748 1162 1037 1231 quominus
1087 1160 1276 1215 reddat
1356 1175 1694 1228 responsum.
1750 1159 1830 1212 Me

275 1261 483 1309 autem.
513 1266 674 1318 quam
714 1251 916 1305 Christi
977 1251 1243 1320 sapientia
1291 1249 1479 1304 docuit
1542 1264 1572 1303 a
1632 1248 1830 1303 teneris

275 1340 609 1409 unguiculis,
635 1340 701 1395 de
740 1356 1065 1410 quacunque
1113 1358 1171 1397 re
1213 1356 1298 1396 me
1331 1341 1569 1395 volueris
1599 1340 1829 1394 interro-

270 1444 425 1496 gare,
467 1443 575 1482 non
630 1431 839 1497 poteris
885 1429 1137 1485 invenire
1189 1432 1529 1500 imparatam.
1584 1428 1725 1483 Dicit
1777 1430 1826 1484 ei

273 1516 603 1572 Tiburtius:
642 1517 754 1574 Hoc
795 1536 971 1588 nuper
1013 1520 1259 1589 quasivi,
1309 1530 1363 1575 et
1410 1535 1553 1573 nunc
1610 1532 1827 1588 quoque

272 1623 461 1675 quaero
491 1626 505 1661 :
532 1609 792 1673 Quisnam
825 1625 891 1664 ex
922 1610 989 1664 iis
1018 1612 1110 1678 qui
1138 1611 1246 1664 illic
1278 1619 1426 1673 sunt,
1454 1611 1558 1664 huc
1580 1610 1823 1669 veniens.

269 1700 513 1753 ostendit
540 1702 696 1753 nobis
726 1701 883 1753 aliam
924 1702 1110 1765 vitam,
1143 1717 1302 1770 quam
1342 1716 1438 1755 vos
1485 1699 1826 1770 pmdicatis?

272 1788 473 1844 Sancta
506 1791 641 1845 dixit
685 1791 938 1846 Cecilia:
1008 1793 1356 1863 Unigenitum
1416 1808 1569 1846 suum
1626 1792 1819 1845 Filium

1934 618 2191 673 ditionem
2222 622 2523 674 excitarunt
2564 622 2617 673 in
2648 622 2862 689 populo,
2896 630 2956 674 ut
2995 636 3119 677 eum
3178 626 3320 678 cruci
3369 625 3480 680 alli-

1932 719 2135 776 gerent.
2195 709 2305 763 lloc
2368 721 2545 764 autem
2608 713 2696 765 ille
2749 714 3077 779 prasciens.
3136 729 3236 782 pro
3291 716 3479 770 mundi

1932 799 2105 851 salute
2147 800 2391 867 permisit
2443 815 2499 853 se
2547 800 2881 869 apprehendi
2935 809 2989 855 et
3034 804 3212 866 illudi,
3269 804 3480 874 injuriis

1932 886 2085 951 allici,
2115 889 2294 958 flagris
2323 890 2452 943 caedi
2479 900 2534 943 et
2568 892 2760 945 occidi.
2797 891 3014 946 Sciebat
3047 894 3191 947 enim
3228 905 3287 947 ut
3313 897 3477 958 Deus,

1931 980 2073 1045 quod
2105 994 2209 1032 non
2241 980 2399 1032 aliter
2427 980 2526 1032 nisi
2560 995 2656 1048 per
2685 984 2973 1048 pretiosam
3005 992 3060 1037 et
3104 984 3478 1038 intemeratam

1931 1080 2082 1118 suam
2115 1066 2436 1132 passionem,
2462 1075 2607 1120 esset
2636 1070 2906 1134 captivum
2938 1068 3255 1123 redditurus
3286 1069 3479 1122 diabo-

1930 1154 2069 1218 lum,
2110 1156 2372 1223 malisque
2410 1168 2464 1210 et
2506 1158 2801 1211 immundis
2840 1159 3125 1227 spiritibus
3180 1160 3347 1214 malas
3393 1161 3478 1212 in-

1927 1242 2089 1299 ferret
2118 1259 2321 1313 poenas.

1997 1334 2111 1388 ΧΗ.
2148 1336 2441 1405 Propterea
2472 1350 2601 1404 ergo
2629 1337 2717 1391 ille
2755 1339 2855 1392 fuit
2900 1340 3355 1408 comprehensus,
3386 1343 3477 1409 qui

1929 1434 2207 1492 peccatum
2244 1442 2349 1479 non
2394 1426 2554 1487 fecit,
2606 1437 2665 1480 ut
2711 1428 3035 1483 liberaretur
3074 1446 3246 1498 genus
3289 1432 3476 1485 huma-

1928 1528 2079 1576 num,
2113 1515 2261 1582 quod
2285 1516 2632 1571 detinebatur
2655 1520 2893 1571 vinctum
2925 1520 2977 1572 in
3003 1521 3222 1575 vinculo
3246 1524 3477 1590 peccati.

1926 1600 2026 1667 Qui
2061 1612 2142 1656 est
2187 1603 2529 1668 benedictus,
2579 1606 2682 1659 fuit
2722 1606 2824 1659 sub
2860 1609 3145 1662 maledicto
3200 1621 3257 1662 ut
3306 1627 3405 1664 nos
3449 1628 3477 1663 τι

1927 1691 2214 1745 maledicto
2258 1693 2553 1757 eximeret;
2614 1695 2874 1749 sustinuit
2923 1696 3242 1761 illusiones,
3287 1709 3345 1752 ut
3379 1715 3478 1753 nos

1927 1780 2184 1837 liberaret
2224 1782 2291 1835 ab
2320 1783 2571 1837 illusione
2616 1785 2942 1849 daemonum,
2975 1789 3065 1853 qui
3102 1799 3385 1842 versantur
3422 1790 3474 1842 in

271 1879 433 1934 Pater
497 1898 593 1950 per
647 1893 888 1937 sanctam
956 1882 1231 1952 Virginem
1298 1882 1514 1936 Mariam
1575 1882 1718 1935 misit
1770 1882 1822 1933 in
1859 1851 1896 1903 Β
1927 1871 2031 1925 hoc
2065 1872 2283 1926 mUI'dO-
2327 1873 2577 1941 spineam
2624 1889 2879 1928 οοτοηδῑη
2920 1878 3129 1945 accep“
3172 1878 3227 1932 in
3275 1881 3473 1948 ωρίιε.

270 1983 496 2035 terram,
525 1974 619 2042 qui
645 1983 793 2029 stans
847 1978 901 2028 in
957 1984 1144 2029 sancto
1199 1983 1401 2038 monte,
1454 1989 1643 2041 magna
1695 1988 1824 2027 voce

266 2062 544 2125 clamavit,
568 2063 794 2119 dicens:
844 2063 1034 2118 Venite
1072 2063 1136 2116 ad
1167 2078 1272 2127 me,
1310 2077 1498 2116 omnes
1532 2063 1737 2130 populi,
1771 2073 1825 2116 et

264 2168 367 2220 ego
402 2154 543 2207 dabo
580 2154 734 2208 vobis
757 2154 921 2207 vitam
951 2165 1229 2208 aeternam.
1286 2171 1304 2203 s
1334 2151 1623 2206 Concurrit
1644 2160 1822 2204 autem

267 2244 333 2295 ad
387 2259 512 2296 eum
569 2244 745 2297 omnis
799 2258 951 2307 caro,
1000 2243 1181 2296 omnis
1240 2251 1390 2305 tetas,
1443 2256 1603 2294 omne
1655 2255 1825 2309 genus

273 2334 760 2388 hnminum.’l‘unc
788 2334 925 2388 dixit
979 2334 1232 2388 omnibus
1287 2350 1301 2386 :
1372 2349 1391 2383 α
1442 2331 1820 2387 Ptenitentiam

268 2427 413 2494 agite
498 2432 721 2495 propter
784 2434 1019 2480 vestram
1086 2423 1444 2493 ignorantiam
1497 2440 1510 2477 :
1567 2422 1821 2491 quoniam

268 2516 728 2584 appropinquavit
786 2530 1009 2585 regnum
1044 2515 1160 2580 Dei,
1194 2515 1339 2583 quod
1392 2514 1544 2568 tollet
1598 2528 1820 2583 regnum

270 2606 554 2659 hominum
586 2606 664 2658 ’.ι
700 2604 869 2659 Suum
895 2614 1074 2659 autem
1135 2620 1359 2673 regnum
1391 2603 1507 2657 vult
1554 2603 1696 2657 Deus
1744 2602 1823 2656 di-

268 2695 456 2749 videre
482 2694 550 2748 iis
572 2696 663 2763 qui
683 2696 933 2757 credunt,
962 2695 1017 2749 in
1040 2710 1148 2764 quo
1166 2696 1253 2749 ille
1278 2695 1489 2750 exsistit
1512 2694 1816 2749 sublimior.

268 2784 385 2838 illic
437 2800 569 2855 ergo
632 2795 946 2853 peccatores
1007 2786 1229 2855 quidem
1296 2785 1819 2840 consummabuntur

267 2876 486 2929 :eternis
516 2875 817 2938 doloribus,
852 2885 908 2930 et
942 2876 1085 2945 igne,
1114 2876 1205 2945 qui
1254 2890 1532 2944 nunquam
1562 2876 1820 2929 termina-

268 2966 417 3019 bitur
446 2966 609 3035 :justi
655 2978 835 3020 autem
868 2968 1143 3035 accipient
1177 2968 1350 3020 lucem
1377 2977 1592 3021 eterna:
1636 2967 1822 3036 gloria

265 3066 320 3110 et
347 3056 555 3125 gaudii,
587 3072 707 3125 quae
732 3058 941 3111 nullum
966 3073 1205 3126 unquam
1256 3058 1415 3111 linem
1473 3060 1690 3127 accipit.
1743 3058 1818 3113 De

264 3158 461 3201 cetero
490 3148 675 3211 nolite,
708 3163 738 3202 ο
772 3148 864 3201 lilii
892 3148 1195 3213 hominum,
1238 3149 1406 3219 hujus
1447 3150 1572 3205 vita
1604 3149 1819 3220 fugien-
1842 3171 1887 3228 ρ

266 3248 375 3291 tem
432 3254 677 3307 querere
728 3239 993 3302 laetitiam,
1061 3249 1120 3292 ut
1181 3240 1421 3293 latitiatn
1497 3240 1644 3295 illius
1698 3242 1819 3295 vitae

262 3340 526 3382 aeternam
557 3330 899 3399 possideatis.
942 3345 1058 3399 qua
1101 3331 1239 3384 hanc
1291 3333 1455 3383 vitam
1495 3331 1713 3400 excipit.
1762 3332 1817 3384 In

264 3420 367 3473 hac
396 3420 543 3474 enim
576 3420 681 3474 vita
709 3420 873 3474 breve
904 3429 1114 3490 tempus
1162 3420 1382 3485 vivitis;
1436 3422 1489 3474 in
1541 3421 1630 3474 illa
1666 3436 1813 3485 vero,

262 3509 318 3562 in
337 3524 497 3563 omne
513 3525 709 3564 aevum.

334 3598 425 3653 Il.
476 3601 611 3654 Cum
656 3600 773 3655 hac
820 3611 1000 3654 autem
1044 3600 1345 3654 audiissent
1392 3614 1582 3654 omnes
1628 3600 1815 3669 populi

262 3686 533 3752 infideles,
570 3702 676 3741 una
710 3702 844 3741 voce
872 3687 1146 3741 dixerunt:
1181 3687 1248 3740 Et
1274 3688 1398 3756 quis
1430 3688 1542 3740 illic
1585 3687 1719 3752 fuit,
1759 3696 1815 3742 et

260 3794 389 3833 cum
418 3779 569 3832 illinc
612 3778 721 3832 huc
749 3780 1006 3841 venisset,
1034 3779 1211 3847 potuit
1256 3778 1453 3831 docere
1499 3793 1627 3832 vera
1670 3793 1809 3843 esse,

259 3884 382 3938 qua
410 3869 585 3923 dicis?
610 3869 762 3923 Tunc
787 3869 883 3924 Dei
915 3869 1086 3924 Filius
1123 3869 1259 3923 dixit
1293 3869 1377 3923 eis
1404 3868 1494 3923 :Si
1526 3870 1814 3924 ostendero

259 3960 420 4015 vobis
444 3958 744 4015 surrexisse
773 3972 1037 4024 mortuos,
1062 3975 1172 4014 non
1203 3960 1427 4015 creditis
1462 3962 1720 4015 veritati?
1748 3962 1815 4019 Ut

262 4058 448 4102 autem
476 4047 837 4115 dubitationis
868 4058 924 4102 et
950 4049 1281 4117 suspicionis
1310 4049 1518 4102 nullum
1560 4064 1809 4104 remane-

262 4150 347 4194 ret
372 4140 679 4209 vestigium,
727 4154 849 4193 cum
882 4139 1096 4208 populis
1147 4138 1425 4207 profectus
1473 4147 1557 4193 cst
1604 4139 1671 4192 ad
1724 4154 1812 4194 se-

262 4230 478 4298 pulcra,
509 4240 567 4283 et
604 4229 874 4283 triduanis
908 4237 963 4282 et
991 4228 1367 4297 quatriduanis
1391 4236 1446 4282 et
1480 4229 1590 4297 jam
1616 4228 1809 4283 faeten-

262 4318 410 4373 tibus
464 4320 713 4382 mortuis,
762 4334 922 4384 quam
979 4320 1273 4372 amiserant
1318 4319 1523 4383 vitam,
1577 4326 1637 4371 ut
1670 4319 1811 4373 Deus

264 4409 518 4463 reddidit.
549 4408 873 4463 Transmisit
904 4423 1068 4471 mare,
1105 4422 1270 4477 super
1292 4408 1489 4462 ﬂuctus
1531 4409 1811 4463 ambulans

1925 1976 1983 2019 ut
2020 1966 2304 2034 capitalem
2359 1968 2571 2019 tolleret
2623 1968 2946 2021 sententiam
2976 2009 2989 2031 ,
3018 1985 3141 2037 quae
3182 1986 3248 2023 ex
3302 1971 3476 2038 spinis

1924 2067 2272 2123 peccatorum
2312 2058 2364 2109 in
2414 2072 2513 2109 nos
2559 2056 2667 2109 lata
2700 2058 2897 2111 fuerat.
2936 2059 3027 2112 Fel
3077 2061 3129 2112 in
3167 2060 3289 2112 cibo
3318 2074 3474 2113 acce-

1923 2147 2023 2214 pit,
2053 2154 2109 2198 ut
2138 2146 2349 2199 dulcem
2379 2148 2539 2216 primi
2585 2146 2821 2201 hominis
2851 2159 3065 2217 gustum
3089 2188 3102 2210 ,
3138 2151 3281 2203 unde
3332 2168 3475 2203 mors

1925 2237 1977 2289 in
2017 2236 2277 2289 mundum
2326 2237 2427 2289 fuit
2481 2238 2755 2305 ingressa,
2808 2250 3187 2293 commutaret.
3250 2241 3474 2294 Potatus

1921 2337 2004 2382 cst
2059 2338 2248 2391 aceto,
2302 2338 2361 2380 ut
2412 2329 2800 2391 acrimoniam,
2863 2346 2968 2398 qua
3013 2340 3200 2384 noster
3254 2336 3475 2402 sanguis

1921 2419 2156 2483 ebulliit,
2208 2419 2260 2471 in
2303 2433 2358 2472 se
2391 2420 2711 2487 susciperet,
2760 2428 2817 2473 et
2867 2421 3011 2477 hunc
3063 2422 3201 2477 bibit
3253 2425 3473 2479 calicem

1921 2510 2224 2578 passionis,
2277 2511 2367 2577 qui
2419 2510 2616 2564 nostris
2663 2510 2963 2565 debebatur
3013 2514 3177 2567 vitiis.
3230 2515 3476 2569 Nudains

1921 2611 2041 2663 est,
2098 2611 2157 2655 ut
2212 2610 2527 2657 nostrorum
2576 2611 2861 2670 parentum
2915 2605 3253 2670 nuditatem,
3308 2622 3470 2675 quam

1922 2693 2065 2761 passi
2103 2702 2231 2746 sunt
2260 2693 2488 2747 consilio
2512 2692 2813 2760 serpentis,
2860 2694 3033 2750 niveis
3066 2704 3271 2765 tegeret
3310 2698 3474 2751 indu-

1922 2783 2136 2837 mentis.
2174 2783 2232 2837 In
2268 2782 2414 2852 ligno
2444 2782 2548 2837 fuit
2576 2798 2896 2852 suspensus,
2926 2795 2985 2839 ut
3006 2787 3135 2856 ligni
3170 2795 3474 2857 transgres-

1920 2871 2161 2933 sionem,
2191 2885 2285 2938 per
2314 2872 2619 2939 passionem
2661 2870 2790 2939 ligni
2825 2873 3007 2926 crucis
3054 2886 3164 2927 suae
3210 2873 3469 2929 aboleret.

1923 2956 2149 3010 Mortem
2183 2958 2248 3010 ad
2278 2971 2335 3011 se
2371 2958 2557 3013 venire
2584 2958 2824 3023 admisit,
2860 2970 2921 3013 ut
2957 2976 3141 3014 secum
3178 2961 3470 3017 luctantem

1922 3050 2216 3111 sauciaret,
2242 3058 2298 3102 et
2333 3064 2558 3117 regnum
2590 3049 2735 3118 quod
2763 3051 2971 3104 invenit
3000 3066 3097 3119 per
3121 3061 3427 3118 serpentem
3455 3094 3469 3113 .

1923 3140 2236 3205 amitteret,
2292 3149 2347 3194 et
2394 3154 2517 3192 cum
2570 3139 2690 3209 ipso
2739 3150 2991 3208 serpente
3047 3143 3319 3204 sauciata,
3378 3158 3472 3211 per

1919 3233 2197 3285 Christum
2248 3231 2403 3285 fieret
2451 3230 2684 3299 captiva.
2738 3230 3099 3296 Quamobrem
3134 3233 3313 3285 omnia
3357 3234 3470 3287 ele—

1918 3335 2101 3376 menta
2150 3338 2273 3377 cum
2323 3323 2587 3377 vidissent
2637 3338 2795 3377 suum
2839 3323 3156 3378 effectorem
3215 3325 3468 3390 sublime,

1917 3424 2098 3467 actum
2154 3416 2208 3465 in
2256 3427 2503 3473 crucem,
2544 3427 2737 3481 magno
2800 3424 2945 3468 metu
2997 3422 3462 3470 contremuerunt.

1917 3504 2049 3557 Nam
2098 3518 2163 3555 ex
2222 3518 2327 3556 una
2362 3511 2514 3570 parte
2566 3512 2710 3557 mota
2761 3512 2845 3557 est
2900 3512 3064 3564 terra.
3116 3514 3170 3557 et
3204 3518 3269 3558 ex
3300 3507 3465 3559 altera

1916 3589 2088 3645 fracta
2133 3599 2259 3644 sunt
2303 3591 2500 3659 templa
2550 3600 2605 3643 et
2649 3603 2847 3659 petrae,
2881 3592 3019 3659 fugit
3059 3592 3211 3657 dies;
3244 3595 3323 3648 sol
3364 3595 3467 3647 fuit

1916 3679 2261 3745 conterritus,
2304 3690 2359 3735 et
2407 3682 2731 3735 obscuratus
2778 3684 2909 3736 texit
2962 3684 3202 3739 tenebris
3248 3688 3467 3740 univcr-

1913 3786 2030 3827 sum
2062 3771 2360 3834 mundum;
2414 3772 2539 3826 luna
2586 3787 2695 3825 sua:
2737 3773 2872 3828 lucis
2923 3774 3263 3841 splendorem
3314 3778 3460 3831 nubo

1913 3868 2141 3913 cruenta
2188 3860 2431 3928 operuit;
2476 3871 2619 3914 astra
2668 3861 2788 3915 οωιί
2850 3862 2972 3917 luce
3022 3865 3461 3933 resplendentia.

1913 3952 2091 4010 omnia
2122 3952 2281 4006 simul
2332 3960 2458 4005 sunt
2499 3959 2722 4005 mutata.
2759 3950 2966 4006 Stridet
2992 3962 3152 4017 terra,
3205 3964 3263 4009 et
3294 3957 3459 4011 veluti

1912 4044 2131 4117 pariens
2156 4083 2168 4104 ,
2199 4042 2364 4107 cmpit
2404 4042 2605 4095 multos
2635 4050 2853 4097 sanctos
2881 4044 3113 4098 reddere
3162 4060 3228 4099 ex
3279 4048 3462 4115 sepul-

1912 4133 2019 4187 cris
2052 4151 2062 4185 :
2098 4134 2189 4200 qui
2239 4132 2458 4201 quidem
2512 4133 2615 4187 lioc
2662 4133 2859 4187 dabant
2890 4136 3285 4201 testimonium,
3312 4141 3458 4206 quod

1912 4222 2214 4276 Servatoris
2248 4223 2541 4277 descensus
2584 4222 2651 4276 ad
2699 4223 2901 4277 inferos
2941 4225 3187 4279 dissolvit
3233 4242 3458 4297 regnum

1910 4312 2132 4376 diaboli,
2161 4320 2216 4366 et
2247 4321 2492 4367 mortuus
2539 4320 2767 4367 mortem
2814 4314 2993 4369 affecit
3038 4315 3368 4384 ignominia,
3403 4330 3460 4374 et

1912 4418 2220 4471 percussam
2251 4403 2456 4466 vinxit,
2510 4411 2565 4456 et
2607 4402 2841 4471 subjecit
2892 4404 3122 4472 pedibus
3171 4422 3455 4462 servorum

262 4512 372 4550 nan
406 4496 720 4552 madefactis
756 4497 1004 4567 pedibus.
1049 4497 1353 4566 lmperabat
1400 4498 1593 4562 ventis,
1648 4501 1808 4555 casti-
1844 4486 1885 4537 Ι)
1912 4510 2153 4548 suorum.
2190 4494 2342 4547 Illinc
2377 4494 2580 4547 clarum
2617 4502 2720 4557 est.
2763 4494 2904 4563 quod
2939 4510 3038 4563 pro
3072 4496 3293 4551 nomine
3338 4498 3456 4567 ejus

263 4589 421 4656 gabat
450 4586 677 4651 fluctus,
708 4597 761 4640 et
804 4602 922 4658 qua:
950 4586 1329 4642 excitabantur
1378 4595 1726 4657 tempestates
1755 4600 1810 4644 et

266 4677 531 4730 tumultus
596 4676 838 4731 sedabat.
885 4675 1053 4731 Cacis
1085 4678 1259 4731 visum
1295 4676 1597 4741 reddebat,
1630 4678 1811 4733 aridas

265 4780 458 4820 manus
487 4766 749 4821 reddebat
785 4782 966 4831 sanas,
1011 4766 1218 4820 claudis
1261 4766 1599 4836 ingressum,
1646 4760 1807 4821 mutis

266 4872 451 4912 vocem
500 4857 798 4921 reddebat,
840 4866 896 4911 et
943 4856 1122 4911 surdis
1171 4855 1439 4910 auditum.
1481 4858 1805 4928 Paralyticos

266 4950 428 5002 εει·ὺο
457 4947 702 5009 curabat,
730 4948 975 5016 leprosos
1016 4946 1163 5000 dicto
1200 4946 1528 5010 mundabat,
1578 4947 1804 5001 infirmis

264 5038 603 5102 medebatur,
638 5038 904 5091 lunaticos
938 5036 1287 5099 restituebat,
1325 5046 1381 5090 et
1409 5037 1679 5091 datmones
1722 5038 1806 5092 fu-

261 5129 441 5198 gabat.
478 5128 581 5182 Sed
616 5142 737 5182 cum
770 5138 947 5182 mente
987 5122 1129 5196 capti
1171 5139 1226 5182 et
1265 5126 1414 5195 impii
1449 5127 1703 5182 Pharisaei
1750 5138 1805 5181 et

264 5220 549 5275 Pontifices
598 5220 648 5275 ei
700 5221 1041 5285 invidissent,
1079 5232 1365 5289 propterea
1396 5223 1538 5289 quod
1596 5224 1799 5292 populi,

262 5312 344 5365 eis
382 5312 607 5374 relictis,
639 5312 756 5379 ejus
798 5311 1162 5383 sequebantur
1192 5312 1416 5380 vestigia
1442 5351 1455 5375 ,
1501 5322 1807 5368 sternentes

262 5413 443 5456 vestes
474 5417 599 5455 suas
625 5410 748 5454 ante
773 5402 939 5469 pedes
968 5402 1106 5469 ejus.
1158 5412 1213 5454 et
1262 5402 1555 5456 clamantes
1584 5419 1597 5454 :
1632 5404 1804 5458 Bene-

261 5494 441 5549 dictus
471 5494 563 5561 qui
603 5493 752 5545 venit
781 5493 835 5545 in
862 5494 1078 5545 nomine
1110 5491 1322 5545 Domini
1350 5494 1369 5525 ⁶
1397 5511 1409 5545 :
1442 5494 1497 5547 in
1548 5510 1671 5549 eum
1726 5496 1804 5549 ira

263 5584 456 5654 perciti
484 5583 757 5648 Pbarisai,
796 5583 1011 5637 cuidam
1035 5581 1206 5636 Pilato
1234 5584 1446 5651 prasidi
1482 5598 1604 5639 eum
1640 5586 1805 5639 tradi-

337 5762 355 5789 '
400 5758 585 5811 Mittit.
626 5773 694 5816 tv,
732 5757 815 5809 l7.
897 5758 916 5787 ‘
958 5757 1147 5814 Matth.
1194 5775 1297 5819 xxi,
1331 5758 1381 5812 9.

584 5851 848 5907 l‘nnOL.
899 5851 1010 5908 (in.
1060 5849 1257 5909 CXVI.

1916 4588 2087 4655 puniti
2113 4587 2408 4655 gaudemus
2452 4595 2507 4639 et
2543 4586 2837 4655 gloriamur
2867 4587 2920 4640 in
2962 4589 3455 4655 persecutionibus.

1912 4677 2055 4744 quod
2088 4678 2225 4731 hanc
2252 4685 2490 4729 nostram
2517 4676 2705 4740 vitam,
2755 4692 2875 4745 quae
2905 4677 2973 4731 ad
3029 4687 3243 4746 tempus
3301 4688 3354 4732 et
3404 4682 3457 4733 in

1912 4782 2072 4832 quam
2125 4766 2271 4821 cadit
2328 4767 2603 4829 interitus,
2662 4774 2862 4819 aeterna
2911 4777 2966 4820 et
3009 4782 3129 4835 qua:
3177 4783 3455 4839 nunquam

1912 4855 2115 4909 desinit
2149 4857 2255 4908 vita
2301 4856 2502 4922 excipit
2536 4872 2549 4908 :
2584 4871 2742 4923 quam
2778 4857 2871 4909 Dei
2920 4856 3106 4919 Filius,
3162 4872 3283 4911 cum
3331 4875 3453 4912 sur-

1910 4948 2139 5000 rexisset
2169 4961 2198 4999 a
2231 4947 2488 5009 mortuis,
2522 4947 2633 5000 suis
2664 4948 2906 5001 ostendit
2933 4949 3192 5015 apostolis
3213 4988 3227 5014 ,
3257 4950 3457 5017 quibus

1910 5038 2317 5105 aspicientibus,
2352 5049 2661 5107 assumptus
2681 5038 2783 5092 fuit
2812 5038 2865 5091 in
2896 5039 3081 5095 celos.

1980 5127 2116 5181 Xlll.
2160 5127 2271 5181 Hoc
2307 5144 2435 5196 ergo
2486 5129 2531 5181 si
2568 5129 2621 5182 in
2651 5129 2813 5182 triutu
2865 5137 3134 5182 conventu
3188 5131 3454 5184 ostendis-

1910 5229 2026 5283 set,
2082 5220 2496 5288 intelligentium
2536 5219 2889 5288 cogitationes
2934 5236 3043 5273 non
3091 5223 3311 5288 possent
3354 5218 3453 5275 du-

1910 5311 2102 5364 bitare.
2159 5310 2370 5374 Quanto
2423 5319 2600 5363 autem
2660 5310 2862 5379 magis,
2920 5310 3064 5379 quod
3118 5326 3225 5364 non
3273 5311 3449 5366 solum

1909 5400 2192 5455 duodecim
2251 5401 2567 5467 discipulis,
2619 5401 2713 5455 sed
2769 5402 2888 5468 plus
2945 5416 3107 5469 quam
3155 5401 3453 5469 quingintis

1909 5494 2070 5545 simul
2100 5492 2334 5559 seipsum
2370 5492 2623 5558 dignatus
2663 5499 2745 5543 est
2796 5491 3123 5551 ostendere,
3158 5506 3226 5543 ne
3286 5493 3453 5544 vesti-

1906 5586 2049 5654 gium
2102 5584 2321 5651 quidem
2366 5583 2679 5650 relinquens
2727 5583 2888 5637 ullius
2923 5582 3321 5637 dubitationis?
3369 5582 3449 5635 Illi

3107 5852 3139 5909 6
