4270 6428
817 369 906 432 l'il

806 489 1006 541 autem,
1036 481 1126 547 qui
1166 481 1215 532 in
1242 480 1324 532 his
1358 482 1520 535 rebus
1551 493 1706 536 erant
1735 485 1853 538 initi

809 569 1069 624 mundum
1104 573 1250 625 missi
1283 573 1346 625 ad
1387 574 1816 642 praedicandum,
1847 578 2018 646 signis
2047 587 2100 633 et
2150 578 2358 647 magnis

807 662 1064 731 prodigiis
1092 662 1484 718 confirmabant
1524 679 1675 718 suam
1722 665 2183 733 prmdicationem.
2223 667 2356 721 Nam

805 764 857 806 et
914 767 1103 807 omnes
1154 752 1495 808 infirmitates
1543 766 1806 810 curarunt
1864 757 1916 810 in
1955 759 2071 827 ejus
2116 760 2357 822 nomine,

806 843 1062 911 fugarunt
1090 844 1383 907 daamones,
1416 855 1470 899 et
1514 849 1680 902 vitam
1720 849 2075 904 reddiderunt
2105 853 2354 906 mortuis.

803 933 1016 986 Nullam
1054 935 1148 986 libi
1174 936 1404 989 arbitror
1436 952 1716 991 remanere
1753 942 2129 1008 quaestionem,
2162 943 2265 996 nisi
2297 951 2356 996 ut

805 1025 943 1078 hanc
976 1025 1142 1078 vitam
1168 1025 1350 1081 animo
1393 1038 1446 1082 et
1494 1044 1721 1097 corpore
1754 1031 2057 1100 despicias,
2110 1047 2163 1088 et
2211 1035 2354 1088 illam

802 1118 1153 1171 vehementer
1179 1127 1233 1172 et
1259 1130 1569 1173 constanter
1604 1123 1866 1190 inquiras.
1903 1123 2033 1176 Nam
2060 1127 2148 1192 qui
2181 1128 2355 1179 credit

801 1209 854 1260 in
890 1209 983 1261 Dei
1018 1209 1234 1274 Filium,
1264 1220 1316 1264 et
1361 1213 1478 1280 ejus
1512 1213 1753 1267 adhaeret
1787 1216 2065 1282 praeceptis
2092 1259 2104 1277 ,
2139 1217 2356 1284 quando

801 1301 1084 1364 morietur,
1113 1303 1229 1370 ejus
1261 1316 1460 1371 corpus
1505 1319 1533 1357 a
1571 1315 1741 1358 morte
1785 1305 1928 1358 nulla
1963 1306 2225 1362 afficietur
2277 1310 2356 1364 itt-

797 1391 960 1459 juria,
997 1392 1088 1445 sed
1119 1407 1148 1444 a
1184 1394 1390 1447 sanctis
1417 1395 1620 1463 angelis
1653 1396 1705 1449 iu
1748 1396 1892 1450 ulnis
1933 1400 2256 1468 excipietur,
2303 1412 2356 1455 et

801 1482 853 1534 in
885 1482 1062 1536 locum
1095 1483 1332 1551 paradisi
1362 1485 1680 1538 abducetur.
1716 1484 1852 1540 Hinc
1901 1505 2046 1541 tnurs
2084 1505 2207 1542 cum
2240 1491 2354 1542 dia-

799 1572 923 1626 bolo
949 1572 1113 1626 edicit
1134 1615 1147 1638 ,
1179 1584 1238 1626 ut
1276 1572 1510 1628 diversis
1542 1575 1898 1642 pravitatibus
1927 1588 2135 1632 mentes
2186 1580 2357 1632 homi-

798 1677 927 1714 num
994 1663 1248 1731 colliget,
1323 1664 1482 1717 etin
1557 1666 1722 1718 variis
1789 1681 1893 1718 non
1961 1667 2355 1722 animadversis

797 1753 1213 1807 necessitatibus
1272 1763 1502 1824 occupet
1550 1780 1560 1810 ;
1607 1769 1661 1810 et
1707 1773 1850 1810 nunc
1897 1757 2116 1827 quidem
2170 1759 2350 1812 damni

2039 379 2322 438 MENSlS
2355 378 2765 442 NOVEMBER

1941 527 1954 548 ,
1982 495 2036 540 et
2059 486 2111 540 in
2140 500 2356 540 omnem
2391 493 2434 547 Α
2463 502 2590 558 ergo
2641 493 2690 542 in
2753 493 2834 547 eis
2885 505 3272 563 versarentur,
3309 501 3584 567 quomodo
3641 501 3817 556 solent
3891 502 4023 554 boni

3922 393 4024 458 172

2464 581 2588 633 odio
2638 582 2826 637 haberi
2872 585 2940 638 ab
2999 587 3280 656 improbis,
3336 605 3430 645 eos
3479 593 3602 645 tnali
3654 593 4024 647 criminantur

2464 673 2602 741 apud
2653 675 3016 741 Almacbium,
3066 679 3383 748 praefectum
3427 683 3598 744 urbis,
3649 685 3828 736 omnia
3878 683 4022 736 refe-

2463 774 2665 832 rentes,
2702 784 2821 838 qua:
2871 786 2968 839 per
3007 773 3156 840 ipsos
3211 773 3474 828 Dominus
3521 773 3753 828 faciebat
3796 775 3848 826 in
3897 787 4028 842 ege-

2464 873 2563 911 nos
2602 878 2612 912 :
2645 871 2700 914 et
2749 863 2892 930 quod
2954 863 3199 932 improbe
3253 881 3316 920 ac
3376 867 3681 927 malitiose,
3738 880 3876 935 quos
3930 865 4023 919 ille

2460 946 2682 1015 jubebat
2727 952 2922 1016 occidi,
2976 954 3060 1006 isti
3109 956 3439 1009 mandabant
3481 956 3791 1022 sepulturae.
3833 956 4022 1023 Itaque

2463 1053 2492 1091 a
2545 1039 2765 1094 militari
2812 1043 3035 1098 cohorte
3085 1047 3508 1115 comprehensi,
3557 1046 3906 1099 adducuntur
3948 1046 4018 1098 ad

2463 1131 2802 1186 Alinaehium
2853 1136 3190 1204 praefectum.
3243 1139 3391 1201 Quos
3434 1138 3653 1206 quidem
3703 1137 4021 1190 Almachius

2463 1222 2547 1275 his
2579 1224 2760 1278 verbis
2789 1235 2873 1279 est
2914 1227 3180 1280 allocutus
3214 1247 3226 1281 :
3257 1228 3390 1282 Cum
3421 1245 3514 1281 vos
3550 1229 3831 1281 character
3862 1230 4019 1280 nobi-

2465 1315 2628 1369 litatis
2687 1318 2856 1385 gloria
2909 1319 3147 1385 insignes
3202 1321 3535 1382 reddiderit,
3593 1336 3688 1374 cur
3752 1330 4020 1388 propter.

2462 1407 2648 1459 nescio
2680 1422 2841 1475 quam
2874 1409 3213 1477 religionem.
3253 1427 3344 1465 vos
3394 1411 3661 1479 ignobiles
3708 1427 3762 1463 re
3788 1411 3935 1463 {ditis
3965 1419 4021 1462 et

2465 1497 2741 1550 infelices?
2791 1498 2922 1553 Nam
2973 1510 3181 1554 vestras
3222 1502 3502 1557 facultates
3549 1505 3599 1556 in
3655 1503 3839 1555 nescio
3884 1515 4021 1568 quas

2461 1588 2700 1655 ahjeetas
2753 1604 3014 1656 personas
3068 1593 3230 1645 audio
3280 1608 3375 1646 vos
3420 1604 3706 1663 eri-.gantes
3766 1607 4018 1646 ςοιεωη-

2462 1682 2668 1747 psisse,
2711 1691 2766 1734 et
2814 1696 2907 1735 eos
2953 1683 3044 1751 qui
3105 1685 3348 1753 castigati
3397 1684 3619 1738 fuerunt
3669 1694 3889 1752 propter
3921 1699 4018 1736 sua

2464 1771 2688 1834 scelera,
2710 1787 2832 1826 cum
2865 1775 3009 1826 omni
3042 1774 3209 1843 gloria
3243 1777 3498 1829 mandare
3523 1777 3833 1844 sepulturm.
3867 1774 4020 1840 Quu-

799 1851 1006 1896 terrore
1040 1842 1204 1897 afficit
1235 1884 1248 1908 ,
1286 1861 1428 1898 nunc
1475 1857 1652 1900 autem
1693 1848 1758 1900 ad
1794 1848 1970 1917 gulam
2018 1850 2254 1914 excitat,
2289 1865 2352 1903 ex
2391 1839 2426 1891 Β
2459 1877 2482 1914 ς

2328 1867 2352 1903 κ
2391 1839 2601 1914 Bcirca
2661 1863 2788 1916 licet
2850 1864 3138 1932 suspicari,
3173 1879 3269 1918 vos
3323 1880 3442 1919 esse
3511 1867 3752 1919 initiatos
3822 1867 4014 1918 iisdem

798 1934 1030 1989 diversis
1067 1936 1391 1989 abstraltens
1423 1938 1638 1998 studiis.
1675 1941 1737 1992 de
1779 1939 1879 1993 hac
1909 1941 2024 1994 sola
2069 1942 2178 1993 vita
2225 1941 2354 1993 facit

799 2027 1027 2079 miseros
1073 2025 1323 2080 homines
1372 2043 1490 2081 esse
1545 2029 1849 2092 sollicitus,
1901 2041 1956 2084 ut
2008 2048 2070 2086 ex
2122 2048 2350 2101 corpore

796 2118 1140 2185 egredientes
1198 2120 1437 2173 inveniat
1482 2125 1711 2175 miseros
1757 2133 1812 2175 et
1866 2124 2060 2187 nudos,
2109 2137 2164 2180 et
2213 2128 2351 2180 nihil

796 2220 979 2258 secum
1033 2213 1310 2274 portantes
1359 2217 1553 2274 prater
1591 2219 1828 2276 peccata.
1893 2211 2004 2264 lloc
2037 2213 2132 2265 tibi
2169 2217 2353 2282 paucis

796 2294 1046 2361 exposui,
1082 2308 1114 2346 ο
1149 2294 1495 2349 cltarissime.
1522 2296 1575 2349 Si
1611 2298 1741 2365 quid
1777 2311 1958 2354 autem
2012 2303 2110 2355 tibi
2160 2305 2350 2359 deesse

797 2383 1098 2449 existimas,
1135 2399 1325 2439 rursus
1354 2400 1556 2456 quazre.

867 2519 1003 2572 XlV.
1045 2520 1197 2574 Tunc
1237 2519 1514 2576 Tiburtius
1546 2524 1611 2576 ad
1642 2526 1761 2594 ejus
1802 2527 1968 2595 pedes
1993 2532 2347 2598 provolutus,

798 2612 937 2665 dixit
973 2628 1095 2664 cunt
1137 2613 1427 2681 gentilibus
1455 2613 1691 2685 fletuque
1720 2627 1775 2671 et
1808 2621 2060 2690 lacrymis
2095 2642 2106 2676 :
2149 2624 2222 2678 De
2251 2626 2350 2679 hac

794 2704 904 2758 vita
945 2703 1010 2759 de
1048 2713 1244 2759 cretero
1289 2707 1334 2760 si
1380 2707 1462 2760 vel
1520 2710 1846 2777 cogitatione
1882 2716 2211 2782 exquisiero,
2265 2718 2349 2772 vel

796 2799 976 2850 animo
1027 2796 1319 2866 agitavero,
1372 2797 1426 2851 in
1470 2800 1559 2852 illa
1601 2802 1708 2854 vita
1754 2817 2029 2873 nunquam
2082 2807 2347 2864 inveniar.

795 2885 1042 2938 Habeant
1075 2900 1204 2955 ergo
1232 2888 1549 2956 insipientes
1583 2890 1797 2943 lucrum
1830 2894 2110 2960 praesentis
2140 2905 2350 2966 tempo-

797 2978 891 3027 ris.
925 2974 1036 3042 Ego
1063 2986 1264 3041 autem,
1292 2979 1383 3044 qui
1417 2978 1471 3029 in
1504 2978 1826 3033 hodiernum
1857 2996 2025 3050 usque
2064 2985 2208 3038 diem
2243 2987 2348 3040 vixi

794 3064 912 3116 sine
942 3065 1175 3126 ratione,
1227 3064 1366 3119 absit
1399 3075 1455 3119 ut
1487 3066 1601 3120 sine
1633 3070 1841 3124 ratione
1866 3071 1932 3124 de
1961 3080 2154 3127 caetero
2183 3077 2345 3130 vitam

798 3155 982 3222 agam!
1011 3154 1077 3208 Et
1111 3155 1224 3208 lia-0
1255 3170 1380 3209 cum
1411 3157 1656 3223 dixisset,
1683 3159 1749 3212 ad
1780 3176 1934 3214 suum
1968 3163 2187 3217 fratrem
2219 3181 2348 3220 eon-
2375 3170 2420 3234 c

795 3260 1007 3307 versus,
1068 3248 1532 3302 dixit:Miserere
1589 3252 1716 3313 mei,
1771 3254 1939 3307 frater
1997 3255 2235 3322 dilecte,
2293 3269 2347 3312 et

794 3332 1060 3401 abrumpe
1105 3334 1432 3400 tarditatem,
1463 3351 1624 3406 quam
1660 3342 1893 3408 transegi
1938 3343 1989 3396 in
2022 3345 2344 3413 ignorantia.

792 3425 1057 3488 Quocirca
1083 3441 1276 3480 vereor
1307 3442 1509 3494 moras;
1543 3430 1757 3497 pondus
1788 3431 1929 3486 ferre
1967 3449 2072 3487 non
2097 3451 2342 3505 possunt;

792 3528 924 3583 rogo
957 3525 1026 3577 te,
1060 3516 1165 3570 duc
1195 3532 1280 3571 me
1315 3517 1381 3570 ad
1419 3519 1691 3574 hominem
1722 3521 1850 3586 Dei,
1887 3535 1943 3578 ut
1980 3541 2062 3580 me
2106 3527 2343 3596 perfecte

792 3603 1162 3671 purificatum,
1221 3606 1365 3660 illius
1419 3608 1542 3661 vita:
1592 3609 1752 3663 faciat
1797 3615 2138 3682 participem.
2193 3617 2345 3673 Tunc

793 3692 1113 3750 Valerianus
1143 3697 1364 3750 deduxit
1394 3696 1617 3752 fratrem
1642 3715 1798 3755 suum
1829 3702 1897 3755 ad
1941 3708 2341 3764 sanctissimum

793 3799 983 3853 papam
1033 3785 1332 3842 Urbanum.
1388 3786 1488 3840 Cui
1531 3800 1816 3858 postquam
1847 3796 2295 3853 narravitomnia
2325 3839 2339 3862 ,

791 3891 909 3942 qua:
939 3875 1082 3930 dicta
1124 3886 1178 3930 et
1207 3876 1345 3931 facta
1379 3878 1620 3944 fuerant,
1673 3883 1905 3953 benigno
1944 3886 2053 3940 Deo
2077 3890 2186 3958 egit
2218 3906 2341 3959 gra-

792 3968 913 4019 tias.
945 3966 1244 4034 Acceptum
1276 3978 1459 4024 autem
1491 3987 1616 4025 cum
1641 3975 1788 4026 omni
1818 3975 2017 4043 gaudio
2055 3988 2111 4032 et
2154 3983 2338 4036 exsul-

791 4057 994 4111 tatione
1034 4057 1344 4114 Tiburtium
1367 4100 1382 4124 ,
1418 4076 1540 4116 cum
1572 4064 1963 4131 admonuisset,
2009 4073 2340 4128 catechismo

791 4148 1148 4212 instituisset,
1196 4149 1528 4220 baptizasset
1574 4155 1629 4208 in
1676 4159 1894 4212 nomine
1927 4158 2102 4216 Patria
2133 4172 2187 4216 et
2219 4164 2337 4218 Filii

789 4246 844 4289 et
891 4236 1125 4306 Spiritus
1174 4241 1368 4307 sancti,
1411 4230 1573 4312 jussit
1618 4259 1800 4300 secum
1850 4263 1991 4315 esse,
2045 4251 2220 4308 donec
2274 4270 2338 4308 ea

791 4326 1108 4395 deponeret,
1140 4345 1261 4398 qua:
1293 4336 1530 4388 recentis
1573 4345 1701 4389 sunt
1752 4339 2182 4398 illuminationis.
2211 4346 2339 4411 Quae

788 4417 1007 4485 quidem
1041 4433 1165 4472 cum
1206 4421 1445 4488 perfecta
1478 4423 1710 4482 fuissent
1753 4429 1872 4498 ejus
1900 4421 2145 4486 doctrina
2169 4475 2182 4498 ,
2215 4446 2338 4505 post

2458 1954 2750 2024 mysteriis,
2783 1956 2983 2022 quibus
3034 1957 3088 2018 ii,
3122 1971 3259 2024 quos
3313 1966 3536 2026 propter
3578 1960 4013 2021 conjuratiunent

2455 2042 2726 2097 mandatis
2760 2046 3072 2113 sepulturae.
3109 2047 3408 2116 Respondit
3441 2048 3744 2104 Tiburtius.
3779 2058 3831 2101 et
3881 2048 4018 2100 dicit

2454 2133 2747 2202 prmfecto:
2787 2135 2998 2189 Utinam
3035 2152 3133 2190 nos
3161 2138 3453 2206 dignentur
3481 2139 3686 2192 referre
3736 2140 3788 2192 iu
3823 2154 4016 2191 nume-

2455 2240 2574 2278 rum
2620 2240 2844 2280 suorum
2893 2242 3193 2289 servorum,
3243 2245 3476 2297 quorum
3530 2243 3584 2284 tu
3643 2246 3740 2283 nos
3789 2233 4018 2298 conjieis

2451 2331 2572 2369 esse
2610 2317 2791 2371 socios
2816 2359 2828 2381 ,
2860 2320 2950 2387 qui
2983 2319 3204 2388 quidem
3242 2331 3569 2390 respuerunt
3617 2323 3667 2375 id
3711 2337 3828 2376 esse
3863 2323 4013 2390 qun-J

2451 2408 2665 2462 videtur
2723 2419 2777 2463 et
2834 2424 2942 2463 non
2989 2419 3105 2474 est,
3144 2423 3200 2466 et
3249 2412 3575 2468 invenerunt
3620 2414 3750 2467 illud
3782 2454 3796 2474 ,
3863 2415 4013 2484 qned

2450 2498 2667 2551 videtur
2699 2515 2803 2552 non
2831 2515 2950 2554 esse
2994 2512 3047 2555 et
3076 2512 3175 2555 est.

2526 2587 2656 2643 XVI.
2720 2591 3033 2646 Almachius
3085 2594 3367 2662 prtefeetus
3403 2595 3581 2649 dixit:
3615 2597 3678 2650 Et
3711 2595 3839 2666 quid
3889 2606 3973 2650 est
3997 2635 4010 2657 ,

2451 2680 2594 2749 quod
2629 2680 2846 2736 videtur
2895 2699 3014 2738 esse
3061 2699 3115 2739 et
3167 2702 3271 2740 non
3316 2688 3438 2741 est?
3488 2687 3629 2741 Dixit
3676 2687 4005 2741 Tiburtius:

2449 2767 2640 2823 Omnia
2675 2785 2794 2839 qua:
2822 2781 2949 2825 sunt
2985 2775 3038 2826 in
3069 2775 3291 2837 mundo,
3317 2791 3436 2844 quae
3455 2779 3666 2830 animas
3694 2787 3890 2830 vocant
3939 2778 4008 2830 ad

2450 2867 2678 2912 mortem
2730 2869 2987 2914 arternam
3042 2878 3138 2931 per
3197 2864 3381 2917 brevis
3433 2869 3692 2933 temporis
3737 2868 4005 2920 laetitiam.

2448 2947 2594 3002 Dixit
2651 2948 2966 3006 Almachius
3017 2953 3306 3022 praefectus
3345 2973 3355 3006 :
3388 2956 3453 3010 Et
3503 2958 3632 3027 quid
3691 2969 3810 3020 est,
3857 2959 4005 3028 quod

2449 3052 2557 3092 non
2590 3038 2806 3093 videtur
2847 3056 2966 3095 esse
2998 3053 3051 3097 et
3090 3046 3210 3097 est?
3242 3045 3526 3102 Tiburtius
3572 3048 3709 3103 dixit
3762 3066 3776 3104 :
3839 3051 3962 3104 Vita
3988 3093 4004 3116 ,

2450 3143 2570 3197 qua:
2597 3129 2778 3183 futura
2808 3133 3091 3202 cstjustis,
3121 3147 3174 3189 et
3223 3139 3572 3207 supplicium,
3604 3142 3748 3211 quod
3783 3145 4006 3197 dabitur

2450 3220 2700 3288 injustis;
2729 3236 2793 3274 ex
2837 3233 3067 3293 utraque
3118 3229 3262 3280 enim
3305 3239 3454 3298 parte
3508 3236 3860 3301 cognovimus
3910 3251 4004 3290 ve-

2447 3322 2565 3361 rum
2599 3324 2718 3363 esse
2755 3327 2816 3365 ea
2874 3323 3104 3369 ventura
3137 3331 3150 3369 :
3182 3326 3236 3370 et
3267 3322 3318 3372 in
3360 3321 3534 3375 fausta
3571 3325 3957 3380 distributione
3987 3370 3999 3392 ,

2443 3397 2587 3466 quod
2645 3401 2817 3455 oculis
2859 3403 3037 3457 cordis
3090 3408 3261 3460 nostri
3311 3410 3691 3478 cognoscimus
3719 3454 3731 3476 ,
3777 3417 3827 3469 id
3874 3433 3999 3471 cor-

2443 3491 2592 3557 poris
2639 3493 2810 3546 nostri
2845 3496 3019 3549 oculis
3052 3500 3406 3564 spectandum
3460 3503 3749 3559 referimus
3776 3547 3790 3569 ,
3845 3518 3903 3560 ut
3946 3510 3998 3563 in

2442 3588 2624 3632 nostra
2665 3584 2999 3639 conscientia
3041 3601 3159 3654 qua:
3203 3599 3331 3642 sunt
3381 3591 3550 3657 bona,
3605 3597 3759 3649 malis
3803 3599 4000 3652 obum-

2441 3668 2660 3725 bremus
2703 3673 3027 3730 rationibus.
3084 3678 3228 3731 Dixit
3273 3680 3564 3750 praefectus
3631 3687 3998 3746 Almachius:

2439 3759 2555 3814 Non
2603 3772 2737 3830 puto
2785 3773 2835 3818 te
2889 3777 3069 3822 mente
3123 3778 3214 3824 tua
3260 3771 3432 3841 loqui.
3469 3773 3612 3830 Dixit
3665 3777 3994 3835 Tiburtius:

2437 3850 2556 3905 Non
2585 3853 2780 3922 loquor
2812 3868 2992 3912 mente
3017 3875 3157 3925 mea,
3191 3862 3283 3915 sed
3319 3865 3492 3929 illius,
3528 3883 3689 3935 quem
3721 3876 3903 3941 accepi
3938 3874 3992 3927 in

2438 3943 2740 3998 visceribus
2771 3946 2968 4000 mentis
2998 3962 3149 4002 meae.
3180 3949 3322 4002 Dixit
3350 3952 3659 4007 Almacbius
3685 3962 3993 4022 praefectus.

2435 4031 2708 4102 Numquid
2767 4037 2909 4090 nosti
2989 4039 3134 4107 quod
3208 4042 3379 4096 dicis?
3446 4045 3586 4099 Dixit
3661 4048 3992 4108 Tiburtius:

2436 4121 2503 4174 Et
2533 4123 2689 4186 novi,
2727 4133 2782 4177 et
2814 4125 2979 4181 didici
3002 4167 3015 4189 ,
3048 4140 3102 4183 et
3131 4131 3297 4186 credo
3322 4173 3334 4195 ,
3367 4135 3512 4203 quod
3539 4140 3722 4192 omnia
3746 4181 3758 4198 .
3801 4157 3922 4209 qua:
3960 4159 3991 4196 a

2437 4227 2520 4265 tne
2560 4213 2702 4268 dicta
2745 4225 2898 4282 sunt,
2948 4233 3283 4286 permanent.
3325 4225 3638 4282 Almachius
3666 4231 3991 4299 praefectus:

2436 4299 2609 4353 dixit:
2653 4300 2720 4355 Et
2760 4318 2858 4373 ego
2889 4319 2987 4358 cur
3022 4323 3131 4360 nun
3180 4311 3440 4381 intelligo.
3477 4318 3619 4383 quod
3651 4334 3780 4388 ago,
3814 4336 3841 4372 a
3882 4339 3992 4390 quo

2437 4388 2553 4443 haec
2585 4401 2709 4444 sunt
2742 4394 2993 4449 condita?
3022 4396 3304 4455 Tiburtius
3332 4404 3466 4456 dixit
3494 4424 3507 4460 :
3535 4407 3797 4471 Quoniam
3827 4388 3994 4466 homo

790 4479 996 4575 septem
1023 4508 1140 4564 dies
1184 4479 1386 4565 Christi
1433 4479 1660 4569 militem
1693 4479 2338 4580 resiiﬁtuit.vTaii-tamravt:
2368 4497 2411 4552 θ
2439 4479 2852 4580 bellmnuingn
2901 4487 3243 4580 senatique
3276 4502 3402 4546 sum
3439 4498 3681 4564 Spiritus'
3719 4500 3993 4570 Spimalis

785 4609 899 4652 tem
933 4601 1162 4669 gratiam
1207 4617 1238 4655 a
1279 4602 1496 4659 Christo
1548 4616 1631 4661 est
1671 4622 2019 4679 consecutus,
2074 4627 2132 4670 ut
2172 4619 2335 4672 etiam

787 4689 886 4743 Dei
913 4691 1131 4761 angelos
1167 4693 1372 4749 videret
1401 4697 1685 4764 quotidie;
1719 4710 1773 4754 et
1796 4716 2131 4774 quaecunque
2160 4723 2189 4761 a
2226 4709 2336 4764 Deo

791 4781 1046 4848 petebat,
1084 4782 1243 4838 facile
1286 4785 1628 4854 impetrabat.
1675 4789 1781 4845 Sed
1829 4797 2085 4862 quoniam
2117 4799 2335 4869 longum

789 4880 935 4925 esset
983 4873 1164 4926 omnia
1226 4875 1415 4929 ordine
1469 4893 1777 4947 exponere,
1839 4887 2019 4953 qualia
2071 4900 2123 4942 et
2174 4908 2333 4961 quant

792 4960 960 5014 multa
990 4961 1115 5015 fecit
1145 4963 1408 5020 Dominus
1431 4982 1527 5035 per
1555 4984 1651 5024 eos
1671 4972 2009 5030 admirabilia
2033 5018 2047 5042 ,
2102 4960 2331 5038 conver-

788 5059 967 5104 tamur
995 5051 1062 5106 ad
1086 5053 1346 5121 gloriosas
1372 5071 1561 5111 eorum
1590 5065 1988 5128 perpessiones.

855 5183 969 5238 XV.
1006 5185 1267 5251 Tureius,
1297 5191 1390 5259 qui
1420 5192 1580 5246 etiam
1629 5195 1941 5252 Almachius
1965 5241 1977 5263 ,
2022 5215 2144 5255 cum
2191 5218 2332 5262 esset

787 5275 1074 5343 prafectus
1099 5277 1273 5340 urbis,
1304 5290 1359 5334 et
1386 5293 1604 5338 sanctos
1633 5285 1727 5342 Det
1756 5301 2021 5359 martyres
2060 5295 2331 5354 occideret

787 5365 1051 5431 quotidie,
1095 5368 1323 5438 jubebat
1378 5386 1567 5426 eorum
1623 5391 1850 5446 corpora
1907 5381 2140 5451 relinqui
2189 5387 2330 5440 inse-

785 5452 950 5518 pulta.
984 5454 1266 5511 Tiburtius
1295 5468 1474 5513 autem
1506 5469 1560 5515 et
1589 5463 1906 5519 Valerianus
1941 5467 2005 5520 ad
2053 5469 2155 5522 hoc
2196 5486 2327 5541 0pc-

784 5557 897 5594 ram
927 5546 1167 5611 quotidie
1225 5548 1573 5613 adhibebant,
1630 5562 1688 5606 ut
1740 5567 2049 5612 sanctorum
2095 5548 2326 5630 corpora

782 5633 847 5683 aJ
879 5635 1244 5702 sepeliendum
1277 5653 1663 5708 componerent
1718 5655 1772 5698 et
1803 5646 1950 5701 humi
1987 5651 2323 5715 mandarent.

780 5723 1135 5797 eleeutosynis
1195 5742 1443 5787 vacantes
1494 5747 1546 5789 ct
1614 5737 1800 5791 divino
1847 5742 2035 5796 cultui.
2089 5743 2220 5799 Cum
2288 5748 2319 5799 ii

2437 4581 2615 4625 autem
2661 4573 2924 4644 dijudicat
2967 4578 3185 4642 omnia;
3224 4583 3336 4650 ipse
3368 4601 3494 4640 vero
3536 4604 3565 4642 a
3595 4579 3743 4645 nullo
3790 4594 3992 4664 dijudi-

2436 4673 2607 4718 catur.
2645 4665 2797 4721 Tune
2838 4668 3016 4724 ridens
3046 4673 3329 4740 praefectus
3354 4718 3366 4740 ,
3403 4679 3565 4747 jussit
3610 4684 3807 4738 auferri
3861 4690 3988 4756 qui-

2435 4755 2556 4808 dem
2595 4755 2927 4824 Tiburtinm;
2955 4775 3131 4814 coram
3155 4778 3220 4816 eo
3249 4776 3428 4820 autem
3469 4769 3585 4823 sisti
3619 4755 3986 4834 Valerianum.

2435 4846 2532 4899 Cui
2558 4847 2720 4899 etiam
2751 4849 2884 4903 dixit
2914 4868 2924 4901 :
2963 4850 3224 4916 Quoniam
3258 4871 3363 4910 nou
3396 4870 3477 4911 est
3518 4860 3685 4915 frater
3715 4874 3836 4920 tuus
3868 4872 3985 4924 sani

2434 4936 2664 5002 cerebri,
2698 4946 2751 4991 tu
2783 4939 2983 5006 poteris
3022 4945 3352 5011 respondere
3381 4949 3719 5018 sapientius?
3749 4955 3888 5010 Dicit
3934 4961 3986 5014 ei

2433 5023 2785 5082 Valerianus:
2811 5028 3094 5084 Falluntur
3124 5047 3283 5087 aures
3320 5043 3444 5097 tute,
3476 5041 3731 5105 quoniam
3757 5060 3982 5114 scopum

2433 5124 2628 5169 nostra
2658 5118 2918 5172 orationis
2961 5134 3066 5172 non
3115 5130 3267 5189 potes
3297 5122 3618 5195 intelligere.
3667 5132 3807 5185 Dixit
3847 5150 3985 5202 prae-

2431 5205 2603 5259 fectus
2636 5222 2648 5256 :
2680 5206 2847 5260 Neirio
2881 5209 2951 5263 ita
2981 5222 3147 5276 errat,
3183 5221 3241 5266 ut
3267 5229 3362 5269 vos
3393 5220 3587 5272 erratis
3611 5259 3624 5281 ,
3655 5223 3745 5290 qui
3777 5226 3985 5280 relictis

2431 5297 2749 5356 necessariis
2779 5299 3018 5354 numeris
3042 5309 3096 5355 et
3129 5305 3420 5371 responsis,
3454 5307 3621 5361 malos
3645 5312 3933 5379 sequimini
3965 5334 3979 5366 :

2429 5401 2546 5454 qua:
2587 5397 2713 5441 sunt
2754 5388 2989 5457 jucunda
3031 5403 3366 5461 respuentes,
3419 5397 3656 5452 la'titiam
3703 5403 3858 5456 nihili
3905 5405 3985 5458 fa-

2429 5481 2633 5535 cientes
2655 5521 2667 5545 ,
2700 5491 2753 5535 et
2785 5499 2845 5536 ea
2877 5484 3254 5553 despicientes,
3283 5503 3402 5557 qua:
3434 5491 3555 5544 data
3604 5502 3729 5546 sunt
3761 5493 3826 5548 ad
3857 5497 3982 5550 vita:

2427 5570 2773 5635 alimentum,
2808 5575 3034 5628 maxima
3082 5575 3453 5633 benevolentia
3499 5581 3630 5635 illud
3667 5586 3982 5652 complecti-

2425 5661 2579 5724 mini,
2621 5664 2763 5731 quod
2789 5665 2943 5718 saluti
2981 5667 3232 5722 invenitis
3271 5674 3602 5726 contrarium
3632 5714 3644 5736 ,
3679 5684 3733 5728 et
3769 5677 3836 5729 iis
3860 5691 3980 5745 quae

2425 5760 2549 5806 sunt
2582 5752 2837 5823 jucunda,
2870 5757 3169 5813 inimicum.
