4270 6428
305 405 407 467 173

1429 404 1603 465 VITA
1646 403 1706 462 S.
1747 401 2081 461 CRECILLE
2115 401 2209 460 ΕΤ
2249 402 2401 461 SOC.

3418 394 3518 461 174

369 512 531 567 XVII.
556 512 636 567 Ad
662 513 775 567 inec
801 512 1084 581 respondit
1118 512 1437 567 Valerianus
1465 528 1480 566 :
1514 511 1787 567 Ludentes
1808 522 1863 567 et
1892 516 1936 573 Α
1967 521 2165 566 nostra:
2218 509 2525 564 aﬂlictionis
2548 549 2564 574 ,
2619 516 2673 564 et
2734 507 2890 563 nobis
2929 506 3253 563 Jatantibus
3319 507 3527 565 ﬂebunt

295 606 573 667 ridentes,
628 614 684 659 et
754 605 807 658 in
867 604 1032 658 variis
1092 603 1303 658 deliciis
1356 604 1634 659 luxuriose
1698 605 1859 657 vitam

294 705 552 764 agentes,
594 695 703 748 vidi
749 695 943 749 hiemis
980 704 1223 763 tempore
1275 710 1373 764 per
1421 709 1641 765 campos
1684 705 1860 748 trans-

294 796 512 840 euntes.
579 786 637 839 In
685 786 885 854 quibus
931 786 1136 853 campis
1178 785 1394 839 stabant
1435 786 1682 855 agricola:
1712 785 1865 854 plan-

296 887 499 941 tantes,
551 880 801 948 palmites
850 878 1154 947 infigentes,
1211 886 1267 931 et
1312 879 1563 946 spinosos
1612 892 1863 931 rosarum

300 987 481 1024 ramos
514 971 791 1040 ingeniose
828 979 943 1024 toto
972 970 1154 1023 animo
1185 979 1594 1038 componentes.
1631 969 1735 1023 Alii
1768 984 1863 1023 au-

299 1072 409 1116 tem
440 1063 635 1117 oliveta
699 1063 1046 1117 inserentes:
1082 1061 1171 1114 alii
1214 1075 1344 1114 vero
1386 1060 1648 1115 radicitus
1694 1059 1866 1113 imbe-

302 1156 427 1208 cilla
446 1156 847 1217 exscindentes,
880 1163 934 1207 et
964 1169 1084 1223 quae
1112 1164 1240 1207 sunt
1263 1168 1426 1222 opera
1459 1151 1863 1215 convenientia,

304 1262 501 1313 magno
548 1247 734 1300 labore
781 1253 1119 1313 peragentes.
1167 1243 1321 1299 Tunc
1370 1244 1478 1308 illi,
1512 1243 1606 1312 qui
1652 1241 1866 1296 deliciis

301 1338 625 1391 fruebantur
653 1347 707 1390 et
744 1337 1089 1401 laetabantur,
1128 1344 1415 1403 cmperunt
1458 1350 1554 1389 eos
1579 1334 1675 1402 qui
1716 1333 1867 1387 labo-

303 1430 532 1490 rabant,
569 1428 836 1481 ludificari
876 1436 931 1481 et
957 1427 1181 1482 dicere:
1214 1426 1397 1481 Miseri
1423 1434 1478 1480 et
1506 1423 1864 1487 miserabiles,

303 1519 451 1571 hunc
503 1521 595 1586 qui
646 1534 742 1572 vos
796 1518 983 1587 afﬂigit
1034 1518 1275 1571 laborem
1322 1516 1611 1585 deponite,
1664 1522 1719 1568 et
1764 1530 1864 1567 no-

302 1609 514 1661 hiscum
542 1611 804 1672 laetantes,
836 1624 933 1662 vos
960 1608 1173 1662 deliciis
1200 1608 1413 1676 explete
1440 1615 1497 1661 et
1525 1604 1867 1667 libidinibus,

301 1711 353 1753 et
391 1716 489 1753 cur
540 1710 792 1769 tanquam
842 1699 1163 1769 insipientes
1191 1698 1331 1752 duro
1381 1697 1569 1750 labore
1614 1695 1863 1750 dissolvi-

302 1792 459 1853 niini,
492 1800 546 1845 et
573 1802 763 1845 vestra:
794 1792 915 1845 vita:
947 1802 1189 1859 tempora
1220 1790 1275 1843 in
1307 1788 1540 1858 negotiis
1563 1828 1576 1852 ,
1611 1802 1731 1856 qua:
1764 1800 1861 1839 vos

301 1882 580 1951 affligunt,
612 1882 977 1936 consumitis?
1025 1881 1151 1935 Il:ec
1193 1881 1461 1943 dicentes,
1515 1877 1865 1933 solvebantur

304 1975 358 2027 in
393 1976 583 2036 risum,
612 1982 668 2026 et
701 1973 903 2026 dabant
942 1975 1192 2041 plausum
1236 1971 1507 2034 manibus,
1563 1984 1864 2038 magnoque

304 2080 437 2118 sono
462 2080 555 2118 cos
599 2064 988 2117 cachinnantes
1022 2062 1343 2116 irridebant.
1378 2060 1503 2115 Haec
1530 2069 1710 2114 autem
1758 2059 1865 2113 illis

304 2155 648 2219 facientibus,
678 2154 889 2223 pluvios
927 2155 1123 2208 hiemis
1162 2169 1378 2208 menses
1422 2152 1864 2221 tranquillissima

306 2256 551 2315 tempora
596 2254 933 2315 exceperunt
964 2262 979 2299 :
1006 2254 1062 2299 et
1099 2259 1227 2298 ecce
1267 2244 1617 2311 pulchrorum
1666 2252 1722 2297 et
1772 2257 1865 2293 va-

306 2340 509 2391 riorum
538 2336 730 2389 ﬂorum
776 2334 1141 2403 fragrantibus
1187 2348 1350 2387 omne
1391 2347 1561 2401 genus
1606 2332 1866 2384 odoribus

306 2438 458 2497 prata
506 2427 947 2487 cxornabantur,
1001 2435 1057 2479 et
1108 2423 1297 2477 molles
1361 2423 1642 2477 botrorum
1695 2423 1865 2475 series

306 2499 683 2588 producebant
710 2516 983 2586 palmites,
1015 2524 1072 2566 et
1111 2529 1140 2567 e
1181 2514 1332 2566 vario
1364 2527 1559 2581 genere
1606 2512 1864 2565 arborum

307 2609 440 2661 rami
473 2609 739 2661 stillantes
771 2605 930 2659 melle
968 2604 1179 2659 fructus
1206 2604 1604 2672 producebant,
1642 2603 1696 2655 in
1738 2603 1862 2671 qui-

308 2700 411 2751 bus
461 2697 945 2751 animadvertimus
992 2709 1164 2763 usque
1227 2696 1281 2747 in
1332 2693 1654 2746 hodiernum
1720 2691 1865 2745 diem

308 2788 587 2840 abundare
610 2786 769 2840 simul
791 2794 847 2839 et
874 2786 1121 2853 gratiam,
1152 2794 1207 2837 et
1232 2785 1488 2847 fructum,
1510 2792 1567 2836 et
1589 2782 1861 2835 decorem.

310 2879 463 2932 Tunc
494 2893 616 2931 cum
649 2878 959 2932 Izetarentur
986 2876 1062 2929 illi
1090 2913 1104 2939 ,
1140 2876 1233 2943 qui
1260 2874 1716 2928 existimabantur
1745 2886 1866 2926 esse

310 2972 649 3038 insipientes,
686 2979 967 3037 ceperunt
995 2969 1179 3035 lugere
1209 2967 1266 3030 ii,
1295 2966 1387 3034 qui
1412 2966 1867 3019 existimabantur

308 3077 430 3115 esse
462 3062 607 3115 cives
644 3078 656 3113 :
690 3070 745 3113 et
777 3064 868 3129 qui
901 3070 1057 3112 erant
1078 3060 1297 3127 gloriosi
1328 3058 1380 3109 in
1420 3072 1515 3111 sua
1556 3056 1867 3125 intelligen-

311 3153 383 3205 tia
411 3190 423 3212 ,
479 3156 757 3220 perierunt
809 3152 861 3203 in
905 3150 1017 3203 acri
1064 3150 1518 3203 ratiocinatione:
1553 3159 1608 3203 et
1652 3149 1865 3203 tandem

312 3242 457 3294 ducti
500 3242 838 3308 pceiiitentia,
869 3242 1011 3294 inter
1038 3255 1096 3294 se
1133 3250 1536 3293 murmurantes
1557 3248 1610 3293 et
1649 3254 1871 3307 gemen-

315 3346 393 3386 tes
428 3333 677 3385 dicebant
712 3332 818 3384 :lIi
864 3342 1031 3395 sunt,
1078 3345 1211 3399 quos
1260 3330 1551 3383 habuimus
1598 3330 1869 3395 ludibrio;

311 3439 499 3475 eorum
550 3422 788 3474 laborem
846 3423 1105 3489 probrum
1152 3420 1592 3473 existimabamus
1630 3438 1643 3472 :
1679 3435 1870 3473 eorum

317 3525 480 3566 vitam
540 3512 694 3564 nihili
748 3511 1102 3573 faciebamus,
1160 3520 1414 3578 tanquam
1468 3510 1868 3575 miserabilem;

312 3615 503 3653 eorum
538 3598 758 3667 ﬁguram
785 3597 1163 3666 iudicabamus
1188 3611 1305 3650 esse
1335 3597 1646 3665 indignam,
1697 3605 1754 3649 et
1784 3597 1866 3649 in-

316 3690 665 3757 telligentiam
696 3703 881 3742 eorum
916 3689 1033 3741 sine
1084 3687 1308 3740 honore.
1346 3687 1385 3739 Ii
1437 3697 1616 3740 autem
1664 3688 1867 3741 inventi

314 3790 439 3835 sunt
488 3780 847 3847 intelligentes
880 3794 894 3831 :
930 3788 985 3831 et
1027 3793 1126 3831 nos
1154 3778 1372 3846 quidem
1412 3778 1710 3845 probamur
1741 3787 1868 3833 tunc

315 3873 477 3924 fuisse
535 3869 897 3931 miserabiles,
946 3868 1265 3935 insipientes
1311 3878 1367 3922 et
1413 3868 1602 3931 stulti,
1650 3870 1869 3938 quando

313 3978 487 4029 neque
521 3960 809 4027 nobisipsis
835 3962 1215 4028 operahamur,
1248 3976 1425 4029 neque
1455 3961 1520 4014 iis
1550 3964 1641 4031 qui
1676 3978 1869 4031 opera-

314 4055 510 4105 bantur
536 4092 549 4114 ,
584 4053 832 4105 dedimus
880 4053 937 4103 iu
979 4067 1143 4120 apere
1192 4054 1453 4107 auxilium
1482 4071 1493 4107 :
1522 4057 1612 4121 qui
1645 4055 1864 4122 quidem

312 4158 705 4195 comessemus
752 4142 804 4193 in
850 4140 1096 4204 delius,
1132 4157 1227 4195 eos
1274 4142 1427 4196 valde
1478 4143 1767 4205 irrisimus,
1815 4153 1867 4197 et

313 4235 459 4301 ipsos
508 4233 838 4285 credidimus
890 4247 1009 4285 esse
1065 4233 1405 4301 insipientes,
1459 4250 1597 4301 quos
1642 4234 1863 4303 quidem

312 4339 457 4375 nunc
489 4322 891 4389 resplendeutes
920 4322 1403 4377 animadvertimus
1431 4334 1487 4377 et
1511 4324 1767 4380 ﬂorentes
1792 4328 1833 4381 ⁷.

384 4413 570 4467 XVIII.
606 4414 684 4466 Ad
711 4414 822 4467 h:ec
848 4413 982 4466 dixit
1007 4414 1289 4482 praefectus
1316 4430 1328 4465 :
1358 4415 1433 4468 Te
1462 4416 1682 4483 quidem
1708 4418 1865 4470 video

1894 1844 1940 1903 Β

1894 3189 1936 3246 C

1968 603 2065 667 illi,
2098 602 2191 673 qui
2250 618 2395 656 nunc
2436 602 2742 657 efferuntur
2787 599 3023 665 latitiis;
3076 609 3159 654 est
3201 600 3347 655 enim
3382 617 3527 656 nunc

1968 705 2182 765 tempus
2209 694 2534 749 seminandi.
2572 694 2674 760 Qui
2704 707 2835 763 ergo
2868 693 2923 747 in
2954 693 3056 747 hac
3086 694 3194 747 vita
3233 693 3525 757 seminam,

1968 802 2088 856 qua:
2137 796 2261 841 sunt
2310 786 2377 841 ad
2420 795 2650 854 tempus.
2704 786 2986 855 Iacrymas,
3035 783 3087 837 in
3140 784 3229 838 illa
3268 784 3424 839 beata
3475 794 3531 839 et

1968 887 2170 932 teterna
2202 879 2311 931 vita
2345 885 2546 932 metent
2578 876 2831 945 gaudium
2863 875 3259 944 sempiternum
3297 875 3337 929 '.
3385 877 3531 932 Dixit

1969 968 2297 1038 prmfectus:
2335 970 2472 1037 Ergo
2524 978 2578 1023 et
2622 984 2759 1031 nos,
2816 976 2872 1021 et
2926 967 3112 1022 invicti
3174 968 3531 1035 Imperatores

1970 1060 2174 1114 luctum
2209 1070 2468 1114 veternum
2505 1058 2859 1122 habebimus;
2904 1070 3001 1110 vos
3044 1066 3222 1110 autem
3263 1064 3525 1109 a-ternum

1971 1149 2228 1218 gaudium
2258 1150 2644 1219 possidebitis?
2674 1149 2973 1217 Respondit
2999 1146 3317 1203 Valerianus
3344 1165 3357 1201 :
3386 1147 3528 1213 Quid

1970 1241 2117 1294 enim
2152 1242 2286 1297 estis
2334 1258 2460 1307 vos,
2513 1249 2607 1295 aut
2652 1241 2819 1296 vestri
2862 1239 3257 1309 imperatores?
3306 1240 3529 1308 lnipleto

1968 1334 2115 1388 enim
2146 1344 2327 1387 vestro
2360 1345 2599 1403 tempore
2631 1335 2960 1400 morientes,
3012 1348 3080 1387 eo
3119 1334 3375 1402 majorem
3419 1332 3529 1385 Deo

1968 1424 2103 1476 estis
2146 1422 2410 1476 reddituri
2452 1423 2717 1477 rationem
2744 1466 2758 1487 ,
2790 1438 2899 1492 quo
2948 1422 3106 1478 vobis
3150 1421 3219 1476 ab
3248 1438 3315 1477 eo
3360 1423 3530 1492 major

1970 1516 2092 1569 data
2154 1514 2255 1569 fuit
2308 1526 2565 1583 potestas.
2616 1516 2761 1570 Dixit
2809 1516 3097 1585 prafectus
3146 1516 3463 1571 Almachius
3514 1532 3527 1567 :

1970 1606 2106 1671 Quid
2158 1607 2210 1659 in
2254 1608 2435 1661 verbis
2485 1608 2767 1661 volvendis
2822 1608 3221 1662 immorantur?
3269 1610 3377 1661 Aut
3424 1608 3531 1661 diis

1970 1700 2095 1752 thus
2122 1698 2334 1762 oﬂ‘erte,
2364 1707 2418 1752 et
2463 1698 2611 1752 illaesi
2662 1697 2901 1752 recedite
2939 1707 3072 1752 :aut
3117 1698 3255 1751 male
3303 1698 3434 1752 estis
3473 1709 3529 1753 et

1967 1789 2160 1845 acerbe
2192 1790 2461 1844 morituri.
2493 1790 2666 1843 Ambo
2696 1790 3097 1857 responderunt
3123 1797 3177 1843 et
3228 1788 3484 1843 dixerunt
3514 1807 3527 1840 :

1972 1880 2078 1936 Nos
2108 1897 2215 1935 non
2240 1881 2363 1945 diis,
2392 1882 2485 1936 sed
2513 1882 2621 1936 Deo
2644 1880 2886 1951 quotidie
2914 1880 3199 1936 oﬂ‘erimus
3233 1881 3520 1935 sacrificia.

1972 1974 2114 2028 Dixit
2165 1973 2451 2043 praefectus
2482 1992 2494 2027 :
2522 1975 2653 2039 Quis
2700 1982 2785 2028 est
2828 1974 3005 2039 Deus,
3059 1974 3146 2028 cui
3202 1974 3382 2029 dicitis
3430 1988 3526 2027 vos

1970 2077 2211 2119 vestrum
2253 2065 2449 2119 oﬂerre
2501 2066 2866 2120 sacrificium?
2908 2064 3093 2119 Sancti
3125 2065 3527 2134 responderunt

1970 2164 2025 2208 et
2056 2155 2313 2211 dixerunt
2345 2174 2358 2209 :
2390 2158 2457 2211 Et
2483 2158 2604 2226 quis
2635 2166 2715 2211 est
2748 2158 2886 2211 alius
2915 2158 3057 2211 Deus
3090 2165 3284 2226 praeter
3312 2158 3528 2225 ipsum?

1969 2245 2079 2300 Cur
2116 2245 2182 2300 de
2218 2247 2327 2300 Deo
2355 2262 2456 2300 nos
2487 2247 2823 2316 interrogas?
2864 2247 2962 2301 Est
2991 2248 3138 2301 enim
3172 2246 3313 2300 alius
3342 2243 3487 2301 Deus
3508 2286 3525 2307 ,

1972 2348 2165 2406 prteter
2209 2336 2408 2390 unum?
2454 2337 2598 2390 Dixit
2631 2336 2916 2405 prafectus
2947 2354 2959 2390 :
2990 2336 3159 2403 Quem
3196 2350 3361 2391 unum
3405 2350 3528 2390 esse

1972 2427 2186 2490 dicitis,
2245 2429 2363 2495 ejus
2404 2442 2598 2481 nomen
2650 2428 2891 2497 requiro.
2943 2428 3093 2482 Dixit
3152 2427 3524 2483 Valerianus:

1973 2515 2065 2569 Dei
2114 2530 2311 2569 nomen
2356 2531 2464 2569 non
2518 2516 2810 2577 inveneris.
2864 2516 3074 2571 etiamsi
3124 2517 3300 2585 possis
3343 2515 3528 2570 volare

1973 2607 2186 2676 pennis.
2238 2605 2382 2661 Dixit
2427 2606 2757 2675 praefectus:
2795 2607 2945 2662 Jovis
2988 2621 3121 2673 ergo
3164 2622 3361 2661 nomen
3417 2622 3528 2661 non

1971 2706 2054 2750 est
2085 2696 2267 2751 Deus?
2303 2696 2446 2751 Dixit
2471 2697 2826 2751 Valerianus:
2864 2695 2960 2751 Est
3010 2711 3207 2751 nomen
3239 2706 3527 2766 corrupto-

1973 2786 2047 2841 ris
2074 2796 2129 2840 et
2168 2786 2422 2851 adulteri,
2458 2802 2619 2855 quem
2654 2786 2820 2841 fuisse
2866 2787 3167 2840 occisorem
3212 2785 3379 2841 vestri
3426 2802 3526 2841 au-

1974 2888 2151 2931 ctores
2202 2886 2539 2941 memorant,
2578 2886 2631 2932 ει
2672 2886 3045 2932 accusatorem
3095 2887 3294 2934 nostra:
3341 2888 3529 2933 οιιοηο

1974 2968 2108 3022 dunt
2166 2966 2479 3036 Scriptura.
2528 2968 2681 3022 Hunc
2730 2978 2785 3022 tu
2856 2968 3023 3021 Deum
3076 2969 3250 3023 miror
3295 2984 3527 3038 quanam

1976 3057 2309 3125 impudentia
2340 3058 2667 3119 nominasti,
2695 3072 2817 3111 cum
2852 3056 2993 3110 Deus
3020 3057 3127 3111 dici
3174 3072 3282 3110 non
3318 3058 3524 3124 possit,

1975 3148 2077 3201 nisi
2116 3147 2206 3215 qui
2237 3155 2317 3200 est
2345 3146 2412 3199 ab
2439 3146 2586 3199 omni
2617 3154 2838 3214 peccato
2864 3146 3095 3210 alienus,
3123 3144 3217 3215 qui
3249 3154 3332 3199 est
3364 3145 3525 3199 etiam

1971 3239 2162 3306 plenus
2194 3238 2605 3307 omnipotentia.
2650 3236 2792 3292 Dixit
2837 3238 3123 3307 prafcctus
3152 3254 3165 3290 :
3199 3237 3341 3307 Ergo
3382 3248 3528 3293 errat

1969 3333 2147 3384 omnis
2177 3330 2429 3393 mundus,
2465 3339 2518 3384 et
2553 3339 2608 3383 tu
2651 3345 2776 3385 cum
2814 3340 2908 3385 tuo
2933 3329 3099 3385 fratre
3137 3330 3302 3383 Deum
3334 3343 3524 3384 verum

1969 3421 2306 3490 cognovisti?
2337 3420 2482 3476 Dixit
2516 3420 2832 3475 Valerianus
2860 3439 2873 3476 :
2908 3419 3328 3476 Innumerabilis
3380 3422 3523 3474 mul-

1970 3510 2144 3566 titudo
2172 3511 2574 3567 Cbristianismi
2605 3513 2817 3581 accepit
2852 3512 3215 3566 sanctitatem.
3252 3511 3363 3565 lmo
3398 3528 3525 3566 vero

1969 3617 2064 3655 vos
2104 3605 2256 3671 pauci
2294 3604 2423 3657 estis
2446 3645 2459 3667 ,
2492 3603 2583 3671 qui
2621 3603 2960 3657 remansistis
2990 3609 3243 3672 tanquam
3279 3604 3460 3659 scissa
3492 3619 3524 3658 e

1968 3693 2246 3762 naufragio
2278 3694 2469 3747 tabula:
2492 3732 2507 3757 ,
2561 3692 2628 3747 ad
2663 3693 2803 3747 nihil
2832 3692 2979 3747 aliud
3010 3688 3382 3762 proficientes,
3419 3694 3521 3748 nisi

1971 3791 2029 3833 ut
2066 3780 2117 3833 in
2150 3780 2271 3849 igne
2294 3781 2593 3850 jaciainini.

2039 3867 2179 3922 XIX.
2238 3869 2390 3924 Tunc
2440 3870 2611 3924 iratus
2646 3870 2955 3939 praefectus,
3006 3871 3171 3939 jussit
3218 3872 3520 3926 eum-cedi

1968 3958 2150 4025 virgis.
2203 3956 2297 4011 Ille
2345 3968 2526 4013 autem
2578 3958 2865 4013 confestim
2920 3958 3047 4012 dum
3095 3958 3521 4024 verberaretur,

1967 4048 2121 4101 laetus
2147 4049 2313 4117 cmpit
2342 4049 2523 4103 dicere
2562 4066 2575 4102 :
2612 4050 2751 4103 Ecce
2782 4050 2937 4116 hora,
2975 4066 3136 4119 quam
3184 4051 3337 4105 valde
3372 4052 3520 4106 desi-

1966 4140 2220 4195 derabam
2244 4184 2255 4204 ,
2281 4152 2336 4195 et
2380 4156 2507 4195 ecce
2536 4141 2655 4196 dies
2683 4143 2831 4195 omni
2861 4142 3001 4197 festo
3044 4144 3177 4197 mihi
3204 4145 3517 4214 jucundior.

1969 4234 2103 4286 Ilum
2162 4233 2351 4286 beatus
2404 4232 2821 4297 verberaretur,
2870 4248 3050 4303 praeco
3131 4249 3324 4305 magna
3391 4249 3523 4291 voce

1966 4321 2229 4376 clamabat
2264 4340 2277 4375 :
2315 4322 2454 4391 Deos
2494 4331 2550 4376 et
2590 4322 2718 4377 deas
2760 4324 2868 4376 noli
2904 4324 3201 4378 maledictis
3226 4326 3520 4380 incessere.

1969 4412 2059 4465 Ille
2086 4421 2265 4465 autem
2290 4412 2355 4465 ad
2388 4414 2646 4481 populum
2676 4414 2961 4478 clamabat,
2986 4412 3171 4469 dicens
3201 4433 3213 4468 :
3238 4415 3347 4470 Viri
3374 4418 3522 4471 cives

310 4521 429 4557 esse
493 4504 765 4572 sapienter
817 4504 930 4557 haec
984 4514 1328 4573 persecutum
1377 4523 1390 4558 :
1426 4507 1518 4559 sed
1574 4508 1639 4559 ad
1686 4523 1863 4561 meum
1892 4509 1944 4569 Ι)
1970 4503 2353 4564 Romanorum,
2388 4504 2600 4568 videte,
2638 4520 2705 4558 nc
2747 4505 2858 4558 haec
2892 4505 3044 4574 plaga
3089 4520 3183 4559 vos
3226 4520 3257 4559 a
3296 4506 3522 4561 veritate

312 4609 633 4660 responsum
690 4609 798 4646 non
862 4593 1063 4647 videris
1133 4596 1481 4663 respondere.
1552 4597 1867 4653 Valerianus

313 4686 484 4739 dixit:
514 4685 701 4737 Dixisti
750 4701 849 4739 nos
882 4701 1001 4739 esse
1047 4687 1240 4739 stultos
1278 4697 1333 4740 et
1387 4687 1735 4756 insipientes,
1770 4693 1863 4760 qui

311 4774 593 4825 facultates
639 4783 849 4827 nostras
878 4774 1070 4830 damus
1094 4776 1379 4842 egentibus
1399 4816 1411 4838 ,
1446 4777 1743 4847 proselytos
1767 4794 1859 4833 ex-

311 4866 565 4932 cipimus,
593 4865 771 4919 viduis
798 4865 1209 4933 suppeditamus
1237 4881 1357 4934 qua:
1388 4878 1513 4921 sunt
1537 4871 1860 4931 necessaria,

310 4954 568 5019 orplianis
616 4954 987 5018 subvenimus,
1024 4970 1251 5023 corpora
1289 4956 1557 5023 insepulta
1592 4960 1817 5027 tegimus
1847 5000 1860 5023 ,

310 5053 366 5097 et
396 5059 516 5096 cum
569 5046 798 5098 maximo
830 5047 1036 5100 honore
1067 5048 1403 5101 celebramus
1432 5058 1725 5119 martyrum
1770 5050 1862 5103 de-

314 5138 628 5203 positiones.
665 5137 772 5189 Nos
792 5146 971 5190 autem
1024 5138 1339 5207 insipientes
1376 5142 1630 5209 judicasli
1679 5152 1735 5194 et
1768 5142 1861 5195 dc-

313 5230 565 5288 lirantcs,
598 5229 688 5295 qui
730 5244 850 5281 cum
886 5230 949 5282 iis
977 5230 1066 5298 qui
1110 5232 1379 5293 lxtantur,
1428 5248 1535 5285 non
1578 5234 1859 5297 laetamur,

312 5334 412 5370 nec
445 5317 496 5368 in
528 5318 735 5371 deliciis
762 5319 1013 5384 vivimus,
1046 5335 1144 5374 nec
1178 5332 1389 5375 nostras
1420 5325 1699 5391 explemus
1739 5326 1862 5379 libi-

310 5409 487 5469 dines,
524 5425 621 5465 nec
654 5410 991 5464 illiberaliter
1024 5426 1211 5465 sumus
1241 5413 1457 5467 lascivis
1490 5424 1543 5467 et
1578 5416 1859 5484 impudicis

310 5499 483 5551 oculis
507 5538 521 5559 ,
554 5504 897 5555 ostendentes
936 5517 1033 5555 nos
1061 5517 1177 5555 esse
1226 5504 1427 5557 liberos
1476 5516 1530 5558 ct
1572 5508 1851 5574 ingenuos.

313 5586 501 5640 Veniet
532 5599 761 5657 tempus,
785 5606 891 5659 quo
916 5592 1243 5659 accipiemus
1276 5593 1419 5646 inille
1440 5596 1624 5661 cuplos
1647 5596 1853 5651 fruetus

387 5770 403 5797 ’
441 5772 559 5834 δίη).
606 5784 654 5831 v,
707 5771 720 5819 I
772 5783 920 5835 seqq.
1036 5768 1056 5796 ⁸
1105 5771 1245 5823 Psal.
1296 5787 1447 5835 cxxv,
1496 5776 1525 5823 5

1972 4606 2199 4658 avertat,
2238 4595 2331 4649 sed
2360 4604 2498 4649 state
2529 4594 2761 4658 fortiter,
2800 4603 2856 4649 et
2900 4596 3032 4651 deos
3071 4596 3316 4665 lapideos
3361 4607 3417 4652 et
3457 4600 3522 4653 li-

1972 4704 2165 4757 gneos,
2198 4703 2333 4756 quos
2363 4688 2491 4740 colit
2522 4688 2835 4742 Almacbius
2876 4689 3184 4754 prafectus.
3228 4688 3283 4742 in
3316 4690 3519 4743 calcem

1971 4779 2289 4834 convertite.
2342 4780 2474 4832 Nam
2507 4793 2727 4840 omnes,
2763 4778 2855 4845 qui
2878 4793 2974 4832 eos
3013 4778 3231 4841 colunt,
3260 4786 3423 4832 erunt
3465 4780 3520 4831 in

1971 4870 2261 4923 afﬂictione
2289 4878 2343 4923 et
2381 4868 2651 4936 supplicio
2676 4878 2901 4921 aeterno.
2935 4868 3087 4922 Tunc
3110 4868 3203 4936 qui
3230 4882 3352 4921 cum
3383 4882 3521 4935 prte-

1970 4962 2111 5015 fecto
2145 4961 2461 5014 considebat
2504 4960 2854 5029 Tarquinius,
2902 4959 2994 5027 qui
3034 4960 3195 5013 etiam
3227 4960 3405 5013 dictus
3436 4970 3519 5013 est

1969 5054 2184 5113 Laccas,
2222 5052 2475 5121 prtefecto
2515 5050 2645 5103 dicit
2687 5052 2741 5103 in
2772 5059 3026 5103 secreto:
3055 5050 3314 5104 Invenisti
3366 5063 3519 5103 occa-

1967 5144 2209 5203 sionem,
2269 5142 2485 5194 domine
2533 5140 2647 5201 mi,
2706 5140 2833 5193 tolle
2888 5155 2983 5193 eos
3034 5140 3435 5208 quamprimum
3489 5154 3519 5191 a

1969 5242 2131 5286 terra.
2166 5233 2297 5287 Nam
2335 5233 2374 5285 si
2420 5230 2735 5295 tardaveris,
2769 5241 2823 5285 et
2857 5230 2925 5285 de
2949 5230 3036 5284 die
3066 5230 3119 5283 in
3147 5231 3289 5283 diem
3340 5238 3518 5282 traxe-

1968 5329 2061 5389 ris,
2106 5343 2294 5380 omnes
2327 5342 2450 5379 suus
2480 5326 2761 5380 facultates
2804 5326 3134 5380 distribuerit
3159 5324 3512 5392 pauperibus,

1964 5431 2019 5473 et
2064 5420 2143 5472 eis
2183 5419 2445 5486 supplicio
2476 5418 2706 5478 aﬂ'ectis,
2750 5424 2806 5469 tu
2859 5415 2994 5469 nihil
3042 5415 3307 5468 invenies.
3363 5413 3514 5468 Tunc

1964 5508 2279 5577 praefectus,
2309 5521 2431 5560 cum
2461 5506 2511 5559 ei
2542 5506 2836 5574 placuisset
2866 5503 3011 5555 illius
3050 5501 3359 5562 consilium,
3400 5500 3516 5568 jus-

1961 5601 2029 5652 sit
2074 5599 2395 5659 lictoribus,
2442 5606 2500 5649 ut
2546 5610 2641 5650 eos
2686 5595 3040 5659 abducerent,
3081 5594 3169 5646 ubi
3215 5600 3332 5646 crat
3363 5590 3512 5645 Jovis
