4270 6428
786 344 887 411 175

2035 346 2315 406 ΜΕΝὸΙὸ
2351 347 2783 408 NOVEMBER.

3890 350 3995 413 1Ἱὸ

780 469 996 522 statua,
1043 465 1097 512 et
1149 460 1310 528 jussit
1371 467 1449 523 ut,
1507 458 1613 514 nisi
1660 460 1820 514 ambo
1869 461 2071 515 vellem
2118 461 2334 530 imagini
2369 483 2406 528 Α
2441 462 2846 531 proficiscimini
2902 466 2969 519 ad
3030 481 3283 520 coronam
3322 466 3567 535 justitiac,
3597 480 3758 534 quam
3807 467 4000 519 reddet

777 553 926 605 .Invis
975 551 1324 615 sacriﬂcare,
1369 549 1531 604 simul
1569 549 1820 605 subirent
1869 551 2192 620 supplicium
2237 567 2328 606 ca-

777 647 925 714 pilis.
961 645 1112 698 Tunc
1147 642 1444 697 venerandi
1474 651 1528 696 et
1564 643 1784 712 gloriosi
1820 643 2025 698 Christi
2064 656 2329 714 martyres

782 735 1092 787 Valerianus
1139 744 1194 788 et
1250 732 1533 787 Tiburtius
1587 734 1806 788 abducti
1854 743 1980 789 sunt
2030 750 2060 788 a
2100 736 2327 791 Maximo

777 824 1011 890 [irmfccti
1046 823 1382 877 cubiculario
1432 822 1486 876 in
1529 824 1731 889 locum,
1762 826 1856 893 qui
1889 826 2090 879 dicitur
2133 827 2324 896 Pagus.

773 915 876 978 Qui
905 915 1121 981 quidem
1152 914 1416 968 Maximus
1443 917 1608 984 coepit
1627 931 1721 970 eos
1748 916 1980 981 deﬂere,
2015 927 2072 972 et
2098 919 2276 973 dicere
2309 939 2322 973 :

772 1014 814 1059 υ
848 1008 1081 1075 pretiosa
1116 1016 1170 1060 et
1199 1006 1398 1061 ﬂorens
1422 1010 1714 1077 juventus!
1742 1008 1786 1064 Ο
1817 1011 2091 1065 vinculum
2124 1027 2327 1080 magna:

772 1099 1158 1153 fraternitatis!
1192 1099 1235 1153 Ο
1275 1115 1372 1168 par
1403 1099 1830 1169 pulcherrimum
1879 1111 1936 1156 et
1962 1103 2320 1170 generosum!

772 1191 883 1242 tlur
920 1206 1013 1243 vos
1048 1192 1100 1243 in
1137 1190 1336 1243 malum
1378 1200 1433 1244 et
1468 1191 1696 1260 impium
1739 1193 1900 1245 linem
1943 1191 2186 1246 volentes
2227 1207 2324 1247 vos

769 1284 916 1347 ipsos
950 1282 1242 1351 projicere,
1273 1290 1328 1335 et
1367 1281 1433 1336 ad
1462 1282 1754 1336 maximum
1805 1283 2029 1338 tendere
2069 1285 2320 1350 exitium,

770 1374 840 1424 ita
884 1372 1156 1425 festinatis
1197 1381 1448 1441 tanquam
1477 1373 1569 1441 qui
1605 1372 1670 1426 ad
1701 1368 1968 1437 letitiam,
2013 1386 2069 1428 et
2117 1377 2324 1446 magni-

769 1464 923 1515 ficam
949 1472 1004 1515 et
1046 1462 1248 1516 lautam
1292 1476 1504 1517 caenam
1537 1465 1841 1518 voccmini?
1881 1465 2035 1519 Tunc
2057 1466 2190 1520 dixit
2231 1467 2321 1520 Ti-

771 1552 1022 1607 burtius:
1054 1552 1166 1607 Nos
1189 1553 1236 1606 si
1261 1568 1374 1608 non
1412 1568 1541 1608 vere
1575 1554 1960 1609 didicisscmus
2001 1557 2163 1612 aliam
2197 1574 2319 1614 esse

767 1643 936 1696 vitam
978 1653 1257 1698 aeternam.
1312 1659 1433 1713 qua
1465 1644 1629 1698 vitam
1676 1655 2000 1716 prtesentem
2048 1650 2316 1718 sequitur,

769 1749 876 1787 non
909 1733 1272 1803 gauderemus
1294 1749 1413 1789 eam
1441 1739 1710 1790 amittere.
1741 1737 1884 1791 Dicit
1911 1739 1992 1792 eis
2014 1739 2279 1796 Maximus
2305 1760 2316 1797 :

2431 555 2586 607 vobis
2615 555 2796 625 justus
2821 555 2994 610 Judex
3026 573 3039 610 :
3072 571 3177 610 non
3226 556 3402 611 solum
3443 567 3626 610 autem
3667 556 3823 610 vobis
3845 597 3858 619 ,
3893 557 3993 610 sed

2430 644 2594 696 etiam
2650 645 2945 709 omnibus,
2991 647 3085 714 qui
3137 647 3375 714 diligunt
3415 646 3711 700 adventum
3764 649 3882 717 ejus
3926 649 3995 704 ".

2432 735 2606 788 Locus
2636 744 2840 797 autem,
2868 736 2959 804 qui
2991 736 3189 789 dicitur
3220 736 3393 804 Pagus
3416 775 3430 800 ,
3458 746 3578 789 erat
3618 737 3757 790 situs
3796 747 3998 805 quarto

2429 826 2605 895 lapide
2632 827 2698 879 ab
2733 827 2868 881 urbe
2909 827 3100 890 Roma,
3131 829 3197 880 ad
3227 842 3388 894 quem
3433 836 3552 880 erat
3595 830 3994 880 transeundum

2429 931 2596 985 prope
2627 929 2834 985 portam
2861 919 3071 987 templi,
3107 931 3166 972 ut
3190 919 3507 986 quicunque
3541 917 3663 971 illac
3701 919 3993 980 transibat,

2428 1007 2531 1060 nisi
2568 1006 2712 1062 lovis
2740 1008 3032 1064 simulacro
3060 1007 3185 1062 thus
3236 1009 3480 1072 offerret,
3512 1007 3818 1076 puniretur.
3853 1007 3995 1061 Cum

2428 1098 2482 1152 in
2516 1113 2640 1151 eum
2667 1107 2848 1152 autem
2878 1102 3057 1153 locum
3093 1099 3370 1153 venissent
3415 1099 3587 1153 sancti
3623 1097 3906 1151 Tiburtius
3936 1108 3995 1152 et

2426 1187 2763 1248 Valerianus.
2799 1191 3095 1260 pretiosum
3152 1191 3278 1244 thus
3321 1190 3662 1252 obtulerunt,
3697 1189 3805 1242 Deo
3851 1189 3993 1242 oﬂ'e—

2427 1288 2610 1332 rentes
2678 1293 2806 1332 suos
2856 1291 3200 1335 accusatores
3239 1297 3250 1332 :
3287 1289 3342 1333 et
3399 1280 3478 1332 sic
3505 1279 3657 1333 ﬂexis
3716 1278 3946 1347 genibus
3975 1319 3990 1335 .

2405 1367 2576 1425 fuere
2609 1369 2734 1425 caesi
2761 1370 2960 1440 gladio,
2998 1381 3054 1426 et
3081 1372 3283 1425 amisso
3313 1371 3417 1424 hoc
3443 1371 3650 1424 caduco
3676 1379 3731 1424 et
3768 1371 3990 1423 mortali

2425 1473 2676 1527 corpore,
2720 1469 2979 1514 aeternam
3018 1471 3076 1515 et
3111 1477 3232 1530 qua:
3263 1475 3371 1514 non
3408 1469 3587 1528 ροιθει
3627 1475 3990 1520 marcescere,

2423 1550 2665 1620 martyrii
2695 1565 2951 1604 coronam
2981 1566 3262 1621 accepere.

2493 1640 2636 1695 XXI.
2676 1640 2830 1696 Tunc
2860 1643 3123 1698 Maximus
3150 1645 3341 1714 jurans
3371 1642 3590 1698 dicebat
3619 1661 3632 1696 :
3670 1642 3786 1698 Vidi
3823 1657 3992 1712 ange-

2423 1730 2505 1785 los
2530 1732 2624 1786 Dei
2668 1742 2922 1802 tanquam
2952 1735 3122 1789 solen
3153 1735 3583 1803 resplendentes,
3614 1750 3676 1789 ea
3705 1737 3837 1788 liora
3881 1749 3989 1804 qna

768 1825 832 1876 ιςι
861 1801 1108 1893 quaenam
1155 1835 1334 1894 potest
1375 1841 1495 1880 esse
1543 1827 1646 1880 alia
1688 1828 1836 1880 vita?
1878 1829 2178 1898 Respondit
2224 1831 2316 1886 Τί-
2354 1801 2391 1856 Β
2425 1821 2603 1890 gladio
2653 1801 2789 1875 sunt
2815 1824 3080 1891 percussi,
3132 1833 3188 1878 et
3235 1801 3498 1879 exeuntes
3542 1840 3732 1878 eorum
3777 1801 3991 1879 animas

769 1917 1001 1981 liurtius,
1032 1925 1088 1970 et
1121 1915 1252 1971 dixit
1281 1934 1293 1969 :
1319 1916 1602 1982 Quomodo
1628 1933 1827 1988 corpus
1871 1920 2119 1974 induitur
2160 1923 2318 1976 indu-

767 2008 984 2071 mentis,
1019 2008 1090 2060 ita
1122 2007 1286 2061 etiam
1316 2011 1496 2062 anima
1528 2009 1775 2064 induitur
1803 2026 2054 2080 corpore.
2090 2011 2156 2065 Et
2195 2029 2320 2067 cor-

767 2112 867 2164 pus
919 2097 1141 2164 quidem
1189 2107 1445 2167 tanquam
1503 2115 1689 2154 semen
1730 2113 1987 2157 terrestre
2012 2140 2028 2164 ,
2063 2118 2160 2171 per
2188 2104 2313 2157 libi-

766 2189 948 2242 «linem
988 2188 1039 2241 in
1073 2196 1340 2242 terrenam
1372 2194 1648 2244 matricem
1693 2192 2043 2246 immittitur:
2069 2195 2312 2261 genitum

763 2288 946 2332 autem
975 2288 1030 2332 et
1057 2279 1344 2342 nutritum,
1377 2288 1432 2334 et
1465 2281 1673 2349 lapsum
1706 2282 1761 2336 in
1785 2284 1977 2337 mortis
2009 2284 2313 2350 interitum,

762 2382 817 2422 «ιι
862 2371 917 2424 in
961 2371 1233 2440 pulverem
1282 2385 1633 2436 conversum,
1681 2382 1934 2442 tanquam
1967 2374 2190 2442 phoenix
2231 2376 2317 2429 fu-

767 2477 899 2517 tura:
935 2461 1074 2516 lucis
1126 2461 1308 2530 specie
1346 2463 1691 2518 excitabitur.
1750 2465 1943 2519 Anima
1986 2481 2114 2521 vero
2161 2467 2205 2520 si
2243 2468 2317 2523 sit

761 2564 968 2619 sancu,
995 2552 1200 2607 feretur
1247 2554 1300 2605 in
1335 2554 1572 2622 paradisi
1616 2553 1879 2620 delicias,
1925 2564 1985 2608 ut
2029 2554 2226 2610 ﬂorens
2258 2558 2309 2610 in

763 2645 1010 2707 deliciis,
1084 2655 1362 2713 exspectet
1431 2654 1642 2714 tempus
1689 2661 1800 2700 suae
1869 2649 2311 2702 resurrectionis.

762 2735 901 2789 Dicit
925 2735 1005 2790 eis
1025 2735 1286 2788 Maximus
1315 2753 1328 2790 :
1366 2735 1569 2790 Vellem
1597 2751 1696 2807 ego
1721 2752 1939 2806 quoque
1969 2740 2107 2793 hanc
2143 2740 2308 2794 vitam

764 2839 1046 2894 respuere,
1085 2825 1130 2880 si
1169 2825 1236 2880 de
1266 2826 1331 2880 iis
1359 2841 1480 2894 qua
1517 2826 1654 2882 dicis
1686 2843 1898 2896 possem
1931 2828 2047 2883 ﬂeri
2087 2831 2308 2884 certior.

762 2919 902 2972 Dicit
930 2918 980 2971 ei
1015 2918 1328 2972 Valerianus
1360 2935 1372 2970 :
1406 2918 1673 2983 Quoniam
1703 2919 1842 2973 dicis
1885 2920 1982 2974 tibi
2039 2921 2174 2974 nihil
2217 2936 2312 2974 su-

762 3021 1008 3075 peresse.
1051 3006 1156 3060 nisi
1191 3015 1251 3061 ut
1283 3007 1480 3077 probes
1507 3021 1632 3062 vera
1683 3022 1836 3070 esse.
1863 3023 1984 3077 qua
2025 3009 2122 3063 tibi
2169 3009 2312 3063 dixi-

764 3111 885 3149 mus
911 3113 926 3149 :
954 3110 1018 3150 ea
1062 3096 1216 3159 hora,
1267 3111 1375 3164 qua
1404 3096 1562 3150 faciet
1613 3096 1876 3150 Dominus
1919 3113 2019 3150 nos
2069 3097 2315 3166 corporis

765 3187 1001 3240 tunicam
1048 3200 1250 3243 exuere
1298 3186 1352 3239 in
1398 3185 1634 3255 gloriosa
1679 3187 1918 3240 nominis
1950 3189 2066 3257 ejus
2105 3187 2314 3242 confes-

763 3280 938 3343 sione,
983 3277 1193 3348 aperiet
1238 3277 1501 3333 Dominus
1546 3278 1736 3332 oculos
1771 3287 1929 3339 tuos.
1957 3289 2014 3332 et
2056 3277 2218 3332 faciet
2263 3290 2314 3334 te

764 3369 1026 3437 aspicere,
1064 3383 1191 3423 cum
1218 3377 1419 3438 quanta
1452 3369 1622 3436 gloria
1650 3367 1738 3421 illa
1783 3369 1889 3422 vita
1932 3367 2210 3432 redditur,
2269 3369 2315 3422 si

765 3471 948 3516 tanien
1023 3461 1313 3530 promittas
1389 3459 1583 3525 nobis,
1640 3457 1787 3527 quod
1841 3472 1909 3512 ex
1963 3466 2079 3513 toto
2131 3459 2315 3512 animo

765 3552 955 3606 venies
975 3550 1046 3604 ad
1077 3552 1156 3606 tui
1182 3550 1385 3606 erroris
1410 3550 1804 3619 ptenitentiam.

835 3640 935 3695 XX
975 3640 1129 3695 Tune
1149 3639 1415 3694 Maximus
1441 3637 1787 3692 anathemate
1812 3638 2047 3706 scipsum
2071 3636 2311 3704 devovit,

764 3734 989 3789 dicens:
1027 3730 1284 3786 Flammis
1311 3730 1450 3799 ignis
1477 3742 1790 3792 consumar,
1821 3728 1924 3783 nisi
1955 3728 2024 3782 ab
2051 3727 2154 3782 hac
2179 3729 2312 3783 hora

763 3824 914 3878 illum
965 3821 1140 3876 solum
1183 3819 1351 3875 Deum
1383 3819 1706 3883 confitebor,
1759 3819 1851 3887 qui
1888 3817 2039 3884 facit,
2090 3827 2151 3872 ut
2191 3828 2313 3888 post

762 3915 902 3969 hanc
933 3913 1098 3967 vitam
1127 3909 1231 3965 alia
1256 3911 1367 3964 vita
1391 3917 1670 3978 sequatur,
1701 3909 1805 3962 hoc
1829 3908 1962 3962 mihi
2000 3908 2175 3963 solum
2217 3925 2312 3963 vos

762 4000 1072 4063 ostendite,
1112 3997 1259 4069 quod
1313 3997 1447 4052 estis
1494 3995 1738 4065 polliciti.
1792 3995 1856 4050 Ei
1907 3995 2095 4049 dicunt
2138 3995 2309 4048 sancti

765 4099 1031 4162 martyres
1061 4087 1347 4142 Tiburtius
1368 4093 1423 4140 et
1445 4084 1765 4141 Valerianus
1789 4100 1806 4140 :
1830 4084 1969 4139 lube
2005 4083 2308 4146 lictoribus,

764 4191 824 4237 ut
848 4195 949 4235 nos
976 4181 1031 4234 in
1059 4177 1280 4234 dommn
1323 4184 1469 4231 tuam
1499 4174 1790 4240 abducant.
1825 4181 1882 4229 et
1925 4173 2220 4239 faciemus,
2251 4183 2311 4228 ut

765 4273 895 4327 illuc
942 4269 1009 4323 ad
1069 4278 1122 4323 te
1185 4267 1363 4322 veniat
1406 4265 1765 4336 puriﬂcator:
1826 4264 1920 4333 qui
1972 4267 2072 4318 hac
2128 4274 2308 4330 nocte,

763 4368 1047 4430 postquam
1087 4355 1255 4410 fueris
1298 4354 1640 4424 puriﬂcatus,
1688 4352 1848 4409 faciet
1881 4361 1941 4408 ut
1991 4354 2178 4409 videas
2230 4354 2307 4420 id,

2425 1926 2456 1966 e
2488 1916 2848 1982 corporibus,
2882 1927 3137 1983 tanquam
3172 1915 3412 1984 virgines
3458 1933 3488 1970 e
3533 1916 3789 1971 thalamo.
3839 1916 3990 1982 Quas

2426 2016 2550 2057 cum
2600 2005 2741 2059 ulnis
2793 2007 3140 2074 excepissent
3189 2009 3397 2076 angeli,

2422 2092 2738 2149 ferebantur
2792 2095 2847 2149 in
2879 2099 3096 2154 malum.
3131 2098 3253 2152 lliec
3281 2098 3511 2151 Maximo
3548 2107 3802 2152 narrante
3857 2113 3985 2152 cum

2421 2183 2694 2254 lacrymis,
2721 2186 2876 2239 multi
2901 2187 3251 2241 crediderunt
3291 2190 3345 2241 in
3391 2189 3679 2243 Dominum
3732 2201 3984 2243 nostrum

2421 2271 2606 2329 Jesum
2641 2273 2939 2339 Christum,
2971 2287 3024 2329 et
3053 2279 3301 2332 conversi
3335 2279 3403 2332 ab
3437 2294 3625 2334 errore
3661 2280 3986 2335 simulacro-

2423 2380 2565 2428 rum,
2606 2366 2818 2434 seipsos
2855 2367 3196 2422 tradiderunt
3240 2381 3428 2423 sancto
3481 2371 3684 2424 Vibano
3717 2387 3816 2426 suo
3863 2388 3984 2426 ma-

2417 2455 2607 2525 gistro.
2637 2457 2770 2512 Cum
2796 2468 2972 2511 autem
3007 2459 3072 2511 ad
3098 2460 3435 2514 Almacliium
3482 2462 3628 2516 urbis
3662 2462 3980 2533 prafectutn

2423 2546 2659 2600 venisset
2730 2546 2893 2611 fama,
2947 2548 3094 2617 quod
3135 2548 3397 2604 Maximus
3441 2552 3806 2606 cubicularius
3854 2569 3982 2608 cum

2423 2636 2678 2689 omnibus
2708 2638 2821 2691 suis
2858 2638 3034 2692 factus
3058 2649 3201 2694 esset
3236 2640 3582 2696 Christianus
3605 2683 3619 2708 ,
3643 2645 3807 2713 jussit
3852 2662 3981 2700 eum

2422 2728 2610 2782 tandiu
2647 2729 2922 2784 verberari
2964 2730 3138 2799 globis
3167 2732 3457 2801 plumbeis,
3506 2733 3680 2788 donec
3723 2735 3980 2804 spiritum

2417 2822 2716 2874 emitteret.
2783 2821 2954 2885 Quem
2997 2831 3184 2875 sancta
3232 2823 3438 2876 Christi
3501 2833 3704 2894 martyr
3762 2825 3982 2881 Caecilia

2418 2923 2542 2963 cum
2582 2912 2851 2978 posuisset
2897 2913 3143 2983 proxime
3190 2922 3406 2968 sanctos
3458 2913 3554 2967 Dei
3592 2924 3854 2984 martyres
3890 2917 3983 2970 'l‘io

2419 2998 2663 3053 burtium
2695 3011 2751 3055 ct
2777 3002 3144 3064 Valerianum,
3176 3002 3430 3072 deposuit
3457 3004 3512 3056 in
3544 3018 3687 3067 arca,
3733 3014 3788 3057 et
3815 3004 3981 3072 jussit

2418 3097 2478 3141 ut
2527 3089 2579 3142 in
2628 3104 2753 3144 arca
2809 3093 2928 3161 ejus
2977 3094 3378 3162 insculperetur
3412 3093 3655 3162 pltmnix,
3689 3095 3754 3148 ad
3796 3107 3980 3148 osten-

2417 3177 2648 3234 dendam
2686 3181 2806 3250 ejus
2848 3182 3030 3248 fidem,
3061 3184 3153 3252 qui
3185 3199 3244 3237 se
3271 3185 3617 3237 inventurum
3646 3200 3764 3239 esse
3792 3201 3977 3238 resur-

2419 3273 2713 3326 rectionem
2761 3273 3028 3343 phteuicis
3067 3278 3316 3345 exemplo
3341 3277 3651 3332 admiserat.
3685 3279 3845 3333 Facta
3894 3291 3979 3333 est

2415 3370 2596 3414 autem
2637 3371 2758 3429 post
2785 3363 2900 3438 haec
2939 3365 3239 3433 inquisitio.
3270 3365 3449 3435 Cmpit
3479 3370 3626 3421 enim
3655 3367 3976 3422 Almachius

2416 3449 2705 3517 prafeclus
2756 3453 3041 3508 amborum
3085 3454 3316 3508 fratrum
3369 3472 3616 3525 quaerere
3663 3457 3974 3523 facultates,

2414 3553 2636 3607 promer
2675 3559 2811 3610 quas
2837 3544 3057 3600 volebat
3098 3547 3263 3600 etiam
3302 3561 3543 3615 quaerere
3577 3556 3819 3602 sanctam
3861 3551 3976 3603 Cte-

2413 3630 2616 3694 ciliam,
2649 3643 2707 3686 ut
2735 3634 3001 3689 Valeriani
3041 3639 3347 3707 conjugem,
3386 3647 3440 3693 et
3477 3639 3642 3707 jussit
3671 3656 3790 3693 eam
3828 3643 3971 3708 apud

2412 3739 2471 3778 se
2517 3726 2652 3779 sisti.
2692 3727 2822 3792 Quae
2863 3728 3083 3797 quidem
3133 3741 3420 3798 postquam
3466 3733 3648 3785 omnia
3673 3771 3688 3794 ,
3719 3748 3838 3800 qua:
3883 3748 3977 3784 sn-

2413 3811 2725 3880 perfuerant
2761 3831 2828 3869 ex
2852 3831 3042 3870 eorum
3093 3815 3479 3884 facultatibus,
3512 3820 3748 3874 fideliter
3786 3821 3974 3879 distri-

2410 3898 2620 3956 buisset
2652 3905 3008 3972 pauperibus,
3050 3906 3215 3974 ctepit
3241 3908 3331 3962 ille
3371 3923 3564 3978 urgere
3590 3948 3604 3972 ,
3651 3919 3790 3963 utea
3844 3911 3972 3965 thus

2411 3988 2656 4046 offerret.
2691 3994 2842 4048 'l'unc
2864 3994 3001 4051 dixit
3037 3997 3328 4064 ministris,
3375 4000 3470 4068 qui
3502 4014 3622 4054 eam
3666 3999 3968 4069 urgebant,

2411 4093 2478 4137 ut
2496 4084 2599 4138 hoc
2632 4085 2871 4142 faceret:

2478 4172 2643 4229 XXII.
2691 4176 2888 4232 Audite
2938 4191 3063 4242 me.
3108 4177 3257 4233 cives
3300 4188 3357 4233 et
3406 4177 3776 4234 fratres:Vos
3836 4183 3970 4234 estis

2410 4265 2644 4320 ministri
2693 4268 2864 4322 vestri
2909 4268 3191 4338 praesidis,
3230 4277 3288 4323 et
3325 4269 3543 4323 videtur
3597 4270 3785 4334 vobis,
3815 4273 3963 4339 quod

2411 4357 2736 4415 desideratis
2767 4375 2888 4416 esse
2913 4360 3077 4416 alieni
3103 4360 3173 4415 ab
3197 4362 3319 4432 ejus
3359 4362 3651 4430 impietate.
3689 4361 3816 4415 Mihi
3865 4378 3962 4414 au-

3469 2009 3838 2076 strepentibus
3885 2007 3990 2061 alis

761 4449 908 4520 quod
966 4447 1064 4502 tibi
1109 4445 1479 4517 promisimus.
1515 4443 1652 4500 Cum
1677 4452 1856 4499 autem
1891 4444 2155 4499 laximus
2194 4445 2311 4515 jus—
2340 4466 2385 4524 ο
2413 4456 2519 4503 tem
2546 4458 2629 4503 est
2667 4448 2961 4518 gloriosum
3009 4455 3065 4504 et
3098 4448 3254 4502 valde
3285 4448 3739 4512 desiderantium,
3780 4463 3965 4502 omnza

761 4541 923 4594 sisset
959 4536 1281 4600 lictoribus,
1310 4533 1652 4589 abduxerunt
1691 4548 1788 4589 eos
1826 4533 1883 4587 in
1921 4533 2140 4588 domum
2171 4536 2308 4604 ejus.

761 4630 1003 4695 Quorum
1035 4625 1414 4696 pradicatione
1447 4625 1563 4694 ipse
1595 4624 1863 4679 Maximus
1895 4639 2018 4679 cum
2061 4632 2173 4679 tota
2213 4639 2310 4679 sua

761 4717 965 4774 familia
989 4726 1046 4772 et
1079 4716 1213 4786 ipsis
1239 4713 1527 4770 lictoribus
1555 4714 1907 4770 crediderunt
1940 4715 1995 4768 in
2020 4714 2308 4770 Dominum

763 4817 1009 4864 nostrum
1080 4806 1266 4862 Jesum
1303 4806 1600 4861 Christum.
1667 4805 1821 4861 Tunc
1863 4815 2050 4861 sancta
2096 4805 2310 4860 Caecilia

764 4901 913 4954 venit
941 4896 1008 4950 ad
1037 4896 1182 4966 ipsos
1218 4908 1382 4950 noctu
1413 4910 1537 4950 cum
1562 4895 1967 4959 sacerdotibus,
1997 4903 2054 4950 et
2085 4894 2306 4950 fuerunt

761 5004 952 5044 omnes
988 4987 1243 5056 baptisatl
1285 4987 1338 5041 iu
1361 4987 1582 5040 nomine
1617 4984 1794 5040 Patris
1840 4995 1898 5040 et
1927 4985 2048 5039 Filii
2090 4996 2148 5040 et
2188 4985 2308 5054 Spi-

766 5080 904 5131 ritus
949 5076 1147 5131 sancti.
1201 5073 1337 5130 Cutu
1406 5085 1585 5129 autem
1637 5073 1889 5130 exoriens
1943 5077 2304 5141 matutinum,

766 5166 912 5220 nocti
956 5164 1117 5220 ﬂnem
1155 5162 1413 5226 dedisset.
1450 5179 1644 5234 magno
1693 5165 1910 5220 silentio
1960 5161 2124 5229 facto,
2170 5166 2308 5220 dixit

828 5267 948 5311 ncta
997 5254 1469 5312 Caicilia:Estote
1522 5256 1647 5312 forti
1697 5266 1753 5311 et
1806 5272 2000 5326 magno
2037 5259 2240 5322 animo,
2276 5272 2308 5311 ο

814 5347 861 5400 ei
891 5346 1122 5409 milites;
1154 5345 1368 5414 abjicite
1411 5360 1576 5415 opera
1617 5347 1989 5410 tenebrarum,
2033 5357 2088 5401 et
2127 5348 2309 5401 indui-

823 5437 897 5489 ini
931 5451 1080 5490 arma
1105 5436 1245 5490 lucis
1272 5436 1314 5490 ’.
1350 5437 1642 5492 Pulchrum
1677 5447 1948 5492 certamen
1984 5439 2306 5500 certavistis,

801 5541 986 5580 ursum
1014 5527 1316 5596 peregistis,
1350 5528 1510 5582 fidem
1532 5529 1968 5584 conservavistis.
2013 5529 2087 5585 De
2115 5540 2311 5585 caetero

868 5702 890 5736 ’
936 5702 1094 5761 Boni.
1143 5719 1253 5774 xtn,
1299 5705 1384 5760 12.
1470 5707 1512 5738 ³⁵
1555 5707 1597 5762 ιι
1638 5705 1779 5763 Tim.
1826 5722 1898 5773 tv,
1948 5707 1996 5763 7.

2414 4540 2527 4610 pati
2560 4542 2743 4611 gravia
2772 4555 2872 4612 pro
2895 4541 3099 4596 Christi
3151 4540 3514 4596 confessione.
3545 4540 3678 4596 Nam
3704 4556 3827 4595 cum
3864 4541 3968 4595 hac

2415 4631 2525 4685 vita
2549 4645 2826 4700 nunquam
2858 4630 3023 4686 statui
3055 4631 3218 4685 ullam
3263 4631 3466 4686 habere
3505 4631 3825 4685 amicitiam.
3859 4631 3963 4684 Sed

2413 4735 2482 4775 ne
2507 4721 2626 4776 sitis
2653 4720 2720 4775 de
2752 4729 2939 4775 nostra
2986 4721 3203 4776 solliciti
3237 4721 3546 4790 juventute,
3573 4737 3736 4789 quam
3783 4723 3965 4774 omnis

2412 4829 2557 4870 cura
2587 4815 2720 4870 estis
2746 4826 3022 4884 expertem
3070 4815 3363 4871 reddituri.
3400 4815 3581 4870 Facite
3619 4830 3771 4884 ergo,
3812 4814 3960 4884 quod

2411 4907 2479 4959 ab
2508 4906 2697 4974 iniquo
2728 4906 2956 4974 praeside
2992 4914 3078 4960 est
3111 4907 3268 4961 vobis
3309 4906 3656 4975 imperatum.
3684 4906 3838 4959 Tunc
3883 4906 3965 4958 illi

2413 5001 2694 5061 cmperunt
2748 4992 3034 5046 lamentari
3065 5000 3120 5046 et
3149 4992 3411 5062 conqueri
3455 4991 3598 5060 quod
3640 4998 3747 5042 tam
3787 4990 3962 5042 electa

2413 5083 2612 5152 puella.
2643 5091 2700 5137 et
2735 5091 2840 5136 tam
2871 5081 3178 5152 intelligens
3208 5091 3263 5136 et
3288 5081 3508 5145 nobilis,
3539 5089 3761 5148 cuperet
3795 5080 3967 5135 inter-

2414 5172 2502 5229 ﬂci
2539 5183 2630 5227 :et
2663 5188 2779 5227 eam
2814 5174 3096 5242 rogabant,
3130 5171 3397 5232 dicentes,
3426 5186 3492 5225 ne
3519 5170 3680 5224 talem
3708 5173 3964 5224 decorem

2411 5262 2724 5324 amitteret,
2769 5275 2944 5330 neque
2988 5261 3147 5314 talem
3198 5261 3433 5331 speciem
3488 5267 3834 5312 converteret
3895 5261 3963 5311 ad

2415 5363 2664 5406 mortem.
2711 5351 2920 5418 Quibus
2988 5351 3245 5405 ﬂentibus
3294 5360 3347 5404 et
3377 5351 3565 5405 dolore
3615 5350 3822 5402 vexatis
3885 5350 3966 5402 sic

2413 5452 2598 5496 sancta
2634 5442 2913 5511 respondit
2940 5442 3203 5498 Caecilia:
3243 5442 3376 5505 Hoc,
3413 5457 3446 5495 o
3479 5440 3709 5502 fratres,
3740 5454 3848 5492 non
3881 5451 3967 5495 est

2416 5533 2639 5604 perdere
2665 5534 3026 5604 juventuteiu,
3063 5534 3160 5590 sed
3191 5543 3562 5600 commutare;
3603 5531 3732 5587 dare
3759 5532 3964 5605 lutum,
