  <div class='ocr_page' id='page_1' title='image "/cluster/home/n/w/nwhite01/storage/ocr_20150623/116/nnc1.0046980156/108.png"; bbox 0 0 4270 6428; ppageno 0'>
   <div class='ocr_carea' id='block_1_1' title="bbox 271 368 365 431">
    <p class='ocr_par' dir='ltr' id='par_1_1' title="bbox 271 368 365 431">
     <span class='ocr_line' id='line_1_1' title="bbox 271 368 365 431; baseline 0 -2"><span class='ocrx_word' id='word_1_1' title='bbox 271 368 365 431; x_wconf 86' lang='lat'><strong>177</strong></span> 
     </span>
    </p>
   </div>
   <div class='ocr_carea' id='block_1_2' title="bbox 1386 375 2352 438">
    <p class='ocr_par' dir='ltr' id='par_1_2' title="bbox 1386 375 2352 438">
     <span class='ocr_line' id='line_1_2' title="bbox 1386 375 2352 438; baseline 0 -1"><span class='ocrx_word' id='word_1_2' title='bbox 1386 379 1556 437; x_wconf 76' lang='lat' dir='ltr'><strong>VITA</strong></span> <span class='ocrx_word' id='word_1_3' title='bbox 1592 379 1653 438; x_wconf 88' lang='lat' dir='ltr'><strong>S.</strong></span> <span class='ocrx_word' id='word_1_4' title='bbox 1694 375 2032 436; x_wconf 69' lang='lat' dir='ltr'><strong>C.EClLIrE</strong></span> <span class='ocrx_word' id='word_1_5' title='bbox 2064 378 2156 437; x_wconf 86' lang='lat' dir='ltr'><strong>ET</strong></span> <span class='ocrx_word' id='word_1_6' title='bbox 2201 378 2352 437; x_wconf 82' lang='lat' dir='ltr'><strong>SOC.</strong></span> 
     </span>
    </p>
   </div>
   <div class='ocr_carea' id='block_1_3' title="bbox 3374 376 3472 437">
    <p class='ocr_par' dir='ltr' id='par_1_3' title="bbox 3374 376 3472 437">
     <span class='ocr_line' id='line_1_3' title="bbox 3374 376 3472 437; baseline 0 0"><span class='ocrx_word' id='word_1_7' title='bbox 3374 376 3472 437; x_wconf 76' lang='lat'><strong>1&#39;78</strong></span> 
     </span>
    </p>
   </div>
   <div class='ocr_carea' id='block_1_4' title="bbox 265 486 3469 559">
    <p class='ocr_par' dir='ltr' id='par_1_4' title="bbox 265 486 3469 559">
     <span class='ocr_line' id='line_1_4' title="bbox 265 486 3469 559; baseline 0 -25"><span class='ocrx_word' id='word_1_8' title='bbox 265 493 540 535; x_wconf 77' lang='lat' dir='ltr'><strong>claurum</strong></span> <span class='ocrx_word' id='word_1_9' title='bbox 570 486 855 555; x_wconf 88' lang='lat' dir='ltr'><strong>accipere;</strong></span> <span class='ocrx_word' id='word_1_10' title='bbox 905 488 1035 543; x_wconf 90' lang='lat' dir='ltr'><strong>dare</strong></span> <span class='ocrx_word' id='word_1_11' title='bbox 1089 490 1494 556; x_wconf 70' lang='lat' dir='ltr'><strong>tabernaculum</strong></span> <span class='ocrx_word' id='word_1_12' title='bbox 1546 491 1711 544; x_wconf 84' lang='lat' dir='ltr'><strong>breve</strong></span> <span class='ocrx_word' id='word_1_13' title='bbox 1763 498 1818 543; x_wconf 93' lang='lat' dir='ltr'><strong>et</strong></span> <span class='ocrx_word' id='word_1_14' title='bbox 1852 491 1893 547; x_wconf 78' lang='grc' dir='ltr'>Α</span> <span class='ocrx_word' id='word_1_15' title='bbox 1920 505 2167 559; x_wconf 51' lang='lat' dir='ltr'><strong>quaenam</strong></span> <span class='ocrx_word' id='word_1_16' title='bbox 2195 490 2263 544; x_wconf 90' lang='lat' dir='ltr'><strong>sit</strong></span> <span class='ocrx_word' id='word_1_17' title='bbox 2318 489 2444 540; x_wconf 89' lang='lat' dir='ltr'><strong>mihi</strong></span> <span class='ocrx_word' id='word_1_18' title='bbox 2484 486 2755 555; x_wconf 73' lang='lat' dir='ltr'><strong>potestas?</strong></span> <span class='ocrx_word' id='word_1_19' title='bbox 2807 488 2949 539; x_wconf 83' lang='lat' dir='ltr'><strong>Dixit</strong></span> <span class='ocrx_word' id='word_1_20' title='bbox 2993 495 3177 538; x_wconf 86' lang='lat' dir='ltr'><strong>sancta</strong></span> <span class='ocrx_word' id='word_1_21' title='bbox 3216 486 3469 538; x_wconf 63' lang='lat' dir='ltr'><strong>CiliCilial</strong></span> 
     </span>
    </p>
   </div>
   <div class='ocr_carea' id='block_1_5' title="bbox 273 576 1824 651">
    <p class='ocr_par' dir='ltr' id='par_1_5' title="bbox 273 576 1824 651">
     <span class='ocr_line' id='line_1_5' title="bbox 273 576 1824 651; baseline 0.006 -26"><span class='ocrx_word' id='word_1_22' title='bbox 273 576 609 639; x_wconf 78' lang='lat' dir='ltr'><strong>miserabile,</strong></span> <span class='ocrx_word' id='word_1_23' title='bbox 656 587 710 632; x_wconf 88' lang='lat' dir='ltr'><strong>et</strong></span> <span class='ocrx_word' id='word_1_24' title='bbox 767 596 1012 647; x_wconf 88' lang='lat' dir='ltr'><strong>magnam</strong></span> <span class='ocrx_word' id='word_1_25' title='bbox 1043 582 1455 651; x_wconf 86' lang='lat' dir='ltr'><strong>speciosamque</strong></span> <span class='ocrx_word' id='word_1_26' title='bbox 1496 594 1550 636; x_wconf 94' lang='lat' dir='ltr'><strong>et</strong></span> <span class='ocrx_word' id='word_1_27' title='bbox 1595 582 1824 648; x_wconf 79' lang='lat' dir='ltr'><strong>amplam</strong></span> 
     </span>
    </p>
   </div>
   <div class='ocr_carea' id='block_1_6' title="bbox 266 665 1828 742">
    <p class='ocr_par' dir='ltr' id='par_1_6' title="bbox 266 665 1828 742">
     <span class='ocr_line' id='line_1_6' title="bbox 266 665 1828 742; baseline 0.005 -25"><span class='ocrx_word' id='word_1_28' title='bbox 266 665 492 717; x_wconf 89' lang='lat' dir='ltr'><strong>domum</strong></span> <span class='ocrx_word' id='word_1_29' title='bbox 540 668 819 736; x_wconf 84' lang='lat' dir='ltr'><strong>accipere,</strong></span> <span class='ocrx_word' id='word_1_30' title='bbox 869 686 935 723; x_wconf 90' lang='lat' dir='ltr'><strong>ex</strong></span> <span class='ocrx_word' id='word_1_31' title='bbox 980 672 1253 740; x_wconf 81' lang='lat' dir='ltr'><strong>lapidibus</strong></span> <span class='ocrx_word' id='word_1_32' title='bbox 1296 672 1550 742; x_wconf 85' lang='lat' dir='ltr'><strong>pretiosis</strong></span> <span class='ocrx_word' id='word_1_33' title='bbox 1592 681 1643 725; x_wconf 88' lang='lat' dir='ltr'><strong>et</strong></span> <span class='ocrx_word' id='word_1_34' title='bbox 1694 687 1828 726; x_wconf 91' lang='lat' dir='ltr'><strong>auro</strong></span> 
     </span>
    </p>
   </div>
   <div class='ocr_carea' id='block_1_7' title="bbox 268 753 1849 828">
    <p class='ocr_par' dir='ltr' id='par_1_7' title="bbox 268 753 1849 828">
     <span class='ocr_line' id='line_1_7' title="bbox 268 753 1849 828; baseline 0.005 -23"><span class='ocrx_word' id='word_1_35' title='bbox 268 753 589 807; x_wconf 69' lang='lat' dir='ltr'><strong>ardificatam</strong></span> <span class='ocrx_word' id='word_1_36' title='bbox 623 775 634 808; x_wconf 89' lang='lat'><strong>:</strong></span> <span class='ocrx_word' id='word_1_37' title='bbox 662 758 791 810; x_wconf 90' lang='lat' dir='ltr'><strong>dare</strong></span> <span class='ocrx_word' id='word_1_38' title='bbox 837 761 1092 828; x_wconf 78' lang='lat' dir='ltr'><strong>angulum</strong></span> <span class='ocrx_word' id='word_1_39' title='bbox 1134 769 1478 815; x_wconf 89' lang='lat' dir='ltr'><strong>tenebrosum</strong></span> <span class='ocrx_word' id='word_1_40' title='bbox 1504 802 1517 825; x_wconf 91' lang='lat'><strong>,</strong></span> <span class='ocrx_word' id='word_1_41' title='bbox 1550 771 1603 814; x_wconf 90' lang='lat' dir='ltr'><strong>et</strong></span> <span class='ocrx_word' id='word_1_42' title='bbox 1649 754 1849 814; x_wconf 86' lang='lat' dir='ltr'><strong>locum</strong></span> 
     </span>
    </p>
   </div>
   <div class='ocr_carea' id='block_1_8' title="bbox 274 847 1830 919">
    <p class='ocr_par' dir='ltr' id='par_1_8' title="bbox 274 847 1830 919">
     <span class='ocr_line' id='line_1_8' title="bbox 274 847 1830 919; baseline 0.005 -22"><span class='ocrx_word' id='word_1_43' title='bbox 274 847 522 913; x_wconf 87' lang='lat' dir='ltr'><strong>accipere</strong></span> <span class='ocrx_word' id='word_1_44' title='bbox 566 847 844 913; x_wconf 90' lang='lat' dir='ltr'><strong>lucidum,</strong></span> <span class='ocrx_word' id='word_1_45' title='bbox 900 852 1207 919; x_wconf 78' lang='lat' dir='ltr'><strong>margaritis</strong></span> <span class='ocrx_word' id='word_1_46' title='bbox 1260 852 1691 919; x_wconf 85' lang='lat' dir='ltr'><strong>resplendenlem</strong></span> <span class='ocrx_word' id='word_1_47' title='bbox 1724 865 1830 905; x_wconf 74' lang='grc' dir='ltr'><strong>οω-</strong></span> 
     </span>
    </p>
   </div>
   <div class='ocr_carea' id='block_1_9' title="bbox 274 936 1830 1008">
    <p class='ocr_par' dir='ltr' id='par_1_9' title="bbox 274 936 1830 1008">
     <span class='ocr_line' id='line_1_9' title="bbox 274 936 1830 1008; baseline 0.005 -23"><span class='ocrx_word' id='word_1_48' title='bbox 274 936 503 989; x_wconf 78' lang='lat' dir='ltr'><strong>lestibus</strong></span> <span class='ocrx_word' id='word_1_49' title='bbox 538 954 550 988; x_wconf 88' lang='lat'><strong>:</strong></span> <span class='ocrx_word' id='word_1_50' title='bbox 584 938 715 992; x_wconf 92' lang='lat' dir='ltr'><strong>dare</strong></span> <span class='ocrx_word' id='word_1_51' title='bbox 755 942 1151 1006; x_wconf 88' lang='lat' dir='ltr'><strong>possessionem</strong></span> <span class='ocrx_word' id='word_1_52' title='bbox 1197 956 1315 1008; x_wconf 70' lang='lat' dir='ltr'><strong>qua:</strong></span> <span class='ocrx_word' id='word_1_53' title='bbox 1356 941 1532 1007; x_wconf 89' lang='lat' dir='ltr'><strong>perit,</strong></span> <span class='ocrx_word' id='word_1_54' title='bbox 1582 950 1636 992; x_wconf 87' lang='lat' dir='ltr'><strong>et</strong></span> <span class='ocrx_word' id='word_1_55' title='bbox 1689 941 1830 993; x_wconf 88' lang='lat' dir='ltr'><strong>acci-</strong></span> 
     </span>
    </p>
   </div>
   <div class='ocr_carea' id='block_1_10' title="bbox 275 1027 1833 1097">
    <p class='ocr_par' dir='ltr' id='par_1_10' title="bbox 275 1027 1833 1097">
     <span class='ocr_line' id='line_1_10' title="bbox 275 1027 1833 1097; baseline 0.004 -22"><span class='ocrx_word' id='word_1_56' title='bbox 275 1038 406 1089; x_wconf 91' lang='lat' dir='ltr'><strong>pere</strong></span> <span class='ocrx_word' id='word_1_57' title='bbox 457 1028 856 1092; x_wconf 90' lang='lat' dir='ltr'><strong>possessionem</strong></span> <span class='ocrx_word' id='word_1_58' title='bbox 906 1043 1027 1096; x_wconf 81' lang='lat' dir='ltr'><strong>quae</strong></span> <span class='ocrx_word' id='word_1_59' title='bbox 1072 1045 1179 1081; x_wconf 91' lang='lat' dir='ltr'><strong>non</strong></span> <span class='ocrx_word' id='word_1_60' title='bbox 1217 1030 1492 1097; x_wconf 83' lang='lat' dir='ltr'><strong>cognoscit</strong></span> <span class='ocrx_word' id='word_1_61' title='bbox 1542 1027 1735 1086; x_wconf 86' lang='lat' dir='ltr'><strong>finem,</strong></span> <span class='ocrx_word' id='word_1_62' title='bbox 1778 1036 1833 1081; x_wconf 92' lang='lat' dir='ltr'><strong>et</strong></span> 
     </span>
    </p>
   </div>
   <div class='ocr_carea' id='block_1_11' title="bbox 277 1116 1830 1186">
    <p class='ocr_par' dir='ltr' id='par_1_11' title="bbox 277 1116 1830 1186">
     <span class='ocr_line' id='line_1_11' title="bbox 277 1116 1830 1186; baseline 0.003 -22"><span class='ocrx_word' id='word_1_63' title='bbox 277 1116 491 1180; x_wconf 79' lang='lat' dir='ltr'><strong>ignorat</strong></span> <span class='ocrx_word' id='word_1_64' title='bbox 532 1126 753 1169; x_wconf 93' lang='lat' dir='ltr'><strong>mortem</strong></span> <span class='ocrx_word' id='word_1_65' title='bbox 780 1133 794 1180; x_wconf 90' lang='lat'><strong>;</strong></span> <span class='ocrx_word' id='word_1_66' title='bbox 824 1118 956 1171; x_wconf 88' lang='lat' dir='ltr'><strong>dare</strong></span> <span class='ocrx_word' id='word_1_67' title='bbox 984 1119 1217 1186; x_wconf 91' lang='lat' dir='ltr'><strong>lapidem</strong></span> <span class='ocrx_word' id='word_1_68' title='bbox 1256 1118 1640 1181; x_wconf 83' lang='lat' dir='ltr'><strong>miserabilem,</strong></span> <span class='ocrx_word' id='word_1_69' title='bbox 1672 1132 1830 1185; x_wconf 92' lang='lat' dir='ltr'><strong>quem</strong></span> 
     </span>
    </p>
   </div>
   <div class='ocr_carea' id='block_1_12' title="bbox 276 1204 1829 1277">
    <p class='ocr_par' dir='ltr' id='par_1_12' title="bbox 276 1204 1829 1277">
     <span class='ocr_line' id='line_1_12' title="bbox 276 1204 1829 1277; baseline 0.004 -21"><span class='ocrx_word' id='word_1_70' title='bbox 276 1204 508 1269; x_wconf 89' lang='lat' dir='ltr'><strong>pedibus</strong></span> <span class='ocrx_word' id='word_1_71' title='bbox 546 1207 913 1269; x_wconf 85' lang='lat' dir='ltr'><strong>conculcatis,</strong></span> <span class='ocrx_word' id='word_1_72' title='bbox 958 1219 1013 1260; x_wconf 89' lang='lat' dir='ltr'><strong>et</strong></span> <span class='ocrx_word' id='word_1_73' title='bbox 1058 1209 1303 1277; x_wconf 91' lang='lat' dir='ltr'><strong>accipere</strong></span> <span class='ocrx_word' id='word_1_74' title='bbox 1345 1208 1576 1275; x_wconf 85' lang='lat' dir='ltr'><strong>lapidem</strong></span> <span class='ocrx_word' id='word_1_75' title='bbox 1630 1209 1829 1275; x_wconf 87' lang='lat' dir='ltr'><strong>pretio-</strong></span> 
     </span>
    </p>
   </div>
   <div class='ocr_carea' id='block_1_13' title="bbox 277 1296 1831 1366">
    <p class='ocr_par' dir='ltr' id='par_1_13' title="bbox 277 1296 1831 1366">
     <span class='ocr_line' id='line_1_13' title="bbox 277 1296 1831 1366; baseline 0.003 -20"><span class='ocrx_word' id='word_1_76' title='bbox 277 1310 436 1357; x_wconf 87' lang='lat' dir='ltr'><strong>sum,</strong></span> <span class='ocrx_word' id='word_1_77' title='bbox 492 1296 583 1363; x_wconf 90' lang='lat' dir='ltr'><strong>qui</strong></span> <span class='ocrx_word' id='word_1_78' title='bbox 634 1296 803 1349; x_wconf 93' lang='lat' dir='ltr'><strong>forma</strong></span> <span class='ocrx_word' id='word_1_79' title='bbox 848 1298 1158 1366; x_wconf 81' lang='lat' dir='ltr'><strong>re5piendet</strong></span> <span class='ocrx_word' id='word_1_80' title='bbox 1209 1300 1260 1350; x_wconf 94' lang='lat' dir='ltr'><strong>in</strong></span> <span class='ocrx_word' id='word_1_81' title='bbox 1316 1299 1464 1366; x_wconf 88' lang='lat' dir='ltr'><strong>regio</strong></span> <span class='ocrx_word' id='word_1_82' title='bbox 1507 1298 1831 1352; x_wconf 85' lang='lat' dir='ltr'><strong>diademate.</strong></span> 
     </span>
    </p>
   </div>
   <div class='ocr_carea' id='block_1_14' title="bbox 281 1384 1834 1453">
    <p class='ocr_par' dir='ltr' id='par_1_14' title="bbox 281 1384 1834 1453">
     <span class='ocr_line' id='line_1_14' title="bbox 281 1384 1834 1453; baseline 0.005 -18"><span class='ocrx_word' id='word_1_83' title='bbox 281 1384 453 1438; x_wconf 85' lang='lat' dir='ltr'><strong>Hodie</strong></span> <span class='ocrx_word' id='word_1_84' title='bbox 485 1385 527 1438; x_wconf 88' lang='lat' dir='ltr'><strong>si</strong></span> <span class='ocrx_word' id='word_1_85' title='bbox 552 1387 677 1453; x_wconf 90' lang='lat' dir='ltr'><strong>quis</strong></span> <span class='ocrx_word' id='word_1_86' title='bbox 704 1389 784 1441; x_wconf 92' lang='lat' dir='ltr'><strong>sic</strong></span> <span class='ocrx_word' id='word_1_87' title='bbox 814 1388 1007 1441; x_wconf 75' lang='lat' dir='ltr'><strong>oﬂ&#39;erat</strong></span> <span class='ocrx_word' id='word_1_88' title='bbox 1034 1402 1249 1453; x_wconf 90' lang='lat' dir='ltr'><strong>aureos,</strong></span> <span class='ocrx_word' id='word_1_89' title='bbox 1288 1401 1345 1441; x_wconf 91' lang='lat' dir='ltr'><strong>ut</strong></span> <span class='ocrx_word' id='word_1_90' title='bbox 1372 1390 1647 1441; x_wconf 90' lang='lat' dir='ltr'><strong>minimam</strong></span> <span class='ocrx_word' id='word_1_91' title='bbox 1680 1404 1834 1442; x_wconf 91' lang='lat' dir='ltr'><strong>num-</strong></span> 
     </span>
    </p>
   </div>
   <div class='ocr_carea' id='block_1_15' title="bbox 281 1479 1831 1548">
    <p class='ocr_par' dir='ltr' id='par_1_15' title="bbox 281 1479 1831 1548">
     <span class='ocr_line' id='line_1_15' title="bbox 281 1479 1831 1548; baseline 0.005 -21"><span class='ocrx_word' id='word_1_92' title='bbox 281 1492 495 1530; x_wconf 85' lang='lat' dir='ltr'><strong>morum</strong></span> <span class='ocrx_word' id='word_1_93' title='bbox 521 1479 880 1546; x_wconf 83' lang='lat' dir='ltr'><strong>quantitatem</strong></span> <span class='ocrx_word' id='word_1_94' title='bbox 912 1494 978 1532; x_wconf 92' lang='lat' dir='ltr'><strong>ex</strong></span> <span class='ocrx_word' id='word_1_95' title='bbox 1009 1480 1076 1532; x_wconf 92' lang='lat' dir='ltr'><strong>iis</strong></span> <span class='ocrx_word' id='word_1_96' title='bbox 1111 1479 1275 1532; x_wconf 91' lang='lat' dir='ltr'><strong>alacri</strong></span> <span class='ocrx_word' id='word_1_97' title='bbox 1300 1480 1483 1533; x_wconf 83' lang='lat' dir='ltr'><strong>animo</strong></span> <span class='ocrx_word' id='word_1_98' title='bbox 1514 1492 1831 1548; x_wconf 81' lang='lat' dir='ltr'><strong>proventum</strong></span> 
     </span>
    </p>
   </div>
   <div class='ocr_carea' id='block_1_16' title="bbox 280 1569 1833 1638">
    <p class='ocr_par' dir='ltr' id='par_1_16' title="bbox 280 1569 1833 1638">
     <span class='ocr_line' id='line_1_16' title="bbox 280 1569 1833 1638; baseline 0.002 -18"><span class='ocrx_word' id='word_1_99' title='bbox 280 1569 513 1635; x_wconf 66' lang='lat' dir='ltr'><strong>accipiat</strong></span> <span class='ocrx_word' id='word_1_100' title='bbox 538 1587 551 1633; x_wconf 93' lang='lat'><strong>;</strong></span> <span class='ocrx_word' id='word_1_101' title='bbox 580 1586 707 1622; x_wconf 92' lang='lat' dir='ltr'><strong>num</strong></span> <span class='ocrx_word' id='word_1_102' title='bbox 753 1585 849 1621; x_wconf 90' lang='lat' dir='ltr'><strong>vos</strong></span> <span class='ocrx_word' id='word_1_103' title='bbox 883 1586 1100 1638; x_wconf 92' lang='lat' dir='ltr'><strong>quoque</strong></span> <span class='ocrx_word' id='word_1_104' title='bbox 1146 1569 1396 1622; x_wconf 87' lang='lat' dir='ltr'><strong>lubenter</strong></span> <span class='ocrx_word' id='word_1_105' title='bbox 1444 1572 1737 1625; x_wconf 89' lang='lat' dir='ltr'><strong>curreretis</strong></span> <span class='ocrx_word' id='word_1_106' title='bbox 1768 1572 1833 1623; x_wconf 90' lang='lat' dir='ltr'><strong>ad</strong></span> 
     </span>
    </p>
   </div>
   <div class='ocr_carea' id='block_1_17' title="bbox 281 1660 1833 1729">
    <p class='ocr_par' dir='ltr' id='par_1_17' title="bbox 281 1660 1833 1729">
     <span class='ocr_line' id='line_1_17' title="bbox 281 1660 1833 1729; baseline 0.003 -19"><span class='ocrx_word' id='word_1_107' title='bbox 281 1660 442 1711; x_wconf 80' lang='lat' dir='ltr'><strong>talem</strong></span> <span class='ocrx_word' id='word_1_108' title='bbox 475 1662 918 1727; x_wconf 75' lang='lat' dir='ltr'><strong>negotiationem,</strong></span> <span class='ocrx_word' id='word_1_109' title='bbox 950 1670 1004 1714; x_wconf 93' lang='lat' dir='ltr'><strong>et</strong></span> <span class='ocrx_word' id='word_1_110' title='bbox 1036 1676 1225 1714; x_wconf 90' lang='lat' dir='ltr'><strong>omnes</strong></span> <span class='ocrx_word' id='word_1_111' title='bbox 1252 1672 1523 1729; x_wconf 90' lang='lat' dir='ltr'><strong>parentes,</strong></span> <span class='ocrx_word' id='word_1_112' title='bbox 1566 1671 1622 1716; x_wconf 88' lang='lat' dir='ltr'><strong>et</strong></span> <span class='ocrx_word' id='word_1_113' title='bbox 1656 1672 1833 1727; x_wconf 89' lang='lat' dir='ltr'><strong>notos,</strong></span> 
     </span>
    </p>
   </div>
   <div class='ocr_carea' id='block_1_18' title="bbox 281 1752 1835 1820">
    <p class='ocr_par' dir='ltr' id='par_1_18' title="bbox 281 1752 1835 1820">
     <span class='ocr_line' id='line_1_18' title="bbox 281 1752 1835 1820; baseline 0.003 -18"><span class='ocrx_word' id='word_1_114' title='bbox 281 1758 335 1802; x_wconf 81' lang='lat' dir='ltr'><strong>et</strong></span> <span class='ocrx_word' id='word_1_115' title='bbox 370 1763 649 1818; x_wconf 85' lang='lat' dir='ltr'><strong>cognatos.</strong></span> <span class='ocrx_word' id='word_1_116' title='bbox 678 1752 1038 1820; x_wconf 86' lang='lat' dir='ltr'><strong>dilectosque,</strong></span> <span class='ocrx_word' id='word_1_117' title='bbox 1076 1761 1131 1806; x_wconf 91' lang='lat' dir='ltr'><strong>et</strong></span> <span class='ocrx_word' id='word_1_118' title='bbox 1156 1752 1510 1820; x_wconf 87' lang='lat' dir='ltr'><strong>propinquos,</strong></span> <span class='ocrx_word' id='word_1_119' title='bbox 1546 1761 1601 1806; x_wconf 84' lang='lat' dir='ltr'><strong>et</strong></span> <span class='ocrx_word' id='word_1_120' title='bbox 1633 1753 1835 1807; x_wconf 82' lang='lat' dir='ltr'><strong>amicos</strong></span> 
     </span>
    </p>
   </div>
   <div class='ocr_carea' id='block_1_19' title="bbox 1933 573 3472 649">
    <p class='ocr_par' dir='ltr' id='par_1_19' title="bbox 1933 573 3472 649">
     <span class='ocr_line' id='line_1_19' title="bbox 1933 573 3472 649; baseline -0.005 -16"><span class='ocrx_word' id='word_1_121' title='bbox 1933 580 2153 649; x_wconf 85' lang='lat' dir='ltr'><strong>Ignoras</strong></span> <span class='ocrx_word' id='word_1_122' title='bbox 2177 587 2258 641; x_wconf 90' lang='lat' dir='ltr'><strong>tu,</strong></span> <span class='ocrx_word' id='word_1_123' title='bbox 2284 592 2530 645; x_wconf 55' lang='lat' dir='ltr'><strong>quanam</strong></span> <span class='ocrx_word' id='word_1_124' title='bbox 2565 578 2634 631; x_wconf 88' lang='lat' dir='ltr'><strong>sit</strong></span> <span class='ocrx_word' id='word_1_125' title='bbox 2681 575 2810 627; x_wconf 93' lang='lat' dir='ltr'><strong>mihi</strong></span> <span class='ocrx_word' id='word_1_126' title='bbox 2850 582 3085 642; x_wconf 89' lang='lat' dir='ltr'><strong>potestas</strong></span> <span class='ocrx_word' id='word_1_127' title='bbox 3115 574 3136 626; x_wconf 88' lang='lat'><strong>?</strong></span> <span class='ocrx_word' id='word_1_128' title='bbox 3163 573 3293 626; x_wconf 91' lang='lat' dir='ltr'><strong>Nam</strong></span> <span class='ocrx_word' id='word_1_129' title='bbox 3340 575 3384 626; x_wconf 92' lang='lat' dir='ltr'><strong>si</strong></span> <span class='ocrx_word' id='word_1_130' title='bbox 3418 583 3472 625; x_wconf 90' lang='lat' dir='ltr'><strong>tu</strong></span> 
     </span>
    </p>
   </div>
   <div class='ocr_carea' id='block_1_20' title="bbox 1931 664 3467 738">
    <p class='ocr_par' dir='ltr' id='par_1_20' title="bbox 1931 664 3467 738">
     <span class='ocr_line' id='line_1_20' title="bbox 1931 664 3467 738; baseline -0.007 -14"><span class='ocrx_word' id='word_1_131' title='bbox 1931 686 2016 724; x_wconf 89' lang='lat' dir='ltr'><strong>me</strong></span> <span class='ocrx_word' id='word_1_132' title='bbox 2045 669 2324 738; x_wconf 81' lang='lat' dir='ltr'><strong>rogaveris</strong></span> <span class='ocrx_word' id='word_1_133' title='bbox 2366 667 2432 721; x_wconf 93' lang='lat' dir='ltr'><strong>de</strong></span> <span class='ocrx_word' id='word_1_134' title='bbox 2484 676 2571 721; x_wconf 75' lang='lat' dir='ltr'><strong>tua</strong></span> <span class='ocrx_word' id='word_1_135' title='bbox 2622 674 2909 734; x_wconf 87' lang='lat' dir='ltr'><strong>potestate,</strong></span> <span class='ocrx_word' id='word_1_136' title='bbox 2962 665 3106 719; x_wconf 89' lang='lat' dir='ltr'><strong>veris</strong></span> <span class='ocrx_word' id='word_1_137' title='bbox 3138 664 3319 717; x_wconf 84' lang='lat' dir='ltr'><strong>verbis</strong></span> <span class='ocrx_word' id='word_1_138' title='bbox 3369 664 3467 715; x_wconf 88' lang='lat' dir='ltr'><strong>tibi</strong></span> 
     </span>
    </p>
   </div>
   <div class='ocr_carea' id='block_1_21' title="bbox 1931 751 3471 829">
    <p class='ocr_par' dir='ltr' id='par_1_21' title="bbox 1931 751 3471 829">
     <span class='ocr_line' id='line_1_21' title="bbox 1931 751 3471 829; baseline -0.008 -15"><span class='ocrx_word' id='word_1_139' title='bbox 1931 762 2193 829; x_wconf 89' lang='lat' dir='ltr'><strong>aperiam.</strong></span> <span class='ocrx_word' id='word_1_140' title='bbox 2254 758 2393 812; x_wconf 86' lang='lat' dir='ltr'><strong>Dicit</strong></span> <span class='ocrx_word' id='word_1_141' title='bbox 2450 759 2499 811; x_wconf 91' lang='lat' dir='ltr'><strong>ei</strong></span> <span class='ocrx_word' id='word_1_142' title='bbox 2550 758 2829 825; x_wconf 71' lang='lat' dir='ltr'><strong>praefectus</strong></span> <span class='ocrx_word' id='word_1_143' title='bbox 2859 774 2873 805; x_wconf 84' lang='lat'><strong>:</strong></span> <span class='ocrx_word' id='word_1_144' title='bbox 2902 755 3016 815; x_wconf 87' lang='lat' dir='ltr'><strong>Dic.</strong></span> <span class='ocrx_word' id='word_1_145' title='bbox 3050 756 3093 807; x_wconf 92' lang='lat' dir='ltr'><strong>si</strong></span> <span class='ocrx_word' id='word_1_146' title='bbox 3150 753 3282 823; x_wconf 89' lang='lat' dir='ltr'><strong>quid</strong></span> <span class='ocrx_word' id='word_1_147' title='bbox 3308 751 3471 805; x_wconf 83' lang='lat' dir='ltr'><strong>nosti.</strong></span> 
     </span>
    </p>
   </div>
   <div class='ocr_carea' id='block_1_22' title="bbox 1931 834 3471 909">
    <p class='ocr_par' dir='ltr' id='par_1_22' title="bbox 1931 834 3471 909">
     <span class='ocr_line' id='line_1_22' title="bbox 1931 834 3471 909; baseline -0.009 -5"><span class='ocrx_word' id='word_1_148' title='bbox 1931 850 2124 905; x_wconf 81' lang='lat' dir='ltr'><strong>Sancta</strong></span> <span class='ocrx_word' id='word_1_149' title='bbox 2164 849 2297 902; x_wconf 78' lang='lat' dir='ltr'><strong>dixit</strong></span> <span class='ocrx_word' id='word_1_150' title='bbox 2324 834 2539 901; x_wconf 64' lang='lat' dir='ltr'><strong>Cmcilia</strong></span> <span class='ocrx_word' id='word_1_151' title='bbox 2568 860 2581 896; x_wconf 85' lang='lat'><strong>:</strong></span> <span class='ocrx_word' id='word_1_152' title='bbox 2610 845 2801 898; x_wconf 90' lang='lat' dir='ltr'><strong>Omnis</strong></span> <span class='ocrx_word' id='word_1_153' title='bbox 2859 844 3095 897; x_wconf 88' lang='lat' dir='ltr'><strong>hominis</strong></span> <span class='ocrx_word' id='word_1_154' title='bbox 3123 849 3365 909; x_wconf 85' lang='lat' dir='ltr'><strong>potestas</strong></span> <span class='ocrx_word' id='word_1_155' title='bbox 3394 847 3471 891; x_wconf 85' lang='lat' dir='ltr'><strong>est</strong></span> 
     </span>
    </p>
   </div>
   <div class='ocr_carea' id='block_1_23' title="bbox 1932 932 3475 1008">
    <p class='ocr_par' dir='ltr' id='par_1_23' title="bbox 1932 932 3475 1008">
     <span class='ocr_line' id='line_1_23' title="bbox 1932 932 3475 1008; baseline -0.009 -14"><span class='ocrx_word' id='word_1_156' title='bbox 1932 940 2155 1008; x_wconf 89' lang='lat' dir='ltr'><strong>perinde</strong></span> <span class='ocrx_word' id='word_1_157' title='bbox 2216 953 2279 991; x_wconf 92' lang='lat' dir='ltr'><strong>ac</strong></span> <span class='ocrx_word' id='word_1_158' title='bbox 2327 944 2448 989; x_wconf 90' lang='lat' dir='ltr'><strong>uter</strong></span> <span class='ocrx_word' id='word_1_159' title='bbox 2498 945 2659 989; x_wconf 91' lang='lat' dir='ltr'><strong>vento</strong></span> <span class='ocrx_word' id='word_1_160' title='bbox 2696 936 2885 1003; x_wconf 88' lang='lat' dir='ltr'><strong>plenus</strong></span> <span class='ocrx_word' id='word_1_161' title='bbox 2918 952 2930 983; x_wconf 90' lang='lat'><strong>:</strong></span> <span class='ocrx_word' id='word_1_162' title='bbox 2965 948 3125 1001; x_wconf 92' lang='lat' dir='ltr'><strong>quem</strong></span> <span class='ocrx_word' id='word_1_163' title='bbox 3159 932 3205 985; x_wconf 89' lang='lat' dir='ltr'><strong>si</strong></span> <span class='ocrx_word' id='word_1_164' title='bbox 3243 947 3348 984; x_wconf 91' lang='lat' dir='ltr'><strong>una</strong></span> <span class='ocrx_word' id='word_1_165' title='bbox 3378 945 3475 982; x_wconf 87' lang='lat' dir='ltr'><strong>acu</strong></span> 
     </span>
    </p>
   </div>
   <div class='ocr_carea' id='block_1_24' title="bbox 1934 1018 3477 1100">
    <p class='ocr_par' dir='ltr' id='par_1_24' title="bbox 1934 1018 3477 1100">
     <span class='ocr_line' id='line_1_24' title="bbox 1934 1018 3477 1100; baseline -0.008 -16"><span class='ocrx_word' id='word_1_166' title='bbox 1934 1030 2245 1100; x_wconf 81' lang='lat' dir='ltr'><strong>pupugeris,</strong></span> <span class='ocrx_word' id='word_1_167' title='bbox 2270 1031 2447 1083; x_wconf 92' lang='lat' dir='ltr'><strong>omnis</strong></span> <span class='ocrx_word' id='word_1_168' title='bbox 2478 1040 2655 1083; x_wconf 92' lang='lat' dir='ltr'><strong>tumor</strong></span> <span class='ocrx_word' id='word_1_169' title='bbox 2684 1028 2803 1096; x_wconf 82' lang='lat' dir='ltr'><strong>ejus</strong></span> <span class='ocrx_word' id='word_1_170' title='bbox 2828 1024 2953 1079; x_wconf 88' lang='lat' dir='ltr'><strong>colli</strong></span> <span class='ocrx_word' id='word_1_171' title='bbox 3010 1021 3303 1076; x_wconf 80' lang='lat' dir='ltr'><strong>flaccescit.</strong></span> <span class='ocrx_word' id='word_1_172' title='bbox 3335 1018 3477 1084; x_wconf 86' lang='lat' dir='ltr'><strong>Quin</strong></span> 
     </span>
    </p>
   </div>
   <div class='ocr_carea' id='block_1_25' title="bbox 1932 1111 3480 1186">
    <p class='ocr_par' dir='ltr' id='par_1_25' title="bbox 1932 1111 3480 1186">
     <span class='ocr_line' id='line_1_25' title="bbox 1932 1111 3480 1186; baseline -0.009 -10"><span class='ocrx_word' id='word_1_173' title='bbox 1932 1123 2093 1176; x_wconf 90' lang='lat' dir='ltr'><strong>etiam</strong></span> <span class='ocrx_word' id='word_1_174' title='bbox 2135 1123 2178 1176; x_wconf 91' lang='lat' dir='ltr'><strong>si</strong></span> <span class='ocrx_word' id='word_1_175' title='bbox 2218 1122 2524 1175; x_wconf 88' lang='lat' dir='ltr'><strong>invenietur</strong></span> <span class='ocrx_word' id='word_1_176' title='bbox 2559 1121 2611 1172; x_wconf 91' lang='lat' dir='ltr'><strong>in</strong></span> <span class='ocrx_word' id='word_1_177' title='bbox 2647 1134 2765 1186; x_wconf 85' lang='lat' dir='ltr'><strong>Ipso</strong></span> <span class='ocrx_word' id='word_1_178' title='bbox 2796 1114 2997 1183; x_wconf 89' lang='lat' dir='ltr'><strong>aliquid</strong></span> <span class='ocrx_word' id='word_1_179' title='bbox 3030 1123 3266 1182; x_wconf 90' lang='lat' dir='ltr'><strong>portare,</strong></span> <span class='ocrx_word' id='word_1_180' title='bbox 3317 1111 3480 1164; x_wconf 81' lang='lat' dir='ltr'><strong>inﬂe-</strong></span> 
     </span>
    </p>
   </div>
   <div class='ocr_carea' id='block_1_26' title="bbox 1935 1206 3483 1283">
    <p class='ocr_par' dir='ltr' id='par_1_26' title="bbox 1935 1206 3483 1283">
     <span class='ocr_line' id='line_1_26' title="bbox 1935 1206 3483 1283; baseline -0.007 -15"><span class='ocrx_word' id='word_1_181' title='bbox 1935 1216 2120 1268; x_wconf 91' lang='lat' dir='ltr'><strong>ctitur.</strong></span> <span class='ocrx_word' id='word_1_182' title='bbox 2167 1214 2310 1267; x_wconf 82' lang='lat' dir='ltr'><strong>Dixit</strong></span> <span class='ocrx_word' id='word_1_183' title='bbox 2355 1213 2638 1283; x_wconf 71' lang='lat' dir='ltr'><strong>praefectus</strong></span> <span class='ocrx_word' id='word_1_184' title='bbox 2672 1227 2685 1264; x_wconf 89' lang='lat'><strong>:</strong></span> <span class='ocrx_word' id='word_1_185' title='bbox 2719 1210 2943 1279; x_wconf 73' lang='lat' dir='ltr'><strong>Cmpisti</strong></span> <span class='ocrx_word' id='word_1_186' title='bbox 2979 1226 3009 1263; x_wconf 90' lang='lat' dir='ltr'><strong>a</strong></span> <span class='ocrx_word' id='word_1_187' title='bbox 3045 1206 3394 1265; x_wconf 87' lang='lat' dir='ltr'><strong>contumelia.</strong></span> <span class='ocrx_word' id='word_1_188' title='bbox 3430 1214 3483 1257; x_wconf 85' lang='lat' dir='ltr'><strong>et</strong></span> 
     </span>
    </p>
   </div>
   <div class='ocr_carea' id='block_1_27' title="bbox 1936 1298 3480 1374">
    <p class='ocr_par' dir='ltr' id='par_1_27' title="bbox 1936 1298 3480 1374">
     <span class='ocr_line' id='line_1_27' title="bbox 1936 1298 3480 1374; baseline -0.008 -15"><span class='ocrx_word' id='word_1_189' title='bbox 1936 1322 2251 1374; x_wconf 90' lang='lat' dir='ltr'><strong>perseveras</strong></span> <span class='ocrx_word' id='word_1_190' title='bbox 2276 1306 2330 1359; x_wconf 94' lang='lat' dir='ltr'><strong>in</strong></span> <span class='ocrx_word' id='word_1_191' title='bbox 2381 1304 2751 1359; x_wconf 87' lang='lat' dir='ltr'><strong>contumeliis.</strong></span> <span class='ocrx_word' id='word_1_192' title='bbox 2811 1302 2954 1355; x_wconf 79' lang='lat' dir='ltr'><strong>Dixit</strong></span> <span class='ocrx_word' id='word_1_193' title='bbox 3005 1310 3190 1355; x_wconf 85' lang='lat' dir='ltr'><strong>sancta</strong></span> <span class='ocrx_word' id='word_1_194' title='bbox 3222 1298 3480 1352; x_wconf 66' lang='lat' dir='ltr'><strong>Caacilia:</strong></span> 
     </span>
    </p>
   </div>
   <div class='ocr_carea' id='block_1_28' title="bbox 1934 1392 3476 1460">
    <p class='ocr_par' dir='ltr' id='par_1_28' title="bbox 1934 1392 3476 1460">
     <span class='ocr_line' id='line_1_28' title="bbox 1934 1392 3476 1460; baseline -0.006 -11"><span class='ocrx_word' id='word_1_195' title='bbox 1934 1396 2049 1449; x_wconf 93' lang='lat' dir='ltr'><strong>Non</strong></span> <span class='ocrx_word' id='word_1_196' title='bbox 2077 1396 2274 1448; x_wconf 89' lang='lat' dir='ltr'><strong>dicitur</strong></span> <span class='ocrx_word' id='word_1_197' title='bbox 2302 1394 2647 1458; x_wconf 87' lang='lat' dir='ltr'><strong>contumelia,</strong></span> <span class='ocrx_word' id='word_1_198' title='bbox 2673 1394 2773 1447; x_wconf 82' lang='lat' dir='ltr'><strong>nisi</strong></span> <span class='ocrx_word' id='word_1_199' title='bbox 2803 1393 2857 1445; x_wconf 93' lang='lat' dir='ltr'><strong>in</strong></span> <span class='ocrx_word' id='word_1_200' title='bbox 2886 1407 2979 1445; x_wconf 83' lang='lat' dir='ltr'><strong>eos</strong></span> <span class='ocrx_word' id='word_1_201' title='bbox 3010 1392 3099 1458; x_wconf 90' lang='lat' dir='ltr'><strong>qui</strong></span> <span class='ocrx_word' id='word_1_202' title='bbox 3137 1405 3307 1460; x_wconf 87' lang='lat' dir='ltr'><strong>pauca</strong></span> <span class='ocrx_word' id='word_1_203' title='bbox 3348 1402 3476 1456; x_wconf 80' lang='lat' dir='ltr'><strong>pec-</strong></span> 
     </span>
    </p>
   </div>
   <div class='ocr_carea' id='block_1_29' title="bbox 1937 1476 3483 1546">
    <p class='ocr_par' dir='ltr' id='par_1_29' title="bbox 1937 1476 3483 1546">
     <span class='ocr_line' id='line_1_29' title="bbox 1937 1476 3483 1546; baseline -0.006 -9"><span class='ocrx_word' id='word_1_204' title='bbox 1937 1495 2084 1546; x_wconf 88' lang='lat' dir='ltr'><strong>cant,</strong></span> <span class='ocrx_word' id='word_1_205' title='bbox 2146 1500 2252 1537; x_wconf 85' lang='lat' dir='ltr'><strong>non</strong></span> <span class='ocrx_word' id='word_1_206' title='bbox 2326 1493 2572 1537; x_wconf 88' lang='lat' dir='ltr'><strong>teneatur</strong></span> <span class='ocrx_word' id='word_1_207' title='bbox 2622 1481 2940 1536; x_wconf 84' lang='lat' dir='ltr'><strong>moderatio.</strong></span> <span class='ocrx_word' id='word_1_208' title='bbox 2995 1479 3356 1545; x_wconf 84' lang='lat' dir='ltr'><strong>Quamobrem</strong></span> <span class='ocrx_word' id='word_1_209' title='bbox 3400 1476 3483 1527; x_wconf 88' lang='lat' dir='ltr'><strong>vel</strong></span> 
     </span>
    </p>
   </div>
   <div class='ocr_carea' id='block_1_30' title="bbox 1936 1564 3478 1633">
    <p class='ocr_par' dir='ltr' id='par_1_30' title="bbox 1936 1564 3478 1633">
     <span class='ocr_line' id='line_1_30' title="bbox 1936 1564 3478 1633; baseline -0.008 -5"><span class='ocrx_word' id='word_1_210' title='bbox 1936 1578 2067 1628; x_wconf 91' lang='lat' dir='ltr'><strong>doce</strong></span> <span class='ocrx_word' id='word_1_211' title='bbox 2142 1574 2548 1633; x_wconf 87' lang='lat' dir='ltr'><strong>contumeliam,</strong></span> <span class='ocrx_word' id='word_1_212' title='bbox 2604 1573 2647 1625; x_wconf 86' lang='lat' dir='ltr'><strong>si</strong></span> <span class='ocrx_word' id='word_1_213' title='bbox 2699 1572 2889 1624; x_wconf 84' lang='lat' dir='ltr'><strong>falsum</strong></span> <span class='ocrx_word' id='word_1_214' title='bbox 2940 1585 3056 1623; x_wconf 90' lang='lat' dir='ltr'><strong>sum</strong></span> <span class='ocrx_word' id='word_1_215' title='bbox 3122 1569 3331 1630; x_wconf 89' lang='lat' dir='ltr'><strong>locuta;</strong></span> <span class='ocrx_word' id='word_1_216' title='bbox 3395 1564 3478 1617; x_wconf 88' lang='lat' dir='ltr'><strong>vel</strong></span> 
     </span>
    </p>
   </div>
   <div class='ocr_carea' id='block_1_31' title="bbox 1937 1655 3485 1731">
    <p class='ocr_par' dir='ltr' id='par_1_31' title="bbox 1937 1655 3485 1731">
     <span class='ocr_line' id='line_1_31' title="bbox 1937 1655 3485 1731; baseline -0.006 -17"><span class='ocrx_word' id='word_1_217' title='bbox 1937 1664 2163 1728; x_wconf 85' lang='lat' dir='ltr'><strong>teipsum</strong></span> <span class='ocrx_word' id='word_1_218' title='bbox 2197 1663 2416 1731; x_wconf 87' lang='lat' dir='ltr'><strong>castiga,</strong></span> <span class='ocrx_word' id='word_1_219' title='bbox 2452 1662 2773 1715; x_wconf 89' lang='lat' dir='ltr'><strong>subeuntem</strong></span> <span class='ocrx_word' id='word_1_220' title='bbox 2812 1660 3100 1729; x_wconf 85' lang='lat' dir='ltr'><strong>judicium.</strong></span> <span class='ocrx_word' id='word_1_221' title='bbox 3133 1657 3276 1711; x_wconf 82' lang='lat' dir='ltr'><strong>Dixit</strong></span> <span class='ocrx_word' id='word_1_222' title='bbox 3306 1655 3485 1708; x_wconf 79' lang='lat' dir='ltr'><strong>Alma-</strong></span> 
     </span>
    </p>
   </div>
   <div class='ocr_carea' id='block_1_32' title="bbox 1940 1745 3481 1821">
    <p class='ocr_par' dir='ltr' id='par_1_32' title="bbox 1940 1745 3481 1821">
     <span class='ocr_line' id='line_1_32' title="bbox 1940 1745 3481 1821; baseline -0.006 -16"><span class='ocrx_word' id='word_1_223' title='bbox 1940 1754 2097 1805; x_wconf 89' lang='lat' dir='ltr'><strong>chius</strong></span> <span class='ocrx_word' id='word_1_224' title='bbox 2150 1754 2437 1819; x_wconf 73' lang='lat' dir='ltr'><strong>praefectus</strong></span> <span class='ocrx_word' id='word_1_225' title='bbox 2482 1753 2768 1821; x_wconf 90' lang='lat' dir='ltr'><strong>:lgnoras,</strong></span> <span class='ocrx_word' id='word_1_226' title='bbox 2839 1750 2981 1819; x_wconf 92' lang='lat' dir='ltr'><strong>quod</strong></span> <span class='ocrx_word' id='word_1_227' title='bbox 3038 1748 3245 1802; x_wconf 90' lang='lat' dir='ltr'><strong>domini</strong></span> <span class='ocrx_word' id='word_1_228' title='bbox 3299 1745 3481 1800; x_wconf 84' lang='lat' dir='ltr'><strong>invicti</strong></span> 
     </span>
    </p>
   </div>
   <div class='ocr_carea' id='block_1_33' title="bbox 277 1819 3486 1912">
    <p class='ocr_par' dir='ltr' id='par_1_33' title="bbox 277 1819 3486 1912">
     <span class='ocr_line' id='line_1_33' title="bbox 277 1819 3486 1912; baseline -0.002 -20"><span class='ocrx_word' id='word_1_229' title='bbox 277 1841 564 1893; x_wconf 80' lang='lat' dir='ltr'><strong>vobiscum</strong></span> <span class='ocrx_word' id='word_1_230' title='bbox 610 1842 865 1897; x_wconf 81' lang='lat' dir='ltr'><strong>faceretis</strong></span> <span class='ocrx_word' id='word_1_231' title='bbox 915 1844 1181 1897; x_wconf 87' lang='lat' dir='ltr'><strong>currere?</strong></span> <span class='ocrx_word' id='word_1_232' title='bbox 1238 1844 1291 1896; x_wconf 90' lang='lat' dir='ltr'><strong>Si</strong></span> <span class='ocrx_word' id='word_1_233' title='bbox 1348 1844 1469 1911; x_wconf 89' lang='lat' dir='ltr'><strong>quis</strong></span> <span class='ocrx_word' id='word_1_234' title='bbox 1514 1853 1695 1898; x_wconf 88' lang='lat' dir='ltr'><strong>autem</strong></span> <span class='ocrx_word' id='word_1_235' title='bbox 1743 1860 1837 1898; x_wconf 91' lang='lat' dir='ltr'><strong>vos</strong></span> <span class='ocrx_word' id='word_1_236' title='bbox 1867 1819 1908 1873; x_wconf 72' lang='grc' dir='ltr'>Β</span> <span class='ocrx_word' id='word_1_237' title='bbox 1942 1844 2294 1912; x_wconf 86' lang='lat' dir='ltr'><strong>imperatores</strong></span> <span class='ocrx_word' id='word_1_238' title='bbox 2334 1844 2611 1911; x_wconf 81' lang='lat' dir='ltr'><strong>jusserunt</strong></span> <span class='ocrx_word' id='word_1_239' title='bbox 2672 1852 2731 1895; x_wconf 90' lang='lat' dir='ltr'><strong>ut</strong></span> <span class='ocrx_word' id='word_1_240' title='bbox 2770 1841 2860 1910; x_wconf 91' lang='lat' dir='ltr'><strong>qui</strong></span> <span class='ocrx_word' id='word_1_241' title='bbox 2904 1855 3011 1893; x_wconf 92' lang='lat' dir='ltr'><strong>non</strong></span> <span class='ocrx_word' id='word_1_242' title='bbox 3060 1836 3376 1907; x_wconf 81' lang='lat' dir='ltr'><strong>negaverint</strong></span> <span class='ocrx_word' id='word_1_243' title='bbox 3428 1851 3486 1887; x_wconf 88' lang='lat' dir='ltr'><strong>se</strong></span> 
     </span>
    </p>
   </div>
   <div class='ocr_carea' id='block_1_34' title="bbox 288 1933 1841 1995">
    <p class='ocr_par' dir='ltr' id='par_1_34' title="bbox 288 1933 1841 1995">
     <span class='ocr_line' id='line_1_34' title="bbox 288 1933 1841 1995; baseline 0.006 -13"><span class='ocrx_word' id='word_1_244' title='bbox 288 1940 573 1983; x_wconf 81' lang='lat' dir='ltr'><strong>currentes</strong></span> <span class='ocrx_word' id='word_1_245' title='bbox 629 1942 935 1995; x_wconf 89' lang='lat' dir='ltr'><strong>averteret,</strong></span> <span class='ocrx_word' id='word_1_246' title='bbox 969 1933 1201 1986; x_wconf 91' lang='lat' dir='ltr'><strong>dicendo</strong></span> <span class='ocrx_word' id='word_1_247' title='bbox 1234 1949 1329 1986; x_wconf 91' lang='lat' dir='ltr'><strong>vos</strong></span> <span class='ocrx_word' id='word_1_248' title='bbox 1358 1934 1621 1989; x_wconf 89' lang='lat' dir='ltr'><strong>inutiliter</strong></span> <span class='ocrx_word' id='word_1_249' title='bbox 1654 1952 1841 1992; x_wconf 88' lang='lat' dir='ltr'><strong>omnes</strong></span> 
     </span>
    </p>
   </div>
   <div class='ocr_carea' id='block_1_35' title="bbox 290 2026 1842 2087">
    <p class='ocr_par' dir='ltr' id='par_1_35' title="bbox 290 2026 1842 2087">
     <span class='ocr_line' id='line_1_35' title="bbox 290 2026 1842 2087; baseline 0.008 -17"><span class='ocrx_word' id='word_1_250' title='bbox 290 2032 496 2074; x_wconf 81' lang='lat' dir='ltr'><strong>vestros</strong></span> <span class='ocrx_word' id='word_1_251' title='bbox 548 2037 794 2076; x_wconf 85' lang='lat' dir='ltr'><strong>nummos</strong></span> <span class='ocrx_word' id='word_1_252' title='bbox 854 2039 969 2077; x_wconf 85' lang='lat' dir='ltr'><strong>esse</strong></span> <span class='ocrx_word' id='word_1_253' title='bbox 1017 2026 1267 2087; x_wconf 88' lang='lat' dir='ltr'><strong>daturos,</strong></span> <span class='ocrx_word' id='word_1_254' title='bbox 1323 2042 1451 2078; x_wconf 91' lang='lat' dir='ltr'><strong>num</strong></span> <span class='ocrx_word' id='word_1_255' title='bbox 1514 2042 1607 2079; x_wconf 87' lang='lat' dir='ltr'><strong>eos</strong></span> <span class='ocrx_word' id='word_1_256' title='bbox 1653 2030 1842 2082; x_wconf 88' lang='lat' dir='ltr'><strong>essetis</strong></span> 
     </span>
    </p>
   </div>
   <div class='ocr_carea' id='block_1_36' title="bbox 285 2110 1840 2185">
    <p class='ocr_par' dir='ltr' id='par_1_36' title="bbox 285 2110 1840 2185">
     <span class='ocr_line' id='line_1_36' title="bbox 285 2110 1840 2185; baseline 0.009 -24"><span class='ocrx_word' id='word_1_257' title='bbox 285 2110 501 2163; x_wconf 84' lang='lat' dir='ltr'><strong>irrisuri</strong></span> <span class='ocrx_word' id='word_1_258' title='bbox 538 2120 597 2163; x_wconf 90' lang='lat' dir='ltr'><strong>ut</strong></span> <span class='ocrx_word' id='word_1_259' title='bbox 625 2114 955 2179; x_wconf 77' lang='lat' dir='ltr'><strong>ignorantes.</strong></span> <span class='ocrx_word' id='word_1_260' title='bbox 991 2126 1046 2170; x_wconf 91' lang='lat' dir='ltr'><strong>et</strong></span> <span class='ocrx_word' id='word_1_261' title='bbox 1096 2118 1186 2184; x_wconf 88' lang='lat' dir='ltr'><strong>qui</strong></span> <span class='ocrx_word' id='word_1_262' title='bbox 1237 2116 1370 2169; x_wconf 86' lang='lat' dir='ltr'><strong>nihil</strong></span> <span class='ocrx_word' id='word_1_263' title='bbox 1407 2129 1793 2185; x_wconf 78' lang='lat' dir='ltr'><strong>cognoscerent</strong></span> <span class='ocrx_word' id='word_1_264' title='bbox 1825 2137 1840 2175; x_wconf 72' lang='grc' dir='ltr'>ε</span> 
     </span>
    </p>
   </div>
   <div class='ocr_carea' id='block_1_37' title="bbox 286 2206 1842 2281">
    <p class='ocr_par' dir='ltr' id='par_1_37' title="bbox 286 2206 1842 2281">
     <span class='ocr_line' id='line_1_37' title="bbox 286 2206 1842 2281; baseline 0.012 -30"><span class='ocrx_word' id='word_1_265' title='bbox 286 2217 383 2256; x_wconf 87' lang='lat' dir='ltr'><strong>vos</strong></span> <span class='ocrx_word' id='word_1_266' title='bbox 412 2213 592 2258; x_wconf 90' lang='lat' dir='ltr'><strong>autem</strong></span> <span class='ocrx_word' id='word_1_267' title='bbox 630 2206 733 2259; x_wconf 73' lang='lat' dir='ltr'><strong>laeti</strong></span> <span class='ocrx_word' id='word_1_268' title='bbox 764 2210 1077 2273; x_wconf 85' lang='lat' dir='ltr'><strong>curreretis,</strong></span> <span class='ocrx_word' id='word_1_269' title='bbox 1112 2212 1254 2279; x_wconf 87' lang='lat' dir='ltr'><strong>quod</strong></span> <span class='ocrx_word' id='word_1_270' title='bbox 1280 2227 1399 2265; x_wconf 92' lang='lat' dir='ltr'><strong>eum</strong></span> <span class='ocrx_word' id='word_1_271' title='bbox 1437 2215 1674 2281; x_wconf 89' lang='lat' dir='ltr'><strong>pretioso</strong></span> <span class='ocrx_word' id='word_1_272' title='bbox 1710 2232 1842 2270; x_wconf 90' lang='lat' dir='ltr'><strong>auro</strong></span> 
     </span>
    </p>
   </div>
   <div class='ocr_carea' id='block_1_38' title="bbox 282 2297 1841 2374">
    <p class='ocr_par' dir='ltr' id='par_1_38' title="bbox 282 2297 1841 2374">
     <span class='ocr_line' id='line_1_38' title="bbox 282 2297 1841 2374; baseline 0.007 -26"><span class='ocrx_word' id='word_1_273' title='bbox 282 2297 482 2350; x_wconf 85' lang='lat' dir='ltr'><strong>essetis</strong></span> <span class='ocrx_word' id='word_1_274' title='bbox 528 2301 885 2364; x_wconf 91' lang='lat' dir='ltr'><strong>permutaturi</strong></span> <span class='ocrx_word' id='word_1_275' title='bbox 918 2317 991 2354; x_wconf 61' lang='lat' dir='ltr'><strong>res</strong></span> <span class='ocrx_word' id='word_1_276' title='bbox 1033 2303 1363 2365; x_wconf 82' lang='lat' dir='ltr'><strong>miserabile,</strong></span> <span class='ocrx_word' id='word_1_277' title='bbox 1410 2314 1464 2356; x_wconf 79' lang='lat' dir='ltr'><strong>et</strong></span> <span class='ocrx_word' id='word_1_278' title='bbox 1507 2320 1613 2358; x_wconf 90' lang='lat' dir='ltr'><strong>non</strong></span> <span class='ocrx_word' id='word_1_279' title='bbox 1665 2307 1841 2374; x_wconf 82' lang='lat' dir='ltr'><strong>magni</strong></span> 
     </span>
    </p>
   </div>
   <div class='ocr_carea' id='block_1_39' title="bbox 286 2379 1843 2466">
    <p class='ocr_par' dir='ltr' id='par_1_39' title="bbox 286 2379 1843 2466">
     <span class='ocr_line' id='line_1_39' title="bbox 286 2379 1843 2466; baseline 0.009 -30"><span class='ocrx_word' id='word_1_280' title='bbox 286 2387 489 2453; x_wconf 78' lang='lat' dir='ltr'><strong>pretii?</strong></span> <span class='ocrx_word' id='word_1_281' title='bbox 521 2379 587 2440; x_wconf 77' lang='lat' dir='ltr'><strong>Et</strong></span> <span class='ocrx_word' id='word_1_282' title='bbox 637 2406 733 2442; x_wconf 89' lang='lat' dir='ltr'><strong>vos</strong></span> <span class='ocrx_word' id='word_1_283' title='bbox 772 2391 987 2459; x_wconf 89' lang='lat' dir='ltr'><strong>quidem</strong></span> <span class='ocrx_word' id='word_1_284' title='bbox 1036 2394 1246 2461; x_wconf 89' lang='lat' dir='ltr'><strong>pondus</strong></span> <span class='ocrx_word' id='word_1_285' title='bbox 1296 2410 1393 2463; x_wconf 86' lang='lat' dir='ltr'><strong>pro</strong></span> <span class='ocrx_word' id='word_1_286' title='bbox 1440 2397 1677 2462; x_wconf 88' lang='lat' dir='ltr'><strong>pondere</strong></span> <span class='ocrx_word' id='word_1_287' title='bbox 1714 2414 1843 2466; x_wconf 89' lang='lat' dir='ltr'><strong>gau-</strong></span> 
     </span>
    </p>
   </div>
   <div class='ocr_carea' id='block_1_40' title="bbox 287 2476 1845 2555">
    <p class='ocr_par' dir='ltr' id='par_1_40' title="bbox 287 2476 1845 2555">
     <span class='ocr_line' id='line_1_40' title="bbox 287 2476 1845 2555; baseline 0.008 -27"><span class='ocrx_word' id='word_1_288' title='bbox 287 2476 430 2529; x_wconf 85' lang='lat' dir='ltr'><strong>detis</strong></span> <span class='ocrx_word' id='word_1_289' title='bbox 478 2479 752 2546; x_wconf 87' lang='lat' dir='ltr'><strong>accipere;</strong></span> <span class='ocrx_word' id='word_1_290' title='bbox 802 2480 943 2535; x_wconf 90' lang='lat' dir='ltr'><strong>Deus</strong></span> <span class='ocrx_word' id='word_1_291' title='bbox 980 2493 1161 2537; x_wconf 89' lang='lat' dir='ltr'><strong>autem</strong></span> <span class='ocrx_word' id='word_1_292' title='bbox 1212 2501 1317 2537; x_wconf 94' lang='lat' dir='ltr'><strong>non</strong></span> <span class='ocrx_word' id='word_1_293' title='bbox 1354 2486 1445 2537; x_wconf 85' lang='lat' dir='ltr'><strong>dat</strong></span> <span class='ocrx_word' id='word_1_294' title='bbox 1493 2487 1699 2553; x_wconf 88' lang='lat' dir='ltr'><strong>pondus</strong></span> <span class='ocrx_word' id='word_1_295' title='bbox 1748 2504 1845 2555; x_wconf 85' lang='lat' dir='ltr'><strong>pro</strong></span> 
     </span>
    </p>
   </div>
   <div class='ocr_carea' id='block_1_41' title="bbox 289 2567 1842 2646">
    <p class='ocr_par' dir='ltr' id='par_1_41' title="bbox 289 2567 1842 2646">
     <span class='ocr_line' id='line_1_41' title="bbox 289 2567 1842 2646; baseline 0.009 -28"><span class='ocrx_word' id='word_1_296' title='bbox 289 2567 554 2633; x_wconf 86' lang='lat' dir='ltr'><strong>pondere,</strong></span> <span class='ocrx_word' id='word_1_297' title='bbox 588 2571 678 2622; x_wconf 91' lang='lat' dir='ltr'><strong>sed</strong></span> <span class='ocrx_word' id='word_1_298' title='bbox 702 2574 900 2640; x_wconf 90' lang='lat' dir='ltr'><strong>accipit</strong></span> <span class='ocrx_word' id='word_1_299' title='bbox 930 2574 1205 2641; x_wconf 86' lang='lat' dir='ltr'><strong>simplum.</strong></span> <span class='ocrx_word' id='word_1_300' title='bbox 1233 2585 1286 2628; x_wconf 92' lang='lat' dir='ltr'><strong>et</strong></span> <span class='ocrx_word' id='word_1_301' title='bbox 1311 2578 1487 2629; x_wconf 87' lang='lat' dir='ltr'><strong>reddit</strong></span> <span class='ocrx_word' id='word_1_302' title='bbox 1509 2578 1842 2646; x_wconf 89' lang='lat' dir='ltr'><strong>centuplum;</strong></span> 
     </span>
    </p>
   </div>
   <div class='ocr_carea' id='block_1_42' title="bbox 289 2664 1475 2733">
    <p class='ocr_par' dir='ltr' id='par_1_42' title="bbox 289 2664 1475 2733">
     <span class='ocr_line' id='line_1_42' title="bbox 289 2664 1475 2733; baseline 0.011 -26"><span class='ocrx_word' id='word_1_303' title='bbox 289 2669 546 2724; x_wconf 70' lang='lat' dir='ltr'><strong>praeterea</strong></span> <span class='ocrx_word' id='word_1_304' title='bbox 589 2676 715 2713; x_wconf 87' lang='lat' dir='ltr'><strong>vero</strong></span> <span class='ocrx_word' id='word_1_305' title='bbox 746 2664 909 2716; x_wconf 82' lang='lat' dir='ltr'><strong>vitam</strong></span> <span class='ocrx_word' id='word_1_306' title='bbox 949 2680 1165 2733; x_wconf 90' lang='lat' dir='ltr'><strong>quoque</strong></span> <span class='ocrx_word' id='word_1_307' title='bbox 1197 2677 1475 2720; x_wconf 82' lang='lat' dir='ltr'><strong>a:ternam.</strong></span> 
     </span>
    </p>
   </div>
   <div class='ocr_carea' id='block_1_43' title="bbox 363 2749 1843 2816">
    <p class='ocr_par' dir='ltr' id='par_1_43' title="bbox 363 2749 1843 2816">
     <span class='ocr_line' id='line_1_43' title="bbox 363 2749 1843 2816; baseline 0.01 -15"><span class='ocrx_word' id='word_1_308' title='bbox 363 2749 547 2804; x_wconf 73' lang='lat' dir='ltr'><strong>XXIII.</strong></span> <span class='ocrx_word' id='word_1_309' title='bbox 580 2749 712 2804; x_wconf 88' lang='lat' dir='ltr'><strong>Cum</strong></span> <span class='ocrx_word' id='word_1_310' title='bbox 745 2753 857 2806; x_wconf 61' lang='lat' dir='ltr'><strong>hinc</strong></span> <span class='ocrx_word' id='word_1_311' title='bbox 886 2764 1066 2809; x_wconf 87' lang='lat' dir='ltr'><strong>autem</strong></span> <span class='ocrx_word' id='word_1_312' title='bbox 1091 2758 1233 2810; x_wconf 90' lang='lat' dir='ltr'><strong>dicta</strong></span> <span class='ocrx_word' id='word_1_313' title='bbox 1264 2768 1496 2813; x_wconf 87' lang='lat' dir='ltr'><strong>essenta</strong></span> <span class='ocrx_word' id='word_1_314' title='bbox 1529 2761 1679 2814; x_wconf 86' lang='lat' dir='ltr'><strong>beata</strong></span> <span class='ocrx_word' id='word_1_315' title='bbox 1727 2763 1843 2816; x_wconf 75' lang='lat' dir='ltr'><strong>Cae-</strong></span> 
     </span>
    </p>
   </div>
   <div class='ocr_carea' id='block_1_44' title="bbox 291 2840 1848 2920">
    <p class='ocr_par' dir='ltr' id='par_1_44' title="bbox 291 2840 1848 2920">
     <span class='ocr_line' id='line_1_44' title="bbox 291 2840 1848 2920; baseline 0.009 -29"><span class='ocrx_word' id='word_1_316' title='bbox 291 2840 437 2902; x_wconf 85' lang='lat' dir='ltr'><strong>cilia,</strong></span> <span class='ocrx_word' id='word_1_317' title='bbox 468 2843 710 2895; x_wconf 77' lang='lat' dir='ltr'><strong>ascendit</strong></span> <span class='ocrx_word' id='word_1_318' title='bbox 738 2859 899 2909; x_wconf 87' lang='lat' dir='ltr'><strong>supra</strong></span> <span class='ocrx_word' id='word_1_319' title='bbox 928 2856 1153 2912; x_wconf 88' lang='lat' dir='ltr'><strong>petram,</strong></span> <span class='ocrx_word' id='word_1_320' title='bbox 1182 2863 1301 2914; x_wconf 71' lang='lat' dir='ltr'><strong>qua:</strong></span> <span class='ocrx_word' id='word_1_321' title='bbox 1350 2860 1464 2901; x_wconf 86' lang='lat' dir='ltr'><strong>erat</strong></span> <span class='ocrx_word' id='word_1_322' title='bbox 1491 2866 1655 2919; x_wconf 89' lang='lat' dir='ltr'><strong>prope</strong></span> <span class='ocrx_word' id='word_1_323' title='bbox 1686 2855 1848 2920; x_wconf 85' lang='lat' dir='ltr'><strong>pedes</strong></span> 
     </span>
    </p>
   </div>
   <div class='ocr_carea' id='block_1_45' title="bbox 291 2930 1847 3007">
    <p class='ocr_par' dir='ltr' id='par_1_45' title="bbox 291 2930 1847 3007">
     <span class='ocr_line' id='line_1_45' title="bbox 291 2930 1847 3007; baseline 0.01 -26"><span class='ocrx_word' id='word_1_324' title='bbox 291 2930 434 2996; x_wconf 81' lang='lat' dir='ltr'><strong>ejus,</strong></span> <span class='ocrx_word' id='word_1_325' title='bbox 504 2941 560 2983; x_wconf 92' lang='lat' dir='ltr'><strong>et</strong></span> <span class='ocrx_word' id='word_1_326' title='bbox 604 2931 735 2984; x_wconf 88' lang='lat' dir='ltr'><strong>dicit</strong></span> <span class='ocrx_word' id='word_1_327' title='bbox 784 2936 1087 2988; x_wconf 87' lang='lat' dir='ltr'><strong>omnibus:</strong></span> <span class='ocrx_word' id='word_1_328' title='bbox 1147 2938 1381 2992; x_wconf 75' lang='lat' dir='ltr'><strong>Creditis</strong></span> <span class='ocrx_word' id='word_1_329' title='bbox 1431 2954 1513 2999; x_wconf 87' lang='lat' dir='ltr'><strong>ea,</strong></span> <span class='ocrx_word' id='word_1_330' title='bbox 1560 2957 1677 3007; x_wconf 78' lang='lat' dir='ltr'><strong>qua:</strong></span> <span class='ocrx_word' id='word_1_331' title='bbox 1739 2942 1847 2995; x_wconf 82' lang='lat' dir='ltr'><strong>dixi</strong></span> 
     </span>
    </p>
   </div>
   <div class='ocr_carea' id='block_1_46' title="bbox 292 3019 1847 3083">
    <p class='ocr_par' dir='ltr' id='par_1_46' title="bbox 292 3019 1847 3083">
     <span class='ocr_line' id='line_1_46' title="bbox 292 3019 1847 3083; baseline 0.01 -15"><span class='ocrx_word' id='word_1_332' title='bbox 292 3019 489 3071; x_wconf 85' lang='lat' dir='ltr'><strong>vobis?</strong></span> <span class='ocrx_word' id='word_1_333' title='bbox 523 3020 604 3072; x_wconf 77' lang='lat' dir='ltr'><strong>lili</strong></span> <span class='ocrx_word' id='word_1_334' title='bbox 638 3032 814 3073; x_wconf 88' lang='lat' dir='ltr'><strong>autem</strong></span> <span class='ocrx_word' id='word_1_335' title='bbox 844 3038 946 3075; x_wconf 93' lang='lat' dir='ltr'><strong>una</strong></span> <span class='ocrx_word' id='word_1_336' title='bbox 975 3039 1103 3077; x_wconf 87' lang='lat' dir='ltr'><strong>voce</strong></span> <span class='ocrx_word' id='word_1_337' title='bbox 1132 3024 1388 3078; x_wconf 83' lang='lat' dir='ltr'><strong>dixerunt</strong></span> <span class='ocrx_word' id='word_1_338' title='bbox 1421 3042 1609 3081; x_wconf 87' lang='lat' dir='ltr'><strong>omnes</strong></span> <span class='ocrx_word' id='word_1_339' title='bbox 1648 3046 1659 3080; x_wconf 87' lang='lat'><strong>:</strong></span> <span class='ocrx_word' id='word_1_340' title='bbox 1687 3028 1847 3083; x_wconf 88' lang='lat' dir='ltr'><strong>Certe</strong></span> 
     </span>
    </p>
   </div>
   <div class='ocr_carea' id='block_1_47' title="bbox 1940 1928 3483 2002">
    <p class='ocr_par' dir='ltr' id='par_1_47' title="bbox 1940 1928 3483 2002">
     <span class='ocr_line' id='line_1_47' title="bbox 1940 1928 3483 2002; baseline -0.006 -13"><span class='ocrx_word' id='word_1_341' title='bbox 1940 1951 2057 1990; x_wconf 86' lang='lat' dir='ltr'><strong>esse</strong></span> <span class='ocrx_word' id='word_1_342' title='bbox 2080 1934 2435 1996; x_wconf 84' lang='lat' dir='ltr'><strong>Christianos,</strong></span> <span class='ocrx_word' id='word_1_343' title='bbox 2466 1933 2760 2002; x_wconf 85' lang='lat' dir='ltr'><strong>puniantur</strong></span> <span class='ocrx_word' id='word_1_344' title='bbox 2786 1932 2911 1999; x_wconf 87' lang='lat' dir='ltr'><strong>;qui</strong></span> <span class='ocrx_word' id='word_1_345' title='bbox 2942 1940 3121 1984; x_wconf 89' lang='lat' dir='ltr'><strong>autem</strong></span> <span class='ocrx_word' id='word_1_346' title='bbox 3146 1928 3483 1998; x_wconf 87' lang='lat' dir='ltr'><strong>negaverint.</strong></span> 
     </span>
    </p>
   </div>
   <div class='ocr_carea' id='block_1_48' title="bbox 1940 2021 3489 2081">
    <p class='ocr_par' dir='ltr' id='par_1_48' title="bbox 1940 2021 3489 2081">
     <span class='ocr_line' id='line_1_48' title="bbox 1940 2021 3489 2081; baseline -0.008 0"><span class='ocrx_word' id='word_1_347' title='bbox 1940 2027 2304 2081; x_wconf 84' lang='lat' dir='ltr'><strong>dimittantur.</strong></span> <span class='ocrx_word' id='word_1_348' title='bbox 2332 2026 2476 2079; x_wconf 91' lang='lat' dir='ltr'><strong>Dixit</strong></span> <span class='ocrx_word' id='word_1_349' title='bbox 2514 2034 2693 2080; x_wconf 91' lang='lat' dir='ltr'><strong>sancta</strong></span> <span class='ocrx_word' id='word_1_350' title='bbox 2729 2022 2940 2077; x_wconf 59' lang='lat' dir='ltr'><strong>Caecilia</strong></span> <span class='ocrx_word' id='word_1_351' title='bbox 2975 2042 2987 2074; x_wconf 86' lang='lat'><strong>:</strong></span> <span class='ocrx_word' id='word_1_352' title='bbox 3016 2023 3104 2076; x_wconf 87' lang='lat' dir='ltr'><strong>Sic</strong></span> <span class='ocrx_word' id='word_1_353' title='bbox 3128 2021 3302 2075; x_wconf 85' lang='lat' dir='ltr'><strong>vestri</strong></span> <span class='ocrx_word' id='word_1_354' title='bbox 3352 2035 3489 2073; x_wconf 68' lang='lat' dir='ltr'><strong>sem.</strong></span> 
     </span>
    </p>
   </div>
   <div class='ocr_carea' id='block_1_49' title="bbox 1943 2110 3480 2185">
    <p class='ocr_par' dir='ltr' id='par_1_49' title="bbox 1943 2110 3480 2185">
     <span class='ocr_line' id='line_1_49' title="bbox 1943 2110 3480 2185; baseline -0.007 -15"><span class='ocrx_word' id='word_1_355' title='bbox 1943 2134 2036 2185; x_wconf 90' lang='lat' dir='ltr'><strong>per</strong></span> <span class='ocrx_word' id='word_1_356' title='bbox 2051 2120 2623 2185; x_wconf 79' lang='lat' dir='ltr'><strong>errantimperatorcs,</strong></span> <span class='ocrx_word' id='word_1_357' title='bbox 2654 2116 2969 2169; x_wconf 85' lang='lat' dir='ltr'><strong>sicutetiam</strong></span> <span class='ocrx_word' id='word_1_358' title='bbox 2997 2123 3174 2168; x_wconf 87' lang='lat' dir='ltr'><strong>vestra</strong></span> <span class='ocrx_word' id='word_1_359' title='bbox 3195 2110 3480 2166; x_wconf 78' lang='lat' dir='ltr'><strong>celsitudo.</strong></span> 
     </span>
    </p>
   </div>
   <div class='ocr_carea' id='block_1_50' title="bbox 1941 2201 3479 2277">
    <p class='ocr_par' dir='ltr' id='par_1_50' title="bbox 1941 2201 3479 2277">
     <span class='ocr_line' id='line_1_50' title="bbox 1941 2201 3479 2277; baseline -0.008 -14"><span class='ocrx_word' id='word_1_360' title='bbox 1941 2209 2071 2263; x_wconf 85' lang='lat' dir='ltr'><strong>Nam</strong></span> <span class='ocrx_word' id='word_1_361' title='bbox 2116 2224 2233 2277; x_wconf 64' lang='lat' dir='ltr'><strong>qua:</strong></span> <span class='ocrx_word' id='word_1_362' title='bbox 2266 2207 2332 2261; x_wconf 85' lang='lat' dir='ltr'><strong>ab</strong></span> <span class='ocrx_word' id='word_1_363' title='bbox 2368 2207 2500 2275; x_wconf 85' lang='lat' dir='ltr'><strong>ipsis</strong></span> <span class='ocrx_word' id='word_1_364' title='bbox 2534 2206 2800 2275; x_wconf 88' lang='lat' dir='ltr'><strong>processit</strong></span> <span class='ocrx_word' id='word_1_365' title='bbox 2830 2205 3124 2266; x_wconf 83' lang='lat' dir='ltr'><strong>sententia,</strong></span> <span class='ocrx_word' id='word_1_366' title='bbox 3145 2219 3241 2257; x_wconf 89' lang='lat' dir='ltr'><strong>vos</strong></span> <span class='ocrx_word' id='word_1_367' title='bbox 3261 2201 3479 2270; x_wconf 87' lang='lat' dir='ltr'><strong>quidem</strong></span> 
     </span>
    </p>
   </div>
   <div class='ocr_carea' id='block_1_51' title="bbox 1946 2288 3493 2363">
    <p class='ocr_par' dir='ltr' id='par_1_51' title="bbox 1946 2288 3493 2363">
     <span class='ocr_line' id='line_1_51' title="bbox 1946 2288 3493 2363; baseline -0.006 -12"><span class='ocrx_word' id='word_1_368' title='bbox 1946 2306 2134 2351; x_wconf 85' lang='lat' dir='ltr'><strong>testata</strong></span> <span class='ocrx_word' id='word_1_369' title='bbox 2164 2307 2246 2349; x_wconf 90' lang='lat' dir='ltr'><strong>est</strong></span> <span class='ocrx_word' id='word_1_370' title='bbox 2288 2312 2407 2350; x_wconf 88' lang='lat' dir='ltr'><strong>esse</strong></span> <span class='ocrx_word' id='word_1_371' title='bbox 2460 2295 2675 2363; x_wconf 90' lang='lat' dir='ltr'><strong>impios,</strong></span> <span class='ocrx_word' id='word_1_372' title='bbox 2729 2309 2831 2348; x_wconf 94' lang='lat' dir='ltr'><strong>nos</strong></span> <span class='ocrx_word' id='word_1_373' title='bbox 2874 2301 3053 2347; x_wconf 90' lang='lat' dir='ltr'><strong>autem</strong></span> <span class='ocrx_word' id='word_1_374' title='bbox 3085 2299 3202 2345; x_wconf 76' lang='lat' dir='ltr'><strong>esse</strong></span> <span class='ocrx_word' id='word_1_375' title='bbox 3254 2288 3493 2344; x_wconf 89' lang='lat' dir='ltr'><strong>ostendit</strong></span> 
     </span>
    </p>
   </div>
   <div class='ocr_carea' id='block_1_52' title="bbox 1945 2383 3478 2445">
    <p class='ocr_par' dir='ltr' id='par_1_52' title="bbox 1945 2383 3478 2445">
     <span class='ocr_line' id='line_1_52' title="bbox 1945 2383 3478 2445; baseline -0.005 -6"><span class='ocrx_word' id='word_1_376' title='bbox 1945 2389 2283 2439; x_wconf 89' lang='lat' dir='ltr'><strong>innocentes.</strong></span> <span class='ocrx_word' id='word_1_377' title='bbox 2319 2386 2373 2438; x_wconf 88' lang='lat' dir='ltr'><strong>Si</strong></span> <span class='ocrx_word' id='word_1_378' title='bbox 2400 2386 2543 2439; x_wconf 86' lang='lat' dir='ltr'><strong>enim</strong></span> <span class='ocrx_word' id='word_1_379' title='bbox 2572 2386 2771 2437; x_wconf 90' lang='lat' dir='ltr'><strong>malum</strong></span> <span class='ocrx_word' id='word_1_380' title='bbox 2811 2392 2952 2438; x_wconf 81' lang='lat' dir='ltr'><strong>esset</strong></span> <span class='ocrx_word' id='word_1_381' title='bbox 2982 2383 3083 2436; x_wconf 92' lang='lat' dir='ltr'><strong>hoc</strong></span> <span class='ocrx_word' id='word_1_382' title='bbox 3114 2396 3334 2445; x_wconf 90' lang='lat' dir='ltr'><strong>nomen,</strong></span> <span class='ocrx_word' id='word_1_383' title='bbox 3378 2396 3478 2433; x_wconf 92' lang='lat' dir='ltr'><strong>nos</strong></span> 
     </span>
    </p>
   </div>
   <div class='ocr_carea' id='block_1_53' title="bbox 1943 2469 3493 2543">
    <p class='ocr_par' dir='ltr' id='par_1_53' title="bbox 1943 2469 3493 2543">
     <span class='ocr_line' id='line_1_53' title="bbox 1943 2469 3493 2543; baseline -0.004 -15"><span class='ocrx_word' id='word_1_384' title='bbox 1943 2476 2158 2543; x_wconf 86' lang='lat' dir='ltr'><strong>quidem</strong></span> <span class='ocrx_word' id='word_1_385' title='bbox 2194 2475 2627 2543; x_wconf 89' lang='lat' dir='ltr'><strong>negavissemus.</strong></span> <span class='ocrx_word' id='word_1_386' title='bbox 2666 2475 2771 2527; x_wconf 89' lang='lat' dir='ltr'><strong>Vos</strong></span> <span class='ocrx_word' id='word_1_387' title='bbox 2821 2483 3023 2534; x_wconf 90' lang='lat' dir='ltr'><strong>autem,</strong></span> <span class='ocrx_word' id='word_1_388' title='bbox 3089 2482 3147 2525; x_wconf 90' lang='lat' dir='ltr'><strong>ut</strong></span> <span class='ocrx_word' id='word_1_389' title='bbox 3176 2486 3275 2524; x_wconf 89' lang='lat' dir='ltr'><strong>nos</strong></span> <span class='ocrx_word' id='word_1_390' title='bbox 3324 2469 3493 2523; x_wconf 51' lang='lat' dir='ltr'><strong>conflr</strong></span> 
     </span>
    </p>
   </div>
   <div class='ocr_carea' id='block_1_54' title="bbox 1945 2561 3490 2632">
    <p class='ocr_par' dir='ltr' id='par_1_54' title="bbox 1945 2561 3490 2632">
     <span class='ocr_line' id='line_1_54' title="bbox 1945 2561 3490 2632; baseline -0.003 -16"><span class='ocrx_word' id='word_1_391' title='bbox 1945 2575 2138 2625; x_wconf 85' lang='lat' dir='ltr'><strong>temur.</strong></span> <span class='ocrx_word' id='word_1_392' title='bbox 2172 2566 2393 2618; x_wconf 90' lang='lat' dir='ltr'><strong>omnino</strong></span> <span class='ocrx_word' id='word_1_393' title='bbox 2435 2565 2767 2632; x_wconf 85' lang='lat' dir='ltr'><strong>coegissetis.</strong></span> <span class='ocrx_word' id='word_1_394' title='bbox 2830 2563 2973 2616; x_wconf 82' lang='lat' dir='ltr'><strong>Dixit</strong></span> <span class='ocrx_word' id='word_1_395' title='bbox 3022 2563 3353 2631; x_wconf 64' lang='lat' dir='ltr'><strong>praefectus:</strong></span> <span class='ocrx_word' id='word_1_396' title='bbox 3387 2561 3490 2614; x_wconf 86' lang='lat' dir='ltr'><strong>Pro</strong></span> 
     </span>
    </p>
   </div>
   <div class='ocr_carea' id='block_1_55' title="bbox 1946 2651 3495 2723">
    <p class='ocr_par' dir='ltr' id='par_1_55' title="bbox 1946 2651 3495 2723">
     <span class='ocr_line' id='line_1_55' title="bbox 1946 2651 3495 2723; baseline -0.003 -17"><span class='ocrx_word' id='word_1_397' title='bbox 1946 2655 2144 2723; x_wconf 85' lang='lat' dir='ltr'><strong>pietate</strong></span> <span class='ocrx_word' id='word_1_398' title='bbox 2186 2670 2281 2709; x_wconf 86' lang='lat' dir='ltr'><strong>sua</strong></span> <span class='ocrx_word' id='word_1_399' title='bbox 2318 2656 2419 2709; x_wconf 88' lang='lat' dir='ltr'><strong>hoc</strong></span> <span class='ocrx_word' id='word_1_400' title='bbox 2455 2654 2744 2709; x_wconf 80' lang='lat' dir='ltr'><strong>valuerunt</strong></span> <span class='ocrx_word' id='word_1_401' title='bbox 2794 2664 3053 2716; x_wconf 80' lang='lat' dir='ltr'><strong>statuere,</strong></span> <span class='ocrx_word' id='word_1_402' title='bbox 3093 2662 3151 2705; x_wconf 90' lang='lat' dir='ltr'><strong>ut</strong></span> <span class='ocrx_word' id='word_1_403' title='bbox 3202 2667 3298 2706; x_wconf 87' lang='lat' dir='ltr'><strong>sua</strong></span> <span class='ocrx_word' id='word_1_404' title='bbox 3341 2651 3495 2704; x_wconf 87' lang='lat' dir='ltr'><strong>beni-</strong></span> 
     </span>
    </p>
   </div>
   <div class='ocr_carea' id='block_1_56' title="bbox 1950 2741 3493 2813">
    <p class='ocr_par' dir='ltr' id='par_1_56' title="bbox 1950 2741 3493 2813">
     <span class='ocr_line' id='line_1_56' title="bbox 1950 2741 3493 2813; baseline -0.002 -17"><span class='ocrx_word' id='word_1_405' title='bbox 1950 2746 2153 2813; x_wconf 84' lang='lat' dir='ltr'><strong>gnitate</strong></span> <span class='ocrx_word' id='word_1_406' title='bbox 2185 2746 2349 2798; x_wconf 88' lang='lat' dir='ltr'><strong>vitam</strong></span> <span class='ocrx_word' id='word_1_407' title='bbox 2386 2745 2659 2808; x_wconf 89' lang='lat' dir='ltr'><strong>donando,</strong></span> <span class='ocrx_word' id='word_1_408' title='bbox 2705 2746 2860 2799; x_wconf 89' lang='lat' dir='ltr'><strong>vobis</strong></span> <span class='ocrx_word' id='word_1_409' title='bbox 2920 2743 3312 2812; x_wconf 78' lang='lat' dir='ltr'><strong>gratificentur.</strong></span> <span class='ocrx_word' id='word_1_410' title='bbox 3350 2741 3493 2795; x_wconf 89' lang='lat' dir='ltr'><strong>Dixit</strong></span> 
     </span>
    </p>
   </div>
   <div class='ocr_carea' id='block_1_57' title="bbox 1949 2834 3497 2904">
    <p class='ocr_par' dir='ltr' id='par_1_57' title="bbox 1949 2834 3497 2904">
     <span class='ocr_line' id='line_1_57' title="bbox 1949 2834 3497 2904; baseline -0.002 -15"><span class='ocrx_word' id='word_1_411' title='bbox 1949 2846 2131 2891; x_wconf 88' lang='lat' dir='ltr'><strong>sancta</strong></span> <span class='ocrx_word' id='word_1_412' title='bbox 2156 2836 2368 2890; x_wconf 65' lang='lat' dir='ltr'><strong>Caecilia</strong></span> <span class='ocrx_word' id='word_1_413' title='bbox 2401 2855 2413 2889; x_wconf 90' lang='lat'><strong>:</strong></span> <span class='ocrx_word' id='word_1_414' title='bbox 2450 2836 2595 2890; x_wconf 87' lang='lat' dir='ltr'><strong>Nihil</strong></span> <span class='ocrx_word' id='word_1_415' title='bbox 2626 2846 2707 2890; x_wconf 91' lang='lat' dir='ltr'><strong>est</strong></span> <span class='ocrx_word' id='word_1_416' title='bbox 2737 2852 2900 2904; x_wconf 71' lang='lat' dir='ltr'><strong>atque</strong></span> <span class='ocrx_word' id='word_1_417' title='bbox 2931 2834 3331 2903; x_wconf 89' lang='lat' dir='ltr'><strong>impium,nihil</strong></span> <span class='ocrx_word' id='word_1_418' title='bbox 3368 2848 3497 2887; x_wconf 91' lang='lat' dir='ltr'><strong>vero</strong></span> 
     </span>
    </p>
   </div>
   <div class='ocr_carea' id='block_1_58' title="bbox 1954 2923 3494 2994">
    <p class='ocr_par' dir='ltr' id='par_1_58' title="bbox 1954 2923 3494 2994">
     <span class='ocr_line' id='line_1_58' title="bbox 1954 2923 3494 2994; baseline -0.001 -17"><span class='ocrx_word' id='word_1_419' title='bbox 1954 2936 2062 2978; x_wconf 90' lang='lat' dir='ltr'><strong>tam</strong></span> <span class='ocrx_word' id='word_1_420' title='bbox 2098 2926 2420 2980; x_wconf 76' lang='lat' dir='ltr'><strong>innocentia:</strong></span> <span class='ocrx_word' id='word_1_421' title='bbox 2446 2926 2752 2991; x_wconf 72' lang='lat' dir='ltr'><strong>inimicum,</strong></span> <span class='ocrx_word' id='word_1_422' title='bbox 2774 2942 2933 2994; x_wconf 88' lang='lat' dir='ltr'><strong>quam</strong></span> <span class='ocrx_word' id='word_1_423' title='bbox 2958 2925 3066 2980; x_wconf 89' lang='lat' dir='ltr'><strong>reis</strong></span> <span class='ocrx_word' id='word_1_424' title='bbox 3082 2925 3263 2983; x_wconf 87' lang='lat' dir='ltr'><strong>omnia</strong></span> <span class='ocrx_word' id='word_1_425' title='bbox 3296 2923 3494 2978; x_wconf 90' lang='lat' dir='ltr'><strong>inferre</strong></span> 
     </span>
    </p>
   </div>
   <div class='ocr_carea' id='block_1_59' title="bbox 1951 3015 3490 3084">
    <p class='ocr_par' dir='ltr' id='par_1_59' title="bbox 1951 3015 3490 3084">
     <span class='ocr_line' id='line_1_59' title="bbox 1951 3015 3490 3084; baseline -0.003 -16"><span class='ocrx_word' id='word_1_426' title='bbox 1951 3016 2213 3084; x_wconf 86' lang='lat' dir='ltr'><strong>supplicia</strong></span> <span class='ocrx_word' id='word_1_427' title='bbox 2242 3015 2309 3069; x_wconf 88' lang='lat' dir='ltr'><strong>ad</strong></span> <span class='ocrx_word' id='word_1_428' title='bbox 2341 3016 2461 3079; x_wconf 88' lang='lat' dir='ltr'><strong>hoc,</strong></span> <span class='ocrx_word' id='word_1_429' title='bbox 2496 3026 2555 3069; x_wconf 91' lang='lat' dir='ltr'><strong>ut</strong></span> <span class='ocrx_word' id='word_1_430' title='bbox 2592 3031 2742 3070; x_wconf 88' lang='lat' dir='ltr'><strong>suam</strong></span> <span class='ocrx_word' id='word_1_431' title='bbox 2772 3016 3009 3084; x_wconf 84' lang='lat' dir='ltr'><strong>iniquam</strong></span> <span class='ocrx_word' id='word_1_432' title='bbox 3062 3022 3331 3068; x_wconf 87' lang='lat' dir='ltr'><strong>testentur</strong></span> <span class='ocrx_word' id='word_1_433' title='bbox 3363 3028 3490 3081; x_wconf 88' lang='lat' dir='ltr'><strong>qua-</strong></span> 
     </span>
    </p>
   </div>
   <div class='ocr_carea' id='block_1_60' title="bbox 294 3104 1980 3199">
    <p class='ocr_par' dir='ltr' id='par_1_60' title="bbox 294 3108 1980 3199">
     <span class='ocr_line' id='line_1_60' title="bbox 294 3108 1980 3199; baseline 0.009 -38"><span class='ocrx_word' id='word_1_434' title='bbox 294 3110 571 3164; x_wconf 89' lang='lat' dir='ltr'><strong>credimus</strong></span> <span class='ocrx_word' id='word_1_435' title='bbox 602 3112 653 3163; x_wconf 91' lang='lat' dir='ltr'><strong>in</strong></span> <span class='ocrx_word' id='word_1_436' title='bbox 681 3113 956 3165; x_wconf 89' lang='lat' dir='ltr'><strong>Christum</strong></span> <span class='ocrx_word' id='word_1_437' title='bbox 987 3115 1181 3167; x_wconf 85' lang='lat' dir='ltr'><strong>Filium</strong></span> <span class='ocrx_word' id='word_1_438' title='bbox 1216 3116 1331 3177; x_wconf 91' lang='lat' dir='ltr'><strong>Dei,</strong></span> <span class='ocrx_word' id='word_1_439' title='bbox 1369 3133 1493 3170; x_wconf 91' lang='lat' dir='ltr'><strong>eum</strong></span> <span class='ocrx_word' id='word_1_440' title='bbox 1519 3135 1637 3173; x_wconf 90' lang='lat' dir='ltr'><strong>esse</strong></span> <span class='ocrx_word' id='word_1_441' title='bbox 1662 3137 1846 3175; x_wconf 90' lang='lat' dir='ltr'><strong>verum</strong></span> <span class='ocrx_word' id='word_1_442' title='bbox 1877 3143 1915 3199; x_wconf 75' lang='grc' dir='ltr'><em>ς</em></span> <span class='ocrx_word' id='word_1_443' title='bbox 1952 3108 1980 3158; x_wconf 64' lang='lat' dir='ltr'><strong>li</strong></span> 
     </span>
    </p>
   </div>
   <div class='ocr_carea' id='block_1_61' title="bbox 1813 3104 3499 3199">
    <p class='ocr_par' dir='ltr' id='par_1_61' title="bbox 1813 3104 3499 3199">
     <span class='ocr_line' id='line_1_61' title="bbox 1813 3104 3499 3199; baseline -0.002 -41"><span class='ocrx_word' id='word_1_444' title='bbox 1813 3139 1846 3175; x_wconf 77' lang='grc' dir='ltr'><strong>η</strong></span> <span class='ocrx_word' id='word_1_445' title='bbox 1877 3143 1915 3199; x_wconf 77' lang='lat' dir='ltr'>C</span> <span class='ocrx_word' id='word_1_446' title='bbox 1952 3108 2182 3167; x_wconf 89' lang='lat' dir='ltr'><strong>litatem,</strong></span> <span class='ocrx_word' id='word_1_447' title='bbox 2223 3114 2277 3158; x_wconf 91' lang='lat' dir='ltr'><strong>et</strong></span> <span class='ocrx_word' id='word_1_448' title='bbox 2312 3106 2378 3159; x_wconf 91' lang='lat' dir='ltr'><strong>de</strong></span> <span class='ocrx_word' id='word_1_449' title='bbox 2412 3121 2597 3160; x_wconf 91' lang='lat' dir='ltr'><strong>eorum</strong></span> <span class='ocrx_word' id='word_1_450' title='bbox 2661 3107 2713 3159; x_wconf 92' lang='lat' dir='ltr'><strong>in</strong></span> <span class='ocrx_word' id='word_1_451' title='bbox 2755 3105 3012 3174; x_wconf 86' lang='lat' dir='ltr'><strong>mysterio</strong></span> <span class='ocrx_word' id='word_1_452' title='bbox 3035 3106 3201 3158; x_wconf 77' lang='lat' dir='ltr'><strong>sociis</strong></span> <span class='ocrx_word' id='word_1_453' title='bbox 3247 3104 3499 3173; x_wconf 83' lang='lat' dir='ltr'><strong>gravissi-</strong></span> 
     </span>
    </p>
   </div>
   <div class='ocr_carea' id='block_1_62' title="bbox 298 3200 1847 3266">
    <p class='ocr_par' dir='ltr' id='par_1_62' title="bbox 298 3200 1847 3266">
     <span class='ocr_line' id='line_1_62' title="bbox 298 3200 1847 3266; baseline 0.008 -15"><span class='ocrx_word' id='word_1_454' title='bbox 298 3200 467 3251; x_wconf 88' lang='lat' dir='ltr'><strong>Deum</strong></span> <span class='ocrx_word' id='word_1_455' title='bbox 503 3201 592 3266; x_wconf 91' lang='lat' dir='ltr'><strong>qui</strong></span> <span class='ocrx_word' id='word_1_456' title='bbox 621 3208 669 3252; x_wconf 92' lang='lat' dir='ltr'><strong>te</strong></span> <span class='ocrx_word' id='word_1_457' title='bbox 704 3203 858 3254; x_wconf 91' lang='lat' dir='ltr'><strong>talem</strong></span> <span class='ocrx_word' id='word_1_458' title='bbox 896 3204 1053 3255; x_wconf 81' lang='lat' dir='ltr'><strong>habet</strong></span> <span class='ocrx_word' id='word_1_459' title='bbox 1084 3204 1355 3258; x_wconf 85' lang='lat' dir='ltr'><strong>ancillam.</strong></span> <span class='ocrx_word' id='word_1_460' title='bbox 1397 3207 1534 3259; x_wconf 86' lang='lat' dir='ltr'><strong>Dicit</strong></span> <span class='ocrx_word' id='word_1_461' title='bbox 1561 3209 1639 3261; x_wconf 76' lang='lat' dir='ltr'><strong>eis</strong></span> <span class='ocrx_word' id='word_1_462' title='bbox 1664 3222 1847 3263; x_wconf 85' lang='lat' dir='ltr'><strong>sancta</strong></span> 
     </span>
    </p>
   </div>
   <div class='ocr_carea' id='block_1_63' title="bbox 295 3288 1849 3356">
    <p class='ocr_par' dir='ltr' id='par_1_63' title="bbox 295 3288 1849 3356">
     <span class='ocr_line' id='line_1_63' title="bbox 295 3288 1849 3356; baseline 0.008 -17"><span class='ocrx_word' id='word_1_463' title='bbox 295 3288 560 3342; x_wconf 81' lang='lat' dir='ltr'><strong>Caecilia:</strong></span> <span class='ocrx_word' id='word_1_464' title='bbox 635 3290 708 3342; x_wconf 86' lang='lat' dir='ltr'><strong>Ite</strong></span> <span class='ocrx_word' id='word_1_465' title='bbox 742 3291 807 3344; x_wconf 92' lang='lat' dir='ltr'><strong>dc</strong></span> <span class='ocrx_word' id='word_1_466' title='bbox 861 3301 1077 3356; x_wconf 68' lang='lat' dir='ltr'><strong>cwtero,</strong></span> <span class='ocrx_word' id='word_1_467' title='bbox 1139 3304 1191 3346; x_wconf 92' lang='lat' dir='ltr'><strong>et</strong></span> <span class='ocrx_word' id='word_1_468' title='bbox 1254 3294 1418 3349; x_wconf 90' lang='lat' dir='ltr'><strong>dicite</strong></span> <span class='ocrx_word' id='word_1_469' title='bbox 1477 3296 1849 3352; x_wconf 84' lang='lat' dir='ltr'><strong>infelicissimo</strong></span> 
     </span>
    </p>
   </div>
   <div class='ocr_carea' id='block_1_64' title="bbox 297 3380 1853 3455">
    <p class='ocr_par' dir='ltr' id='par_1_64' title="bbox 297 3380 1853 3455">
     <span class='ocr_line' id='line_1_64' title="bbox 297 3380 1853 3455; baseline 0.008 -24"><span class='ocrx_word' id='word_1_470' title='bbox 297 3380 594 3442; x_wconf 82' lang='lat' dir='ltr'><strong>Almacbio,</strong></span> <span class='ocrx_word' id='word_1_471' title='bbox 638 3382 781 3447; x_wconf 88' lang='lat' dir='ltr'><strong>quod</strong></span> <span class='ocrx_word' id='word_1_472' title='bbox 822 3397 918 3450; x_wconf 88' lang='lat' dir='ltr'><strong>ego</strong></span> <span class='ocrx_word' id='word_1_473' title='bbox 946 3398 1111 3436; x_wconf 89' lang='lat' dir='ltr'><strong>unum</strong></span> <span class='ocrx_word' id='word_1_474' title='bbox 1143 3386 1347 3437; x_wconf 90' lang='lat' dir='ltr'><strong>donum</strong></span> <span class='ocrx_word' id='word_1_475' title='bbox 1380 3397 1524 3455; x_wconf 91' lang='lat' dir='ltr'><strong>peto,</strong></span> <span class='ocrx_word' id='word_1_476' title='bbox 1583 3405 1649 3441; x_wconf 91' lang='lat' dir='ltr'><strong>ne</strong></span> <span class='ocrx_word' id='word_1_477' title='bbox 1691 3391 1853 3443; x_wconf 91' lang='lat' dir='ltr'><strong>nimis</strong></span> 
     </span>
    </p>
   </div>
   <div class='ocr_carea' id='block_1_65' title="bbox 302 3468 1857 3542">
    <p class='ocr_par' dir='ltr' id='par_1_65' title="bbox 302 3468 1857 3542">
     <span class='ocr_line' id='line_1_65' title="bbox 302 3468 1857 3542; baseline 0.008 -24"><span class='ocrx_word' id='word_1_478' title='bbox 302 3468 572 3520; x_wconf 82' lang='lat' dir='ltr'><strong>acceleret</strong></span> <span class='ocrx_word' id='word_1_479' title='bbox 630 3470 673 3520; x_wconf 77' lang='lat' dir='ltr'><strong>is</strong></span> <span class='ocrx_word' id='word_1_480' title='bbox 706 3486 876 3521; x_wconf 77' lang='lat' dir='ltr'><strong>meant</strong></span> <span class='ocrx_word' id='word_1_481' title='bbox 915 3470 1355 3525; x_wconf 90' lang='lat' dir='ltr'><strong>decertationem.</strong></span> <span class='ocrx_word' id='word_1_482' title='bbox 1411 3474 1520 3542; x_wconf 80' lang='lat' dir='ltr'><strong>Ego</strong></span> <span class='ocrx_word' id='word_1_483' title='bbox 1567 3486 1745 3530; x_wconf 91' lang='lat' dir='ltr'><strong>autem</strong></span> <span class='ocrx_word' id='word_1_484' title='bbox 1777 3479 1857 3530; x_wconf 86' lang='lat' dir='ltr'><strong>fa-</strong></span> 
     </span>
    </p>
   </div>
   <div class='ocr_carea' id='block_1_66' title="bbox 299 3555 1856 3632">
    <p class='ocr_par' dir='ltr' id='par_1_66' title="bbox 299 3555 1856 3632">
     <span class='ocr_line' id='line_1_66' title="bbox 299 3555 1856 3632; baseline 0.008 -28"><span class='ocrx_word' id='word_1_485' title='bbox 299 3555 463 3617; x_wconf 67' lang='lat' dir='ltr'><strong>riam,</strong></span> <span class='ocrx_word' id='word_1_486' title='bbox 496 3566 554 3607; x_wconf 91' lang='lat' dir='ltr'><strong>ut</strong></span> <span class='ocrx_word' id='word_1_487' title='bbox 590 3556 640 3607; x_wconf 91' lang='lat' dir='ltr'><strong>in</strong></span> <span class='ocrx_word' id='word_1_488' title='bbox 667 3555 886 3608; x_wconf 90' lang='lat' dir='ltr'><strong>domum</strong></span> <span class='ocrx_word' id='word_1_489' title='bbox 914 3573 1085 3610; x_wconf 89' lang='lat' dir='ltr'><strong>meam</strong></span> <span class='ocrx_word' id='word_1_490' title='bbox 1115 3561 1291 3612; x_wconf 85' lang='lat' dir='ltr'><strong>veniat</strong></span> <span class='ocrx_word' id='word_1_491' title='bbox 1314 3562 1682 3616; x_wconf 88' lang='lat' dir='ltr'><strong>sanctissimus</strong></span> <span class='ocrx_word' id='word_1_492' title='bbox 1720 3580 1856 3632; x_wconf 87' lang='lat' dir='ltr'><strong>papa</strong></span> 
     </span>
    </p>
   </div>
   <div class='ocr_carea' id='block_1_67' title="bbox 300 3643 1852 3719">
    <p class='ocr_par' dir='ltr' id='par_1_67' title="bbox 300 3643 1852 3719">
     <span class='ocr_line' id='line_1_67' title="bbox 300 3643 1852 3719; baseline 0.007 -25"><span class='ocrx_word' id='word_1_493' title='bbox 300 3643 569 3704; x_wconf 77' lang='lat' dir='ltr'><strong>Urbanus,</strong></span> <span class='ocrx_word' id='word_1_494' title='bbox 603 3655 661 3697; x_wconf 93' lang='lat' dir='ltr'><strong>ut</strong></span> <span class='ocrx_word' id='word_1_495' title='bbox 691 3646 852 3697; x_wconf 82' lang='lat' dir='ltr'><strong>faciat</strong></span> <span class='ocrx_word' id='word_1_496' title='bbox 883 3663 977 3699; x_wconf 87' lang='lat' dir='ltr'><strong>vos</strong></span> <span class='ocrx_word' id='word_1_497' title='bbox 1008 3662 1197 3701; x_wconf 90' lang='lat' dir='ltr'><strong>omnes</strong></span> <span class='ocrx_word' id='word_1_498' title='bbox 1227 3650 1349 3703; x_wconf 75' lang='lat' dir='ltr'><strong>vita:</strong></span> <span class='ocrx_word' id='word_1_499' title='bbox 1377 3661 1593 3705; x_wconf 78' lang='lat' dir='ltr'><strong>:nterna:</strong></span> <span class='ocrx_word' id='word_1_500' title='bbox 1638 3656 1852 3719; x_wconf 73' lang='lat' dir='ltr'><strong>partici-</strong></span> 
     </span>
    </p>
   </div>
   <div class='ocr_carea' id='block_1_68' title="bbox 302 3734 1858 3806">
    <p class='ocr_par' dir='ltr' id='par_1_68' title="bbox 302 3734 1858 3806">
     <span class='ocr_line' id='line_1_68' title="bbox 302 3734 1858 3806; baseline 0.004 -23"><span class='ocrx_word' id='word_1_501' title='bbox 302 3743 489 3799; x_wconf 79' lang='lat' dir='ltr'><strong>pes,et</strong></span> <span class='ocrx_word' id='word_1_502' title='bbox 513 3734 588 3785; x_wconf 91' lang='lat' dir='ltr'><strong>sic</strong></span> <span class='ocrx_word' id='word_1_503' title='bbox 616 3734 707 3784; x_wconf 86' lang='lat' dir='ltr'><strong>Dei</strong></span> <span class='ocrx_word' id='word_1_504' title='bbox 741 3734 1081 3801; x_wconf 79' lang='lat' dir='ltr'><strong>providentia</strong></span> <span class='ocrx_word' id='word_1_505' title='bbox 1127 3751 1226 3803; x_wconf 87' lang='lat' dir='ltr'><strong>ego</strong></span> <span class='ocrx_word' id='word_1_506' title='bbox 1251 3754 1465 3806; x_wconf 90' lang='lat' dir='ltr'><strong>quoque</strong></span> <span class='ocrx_word' id='word_1_507' title='bbox 1516 3754 1858 3793; x_wconf 87' lang='lat' dir='ltr'><strong>consumma.</strong></span> 
     </span>
    </p>
   </div>
   <div class='ocr_carea' id='block_1_69' title="bbox 306 3824 1849 3894">
    <p class='ocr_par' dir='ltr' id='par_1_69' title="bbox 306 3824 1849 3894">
     <span class='ocr_line' id='line_1_69' title="bbox 306 3824 1849 3894; baseline 0.004 -21"><span class='ocrx_word' id='word_1_508' title='bbox 306 3825 423 3874; x_wconf 78' lang='lat' dir='ltr'><strong>hor.</strong></span> <span class='ocrx_word' id='word_1_509' title='bbox 462 3824 611 3876; x_wconf 78' lang='lat' dir='ltr'><strong>Tunc</strong></span> <span class='ocrx_word' id='word_1_510' title='bbox 645 3840 765 3876; x_wconf 92' lang='lat' dir='ltr'><strong>cum</strong></span> <span class='ocrx_word' id='word_1_511' title='bbox 816 3826 867 3876; x_wconf 93' lang='lat' dir='ltr'><strong>in</strong></span> <span class='ocrx_word' id='word_1_512' title='bbox 895 3826 1013 3894; x_wconf 84' lang='lat' dir='ltr'><strong>ejus</strong></span> <span class='ocrx_word' id='word_1_513' title='bbox 1053 3826 1274 3879; x_wconf 87' lang='lat' dir='ltr'><strong>domum</strong></span> <span class='ocrx_word' id='word_1_514' title='bbox 1314 3829 1549 3881; x_wconf 85' lang='lat' dir='ltr'><strong>venisset</strong></span> <span class='ocrx_word' id='word_1_515' title='bbox 1582 3830 1849 3882; x_wconf 84' lang='lat' dir='ltr'><strong>sanctissi.</strong></span> 
     </span>
    </p>
   </div>
   <div class='ocr_carea' id='block_1_70' title="bbox 306 3915 1854 3989">
    <p class='ocr_par' dir='ltr' id='par_1_70' title="bbox 306 3915 1854 3989">
     <span class='ocr_line' id='line_1_70' title="bbox 306 3915 1854 3989; baseline 0.005 -24"><span class='ocrx_word' id='word_1_516' title='bbox 306 3930 428 3965; x_wconf 86' lang='lat' dir='ltr'><strong>mus</strong></span> <span class='ocrx_word' id='word_1_517' title='bbox 443 3930 573 3981; x_wconf 85' lang='lat' dir='ltr'><strong>papa</strong></span> <span class='ocrx_word' id='word_1_518' title='bbox 596 3915 861 3976; x_wconf 82' lang='lat' dir='ltr'><strong>Urbanus,</strong></span> <span class='ocrx_word' id='word_1_519' title='bbox 885 3915 1173 3983; x_wconf 86' lang='lat' dir='ltr'><strong>baptizavit</strong></span> <span class='ocrx_word' id='word_1_520' title='bbox 1194 3918 1476 3985; x_wconf 90' lang='lat' dir='ltr'><strong>plusquam</strong></span> <span class='ocrx_word' id='word_1_521' title='bbox 1498 3920 1854 3989; x_wconf 87' lang='lat' dir='ltr'><strong>quadringen-</strong></span> 
     </span>
    </p>
   </div>
   <div class='ocr_carea' id='block_1_71' title="bbox 307 4005 1859 4077">
    <p class='ocr_par' dir='ltr' id='par_1_71' title="bbox 307 4005 1859 4077">
     <span class='ocr_line' id='line_1_71' title="bbox 307 4005 1859 4077; baseline 0.008 -24"><span class='ocrx_word' id='word_1_522' title='bbox 307 4016 408 4067; x_wconf 87' lang='lat' dir='ltr'><strong>tos,</strong></span> <span class='ocrx_word' id='word_1_523' title='bbox 441 4005 641 4058; x_wconf 87' lang='lat' dir='ltr'><strong>diversi</strong></span> <span class='ocrx_word' id='word_1_524' title='bbox 662 4020 841 4067; x_wconf 86' lang='lat' dir='ltr'><strong>sexus,</strong></span> <span class='ocrx_word' id='word_1_525' title='bbox 874 4007 1102 4060; x_wconf 76' lang='lat' dir='ltr'><strong>fortuna:</strong></span> <span class='ocrx_word' id='word_1_526' title='bbox 1130 4016 1178 4060; x_wconf 90' lang='lat' dir='ltr'><strong>et</strong></span> <span class='ocrx_word' id='word_1_527' title='bbox 1203 4009 1393 4062; x_wconf 76' lang='lat' dir='ltr'><strong>:etatis.</strong></span> <span class='ocrx_word' id='word_1_528' title='bbox 1415 4009 1559 4063; x_wconf 87' lang='lat' dir='ltr'><strong>inter</strong></span> <span class='ocrx_word' id='word_1_529' title='bbox 1581 4026 1717 4077; x_wconf 86' lang='lat' dir='ltr'><strong>quos</strong></span> <span class='ocrx_word' id='word_1_530' title='bbox 1741 4023 1859 4065; x_wconf 92' lang='lat' dir='ltr'><strong>erat</strong></span> 
     </span>
    </p>
   </div>
   <div class='ocr_carea' id='block_1_72' title="bbox 310 4097 1861 4171">
    <p class='ocr_par' dir='ltr' id='par_1_72' title="bbox 310 4097 1861 4171">
     <span class='ocr_line' id='line_1_72' title="bbox 310 4097 1861 4171; baseline 0.008 -28"><span class='ocrx_word' id='word_1_531' title='bbox 310 4097 392 4147; x_wconf 86' lang='lat' dir='ltr'><strong>vir</strong></span> <span class='ocrx_word' id='word_1_532' title='bbox 438 4097 788 4159; x_wconf 87' lang='lat' dir='ltr'><strong>clarissimus,</strong></span> <span class='ocrx_word' id='word_1_533' title='bbox 837 4100 1054 4151; x_wconf 88' lang='lat' dir='ltr'><strong>nomine</strong></span> <span class='ocrx_word' id='word_1_534' title='bbox 1105 4098 1428 4152; x_wconf 84' lang='lat' dir='ltr'><strong>Gordianus.</strong></span> <span class='ocrx_word' id='word_1_535' title='bbox 1470 4101 1517 4153; x_wconf 92' lang='lat' dir='ltr'><strong>Is</strong></span> <span class='ocrx_word' id='word_1_536' title='bbox 1557 4116 1679 4153; x_wconf 89' lang='lat' dir='ltr'><strong>cum</strong></span> <span class='ocrx_word' id='word_1_537' title='bbox 1712 4118 1861 4171; x_wconf 69' lang='lat' dir='ltr'><strong>papae</strong></span> 
     </span>
    </p>
   </div>
   <div class='ocr_carea' id='block_1_73' title="bbox 314 4187 1860 4252">
    <p class='ocr_par' dir='ltr' id='par_1_73' title="bbox 314 4187 1860 4252">
     <span class='ocr_line' id='line_1_73' title="bbox 314 4187 1860 4252; baseline 0.005 -16"><span class='ocrx_word' id='word_1_538' title='bbox 314 4188 563 4252; x_wconf 86' lang='lat' dir='ltr'><strong>prccihus</strong></span> <span class='ocrx_word' id='word_1_539' title='bbox 587 4187 804 4239; x_wconf 89' lang='lat' dir='ltr'><strong>domum</strong></span> <span class='ocrx_word' id='word_1_540' title='bbox 823 4196 1019 4240; x_wconf 68' lang='lat' dir='ltr'><strong>sancite</strong></span> <span class='ocrx_word' id='word_1_541' title='bbox 1035 4187 1262 4242; x_wconf 69' lang='lat' dir='ltr'><strong>Cmcilia:</strong></span> <span class='ocrx_word' id='word_1_542' title='bbox 1288 4190 1493 4241; x_wconf 90' lang='lat' dir='ltr'><strong>vocavit</strong></span> <span class='ocrx_word' id='word_1_543' title='bbox 1532 4206 1597 4242; x_wconf 89' lang='lat' dir='ltr'><strong>ex</strong></span> <span class='ocrx_word' id='word_1_544' title='bbox 1628 4206 1725 4244; x_wconf 92' lang='lat' dir='ltr'><strong>suo</strong></span> <span class='ocrx_word' id='word_1_545' title='bbox 1762 4208 1860 4245; x_wconf 90' lang='lat' dir='ltr'><strong>no-</strong></span> 
     </span>
    </p>
   </div>
   <div class='ocr_carea' id='block_1_74' title="bbox 314 4277 1862 4350">
    <p class='ocr_par' dir='ltr' id='par_1_74' title="bbox 314 4277 1862 4350">
     <span class='ocr_line' id='line_1_74' title="bbox 314 4277 1862 4350; baseline 0.005 -23"><span class='ocrx_word' id='word_1_546' title='bbox 314 4277 455 4328; x_wconf 89' lang='lat' dir='ltr'><strong>mine</strong></span> <span class='ocrx_word' id='word_1_547' title='bbox 493 4287 549 4328; x_wconf 93' lang='lat' dir='ltr'><strong>ut</strong></span> <span class='ocrx_word' id='word_1_548' title='bbox 569 4278 845 4329; x_wconf 87' lang='lat' dir='ltr'><strong>inocculto</strong></span> <span class='ocrx_word' id='word_1_549' title='bbox 862 4293 925 4330; x_wconf 91' lang='lat' dir='ltr'><strong>ex</strong></span> <span class='ocrx_word' id='word_1_550' title='bbox 946 4278 1035 4330; x_wconf 92' lang='lat' dir='ltr'><strong>illo</strong></span> <span class='ocrx_word' id='word_1_551' title='bbox 1060 4278 1167 4342; x_wconf 92' lang='lat' dir='ltr'><strong>die,</strong></span> <span class='ocrx_word' id='word_1_552' title='bbox 1188 4294 1253 4331; x_wconf 86' lang='lat' dir='ltr'><strong>ex</strong></span> <span class='ocrx_word' id='word_1_553' title='bbox 1272 4294 1379 4347; x_wconf 92' lang='lat' dir='ltr'><strong>quo</strong></span> <span class='ocrx_word' id='word_1_554' title='bbox 1405 4279 1725 4334; x_wconf 88' lang='lat' dir='ltr'><strong>illicChristi</strong></span> <span class='ocrx_word' id='word_1_555' title='bbox 1745 4298 1862 4350; x_wconf 88' lang='lat' dir='ltr'><strong>per-</strong></span> 
     </span>
    </p>
   </div>
   <div class='ocr_carea' id='block_1_75' title="bbox 310 4368 1861 4435">
    <p class='ocr_par' dir='ltr' id='par_1_75' title="bbox 310 4368 1861 4435">
     <span class='ocr_line' id='line_1_75' title="bbox 310 4368 1861 4435; baseline 0.004 -16"><span class='ocrx_word' id='word_1_556' title='bbox 310 4376 489 4420; x_wconf 83' lang='lat' dir='ltr'><strong>actum</strong></span> <span class='ocrx_word' id='word_1_557' title='bbox 504 4378 587 4420; x_wconf 90' lang='lat' dir='ltr'><strong>est</strong></span> <span class='ocrx_word' id='word_1_558' title='bbox 615 4368 896 4435; x_wconf 81' lang='lat' dir='ltr'><strong>baptisma.</strong></span> <span class='ocrx_word' id='word_1_559' title='bbox 924 4369 1073 4422; x_wconf 86' lang='lat' dir='ltr'><strong>fieret</strong></span> <span class='ocrx_word' id='word_1_560' title='bbox 1097 4368 1332 4423; x_wconf 86' lang='lat' dir='ltr'><strong>Ecclesia</strong></span> <span class='ocrx_word' id='word_1_561' title='bbox 1391 4370 1665 4425; x_wconf 88' lang='lat' dir='ltr'><strong>Dominica</strong></span> <span class='ocrx_word' id='word_1_562' title='bbox 1690 4388 1703 4434; x_wconf 89' lang='lat'><strong>;</strong></span> <span class='ocrx_word' id='word_1_563' title='bbox 1727 4372 1861 4426; x_wconf 90' lang='lat' dir='ltr'><strong>adeo</strong></span> 
     </span>
    </p>
   </div>
   <div class='ocr_carea' id='block_1_76' title="bbox 1955 3196 3503 3266">
    <p class='ocr_par' dir='ltr' id='par_1_76' title="bbox 1955 3196 3503 3266">
     <span class='ocr_line' id='line_1_76' title="bbox 1955 3196 3503 3266; baseline 0.002 -20"><span class='ocrx_word' id='word_1_564' title='bbox 1955 3211 2096 3249; x_wconf 83' lang='lat' dir='ltr'><strong>niam</strong></span> <span class='ocrx_word' id='word_1_565' title='bbox 2130 3197 2327 3251; x_wconf 87' lang='lat' dir='ltr'><strong>habere</strong></span> <span class='ocrx_word' id='word_1_566' title='bbox 2384 3196 2757 3266; x_wconf 61' lang='lat' dir='ltr'><strong>quastionem.</strong></span> <span class='ocrx_word' id='word_1_567' title='bbox 2792 3197 2898 3250; x_wconf 88' lang='lat' dir='ltr'><strong>Nos</strong></span> <span class='ocrx_word' id='word_1_568' title='bbox 2938 3205 3119 3249; x_wconf 91' lang='lat' dir='ltr'><strong>autem</strong></span> <span class='ocrx_word' id='word_1_569' title='bbox 3150 3211 3286 3264; x_wconf 87' lang='lat' dir='ltr'><strong>quos</strong></span> <span class='ocrx_word' id='word_1_570' title='bbox 3342 3196 3503 3249; x_wconf 82' lang='lat' dir='ltr'><strong>inno-</strong></span> 
     </span>
    </p>
   </div>
   <div class='ocr_carea' id='block_1_77' title="bbox 1953 3288 3501 3356">
    <p class='ocr_par' dir='ltr' id='par_1_77' title="bbox 1953 3288 3501 3356">
     <span class='ocr_line' id='line_1_77' title="bbox 1953 3288 3501 3356; baseline -0.001 -18"><span class='ocrx_word' id='word_1_571' title='bbox 1953 3297 2135 3341; x_wconf 88' lang='lat' dir='ltr'><strong>centes</strong></span> <span class='ocrx_word' id='word_1_572' title='bbox 2164 3289 2511 3356; x_wconf 82' lang='lat' dir='ltr'><strong>cognoscitis,</strong></span> <span class='ocrx_word' id='word_1_573' title='bbox 2542 3288 2779 3341; x_wconf 90' lang='lat' dir='ltr'><strong>nominis</strong></span> <span class='ocrx_word' id='word_1_574' title='bbox 2827 3288 3000 3341; x_wconf 87' lang='lat' dir='ltr'><strong>solum</strong></span> <span class='ocrx_word' id='word_1_575' title='bbox 3065 3290 3354 3341; x_wconf 84' lang='lat' dir='ltr'><strong>accusatis.</strong></span> <span class='ocrx_word' id='word_1_576' title='bbox 3396 3288 3501 3341; x_wconf 88' lang='lat' dir='ltr'><strong>Sed</strong></span> 
     </span>
    </p>
   </div>
   <div class='ocr_carea' id='block_1_78' title="bbox 1956 3376 3500 3447">
    <p class='ocr_par' dir='ltr' id='par_1_78' title="bbox 1956 3376 3500 3447">
     <span class='ocr_line' id='line_1_78' title="bbox 1956 3376 3500 3447; baseline -0.001 -16"><span class='ocrx_word' id='word_1_577' title='bbox 1956 3394 2073 3439; x_wconf 88' lang='lat' dir='ltr'><strong>nos,</strong></span> <span class='ocrx_word' id='word_1_578' title='bbox 2102 3380 2193 3446; x_wconf 92' lang='lat' dir='ltr'><strong>qui</strong></span> <span class='ocrx_word' id='word_1_579' title='bbox 2235 3387 2478 3433; x_wconf 86' lang='lat' dir='ltr'><strong>sanctum</strong></span> <span class='ocrx_word' id='word_1_580' title='bbox 2538 3392 2734 3431; x_wconf 89' lang='lat' dir='ltr'><strong>nomen</strong></span> <span class='ocrx_word' id='word_1_581' title='bbox 2766 3376 2970 3431; x_wconf 88' lang='lat' dir='ltr'><strong>Christi</strong></span> <span class='ocrx_word' id='word_1_582' title='bbox 3023 3378 3425 3447; x_wconf 85' lang='lat' dir='ltr'><strong>cognoscimus,</strong></span> <span class='ocrx_word' id='word_1_583' title='bbox 3450 3378 3500 3429; x_wconf 90' lang='lat' dir='ltr'><strong>id</strong></span> 
     </span>
    </p>
   </div>
   <div class='ocr_carea' id='block_1_79' title="bbox 1956 3468 3505 3537">
    <p class='ocr_par' dir='ltr' id='par_1_79' title="bbox 1956 3468 3505 3537">
     <span class='ocr_line' id='line_1_79' title="bbox 1956 3468 3505 3537; baseline -0.001 -15"><span class='ocrx_word' id='word_1_584' title='bbox 1956 3469 2179 3522; x_wconf 91' lang='lat' dir='ltr'><strong>omnino</strong></span> <span class='ocrx_word' id='word_1_585' title='bbox 2230 3483 2427 3537; x_wconf 84' lang='lat' dir='ltr'><strong>negare</strong></span> <span class='ocrx_word' id='word_1_586' title='bbox 2480 3484 2586 3521; x_wconf 90' lang='lat' dir='ltr'><strong>non</strong></span> <span class='ocrx_word' id='word_1_587' title='bbox 2625 3483 2935 3536; x_wconf 83' lang='lat' dir='ltr'><strong>possumus.</strong></span> <span class='ocrx_word' id='word_1_588' title='bbox 2975 3468 3068 3521; x_wconf 77' lang='lat' dir='ltr'><strong>Est</strong></span> <span class='ocrx_word' id='word_1_589' title='bbox 3125 3469 3268 3519; x_wconf 86' lang='lat' dir='ltr'><strong>enim</strong></span> <span class='ocrx_word' id='word_1_590' title='bbox 3310 3468 3505 3520; x_wconf 84' lang='lat' dir='ltr'><strong>melius</strong></span> 
     </span>
    </p>
   </div>
   <div class='ocr_carea' id='block_1_80' title="bbox 1960 3555 3503 3626">
    <p class='ocr_par' dir='ltr' id='par_1_80' title="bbox 1960 3555 3503 3626">
     <span class='ocr_line' id='line_1_80' title="bbox 1960 3555 3503 3626; baseline -0.002 -16"><span class='ocrx_word' id='word_1_591' title='bbox 1960 3560 2096 3610; x_wconf 92' lang='lat' dir='ltr'><strong>mori</strong></span> <span class='ocrx_word' id='word_1_592' title='bbox 2124 3558 2371 3620; x_wconf 76' lang='lat' dir='ltr'><strong>feliciter,</strong></span> <span class='ocrx_word' id='word_1_593' title='bbox 2409 3572 2569 3626; x_wconf 86' lang='lat' dir='ltr'><strong>quam</strong></span> <span class='ocrx_word' id='word_1_594' title='bbox 2626 3558 2808 3610; x_wconf 87' lang='lat' dir='ltr'><strong>vivere</strong></span> <span class='ocrx_word' id='word_1_595' title='bbox 2862 3556 3166 3611; x_wconf 83' lang='lat' dir='ltr'><strong>infeliciter.</strong></span> <span class='ocrx_word' id='word_1_596' title='bbox 3205 3555 3313 3609; x_wconf 88' lang='lat' dir='ltr'><strong>Nos</strong></span> <span class='ocrx_word' id='word_1_597' title='bbox 3360 3556 3503 3609; x_wconf 89' lang='lat' dir='ltr'><strong>enim</strong></span> 
     </span>
    </p>
   </div>
   <div class='ocr_carea' id='block_1_81' title="bbox 1960 3648 3503 3716">
    <p class='ocr_par' dir='ltr' id='par_1_81' title="bbox 1960 3648 3503 3716">
     <span class='ocr_line' id='line_1_81' title="bbox 1960 3648 3503 3716; baseline 0 -17"><span class='ocrx_word' id='word_1_598' title='bbox 1960 3665 2086 3701; x_wconf 84' lang='lat' dir='ltr'><strong>vera</strong></span> <span class='ocrx_word' id='word_1_599' title='bbox 2115 3650 2379 3710; x_wconf 89' lang='lat' dir='ltr'><strong>dicentes,</strong></span> <span class='ocrx_word' id='word_1_600' title='bbox 2402 3664 2496 3702; x_wconf 91' lang='lat' dir='ltr'><strong>vos</strong></span> <span class='ocrx_word' id='word_1_601' title='bbox 2532 3649 2807 3716; x_wconf 83' lang='lat' dir='ltr'><strong>punitnus,</strong></span> <span class='ocrx_word' id='word_1_602' title='bbox 2840 3648 3040 3716; x_wconf 89' lang='lat' dir='ltr'><strong>quibus</strong></span> <span class='ocrx_word' id='word_1_603' title='bbox 3059 3658 3142 3700; x_wconf 89' lang='lat' dir='ltr'><strong>est</strong></span> <span class='ocrx_word' id='word_1_604' title='bbox 3166 3661 3503 3714; x_wconf 82' lang='lat' dir='ltr'><strong>persuasum.</strong></span> 
     </span>
    </p>
   </div>
   <div class='ocr_carea' id='block_1_82' title="bbox 1960 3739 2529 3792">
    <p class='ocr_par' dir='ltr' id='par_1_82' title="bbox 1960 3739 2529 3792">
     <span class='ocr_line' id='line_1_82' title="bbox 1960 3739 2529 3792; baseline 0 -2"><span class='ocrx_word' id='word_1_605' title='bbox 1960 3749 2017 3790; x_wconf 89' lang='lat' dir='ltr'><strong>ut</strong></span> <span class='ocrx_word' id='word_1_606' title='bbox 2052 3739 2243 3791; x_wconf 90' lang='lat' dir='ltr'><strong>falsum</strong></span> <span class='ocrx_word' id='word_1_607' title='bbox 2276 3739 2529 3792; x_wconf 85' lang='lat' dir='ltr'><strong>audiatis.</strong></span> 
     </span>
    </p>
   </div>
   <div class='ocr_carea' id='block_1_83' title="bbox 2032 3826 3504 3897">
    <p class='ocr_par' dir='ltr' id='par_1_83' title="bbox 2032 3826 3504 3897">
     <span class='ocr_line' id='line_1_83' title="bbox 2032 3826 3504 3897; baseline 0 -17"><span class='ocrx_word' id='word_1_608' title='bbox 2032 3826 2193 3881; x_wconf 74' lang='lat' dir='ltr'><strong>XXV.</strong></span> <span class='ocrx_word' id='word_1_609' title='bbox 2220 3828 2363 3881; x_wconf 82' lang='lat' dir='ltr'><strong>Dixit</strong></span> <span class='ocrx_word' id='word_1_610' title='bbox 2386 3828 2695 3882; x_wconf 82' lang='lat' dir='ltr'><strong>Almaebius</strong></span> <span class='ocrx_word' id='word_1_611' title='bbox 2722 3828 3007 3895; x_wconf 66' lang='lat' dir='ltr'><strong>prefeetus</strong></span> <span class='ocrx_word' id='word_1_612' title='bbox 3035 3846 3047 3878; x_wconf 87' lang='lat'>:</span> <span class='ocrx_word' id='word_1_613' title='bbox 3078 3827 3223 3897; x_wconf 84' lang='lat' dir='ltr'><strong>Elige</strong></span> <span class='ocrx_word' id='word_1_614' title='bbox 3249 3835 3304 3881; x_wconf 92' lang='lat' dir='ltr'><strong>tu</strong></span> <span class='ocrx_word' id='word_1_615' title='bbox 3338 3843 3504 3881; x_wconf 88' lang='lat' dir='ltr'><strong>unum</strong></span> 
     </span>
    </p>
   </div>
   <div class='ocr_carea' id='block_1_84' title="bbox 1961 3917 3505 3986">
    <p class='ocr_par' dir='ltr' id='par_1_84' title="bbox 1961 3917 3505 3986">
     <span class='ocr_line' id='line_1_84' title="bbox 1961 3917 3505 3986; baseline -0.002 -13"><span class='ocrx_word' id='word_1_616' title='bbox 1961 3934 2023 3973; x_wconf 84' lang='lat' dir='ltr'><strong>ex</strong></span> <span class='ocrx_word' id='word_1_617' title='bbox 2058 3918 2268 3972; x_wconf 91' lang='lat' dir='ltr'><strong>duobus</strong></span> <span class='ocrx_word' id='word_1_618' title='bbox 2300 3933 2315 3971; x_wconf 87' lang='lat'><strong>:</strong></span> <span class='ocrx_word' id='word_1_619' title='bbox 2343 3928 2434 3972; x_wconf 91' lang='lat' dir='ltr'><strong>aut</strong></span> <span class='ocrx_word' id='word_1_620' title='bbox 2456 3917 2719 3978; x_wconf 83' lang='lat' dir='ltr'><strong>sacrifica.</strong></span> <span class='ocrx_word' id='word_1_621' title='bbox 2749 3926 2842 3969; x_wconf 91' lang='lat' dir='ltr'><strong>aut</strong></span> <span class='ocrx_word' id='word_1_622' title='bbox 2867 3933 2999 3986; x_wconf 80' lang='lat' dir='ltr'><strong>nega</strong></span> <span class='ocrx_word' id='word_1_623' title='bbox 3022 3927 3072 3970; x_wconf 90' lang='lat' dir='ltr'><strong>te</strong></span> <span class='ocrx_word' id='word_1_624' title='bbox 3097 3933 3217 3972; x_wconf 86' lang='lat' dir='ltr'><strong>esse</strong></span> <span class='ocrx_word' id='word_1_625' title='bbox 3244 3917 3505 3973; x_wconf 84' lang='lat' dir='ltr'><strong>Christia-</strong></span> 
     </span>
    </p>
   </div>
   <div class='ocr_carea' id='block_1_85' title="bbox 1962 4006 3507 4071">
    <p class='ocr_par' dir='ltr' id='par_1_85' title="bbox 1962 4006 3507 4071">
     <span class='ocr_line' id='line_1_85' title="bbox 1962 4006 3507 4071; baseline 0.001 -12"><span class='ocrx_word' id='word_1_626' title='bbox 1962 4023 2108 4071; x_wconf 89' lang='lat' dir='ltr'><strong>nam,</strong></span> <span class='ocrx_word' id='word_1_627' title='bbox 2133 4018 2187 4060; x_wconf 90' lang='lat' dir='ltr'><strong>ut</strong></span> <span class='ocrx_word' id='word_1_628' title='bbox 2213 4007 2396 4060; x_wconf 90' lang='lat' dir='ltr'><strong>delicti</strong></span> <span class='ocrx_word' id='word_1_629' title='bbox 2430 4007 2524 4059; x_wconf 89' lang='lat' dir='ltr'><strong>tibi</strong></span> <span class='ocrx_word' id='word_1_630' title='bbox 2556 4006 2716 4058; x_wconf 86' lang='lat' dir='ltr'><strong>detur</strong></span> <span class='ocrx_word' id='word_1_631' title='bbox 2759 4006 2935 4059; x_wconf 87' lang='lat' dir='ltr'><strong>venia.</strong></span> <span class='ocrx_word' id='word_1_632' title='bbox 2986 4006 3136 4060; x_wconf 92' lang='lat' dir='ltr'><strong>Tunc</strong></span> <span class='ocrx_word' id='word_1_633' title='bbox 3167 4006 3303 4060; x_wconf 86' lang='lat' dir='ltr'><strong>dixit</strong></span> <span class='ocrx_word' id='word_1_634' title='bbox 3323 4007 3507 4061; x_wconf 79' lang='lat' dir='ltr'><strong>ridens</strong></span> 
     </span>
    </p>
   </div>
   <div class='ocr_carea' id='block_1_86' title="bbox 1960 4095 3508 4164">
    <p class='ocr_par' dir='ltr' id='par_1_86' title="bbox 1960 4095 3508 4164">
     <span class='ocr_line' id='line_1_86' title="bbox 1960 4095 3508 4164; baseline 0.001 -15"><span class='ocrx_word' id='word_1_635' title='bbox 1960 4104 2143 4149; x_wconf 87' lang='lat' dir='ltr'><strong>sancta</strong></span> <span class='ocrx_word' id='word_1_636' title='bbox 2172 4096 2383 4149; x_wconf 78' lang='lat' dir='ltr'><strong>C.ecilia</strong></span> <span class='ocrx_word' id='word_1_637' title='bbox 2412 4114 2424 4149; x_wconf 86' lang='lat'><strong>:</strong></span> <span class='ocrx_word' id='word_1_638' title='bbox 2458 4095 2501 4149; x_wconf 93' lang='grc' dir='ltr'>Ο</span> <span class='ocrx_word' id='word_1_639' title='bbox 2540 4095 2774 4164; x_wconf 74' lang='lat' dir='ltr'><strong>iudicem</strong></span> <span class='ocrx_word' id='word_1_640' title='bbox 2833 4095 3037 4164; x_wconf 86' lang='lat' dir='ltr'><strong>pudore</strong></span> <span class='ocrx_word' id='word_1_641' title='bbox 3088 4098 3397 4152; x_wconf 84' lang='lat' dir='ltr'><strong>necessario</strong></span> <span class='ocrx_word' id='word_1_642' title='bbox 3431 4099 3508 4150; x_wconf 89' lang='lat' dir='ltr'><strong>af-</strong></span> 
     </span>
    </p>
   </div>
   <div class='ocr_carea' id='block_1_87' title="bbox 1961 4186 3503 4254">
    <p class='ocr_par' dir='ltr' id='par_1_87' title="bbox 1961 4186 3503 4254">
     <span class='ocr_line' id='line_1_87' title="bbox 1961 4186 3503 4254; baseline -0.001 -13"><span class='ocrx_word' id='word_1_643' title='bbox 1961 4186 2196 4241; x_wconf 77' lang='lat' dir='ltr'><strong>fectum!</strong></span> <span class='ocrx_word' id='word_1_644' title='bbox 2232 4187 2356 4240; x_wconf 79' lang='lat' dir='ltr'><strong>Vult</strong></span> <span class='ocrx_word' id='word_1_645' title='bbox 2380 4201 2464 4239; x_wconf 91' lang='lat' dir='ltr'><strong>me</strong></span> <span class='ocrx_word' id='word_1_646' title='bbox 2520 4202 2743 4254; x_wconf 85' lang='lat' dir='ltr'><strong>negare,</strong></span> <span class='ocrx_word' id='word_1_647' title='bbox 2779 4198 2834 4241; x_wconf 92' lang='lat' dir='ltr'><strong>et</strong></span> <span class='ocrx_word' id='word_1_648' title='bbox 2860 4202 2977 4241; x_wconf 82' lang='lat' dir='ltr'><strong>esse</strong></span> <span class='ocrx_word' id='word_1_649' title='bbox 3010 4202 3095 4241; x_wconf 90' lang='lat' dir='ltr'><strong>me</strong></span> <span class='ocrx_word' id='word_1_650' title='bbox 3137 4188 3503 4250; x_wconf 87' lang='lat' dir='ltr'><strong>innocentem,</strong></span> 
     </span>
    </p>
   </div>
   <div class='ocr_carea' id='block_1_88' title="bbox 1963 4276 3506 4346">
    <p class='ocr_par' dir='ltr' id='par_1_88' title="bbox 1963 4276 3506 4346">
     <span class='ocr_line' id='line_1_88' title="bbox 1963 4276 3506 4346; baseline 0.001 -15"><span class='ocrx_word' id='word_1_651' title='bbox 1963 4286 2023 4331; x_wconf 92' lang='lat' dir='ltr'><strong>ut</strong></span> <span class='ocrx_word' id='word_1_652' title='bbox 2052 4279 2164 4346; x_wconf 91' lang='lat' dir='ltr'><strong>ipse</strong></span> <span class='ocrx_word' id='word_1_653' title='bbox 2202 4292 2288 4331; x_wconf 89' lang='lat' dir='ltr'><strong>me</strong></span> <span class='ocrx_word' id='word_1_654' title='bbox 2342 4276 2504 4330; x_wconf 92' lang='lat' dir='ltr'><strong>faciat</strong></span> <span class='ocrx_word' id='word_1_655' title='bbox 2545 4277 2757 4330; x_wconf 90' lang='lat' dir='ltr'><strong>crimini</strong></span> <span class='ocrx_word' id='word_1_656' title='bbox 2784 4278 3094 4331; x_wconf 87' lang='lat' dir='ltr'><strong>obnoxiam.</strong></span> <span class='ocrx_word' id='word_1_657' title='bbox 3134 4277 3189 4331; x_wconf 91' lang='lat' dir='ltr'><strong>Si</strong></span> <span class='ocrx_word' id='word_1_658' title='bbox 3225 4278 3307 4331; x_wconf 87' lang='lat' dir='ltr'><strong>vis</strong></span> <span class='ocrx_word' id='word_1_659' title='bbox 3345 4294 3506 4332; x_wconf 88' lang='lat' dir='ltr'><strong>accu-</strong></span> 
     </span>
    </p>
   </div>
   <div class='ocr_carea' id='block_1_89' title="bbox 1965 4365 3509 4435">
    <p class='ocr_par' dir='ltr' id='par_1_89' title="bbox 1965 4365 3509 4435">
     <span class='ocr_line' id='line_1_89' title="bbox 1965 4365 3509 4435; baseline 0.001 -16"><span class='ocrx_word' id='word_1_660' title='bbox 1965 4381 2105 4428; x_wconf 86' lang='lat' dir='ltr'><strong>sare,</strong></span> <span class='ocrx_word' id='word_1_661' title='bbox 2137 4380 2235 4420; x_wconf 91' lang='lat' dir='ltr'><strong>cur</strong></span> <span class='ocrx_word' id='word_1_662' title='bbox 2264 4380 2350 4419; x_wconf 81' lang='lat' dir='ltr'><strong>me</strong></span> <span class='ocrx_word' id='word_1_663' title='bbox 2389 4365 2716 4429; x_wconf 87' lang='lat' dir='ltr'><strong>adhortaris,</strong></span> <span class='ocrx_word' id='word_1_664' title='bbox 2739 4376 2797 4419; x_wconf 92' lang='lat' dir='ltr'><strong>ut</strong></span> <span class='ocrx_word' id='word_1_665' title='bbox 2819 4366 3045 4435; x_wconf 82' lang='lat' dir='ltr'><strong>negem?</strong></span> <span class='ocrx_word' id='word_1_666' title='bbox 3080 4365 3174 4419; x_wconf 92' lang='lat' dir='ltr'><strong>Sin</strong></span> <span class='ocrx_word' id='word_1_667' title='bbox 3210 4376 3387 4421; x_wconf 91' lang='lat' dir='ltr'><strong>autem</strong></span> <span class='ocrx_word' id='word_1_668' title='bbox 3426 4370 3509 4421; x_wconf 90' lang='lat' dir='ltr'><strong>vis</strong></span> 
     </span>
    </p>
   </div>
   <div class='ocr_carea' id='block_1_90' title="bbox 312 4451 3510 4527">
    <p class='ocr_par' dir='ltr' id='par_1_90' title="bbox 312 4451 3510 4527">
     <span class='ocr_line' id='line_1_90' title="bbox 312 4451 3510 4527; baseline 0.004 -17"><span class='ocrx_word' id='word_1_669' title='bbox 312 4459 742 4511; x_wconf 79' lang='lat' dir='ltr'><strong>utsanctissimus</strong></span> <span class='ocrx_word' id='word_1_670' title='bbox 763 4474 975 4526; x_wconf 87' lang='lat' dir='ltr'><strong>quoque</strong></span> <span class='ocrx_word' id='word_1_671' title='bbox 995 4475 1128 4527; x_wconf 89' lang='lat' dir='ltr'><strong>papa</strong></span> <span class='ocrx_word' id='word_1_672' title='bbox 1145 4460 1391 4513; x_wconf 88' lang='lat' dir='ltr'><strong>Urbanus</strong></span> <span class='ocrx_word' id='word_1_673' title='bbox 1410 4460 1519 4513; x_wconf 88' lang='lat' dir='ltr'><strong>illic</strong></span> <span class='ocrx_word' id='word_1_674' title='bbox 1535 4462 1743 4515; x_wconf 84' lang='lat' dir='ltr'><strong>occulte</strong></span> <span class='ocrx_word' id='word_1_675' title='bbox 1770 4463 1864 4515; x_wconf 86' lang='lat' dir='ltr'><strong>ha-</strong></span> <span class='ocrx_word' id='word_1_676' title='bbox 1895 4468 1936 4521; x_wconf 92' lang='lat' dir='ltr'><strong>D</strong></span> <span class='ocrx_word' id='word_1_677' title='bbox 1965 4451 2267 4514; x_wconf 52' lang='lat' dir='ltr'><strong>absone”:</strong></span> <span class='ocrx_word' id='word_1_678' title='bbox 2295 4465 2392 4505; x_wconf 65' lang='lat' dir='ltr'><strong>cur</strong></span> <span class='ocrx_word' id='word_1_679' title='bbox 2416 4466 2523 4504; x_wconf 76' lang='lat'><strong>“0&quot;</strong></span> <span class='ocrx_word' id='word_1_680' title='bbox 2556 4454 2638 4507; x_wconf 72' lang='lat' dir='ltr'><strong>Vis</strong></span> <span class='ocrx_word' id='word_1_681' title='bbox 2692 4453 3009 4521; x_wconf 60' lang='lat' dir='ltr'><strong>iuql’irere?</strong></span> <span class='ocrx_word' id='word_1_682' title='bbox 3046 4454 3187 4506; x_wconf 52' lang='lat' dir='ltr'><strong>Dixit</strong></span> <span class='ocrx_word' id='word_1_683' title='bbox 3227 4455 3510 4522; x_wconf 65' lang='grc' dir='ltr'><strong>Ρτίεῖεοιυε</strong></span> 
     </span>
    </p>
   </div>
   <div class='ocr_carea' id='block_1_91' title="bbox 310 4549 1865 4618">
    <p class='ocr_par' dir='ltr' id='par_1_91' title="bbox 310 4549 1865 4618">
     <span class='ocr_line' id='line_1_91' title="bbox 310 4549 1865 4618; baseline 0.003 -17"><span class='ocrx_word' id='word_1_684' title='bbox 310 4550 507 4601; x_wconf 89' lang='lat' dir='ltr'><strong>bitaret</strong></span> <span class='ocrx_word' id='word_1_685' title='bbox 525 4565 539 4612; x_wconf 86' lang='lat'><strong>;</strong></span> <span class='ocrx_word' id='word_1_686' title='bbox 560 4549 732 4601; x_wconf 87' lang='lat' dir='ltr'><strong>indies</strong></span> <span class='ocrx_word' id='word_1_687' title='bbox 761 4558 935 4602; x_wconf 90' lang='lat' dir='ltr'><strong>autem</strong></span> <span class='ocrx_word' id='word_1_688' title='bbox 954 4549 1151 4603; x_wconf 90' lang='lat' dir='ltr'><strong>Christi</strong></span> <span class='ocrx_word' id='word_1_689' title='bbox 1178 4550 1562 4618; x_wconf 86' lang='lat' dir='ltr'><strong>redemptionis</strong></span> <span class='ocrx_word' id='word_1_690' title='bbox 1589 4550 1737 4604; x_wconf 90' lang='lat' dir='ltr'><strong>lucra</strong></span> <span class='ocrx_word' id='word_1_691' title='bbox 1758 4552 1865 4605; x_wconf 85' lang='lat' dir='ltr'><strong>illic</strong></span> 
     </span>
    </p>
   </div>
   <div class='ocr_carea' id='block_1_92' title="bbox 309 4638 1828 4701">
    <p class='ocr_par' dir='ltr' id='par_1_92' title="bbox 309 4638 1828 4701">
     <span class='ocr_line' id='line_1_92' title="bbox 309 4638 1828 4701; baseline 0.002 -10"><span class='ocrx_word' id='word_1_692' title='bbox 309 4649 635 4701; x_wconf 90' lang='lat' dir='ltr'><strong>crescerent,</strong></span> <span class='ocrx_word' id='word_1_693' title='bbox 665 4638 927 4692; x_wconf 89' lang='lat' dir='ltr'><strong>etdiaboli</strong></span> <span class='ocrx_word' id='word_1_694' title='bbox 960 4648 1139 4693; x_wconf 89' lang='lat' dir='ltr'><strong>essent</strong></span> <span class='ocrx_word' id='word_1_695' title='bbox 1169 4639 1361 4692; x_wconf 86' lang='lat' dir='ltr'><strong>damna</strong></span> <span class='ocrx_word' id='word_1_696' title='bbox 1389 4641 1828 4695; x_wconf 90' lang='lat' dir='ltr'><strong>innumerabilia.</strong></span> 
     </span>
    </p>
   </div>
   <div class='ocr_carea' id='block_1_93' title="bbox 383 4726 1863 4791">
    <p class='ocr_par' dir='ltr' id='par_1_93' title="bbox 383 4726 1863 4791">
     <span class='ocr_line' id='line_1_93' title="bbox 383 4726 1863 4791; baseline 0.003 -12"><span class='ocrx_word' id='word_1_697' title='bbox 383 4726 572 4779; x_wconf 77' lang='lat' dir='ltr'><strong>XXIV.</strong></span> <span class='ocrx_word' id='word_1_698' title='bbox 603 4729 736 4779; x_wconf 92' lang='lat' dir='ltr'><strong>Cum</strong></span> <span class='ocrx_word' id='word_1_699' title='bbox 773 4728 885 4780; x_wconf 74' lang='lat' dir='ltr'><strong>hzec</strong></span> <span class='ocrx_word' id='word_1_700' title='bbox 919 4738 1097 4781; x_wconf 92' lang='lat' dir='ltr'><strong>autem</strong></span> <span class='ocrx_word' id='word_1_701' title='bbox 1136 4728 1343 4791; x_wconf 89' lang='lat' dir='ltr'><strong>fierent,</strong></span> <span class='ocrx_word' id='word_1_702' title='bbox 1378 4729 1692 4783; x_wconf 80' lang='lat' dir='ltr'><strong>Almachius</strong></span> <span class='ocrx_word' id='word_1_703' title='bbox 1712 4730 1863 4784; x_wconf 90' lang='lat' dir='ltr'><strong>urbis</strong></span> 
     </span>
    </p>
   </div>
   <div class='ocr_carea' id='block_1_94' title="bbox 314 4817 1864 4886">
    <p class='ocr_par' dir='ltr' id='par_1_94' title="bbox 314 4817 1864 4886">
     <span class='ocr_line' id='line_1_94' title="bbox 314 4817 1864 4886; baseline 0.002 -17"><span class='ocrx_word' id='word_1_704' title='bbox 314 4818 606 4885; x_wconf 73' lang='lat' dir='ltr'><strong>prchectus</strong></span> <span class='ocrx_word' id='word_1_705' title='bbox 658 4817 809 4885; x_wconf 81' lang='lat' dir='ltr'><strong>jubet</strong></span> <span class='ocrx_word' id='word_1_706' title='bbox 867 4832 1047 4870; x_wconf 88' lang='lat' dir='ltr'><strong>coram</strong></span> <span class='ocrx_word' id='word_1_707' title='bbox 1082 4833 1139 4870; x_wconf 90' lang='lat' dir='ltr'><strong>se</strong></span> <span class='ocrx_word' id='word_1_708' title='bbox 1191 4817 1307 4870; x_wconf 89' lang='lat' dir='ltr'><strong>sisti</strong></span> <span class='ocrx_word' id='word_1_709' title='bbox 1348 4818 1652 4885; x_wconf 52' lang='lat' dir='ltr'><strong>Carciliam,</strong></span> <span class='ocrx_word' id='word_1_710' title='bbox 1704 4835 1864 4886; x_wconf 85' lang='lat' dir='ltr'><strong>quam</strong></span> 
     </span>
    </p>
   </div>
   <div class='ocr_carea' id='block_1_95' title="bbox 320 4906 1865 4975">
    <p class='ocr_par' dir='ltr' id='par_1_95' title="bbox 320 4906 1865 4975">
     <span class='ocr_line' id='line_1_95' title="bbox 320 4906 1865 4975; baseline 0.001 -14"><span class='ocrx_word' id='word_1_711' title='bbox 320 4912 685 4975; x_wconf 79' lang='lat' dir='ltr'><strong>interrogans,</strong></span> <span class='ocrx_word' id='word_1_712' title='bbox 716 4909 763 4961; x_wconf 91' lang='lat' dir='ltr'><strong>ei</strong></span> <span class='ocrx_word' id='word_1_713' title='bbox 801 4908 979 4960; x_wconf 89' lang='lat' dir='ltr'><strong>dicit:</strong></span> <span class='ocrx_word' id='word_1_714' title='bbox 1038 4906 1191 4971; x_wconf 87' lang='lat' dir='ltr'><strong>Quod</strong></span> <span class='ocrx_word' id='word_1_715' title='bbox 1228 4919 1311 4960; x_wconf 87' lang='lat' dir='ltr'><strong>est</strong></span> <span class='ocrx_word' id='word_1_716' title='bbox 1360 4924 1555 4961; x_wconf 91' lang='lat' dir='ltr'><strong>nomen</strong></span> <span class='ocrx_word' id='word_1_717' title='bbox 1611 4919 1786 4971; x_wconf 87' lang='lat' dir='ltr'><strong>tuum,</strong></span> <span class='ocrx_word' id='word_1_718' title='bbox 1834 4924 1865 4963; x_wconf 92' lang='grc' dir='ltr'>ο</span> 
     </span>
    </p>
   </div>
   <div class='ocr_carea' id='block_1_96' title="bbox 319 4998 1866 5068">
    <p class='ocr_par' dir='ltr' id='par_1_96' title="bbox 319 4998 1866 5068">
     <span class='ocr_line' id='line_1_96' title="bbox 319 4998 1866 5068; baseline 0.003 -18"><span class='ocrx_word' id='word_1_719' title='bbox 319 5000 535 5067; x_wconf 90' lang='lat' dir='ltr'><strong>puella?</strong></span> <span class='ocrx_word' id='word_1_720' title='bbox 569 4999 1063 5066; x_wconf 76' lang='lat' dir='ltr'><strong>Responditsancta</strong></span> <span class='ocrx_word' id='word_1_721' title='bbox 1101 4998 1365 5051; x_wconf 72' lang='lat' dir='ltr'><strong>:Cazcilia.</strong></span> <span class='ocrx_word' id='word_1_722' title='bbox 1402 5000 1543 5051; x_wconf 85' lang='lat' dir='ltr'><strong>Dixit</strong></span> <span class='ocrx_word' id='word_1_723' title='bbox 1581 5001 1866 5068; x_wconf 60' lang='lat' dir='ltr'><strong>praefectus</strong></span> 
     </span>
    </p>
   </div>
   <div class='ocr_carea' id='block_1_97' title="bbox 316 5088 1863 5158">
    <p class='ocr_par' dir='ltr' id='par_1_97' title="bbox 316 5088 1863 5158">
     <span class='ocr_line' id='line_1_97' title="bbox 316 5088 1863 5158; baseline 0.001 -14"><span class='ocrx_word' id='word_1_724' title='bbox 316 5091 631 5144; x_wconf 78' lang='lat' dir='ltr'><strong>Almachius</strong></span> <span class='ocrx_word' id='word_1_725' title='bbox 662 5088 859 5158; x_wconf 84' lang='lat' dir='ltr'><strong>:Cujus</strong></span> <span class='ocrx_word' id='word_1_726' title='bbox 902 5104 959 5142; x_wconf 90' lang='lat' dir='ltr'><strong>es</strong></span> <span class='ocrx_word' id='word_1_727' title='bbox 1026 5089 1392 5143; x_wconf 89' lang='lat' dir='ltr'><strong>conditionis?</strong></span> <span class='ocrx_word' id='word_1_728' title='bbox 1439 5090 1582 5142; x_wconf 77' lang='lat' dir='ltr'><strong>Dixit</strong></span> <span class='ocrx_word' id='word_1_729' title='bbox 1616 5090 1822 5144; x_wconf 66' lang='lat' dir='ltr'><strong>(Ian-ilia</strong></span> <span class='ocrx_word' id='word_1_730' title='bbox 1851 5110 1863 5145; x_wconf 88' lang='lat'><strong>:</strong></span> 
     </span>
    </p>
   </div>
   <div class='ocr_carea' id='block_1_98' title="bbox 321 5180 1867 5251">
    <p class='ocr_par' dir='ltr' id='par_1_98' title="bbox 321 5180 1867 5251">
     <span class='ocr_line' id='line_1_98' title="bbox 321 5180 1867 5251; baseline -0.001 -16"><span class='ocrx_word' id='word_1_731' title='bbox 321 5186 555 5251; x_wconf 86' lang='lat' dir='ltr'><strong>Ingenua</strong></span> <span class='ocrx_word' id='word_1_732' title='bbox 599 5198 666 5234; x_wconf 81' lang='lat' dir='ltr'><strong>ex</strong></span> <span class='ocrx_word' id='word_1_733' title='bbox 716 5182 1055 5233; x_wconf 82' lang='lat' dir='ltr'><strong>clarissimis.</strong></span> <span class='ocrx_word' id='word_1_734' title='bbox 1111 5180 1253 5231; x_wconf 83' lang='lat' dir='ltr'><strong>Dixit</strong></span> <span class='ocrx_word' id='word_1_735' title='bbox 1306 5180 1628 5249; x_wconf 61' lang='lat' dir='ltr'><strong>praefecws:</strong></span> <span class='ocrx_word' id='word_1_736' title='bbox 1668 5181 1776 5247; x_wconf 86' lang='lat' dir='ltr'><strong>Ego</strong></span> <span class='ocrx_word' id='word_1_737' title='bbox 1817 5191 1867 5234; x_wconf 91' lang='lat' dir='ltr'><strong>te</strong></span> 
     </span>
    </p>
   </div>
   <div class='ocr_carea' id='block_1_99' title="bbox 322 5268 1867 5339">
    <p class='ocr_par' dir='ltr' id='par_1_99' title="bbox 322 5268 1867 5339">
     <span class='ocr_line' id='line_1_99' title="bbox 322 5268 1867 5339; baseline -0.001 -16"><span class='ocrx_word' id='word_1_738' title='bbox 322 5287 456 5339; x_wconf 83' lang='lat' dir='ltr'><strong>rogo</strong></span> <span class='ocrx_word' id='word_1_739' title='bbox 483 5272 548 5323; x_wconf 90' lang='lat' dir='ltr'><strong>de</strong></span> <span class='ocrx_word' id='word_1_740' title='bbox 595 5269 877 5336; x_wconf 77' lang='lat' dir='ltr'><strong>religione,</strong></span> <span class='ocrx_word' id='word_1_741' title='bbox 928 5284 1035 5321; x_wconf 82' lang='lat' dir='ltr'><strong>non</strong></span> <span class='ocrx_word' id='word_1_742' title='bbox 1089 5277 1270 5321; x_wconf 88' lang='lat' dir='ltr'><strong>autem</strong></span> <span class='ocrx_word' id='word_1_743' title='bbox 1334 5269 1643 5335; x_wconf 87' lang='lat' dir='ltr'><strong>degenere.</strong></span> <span class='ocrx_word' id='word_1_744' title='bbox 1676 5268 1867 5321; x_wconf 90' lang='lat' dir='ltr'><strong>Sancta</strong></span> 
     </span>
    </p>
   </div>
   <div class='ocr_carea' id='block_1_100' title="bbox 321 5358 1865 5426">
    <p class='ocr_par' dir='ltr' id='par_1_100' title="bbox 321 5358 1865 5426">
     <span class='ocr_line' id='line_1_100' title="bbox 321 5358 1865 5426; baseline -0.003 -12"><span class='ocrx_word' id='word_1_745' title='bbox 321 5360 688 5414; x_wconf 70' lang='lat' dir='ltr'><strong>dixitCa&#39;cilia</strong></span> <span class='ocrx_word' id='word_1_746' title='bbox 726 5377 739 5412; x_wconf 90' lang='lat'><strong>:</strong></span> <span class='ocrx_word' id='word_1_747' title='bbox 776 5358 1131 5426; x_wconf 83' lang='lat' dir='ltr'><strong>interrogatio</strong></span> <span class='ocrx_word' id='word_1_748' title='bbox 1166 5366 1253 5409; x_wconf 86' lang='lat' dir='ltr'><strong>tua</strong></span> <span class='ocrx_word' id='word_1_749' title='bbox 1301 5358 1522 5410; x_wconf 91' lang='lat' dir='ltr'><strong>stultum</strong></span> <span class='ocrx_word' id='word_1_750' title='bbox 1552 5359 1865 5426; x_wconf 84' lang='lat' dir='ltr'><strong>ccpitprin-</strong></span> 
     </span>
    </p>
   </div>
   <div class='ocr_carea' id='block_1_101' title="bbox 321 5448 1865 5521">
    <p class='ocr_par' dir='ltr' id='par_1_101' title="bbox 321 5448 1865 5521">
     <span class='ocr_line' id='line_1_101' title="bbox 321 5448 1865 5521; baseline -0.005 -15"><span class='ocrx_word' id='word_1_751' title='bbox 321 5453 547 5521; x_wconf 91' lang='lat' dir='ltr'><strong>cipium,</strong></span> <span class='ocrx_word' id='word_1_752' title='bbox 580 5466 698 5518; x_wconf 68' lang='lat' dir='ltr'><strong>quin</strong></span> <span class='ocrx_word' id='word_1_753' title='bbox 727 5449 836 5503; x_wconf 89' lang='lat' dir='ltr'><strong>duo</strong></span> <span class='ocrx_word' id='word_1_754' title='bbox 874 5464 1129 5515; x_wconf 87' lang='lat' dir='ltr'><strong>responsa</strong></span> <span class='ocrx_word' id='word_1_755' title='bbox 1165 5449 1378 5501; x_wconf 88' lang='lat' dir='ltr'><strong>videtur</strong></span> <span class='ocrx_word' id='word_1_756' title='bbox 1416 5448 1613 5501; x_wconf 83' lang='lat' dir='ltr'><strong>elicere</strong></span> <span class='ocrx_word' id='word_1_757' title='bbox 1643 5464 1705 5499; x_wconf 83' lang='lat' dir='ltr'><strong>ex</strong></span> <span class='ocrx_word' id='word_1_758' title='bbox 1764 5464 1865 5499; x_wconf 81' lang='lat' dir='ltr'><strong>una</strong></span> 
     </span>
    </p>
   </div>
   <div class='ocr_carea' id='block_1_102' title="bbox 246 5534 1867 5609">
    <p class='ocr_par' dir='ltr' id='par_1_102' title="bbox 246 5534 1867 5609">
     <span class='ocr_line' id='line_1_102' title="bbox 246 5534 1867 5609; baseline 0 -21"><span class='ocrx_word' id='word_1_759' title='bbox 246 5594 253 5599; x_wconf 50' lang='grc'><strong><em>,</em></strong></span> <span class='ocrx_word' id='word_1_760' title='bbox 324 5543 645 5609; x_wconf 65' lang='lat' dir='ltr'><strong>quaestione.</strong></span> <span class='ocrx_word' id='word_1_761' title='bbox 679 5538 818 5590; x_wconf 83' lang='lat' dir='ltr'><strong>Dixit</strong></span> <span class='ocrx_word' id='word_1_762' title='bbox 848 5537 1130 5603; x_wconf 68' lang='lat' dir='ltr'><strong>praefectus</strong></span> <span class='ocrx_word' id='word_1_763' title='bbox 1164 5554 1174 5587; x_wconf 74' lang='grc' dir='ltr'>ε</span> <span class='ocrx_word' id='word_1_764' title='bbox 1210 5534 1486 5589; x_wconf 86' lang='lat' dir='ltr'><strong>Undenam</strong></span> <span class='ocrx_word' id='word_1_765' title='bbox 1518 5546 1599 5587; x_wconf 72' lang='grc' dir='ltr'><strong>ρει</strong></span> <span class='ocrx_word' id='word_1_766' title='bbox 1632 5534 1728 5587; x_wconf 86' lang='lat' dir='ltr'><strong>tibi</strong></span> <span class='ocrx_word' id='word_1_767' title='bbox 1753 5536 1867 5589; x_wconf 67' lang='lat' dir='ltr'><strong>haec</strong></span> 
     </span>
    </p>
   </div>
   <div class='ocr_carea' id='block_1_103' title="bbox 328 5625 1865 5696">
    <p class='ocr_par' dir='ltr' id='par_1_103' title="bbox 328 5625 1865 5696">
     <span class='ocr_line' id='line_1_103' title="bbox 328 5625 1865 5696; baseline -0.004 -10"><span class='ocrx_word' id='word_1_768' title='bbox 328 5632 563 5686; x_wconf 76' lang='lat' dir='ltr'><strong>fiducia?</strong></span> <span class='ocrx_word' id='word_1_769' title='bbox 600 5629 893 5696; x_wconf 77' lang='lat' dir='ltr'><strong>Respondit</strong></span> <span class='ocrx_word' id='word_1_770' title='bbox 950 5637 1131 5680; x_wconf 88' lang='lat' dir='ltr'><strong>sancta</strong></span> <span class='ocrx_word' id='word_1_771' title='bbox 1171 5626 1280 5678; x_wconf 80' lang='lat' dir='ltr'><strong>:Ex</strong></span> <span class='ocrx_word' id='word_1_772' title='bbox 1326 5625 1463 5677; x_wconf 85' lang='lat' dir='ltr'><strong>bona</strong></span> <span class='ocrx_word' id='word_1_773' title='bbox 1505 5626 1865 5681; x_wconf 81' lang='lat' dir='ltr'><strong>conscientia.</strong></span> 
     </span>
    </p>
   </div>
   <div class='ocr_carea' id='block_1_104' title="bbox 328 5714 1864 5783">
    <p class='ocr_par' dir='ltr' id='par_1_104' title="bbox 328 5714 1864 5783">
     <span class='ocr_line' id='line_1_104' title="bbox 328 5714 1864 5783; baseline -0.001 -12"><span class='ocrx_word' id='word_1_774' title='bbox 328 5731 381 5773; x_wconf 85' lang='lat' dir='ltr'><strong>et</strong></span> <span class='ocrx_word' id='word_1_775' title='bbox 434 5720 533 5771; x_wconf 78' lang='lat' dir='ltr'><strong>fide</strong></span> <span class='ocrx_word' id='word_1_776' title='bbox 581 5733 684 5769; x_wconf 87' lang='lat' dir='ltr'><strong>non</strong></span> <span class='ocrx_word' id='word_1_777' title='bbox 738 5718 1005 5770; x_wconf 87' lang='lat' dir='ltr'><strong>simulata.</strong></span> <span class='ocrx_word' id='word_1_778' title='bbox 1061 5715 1194 5767; x_wconf 79' lang='lat' dir='ltr'><strong>Dixit</strong></span> <span class='ocrx_word' id='word_1_779' title='bbox 1262 5714 1589 5781; x_wconf 60' lang='lat' dir='ltr'><strong>prmfectus:</strong></span> <span class='ocrx_word' id='word_1_780' title='bbox 1648 5716 1864 5783; x_wconf 79' lang='lat' dir='ltr'><strong>Ignoras</strong></span> 
     </span>
    </p>
   </div>
   <div class='ocr_carea' id='block_1_105' title="bbox 1966 4540 3511 4612">
    <p class='ocr_par' dir='ltr' id='par_1_105' title="bbox 1966 4540 3511 4612">
     <span class='ocr_line' id='line_1_105' title="bbox 1966 4540 3511 4612; baseline 0.003 -17"><span class='ocrx_word' id='word_1_781' title='bbox 1966 4540 2285 4595; x_wconf 83' lang='lat' dir='ltr'><strong>Amalchius</strong></span> <span class='ocrx_word' id='word_1_782' title='bbox 2322 4558 2333 4593; x_wconf 91' lang='lat'><strong>:</strong></span> <span class='ocrx_word' id='word_1_783' title='bbox 2373 4542 2584 4595; x_wconf 83' lang='lat' dir='ltr'><strong>Adsunt</strong></span> <span class='ocrx_word' id='word_1_784' title='bbox 2628 4554 2991 4608; x_wconf 90' lang='lat' dir='ltr'><strong>accusatores,</strong></span> <span class='ocrx_word' id='word_1_785' title='bbox 3028 4544 3118 4612; x_wconf 93' lang='lat' dir='ltr'><strong>qui</strong></span> <span class='ocrx_word' id='word_1_786' title='bbox 3165 4552 3429 4597; x_wconf 89' lang='lat' dir='ltr'><strong>testantur</strong></span> <span class='ocrx_word' id='word_1_787' title='bbox 3460 4554 3511 4599; x_wconf 88' lang='lat' dir='ltr'><strong>te</strong></span> 
     </span>
    </p>
   </div>
   <div class='ocr_carea' id='block_1_106' title="bbox 1964 4632 3500 4705">
    <p class='ocr_par' dir='ltr' id='par_1_106' title="bbox 1964 4632 3500 4705">
     <span class='ocr_line' id='line_1_106' title="bbox 1964 4632 3500 4705; baseline 0.003 -19"><span class='ocrx_word' id='word_1_788' title='bbox 1964 4647 2083 4686; x_wconf 88' lang='lat' dir='ltr'><strong>esse</strong></span> <span class='ocrx_word' id='word_1_789' title='bbox 2107 4632 2491 4687; x_wconf 88' lang='lat' dir='ltr'><strong>Christianam.</strong></span> <span class='ocrx_word' id='word_1_790' title='bbox 2534 4632 2589 4686; x_wconf 93' lang='lat' dir='ltr'><strong>Si</strong></span> <span class='ocrx_word' id='word_1_791' title='bbox 2648 4649 2777 4702; x_wconf 88' lang='lat' dir='ltr'><strong>ergo</strong></span> <span class='ocrx_word' id='word_1_792' title='bbox 2832 4636 3227 4703; x_wconf 91' lang='lat' dir='ltr'><strong>quamprimum</strong></span> <span class='ocrx_word' id='word_1_793' title='bbox 3284 4651 3500 4705; x_wconf 84' lang='lat' dir='ltr'><strong>negave-</strong></span> 
     </span>
    </p>
   </div>
   <div class='ocr_carea' id='block_1_107' title="bbox 1967 4724 3509 4793">
    <p class='ocr_par' dir='ltr' id='par_1_107' title="bbox 1967 4724 3509 4793">
     <span class='ocr_line' id='line_1_107' title="bbox 1967 4724 3509 4793; baseline 0.001 -18"><span class='ocrx_word' id='word_1_794' title='bbox 1967 4724 2057 4783; x_wconf 83' lang='lat' dir='ltr'><strong>ris,</strong></span> <span class='ocrx_word' id='word_1_795' title='bbox 2125 4724 2369 4793; x_wconf 89' lang='lat' dir='ltr'><strong>impones</strong></span> <span class='ocrx_word' id='word_1_796' title='bbox 2453 4724 2609 4777; x_wconf 83' lang='lat' dir='ltr'><strong>finem</strong></span> <span class='ocrx_word' id='word_1_797' title='bbox 2661 4740 2848 4778; x_wconf 92' lang='lat' dir='ltr'><strong>eorum</strong></span> <span class='ocrx_word' id='word_1_798' title='bbox 2909 4724 3363 4778; x_wconf 84' lang='lat' dir='ltr'><strong>accusationibus.</strong></span> <span class='ocrx_word' id='word_1_799' title='bbox 3420 4726 3509 4777; x_wconf 92' lang='lat' dir='ltr'><strong>Sin</strong></span> 
     </span>
    </p>
   </div>
   <div class='ocr_carea' id='block_1_108' title="bbox 1962 4813 3512 4882">
    <p class='ocr_par' dir='ltr' id='par_1_108' title="bbox 1962 4813 3512 4882">
     <span class='ocr_line' id='line_1_108' title="bbox 1962 4813 3512 4882; baseline -0.003 -15"><span class='ocrx_word' id='word_1_800' title='bbox 1962 4824 2142 4868; x_wconf 88' lang='lat' dir='ltr'><strong>autem</strong></span> <span class='ocrx_word' id='word_1_801' title='bbox 2232 4814 2467 4867; x_wconf 87' lang='lat' dir='ltr'><strong>nolueris</strong></span> <span class='ocrx_word' id='word_1_802' title='bbox 2532 4828 2748 4881; x_wconf 84' lang='lat' dir='ltr'><strong>negare,</strong></span> <span class='ocrx_word' id='word_1_803' title='bbox 2833 4813 2936 4866; x_wconf 91' lang='lat' dir='ltr'><strong>hoc</strong></span> <span class='ocrx_word' id='word_1_804' title='bbox 3030 4822 3133 4867; x_wconf 75' lang='lat' dir='ltr'><strong>tua:</strong></span> <span class='ocrx_word' id='word_1_805' title='bbox 3218 4814 3512 4882; x_wconf 76' lang='lat' dir='ltr'><strong>imputabis</strong></span> 
     </span>
    </p>
   </div>
   <div class='ocr_carea' id='block_1_109' title="bbox 1968 4901 3513 4971">
    <p class='ocr_par' dir='ltr' id='par_1_109' title="bbox 1968 4901 3513 4971">
     <span class='ocr_line' id='line_1_109' title="bbox 1968 4901 3513 4971; baseline -0.003 -14"><span class='ocrx_word' id='word_1_806' title='bbox 1968 4903 2235 4965; x_wconf 61' lang='lat' dir='ltr'><strong>amentiae,</strong></span> <span class='ocrx_word' id='word_1_807' title='bbox 2269 4901 2485 4971; x_wconf 90' lang='lat' dir='ltr'><strong>quando</strong></span> <span class='ocrx_word' id='word_1_808' title='bbox 2539 4902 2591 4954; x_wconf 94' lang='lat' dir='ltr'><strong>in</strong></span> <span class='ocrx_word' id='word_1_809' title='bbox 2646 4912 2697 4955; x_wconf 90' lang='lat' dir='ltr'><strong>te</strong></span> <span class='ocrx_word' id='word_1_810' title='bbox 2724 4903 2827 4954; x_wconf 89' lang='lat' dir='ltr'><strong>lata</strong></span> <span class='ocrx_word' id='word_1_811' title='bbox 2858 4903 3020 4955; x_wconf 88' lang='lat' dir='ltr'><strong>fuerit</strong></span> <span class='ocrx_word' id='word_1_812' title='bbox 3054 4903 3338 4956; x_wconf 88' lang='lat' dir='ltr'><strong>sententia.</strong></span> <span class='ocrx_word' id='word_1_813' title='bbox 3373 4904 3513 4954; x_wconf 83' lang='lat' dir='ltr'><strong>Dixit</strong></span> 
     </span>
    </p>
   </div>
   <div class='ocr_carea' id='block_1_110' title="bbox 1968 4991 3509 5046">
    <p class='ocr_par' dir='ltr' id='par_1_110' title="bbox 1968 4991 3509 5046">
     <span class='ocr_line' id='line_1_110' title="bbox 1968 4991 3509 5046; baseline -0.001 0"><span class='ocrx_word' id='word_1_814' title='bbox 1968 5003 2147 5046; x_wconf 88' lang='lat' dir='ltr'><strong>sancta</strong></span> <span class='ocrx_word' id='word_1_815' title='bbox 2184 4991 2393 5046; x_wconf 61' lang='lat' dir='ltr'><strong>Carcilia</strong></span> <span class='ocrx_word' id='word_1_816' title='bbox 2432 5008 2441 5042; x_wconf 97' lang='lat'>:</span> <span class='ocrx_word' id='word_1_817' title='bbox 2482 4991 2677 5043; x_wconf 80' lang='lat' dir='ltr'><strong>Eorum</strong></span> <span class='ocrx_word' id='word_1_818' title='bbox 2716 4992 2989 5043; x_wconf 88' lang='lat' dir='ltr'><strong>accusatio</strong></span> <span class='ocrx_word' id='word_1_819' title='bbox 3014 5001 3096 5044; x_wconf 92' lang='lat' dir='ltr'><strong>est</strong></span> <span class='ocrx_word' id='word_1_820' title='bbox 3131 4992 3260 5043; x_wconf 91' lang='lat' dir='ltr'><strong>mihi</strong></span> <span class='ocrx_word' id='word_1_821' title='bbox 3297 4993 3509 5044; x_wconf 88' lang='lat' dir='ltr'><strong>deside-</strong></span> 
     </span>
    </p>
   </div>
   <div class='ocr_carea' id='block_1_111' title="bbox 1969 5080 3511 5150">
    <p class='ocr_par' dir='ltr' id='par_1_111' title="bbox 1969 5080 3511 5150">
     <span class='ocr_line' id='line_1_111' title="bbox 1969 5080 3511 5150; baseline 0 -17"><span class='ocrx_word' id='word_1_822' title='bbox 1969 5081 2155 5141; x_wconf 90' lang='lat' dir='ltr'><strong>randa.</strong></span> <span class='ocrx_word' id='word_1_823' title='bbox 2214 5090 2265 5133; x_wconf 92' lang='lat' dir='ltr'><strong>et</strong></span> <span class='ocrx_word' id='word_1_824' title='bbox 2300 5080 2512 5148; x_wconf 91' lang='lat' dir='ltr'><strong>punitio</strong></span> <span class='ocrx_word' id='word_1_825' title='bbox 2567 5090 2655 5133; x_wconf 90' lang='lat' dir='ltr'><strong>tua</strong></span> <span class='ocrx_word' id='word_1_826' title='bbox 2687 5088 2770 5132; x_wconf 90' lang='lat' dir='ltr'><strong>est</strong></span> <span class='ocrx_word' id='word_1_827' title='bbox 2799 5080 3047 5134; x_wconf 87' lang='lat' dir='ltr'><strong>victoria.</strong></span> <span class='ocrx_word' id='word_1_828' title='bbox 3101 5080 3221 5136; x_wconf 88' lang='lat' dir='ltr'><strong>Noli</strong></span> <span class='ocrx_word' id='word_1_829' title='bbox 3270 5096 3353 5134; x_wconf 93' lang='lat' dir='ltr'><strong>me</strong></span> <span class='ocrx_word' id='word_1_830' title='bbox 3384 5098 3511 5150; x_wconf 88' lang='lat' dir='ltr'><strong>ergo</strong></span> 
     </span>
    </p>
   </div>
   <div class='ocr_carea' id='block_1_112' title="bbox 1969 5164 3508 5242">
    <p class='ocr_par' dir='ltr' id='par_1_112' title="bbox 1969 5164 3508 5242">
     <span class='ocr_line' id='line_1_112' title="bbox 1969 5164 3508 5242; baseline -0.002 -15"><span class='ocrx_word' id='word_1_831' title='bbox 1969 5174 2241 5242; x_wconf 88' lang='lat' dir='ltr'><strong>corrigere</strong></span> <span class='ocrx_word' id='word_1_832' title='bbox 2272 5180 2521 5241; x_wconf 89' lang='lat' dir='ltr'><strong>tanquam</strong></span> <span class='ocrx_word' id='word_1_833' title='bbox 2546 5181 2815 5224; x_wconf 85' lang='lat' dir='ltr'><strong>errantem</strong></span> <span class='ocrx_word' id='word_1_834' title='bbox 2845 5189 2856 5224; x_wconf 76' lang='grc' dir='ltr'><strong>ι</strong></span> <span class='ocrx_word' id='word_1_835' title='bbox 2883 5174 2972 5225; x_wconf 92' lang='lat' dir='ltr'><strong>sed</strong></span> <span class='ocrx_word' id='word_1_836' title='bbox 3006 5173 3232 5239; x_wconf 89' lang='lat' dir='ltr'><strong>teipsum</strong></span> <span class='ocrx_word' id='word_1_837' title='bbox 3270 5164 3508 5239; x_wconf 81' lang='lat' dir='ltr'><strong>increpa,</strong></span> 
     </span>
    </p>
   </div>
   <div class='ocr_carea' id='block_1_113' title="bbox 1968 5261 3513 5333">
    <p class='ocr_par' dir='ltr' id='par_1_113' title="bbox 1968 5261 3513 5333">
     <span class='ocr_line' id='line_1_113' title="bbox 1968 5261 3513 5333; baseline 0 -17"><span class='ocrx_word' id='word_1_838' title='bbox 1968 5265 2057 5333; x_wconf 92' lang='lat' dir='ltr'><strong>qui</strong></span> <span class='ocrx_word' id='word_1_839' title='bbox 2116 5261 2394 5316; x_wconf 83' lang='lat' dir='ltr'><strong>existimas</strong></span> <span class='ocrx_word' id='word_1_840' title='bbox 2473 5262 2585 5315; x_wconf 86' lang='lat' dir='ltr'><strong>fore</strong></span> <span class='ocrx_word' id='word_1_841' title='bbox 2665 5271 2722 5314; x_wconf 92' lang='lat' dir='ltr'><strong>ut</strong></span> <span class='ocrx_word' id='word_1_842' title='bbox 2772 5261 3044 5315; x_wconf 87' lang='lat' dir='ltr'><strong>Christum</strong></span> <span class='ocrx_word' id='word_1_843' title='bbox 3102 5278 3310 5330; x_wconf 85' lang='lat' dir='ltr'><strong>negem.</strong></span> <span class='ocrx_word' id='word_1_844' title='bbox 3372 5264 3513 5316; x_wconf 74' lang='lat' dir='ltr'><strong>Dixit</strong></span> 
     </span>
    </p>
   </div>
   <div class='ocr_carea' id='block_1_114' title="bbox 1970 5353 3510 5424">
    <p class='ocr_par' dir='ltr' id='par_1_114' title="bbox 1970 5353 3510 5424">
     <span class='ocr_line' id='line_1_114' title="bbox 1970 5353 3510 5424; baseline -0.003 -17"><span class='ocrx_word' id='word_1_845' title='bbox 1970 5354 2295 5424; x_wconf 64' lang='lat' dir='ltr'><strong>prmfectus:</strong></span> <span class='ocrx_word' id='word_1_846' title='bbox 2336 5353 2545 5413; x_wconf 69' lang='lat' dir='ltr'><strong>Misera,</strong></span> <span class='ocrx_word' id='word_1_847' title='bbox 2571 5354 2746 5405; x_wconf 89' lang='lat' dir='ltr'><strong>nescis</strong></span> <span class='ocrx_word' id='word_1_848' title='bbox 2775 5355 2895 5406; x_wconf 80' lang='lat' dir='ltr'><strong>vit-.e</strong></span> <span class='ocrx_word' id='word_1_849' title='bbox 2917 5363 2969 5405; x_wconf 91' lang='lat' dir='ltr'><strong>et</strong></span> <span class='ocrx_word' id='word_1_850' title='bbox 3005 5353 3154 5405; x_wconf 87' lang='lat' dir='ltr'><strong>necis</strong></span> <span class='ocrx_word' id='word_1_851' title='bbox 3191 5364 3510 5420; x_wconf 89' lang='lat' dir='ltr'><strong>potestatem</strong></span> 
     </span>
    </p>
   </div>
   <div class='ocr_carea' id='block_1_115' title="bbox 1971 5442 3514 5511">
    <p class='ocr_par' dir='ltr' id='par_1_115' title="bbox 1971 5442 3514 5511">
     <span class='ocr_line' id='line_1_115' title="bbox 1971 5442 3514 5511; baseline -0.001 -15"><span class='ocrx_word' id='word_1_852' title='bbox 1971 5445 2100 5497; x_wconf 88' lang='lat' dir='ltr'><strong>mihi</strong></span> <span class='ocrx_word' id='word_1_853' title='bbox 2142 5444 2318 5496; x_wconf 88' lang='lat' dir='ltr'><strong>datam</strong></span> <span class='ocrx_word' id='word_1_854' title='bbox 2346 5457 2461 5495; x_wconf 88' lang='lat' dir='ltr'><strong>esse</strong></span> <span class='ocrx_word' id='word_1_855' title='bbox 2494 5444 2559 5495; x_wconf 88' lang='lat' dir='ltr'><strong>ab</strong></span> <span class='ocrx_word' id='word_1_856' title='bbox 2610 5443 3065 5509; x_wconf 77' lang='lat' dir='ltr'><strong>imperatoribus?</strong></span> <span class='ocrx_word' id='word_1_857' title='bbox 3114 5442 3223 5495; x_wconf 91' lang='lat' dir='ltr'><strong>Cur</strong></span> <span class='ocrx_word' id='word_1_858' title='bbox 3270 5445 3514 5511; x_wconf 68' lang='lat' dir='ltr'><strong>loqueris</strong></span> 
     </span>
    </p>
   </div>
   <div class='ocr_carea' id='block_1_116' title="bbox 1973 5531 3515 5597">
    <p class='ocr_par' dir='ltr' id='par_1_116' title="bbox 1973 5531 3515 5597">
     <span class='ocr_line' id='line_1_116' title="bbox 1973 5531 3515 5597; baseline -0.001 -11"><span class='ocrx_word' id='word_1_859' title='bbox 1973 5548 2095 5586; x_wconf 85' lang='lat' dir='ltr'><strong>cum</strong></span> <span class='ocrx_word' id='word_1_860' title='bbox 2172 5542 2316 5585; x_wconf 88' lang='lat' dir='ltr'><strong>tanta</strong></span> <span class='ocrx_word' id='word_1_861' title='bbox 2370 5531 2666 5597; x_wconf 86' lang='lat' dir='ltr'><strong>superbia?</strong></span> <span class='ocrx_word' id='word_1_862' title='bbox 2703 5532 2845 5584; x_wconf 81' lang='lat' dir='ltr'><strong>Dixit</strong></span> <span class='ocrx_word' id='word_1_863' title='bbox 2898 5541 3078 5589; x_wconf 79' lang='lat' dir='ltr'><strong>sancta</strong></span> <span class='ocrx_word' id='word_1_864' title='bbox 3121 5549 3133 5584; x_wconf 91' lang='lat'><strong>:</strong></span> <span class='ocrx_word' id='word_1_865' title='bbox 3181 5534 3299 5585; x_wconf 87' lang='lat' dir='ltr'><strong>Alio</strong></span> <span class='ocrx_word' id='word_1_866' title='bbox 3356 5535 3515 5585; x_wconf 77' lang='lat' dir='ltr'><strong>modo</strong></span> 
     </span>
    </p>
   </div>
   <div class='ocr_carea' id='block_1_117' title="bbox 1972 5606 3515 5690">
    <p class='ocr_par' dir='ltr' id='par_1_117' title="bbox 1972 5606 3515 5690">
     <span class='ocr_line' id='line_1_117' title="bbox 1972 5606 3515 5690; baseline -0.003 -13"><span class='ocrx_word' id='word_1_867' title='bbox 1972 5625 2097 5677; x_wconf 91' lang='lat' dir='ltr'><strong>licet</strong></span> <span class='ocrx_word' id='word_1_868' title='bbox 2160 5623 2341 5674; x_wconf 89' lang='lat' dir='ltr'><strong>dicere</strong></span> <span class='ocrx_word' id='word_1_869' title='bbox 2396 5621 2710 5688; x_wconf 90' lang='lat' dir='ltr'><strong>superbum,</strong></span> <span class='ocrx_word' id='word_1_870' title='bbox 2742 5630 2795 5674; x_wconf 89' lang='lat' dir='ltr'><strong>et</strong></span> <span class='ocrx_word' id='word_1_871' title='bbox 2841 5622 2944 5675; x_wconf 89' lang='lat' dir='ltr'><strong>alio</strong></span> <span class='ocrx_word' id='word_1_872' title='bbox 2994 5623 3377 5677; x_wconf 82' lang='lat' dir='ltr'><strong>confidentem.</strong></span> <span class='ocrx_word' id='word_1_873' title='bbox 3407 5606 3515 5690; x_wconf 73' lang='lat' dir='ltr'><strong>Ego</strong></span> 
     </span>
    </p>
   </div>
   <div class='ocr_carea' id='block_1_118' title="bbox 1973 5712 3510 5778">
    <p class='ocr_par' dir='ltr' id='par_1_118' title="bbox 1973 5712 3510 5778">
     <span class='ocr_line' id='line_1_118' title="bbox 1973 5712 3510 5778; baseline -0.004 -9"><span class='ocrx_word' id='word_1_874' title='bbox 1973 5713 2326 5771; x_wconf 81' lang='lat' dir='ltr'><strong>confidenter,</strong></span> <span class='ocrx_word' id='word_1_875' title='bbox 2364 5727 2468 5763; x_wconf 81' lang='lat' dir='ltr'><strong>non</strong></span> <span class='ocrx_word' id='word_1_876' title='bbox 2503 5722 2677 5765; x_wconf 89' lang='lat' dir='ltr'><strong>autem</strong></span> <span class='ocrx_word' id='word_1_877' title='bbox 2705 5713 2958 5778; x_wconf 84' lang='lat' dir='ltr'><strong>superbe,</strong></span> <span class='ocrx_word' id='word_1_878' title='bbox 3002 5728 3118 5766; x_wconf 91' lang='lat' dir='ltr'><strong>sum</strong></span> <span class='ocrx_word' id='word_1_879' title='bbox 3152 5712 3349 5765; x_wconf 83' lang='lat' dir='ltr'><strong>locuta.</strong></span> <span class='ocrx_word' id='word_1_880' title='bbox 3381 5713 3510 5769; x_wconf 66' lang='lat' dir='ltr'><strong>Nam</strong></span> 
     </span>
    </p>
   </div>
  </div>
