4270 6428
757 363 856 425 170

2004 355 2288 418 MENSIS
2329 355 2588 419 NOVEM
2600 360 2768 420 BER.

3861 361 3964 422 180

753 483 855 524 uos
885 483 1104 537 quoque
1136 470 1289 523 valde
1327 469 1608 538 rejicimus
1634 468 1969 536 superbiam.
2005 469 2086 524 Tu
2122 481 2305 523 autem
2335 474 2382 528 Α
2486 468 2673 525 XXVI.
2702 471 2856 526 Tunc
2883 471 3037 526 valde
3071 472 3244 526 iratus
3270 471 3610 534 Almacbius,
3637 470 3803 539 jussit
3844 484 3966 523 eam

755 564 796 612 si
839 576 946 617 non
984 562 1142 617 times
1173 561 1365 615 audire
1427 561 1730 623 veritatem,
1761 575 1952 615 rursus
2003 559 2212 617 docebo
2249 573 2299 618 te

753 666 901 706 nunc
932 652 1061 706 falsa
1092 666 1210 707 esse
1271 653 1535 707 locutum.
1591 651 1735 706 Dixit
1764 651 2079 708 Almacbius
2105 652 2297 722 praefe-

757 756 874 799 ctus
908 767 919 800 :
953 747 1220 812 Quidnam
1276 746 1396 802 falsi
1425 760 1486 800 es
1516 745 1571 798 iu
1613 745 1773 799 nobis
1823 746 2112 800 assecuta?
2154 745 2301 800 Dixit

755 847 939 890 sancta
972 839 1186 894 Caecilia
1217 857 1231 895 :
1265 839 1397 901 Hoc,
1450 836 1594 906 quod
1628 835 1858 890 afﬁrmas
1891 844 2014 891 tuos
2069 837 2302 905 impera-

758 937 904 980 tores
948 929 1043 981 tibi
1099 929 1316 985 dedisse
1351 929 1474 984 vita:
1506 937 1561 984 et
1595 929 1744 982 necis
1772 936 2115 997 potestatem.
2156 928 2300 982 Dixit

759 1014 1090 1077 prazfectus:
1155 1019 1296 1089 Ergo
1362 1034 1480 1074 sum
1529 1017 1832 1072 mentitus?
1893 1018 2088 1074 Sancta
2163 1019 2300 1073 dixit

757 1104 1018 1160 Caecilia:
1077 1108 1307 1174 Revera,
1357 1110 1401 1164 si
1450 1109 1664 1178 iubeas,
1719 1110 1912 1166 falsum
1967 1121 2024 1164 te
2097 1111 2298 1166 dixisse

760 1196 1062 1254 05lendam.
1114 1200 1257 1254 Dixit
1314 1201 1601 1270 prafectus
1652 1220 1665 1254 :
1721 1203 1836 1256 Dic.
1902 1201 2100 1257 Sancta
2166 1203 2304 1256 dixit

757 1286 966 1342 Czecilia
999 1307 1012 1341 :
1053 1290 1243 1345 Dixisti
1282 1301 1409 1347 tuos
1446 1293 1805 1364 imperatores
1836 1293 1935 1348 tibi
1959 1293 2178 1349 dedisse
2207 1309 2303 1363 po-

757 1387 1006 1432 testatem
1030 1380 1154 1434 vita:
1178 1390 1232 1436 et
1261 1381 1430 1436 necis.
1459 1381 1734 1452 Cognosce
1761 1383 1963 1452 itaque,
2000 1385 2096 1440 tibi
2123 1387 2298 1441 solum

759 1483 876 1521 esse
907 1471 1084 1526 datam
1109 1473 1299 1526 mortis
1330 1481 1669 1541 potestatem.
1702 1474 1834 1528 Nam
1871 1476 2037 1530 vitam
2081 1478 2300 1546 quidem

761 1573 970 1629 potesa
1001 1563 1141 1618 vivis
1197 1564 1423 1629 tollere;
1471 1565 1702 1619 mortuis
1757 1576 1937 1619 autem
1979 1581 2087 1620 non
2152 1577 2306 1637 potes

761 1655 890 1710 dare
919 1657 1106 1711 vitam.
1138 1656 1234 1712 Dic
1272 1671 1424 1727 ergo,
1466 1655 1609 1726 quod
1641 1656 1993 1724 imperatores
2038 1668 2090 1713 te
2113 1659 2306 1713 volue-

765 1756 890 1799 runt
929 1761 1049 1801 esse
1097 1747 1405 1801 ministrum
1459 1747 1669 1802 mortis.
1722 1747 1856 1802 Nam
1903 1750 1950 1804 si
1989 1760 2044 1804 tu
2075 1751 2309 1820 amplius

763 1838 989 1901 dixeris,
1043 1838 1474 1907 deprehenderis
1534 1839 1667 1894 falsa
1697 1839 1907 1907 dicere,
1937 1852 1990 1897 et
2041 1858 2161 1911 quae
2203 1859 2309 1899 non

763 1941 988 1996 possunt
1055 1931 1378 1986 consistere.
1424 1932 1573 1985 Dixit
1623 1931 1915 2001 praefectus
1948 1935 2308 1990 Almacbius:

765 2021 840 2073 Ne
868 2021 940 2073 sis
971 2022 1224 2086 verbosa,
1249 2037 1280 2076 ο
1304 2022 1521 2083 mulier.
1544 2022 1636 2076 sed
1663 2022 1731 2077 de
1762 2033 1960 2078 caatero
2022 2033 2168 2080 tuam
2212 2026 2311 2082 de-

767 2125 906 2177 pone
957 2111 1264 2173 audaciam,
1294 2120 1349 2165 et
1395 2113 1544 2176 veni,
1582 2123 1637 2167 et
1695 2113 1801 2170 diis
1852 2117 2115 2172 sacrifica.
2172 2118 2315 2172 Dixit

767 2210 952 2254 saneta
983 2199 1201 2255 Caecilia
1240 2219 1252 2254 :
1287 2201 1505 2263 Nescio.
1535 2204 1755 2258 ubinam
1787 2215 1911 2260 tuos
1960 2209 2151 2262 oculos
2175 2209 2312 2262 ami-

766 2290 923 2343 seris.
969 2290 1106 2344 Nam
1138 2306 1275 2359 quos
1299 2301 1352 2345 tu
1384 2293 1523 2348 dicis
1556 2293 1710 2358 deos,
1742 2311 1841 2365 ego
1891 2307 1946 2351 et
1976 2312 2187 2360 omnes,
2220 2300 2312 2368 qui

768 2387 894 2431 sunt
924 2380 1069 2435 sanis
1099 2381 1293 2446 oculis,
1320 2381 1569 2438 videmus
1602 2399 1732 2440 esse
1782 2387 2012 2453 lapides,
2055 2392 2120 2442 et‘
2147 2405 2239 2453 aes,
2260 2399 2316 2443 et

768 2473 1072 2538 plumbum.
1131 2475 1275 2526 Dixit
1313 2476 1670 2544 praefectus:
1734 2476 2076 2534 Contumelia
2148 2481 2316 2537 amcis

769 2563 1092 2632 religonem,
1125 2563 1396 2633 despectis
1439 2565 1801 2635 pbilosopbis,
1830 2585 1935 2622 non
1970 2586 2187 2640 possum
2216 2589 2315 2626 au-

773 2666 877 2710 tem
911 2655 1052 2709 ferre
1075 2655 1301 2709 deorum
1333 2659 1709 2712 contumelias.
1743 2660 1886 2716 Dixit
1917 2673 2102 2716 sancta
2148 2663 2318 2718 Caeci-

769 2747 839 2799 lia
869 2762 883 2800 :
921 2746 997 2800 Ex
1025 2759 1134 2815 quo
1173 2759 1236 2801 os
1271 2748 1554 2816 aperuisti,
1588 2749 1799 2804 nullum
1831 2752 2057 2807 verbum
2116 2753 2316 2821 fecisti,

769 2838 912 2905 quod
964 2852 1072 2891 non
1122 2845 1176 2892 te
1219 2839 1533 2894 ostenderet
1577 2840 1858 2910 injustum,
1893 2842 2236 2912 insipientem
2265 2856 2321 2900 et

769 2923 1018 2977 stultum.
1053 2922 1158 2978 Sed
1187 2925 1333 2980 enim
1358 2926 1616 2994 quidnam
1648 2928 1751 2983 boe
1769 2937 1876 2994 est,
1910 2932 2055 3001 quod
2080 2935 2320 2989 externis

769 3013 943 3068 oculis
965 3028 1085 3069 esse
1135 3031 1336 3070 cmcum
1372 3018 1637 3082 ostendis,
1700 3020 1916 3088 quando
1954 3024 2099 3092 quod
2132 3039 2321 3080 omnes

2418 561 2603 616 reduci
2651 564 2704 615 in
2761 563 2983 616 domum
3029 577 3202 627 suam,
3263 571 3320 618 et
3367 562 3480 616 illic
3512 562 3691 616 balnei
3751 561 3966 614 ﬂamma

2415 652 2610 706 torreri
2647 653 2746 722 (1).
2811 653 2945 707 Cum
2984 660 3164 706 autem
3196 661 3340 706 esset
3381 653 3436 707 in
3487 667 3614 707 aere
3653 651 3834 705 balnei
3882 651 3967 703 sui

2411 743 2643 805 inclusa,
2671 752 2726 798 et
2754 745 2949 798 subtus
2991 753 3107 797 toto
3129 743 3218 798 die
3251 754 3305 797 et
3336 755 3503 798 nocte
3524 758 3717 813 magna
3754 745 3837 794 vis
3867 756 3962 793 ar-

2407 835 2586 890 dentis
2611 835 2739 904 ligni
2765 837 3136 900 adhiberetur,
3169 847 3422 906 tanquam
3448 835 3500 889 in
3562 835 3682 889 loco
3738 833 3969 901 refrige-

2413 937 2529 981 rato
2560 927 2724 981 illaesa
2746 928 3046 996 permansit
3074 932 3313 990 etsalva,
3334 926 3546 980 Domini
3570 927 3740 995 gratia
3772 923 3968 986 :adeo,

2413 1029 2471 1074 ut
2500 1019 2646 1074 nulla
2680 1035 2802 1090 pars
2832 1021 3055 1074 omnino
3080 1035 3146 1074 ex
3178 1023 3298 1090 ejus
3319 1018 3582 1074 membris
3613 1019 3695 1072 vel
3729 1017 3960 1072 minimo

2415 1107 2633 1163 sudoris
2662 1109 2817 1178 signo
2859 1109 3027 1165 fuerit
3077 1111 3412 1164 humeCtata.
3445 1108 3598 1175 Quod
3651 1123 3774 1162 cum
3811 1107 3969 1160 audi-

2413 1201 2580 1255 visset
2603 1201 2916 1256 Almacliius
2952 1202 3261 1270 praefectus,
3294 1203 3426 1257 illuc
3467 1201 3616 1255 misit
3663 1201 3728 1254 ad
3764 1201 3963 1267 ipsam,

2415 1292 2557 1346 utin
2611 1293 2744 1360 ipsis
2772 1291 2980 1346 balneis
3029 1293 3078 1345 ei
3132 1301 3296 1360 caput
3331 1301 3728 1361 amputaretur.
3793 1289 3971 1352 Quam

2411 1383 2707 1452 Spiculator
2741 1383 2915 1436 tribus
2939 1382 3206 1451 percussit
3237 1382 3456 1444 ictibus,
3477 1390 3533 1434 et
3564 1394 3672 1433 uon
3700 1379 3880 1447 potuit
3907 1377 3958 1430 ei

2415 1485 2578 1543 caput
2608 1480 2908 1541 amputare.
2943 1473 3031 1528 Sic
3064 1482 3247 1527 autem
3270 1487 3392 1526 eam
3439 1471 3766 1540 semiputato
3795 1470 3976 1538 capite

2416 1565 2567 1620 ferus
2587 1573 2642 1618 et
2677 1563 3022 1618 crudelisille
3056 1563 3213 1617 lictor
3239 1549 3496 1632 reliquit;
3531 1561 3665 1615 adeo
3700 1569 3974 1614 utomnes

2419 1658 2614 1721 turbae,
2635 1674 2753 1727 qua.-
2778 1673 2875 1728 per
2895 1658 3040 1712 illam
3059 1657 3760 1725 crediderant,sanguinem
3789 1653 3976 1706 linteis

2418 1758 2672 1820 tanquam
2699 1749 2939 1819 spongiis
2962 1749 3267 1802 hauserint.
3297 1749 3494 1802 Tribus
3523 1757 3726 1804 autem,
3771 1745 3975 1812 quitus

2415 1839 2716 1908 supervixit
2749 1838 2964 1902 diebus,
2998 1853 3106 1892 non
3141 1839 3377 1892 cessavit
3403 1852 3614 1896 omnes,
3668 1851 3806 1901 quos
3838 1834 3976 1887 aluit

2414 1939 2469 1986 et
2500 1945 2638 1999 quos
2687 1929 2892 1991 docuit,
2923 1930 3246 2000 confirmare
3299 1938 3354 1982 et
3382 1928 3740 1983 corroborare
3775 1927 3827 1978 in
3870 1925 3974 1978 fide

2414 2019 2652 2074 Domini.
2684 2019 2894 2085 Quibus
2919 2019 3081 2071 etiam
3114 2018 3398 2071 distribuit
3431 2016 3633 2076 omnia.
3657 2032 3777 2084 qua:
3808 2014 3978 2067 babe-

2415 2113 2529 2178 bat,
2563 2122 2617 2166 et
2673 2112 3016 2166 sanctissimo
3068 2127 3215 2180 papae
3272 2111 3491 2166 Urbano
3547 2107 3973 2163 commendavit.

2414 2204 2510 2258 Cui
2546 2205 2708 2258 etiam
2749 2202 2886 2256 dixit
2924 2222 2934 2254 :
2975 2202 3163 2254 'l'rium
3207 2200 3421 2254 dierum
3472 2199 3605 2252 mihi
3642 2199 3749 2266 jam
3807 2196 3974 2265 petivi

2418 2293 2738 2354 terminum,
2766 2301 2827 2346 ut
2854 2293 3063 2346 tradam
3089 2293 3203 2346 haec
3254 2302 3360 2345 tua:
3399 2290 3696 2353 sanctitati,
3731 2300 3786 2342 et
3837 2288 3980 2340 banc

2417 2386 2639 2438 domum
2669 2399 2844 2437 meam
2872 2383 2926 2436 in
2971 2383 3228 2436 smeulum
3258 2381 3512 2459 Ecclesia:
3561 2381 3788 2435 nomine
3844 2396 3982 2435 con-

2417 2491 2616 2532 secres.
2674 2475 2913 2544 lmpletis
2968 2483 3148 2528 autem
3178 2474 3370 2538 tribus,
3400 2481 3456 2528 et
3507 2474 3672 2527 Deum
3718 2482 3979 2541 precante

2419 2574 2578 2627 beata
2597 2571 2834 2630 Caecilia.
2862 2585 2984 2624 cum
3008 2577 3193 2623 essent
3219 2568 3400 2624 adhuc
3421 2583 3609 2637 preces
3631 2571 3800 2622 inore
3828 2570 3973 2637 ejus.

2421 2664 2642 2718 tradidit
2681 2663 2970 2730 pretiosam
3029 2670 3084 2715 et
3145 2667 3390 2714 sanctam
3438 2673 3592 2713 suam
3626 2659 3865 2712 animam
3917 2656 3973 2710 in

2421 2770 2616 2810 manus
2648 2753 3022 2812 Deiviventis,
3074 2753 3276 2805 mensis
3334 2750 3655 2805 Novembris
3701 2749 3796 2802 22.
3828 2749 3985 2802 Tunc

2421 2844 2798 2900 sanctissimus
2835 2857 2971 2911 papa
3021 2840 3295 2903 Urbanus,
3345 2856 3470 2896 eum
3520 2840 3984 2910 gloriosissimum

2419 2936 2539 3004 ejus
2591 2947 2787 3002 corpus
2837 2931 3160 2986 subtulisset
3199 2937 3362 2983 noctu
3421 2943 3545 2983 cum
3586 2929 3860 2988 diaconis.
3893 2942 3985 2982 se-

2421 3026 2574 3096 pellit
2625 3024 2801 3093 ipsum
2847 3023 2991 3076 inter
3023 3023 3158 3075 alios
3221 3023 3457 3091 collegas
3498 3036 3628 3100 suos
3671 3022 3984 3089 episcopos.

770 3103 1005 3172 lapidem
1062 3119 1182 3159 esse
1213 3104 1533 3173 aspicimus,
1564 3116 1621 3162 et
1689 3108 1919 3177 lapidem
1959 3109 2228 3177 inutilem,
2262 3121 2315 3167 tu
2342 3127 2386 3189 (ζ
2423 3118 2513 3171 ubi
2561 3125 2688 3171 sunt
2713 3131 2902 3170 omnes
2941 3114 3280 3168 confessores
3308 3121 3364 3166 et
3417 3123 3684 3182 martyres
3716 3112 3975 3180 depositi.

771 3195 934 3248 deum
956 3209 1075 3250 esse
1106 3197 1451 3251 wstarileo
1484 3197 1602 3263 tibi,
1629 3200 1672 3253 si
1714 3199 1895 3268 jubes,
1931 3203 2323 3265 consilium,ct
2424 3211 2554 3280 Ejus
2585 3216 2765 3262 autem
2797 3212 3015 3259 domum
3077 3205 3130 3257 iu
3164 3215 3426 3258 :eternum
3476 3202 3816 3257 consecravit
3884 3217 3985 3255 no-

772 3297 895 3337 eum
927 3293 1170 3353 tangens,
1207 3284 1354 3339 disce
1385 3299 1504 3339 esse
1535 3285 1808 3354 lapidem;
1841 3289 1886 3342 si
1932 3305 2040 3344 non
2073 3292 2235 3356 nosti,
2267 3291 2320 3347 id

774 3374 1087 3442 aspiciens;
1118 3385 1203 3430 est
1233 3377 1380 3428 enim
1412 3374 1674 3439 dedecus.
1699 3392 1728 3431 a
1765 3386 1877 3432 toto
1906 3388 1959 3434 te
2023 3381 2202 3436 redire
2227 3398 2324 3451 po-

774 3466 920 3533 pulo.
945 3463 1148 3519 Omnes
1182 3469 1328 3519 enim
1356 3466 1536 3520 sciunt
1560 3468 1728 3520 Deum
1769 3482 1891 3522 esse
1924 3469 1979 3524 in
2013 3471 2187 3536 cmlis,
2213 3473 2326 3527 haec

773 3565 977 3619 autem,
1008 3564 1066 3610 ut
1091 3570 1210 3624 qua:
1231 3558 1338 3612 sint
1364 3557 1549 3611 formae
1577 3556 1817 3627 lapidem.
1850 3577 1945 3630 per
1974 3562 2148 3630 ignem
2171 3579 2326 3634 posse

777 3648 970 3702 melius
1000 3647 1194 3702 mutari
1267 3647 1320 3704 in
1347 3647 1549 3702 calcem
1585 3665 1597 3700 :
1628 3649 1883 3716 quoniam
1919 3653 2030 3720 jam
2083 3668 2182 3708 suo
2211 3655 2324 3710 otio

779 3747 1031 3806 pereunt,
1076 3747 1131 3791 et
1163 3753 1339 3807 neque
1392 3737 1511 3801 tibi,
1547 3739 1589 3793 si
1621 3739 1778 3793 simul
1819 3758 2028 3810 pereas.
2077 3760 2254 3816 neque
2278 3748 2323 3801 si

778 3843 831 3879 in
859 3827 1034 3894 ignem
1053 3826 1309 3895 conjecta:
1332 3825 1557 3891 fuerint,
1586 3827 1687 3880 sibi
1714 3836 1970 3896 poterunt
2009 3831 2318 3889 subvenire.

2427 3301 2570 3355 mine
2592 3306 2791 3353 sancta
2824 3295 3102 3356 Ecclesiae,
3122 3302 3175 3346 et
3203 3294 3314 3347 illic
3343 3302 3608 3363 perpetuo
3643 3301 3988 3360 peraguntur

2427 3399 2614 3446 sancta
2650 3388 2864 3442 Domini
2893 3386 3143 3456 mysteria
3174 3400 3345 3454 usque
3379 3385 3432 3438 in
3479 3384 3805 3437 hodiernum
3838 3383 3988 3435 diem

2432 3485 2488 3538 in
2522 3480 2839 3535 memoriam
2866 3478 3087 3546 quidem
3115 3476 3394 3546 martyris.
3425 3475 3653 3545 gloriam
3687 3483 3869 3527 autem
3927 3482 3986 3527 ct

2431 3571 2646 3628 laudem
2685 3569 2861 3638 magni
2895 3567 2989 3622 Dei
3021 3576 3077 3622 et
3096 3566 3399 3621 Servatoris
3441 3567 3613 3619 nostri
3649 3564 3782 3619 Jesu
3819 3563 3987 3616 Clari~

2433 3662 2501 3716 sti
2538 3659 2666 3714 :cui
2702 3657 2869 3727 gloria
2929 3664 2986 3711 et
3013 3655 3255 3726 potentia
3282 3669 3429 3708 nunc
3484 3665 3539 3709 et
3573 3669 3810 3722 semper,
3837 3663 3894 3706 et
3930 3654 3986 3705 in

2431 3751 2625 3807 secula
2657 3749 2980 3804 saeculorum
3035 3750 3230 3803 Amen.

850 3941 1705 4066 grievgilhiéjml‘glgzrnﬁigple.ADe
1764 3943 1866 3999 lioc
1889 3948 2140 4016 supplicii
2198 3965 2396 4020 genere
2435 3947 2799 4005 nobilioribus
2847 3945 3035 4000 inferri
3096 3946 3256 4002 solito
3306 3946 3530 4001 consule
3569 3947 3690 3998 Bar.
3740 3946 3792 3998 in
3841 3945 3992 3998 notis

779 4010 1054 4083 Martyrol.
1077 4013 1136 4066 21
1165 4013 1454 4068 Novembr.
1475 4010 1572 4066 lit.
1599 4016 1659 4066 A.

793 4167 3610 4193 mw

3653 4173 3907 4190 ,1-

890 4343 1340 4498 VITA
1424 4345 1584 4498 s.
1685 4343 2742 4497 CLEMENTIS
2835 4339 3893 4535 MARTYRIS,

2099 4607 2398 4664 EPISCOPI
2425 4605 2686 4664 ROMANI

914 4797 1846 4954 DISCIPULI
1944 4802 2099 4954 S.
2225 4801 2791 4951 PETRI
2885 4793 3821 4949 APOSTOLI

793 5063 994 5126 Habes
1033 5061 1216 5142 hujus
1244 5060 1517 5123 historias
1549 5064 2333 5142 assertoremgGregoriumr
2359 5063 2789 5124 Turonensem
2819 5060 2931 5123 lib.
2990 5061 3087 5142 De
3120 5059 3283 5142 glor.
3334 5068 3515 5118 mort.
3561 5076 3615 5118 ο.
3675 5059 3747 5118 35
3780 5066 3836 5118 et
3886 5058 3984 5124 3G.

1464 5142 1571 5219 qui
1618 5149 1759 5203 ante
1798 5141 1946 5202 1000
1996 5139 2452 5222 prepemodum
2503 5157 2702 5202 annos
2748 5156 2822 5201 ex
2846 5155 2918 5201 ea
2947 5139 3281 5200 scribebat.

1418 5286 1608 5348 (Latine
1640 5286 1765 5348 apud
1786 5285 1981 5335 Surium
2008 5287 2062 5334 ad
2085 5287 2216 5336 diem
2247 5286 2306 5333 25
2329 5284 2645 5345 Novembris;
2669 5284 2834 5334 Grece
2862 5298 2956 5334 non
2989 5289 3152 5333 exstat
3178 5282 3357 5343 Paris.)

859 5559 900 5614 1.
922 5556 1136 5628 Traiani
1156 5556 1767 5626 imperatoristemporc,
1783 5559 2140 5613 Torcutiunus
2154 5575 2333 5613 comes

790 5651 1108 5711 uilicinrum,
1127 5664 1247 5703 cum
1278 5649 1730 5704 innumerabilem
1755 5651 2151 5704 multitudinem
2177 5650 2332 5704 Chri-

791 5753 874 5796 sto
903 5739 1126 5795 vidisset
1162 5737 1402 5805 credere,
1434 5741 1680 5794 accersiit
1715 5739 1992 5808 pra-tortos
2025 5742 2324 5809 regionum,

2439 5571 2513 5624 et,
2541 5560 2678 5613 datis
2697 5559 2774 5613 eis
2802 5557 3068 5628 pecuniis.
3101 5555 3368 5625 persuasit
3391 5563 3450 5607 ut
3469 5553 3677 5606 turbam
3706 5557 3993 5602 moverent

2443 5651 2703 5704 adversus
2753 5663 2950 5703 nomen
3003 5646 3393 5702 Christianum.
3427 5644 3588 5700 Urbis
3634 5636 3812 5696 autem
3845 5653 3989 5708 prae-

2442 5743 2702 5795 fecturam
2731 5739 3005 5794 obtinente
3042 5737 3382 5799 Mamertino,
3418 5736 3643 5789 excitata
3684 5743 3766 5784 est
3794 5730 3979 5798 populi
