4270 6428
297 385 392 449 131

295 503 528 556 Romani
573 504 767 559 seditio
805 507 1022 560 nomine
1053 507 1348 562 Clementis

297 603 383 645 ter
412 610 470 647 se
524 595 760 650 invicem
816 597 1153 661 confusione,
1217 598 1352 652 alius
1375 599 1518 652 aliud
1575 600 1627 651 in
1667 599 1840 665 ipsum

297 685 537 743 dicebat.
568 686 747 754 Aliqui
778 697 956 739 autem
979 698 1168 740 contra
1203 689 1456 741 dicebant
1494 707 1505 742 :
1535 687 1674 752 Quid
1698 687 1842 739 enim

301 773 426 824 mali
462 775 585 828 fecit
613 775 634 826 ?
659 785 752 829 aut
801 777 931 845 quid
981 793 1088 830 non
1120 779 1244 832 honi
1280 789 1424 832 recte
1473 779 1677 846 gessit?
1713 777 1843 829 Nam

297 880 683 934 quemcunque
713 879 1035 938 tegrotorum
1063 871 1321 934 visitavit,
1378 873 1422 926 is
1444 872 1725 925 sanitatem
1780 871 1846 921 ab

299 977 367 1013 eo
400 971 482 1015 est
510 975 850 1018 consecutus.
877 965 1199 1035 Quicunque
1224 967 1288 1020 ad
1317 983 1439 1021 eum
1461 968 1593 1021 abiit
1619 968 1846 1021 allectus

297 1054 542 1118 tristitia,
582 1057 625 1110 is
686 1058 840 1112 lzetus
887 1071 970 1112 est
1025 1074 1297 1112 reversus.
1349 1060 1565 1114 Nullum
1609 1074 1844 1128 unquam

297 1147 456 1205 Ιιεδίι.
487 1147 740 1201 omnibus
771 1163 898 1201 vero
930 1149 1154 1218 profuit.
1211 1151 1312 1204 Alii
1345 1159 1524 1204 autem
1581 1151 1846 1204 diabolico

298 1238 496 1303 spiritu
548 1241 783 1304 accensi,
831 1241 1181 1297 clamabam:
1226 1243 1442 1312 Magicis
1476 1244 1684 1297 artibus
1735 1243 1848 1297 haec

297 1327 524 1389 faciens,
556 1331 777 1389 deorum
812 1342 1119 1385 nostrorum
1171 1335 1375 1387 cultum
1403 1336 1616 1388 evertit.
1663 1335 1846 1388 Jovem

296 1418 430 1470 dicit
461 1435 569 1471 non
612 1435 732 1474 esse
782 1422 980 1485 deum;
1043 1423 1340 1492 llerculemj
1376 1435 1554 1481 autem
1601 1438 1843 1480 nostrum

295 1510 577 1563 custodem
609 1526 724 1564 esse
768 1514 898 1566 dicit
926 1515 1328 1570 immundorum
1359 1519 1648 1585 spirituum
1679 1537 1690 1581 ;
1720 1535 1846 1573 san-

297 1605 442 1646 ctam
485 1597 745 1650 Venerem
797 1601 961 1670 refert
1002 1601 1167 1657 fuisse
1210 1607 1596 1672 meretricem;
1636 1610 1846 1662 Vestam

299 1695 482 1739 autem
529 1703 772 1758 magnam
815 1693 992 1755 deam,
1051 1695 1173 1764 igne
1227 1697 1392 1752 fuisse
1451 1712 1848 1770 consumptam,

300 1776 468 1842 impie
502 1779 712 1832 asserit.
758 1782 1020 1837 Similiter
1077 1789 1473 1842 sanctissimam
1510 1807 1723 1860 quoque
1758 1793 1851 1845 Mi-

300 1880 545 1925 nervam,
591 1868 916 1939 Dianamque
964 1874 1398 1938 etMercnrium.
1444 1879 1847 1950 Saturnumque

302 1969 357 2010 et
399 1959 617 2012 Martem
651 1963 1031 2016 ealunmiatur.
1070 1966 1260 2020 Omnia
1287 1980 1592 2024 nostrorum
1620 1973 1848 2026 deorum

302 2050 527 2101 nomina
595 2060 647 2103 et
681 2054 874 2121 templa
937 2056 1150 2122 probris
1213 2060 1509 2114 insectatur
1565 2073 1616 2116 et
1664 2075 1854 2118 contu-

305 2141 504 2193 meliis.
549 2142 651 2195 Aut
683 2143 787 2196 diis
845 2149 1043 2200 nostris
1080 2149 1420 2216 sacrificabit,
1460 2165 1551 2206 aut
1607 2156 1716 2223 ipse
1761 2157 1854 2210 de-

307 2230 528 2283 lebitur.

381 2322 444 2374 ll.
483 2323 630 2375 Tunc
666 2325 1016 2381 Mamertinus
1037 2330 1188 2384 urbis
1219 2333 1504 2400 praefectus
1535 2351 1638 2388 non
1671 2336 1852 2391 ferens

304 2414 490 2478 populi
517 2415 857 2476 seditionem,
891 2420 1265 2472 beatissimum
1297 2421 1631 2477 Clementem
1687 2427 1854 2494 jussit

308 2504 375 2554 ad
411 2519 466 2557 se
499 2505 713 2559 adduci.
774 2510 945 2572 Quem
987 2526 1108 2564 cum
1144 2514 1391 2575 vidisset,
1423 2519 1590 2583 caepit
1627 2519 1807 2574 dicere
1839 2537 1852 2574 :

307 2590 386 2643 Ex
421 2609 681 2659 generosa
724 2597 942 2661 quidem
993 2599 1173 2652 radice
1237 2604 1570 2668 processisti,
1603 2617 1661 2659 ut
1703 2608 1858 2660 testi-

309 2682 551 2733 monium
585 2683 685 2736 fert
719 2685 989 2739 Rullianus
1028 2690 1292 2756 populus;
1331 2693 1422 2744 sed
1465 2709 1702 2749 errorem
1767 2713 1858 2752 su-

319 2773 562 2836 scepisti,
595 2785 647 2824 et
677 2775 794 2826 ideo
823 2792 926 2828 non
963 2789 1183 2843 possunt
1214 2781 1264 2832 in
1295 2783 1533 2836 animum
1569 2788 1853 2853 inducere,

315 2873 368 2913 ut
405 2872 635 2916 taceant.
667 2865 794 2918 Nam
825 2867 1003 2919 nescio
1061 2884 1348 2935 quemnam
1382 2872 1662 2930 Christum
1701 2881 1857 2944 colis,

310 2962 363 3002 (-t
416 2961 599 3003 rontra
649 2953 780 3005 deos
830 2955 1089 3008 admittis.
1141 2958 1498 3022 Quamobrem
1552 2975 1765 3032 oportet
1811 2977 1859 3021 te

313 3046 587 3106 it-ponere
651 3060 862 3096 onmem
928 3048 1253 3115 superfluam
1309 3057 1769 3121 superstitionem,
1808 3070 1861 3114 et

313 3151 338 3171 ι-
367 3136 494 3183 iere.
535 3135 686 3195 deos,
743 3151 880 3202 quos
923 3138 988 3190 de
1019 3155 1166 3193 more
1218 3144 1466 3198 colimus.
1536 3147 1690 3201 Tunc
1727 3149 1859 3204 dixit
1890 3164 1930 3221 ο

317 3225 352 3273 it
402 3223 649 3278 Clemens
687 3243 698 3278 :
737 3227 989 3294 Optarem
1022 3233 1352 3287 excellentiae
1382 3246 1484 3289 tua!
1507 3239 1858 3304 prudentiam

317 3313 598 3364 attendere
632 3329 802 3367 meam
831 3317 1196 3372 defensionem
1227 3331 1407 3376 etnon
1442 3336 1664 3393 propter
1689 3331 1863 3399 impe-

321 3403 548 3453 riturum
581 3405 924 3466 seditionem,
951 3409 1040 3460 sed
1068 3421 1286 3477 propter
1321 3428 1491 3467 meam
1530 3417 1860 3485 doctrinam,

317 3505 402 3542 me
450 3507 727 3546 accusare.
771 3494 901 3548 Nam
936 3499 1146 3552 etiamsi
1210 3503 1361 3556 multi
1390 3519 1551 3559 canes
1608 3524 1707 3563 nos
1737 3511 1866 3565 alla-

318 3583 576 3634 traverint
607 3593 658 3636 et
709 3588 1073 3647 conciderint.
1122 3607 1226 3644 non
1267 3605 1491 3660 possunt
1527 3599 1684 3652 nobis
1734 3602 1853 3655 auf-

317 3670 476 3731 fi-rre,
518 3676 643 3739 quin
703 3675 871 3730 simus
925 3677 1168 3733 homines
1228 3684 1455 3737 rationis
1513 3689 1858 3758 participes:

317 3763 390 3812 iili
438 3773 638 3818 autem.
677 3779 833 3818 canes
868 3768 1142 3822 latrantes.
1185 3771 1408 3841 Semper
1445 3778 1591 3830 enim
1651 3792 1863 3836 constat

319 3853 642 3905 seditionem
673 3856 936 3921 proficisci
964 3859 1030 3911 ab
1064 3861 1348 3928 imperitis,
1382 3874 1439 3918 ut
1477 3868 1611 3921 nihil
1664 3871 1857 3925 haheat

322 3948 522 4001 tutum,
581 3959 679 3996 nec
730 3961 940 3998 verum.
996 3947 1354 4012 Quamobrem
1390 3967 1664 4022 quaeratur
1727 3963 1864 4015 ratio

317 4030 546 4087 silentii.
599 4030 649 4082 in
687 4047 794 4098 quo
854 4049 950 4100 pro
1019 4051 1112 4088 sua
1148 4038 1317 4091 salute
1372 4041 1535 4095 homo
1595 4049 1863 4114 particeps

319 4123 566 4178 rationis,
592 4130 644 4173 et
677 4135 771 4186 per
809 4138 864 4175 se
894 4123 1113 4191 incipiat
1160 4129 1461 4183 consultare
1493 4143 1545 4184 et
1598 4134 1863 4190 disserere

322 4221 380 4262 ut
421 4227 608 4263 verum
641 4212 806 4264 Deum
853 4213 1113 4278 inveniat,
1171 4219 1252 4270 cui
1297 4235 1450 4273 suam
1493 4223 1654 4276 fidem
1689 4225 1862 4278 hono-

321 4300 470 4352 rifice
507 4303 867 4356 commendet.
896 4306 1050 4360 Tunc
1102 4308 1452 4364 Mamertinus
1481 4313 1634 4368 urbis
1671 4316 1864 4382 praefe-

321 4401 445 4442 ctus
503 4392 719 4445 mittens
756 4395 820 4446 ad
861 4390 1149 4465 Traj’auum
1208 4400 1615 4467 imperatorem.
1667 4405 1859 4459 detulit

318 4494 516 4534 nomen
571 4482 630 4535 B.
681 4482 995 4548 Clementis,
1043 4487 1228 4542 dicens

315 4574 590 4628 seditiosis
618 4576 947 4632 clamoribus
971 4581 1203 4647 populus
1233 4599 1338 4636 non
1380 4596 1553 4638 cessat
1585 4603 1854 4655 quaerere,

315 4675 370 4717 et
410 4681 516 4717 non
549 4676 722 4732 potest
753 4667 805 4720 in
831 4683 954 4721 eum
991 4671 1221 4725 inveniri
1260 4673 1362 4727 fide
1398 4675 1555 4744 digna
1587 4680 1859 4747 probatio.

317 4756 474 4808 Tunc
505 4758 781 4824 rescripsit
817 4759 1080 4828 Traianus
1111 4762 1420 4832 imperator,
1453 4780 1704 4836 oportere
1737 4788 1861 4826 eum

318 4846 400 4898 vel
429 4849 735 4901 consentire
767 4849 1173 4916 sacrificantem,
1208 4865 1300 4907 aut
1342 4858 1481 4910 ultra
1519 4875 1667 4914 mare
1713 4863 1858 4915 Pon-

321 4947 435 4988 tum
465 4938 515 4988 in
545 4937 813 4991 desertam
838 4939 1110 4995 civitatem
1134 4958 1284 4996 suam
1335 4961 1501 5014 prope
1531 4948 1860 5005 Chersonem

321 5028 495 5095 relega
506 5029 568 5082 ri.

392 5117 480 5170 lli.
513 5118 740 5183 Quando
773 5129 950 5176 autem
981 5123 1193 5192 Traiani
1215 5126 1395 5194 jussus
1446 5127 1549 5182 fuit
1574 5129 1865 5186 confirma-

322 5219 432 5267 tus,
470 5211 736 5277 cogitabat
764 5212 902 5279 apud
941 5228 996 5266 se
1032 5215 1405 5278 Mamertinus,
1443 5235 1675 5286 quonam
1702 5224 1862 5276 modo

317 5301 574 5352 Clemens
617 5301 984 5378 voluntarium
1049 5321 1151 5357 non
1193 5316 1401 5373 peteret
1445 5310 1713 5375 exsilium,
1768 5315 1856 5366 sed

321 5389 429 5442 diis
490 5391 669 5457 potius
729 5392 954 5447 offerret
1029 5396 1305 5449 libamina.
1367 5400 1556 5451 Sedll.
1616 5401 1861 5457 Clemens

316 5483 682 5536 cmitendebat
741 5483 908 5552 ipsius
955 5502 1174 5555 quoque
1225 5490 1422 5557 iudicis
1494 5493 1729 5547 animum
1793 5495 1857 5548 ad

320 5576 480 5628 fidem
509 5575 710 5629 Christi
749 5577 1056 5639 traducere,
1088 5590 1141 5632 et
1186 5583 1496 5643 ostendere,
1554 5587 1644 5638 st-d
1680 5589 1859 5655 potius

405 5750 416 5778 ¹
451 5750 586 5802 f'sul.
622 5767 740 5814 xm,
774 5753 824 5802 Β.

1336 392 1510 452 VITA
1559 391 1618 447 S.
1671 381 2096 445 CLEMEN'l'iS
2141 390 2454 447 ROMANI.

3407 381 3503 450 13?.

1388 524 1408 560 ;-
1457 517 1511 560 et
1541 513 1729 560 exorta
1755 501 1838 552 in-
1866 496 1916 553 Δ
1942 499 2142 570 eligere
2175 504 2448 566 exsilium,
2481 518 2640 572 quam
2682 501 2734 554 id
2775 501 2987 558 timere,
3016 499 3274 551 Dominus
3315 511 3492 551 autem

1951 597 2211 650 Clementi
2248 598 2480 665 przbuit
2524 606 2726 651 tantam
2755 595 3003 664 gratiam.
3036 601 3093 643 ιιι
3143 589 3494 642 Mamertinus

1955 690 2101 741 urbis
2135 690 2418 756 przefectus
2471 689 2713 747 defieret.
2745 698 2796 741 et
2825 686 3034 738 diceret
3065 702 3077 736 :
3135 683 3300 741 Deus,
3335 696 3494 746 quem

1956 793 2007 834 tu
2046 784 2253 837 sincere
2290 785 2439 845 colis,
2477 784 2587 851 ipse
2625 783 2717 834 tibi
2752 795 2906 848 opem
2962 777 3096 828 feret
3125 778 3175 826 in
3216 776 3336 833 hoc,
3384 788 3491 839 quo

1953 875 2098 929 fuisti
2144 875 2452 939 damnatus,
2501 875 2715 936 exsilio,
2747 884 3043 937 navemque
3073 868 3118 920 ei
3178 865 3493 923 constituit:

1953 977 2005 1018 et
2041 982 2163 1019 eum
2230 969 2408 1020 omnia
2467 968 2520 1020 in
2569 982 2687 1020 eam
2726 965 3038 1018 immisisset
3097 975 3216 1028 qum
3244 955 3493 1009 erantad

1959 1072 2112 1110 usum
2176 1057 2502 1117 necessaria,
2567 1056 2794 1110 dimisit.
2852 1053 3018 1107 Porro
3091 1063 3267 1104 autem
3341 1045 3493 1100 multi

1953 1163 2164 1216 quoque
2195 1165 2256 1201 ex
2290 1150 2486 1215 populo
2536 1148 2633 1200 viri
2670 1149 2741 1215 pii
2800 1161 2922 1199 eum
2961 1151 3088 1197 sunt
3136 1143 3326 1194 secuti.
3354 1139 3490 1192 Cum

1955 1251 2130 1293 autem
2159 1242 2405 1308 pervenit
2440 1240 2500 1292 ad
2532 1241 2730 1294 locum.
2765 1239 2818 1290 in
2851 1252 3010 1304 quem
3048 1243 3164 1286 erat
3207 1233 3493 1299 relegatus,

1955 1332 2020 1382 ad
2056 1347 2189 1398 opus
2223 1330 2457 1382 fodiendi
2484 1341 2538 1382 et
2559 1329 2797 1381 caedendi
2826 1326 3125 1386 marmoris,
3156 1324 3264 1376 illic
3290 1321 3495 1374 invenit

1958 1420 2240 1486 plusquam
2277 1417 2384 1474 dno
2429 1418 2592 1469 millia
2639 1417 3096 1475 Christianorum,
3133 1413 3224 1480 qui
3261 1411 3323 1463 ad
3378 1410 3498 1461 lun-

1957 1511 2234 1579 gissimum
2271 1514 2482 1576 tempus
2513 1518 2668 1559 erant
2701 1506 3061 1560 condemnati.
3120 1502 3220 1568 Qui
3277 1500 3494 1569 quidem

1957 1617 2081 1654 cum
2123 1599 2382 1652 vidissent
2439 1607 2684 1652 sanctum
2715 1606 2765 1650 et
2813 1596 3084 1664 egregium
3140 1592 3495 1650 Clementem,

1959 1703 2147 1742 omnes
2178 1689 2459 1741 unanimes
2484 1703 2604 1741 cum
2639 1686 2925 1755 gemitibus
2955 1696 3008 1738 et
3043 1684 3294 1752 lacrymis
3349 1697 3502 1734 acce-

1959 1781 2170 1838 dentes.
2199 1780 2451 1833 dicebant
2480 1797 2492 1831 :
2537 1779 2640 1832 Ora
2665 1793 2760 1846 pro
2792 1777 2968 1838 nobis,
3004 1784 3188 1828 sancte
3239 1774 3496 1840 pontifex.

1957 1881 2012 1924 ut
2040 1871 2334 1925 efficiamur
2369 1871 2514 1938 digni
2559 1867 2757 1923 Christi
2791 1867 3164 1936 promissione.
3209 1864 3351 1927 Quos
3379 1879 3498 1914 cum

1955 1963 2293 2030 cognovisset
2355 1971 2572 2014 sanctus
2621 1959 2868 2013 Clemens
2945 1967 3165 2025 propter
3213 1955 3489 2008 Christum

1956 2052 2121 2104 fuisse
2161 2052 2447 2117 relegatos,
2500 2050 2633 2103 dixit
2668 2064 2681 2100 :
2735 2048 2849 2101 Non
2884 2048 2949 2100 ab
2983 2062 3039 2099 re
3069 2061 3152 2098 me
3195 2045 3301 2096 huc
3352 2043 3497 2094 misit

1957 2142 2234 2204 Dominus,
2273 2142 2366 2194 sed
2391 2149 2468 2203 ut,
2505 2155 2628 2194 cum
2658 2139 2880 2193 fuissem
2906 2137 3175 2207 particeps
3200 2147 3499 2189 vestrarum

1956 2234 2385 2302 perpessionum,
2416 2234 2714 2301 praeberem
2742 2233 2905 2286 etiam
2953 2230 3261 2298 exemplum
3295 2243 3490 2281 conso-

1955 2328 2174 2381 lationis
2200 2335 2253 2379 ct
2283 2327 2597 2379 tolerantiae.

2026 2418 2111 2471 ιν.
2145 2419 2224 2470 Ab
2251 2417 2328 2470 eis
2353 2428 2531 2469 autem
2559 2424 2788 2483 accepit.
2822 2412 2962 2482 quod
2990 2427 3016 2464 a
3054 2426 3144 2464 sex
3182 2410 3502 2462 milliaribus

1957 2509 2243 2578 portabant
2307 2523 2497 2575 aquam
2556 2506 2668 2560 suis
2720 2505 2978 2556 humeris.
3050 2503 3239 2554 Statim
3308 2501 3488 2565 itaque

1957 2599 2204 2652 Clemens
2230 2598 2437 2665 rogavit
2463 2611 2574 2655 eos,
2605 2595 2789 2647 dicens
2822 2611 2834 2645 :
2873 2595 3162 2645 Precemnr
3219 2591 3502 2643 Dominum

1960 2697 2202 2741 nostrum
2230 2685 2411 2740 Jesum
2452 2686 2727 2739 Christum
2787 2693 2845 2736 ut
2896 2683 3017 2735 fidei
3074 2697 3183 2734 suae
3223 2682 3501 2734 confesso-

1959 2779 2107 2832 ribus
2162 2793 2314 2846 aquae
2363 2777 2565 2830 fontem
2609 2777 2851 2842 aperiat;
2884 2786 2936 2827 et
2963 2775 3054 2841 qui
3091 2774 3358 2840 percussit
3406 2787 3504 2839 pe-

1965 2881 2096 2921 tram
2130 2869 2180 2920 in
2213 2879 2352 2921 terra
2389 2867 2605 2920 deserta
2662 2865 2807 2927 Sina,
2853 2873 2908 2917 et
2954 2863 3173 2916 abunde
3236 2863 3506 2915 fluxerunt

1962 2973 2130 3026 aqure,
2169 2958 2281 3025 ipse
2309 2956 2582 3024 copiosun.
2619 2955 2777 3008 nobis
2817 2953 3051 3022 prazbeat
3102 2951 3388 3007 fluentum.
3443 2962 3500 3003 ut

1964 3047 2206 3099 laetemur
2236 3046 2353 3114 ejus
2383 3043 2841 3111 suppeditatione.
2886 3041 3107 3109 lmpleta
3157 3051 3335 3094 autem
3375 3057 3502 3108 pre-

1963 3137 2195 3196 catione,
2248 3137 2300 3188 in
2361 3150 2426 3188 eo
2471 3133 2592 3187 loco
2645 3134 2711 3187 ad
2777 3148 2935 3200 quem
2991 3143 3294 3198 aspexerat,
3365 3133 3504 3187 vidit

1967 3246 2160 3300 agnum
2221 3237 2477 3286 stantem.
2542 3226 2634 3293 qui
2688 3225 2968 3279 dexterum
3024 3223 3212 3291 pedem
3288 3223 3480 3277 ιθιιινίι

1966 3317 2130 3370 veluti
2168 3324 2355 3368 sancto
2395 3312 2657 3369 Clementi
2699 3313 2875 3366 locum
2911 3312 3172 3364 indicans.
3215 3310 3348 3363 Tum
3383 3327 3507 3363 san-

1967 3418 2085 3462 ctus
2113 3405 2366 3459 Clemens
2414 3405 2656 3471 cogitans
2688 3418 2806 3455 esse
2855 3402 3164 3462 Dominum,
3209 3415 3370 3467 quem
3399 3399 3510 3467 ipse

1967 3497 2112 3550 solus
2147 3496 2371 3562 aspexit.
2403 3504 2458 3546 et
2491 3494 2668 3546 nullus
2706 3493 2868 3555 alius,
2904 3490 3176 3557 profectus
3218 3499 3299 3541 est
3334 3490 3396 3541 ad
3436 3490 3500 3541 lo-

1965 3603 2109 3650 cum,
2160 3596 2214 3639 et
2244 3586 2419 3638 dixit:
2462 3584 2518 3636 ln
2561 3584 2779 3636 nomine
2828 3581 3002 3634 Patris
3030 3590 3082 3633 et
3132 3581 3246 3632 Filii
3285 3589 3337 3632 et
3391 3580 3513 3647 Spi-

1965 3678 2103 3730 ritus
2156 3676 2325 3734 sancti
2369 3675 2576 3743 pulsate
2624 3674 2676 3725 in
2729 3672 2828 3724 hoc
2872 3672 3011 3734 loco;
3042 3679 3096 3723 et
3145 3685 3266 3722 cum
3322 3685 3510 3723 omnes

1964 3767 2316 3821 circumcirca
2371 3765 2631 3818 fodissent
2670 3763 2964 3830 ligonibus,
2994 3769 3047 3813 et
3080 3776 3185 3813 non
3220 3762 3392 3828 ipsum
3427 3761 3508 3815 lo-

1964 3875 2109 3919 cum,
2150 3860 2201 3911 in
2233 3873 2339 3926 quo
2373 3856 2524 3910 stetit
2552 3869 2740 3922 agnus,
2809 3867 2973 3921 parvo
3025 3853 3202 3920 ligone
3260 3860 3506 3919 accepto,

1966 3964 2132 4017 parvo
2168 3949 2275 4001 ictu
2310 3956 2533 4000 sanctus
2581 3943 2816 4012 pulsavit
2866 3943 3068 4005 locum,
3109 3943 3200 4008 qui
3241 3952 3360 3994 erat
3410 3942 3510 3995 sub

1965 4040 2100 4108 pede
2135 4038 2278 4106 agni,
2304 4036 2442 4088 unde
2470 4045 2690 4103 repente
2719 4032 2943 4086 emersit
2964 4032 3082 4084 fons
3109 4029 3511 4098 pulcherrimus

1964 4129 2120 4195 aquis
2177 4125 2622 4183 scaturientibus,
2661 4122 2751 4191 qui
2806 4137 2999 4189 magno
3053 4121 3256 4188 impetu
3305 4120 3511 4173 effusus

1965 4220 2091 4274 fecit
2124 4219 2364 4272 fluvium.
2401 4217 2552 4268 Tunc
2606 4224 2826 4267 sanctus
2876 4212 3124 4264 Clemens
3161 4211 3295 4264 dixit
3331 4211 3511 4265 omni-

1966 4312 2067 4366 bus
2124 4307 2555 4363 exsultantibus:
2601 4321 2617 4354 ι
2674 4301 2933 4356 Fluminis
2992 4300 3225 4367 impetus
3276 4298 3509 4353 latifieat

1964 4403 2234 4457 civitatem
2269 4399 2360 4452 Dei
2398 4400 2434 4449 ¹.
2476 4416 2493 4446 ι
2555 4397 2781 4462 PrOpter
2833 4394 2971 4446 hanc
3001 4406 3125 4459 ergo
3179 4390 3373 4442 famam
3417 4404 3507 4443 ac-

1266 4508 1278 4542 :
1322 4491 1475 4546 llunc
1531 4493 1858 4551 Clementem
1894 4485 2134 4546 Dcurrit
2184 4490 2359 4544 omnis
2410 4485 2704 4554 provincia,
2740 4493 2793 4537 et
2832 4497 3036 4542 omnes,
3097 4480 3189 4549 qui
3244 4488 3509 4533 venerant

1963 4583 2026 4636 ad
2064 4581 2365 4634 doctrinam
2417 4576 2587 4630 sancti
2644 4571 2960 4636 Clementis,
2997 4570 3248 4624 conversi
3288 4578 3413 4622 sunt
3441 4567 3507 4621 ad

1961 4673 2284 4733 Dominum;
2316 4669 2446 4721 adeo
2501 4675 2556 4719 ut
2607 4663 2852 4734 quotidle
2892 4659 3174 4728 quingenti
3213 4668 3270 4711 et
3322 4658 3507 4725 plures

1963 4763 2213 4832 baptizati
2262 4759 2597 4813 recederent.
2659 4755 2801 4808 Intra
2861 4765 3028 4804 unum
3079 4760 3258 4802 autem
3304 4763 3505 4801 annum

1962 4857 2117 4912 facta:
2147 4863 2271 4907 sunt
2297 4853 2404 4905 illic
2431 4866 2458 4902 a
2493 4847 2742 4901 fidelibus
2769 4842 3108 4911 septuaginta
3141 4839 3382 4906 quinque
3408 4853 3501 4892 ec-

1964 4948 2173 5008 clesim;
2203 4953 2256 4996 et
2286 4941 2560 4995 confracta
2595 4946 2723 4991 sunt
2757 4935 2936 4988 omnia
2972 4930 3286 4990 simulacra,
3324 4930 3504 4980 omnia

1967 5037 2163 5104 templa
2218 5032 2451 5101 regionis
2516 5044 2636 5097 quae
2677 5035 2791 5080 erat
2838 5022 3212 5080 circumcirca,
3258 5027 3382 5072 sunt
3425 5019 3507 5070 di-

1965 5139 2085 5182 ruta
2113 5146 2125 5191 ;
2165 5138 2351 5179 omnes
2379 5121 2511 5186 luci,
2546 5119 2637 5186 qui
2666 5121 2824 5171 erant
2864 5113 2929 5167 ad
2963 5122 3199 5165 trecenta
3234 5109 3506 5188 milliaria,

1967 5220 2187 5274 omnino
2215 5218 2266 5269 in
2294 5213 2480 5267 orbem
2519 5218 2642 5265 sunt
2675 5205 2877 5260 concisi
2917 5214 2971 5257 et
3014 5201 3296 5255 constrati.

2038 5313 2097 5364 V.
2137 5309 2285 5361 Tunc
2317 5319 2444 5372 ergo
2483 5301 2664 5355 odiosa
2697 5293 2932 5350 narratio
2986 5289 3232 5359 pervenit
3263 5287 3326 5340 ad
3371 5287 3504 5339 Tra-

1961 5407 2145 5474 janum
2192 5400 2592 5465 imperatorem,
2647 5387 2791 5458 quod
2841 5385 2948 5436 illic
2991 5381 3056 5433 ad
3105 5378 3504 5474 multitudinem

1969 5466 2418 5546 innumerabilem
2469 5493 2659 5536 auctus
2700 5484 2842 5530 esset
2878 5472 3108 5541 populus
3162 5466 3503 5522 Christiano.

1969 5599 2125 5645 rum;
2182 5589 2232 5632 et
2280 5577 2344 5630 τι)
2405 5589 2469 5628 eo
2523 5573 2718 5626 missus
2771 5564 2874 5619 fuit
2923 5575 3122 5631 prazses
3173 5555 3484 5610 Auﬁdianua
