4270 6428
800 377 897 438 183

2047 375 2333 436 MENSIS
2366 375 2780 437 NOVEMBER

3889 370 3994 438 184

795 491 887 556 qui
934 487 1194 558 plurimos
1242 487 1578 542 Christianos
1630 486 1860 541 diversis
1913 494 2198 540 tormentts
2248 501 2339 539 su-
2372 493 2412 546 Α
2443 488 2640 556 quibus
2666 490 2827 541 etiam
2879 485 2977 540 hoc
3020 485 3123 540 fuit
3154 499 3492 554 responsum,
3555 484 3700 554 quod
3765 483 3994 554 singulis

794 582 966 634 stulit.
1017 579 1216 633 Videtis
1265 593 1444 633 autem
1494 593 1686 632 omnes
1734 577 1799 631 ad
1844 576 2161 646 martyrium
2213 591 2336 631 eum

801 671 996 738 gaudio
1027 671 1366 732 accedentes,
1414 669 1577 724 cessit
1611 667 1944 721 multitudini
1974 683 1987 730 ;
2031 667 2205 720 solum
2239 680 2337 718 au-

795 776 898 813 icm
953 769 1199 814 sanctum
1263 759 1595 814 Clementem
1642 773 1840 828 cogens
1897 757 2238 820 sacriﬁcare,
2284 767 2339 810 et

791 853 980 904 videns
1005 867 1127 905 eum
1153 851 1228 903 sic
1253 864 1371 903 esse
1401 848 1614 902 ﬁrmum
1637 857 1690 902 et
1721 847 1969 901 stabilem
1999 847 2054 901 in
2083 846 2332 906 Domino,

791 952 844 993 ιιι
874 942 1012 993 nullo
1048 940 1270 994 omnino
1311 957 1341 994 a
1388 954 1484 995 sua
1538 939 1799 994 dimoveri
1843 937 2150 1003 sententia,
2204 936 2337 989 dicit

791 1031 1113 1086 lictoribus:
1175 1033 1420 1102 Accipite
1473 1047 1620 1094 eunt,
1678 1040 1734 1084 et
1778 1029 1960 1084 ducite
2013 1029 2065 1082 in
2097 1026 2334 1082 medium

790 1124 974 1184 maris,
1005 1132 1058 1176 et
1084 1124 1330 1191 projicite
1359 1122 1573 1176 eum.in
1603 1120 1950 1191 profundum,
2000 1133 2070 1172 ne
2121 1117 2330 1186 possint

788 1213 1082 1267 Christiani
1115 1213 1305 1267 tollere
1332 1213 1448 1282 ejus
1489 1227 1706 1282 corpus,
1735 1221 1790 1265 et
1820 1226 1918 1279 pro
1953 1208 2055 1264 deo
2086 1225 2208 1263 eum
2244 1223 2334 1262 co—

790 1307 919 1357 lere.
953 1301 1083 1357 Cum
1117 1304 1221 1357 hoc
1253 1319 1381 1373 ergo
1429 1303 1626 1356 factum
1669 1310 1834 1365 esset,
1886 1301 2139 1355 universa
2190 1300 2330 1352 niul~

790 1395 964 1448 titudo
996 1395 1424 1448 Christianorum
1451 1401 1634 1446 astans
1670 1391 1832 1446 ﬁebat
1872 1393 1924 1446 in
1965 1393 2168 1445 littore.

864 1486 950 1538 Vl.
987 1486 1113 1538 Post
1144 1485 1256 1538 hec
1281 1491 1458 1536 autem
1492 1482 1747 1536 dixerunt
1777 1482 2061 1536 Cornelius
2095 1492 2148 1535 et
2174 1481 2331 1535 Phe-

789 1576 889 1628 bus
927 1577 1043 1645 ejus
1072 1573 1323 1642 discipuli
1354 1591 1366 1628 :
1397 1571 1596 1626 Omnes
1641 1586 1858 1624 oremus
1909 1571 2220 1631 unanimes.
2273 1581 2331 1624 ut

787 1667 1034 1720 ostendat
1087 1665 1245 1720 nobis
1295 1664 1552 1718 Dominus
1606 1661 1859 1732 martyris
1910 1661 1993 1715 sui
2047 1661 2328 1731 reliquias.

784 1757 985 1810 Orante
1009 1771 1136 1825 ergo
1186 1755 1404 1823 p0pulo,
1431 1753 1737 1807 retrocessit
1763 1767 1911 1805 mare
1951 1752 2004 1804 in
2051 1767 2208 1805 suum
2252 1752 2328 1805 si-

2439 577 2597 632 annis
2642 578 2694 629 in
2731 577 2818 630 die
2847 591 2956 630 sue
2996 575 3403 639 deccrtationis,
3445 589 3728 628 cessurum
3751 573 3990 626 sitmare

2437 666 2800 729 venientibus,
2833 674 3036 733 septem
3072 666 3188 719 dies
3224 665 3426 718 siccum
3479 665 3582 717 iter
3609 664 3689 716 eis
3718 663 3986 731 praebens.

2437 755 2587 820 Quod
2613 757 2831 825 quidem
2869 756 2975 808 Deo
3009 755 3211 823 placuit
3252 755 3367 808 ﬁeri
3400 753 3466 807 ad
3499 751 3714 806 laudem
3743 752 3864 820 ejus
3892 765 3992 802 no-

2439 847 2600 902 minis
2635 863 2805 916 usque
2844 849 2896 900 in
2927 847 3247 901 hodiernum
3270 845 3438 899 diem.
3468 843 3581 898 Hoc
3607 852 3786 898 autem
3817 845 3987 900 facto.

2436 936 2581 1004 quod
2636 947 2754 990 erat
2814 946 3009 1003 praeter
3061 935 3396 1005 opinionem,
3460 933 3742 995 miraculo,
3797 947 3990 985 omnes

2437 1037 2622 1098 gentes
2647 1027 3000 1084 circumcirca
3035 1027 3319 1082 credidere
3358 1025 3596 1082 Christo.
3634 1024 3753 1089 Quo
3779 1025 3832 1077 in
3866 1024 3990 1076 loco

2438 1119 2624 1172 nullus
2653 1119 2928 1173 invenitur
2971 1118 3206 1188 gentilis,
3247 1119 3430 1172 nullus
3463 1117 3751 1178 Hebreus,
3804 1116 3990 1172 nullus

2433 1213 2654 1266 omnino
2683 1213 2989 1268 hereticus.
3022 1213 3134 1268 lllic
3159 1213 3304 1267 enim
3340 1211 3568 1280 plurima
3617 1210 3753 1264 ﬁunt
3818 1209 3989 1262 bene-

2435 1303 2576 1358 ﬁcia.
2631 1305 2687 1357 In
2734 1306 2853 1374 ejus
2900 1305 3039 1360 festo
3082 1306 3208 1360 ceci
3259 1305 3659 1369 illuminantur,
3711 1303 3991 1358 demones

2432 1396 2794 1464 expelluntur,
2831 1397 3125 1460 febricutes
3155 1397 3272 1451 sani
3331 1396 3506 1460 ﬁunt;
3556 1395 3869 1464 nephritiei,
3931 1403 3989 1447 et

2432 1487 2525 1553 qui
2555 1486 2761 1541 calculo
2791 1488 3061 1552 laborant,
3091 1488 3208 1542 solo
3265 1495 3520 1542 contactu
3556 1487 3673 1553 ejus
3731 1485 3991 1554 reliquia-

2434 1591 2573 1640 rum,
2635 1586 2690 1631 et
2739 1593 2890 1647 aque
2959 1577 3304 1632 sanctiﬁcate
3367 1577 3678 1646 aspersione
3723 1586 3779 1630 et
3830 1584 3987 1643 potu.

2431 1684 2461 1722 a
2507 1668 2696 1723 morbo
2734 1670 3077 1733 liberantur;
3121 1678 3177 1724 et
3199 1669 3290 1737 qui
3323 1669 3517 1736 quovis
3547 1666 3738 1721 morbo
3782 1666 3985 1724 aﬁ‘ecti.

2431 1759 2805 1830 confugientes
2855 1760 2922 1814 ad
2967 1761 3106 1814 sacri
3145 1761 3399 1831 martyris
3447 1759 3733 1823 auxilium,
3785 1758 3984 1819 fruun-

786 1861 915 1899 num
941 1847 1005 1900 ad
1034 1848 1133 1899 tria
1163 1845 1276 1899 fere
1307 1845 1497 1908 millia,
1528 1859 1625 1913 per
1657 1845 1858 1898 siceum
1889 1853 2066 1897 autem
2104 1843 2328 1911 ingressi
2360 1828 2402 1883 Β
2433 1860 2519 1903 tur
2566 1828 2883 1917 curatione;
2929 1859 2986 1904 et
3031 1828 3312 1922 permanet
3356 1850 3525 1921 gloria
3576 1851 3694 1920 ejus
3769 1859 3826 1903 et
3863 1849 3988 1901 laus

786 1937 993 2006 populi,
1044 1937 1369 1992 invenerunt
1397 1939 1450 1990 in
1487 1936 1652 2004 ﬁgura
1686 1935 1868 2003 templi
1912 1933 2198 1987 marmorei
2228 1948 2324 2000 pa-
2430 1938 2484 1991 in
2514 1949 2797 2002 eternum,
2834 1955 2926 2009 per
2961 1938 3249 1994 Dominum
3285 1951 3536 1996 nostrum
3586 1939 3774 1994 Jesum
3820 1937 3987 2003 Chri-

787 2038 960 2080 ratum
991 2043 1019 2080 a
1070 2028 1179 2082 Deo
1227 2027 1610 2087 habitaculum,
1651 2034 1705 2079 et
1762 2023 1874 2078 illic
1914 2025 2079 2077 situm
2130 2037 2328 2092 corpus
2427 2037 2608 2092 stum;
2655 2044 2750 2097 per
2784 2044 2946 2096 quem
2986 2039 3041 2082 et
3089 2045 3214 2084 cum
3262 2045 3391 2098 quo,
3438 2031 3584 2084 Patri
3640 2029 3807 2099 gloria
3857 2043 3985 2081 cum

785 2116 955 2168 sancti
993 2114 1308 2178 Clementis,
1339 2123 1394 2168 et
1423 2128 1699 2176 ancoram,
1731 2127 1854 2167 cum
1893 2125 1998 2180 qua
2049 2110 2156 2164 fuit
2196 2125 2328 2179 pro-
2427 2133 2471 2171 sa

2301 2139 2328 2151 -
2427 2118 2764 2174 sanctissimo
2785 2129 2840 2173 et
2879 2117 3098 2172 viviﬁco
3127 2119 3248 2188 ejus
3279 2119 3508 2186 Spiritu,
3561 2134 3709 2174 nunc
3741 2128 3796 2172 et
3841 2132 3983 2172 sem-

780 2206 979 2269 jectus,
1032 2219 1200 2274 prope
1258 2205 1434 2272 ipsum
1487 2204 1780 2268 iacentem.
1829 2201 2144 2256 Revelatum
2197 2215 2327 2269 ergo
2426 2221 2466 2276 ρ

1831 2201 2144 2256 Revelatum
2197 2215 2327 2269 ergo
2426 2221 2522 2276 per
2545 2213 2600 2262 et
2635 2208 2686 2262 in
2714 2208 2908 2263 secula
2944 2208 3291 2263 seculorum.
3326 2210 3517 2264 Amen.

785 2294 886 2349 fuit
915 2297 1031 2364 ejus
1070 2294 1368 2364 discipulis,
1408 2310 1476 2350 ne
1521 2294 1774 2364 reliquias
1801 2308 1831 2349 e
1878 2293 1998 2347 loco
2023 2293 2322 2362 ejicerent:

855 2458 1108 2512 Narratio
1133 2465 1300 2512 sancti
1335 2458 1580 2528 martyris
1612 2455 1857 2526 Epher
1888 2453 2111 2526 episcopi
2137 2450 2399 2506 Gersouis.
2435 2449 2498 2501 de
2529 2467 2541 2501 ι

2099 2519 2331 2591 apostolo
2363 2517 2535 2573 Cleme

2225 2451 2399 2506 rsonis.
2435 2449 2498 2501 de
2529 2452 2782 2507 miraculo
2810 2455 2948 2522 facta
2978 2457 3030 2508 in
3066 2471 3284 2524 puerum
3324 2472 3356 2508 a
3389 2465 3569 2510 sancto
3599 2465 3828 2528 martyre
3860 2467 3911 2512 et

2229 2519 2331 2574 toto
2363 2517 2648 2576 Clemente.

855 2675 895 2728 l.
943 2699 950 2702 -
995 2672 1250 2727 Mirabilis
1303 2671 1444 2726 Deus
1487 2673 1538 2726 in
1577 2669 1779 2725 sanctis
1819 2669 1934 2722 suis
1990 2670 2031 2729 ¹,
2076 2687 2093 2718 ι
2128 2677 2332 2734 ορροτο
2426 2659 2558 2724 dite,
2626 2672 2681 2716 et
2744 2663 2810 2716 ad
2855 2662 3179 2717 audiendam
3230 2661 3497 2717 exsultate
3547 2661 3875 2717 orationem.
3925 2673 3983 2717 et

789 2773 984 2816 tunum
1013 2769 1095 2814 est
1126 2760 1290 2814 hodie
1309 2759 1492 2814 dicere
1521 2775 1644 2813 cum
1672 2757 1964 2827 Propheta,
1987 2763 2078 2810 et:
2106 2773 2123 2806 ι
2159 2753 2328 2820 Quam
2423 2763 2589 2805 aures
2635 2750 2910 2814 inclinate,
2959 2760 3014 2806 et
3071 2759 3312 2806 nostram
3373 2751 3580 2821 arguite
3644 2753 3982 2806 tarditatem.

788 2852 1129 2908 admirabilia
1165 2859 1290 2906 sunt
1319 2866 1480 2920 opera
1508 2859 1620 2916 tua,
1654 2849 1952 2903 Domine'l
1983 2866 1999 2897 ι
2033 2854 2090 2900 et
2115 2863 2128 2898 :
2158 2863 2176 2896 t
2201 2843 2331 2909 Quis
2426 2843 2498 2898 De
2534 2843 2638 2900 hoc
2666 2848 2810 2900 enim
2869 2847 3099 2916 gaudeo,
3141 2847 3314 2901 solum
3355 2861 3454 2902 vos
3507 2861 3659 2915 rogo,
3709 2856 3768 2900 ut
3802 2863 3980 2917 usqae

786 2945 931 2998 Deus
958 2943 1362 3012 magnus,‘slcut
1389 2941 1528 2994 Deus
1556 2935 2078 2992 nosterhetchu
2111 2949 2171 2989 es
2192 2935 2331 2987 Deus
2427 2937 2492 2988 ad
2527 2935 2686 2990 ﬁnem
2735 2938 2866 2991 mihi
2917 2947 3180 2992 attentum
3233 2938 3472 2991 animum
3529 2938 3857 3000 adhibentis.
3925 2949 3984 2992 et

789 3037 993 3091 faciens
1023 3032 1292 3088 mirabilia
1325 3031 1494 3085 solus.
1527 3049 1551 3082 ι
1571 3028 1722 3096 Quod
1753 3030 1898 3083 enim
1922 3025 2174 3096 presenti
2205 3038 2327 3078 ora-
2353 3051 2397 3110 ο
2429 3023 2576 3078 nulla
2603 3024 2881 3094 cogitatio,
2917 3041 3036 3094 que
3069 3026 3134 3080 ad
3164 3026 3326 3096 hujus
3347 3026 3471 3081 vite
3499 3041 3685 3080 curam
3715 3029 3979 3096 pertinet.

788 3127 922 3182 tioni
988 3123 1135 3179 aliud
1221 3123 1438 3177 afferam
1533 3119 1897 3187 prooemium?
1967 3115 2328 3170 Artiﬁciosam
2431 3123 2664 3167 mentem
2696 3125 2930 3168 vestram
2967 3115 3177 3181 subeat,
3227 3129 3330 3169 nec
3372 3126 3682 3184 promptum
3732 3127 3976 3170 vestrum

786 3219 933 3271 enim
965 3215 1176 3270 dicendi
1222 3223 1390 3267 artem
1445 3225 1683 3279 presens
1717 3218 1940 3276 superat
1981 3205 2325 3268 miraculum,

786 3325 909 3363 cum
949 3305 1268 3361 miraculum
1313 3303 1481 3357 multa
1526 3301 1753 3356 excellat
1795 3298 2075 3362 miracula,
2118 3306 2174 3352 et
2202 3297 2329 3366 Lipsa

785 3401 950 3454 etiam
988 3396 1308 3468 prophetica
1337 3393 1594 3449 miracula
1621 3399 1911 3460 exsuperet
1937 3399 1995 3444 ut
2025 3397 2109 3444 est
2144 3397 2329 3444 osten-

785 3505 911 3544 sura
946 3488 1144 3543 oratio.

856 3581 921 3634 ll.
959 3579 1083 3635 Scio
1137 3593 1230 3633 vos
1275 3591 1474 3645 cupere
1503 3575 1664 3639 scire,
1714 3571 1984 3643 quodnam
2036 3581 2090 3626 et
2139 3572 2318 3641 cujus-

783 3685 907 3725 nam
976 3670 1050 3724 sit
1087 3669 1430 3729 miraculum,
1476 3675 1530 3720 et
1574 3665 1779 3735 urgetis
1813 3673 1870 3718 ut
1912 3665 2159 3718 dicamus
2190 3663 2232 3714 ⁸.
2265 3661 2324 3716 ld

783 3766 965 3811 autem
993 3763 1077 3810 est
1123 3755 1354 3824 primum
1387 3752 1605 3822 quidem
1636 3752 1750 3815 Dei,
1777 3767 1807 3806 a
1837 3767 1946 3822 quo
1976 3751 2154 3806 omnis
2180 3750 2326 3804 datio

783 3847 926 3901 bona
958 3857 1012 3902 et
1034 3861 1195 3900 omne
1222 3845 1422 3898 donum
1451 3843 1750 3913 perfectum
1783 3842 1826 3896 ⁸.
1856 3845 2120 3897 Preterea
2141 3852 2320 3897 autem

779 3937 1077 3992 Clementis
1107 3936 1358 4001 Romani,
1401 3935 1492 4004 qui
1531 3943 1655 4004 post
1719 3935 1937 3988 Petrum
1984 3934 2087 3987 fuit
2144 3947 2323 4001 preco

779 4027 1048 4089 veritatis,
1079 4036 1136 4080 et
1164 4027 1282 4094 ejus
1316 4025 1567 4079 Romane
1592 4023 1738 4079 sedis
1786 4037 2069 4078 successor
2103 4022 2278 4076 ﬁdelis
2305 4039 2320 4088 ;

781 4117 949 4178 illius,
981 4115 1224 4182 inquam,
1258 4114 1574 4176 Clementis,
1601 4116 1757 4183 cujus
1807 4128 1977 4181 usque
2020 4115 2072 4166 in
2105 4113 2322 4167 hodier-

780 4219 910 4256 num
954 4202 1097 4255 diem
1147 4201 1394 4254 universa
1450 4210 1592 4254 terra
1647 4201 1728 4254 vel
1791 4210 1975 4255 tacens
2018 4201 2324 4256 salutiferas

779 4295 975 4348 clamat
1031 4292 1198 4346 fuisse
1267 4291 1564 4346 doctrinas.
1641 4290 1940 4347 Clementis
2004 4291 2169 4354 illius.
2225 4293 2320 4362 qui

2432 3205 2597 3260 animi
2637 3206 2876 3259 studium
2924 3205 3134 3260 sinatur
3201 3205 3498 3269 retardare,
3547 3206 3639 3260 sed
3687 3205 3790 3260 hoc
3839 3207 3981 3275 vigi.

2431 3293 2562 3348 lanti
2617 3294 2796 3349 animo
2822 3304 2876 3349 et
2901 3303 3108 3350 attento
3163 3295 3391 3351 ﬁdeliter
3443 3295 3692 3366 excipite.
3737 3297 3844 3352 Res
3881 3313 3979 3351 au-

2433 3397 2538 3442 tem
2565 3388 2636 3442 ita
2672 3403 2730 3442 se
2764 3388 2960 3443 habet:

2499 3480 2585 3534 lll.
2618 3479 2753 3535 Cum
2783 3479 3233 3552 preclarissimus
3262 3489 3319 3535 et
3346 3479 3695 3536 beatissimus
3722 3479 3978 3536 Clemens

2436 3570 2752 3639 perfecisset
2781 3570 3039 3624 doctrine
3061 3584 3280 3623 cursum
3311 3571 3737 3639 etapostolatus,
3770 3579 3825 3624 et
3871 3587 3972 3637 per

2429 3662 2949 3716 consummationem
2986 3660 3224 3730 martyrii
3251 3659 3376 3714 hinc
3402 3660 3741 3724 excessisset,
3783 3671 3840 3716 ut
3863 3661 3980 3730 glo-

2429 3751 2561 3804 riosi
2591 3753 2709 3820 ejus
2738 3750 2982 3820 martyrii
3029 3750 3168 3804 liber
3203 3750 3498 3804 declaravit
3527 3751 3709 3820 (quem
3737 3767 3832 3806 vos
3863 3768 3971 3806 non

2429 3844 2675 3913 ignorare
2712 3851 2796 3897 est
2834 3841 2967 3895 mihi
3003 3840 3369 3909 persuasum),
3416 3856 3521 3893 non
3581 3841 3784 3909 justum
3828 3842 3976 3910 judi-

2427 3935 2568 3989 cavit
2596 3934 2643 3988 is
2674 3933 2767 4003 qui
2801 3948 2914 3995 eos,
2940 3932 3030 4002 qui
3065 3931 3240 4000 ipsum
3287 3931 3610 4000 gloriﬁcant,
3640 3932 3908 4000 gloriﬁcat
3929 3935 3973 3995 ',

2425 4047 2533 4086 non
2563 4032 2736 4099 ipsum
2776 4029 3010 4084 vicissim
3041 4026 3367 4098 gloriﬁcare,
3423 4026 3516 4095 qui
3557 4041 3652 4093 pro
3683 4042 3867 4080 amore
3918 4028 3974 4080 in

2426 4137 2550 4177 eum
2595 4122 2674 4175 sic
2723 4117 3018 4174 decertavit
3081 4138 3093 4173 :
3136 4117 3231 4171 sed
3273 4130 3400 4171 eum
3460 4116 3614 4171 valde
3665 4117 3972 4186 gloriﬁcare

2423 4222 2479 4267 et
2509 4210 2790 4279 magniﬁce
2829 4210 3107 4271 extollere.
3141 4216 3198 4264 et
3222 4215 3280 4263 ut
3327 4207 3382 4261 in
3425 4207 3563 4262 celo
3611 4208 3834 4276 angelis,
3895 4207 3971 4262 ita

2424 4303 2586 4358 etiam
2611 4301 2698 4354 hic
2725 4299 3036 4354 hominibus
3062 4315 3185 4354 eum
3235 4299 3463 4353 reddere
3505 4297 3886 4354 clarissimum.
3915 4305 3976 4355 et

780 4385 882 4438 fuit
916 4397 1056 4437 vere
1103 4383 1308 4451 palmes
1358 4381 1485 4436 vitis
1527 4383 1752 4448 Christi,
1796 4399 1890 4452 per
1947 4399 2109 4453 quem
2158 4385 2318 4440 nobis
2350 4399 2394 4455 ι)
2423 4391 2664 4458 maxime
2702 4386 3067 4442 venerandum
3117 4401 3212 4454 per
3258 4385 3534 4450 miracula,
3583 4384 3862 4448 miracula,
3892 4386 3978 4438 in-

777 4488 1066 4544 expressus
1095 4474 1288 4527 hctrus
1315 4473 1596 4537 doctrine,
1640 4476 1856 4543 pietatis
1880 4484 1934 4529 et
1973 4476 2164 4530 salutis
2197 4491 2316 4530 mu-

777 4578 919 4621 stum
951 4564 1108 4620 nohis
1139 4563 1349 4618 eﬁ‘udit.
1378 4564 1800 4636 Clementis,qui
1835 4567 1938 4621 fuit
1973 4582 2112 4621 vere
2136 4567 2318 4631 scale,

775 4671 897 4727 que
956 4669 1057 4710 nos
1102 4670 1210 4708 non
1255 4655 1533 4710 deducunt
1601 4656 1667 4709 ad
1733 4657 2017 4710 sublimem
2080 4657 2316 4725 aliquam

776 4759 935 4800 terre
1001 4743 1365 4806 altitudinem,
1425 4744 1517 4798 sed
1582 4744 1838 4798 virtutum
1905 4742 2319 4798 ascensionihus

775 4846 1032 4905 tanquam
1072 4837 1343 4906 aliquibus
1383 4837 1638 4906 gradibus
1671 4853 1770 4891 nos
1801 4837 1868 4890 ad
1894 4839 2090 4892 celum
2137 4847 2316 4894 trans.

775 4927 997 4981 mittunt
1030 4936 1084 4979 et
1116 4926 1380 4990 celestis,
1413 4927 1568 4982 scale
1607 4942 1728 4996 que
1773 4928 1839 4981 iis
1900 4942 2020 4997 que
2073 4943 2103 4982 a
2149 4929 2314 4984 Jacob

774 5018 905 5070 vise
937 5023 1086 5078 sunt,
1120 5016 1253 5070 nihil
1284 5026 1407 5071 sunt
1452 5016 1761 5081 inferiores,
1811 5032 1920 5071 non
1969 5019 2316 5075 ostendentes

776 5109 936 5162 nobis
955 5107 1174 5176 angelos
1197 5122 1292 5176 per
1323 5123 1414 5162 eas
1438 5108 1790 5162 ascendentes
1820 5117 1876 5162 et
1895 5108 2310 5176 descendentes,

774 5198 868 5251 sed
909 5199 1221 5252 liomninum
1264 5197 1474 5251 animas
1516 5198 1715 5252 divinis
1735 5199 2214 5265 admonitionibus,
2261 5212 2320 5255 ut

775 5303 898 5356 que
926 5303 954 5342 a
987 5289 1243 5358 gradibus
1271 5289 1324 5342 in
1359 5289 1556 5358 gradus
1594 5305 1690 5358 per
1735 5289 1964 5344 virtutes
2025 5290 2090 5343 ad
2151 5291 2316 5344 Deum

775 5379 1065 5433 deducant.
1102 5378 1269 5449 Cujus
1299 5379 1517 5448 quidem
1570 5379 1886 5435 miraculum
1922 5395 2043 5434 cum
2084 5395 2189 5433 non
2236 5381 2319 5432 di-

776 5470 1039 5531 diceritis,
1102 5485 1134 5523 o
1195 5471 1558 5538 pulcherrime
1625 5482 1678 5525 et
1742 5472 2048 5525 fidelissime
2122 5482 2315 5536 cetus,

779 5559 938 5627 quale
966 5561 1036 5613 sit
1085 5568 1139 5614 et
1168 5570 1450 5629 quantum,
1485 5561 1696 5624 audire,
1729 5571 1784 5614 ut
1818 5561 1917 5613 viri
1953 5561 2046 5629 pii,
2091 5570 2318 5614 conten-

935 5740 1049 5794 Psal
1115 5758 1271 5800 l.~.\'|l,
1326 5743 1406 5795 3'5.
1522 5742 1687 5794 ’Psal
1754 5740 1922 5794 scuti.

2006 5742 2023 5770 ³
2045 5742 2380 5808 P:11tl.t.t\vt,
2412 5744 2489 5797 li.

2417 4495 2599 4552 quam,
2615 4491 2846 4547 quorum
2863 4475 3281 4544 magnitudinem
3319 4490 3471 4530 mens
3490 4489 3596 4528 non
3621 4483 3796 4543 potest
3822 4487 3973 4528 com-

2415 4567 2773 4641 prehendere,
2814 4579 2914 4618 nec
2944 4563 3118 4618 oratio
3168 4563 3355 4617 dicere
3394 4561 3827 4623 multitudinem,
3863 4574 3966 4614 ne-

2419 4676 2524 4730 que
2564 4672 2752 4712 manus
2778 4654 3084 4725 exprimere
3113 4652 3456 4708 inﬁnitatem.
3489 4652 3559 4707 Ut
3587 4666 3718 4722 ergo
3748 4667 3813 4705 ex
3845 4650 3967 4702 ﬁm-

2419 4751 2557 4813 bria,
2601 4761 2658 4804 ut
2683 4757 2766 4804 est
2793 4749 2846 4802 in
2876 4746 3186 4816 proverbio,
3223 4754 3429 4798 textum
3465 4757 3704 4812 pannum
3748 4740 3972 4810 possitis

2421 4854 2768 4911 cognoscere,
2817 4838 2870 4892 id
2922 4837 3075 4891 vobis
3128 4835 3383 4897 narrabo,
3440 4833 3585 4902 quod
3637 4832 3788 4900 prius
3843 4846 3968 4884 sum

2424 4932 2716 5002 pollicitus.
2763 4929 2897 4984 Cum
2953 4925 3274 4982 venerande
3331 4923 3660 4979 sanctissimi
3716 4923 3972 4990 martyris

2420 5021 2716 5077 Clementis
2738 5018 2982 5088 reliquie
3027 5017 3081 5069 in
3137 5013 3302 5068 maris
3345 5012 3675 5082 profundum
3727 5011 3964 5065 fuissent

2420 5114 2674 5183 projecte
2698 5112 2766 5166 ab
2793 5111 2970 5180 impiis
3005 5109 3110 5164 illis
3139 5106 3441 5163 cultoribus
3465 5103 3878 5159 simulacrorum
3909 5113 3968 5156 et

2416 5219 2510 5258 eas
2545 5203 2845 5271 excepisset
2875 5201 3135 5268 templum
3163 5201 3215 5251 in
3250 5195 3520 5266 profundo
3550 5209 3578 5247 a
3625 5194 3735 5247 Deo
3789 5192 3932 5247 ediﬁ

2418 5305 2613 5354 catum,
2635 5293 2723 5346 hic
2752 5308 2969 5362 quoque
2996 5296 3288 5346 maximum
3315 5289 3444 5343 fecit
3471 5289 3790 5342 miraculum
3823 5285 3968 5339 Deus

2418 5382 2837 5435 admirabilium.
2883 5381 3017 5436 Cum
3077 5383 3222 5435 enim
3278 5381 3380 5433 hoc
3441 5379 3639 5432 factum
3693 5384 3858 5436 esset,
3913 5388 3969 5429 et

2418 5475 2536 5542 ejus
2565 5474 2812 5542 diSt-ipuli
2849 5473 3044 5527 ﬁerent
3074 5487 3197 5528 cum
3254 5473 3322 5526 iis
3371 5487 3465 5539 qut
3525 5469 3637 5522 illic
3688 5477 3845 5520 erant
3901 5471 3966 5518 tl-

2415 5562 2645 5626 delihus,
2688 5575 2740 5618 et
2783 5574 2843 5619 ut
2890 5572 3260 5618 sacrosanctus
3305 5559 3526 5629 gloriosi
3582 5557 3832 5626 martyris
3879 5572 3957 5610 rc-

2574 5744 2710 5799 ‘Jac.
2742 5760 2776 5802 I.
2806 5744 2884 5797 l7.
2967 5743 2985 5772 '
3010 5743 3029 5796 1
3055 5743 3180 5807 [ἴοις.
3230 5756 3260 5794 ll
3313 5738 3396 5793 30.
