4270 6428
281 368 388 431 185

282 566 456 618 Deum
508 568 783 634 supplices
849 585 1140 641 rogarent,
1206 583 1459 649 protinus
1516 566 1839 643 immensum

281 655 415 706 illud
446 656 666 724 pelagus
714 659 984 716 desistens
1036 673 1092 718 et
1134 672 1504 734 retrocedens.
1546 676 1728 732 eﬂ'ecit
1777 690 1837 734 ut

282 745 615 811 profundum
648 750 786 803 adiri
823 764 1005 819 posset
1049 770 1079 808 a
1134 758 1386 815 fidelibus
1430 780 1599 834 usque
1622 769 1689 821 ad
1729 772 1831 824 tria

281 834 558 889 milliaria.
620 837 854 907 lngressi
912 853 1121 906 autem,
1167 846 1495 907 invenerunt
1554 855 1839 912 habitacu-

280 926 395 976 lum
431 927 598 980 instar
630 931 813 998 templi
864 939 1173 999 marmorei,
1226 949 1281 993 et
1312 943 1422 996 illic
1456 945 1507 998 in
1550 962 1709 1015 capsa
1764 951 1839 1004 la-

282 1016 447 1082 pidea
519 1022 888 1080 sanctissimas
952 1036 1007 1081 et
1081 1030 1502 1099 gloriosissimas
1585 1045 1837 1113 martyris

277 1106 484 1161 Christi
538 1114 801 1178 repositas
849 1116 1128 1184 reliquias.
1170 1121 1270 1186 Qui
1323 1140 1446 1178 cum
1520 1106 1837 1188 statuissent

278 1198 651 1255 sanctissimas
681 1218 747 1255 ex
798 1206 1069 1273 profundo
1108 1212 1299 1266 tollere
1355 1216 1617 1287 reliquias
1664 1234 1829 1277 noctu

276 1289 546 1342 accedens
576 1302 813 1357 sanctus,
850 1311 944 1350 eos
978 1299 1056 1352 sic
1085 1311 1168 1354 est
1206 1304 1503 1361 allocutus:
1557 1311 1837 1379 Reliquias

276 1378 501 1444 quidem
518 1382 681 1435 nolile
704 1384 920 1451 tollere;
948 1388 1082 1443 banc
1104 1402 1279 1447 autem
1304 1397 1455 1451 vobis
1472 1378 1709 1456 concedo
1727 1420 1840 1472 gra-

282 1468 437 1532 tiam,
470 1480 529 1523 ut
558 1472 786 1541 singulis
809 1477 967 1531 annis
1024 1479 1112 1533 die
1164 1499 1294 1537 mea:
1330 1486 1715 1544 decertationis
1730 1468 1839 1547 vse-

277 1568 430 1626 ptem
451 1561 566 1615 dies
594 1578 739 1617 mare
758 1567 1124 1632 retrocedens.
1147 1576 1380 1641 praibeat
1398 1578 1500 1631 iter
1519 1597 1611 1648 per
1636 1583 1837 1639 siccum

279 1647 693 1715 ingrediendum
722 1654 1017 1725 hucusque.
1045 1660 1196 1724 Quod
1225 1674 1404 1719 autem
1423 1647 1839 1735 dixerat,dedu-

277 1747 430 1791 etum
460 1750 541 1793 est
566 1742 629 1795 ad
650 1742 925 1801 effectum.
945 1749 1024 1801 Ah
1051 1766 1116 1804 eo
1139 1753 1281 1806 enim
1317 1764 1559 1826 tempore
1593 1776 1761 1830 usque
1782 1764 1837 1817 in

278 1828 606 1884 hodiernum
633 1832 774 1887 diem
797 1837 1025 1906 singulis
1054 1843 1213 1895 annis
1244 1846 1300 1897 fit
1353 1846 1454 1900 hoc
1499 1828 1837 1906 miraculum.
1877 1843 1916 1899 Β

276 1918 426 1983 Quid
470 1931 552 1975 est
604 1924 705 1977 hoc
739 1928 918 1982 minus
973 1930 1302 2000 faciendum,
1337 1953 1495 2006 quam
1528 1942 1688 1997 Mosis
1739 1945 1839 1997 mi-

278 2012 568 2066 raeulum?
611 2013 749 2079 Quid
786 2033 915 2072 vero
946 2018 1108 2077 Elisei
1160 2026 1341 2089 vilius,
1380 2040 1472 2083 aut
1501 2032 1682 2087 minus
1724 2036 1839 2104 glo-

278 2104 535 2156 riosum?
565 2104 677 2159 lino
703 2124 832 2162 vero
871 2122 955 2166 est
1005 2114 1163 2184 longe
1214 2121 1386 2189 majus
1424 2133 1478 2175 et
1524 2126 1831 2192 gloriosius.

278 2185 375 2239 Ille
400 2190 543 2241 enim
580 2192 725 2261 virga
776 2204 830 2250 et
872 2199 1028 2254 vivus
1060 2213 1115 2257 et
1162 2208 1329 2261 semel
1376 2226 1521 2265 mare
1557 2216 1832 2282 scindens,

278 2280 449 2332 maris
480 2282 806 2347 profundum
852 2298 912 2343 ttt
967 2290 1069 2345 iter
1099 2305 1263 2358 esset,
1302 2300 1519 2356 effecit:
1570 2305 1655 2359 hic
1706 2280 1834 2362 vero

280 2370 535 2426 similiter
569 2376 705 2442 pelle
733 2379 894 2432 ovilla
922 2396 1114 2439 secans
1156 2386 1470 2456 Jordanem,
1501 2397 1667 2451 semel
1696 2414 1833 2467 quo-

278 2476 388 2526 que
416 2464 517 2517 hoc
550 2465 676 2519 fecit
725 2470 1087 2527 miraculum:
1157 2480 1421 2537 ambabus
1485 2489 1643 2555 aquis
1709 2464 1829 2558 post

280 2556 570 2609 transitum
625 2558 861 2613 redactis
907 2563 973 2615 ad
1004 2580 1157 2619 suam
1192 2578 1459 2633 naturam,
1504 2556 1833 2643 quibus—hoc

279 2660 554 2712 nunquam
580 2646 777 2701 factum
806 2660 889 2704 est
910 2662 1111 2719 postea.
1133 2656 1231 2711 Hic
1246 2669 1424 2714 autem
1448 2677 1567 2730 post
1584 2676 1830 2734 mortem,

278 2745 335 2784 et
368 2750 471 2787 non
525 2738 712 2795 semel.
745 2740 837 2792 sed
871 2741 938 2794 ab
964 2759 1029 2796 eo
1056 2753 1296 2814 tempore
1335 2767 1501 2820 usque
1537 2755 1587 2808 in
1623 2756 1835 2811 hodier-

279 2839 411 2876 num
436 2825 596 2879 diem.
623 2826 667 2882 Ο
689 2830 1006 2887 miraculum
1033 2845 1087 2888 et
1112 2836 1334 2905 gloriam
1365 2843 1639 2911 martyris,
1675 2846 1833 2913 quale

278 2913 484 2965 donum
546 2924 627 2967 est
683 2929 964 2973 assecutus
1010 2922 1237 2992 singulis
1262 2928 1416 2981 annis
1469 2929 1557 2984 die
1579 2932 1830 3000 gloriosa:

281 3016 395 3054 sum
424 3004 859 3059 decertationis?
896 3009 1112 3078 Septem
1144 3016 1289 3067 enim
1326 3017 1463 3081 dies,
1512 3021 1655 3074 sicut
1683 3024 1832 3091 prius

278 3093 537 3160 diximus,
582 3098 844 3154 recedens
875 3116 1020 3155 mare
1056 3103 1185 3157 illud
1214 3106 1506 3172 infinitum,
1534 3111 1644 3178 piis
1702 3129 1835 3181 pra:-

279 3186 371 3240 bet
412 3190 515 3241 iter
547 3189 721 3244 facile.

350 3278 440 3333 IV.
478 3280 613 3333 Cum
642 3282 741 3336 hoc
761 3299 889 3353 ergo
920 3286 997 3339 sic
1029 3285 1228 3341 factum
1262 3289 1336 3358 (t)
1367 3305 1557 3346 omnes
1592 3295 1684 3361 pii,
1722 3303 1826 3348 tam

278 3368 373 3436 qui
408 3372 643 3423 erantin
676 3374 914 3440 regione,
961 3390 1121 3443 quam
1154 3377 1301 3430 cives
1343 3378 1637 3435 Chersonis
1678 3384 1833 3436 audi-

278 3461 510 3522 vissent,
562 3474 920 3529 perrexerunt
970 3466 1037 3518 ad
1068 3468 1543 3535 contemplandum
1595 3472 1831 3526 miracu-

279 3551 417 3603 lum.
444 3550 577 3603 Cum
606 3553 805 3620 quibus
834 3554 1053 3622 quidam
1087 3573 1301 3625 quoque
1328 3560 1411 3611 vir
1443 3560 1564 3627 pius
1593 3578 1715 3615 cum
1744 3565 1831 3631 pia

282 3655 451 3695 uxore
493 3652 548 3696 et
589 3641 698 3696 filio
766 3644 1026 3710 masculo,
1084 3647 1151 3699 ad
1206 3651 1530 3704 sacrosancti
1582 3656 1833 3723 martyris

282 3731 542 3799 templum
613 3733 752 3785 viam
825 3746 1150 3803 peregerunt
1204 3750 1454 3806 prompto
1519 3750 1571 3795 et
1631 3745 1831 3798 alacari

277 3821 483 3876 animo.
520 3822 654 3875 Cum
688 3836 866 3878 autem
894 3826 960 3879 ad
993 3827 1169 3880 locum
1205 3830 1601 3897 pervenissent,
1637 3846 1693 3888 et
1729 3837 1832 3889 mi-

278 3912 521 3964 raculum
561 3914 704 3979 quod
764 3914 941 3969 adhuc
978 3916 1162 3981 ﬂebat,
1206 3921 1577 3988 aspexissent,
1603 3925 1827 3991 ingressi

277 4012 406 4054 sunt
431 4003 559 4055 illud
598 4005 854 4072 templum
888 4007 1030 4073 quod
1073 4008 1137 4060 ad
1189 4011 1297 4063 Deo
1344 4014 1665 4067 aedificatum
1712 4016 1829 4070 fue-

280 4100 363 4143 rat
392 4090 445 4144 in
494 4091 793 4158 profundo;
826 4103 881 4147 et
915 4110 1036 4147 cum
1068 4097 1134 4148 ad
1190 4114 1404 4166 capsam
1451 4105 1827 4169 accessissent,

276 4181 548 4249 supplices
591 4190 836 4234 sanetum
886 4185 1171 4253 rogabant,
1212 4198 1459 4254 petentes
1509 4201 1563 4244 ut
1611 4208 1705 4259 per
1746 4193 1829 4261 ip-

276 4285 396 4323 sum
428 4270 533 4323 sibi
575 4270 796 4324 daretur
824 4276 1036 4326 veniam
1084 4286 1428 4341 peccatorum
1458 4298 1471 4340 ;
1518 4291 1572 4335 et
1606 4297 1829 4350 precan-

280 4371 389 4423 tur,
428 4368 485 4412 ut
517 4359 624 4413 filio
658 4361 879 4415 daretur
902 4364 1012 4417 vita
1046 4367 1222 4434 longa,
1264 4377 1319 4421 et
1378 4371 1545 4425 nullis
1589 4373 1825 4428 obnoxia

1324 386 1503 448 VITA
1539 391 1603 452 S.
1642 390 2076 461 CLEMENTIS
2110 405 2438 473 ROMANI.

279 476 484 584 lliquias
537 478 618 531 eis
652 482 994 584 ‘ostenderet,
1042 490 1186 556 quod
1252 494 1422 555 etiam
1474 497 1674 554 factum
1730 512 1836 567 est,
1868 506 2109 567 Afundo
2153 519 2487 584 mandatum,

3399 418 3499 484 186

2534 523 2665 590 quid
2696 539 2834 592 opus
2863 535 2939 578 est
2991 527 3175 582 dicere
3227 543 3281 582 et
3333 534 3503 597 patris

1949 606 2388 677 lamentationes,
2419 624 2472 666 et
2500 616 2685 669 matris
2707 616 2981 685 ejulatus?
3004 620 3331 674 Praeclarum
3357 626 3501 676 enim

1949 699 2080 754 illud
2111 701 2305 755 festum
2359 714 2745 763 converterunt
2778 708 2831 763 in
2869 710 3331 768 lamentationem.
3361 717 3501 780 Quid

1945 788 2088 840 enim
2118 807 2225 845 non
2257 792 2554 848 dicebant?
2582 796 2720 862 Quid
2750 816 2856 854 non
2892 799 3163 856 faciebant
3192 819 3257 857 ex
3290 807 3353 858 iis
3383 824 3501 873 qua:

1946 892 2364 940 consentaneum
2426 898 2553 951 est,
2632 890 2715 943 vel
2779 891 2952 960 ipsum
3034 892 3269 963 lapidem
3343 912 3499 963 posse

1948 986 2164 1027 movere
2192 976 2258 1029 ad
2291 978 2591 1049 laerymas?
2638 983 2808 1036 Mater
2837 986 2982 1037 enim
3028 988 3217 1041 oculos
3246 988 3311 1040 ad
3356 1004 3503 1042 mare

1945 1067 2267 1130 extendens,
2319 1078 2369 1121 et
2410 1087 2601 1126 manus
2659 1074 2711 1126 in
2768 1076 2939 1128 altum
2978 1079 3261 1141 exto!lens,
3315 1092 3503 1132 sancto

1946 1154 2078 1209 tales
2108 1171 2271 1211 voces
2302 1161 2586 1213 emittebat
2613 1180 2622 1213 :
2660 1163 2751 1216 H'J’.‘
2780 1176 2928 1229 sunt,
2964 1182 2995 1219 ο
3024 1176 3231 1228 sancte,
3266 1177 3370 1220 tuae
3410 1184 3496 1221 re-

1945 1248 2391 1302 munerationes?
2418 1257 2627 1307 hancne
2676 1253 2857 1306 reddis
2888 1257 3111 1322 gratiam
3138 1257 3204 1309 iis
3227 1259 3317 1325 qni
3351 1268 3499 1310 tanto

1948 1337 2024 1390 tui
2081 1337 2353 1394 desiderio
2406 1343 2470 1395 ad
2514 1354 2562 1397 te
2603 1346 2996 1399 accnrrerunt?
3053 1346 3272 1400 Hancne
3319 1347 3500 1400 reddi-

1946 1430 2071 1485 disti
2100 1435 2402 1489 mercedem
2436 1453 2532 1504 pro
2578 1438 2780 1501 labore,
2814 1456 2972 1506 quem
3031 1457 3183 1508 passa
3231 1457 3373 1500 sum.
3428 1428 3493 1494 ex

1945 1538 2053 1592 quo
2083 1527 2324 1579 accessi?
2377 1527 2475 1581 Ubi
2500 1530 2733 1581 estmihi
2771 1530 2951 1584 filius?
2978 1532 3078 1585 Ubi
3126 1532 3234 1584 nati
3268 1532 3370 1585 mei
3412 1533 3497 1585 vi-

1945 1631 2092 1670 scera
2146 1618 2353 1671 marina
2406 1620 2580 1673 beliua
2648 1622 2945 1675 laceravit?
2991 1622 3252 1687 Quisnam
3313 1633 3495 1675 autem

1945 1708 2239 1762 vehemens
2267 1710 2550 1779 insurgens
2581 1711 2794 1773 fluctus,
2829 1728 2951 1765 eum
3002 1714 3183 1765 vivum
3238 1724 3493 1780 tanquam

1944 1800 2252 1868 sepulcrum
2333 1804 2584 1870 operuit?
2648 1802 2944 1868 Quemnam
3008 1804 3168 1856 modo
3238 1805 3494 1870 aSpiciam

1942 1892 2144 1946 oculis?
2191 1893 2293 1947 Pro
2360 1911 2468 1963 quo
2513 1910 2642 1948 vero
2703 1895 2910 1948 orabo?
2963 1893 3097 1960 Quis
3159 1903 3338 1947 autem
3391 1892 3497 1946 erit

1941 2000 2073 2038 meae
2103 1986 2401 2039 senectutis
2427 1987 2685 2040 baculus?
2730 1986 2859 2045 Cur,
2909 2001 2941 2039 ο
2988 1997 3196 2046 sancte,
3252 2001 3359 2037 non
3418 1983 3499 2036 fe-

1939 2076 2061 2131 cisti
2096 2092 2181 2131 me
2209 2091 2326 2131 esse
2375 2078 2575 2131 sociam
2603 2078 2794 2131 mortis
2826 2077 2919 2130 filii
2950 2078 3074 2139 mei,
3124 2086 3180 2129 ut.
3219 2078 3494 2144 quomodo

1940 2170 2004 2221 ad
2042 2177 2091 2223 te
2133 2170 2335 2223 accessi
2367 2185 2490 2221 eum
2540 2185 2703 2222 manu
2750 2176 2962 2232 tenens,
3017 2168 3089 2221 ita
3145 2170 3308 2222 etiam
3366 2184 3490 2220 eum

1941 2262 2081 2314 ulnis
2111 2261 2309 2323 ferens,
2366 2261 2550 2314 infelix
2597 2262 2662 2313 all
2714 2261 2916 2315 inferos
2970 2260 3392 2314 descenderem:
3448 2257 3491 2311 Ο

1939 2368 2084 2405 mare
2131 2362 2184 2404 et
2216 2351 2565 2419 profundum,
2595 2366 2831 2419 quonam
2871 2352 2945 2403 tui
2982 2352 3101 2404 sinu
3134 2366 3308 2403 meum
3340 2361 3493 2403 tene-

1940 2445 2021 2498 bis
2082 2445 2293 2498 filium?
2342 2445 2624 2508 Quomodo
2673 2456 2851 2498 autent
2898 2459 3023 2497 eum
3078 2458 3296 2511 quoque
3342 2442 3492 2495 ales?

1939 2536 2034 2589 lloi
2065 2537 2218 2599 mihi,
2255 2536 2564 2590 miserande
2615 2535 2725 2599 ﬁli;
2786 2536 2883 2595 fili,
2918 2547 3069 2601 rapte
3099 2543 3222 2586 ante
3251 2543 3487 2599 tempus;

1938 2630 2030 2691 fili,
2095 2629 2368 2697 quomodo
2416 2644 2443 2680 a
2499 2629 2633 2681 meis
2709 2627 2882 2681 oculis
2943 2626 3231 2681 recesisti?
3278 2625 3488 2689 Quibus

1936 2721 2164 2791 pedibus
2202 2737 2262 2774 es
2297 2721 2630 2775 conversus?
2659 2718 2961 2784 Quemnam
2994 2730 3171 2772 autem
3226 2728 3479 2787 tanquam

1934 2829 2129 2880 agnum
2172 2813 2427 2879 aspiciam
2478 2811 2857 2865 exsilientetn?
2914 2811 3073 2862 Pater
3107 2824 3237 2863 vero
3296 2825 3488 2861 rursus

1936 2916 1988 2959 et
2027 2920 2217 2959 manus
2246 2912 2300 2957 et
2345 2905 2534 2957 oculos
2585 2904 2808 2964 feriens.
2866 2904 2945 2957 sie
2997 2903 3483 2970 conquerebatur:

1932 2997 2059 3060 Cur,
2092 3013 2125 3049 ο
2156 3008 2361 3052 sancte.
2398 3012 2481 3049 tne
2512 3002 2732 3062 repente
2780 2995 2972 3047 orbum
3028 2996 3199 3047 fecisti
3257 2994 3489 3047 liberis?

1932 3086 2040 3139 Cur
2086 3086 2394 3153 permisisti,
2446 3094 2505 3136 ut.
2543 3100 2693 3137 meus
2769 3084 2911 3136 filius
2956 3094 3262 3136 moreretur
3317 3093 3487 3135 morte

1862 3163 1901 3218 θ
1936 3187 2044 3230 tam
2092 3176 2432 3229 miserabili?
2480 3176 2587 3228 Cur
2646 3175 2775 3227 mihi
2849 3176 3165 3239 obtigerunt
3214 3176 3484 3229 contraria

1936 3269 1999 3322 iis
2036 3284 2156 3335 qua!
2216 3266 2472 3335 speravi?
2540 3266 2721 3320 llacne
2773 3264 2876 3319 fide
2916 3265 2981 3317 ad
3022 3274 3070 3317 te
3118 3266 3489 3319 accessimus?

1935 3359 2156 3412 Taliane
2214 3368 2338 3411 sunt
2376 3358 2516 3410 dona
2558 3366 2850 3426 martyrum
2894 3357 2947 3409 in
2998 3370 3093 3409 eos
3123 3355 3213 3424 qui
3248 3355 3487 3422 ad_ipsos

1934 3466 2128 3520 magno
2156 3450 2420 3503 accedunt
2462 3449 2776 3501 desiderio?
2822 3449 3029 3501 Revera
3085 3462 3192 3499 non
3251 3456 3327 3508 tu,
3386 3446 3479 3500 sed

1935 3542 2181 3612 procellre
2240 3556 2483 3613 meorum
2543 3551 2887 3608 peccatorum
2953 3541 3087 3592 mari
3146 3538 3487 3591 tradiderunt

1935 3634 2123 3686 filium.
2157 3631 2201 3687 Ο
2233 3632 2307 3685 fili
2342 3632 2434 3693 mi,
2468 3633 2589 3700 quis
2640 3634 2714 3683 tui
2752 3633 2948 3683 mortui
2983 3631 3197 3684 claudet
3254 3632 3487 3683 oculos?

1932 3725 2064 3790 Quis
2109 3735 2159 3777 te
2199 3734 2377 3777 autem
2410 3733 2699 3791 componet
2731 3724 2794 3775 ad
2822 3723 3171 3790 sepulcrum?
3225 3722 3481 3786 Quanam

1932 3832 2060 3869 vero
2096 3817 2251 3869 theca
2308 3817 2593 3883 pulchrum
2628 3827 2777 3867 tuum
2807 3823 2860 3868 et
2894 3814 3196 3881 jucundum
3231 3821 3371 3881 teget
3408 3822 3485 3866 ta-

1933 3906 2328 3961 bernaculum?
2370 3907 2448 3958 An
2483 3906 2701 3958 omnino
2730 3907 2947 3972 quidem
2981 3912 3101 3955 tuos
3139 3903 3328 3955 oculos
3353 3901 3486 3954 texit

1933 4017 2101 4067 mare,
2133 4014 2189 4054 et
2231 4001 2444 4069 sepeliit
2498 4000 2853 4069 profundum,
2904 4010 2959 4053 et
3015 3998 3111 4053 tibi
3163 3997 3322 4051 theca
3382 3995 3486 4049 fuit

1932 4101 2121 4144 venter
2150 4090 2412 4158 piscium!

1998 4182 2088 4236 Vl.
2124 4183 2258 4236 Cum
2287 4183 2365 4235 sic
2394 4191 2575 4236 autem
2613 4181 2932 4249 plangerent
2964 4192 3019 4234 et
3049 4182 3483 4233 lamentarentur

1930 4283 2203 4342 parentes.
2233 4272 2450 4339 quidam
2478 4288 2542 4325 ex
2592 4272 2657 4325 iis
2683 4272 2773 4340 qui
2812 4272 2940 4324 illuc
2971 4279 3359 4334 convenerant,
3390 4271 3478 4322 vix

1931 4363 2145 4416 tandem
2179 4362 2259 4416 eis
2300 4370 2711 4430 persuaserunt,
2749 4370 2807 4413 ut
2840 4372 3119 4414 cessarent
3150 4375 3177 4412 a
3209 4361 3482 4412 lamenta-

276 4450 695 4514 calamitatibus,
739 4462 795 4505 et
822 4468 984 4520 opum
1036 4457 1213 4525 copia,
1266 4467 1322 4512 et
1367 4475 1487 4527 qua;
1533 4472 1822 4516 conseula-
1856 4475 1899 4529 ι)
1932 4455 2095 4505 tione.
2126 4454 2258 4505 Cum
2291 4468 2319 4505 a
2354 4453 2500 4505 luctu
2558 4462 2737 4504 autem
2790 4466 2979 4519 parum
3023 4459 3346 4511 cessassent,
3381 4450 3483 4501 do-

277 4554 438 4592 neum
467 4548 549 4592 est
578 4550 760 4606 petere
819 4551 1067 4609 parentes
1128 4542 1240 4597 ﬁlio
1295 4548 1475 4601 unico.
1528 4548 1821 4618 Postquam

274 4647 403 4699 ergo
436 4647 627 4700 preces
658 4634 1014 4701 peregissent,
1045 4643 1095 4688 et
1130 4636 1304 4690 sancti
1334 4638 1563 4692 osculati
1594 4640 1823 4694 fuissent

275 4724 555 4791 reliquias.
586 4725 887 4799 redierunt.
924 4723 1026 4789 Qui
1060 4740 1182 4781 cum
1208 4730 1411 4797 egressi
1444 4745 1648 4796 essent,
1687 4748 1824 4800 aqua

275 4829 470 4867 rursus
514 4815 567 4867 in
602 4830 760 4868 suum
792 4816 967 4869 locum
1001 4817 1181 4872 rediit.
1205 4818 1285 4872 llli
1331 4828 1510 4873 autem
1552 4823 1821 4884 conversi,

271 4913 327 4959 et
356 4904 499 4975 quod
528 4906 678 4974 prius
709 4916 828 4959 erat
877 4906 1003 4971 iter,
1047 4909 1268 4977 pelagus
1314 4911 1657 4978 aspicientes,
1716 4914 1821 4967 huc

274 5006 330 5047 et
385 4996 513 5049 illuc
567 4996 1088 5065 circumspicientes,
1145 4998 1315 5052 filium
1359 5016 1601 5067 quaerere
1634 5018 1827 5072 aggre-

272 5087 580 5140 iliebsntur.
606 5088 651 5140 ls
703 5095 882 5140 autem
918 5089 971 5142 in
1002 5103 1123 5141 area
1151 5089 1322 5143 sancti
1365 5104 1733 5154 remanserat;
1775 5104 1828 5146 et

276 5178 379 5229 hoc
416 5191 524 5229 non
585 5177 857 5231 oblivione
908 5188 1216 5245 parentum,
1271 5179 1363 5233 sed
1404 5180 1499 5233 Dei
1552 5181 1827 5238 voluntate

272 5265 474 5318 factum
499 5274 600 5326 est,
626 5274 685 5317 ut
712 5266 764 5318 in
799 5267 901 5319 hoc
920 5281 1139 5335 quoque
1166 5276 1458 5338 martyrem
1486 5268 1689 5325 faceret
1716 5288 1825 5326 ma-

272 5356 355 5423 gis
385 5355 782 5410 admirabilem.

352 5441 413 5494 V.
453 5442 588 5495 Cum
617 5458 744 5512 ergo
776 5454 1027 5511 parentes
1054 5461 1159 5499 non
1194 5447 1501 5503 invenirent
1539 5450 1730 5517 filium,
1764 5464 1817 5506 et

269 5534 601 5601 rogitassent
630 5551 857 5604 puerum
907 5537 1073 5592 fuisse
1106 5552 1134 5591 a
1169 5554 1227 5594 se
1276 5539 1538 5594 oblivioni
1588 5543 1641 5595 in
1693 5560 1819 5612 pro.

1929 4559 2073 4596 mum
2103 4543 2375 4595 abierunt.
2405 4540 2539 4596 Cum
2571 4557 2701 4611 ergo
2746 4552 2957 4610 tempus
2991 4542 3369 4609 processisset.
3425 4548 3481 4594 et

1928 4635 2201 4688 memoriae
2231 4634 2401 4686 sancti
2436 4634 2684 4701 martyris
2707 4633 2821 4685 dies
2849 4633 3150 4691 venissent,
3190 4631 3303 4683 hrec
3337 4631 3479 4683 inter

1925 4739 1981 4778 se
2029 4723 2300 4784 dicebant,
2358 4722 2621 4775 recordati
2684 4721 2767 4775 sui
2824 4722 2960 4773 filii:
3016 4719 3256 4781 Agedum
3307 4718 3476 4786 profl-

1925 4816 2191 4868 ciscamur
2224 4813 2288 4866 ad
2320 4823 2590 4872 sanctum,
2627 4821 2703 4874 ut,
2734 4813 2776 4866 si
2826 4812 2946 4864 ulla:
3008 4812 3272 4877 reliquias,
3322 4809 3468 4877 quod

1928 4905 2041 4957 fieri
2075 4920 2182 4957 non
2218 4913 2412 4972 potest,
2455 4903 2816 4956 remanserint
2847 4901 3015 4954 nostri
3049 4901 3166 4967 filii,
3220 4917 3313 4954 eas
3336 4902 3477 4954 acci-

1923 4994 2150 5062 piamus,
2183 5003 2386 5046 etcum
2425 5002 2629 5056 sancto,
2661 4992 2876 5060 judicio
2909 4992 3338 5055 contendamus;
3392 5002 3473 5055 ut,

1921 5087 1965 5138 si
2002 5085 2113 5139 fieri
2148 5085 2336 5152 possit,
2390 5084 2498 5137 illic
2552 5083 2879 5147 moriamur,
2927 5083 3116 5135 mortis
3158 5083 3470 5135 societatem

1924 5174 2170 5227 ineuntes
2197 5190 2317 5227 cum
2345 5174 2473 5226 filio.
2505 5173 2641 5226 Cum
2672 5174 2786 5226 haec
2828 5188 2955 5243 ergo
2983 5172 3278 5236 dixissent,
3332 5187 3475 5224 non-

1919 5269 2047 5321 dum
2084 5268 2149 5320 iis
2183 5283 2299 5334 qua:
2357 5266 2698 5328 dicebantur,
2757 5266 2918 5317 tinem
2975 5268 3364 5330 imposuerant,
3420 5274 3474 5314 et

1918 5367 2201 5425 cmperunt
2231 5359 2332 5410 iter
2382 5355 2613 5423 ingredi.
2646 5355 2781 5409 Cum
2832 5369 2959 5407 vero
3000 5354 3379 5415 accessissent,
3415 5362 3470 5403 et

1925 5450 1991 5503 ad
2049 5452 2226 5503 locum
2270 5451 2667 5517 pervenissent,
2712 5457 2765 5501 et
2822 5462 2970 5497 mare
3048 5443 3469 5501 retrocessisset,

1926 5542 2032 5597 Deo
2064 5542 2150 5595 hic
2176 5556 2388 5611 quoque
2416 5541 2589 5593 honor
2620 5548 2741 5591 ante
2776 5548 3065 5607 martyrem
3094 5533 3187 5587 filii
3209 5533 3289 5587 sui
3326 5530 3471 5583 desi-

341 5734 418 5799 (l)
460 5733 765 5789 HuPrrfI-re
823 5738 907 5799 Ti,
950 5738 1105 5806 (ἐπιδ.
1154 5738 1281 5792 Tur.
1330 5739 1403 5793 lib
1442 5756 1475 5792 l.
1522 5740 1592 5791 De
1643 5742 1806 5809 gloria
1852 5752 2160 5810 martyrum.
