4270 6428
771 381 877 443 187

2001 384 2282 443 MENSIS
2323 384 2756 446 NOVEMBER.

3889 382 3994 446 188

768 497 922 549 derio
948 495 1226 560 stimulati,
1252 495 1409 566 primi
1433 495 1758 563 profundum
1784 496 2109 556 insilierunt,
2133 511 2333 562 eosque
2369 499 2405 552 Α
2439 497 2628 551 rabilia
2671 511 2725 554 et
2758 501 2914 568 longe
2957 501 3254 555 clarissima
3287 521 3297 553 :
3359 517 3597 570 prmsens
3658 509 3836 554 autem
3891 483 3997 554 mi.

769 601 1000 654 sequens
1031 586 1261 639 vadebat
1317 587 1625 640 multitudo.
1672 586 1806 640 Cum
1843 597 2020 639 autem
2051 589 2328 654 pervenis-

769 688 889 731 sent
919 677 984 730 ad
1035 678 1300 747 imprimis
1337 680 1700 732 venerandum
1742 680 1998 746 templum
2055 679 2328 746 martyris,

772 771 826 835 (ο
868 769 1256 824 miraculum!)
1293 769 1476 823 vident
1501 786 1656 821 suum
1686 770 1853 822 filium
1889 771 2087 829 vivum,
2148 770 2328 821 lzetum

775 867 828 909 et
865 859 1223 911 essilicntem.
1258 858 1388 911 Cum
1423 860 1498 910 sic
1531 869 1708 911 autem
1762 874 1789 910 a
1842 860 2112 911 miraculis
2143 860 2194 911 in
2227 858 2328 909 mi-

775 952 1021 1001 raculum
1058 951 1395 1010 incidissent,
1457 966 1619 1017 reque
1684 950 1876 1018 insigni
1911 959 1962 1001 ct
2018 950 2324 1001 admirabili

774 1051 956 1096 essent
1001 1043 1381 1109 obstupefacti,
1433 1046 1662 1110 primum
1712 1043 1930 1109 quidem
1989 1044 2156 1096 Deum
2209 1045 2326 1094 Iau-

773 1134 1000 1193 darunt;
1045 1134 1239 1187 deinde
1290 1135 1506 1202 martyri
1568 1151 1782 1201 quoque
1816 1144 2043 1202 egerunt
2100 1136 2320 1202 gratias.

782 1225 1053 1294 DCl'Tt‘pS
1103 1243 1231 1277 ιρι-ιι
1287 1225 1682 1276 adulescentem
1720 1227 2140 1292 interrogarunt,
2191 1240 2327 1291 quo-

775 1317 938 1367 modo
976 1325 1114 1368 i-ssct
1142 1328 1409 1375 servatus,
1446 1333 1676 1383 quonam
1721 1316 2044 1374 viviﬁcante,
2091 1332 2326 1382 quonam

775 1411 1044 1461 servante,
1096 1410 1150 1452 et
1232 1417 1462 1467 quonam
1527 1403 1840 1456 nutriente?
1939 1403 2079 1456 Puer
2143 1415 2324 1456 autem

776 1506 880 1541 una
943 1493 1161 1557 quidem
1229 1508 1386 1542 manu
1439 1505 1628 1545 teni-ns
1667 1509 1864 1553 arcam,
1927 1498 2092 1545 altera
2143 1507 2321 1546 autem

776 1599 934 1632 manu
975 1582 1140 1647 digito
1172 1581 1418 1631 iudicans
1457 1597 1578 1632 cum
1618 1583 1707 1647 qui
1766 1584 1910 1633 intus
1946 1584 2182 1648 jar-nbat,
2236 1601 2322 1636 rc.-

776 1672 994 1737 spondit
1053 1674 1550 1739 interrogantibus:
1607 1671 1703 1723 “iC
1772 1685 1892 1738 pust
1947 1674 2112 1724 Deum
2178 1690 2329 1727 meus

776 1773 960 1814 custos
989 1771 1042 1813 et
1074 1764 1180 1814 vita
1235 1774 1290 1814 et
1339 1763 1651 1814 alimentum
1706 1763 1827 1824 fuit,
1877 1774 1930 1816 ct
1984 1767 2329 1831 propulsator

2440 592 2686 642 raculum
2723 603 2985 658 quantum
3032 610 3091 644 ca
3125 594 3452 654 exsuperat?
3503 591 3777 645 Attentius
3809 599 3993 644 autem

2433 681 2561 732 milii
2600 683 2884 734 considera
2936 683 3182 735 miraculi
3240 683 3641 736 excellentiam.
3687 681 3836 733 Elias
3868 684 3996 748 qui-

2434 771 2556 822 dem
2594 783 2650 823 ut
2685 773 2832 839 prius
2860 773 3113 834 diximus,
3147 789 3322 841 nuper
3350 779 3620 825 mortuum
3652 789 3904 840 puerum,
3938 783 3996 824 et

2431 865 2520 930 qui
2585 866 2820 916 nondum
2885 865 3187 929 refrixerat,
3238 864 3329 917 sed
3373 864 3551 915 adhuc
3610 863 3860 916 servabat
3897 878 3994 914 na-

2434 964 2567 1008 tura:
2593 956 2847 1012 calorem.
2905 957 3206 1009 suscitavit.
3247 955 3409 1008 Elisei
3447 971 3578 1007 vero
3630 957 3800 1006 virtus
3852 955 3994 1006 iiun-

2434 1046 2532 1101 lms
2564 1046 2628 1098 ile
2660 1047 2839 1100 causis
2863 1047 2987 1100 fecit
3014 1048 3334 1100 miraculum
3364 1064 3376 1098 :
3420 1062 3524 1100 una
3554 1047 3775 1115 quidem
3810 1060 3997 1097 osten-

2432 1137 2566 1189 dens
2595 1139 2932 1204 progibi-tam,
2965 1139 3054 1205 qui
3091 1139 3438 1205 ignorabatur
3474 1156 3485 1188 :
3547 1141 3769 1189 alteram
3805 1146 3986 1187 autem

2433 1244 2537 1280 non
2574 1229 2882 1280 concedens
2913 1229 3112 1280 caedem
3144 1231 3307 1281 etiam
3346 1226 3466 1295 post
3495 1239 3740 1280 mortem.
3784 1227 3986 1279 Petrus

2433 1336 2559 1370 vero
2591 1335 2680 1370 siia
2709 1321 2926 1380 virtute,
2950 1329 3003 1371 et
3029 1318 3247 1382 adjutus
3284 1320 3448 1370 etiam
3479 1334 3668 1370 eorum
3703 1316 3990 1383 precibus,

2432 1411 2522 1477 qui
2558 1425 2584 1460 a
2618 1411 2777 1462 vidua
2811 1409 3025 1462 fuerant
3058 1409 3236 1461 affecti
3291 1409 3580 1462 beneficio.
3622 1409 3735 1475 ipse
3771 1422 3996 1474 quoque

2431 1500 2683 1551 excitavit
2741 1515 2858 1553 eam
2923 1501 3083 1552 modo
3143 1509 3434 1552 mortuam.
3500 1501 3732 1551 Sanctus
3807 1509 3993 1549 autem

2433 1600 2633 1659 martyr
2666 1591 2913 1645 Clemens
2956 1595 3008 1655 (0
3040 1592 3362 1642 miraculum
3396 1592 3434 1654 !)
3475 1606 3580 1642 non
3642 1606 3847 1647 recvus,
3899 1587 3995 1639 Sed

2430 1681 2536 1749 jam
2571 1697 2712 1733 anno
2749 1697 2854 1733 uno
2890 1692 3190 1739 mortuum,
3222 1681 3302 1732 vel
3341 1689 3399 1732 ut
3448 1681 3644 1732 melius
3699 1679 3899 1738 dicam,
3937 1679 3991 1729 in

2442 1787 2547 1822 uno
2577 1788 2791 1840 quoque
2829 1783 3054 1840 puncto,
3105 1783 3156 1824 et
3191 1774 3309 1836 ejus
3339 1772 3656 1823 tenuissima
3694 1782 3843 1837 parte
3877 1784 3994 1820 mo-

778 1852 1082 1904 belluarum
1149 1854 1498 1904 marinarum.
1576 1853 1672 1906 llic
1726 1869 1807 1906 me
1857 1855 2101 1921 quotidie
2157 1827 2694 1926 alebatBrientem,
2768 1863 3098 1916 conscravit.
3181 1863 3343 1918 Scitis
3397 1872 3576 1914 autem
3633 1877 3840 1920 omnes,
3904 1861 3998 1926 qui

778 1944 1227 2010 Splendidissirne.

849 2033 954 2084 \‘ll.
1004 2033 1261 2086 Parentes
1295 2045 1471 2087 autem
1509 2037 1866 2089 admiratione
1916 2049 1970 2089 el.
2020 2038 2203 2091 lat-tilia
2249 2038 2330 2090 af-

787 2122 938 2184 fecti,
992 2135 1039 2176 et
1082 2127 1332 2194 martyris
1368 2127 1469 2180 fide
1505 2131 1672 2196 magis
1698 2130 2019 2189 confirmati,
2058 2148 2149 2198 per
2176 2148 2333 2198 quem

781 2214 971 2274 lilium,
1000 2230 1158 2282 quem
1195 2216 1455 2283 putabant
1490 2229 1783 2281 mortuum,
1820 2221 2087 2273 viventem
2117 2237 2336 2288 :ieircpc-

781 2319 928 2368 runt,
988 2309 1199 2375 priores
1243 2309 1419 2361 luctus
1473 2320 1860 2368 converterunt
1911 2313 1974 2363 ad
2037 2313 2330 2380 gratiarum

782 2403 1075 2461 actionem,
1111 2413 1299 2454 sancto
1337 2405 1412 2453 sic
1442 2403 1803 2454 acclamantcs
1833 2417 1844 2452 :
1896 2402 2032 2454 Vere
2068 2419 2195 2470 ergo
2244 2402 2337 2455 ad-

786 2492 1049 2543 mirabilis
1089 2501 1170 2543 est
1202 2492 1341 2562 Deus
1375 2491 1426 2543 in
1456 2495 1656 2543 sanctis
1690 2493 1802 2544 suis
1840 2493 1880 2552 ⁸,
1917 2503 1968 2544 et
1999 2508 2184 2545 eorum
2243 2496 2333 2560 qui

786 2582 962 2646 ipsum
1023 2583 1234 2641 timent,
1288 2583 1490 2634 iaciens
1545 2582 1952 2645 vnluutatcm’,
2003 2594 2056 2636 et
2110 2586 2340 2636 audiens

784 2688 972 2724 eorum
1011 2676 1400 2740 precationem.
1460 2675 1720 2732 Servasti,
1755 2690 1786 2724 ο
1821 2687 2025 2735 sancte,
2091 2684 2338 2727 nostrum

787 2763 990 2825 lilium;
1029 2763 1310 2816 redd-disti
1350 2765 1504 2816 nobis
1544 2780 1668 2817 eum
1698 2765 1788 2832 qui
1837 2780 1940 2816 non
1997 2768 2336 2833 sperabatur.

783 2853 826 2908 Ο
858 2855 1052 2908 ccelmn
1089 2864 1142 2907 et
1175 2866 1336 2908 terra.
1366 2867 1420 2909 et
1453 2866 1506 2908 lu
1537 2856 1881 2924 profundum.
1910 2857 2050 2923 quod
2077 2872 2174 2910 nos
2196 2860 2344 2925 prius

786 2943 1201 2995 exsecrabamur
1254 2944 1522 2997 admirare
1582 2961 1830 3012 magnum
1869 2948 1969 3000 huc
2016 2961 2169 3012 npus,
2199 2947 2340 3013 quod

787 3043 1034 3086 naturam
1069 3044 1306 3101 superat.
1341 3035 1468 3087 Esto
1503 3047 1682 3089 autem
1720 3047 1772 3090 tu
1806 3052 2045 3105 quoque,
2073 3054 2102 3086 ιι
2128 3049 2335 3099 sancte,

789 3125 945 3177 nobis
996 3126 1284 3192 propitius,
1343 3136 1395 3178 et
1423 3142 1484 3178 ea
1527 3128 1683 3178 nobis
1733 3128 1977 3180 condona
2004 3143 2122 3195 qure
2157 3128 2339 3179 animo

791 3219 1012 3270 eruciati
1055 3219 1106 3270 in
1154 3220 1469 3272 Ierdiximus
1496 3228 1548 3272 et
1604 3220 1848 3272 fecimus.
1901 3221 1978 3273 Ne
2007 3235 2102 3288 pro
2147 3220 2345 3273 nostris

793 3310 846 3360 in
889 3320 938 3362 Ie
985 3310 1287 3362 maledictis
1348 3326 1529 3377 parem
1586 3311 1786 3363 referas
1833 3311 2084 3379 gratiam.
2143 3309 2342 3361 Filium

793 3402 1136 3464 recepimus;
1189 3415 1330 3457 eum,
1366 3400 1456 3467 qui
1505 3408 1620 3452 erat
1654 3410 1915 3461 mortuus,
1965 3414 2058 3466 per
2107 3410 2155 3451 te
2203 3413 2346 3452 nunc

794 3491 848 3540 in
885 3491 1049 3542 vitam
1082 3503 1388 3543 revocatum
1425 3491 1752 3558 accepimus,
1800 3488 2102 3543 senectutis
2142 3499 2340 3542 nostra:

795 3580 1044 3633 baculum
1075 3596 1261 3632 rursus
1293 3581 1553 3633 habemus
1589 3591 1681 3633 tuo
1712 3581 1927 3631 auxilio.
1963 3579 2100 3643 Qui-1
2159 3579 2328 3646 pluri-

798 3673 897 3724 bus
927 3687 1062 3739 opus
1092 3673 1214 3724 est?
1241 3671 1354 3724 Non
1397 3672 1560 3724 trium
1595 3671 1829 3730 dicrmu,
1874 3671 1965 3723 sed
2005 3671 2164 3722 unius
2219 3672 2343 3723 anni

798 3773 1095 3824 mortuum,
1148 3773 1200 3815 et
1234 3779 1337 3814 non
1370 3763 1563 3830 lapide.
1601 3762 1691 3814 sed
1727 3777 1861 3829 aqua
1917 3761 2234 3814 conditum:
2293 3771 2348 3814 et

800 3871 906 3906 non
936 3870 963 3906 a
996 3856 1289 3915 vermibus,
1333 3853 1475 3921 quod
1536 3861 1618 3906 est
1668 3865 1874 3906 naturae
1929 3853 2174 3904 humana-
2224 3868 2348 3920 pro-

798 3950 997 4016 prium,
1035 3957 1435 4012 consumptum,
1470 3943 1560 3995 sed
1595 3959 1622 3995 a
1674 3944 1929 4009 piscibus,
1966 3951 2022 3992 ut
2071 3943 2347 3993 existima-

800 4037 1014 4095 bamus.
1048 4037 1385 4094 devoratum,
1437 4035 1642 4086 salvum
1698 4049 1795 4101 per
1832 4043 1880 4085 te
1930 4032 2256 4096 accepimus.
2305 4029 2348 4084 Ο

801 4128 1050 4196 gratiam,
1119 4141 1151 4176 ο
1215 4125 1460 4193 gloriam.
1520 4139 1552 4177 ο
1617 4125 1868 4177 virtutem
1932 4130 1987 4176 et
2045 4123 2351 4175 beneficen-

806 4216 932 4267 tiam
1004 4230 1037 4267 ο
1113 4227 1284 4267 sanie.
1345 4213 1478 4268 Cum
1555 4213 1632 4271 sic
1695 4228 1822 4281 ergo
1899 4220 2142 4266 sanctum
2226 4227 2348 4264 eum

801 4305 1056 4374 lacrymis
1084 4313 1266 4356 essent
1311 4314 1363 4357 et
1402 4303 1652 4357 laudibus
1685 4303 1979 4371 prosecuti.
2023 4303 2351 4368 accipientes

804 4393 996 4453 tilium,
1043 4408 1241 4446 venere
1297 4391 1551 4460 domum,
1611 4402 1893 4445 narrantes
1937 4392 2189 4445 omnibus
2248 4392 2349 4444 mi-

804 4486 1067 4539 raculum.

873 4576 1006 4630 Vlll.
1047 4575 1314 4641 Quidnam
1344 4590 1473 4644 ergo
1500 4590 1622 4628 cum
1654 4575 1740 4628 his
1773 4574 2153 4628 conferemus?
2187 4575 2352 4628 Aiunt

805 4667 975 4719 Eliam
1007 4666 1300 4734 aliquando
1334 4665 1524 4727 lilium,
1575 4666 1669 4734 qui
1709 4673 1829 4719 erat
1872 4675 2142 4726 mortuus,
2171 4666 2355 4718 vivum

808 4760 964 4809 matri
1013 4757 1351 4822 reddidisse;
1395 4757 1539 4823 quod
1584 4757 1798 4824 quidem
1853 4765 1933 4808 est
1963 4771 2249 4824 magnum,
2296 4764 2352 4809 et

809 4845 963 4898 valde
995 4845 1310 4900 admirabile
1332 4846 1374 4898 ⁸.
1405 4844 1544 4911 Quin
1577 4847 1736 4899 etiam
1760 4845 1822 4898 ad
1849 4847 2009 4900 Elisei
2039 4846 2356 4914 aliquando,

810 4945 869 4989 ut
896 4935 1114 4991 Litteris
1149 4947 1229 4990 est
1258 4938 1553 5004 proditum,
1589 4952 2021 4998 monumentum,
2062 4937 2354 5005 quemdam

809 5043 838 5080 a
867 5028 1186 5096 quibusdam
1223 5027 1511 5081 liumicidis
1543 5026 1911 5089 interfectum,
1943 5037 1998 5079 et
2043 5027 2095 5079 in
2130 5041 2196 5079 eo
2228 5040 2354 5092 pro-

806 5120 1031 5187 jectum,
1061 5119 1361 5171 surrexisse
1411 5129 1462 5171 et
1493 5119 1688 5172 vixisse
1720 5118 1740 5148 '
1770 5135 1782 5170 :
1832 5118 1973 5185 quod
2022 5119 2240 5186 quidem
2277 5125 2360 5170 est

812 5225 1083 5278 magnum,
1133 5220 1188 5262 et
1234 5209 1388 5262 valde
1419 5209 1819 5261 admirandum.
1855 5209 2022 5261 Porro
2050 5217 2230 5261 autem
2262 5209 2361 5260 Pe-

816 5311 930 5353 trus
950 5316 1163 5368 quoque
1187 5302 1238 5353 in
1266 5301 1466 5354 nostris
1493 5301 1663 5366 libris,
1692 5302 1901 5362 Petrus,
1931 5301 2173 5367 inquam,
2209 5303 2360 5369 prin-

815 5406 941 5457 ceps
997 5394 1382 5456 apostolorum,
1445 5393 1611 5455 illam,
1662 5407 1780 5460 qua
1847 5406 2108 5460 pauperes
2167 5391 2365 5452 alebat,

816 5481 1032 5536 viduam
1066 5481 1351 5535 Tabitbam
1384 5493 1677 5544 mortuam,
1711 5482 1897 5535 eadem
1933 5481 2065 5534 liora
2101 5481 2166 5533 ad
2201 5481 2364 5533 vitam

818 5574 1097 5628 suscitavit
1129 5575 1384 5644 precibus
1414 5576 1478 5628 ὀ.
1508 5574 1572 5627 Ει.
1605 5583 1734 5627 sunt
1791 5574 1903 5627 hate
1935 5573 2152 5641 quidem
2188 5571 2361 5624 admi-

893 5753 912 5783 ⁸
937 5753 1076 5807 Psal.
1119 5767 1278 5821 van,
1310 5755 1394 5810 56.
1476 5757 1494 5786 ⁷
1522 5757 1656 5811 Psal.
1701 5772 1876 5823 ςςιιν,
1915 5759 1994 5812 l9.

2071 5760 2088 5786 '
2121 5757 2182 5809 Ill
2230 5759 2353 5827 Reg.
2392 5776 2479 5821 ιιι,
2516 5759 2533 5808 l
2573 5769 2720 5824 seqq.

2440 1955 2555 2021 ejus
2615 1953 2837 2012 fecistis,
2881 1956 3204 2021 periculum,
3253 1967 3455 2023 quanto
3492 1964 3735 2020 tempore
3795 1953 4000 2004 verisi-

2443 2043 2568 2094 mile
2619 2052 2734 2095 erat
2791 2045 3103 2096 conservari
3171 2061 3398 2113 puerum
3456 2045 3507 2096 in
3566 2044 3836 2111 profundo
3891 2054 3998 2094 tam

2443 2145 2612 2186 vasto.
2651 2133 2754 2187 Sed
2793 2135 2925 2185 milii
2962 2136 3253 2202 diligenter
3284 2135 3652 2188 consideranti
3685 2151 3790 2186 non
3827 2151 3997 2186 unum

2445 2231 2742 2286 mortuum,
2806 2223 2898 2276 sed
2945 2236 3150 2291 quanto
3215 2223 3478 2290 temporis
3549 2224 3725 2289 spatio
3799 2223 4006 2273 scimus

2445 2327 2671 2380 puerum
2713 2313 2765 2364 in
2801 2329 2937 2380 aqua
2976 2313 3254 2371 suffocari.
3312 2313 3362 2366 id
3422 2322 3637 2379 tempus
3695 2322 4008 2378 repeti-rites

2444 2413 2499 2456 et
2537 2405 2905 2465 remetientes,
2949 2403 3289 2456 inveniemus
3321 2414 3568 2456 sanctum
3603 2411 3677 2453 tot
3707 2401 4009 2454 suﬂ‘ocasse

2448 2505 2708 2546 mortuos.
2743 2495 2896 2558 Quod
2929 2505 3107 2547 autem
3166 2502 3248 2546 est
3315 2493 3714 2554 admirabilius,
3772 2508 3880 2543 non
3933 2493 4003 2544 ab

2446 2599 2708 2652 aquarum
2766 2585 2939 2638 solum
3017 2584 3417 2644 suﬂocalione,
3471 2583 3564 2636 sed
3615 2599 3642 2635 a
3701 2585 3996 2635 bestiarmu

2447 2679 2607 2728 etiam
2639 2677 2855 2729 laesione
2905 2676 3244 2727 conservavit
3279 2690 3532 2740 puerum.
3589 2673 3632 2726 0
3663 2678 3914 2742 gratiam,
3977 2690 4008 2726 ο

2452 2767 2726 2827 virtutem,
2778 2782 2898 2832 quae
2939 2775 3230 2832 utrumque
3258 2764 3458 2817 ellicit:
3499 2779 3691 2832 nempe
3728 2776 3782 2816 et
3839 2779 4008 2831 aquas

2450 2857 2653 2925 alligat,
2685 2869 2736 2910 et
2767 2857 3048 2924 propulsat
3083 2855 3314 2908 belluas.
3347 2854 3424 2907 Ad
3455 2855 3567 2907 haec
3621 2855 3749 2922 quid
3788 2853 4015 2907 dicitis?

2450 2950 2565 3002 Non
2612 2951 2713 3001 alia
2774 2959 2993 3015 superat
3025 2947 3393 3001 miraculum?
3427 2946 3540 2999 Nisi
3575 2948 3697 3014 quis
3727 2962 3824 2998 nos
3873 2947 4012 2998 male

2451 3039 2830 3106 reprehendat,
2865 3038 3010 3106 quod
3046 3038 3098 3090 id
3128 3039 3459 3090 extollamus
3515 3052 3677 3104 supra
3743 3036 4008 3088 miracula

2450 3132 2782 3198 prophetica.
2826 3131 2981 3183 Nulla
3029 3145 3090 3183 ea
3127 3130 3194 3183 de
3232 3143 3394 3182 causa
3455 3129 3508 3180 in
3549 3143 3650 3180 nos
3700 3127 3858 3179 cadet
3916 3142 4007 3178 re-

2455 3223 2760 3290 prehensio.
2794 3221 2994 3288 Aperte
3021 3221 3167 3274 euim
3215 3221 3368 3273 scitis
3410 3229 3655 3272 sanctum
3713 3227 4008 3285 martyrem

2449 3329 2567 3366 esse
2629 3312 2683 3364 in
2724 3311 2913 3364 eadem
2950 3311 3118 3378 gloria
3153 3318 3206 3362 et
3252 3308 3445 3362 iisdem
3505 3309 3897 3369 tabernaculis,
3955 3307 4009 3358 in

2451 3404 2649 3471 quibus
2683 3402 2855 3455 sancti
2903 3411 3191 3471 martyres,
3243 3400 3474 3469 apostoli
3508 3409 3564 3453 et
3615 3399 3922 3469 prophetae,
3957 3406 4013 3449 et

2453 3495 2551 3564 ipsi
2587 3493 2782 3561 angeli.

2524 3587 2611 3638 ΙΧ.
2651 3587 2752 3640 Sed
2781 3600 2812 3636 o
2845 3595 3143 3653 martyrum
3185 3582 3440 3650 splendor
3473 3591 3526 3636 et
3581 3581 3750 3634 decus
3789 3591 4008 3633 sancto-

2454 3693 2592 3734 rum.
2641 3676 2893 3743 primitiae
2925 3674 3252 3737 antistitum,
3291 3672 3414 3726 vide
3444 3688 3589 3726 nunc
3615 3689 3831 3740 quoque
3864 3674 4010 3725 buuc

2455 3778 2772 3837 praesentem
2797 3778 2998 3820 emtum
3032 3767 3177 3833 pium
3209 3775 3264 3819 et
3302 3765 3653 3833 religiosum,
3696 3765 3785 3831 qui
3823 3779 3851 3815 a
3889 3764 4014 3816 vita:

2453 3859 2707 3911 ﬂuctibus
2733 3857 2974 3925 quotidie
3003 3856 3276 3908 obruitur.
3301 3856 3434 3908 Eum
3463 3856 3567 3906 tuis
3596 3857 3850 3922 precibus
3884 3855 4016 3907 illm-

2453 3965 2570 4002 sum
2625 3949 2835 4002 custodi
2885 3957 2938 4001 et
2988 3962 3251 4000 conserva
3290 3955 3388 4000 :et
3440 3947 3532 4012 qui
3580 3957 3831 4014 tanquam
3885 3946 4012 4001 fune

2455 4041 2716 4093 immanes
2764 4039 3010 4092 insiliunt
3055 4037 3349 4100 daemones,
3388 4045 3441 4089 et
3474 4037 3750 4089 minantur
3791 4052 3848 4090 se
3892 4052 4014 4089 esse

2455 4130 2809 4184 devoraturos
2838 4128 3031 4181 animm
3084 4126 3443 4186 nobilitatem,
3481 4133 3697 4178 tuarum
3739 4125 4014 4178 interces-

2456 4222 2667 4273 sionum
2698 4219 2875 4286 jaculo
2902 4217 3123 4284 repelle,
3151 4232 3182 4266 o
3217 4215 3579 4267 sanctissime.
3620 4213 3723 4266 Sed
3753 4230 3850 4266 nos
3881 4230 4016 4280 quo-

2457 4324 2582 4378 que,
2618 4323 2650 4360 ο
2680 4307 2987 4360 ﬁdelissime
3023 4314 3218 4366 cmtus,
3252 4320 3404 4371 rogo,
3437 4313 3495 4356 ut
3525 4318 3622 4370 per
3649 4302 3785 4355 bona
3817 4313 3872 4355 et
3904 4305 4015 4357 Deo

2457 4410 2606 4470 grata
2636 4415 2800 4466 opera
2832 4398 3126 4453 eﬂieiamus
3155 4411 3255 4450 nos
3296 4397 3488 4464 dignos
3535 4396 3705 4449 sancti
3734 4395 3928 4462 gratiis
3959 4405 4016 4447 et

2383 4506 2430 4564 ι)
2457 4490 2628 4542 donis.
2661 4489 2729 4540 Et
2768 4488 2997 4556 primum
3038 4484 3255 4553 quidem
3307 4483 3358 4535 in
3405 4483 3573 4536 Deum
3603 4493 3657 4535 et
3685 4481 3825 4533 inter
3881 4495 4011 4532 nos-

2453 4579 2602 4646 ipsos
2652 4579 2916 4630 sinceram
2968 4584 3022 4627 et
3055 4588 3160 4625 non
3199 4573 3567 4640 perturbatam
3620 4584 4008 4622 conservemus

2453 4667 2792 4719 charitatem.
2849 4663 3050 4716 Deinde
3090 4664 3156 4714 ab
3212 4661 3356 4714 omni
3408 4660 3713 4722 maledicto,
3772 4668 3826 4710 et
3857 4658 4006 4710 omni

2455 4756 2757 4818 mendacio,
2793 4767 2848 4809 et
2887 4754 3034 4807 omni
3067 4754 3306 4822 perjurio
3344 4752 3594 4818 nosipsos
3631 4764 4006 4816 repurgemns.

2453 4849 2590 4901 Ante
2621 4849 2733 4902 haec
2760 4855 2938 4900 autem
2994 4853 3047 4897 et
3077 4851 3195 4910 post
3238 4845 3370 4905 lucc,
3403 4841 3663 4894 faciamus
3702 4840 4008 4910 eleeniosy-

2458 4955 2603 5000 nam,
2649 4953 2768 5005 qua:
2797 4937 2898 4988 scit
2933 4934 3106 4988 Deum
3150 4935 3316 5002 magis
3347 4935 3580 5000 placare,
3629 4941 3681 4984 et
3713 4932 4010 4998 propitium

2461 5029 2689 5084 reddere
2740 5027 2939 5080 nostris
2977 5026 3232 5094 peccatis.
3273 5023 3404 5087 Quis
3428 5025 3571 5075 enim
3618 5023 3738 5088 ejus
3783 5022 4013 5085 oblitus,

2462 5132 2685 5186 regnum
2735 5115 2826 5167 Dei
2871 5112 3208 5182 possederit?
3238 5111 3407 5164 Nemo
3457 5117 3704 5161 nostrum
3755 5120 4018 5175 przetexat

2465 5216 2854 5277 paupertatem,
2891 5219 3051 5256 nemo
3086 5202 3403 5254 viduitatem
3434 5208 3488 5254 et
3513 5201 3809 5252 liberorum
3839 5202 4017 5251 nutri-

2466 5301 2755 5352 nationem.
2783 5299 2919 5350 Sunt
2965 5297 3016 5348 hi
3066 5295 3242 5362 frigidi
3281 5304 3334 5346 et
3369 5292 3656 5361 perniciosi
3700 5303 4016 5359 praetextus.

2462 5392 2629 5444 Nemo
2658 5397 2896 5441 vestrum
2926 5397 3008 5439 est
3050 5387 3137 5438 illa
3175 5385 3333 5436 vidua
3389 5387 3697 5450 pauperior,
3731 5397 3849 5449 qum
3884 5383 4014 5434 nihil

2460 5479 2603 5532 aliud
2637 5480 2888 5540 habebat,
2915 5492 3073 5546 quam
3118 5477 3375 5545 pugillum
3404 5474 3589 5527 farina:
3627 5490 3639 5525 :
3671 5472 3832 5540 idque
3879 5488 4005 5525 cum

2462 5571 2637 5623 alendi
2692 5571 2743 5622 ei
2785 5578 2967 5621 essent
3028 5566 3184 5620 liberi
3221 5582 3232 5618 :
3265 5580 3442 5634 neque
3487 5573 3665 5618 tamen
3716 5578 3866 5614 suam
3921 5574 4011 5613 aut

2795 5756 2812 5785 '
2849 5752 2911 5807 IV
2951 5752 3082 5819 Reg.
3117 5767 3232 5813 xm,
3257 5750 3326 5802 ει·
3360 5763 3508 5816 seqq.
3591 5750 3630 5778 '°
3661 5749 3776 5797 Act.
3824 5760 3892 5801 ιι,
3922 5741 4009 5793 39.
