4270 6428
744 391 836 452 191

1973 376 2253 436 MENSIS
2294 375 2722 440 NOVEMBER.

3851 364 3960 432 192

741 516 888 554 nunc
908 512 1036 552 vero
1069 505 1217 550 tanto
1253 493 1473 548 alumno
1519 492 1698 545 clarus
1734 498 1790 543 et
1813 489 2040 543 illustris
2071 490 2287 542 emicat.
2320 495 2366 548 Α
2395 510 2426 544 κ

2275 530 2287 542 .
2320 495 2366 548 Δ
2395 493 2486 545 καὶ
2532 494 2827 558 ἄγνωστος,
2884 487 2979 539 νῦν
3025 488 3092 539 δι’
3128 489 3288 540 αὑτὸν
3325 485 3590 554 ἐπίσημός
3636 499 3691 535 τε
3724 481 3815 534 καὶ
3859 499 3958 532 πε-

747 596 1003 648 Parentes
1030 605 1161 644 vero
1188 591 1326 656 (qum
1355 586 1449 640 Dei
1488 585 1656 653 gratia
1708 598 1770 637 ac
1812 581 2116 651 benignitas
2168 582 2295 651 fuit)

743 685 844 736 viri
878 682 1170 736 luculentis
1211 678 1389 736 ornati
1442 675 1672 734 divitiis,
1701 689 1762 728 ac
1799 673 2028 741 probata
2069 674 2174 724 vita
2203 672 2299 725 ilo-

745 782 952 836 rentes,
985 751 1221 839 plurima
1252 783 1346 820 sua
1381 764 1717 832 pauperibus
1754 762 2072 831 erogabant.
2104 761 2167 814 lli
2193 777 2300 829 quo

747 877 952 916 marem
1023 861 1191 912 [ilium
1251 865 1603 925 procrearent
1657 853 1916 921 precibus
1965 853 2296 913 insistentes,

752 954 863 1007 voti
896 952 1110 1005 tandem
1143 951 1226 1001 sui
1263 955 1543 1014 compotes
1577 945 1730 1005 fiunt,
1761 942 2040 1010 ﬁliumque
2069 957 2176 994 non
2209 957 2301 993 na-

756 1057 875 1098 tura
901 1052 1130 1104 tantum,
1164 1038 1257 1094 sed
1283 1039 1482 1100 animo,
1513 1050 1717 1088 marem
1757 1049 2041 1101 suscepere
2071 1052 2082 1084 :
2113 1048 2304 1102 quem-

757 1132 1052 1187 admodum
1112 1141 1165 1185 et
1213 1141 1459 1197 tempus,
1551 1142 1655 1195 quo
1735 1128 1823 1180 illc
1885 1123 2306 1193 perturbationis

753 1235 842 1281 est
879 1223 1178 1291 impetitus,
1214 1230 1268 1273 et
1298 1215 1484 1271 contra
1525 1219 1786 1271 malorum
1816 1216 2203 1282 impressiones
2232 1215 2305 1266 al-

761 1313 937 1369 titudo
984 1311 1147 1364 animi
1193 1309 1546 1377 postulabat:
1579 1322 1696 1374 quae
1741 1320 1869 1358 sane
1917 1303 2095 1356 omnia
2132 1318 2308 1356 sermo

760 1420 998 1474 quoque,
1036 1403 1372 1468 subsequens
1406 1397 1687 1451 indicabit.
1722 1395 1878 1448 Hunc
1911 1395 2074 1464 igitur
2097 1410 2126 1447 a
2157 1409 2309 1446 sacro

763 1496 1085 1562 baptismate
1121 1492 1202 1542 vir
1244 1490 1444 1541 virtute
1486 1488 1664 1541 clarus
1708 1486 2014 1545 Potamion,
2055 1484 2145 1551 qui
2199 1494 2311 1536 tum

764 1585 933 1636 sacris
965 1599 1026 1634 ac
1053 1581 1298 1648 religioni
1332 1579 1605 1647 Agrigenti
1632 1577 1868 1630 civitatis
1913 1584 2158 1643 praeerat,
2193 1589 2314 1626 sus-

768 1675 918 1738 cipit.
948 1672 1134 1723 Postea
1163 1684 1290 1720 vero
1331 1683 1489 1733 qnam
1546 1681 1679 1733 puer
1706 1675 1955 1718 octavum
2003 1664 2174 1716 aetatis
2215 1678 2313 1715 an-

767 1776 895 1813 num
926 1759 1120 1826 attigit,
1155 1759 1298 1810 hunc
1329 1757 1394 1810 ad
1435 1758 1617 1809 divum
1666 1757 2032 1809 Potamionem
2061 1764 2313 1824 parentes

765 1849 1067 1909 adducunt,
1097 1859 1153 1902 ιιι
1183 1862 1351 1914 puero
1387 1847 1475 1900 ille
1501 1861 1755 1914 prospera
1776 1845 1956 1898 omnia
1975 1853 2311 1913 precaretur,

769 1947 824 1991 et
885 1948 1140 2004 prmterea
1192 1937 1364 2004 ipsum
1405 1935 1719 2002 praeceptori
1768 1935 2010 1988 traderet
2058 1934 2314 1988 erudien-

773 2035 920 2084 dum.
953 2030 1054 2093 Qui
1085 2043 1207 2083 cum
1251 2043 1348 2096 pro
1390 2028 1541 2096 pueri
1581 2027 1754 2080 salute
1786 2028 2071 2080 Dominum
2108 2027 2189 2097 (ut
2220 2044 2317 2096 par

771 2122 887 2189 era)
937 2129 1164 2184 orasset,
1194 2118 1526 2187 grammatici
1561 2118 1864 2185 cujusdam,
1916 2119 2003 2170 cui
2056 2119 2318 2171 Damiano

775 2228 970 2264 nomen
1017 2221 1152 2271 erat,
1199 2209 1319 2262 ﬁdei
1378 2209 1527 2262 illum
1585 2210 1873 2271 commisit,
1916 2209 2319 2278 disciplinisque

775 2311 1024 2354 accurate
1049 2316 1111 2353 ac
1140 2300 1327 2353 sedulo
1353 2298 1666 2352 incumbere
1691 2299 1962 2366 praecepit.
1995 2301 2062 2352 At
2087 2315 2219 2369 puer
2253 2300 2320 2354 ab

779 2393 908 2459 ipsis
924 2393 1224 2444 litterarum
1243 2391 1542 2450 elementis,
1563 2401 1619 2443 ut
1641 2391 1811 2451 aiunt,
1829 2392 2187 2458 prmstantiam
2210 2393 2323 2445 ani-

781 2485 852 2535 mi
875 2499 982 2551 pra:
1004 2498 1060 2536 se
1077 2482 1278 2545 ferens,
1300 2492 1482 2550 utpote
1510 2482 1598 2550 qui
1625 2482 1821 2551 ingenii
1842 2483 2106 2548 acumine,
2131 2494 2185 2537 et
2215 2487 2324 2538 acri

785 2574 1207 2642 promptitudine
1237 2558 1364 2626 usus
1387 2583 1468 2626 est
1488 2613 1502 2637 ,
1533 2575 1717 2643 plures
1751 2575 1985 2628 breviter
2012 2574 2327 2642 disciplinas

787 2667 1073 2734 percurrit.
1106 2666 1236 2717 Nam
1263 2665 1432 2731 prima
1463 2665 1574 2732 ipsa
1597 2665 1884 2725 elementa,
1909 2665 2144 2732 odasque
2175 2666 2331 2718 Davi-

787 2758 950 2814 dicas.
982 2757 1244 2808 rationi-ni
1274 2757 1397 2808 item
1418 2770 1479 2808 ac
1500 2755 1931 2809 convenientiam
1952 2770 2327 2819 numerorum,

790 2848 923 2900 adde
953 2849 1113 2898 etiam
1163 2847 1561 2900 ecclesiasticos
1612 2846 1860 2914 hymnos,
1893 2846 2094 2899 biennii
2127 2855 2331 2898 tantum

791 2937 963 3003 spatio
989 2936 1195 2989 didicit.
1226 2936 1454 2988 Proinde
1478 2936 1546 2987 ob
1591 2936 1948 2996 celeritatem,
1987 2951 2092 3003 qua
2139 2944 2216 2987 tot
2248 2937 2332 2988 di-

791 3027 1032 3092 sciplinis
1073 3025 1319 3078 excultus
1369 3033 1473 3088 est,
1529 3025 1782 3077 omnibus
1833 3026 2175 3079 admirationi
2209 3026 2332 3081 fuit.

2402 582 2632 654 ριφανὴς
2694 581 2991 633 δείκνυται.
3059 579 3122 631 Ol
3182 577 3377 644 φύντες
3434 576 3489 628 δὲ
3546 574 3797 642 Χαρίτων
3867 574 3962 623 καὶ

2397 673 2661 739 Θεοδότη,
2724 670 3033 738 ἄνθρωποι,
3103 670 3314 738 πλούτῳ
3362 666 3596 737 λαμπρῷ
3651 664 3961 732 κομῶντες,

2405 765 2496 814 καὶ
2577 762 2676 830 βίῳ
2746 760 2965 830 χρηστῷ
3032 760 3333 822 θάλλοντες,
3403 758 3496 809 καὶ
3556 755 3662 807 τῶν
3731 755 3956 821 προσόν-

2399 873 2505 907 των
2538 855 2604 906 τά
2656 855 2883 906 πλεῖστα
2937 855 3048 915 τοῖς
3091 852 3317 920 πένησιν
3361 849 3751 914 ἀπονέμοντες,
3814 837 3966 895 οὗτοι

2401 947 2466 999 δι’
2492 947 2657 1014 εὐχῆς
2687 945 2994 1013 ποιούμενοι
3029 944 3195 997 παῖδα
3225 944 3370 1010 σχεῖν
3401 943 3607 1009 ἄρρενα
3628 935 3958 1004 τυγχάνοντι

2403 1038 2499 1104 τῆς
2532 1035 2721 1104 εὐχῆς,
2749 1034 2809 1087 οὐ
2847 1035 2945 1105 τὴν
2981 1032 3143 1102 φύσιν
3176 1033 3354 1100 μόνον,
3390 1030 3527 1082 ἀλλὰ
3551 1029 3640 1082 καὶ
3662 1028 3757 1096 τὴν
3784 1025 3969 1094 ψυχὴν

2405 1129 2605 1195 ἄρρενα
2639 1126 3055 1194 κληρωσάμενον
3082 1144 3091 1155 ο
3115 1123 3299 1192 ὥσπερ
3323 1122 3411 1175 οὖν
3441 1123 3469 1174 ὀ
3506 1120 3610 1174 τῶν
3643 1115 3970 1187 πειρασμῶν

2408 1217 2593 1284 καιρὸς
2627 1215 2816 1278 ἔδειξε,
2852 1218 2945 1266 καὶ
2981 1218 3013 1282 ὴ
3049 1215 3182 1284 πρὸς
3215 1215 3311 1274 τὰς
3337 1212 3444 1265 τῶν
3474 1211 3663 1265 κακῶν
3695 1207 3970 1275 ἐπιφοράς

2409 1308 2740 1376 γενναιότης,
2769 1305 2804 1357 ἃ.
2833 1306 2896 1373 δὴ
2924 1308 3016 1358 καὶ
3046 1303 3292 1374 προῖὼνό
3317 1303 3471 1369 λόγος
3489 1299 3742 1371 δηλώσει.
3767 1296 3976 1349 Τοῦτον

2410 1401 2537 1466 γοῦν
2563 1399 2668 1450 άπὸ
2701 1397 2791 1449 τοῦ
2824 1397 2965 1448 θείου
3003 1396 3376 1465 βαπτίσματος
3404 1393 3721 1459 ἀναδέχεται
3752 1393 3779 1442 ὀ
3805 1387 3976 1449 πολὺς

2409 1488 2507 1554 τὴν
2558 1487 2755 1555 ἀρετὴν
2790 1484 3102 1554 Ποταμίων,
3134 1486 3160 1536 ὀ
3204 1483 3324 1535 τότε
3368 1483 3464 1550 τῆς
3533 1477 3978 1550 Ἀκραγαντίνων

2412 1577 2616 1638 πόλεως
2636 1576 2734 1638 τάς
2769 1577 2917 1645 ίερὲις
2961 1575 3167 1642 ἀνέχων
3200 1572 3509 1643 φροντίδας.
3550 1568 3770 1637 Ἐπειδὴ
3799 1568 3856 1618 δὲ
3883 1568 3978 1618 τὸν

2412 1669 2594 1734 ὃγδοον
2627 1667 2815 1734 χρόνον
2836 1668 2862 1718 ὀ
2892 1667 3018 1726 παῖς
3047 1666 3139 1734 τῆς
3178 1663 3391 1732 ἡλικίας
3427 1659 3760 1730 παρήμειϐε,
3798 1659 3972 1710 Ποτα-

2419 1759 2573 1826 μίωνι
2613 1759 2702 1810 τὸν
2733 1759 2874 1809 θεῖον
2898 1755 3088 1808 τοῦτον
3129 1756 3496 1821 προσάγουσιν
3535 1756 3583 1804 0i.
3629 1753 3980 1821 γεννήτορες,

2415 1850 2664 1916 εὐλογίας
2731 1865 2789 1900 τε
2844 1847 3119 1913 ἀξιῶσαι,
3179 1848 3273 1898 καὶ
3330 1846 3593 1913 παιδευτῇ
3642 1843 3983 1911 παραδοῦναι

2418 1941 2748 2011 βουλόμενοι.
2782 1941 2890 1993 Καὶ
2912 1940 2968 2001 ὃς
2991 1939 3135 2007 αὐτῷ
3161 1939 3301 1990 κατὰ
3327 1938 3386 1990 τὸ
3415 1938 3559 1998 εἰκὸς
3583 1934 3979 2002 ἐπευξάμενος,

2417 2034 2812 2102 γραμματιστῇ
2842 2049 2948 2083 τινι
2991 2031 3354 2098 παραδίδωσιν
3391 2021 3434 2095 ᾧ
3477 2027 3742 2097 Δαμιανδς
3784 2027 3982 2094 ὄνομα,

2422 2124 2726 2185 σπουδαίως
2755 2122 2914 2175 αὐτὸν
2939 2122 3030 2172 καὶ⁵
3070 2121 3369 2187 φιλοπόνως
3399 2119 3741 2170 ἐκπαιδεύειν
3772 2117 3838 2168 τά
3871 2115 3986 2167 τῶν

2426 2215 2760 2283 μαθημάτων
2789 2213 3273 2281 ἐγκελευσάμενος.
3335 2211 3394 2264 Ὀ
3438 2211 3492 2262 δὲ
3537 2211 3600 2281 δὴ
3635 2213 3760 2272 παῖς
3791 2209 3851 2261 τὸ
3883 2212 3984 2276 τῆς

2421 2307 2597 2375 ψυχῆς
2644 2307 2982 2373 μεγαλοφυὲς
3031 2306 3090 2368 ἐξ
3118 2305 3307 2370 αὐτῆς,
3341 2304 3416 2365 ὼς
3446 2304 3473 2354 ὀ
3506 2303 3687 2370 λόγος,
3715 2301 3985 2371 γραμμῆς

2425 2396 2753 2463 ὑποφαίνων,
2777 2397 2870 2448 ἆτε
2897 2396 2960 2460 δὴ
2988 2395 3198 2462 φύσεως
3215 2393 3430 2463 ὀξύτητι
3457 2396 3549 2445 καὶ
3565 2394 3840 2464 προθυμῗα
3866 2411 3990 2445 συν-

2424 2489 2558 2556 τόνῳ
2580 2486 2878 2554 χρώμενος,
2906 2486 2971 2537 δι’
3002 2486 3180 2550 ὀλίγον
3207 2485 3272 2536 τά
3299 2485 3469 2536 πολλὰ
3494 2485 3601 2536 τῶν
3652 2485 3989 2554 μαθημάτων

2427 2579 2583 2646 διῄει,
2613 2578 2685 2637 ὼς
2719 2580 2774 2628 ἐν
2811 2577 2930 2628 δυσὶ
2984 2577 3165 2640 μόνοις
3213 2575 3356 2626 ἔτεσι
3400 2575 3500 2642 τήν
3533 2592 3591 2626 τε
3621 2577 3726 2626 τῶν
3759 2575 3990 2642 πρώτων

2433 2669 2708 2736 στοιχείων
2751 2668 3069 2735 παράδοσιν,
3112 2667 3235 2726 τούς
3264 2682 3323 2716 τε
3363 2665 3679 2726 Δαυῖδικοὺς
3720 2663 3989 2734 ψαλμοὺς,

2432 2762 2519 2814 καὶ
2552 2763 2649 2822 τὰς
2677 2761 2782 2812 τῶν
2810 2759 3059 2828 ἀριθμῶν
3087 2758 3406 2823 ἀναλογίας,
3439 2758 3634 2825 πρσέτι
3663 2758 3717 2808 δὲ
3746 2758 3836 2809 καὶ
3865 2759 3991 2818 τοὺς

2435 2853 2912 2918 ἐκκλησιαστικοὺς
2939 2851 3137 2918 ὕμνους
3163 2850 3444 2916 ἐκμαθεῖν.
3486 2848 3698 2916 Ἀμέλει
3725 2849 3813 2900 καὶ
3842 2849 3991 2916 παρὰ

2436 2944 2595 2994 πᾶσιν
2648 2942 3080 3011 ἀξιοθαύμαστος
3125 2941 3217 2990 ἐπὶ
3282 2940 3358 3006 τῷ
3424 2939 3578 3006 τάχει
3637 2939 3733 3005 τῆς
3789 2939 3993 2990 τούτων

2439 3034 2782 3102 περιλήψεως
2818 3032 3114 3102 ἐνομίζετο.
3170 3029 3256 3093 Ὠς
3311 3029 3367 3082 δέ
3418 3031 3511 3082 καὶ
3562 3029 3656 3081 τοῦ
3689 3030 3993 3082 δωδεκάτου

793 3116 889 3169 Ubi
940 3131 1068 3168 vero
1120 3116 1503 3168 duodecimum
1554 3131 1755 3168 annum
1782 3126 2197 3185 praetergressus
2231 3128 2332 3182 est,
2362 3131 2406 3190 ε
2437 3123 2479 3175 ἐ·

2305 3131 2406 3190 τε
2437 3123 2589 3186 ἔτους
2633 3122 2941 3191 προϐαίνων
2998 3124 3225 3190 ἥπτετο,
3293 3119 3585 3188 προσίασιν
3638 3120 3686 3171 οῑ
3745 3121 3991 3180 τεκόντες

790 3208 1101 3274 episcopum
1154 3221 1339 3260 rursus
1384 3221 1446 3258 ac
1490 3217 1716 3262 caeteros
1763 3208 2016 3262 Ecclesiae
2063 3212 2338 3265 ministros

795 3307 1044 3364 parentes
1069 3300 1304 3357 adeunt,
1343 3298 1636 3364 multisque
1674 3298 1821 3352 hunc
1856 3300 2029 3368 ipsum
2061 3301 2112 3354 in
2149 3318 2336 3355 eorum

792 3385 1078 3452 collegium
1135 3386 1373 3453 cooptari
1429 3385 1681 3452 precibus
1717 3395 1895 3440 orant.
1954 3389 2200 3456 Cumque
2253 3391 2340 3444 ille

794 3493 948 3541 aequo
975 3478 1155 3529 animo
1182 3491 1487 3529 sermonem
1517 3477 1756 3530 audisset
1780 3480 1905 3546 (jam
1934 3479 2077 3531 enim
2104 3481 2340 3532 interiori

800 3568 993 3621 mentis
1020 3568 1175 3620 oculo
1205 3568 1482 3629 cernebat,
1517 3583 1676 3636 quam
1727 3569 2068 3635 splendidum
2107 3585 2169 3623 ac
2211 3570 2346 3623 luci-

799 3657 926 3710 dum
950 3657 1164 3711 oculum
1188 3657 1434 3727 regendae
1461 3657 1714 3711 Ecclesiae
1735 3666 1874 3711 esset
1901 3659 2262 3726 admoturus),
2293 3661 2343 3713 in

800 3763 1014 3800 sacrum
1071 3758 1271 3801 emtum
1305 3748 1518 3812 ascivit,
1555 3757 1610 3801 et
1641 3747 1790 3800 illum
1818 3763 2079 3816 organum
2107 3750 2346 3803 selectis-

800 3840 993 3890 simum
1024 3837 1157 3900 fore,
1187 3852 1247 3890 ac
1275 3836 1535 3904 quidquid
1568 3839 1620 3890 in
1652 3847 1926 3905 posterum
1948 3838 2160 3891 futurus
2184 3849 2343 3903 esset,

802 3931 1056 4000 praefatus
1077 3940 1178 3983 est.
1213 3930 1285 3982 Ita
1335 3930 1494 3982 divus
1528 3929 1824 3998 Gregorius
1868 3931 2191 4003 clericorum
2242 3946 2346 3984 cce-

803 4024 879 4076 tni
913 4020 1148 4081 additus,
1172 4020 1378 4073 Donato
1410 4019 1663 4074 Ecclesiae
1685 4020 2069 4073 arehidiacono
2096 4020 2348 4085 traditur,

802 4111 894 4178 qui
933 4119 1046 4163 tum
1090 4124 1366 4162 sacrorum
1419 4110 1753 4162 voluminum
1782 4125 1964 4162 curam
1989 4111 2175 4178 agebat
2209 4126 2222 4162 :
2258 4125 2351 4163 cu-

800 4203 888 4269 jus
929 4214 1051 4254 cum
1105 4198 1353 4252 familiari
1393 4198 1642 4251 convictu
1687 4213 1750 4252 ac
1793 4199 2188 4252 consuetudine
2236 4211 2354 4252 ulc.-

805 4300 977 4350 rctur,
1007 4289 1164 4357 longe
1215 4288 1474 4340 disertior
1505 4287 1676 4340 evasit
1709 4304 1722 4341 :
1755 4289 2211 4358 perspicuumque
2252 4290 2354 4343 fuit

808 4389 928 4450 pust
975 4380 1381 4434 delitescentem
1434 4379 1576 4446 apud
1603 4381 1776 4447 ipsum
1841 4381 2060 4433 virtutis
2103 4382 2350 4445 odorem,

807 4469 1120 4537 disciplinas
1147 4467 1365 4536 quidem
1396 4467 1753 4535 perlustrare,
1780 4480 1959 4520 mores
1985 4482 2114 4520 vero
2142 4469 2192 4519 in
2227 4484 2350 4536 gra-
2375 4452 2427 4510 D

808 4562 989 4613 viores
1015 4574 1076 4612 ac
1108 4559 1450 4612 venustiores
1485 4567 1842 4625 permutasse,
1870 4567 2033 4626 atque
2059 4559 2194 4613 adeo
2232 4575 2351 4613 sese

809 4651 1006 4704 divinis
1034 4650 1252 4717 scriptis
1296 4648 1645 4702 attentioretn
1699 4649 2038 4716 priestitisse,
2081 4665 2111 4702 a
2148 4651 2350 4718 quibus

809 4753 864 4796 ct
895 4745 1075 4796 animo
1106 4742 1372 4810 imprimis
1402 4741 1758 4805 illuminatus,
1783 4750 1837 4793 et
1861 4741 2077 4794 illarum
2113 4742 2354 4794 incredi-

813 4833 905 4888 bili
934 4832 1162 4886 aﬂ'ectus
1217 4830 1527 4892 dulcedine,
1572 4838 1745 4883 totum
1780 4832 1891 4884 Deo
1940 4846 1997 4885 se
2033 4831 2146 4898 ipse
2181 4831 2352 4898 dedit,

810 4923 1081 4989 ‘tiamque,
1113 4937 1217 4990 qua
1263 4921 1340 4974 illi
1393 4920 1615 4988 pr0pius
1665 4920 1970 4984 inhaereret,
2017 4921 2357 4988 celeriusque

814 5013 1117 5067 occurrenti
1144 5013 1243 5065 sibi
1280 5012 1760 5080 apprOpinquaret,
1789 5011 1923 5064 inire
1953 5010 2222 5064 studebat.

881 5105 970 5161 Ill.
1009 5105 1161 5158 illum
1191 5105 1355 5172 igitur
1387 5117 1538 5156 sacra
1569 5102 1836 5156 invisendi
1875 5104 2015 5176 loca,
2061 5117 2359 5170 eorumque

815 5194 1197 5248 sanctitudinis
1249 5207 1367 5246 esse
1409 5192 1749 5260 participem,
1813 5192 2068 5260 cogitatio
2117 5191 2356 5246 incessit.

816 5283 1057 5351 Cumque
1104 5299 1296 5352 magno
1352 5283 1578 5351 hujusce
1629 5283 1702 5335 rei
1769 5281 2040 5336 desiderio
2094 5280 2360 5349 ﬂagraret,

815 5373 1009 5426 exinde
1039 5373 1204 5427 Deum
1236 5373 1571 5434 obsecrabat,
1611 5387 1678 5425 ne
1722 5380 1906 5425 votum
1938 5387 2098 5425 suum
2132 5370 2364 5424 frustra-

821 5474 987 5516 retur.
1022 5464 1247 5532 Jamque
1280 5463 1780 5518 duodcvicesimum
1813 5465 1985 5516 aetatis
2015 5478 2215 5515 annum
2250 5477 2362 5529 age-

822 5555 926 5608 bat.
968 5553 1206 5617 Quadam
1231 5570 1358 5608 vero
1392 5563 1553 5608 nocte
1597 5569 1719 5606 cum
1751 5553 1803 5606 in
1839 5552 2230 5614 archidiaconi,
2268 5568 2362 5604 cu-

815 5645 904 5712 jus
934 5646 1262 5700 mentionem
1291 5647 1538 5702 fecimus.
1576 5645 1936 5698 contubernio
1970 5646 2208 5712 degeret,
2253 5646 2364 5710 ipse

828 5736 1080 5804 templum
1123 5737 1416 5814 ingressus,
1447 5739 1639 5801 Deum,
1672 5747 1728 5788 ut
1769 5736 2029 5805 ejusmodi
2069 5750 2122 5788 se
2164 5749 2361 5802 propn-

2438 3216 2592 3276 αὒθις
2621 3215 2697 3283 τῷ
2728 3214 3037 3280 ὲπισκὸπῳ,
3071 3213 3163 3263 καὶ
3195 3211 3270 3281 τῷ
3306 3211 3490 3280 κλήρῳ
3528 3211 3715 3264 τοῦτον
3755 3215 3992 3277 ἐγκαταο

2437 3306 2659 3374 λεγῆναι
2687 3309 2779 3374 τῆς
2808 3304 3099 3371 ἐκκλησίας
3122 3302 3478 3355 ἀντιϐολοῦσι.
3497 3304 3604 3353 Καὶ
3633 3305 3712 3366 ὃς,
3744 3305 3994 3371 ἀσμένως

2439 3399 2527 3449 τὸν
2559 3398 2712 3463 λόγον
2742 3397 3052 3464 δεξάμενος,
3105 3394 3252 3463 ἐώρα
3302 3394 3411 3463 γὰρ
3466 3395 3566 3464 ἤδη
3599 3395 3675 3462 τῷ
3707 3396 3997 3463 διορατικῷ

2441 3489 2536 3555 τῆς
2569 3488 2744 3556 ψυχῆς
2794 3485 3056 3554 ὀφθαλμῷ
3089 3481 3202 3538 οἷον
3233 3485 3534 3553 περικαλλῆ
3587 3487 3680 3536 καὶ
3732 3488 3997 3551 φωτεινδν

2442 3577 2699 3646 ὀφθαλμῷ
2718 3580 2782 3645 τῇ
2815 3576 3109 3644 Ἐκκλησία
3140 3575 3324 3642 μέλλοι
3352 3574 3690 3643 χαρίζεσθαι,
3715 3579 3778 3643 τῇ
3799 3576 3996 3644 ποίμνῃ

2443 3669 2630 3720 τοῦτον
2661 3667 3004 3736 συναριθμεί,
3043 3664 3232 3726 σκεῦος
3269 3665 3499 3734 ἐκλογῆς
3535 3665 3696 3718 αὐτον
3721 3665 3998 3733 προειπὼν

2446 3757 2855 3827 ἀποϐήσεσθαι,
2909 3758 3002 3809 καὶ
3060 3757 3160 3807 ὅσα
3222 3755 3449 3825 ὕστερον
3506 3757 3711 3817 ἐκεῖνος
3764 3740 3998 3822 ’ἔμελλεν

2447 3851 2684 3904 ἔσεσθαι.
2717 3850 2902 3909 Οὕτως
2922 3851 2949 3901 ὀ
2980 3849 3119 3917 ἱερὸς
3150 3848 3449 3916 Γρηγόριος
3477 3846 3553 3914 τῷ
3579 3846 3687 3904 τῶν
3720 3847 4000 3914 κληρικῶν

2449 3939 2592 4009 χορῷ
2643 3936 3116 4007 συγκαταλεχθεὶς,
3157 3936 3371 4004 Δονάτῳ
3404 3934 3757 4002 παραδίδοται
3797 3935 3873 4003 τῷ
3905 3936 4002 4000 ἀρ-

2450 4031 2733 4100 χιδιακόνῳ
2788 4030 2884 4097 τῆς
2928 4027 3239 4093 ἐκκλησίας,
3290 4027 3348 4088 ὃς
3401 4027 3464 4095 δὴ
3516 4027 3614 4078 καὶ
3672 4025 3780 4076 τῶν
3839 4026 4001 4092 ιερῶν

2455 4121 2674 4189 βιϐλίων
2703 4117 3003 4186 τηνικαῦτα
3028 4118 3127 4183 τὴν
3158 4117 3407 4185 φυλακὴν
3440 4117 3824 4184 ἐπιτέτραπτο,
3851 4110 4003 4181 ᾧτινι

2453 4213 2546 4264 καὶ
2594 4210 2766 4261 εἰσαεὶ¹
2808 4207 3007 4273 διάγων
3038 4205 3226 4258 ἑαυτὸν
3262 4204 3587 4273 τρανότερον
3635 4204 3960 4271 παρεδείκνυ
3987 4222 4000 4234 ·

2457 4300 2551 4351 καὶ
2576 4298 2734 4365 δῆλος
2767 4291 2834 4364 ἧν
2860 4295 2968 4346 ἀπὸ
3012 4291 3104 4344 τοῦ
3138 4292 3525 4359 κρυπτομένου
3568 4293 3698 4360 παρ’
3733 4289 3882 4358 αὑτῷ
3907 4292 4005 4358 τῆς

2454 4385 2651 4451 ἀρετῆς
2692 4380 2883 4450 μύρου,
2918 4379 3223 4441 σπουδαίως
3251 4379 3348 4447 μὲν
3377 4377 3445 4430 τὰ
3487 4377 3788 4445 μαθήματα
3830 4377 4002 4440 διιὼν,

2454 4477 2613 4544 ἤθους
2649 4474 2704 4526 δὲ
2741 4476 3068 4542 σεμνοτέρου
3097 4468 3590 4538 μεταποιούμενος,
3631 4466 4006 4536 προσεκτικώ⁵

2454 4583 2608 4636 τερον
2645 4565 2702 4616 δέ
2742 4563 2835 4616 καὶ
2866 4563 2991 4632 περὶ
3018 4562 3116 4622 τὰς
3140 4561 3287 4622 θείας
3319 4559 3456 4626 ἔχων
3483 4559 3730 4628 Γραφὰς,
3753 4557 3810 4620 ἐξ
3839 4552 3913 4610 ῶν
3943 4557 4007 4626 δὴ

2456 4659 2548 4710 καὶ
2593 4657 2823 4724 μάλιστα
2870 4654 2969 4721 τὴν
3012 4652 3189 4720 ψυχὴν
3226 4649 3516 4718 φωτισθεὶς
3556 4648 3650 4701 καὶ
3689 4647 3765 4715 τῷ
3806 4649 4008 4717 ἡδίστῳ

2456 4748 2658 4800 τούτων
2689 4744 2929 4813 θελχθεὶς
2962 4744 3155 4810 μέλιτι,
3204 4741 3337 4802 ὅλως
3382 4741 3457 4809 τῷ
3502 4741 3619 4808 Θεῷ
3659 4741 4008 4808 προσανέχων

2455 4836 2542 4910 ἦν,
2592 4838 2688 4890 καὶ
2737 4837 2851 4888 ὀδὸν
2893 4834 3093 4902 ἐζήτει,
3140 4832 3207 4884 δι’
3253 4827 3321 4902 ἦς
3369 4831 3516 4899 αὐτῷ
3563 4831 3655 4883 καὶ
3687 4830 4009 4900 τελεώτερον

2460 4927 2773 4996 συναφθείη,
2806 4925 2896 4978 καὶ
2923 4924 3132 4990 ἐγγίσαι
3152 4923 3337 4990 τάχιον
3367 4921 3443 4989 τῷ
3469 4921 3758 4988 ἐγγίζοντι.

2531 5103 2602 5154 Γ.
2650 5099 2922 5168 Λογισμδς
2958 5098 3134 5150 τοίνυν
3165 5096 3326 5149 αὑτὸν
3369 5096 3552 5148 θεόθεν
3587 5094 3853 5161 λαμϐάνει
3887 5097 4013 5156 τοὺς

2463 5194 2646 5261 ἁγίους
2712 5192 2908 5251 τόπους
2965 5188 3113 5251 ἰδεῖν,
3157 5189 3249 5239 καὶ
3284 5186 3374 5238 τοῦ
3413 5187 3468 5250 ἐξ
3518 5186 3692 5238 αὐτῶν
3742 5187 4013 5253 ἁγιασμνῶ

2467 5283 2769 5350 μετασχεῖν.
2805 5281 2911 5331 Καὶ
2941 5279 3020 5330 δεῖ
3051 5279 3185 5345 πρὸς
3213 5277 3366 5328 τοῦτο
3399 5278 3518 5328 λίαν
3549 5275 3825 5344 ἐρωτικῶς
3851 5276 4010 5342 ἔχων,

2467 5375 2628 5423 ἓδείτο
2658 5373 2838 5421 λοιπον
2881 5370 2972 5420 τοῦ
3020 5368 3154 5419 Θεοῦ
3196 5369 3266 5436 μὴ
3313 5368 3631 5435 διαμαρτεῖν
3661 5367 3756 5417 τοῦ
3787 5366 4012 5420 σκοποῦ.

2465 5462 2568 5512 Καὶ
2607 5460 2793 5526 χρόνον
2855 5459 2948 5525 μὲν
2995 5458 3453 5510 ὀκτωκαιδέκατον
3497 5456 3599 5524 ήδη
3647 5454 3882 5520 γεγονὼς
3927 5450 4015 5521 ἧν,

2467 5552 2520 5600 ἐν
2585 5551 2683 5618 μιᾷ
2722 5549 2776 5599 δὲ
2814 5549 2920 5600 τῶν
2951 5548 3157 5600 νυκτῶν
3208 5547 3296 5598 τὸν
3338 5547 3565 5614 ρηθέντα
3620 5545 4016 5611 κατακοιμίσας

2468 5641 2862 5709 ἀρχιδιάκονον,
2926 5640 3086 5702 αὐτὸς
3147 5641 3276 5690 εἴσω
3328 5637 3420 5688 τοῦ
3471 5636 3597 5690 ναοῦ
3650 5635 3878 5701 γίνεται,
3927 5637 4018 5684 καὶ

2469 5731 2632 5782 πολλὰ
2690 5730 2778 5781 τοῦ
2828 5729 2960 5782 Θεοῦ
3011 5729 3255 5798 δεηθεὶς,
3322 5727 3643 5798 συνάρασθαι
3691 5725 3858 5791 τοᾶτῳ
3911 5723 3998 5771 τοῖο
