4270 6428
250 338 347 398 193

1188 331 1364 392 YlTA
1409 332 1470 391 S.
1503 330 1887 393 GREGORII
1926 331 2467 392 AGRIGENTINI.

3352 342 3453 404 194

246 442 611 514 προκειμένου
650 443 742 495 καὶ
770 442 847 504 είς
887 440 1059 510 πέρας
1100 440 1466 507 άγαγεῖν.τὴν
1514 439 1809 508 επιθυμίαν
1835 442 1882 499 Α
1910 453 1932 492 s

1767 456 1809 490 ιν
1835 442 1882 499 Α
1910 438 2015 492 site
2041 439 2319 501 liberaret,
2343 450 2397 491 et
2422 440 2486 493 ad
2521 442 2727 495 exitum
2758 454 2938 511 optata
2969 444 3312 514 perduceret,
3339 464 3453 515 pre-

244 538 348 605 πρδ
377 536 475 602 τῆς
504 533 601 586 τοῦ
631 534 865 586 Δονάτου
905 532 1093 599 κλίνης
1122 534 1187 599 τῇ
1217 534 1286 597 γῇ
1324 530 1803 600 προκατακλιθεὶς,

242 626 319 693 τῷ
350 624 500 693 ὕπνῳ
551 623 743 675 ἑαυτὸν
802 622 1007 674 δίδωσι.
1061 620 1353 686 Παραστάς
1402 621 1457 672 δέ
1506 636 1589 681 τις
1632 619 1803 687 αὐτῷ,

241 715 529 784 Γρηγόριε,
576 712 740 779 λέγει.
781 710 838 764 Ὀ
860 710 914 762 δι
948 708 1126 772 εὐθὺς,
1166 708 1292 761 Ἰδοὺ
1321 708 1449 776 ἐγὼ,
1498 708 1675 777 κύριε,
1709 704 1821 760 καί

244 806 372 867 στάς
396 804 490 858 τοῦ
516 802 890 873 ἀρχιδιακόνου
931 799 1284 868 ἐπίπροσθεν,
1307 799 1372 851 Τί
1414 815 1479 867 με
1510 799 1802 865 κέκληκας,

242 891 367 959 ἔφη,
410 889 601 957 κύριε;
635 889 744 942 Καὶ
810 887 989 952 αὐτὸς,
1046 887 1120 938 Ού
1173 886 1417 955 κέκληκά
1464 904 1545 950 σε,
1593 887 1802 951 τέκνον,

247 981 432 1049 φησιν.
467 979 633 1041 Αὖθις
676 974 770 1031 οὖν
817 977 1191 1045 ὑποστρέψας,
1234 979 1300 1044 τῇ
1342 978 1599 1045 στρωμνῇ
1646 992 1805 1029 κατε-

245 1071 473 1123 κλίνετο.
514 1065 646 1122 Εἶτα
678 1066 839 1121 πάλιν
862 1069 889 1120 6
909 1066 1090 1119 καλῶν
1122 1066 1182 1118 τὸ
1212 1065 1463 1137 δεύτερον
1490 1070 1799 1134 παραστὰς,

245 1161 533 1230 Γρηγόριε,
559 1160 686 1228 εφη.
722 1158 780 1211 '0
813 1158 869 1210 δε
903 1159 996 1211 καὶ
1020 1157 1177 1220 αὖθις
1198 1158 1553 1226 ἀναπηδήσας
1578 1158 1802 1224 σπουδῇ,

246 1254 348 1320 πρὸ
372 1254 468 1322 τῆς
505 1252 690 1321 κλίνης
726 1251 939 1303 ἵσταται
973 1250 1068 1303 τοῦ
1103 1248 1505 1318 άρχιδιακόνου,
1544 1250 1635 1301 καὶ
1673 1248 1801 1301 Ἰδοὺ

245 1343 377 1410 εγὼ,
434 1344 591 1415 κύριε
626 1352 641 1371 ⁶
671 1342 723 1394 τί
744 1341 1018 1410 κέκληκάς
1050 1358 1139 1410 με,
1177 1340 1362 1410 φησίν.
1405 1338 1465 1391 '0
1492 1337 1804 1408 ἀρχιδιάκο-

246 1452 331 1497 νος
376 1428 467 1488 οὖν
512 1435 605 1488 ἐπὶ
654 1436 732 1503 τῷ
788 1432 1076 1501 πράγματι
1107 1431 1513 1500 διαταραχθεὶς,
1553 1425 1673 1482 εῐτα
1713 1431 1805 1482 καὶ

243 1528 342 1595 τὴν
377 1526 568 1595 κλῆσιν
614 1524 822 1580 ἄνωθεν
866 1520 1005 1576 εἶναι
1037 1523 1112 1592 μὴ
1156 1523 1449 1590 ἀγνοήσας,
1501 1521 1640 1588 Ἐγὼ
1683 1520 1799 1590 μὲν,

244 1617 430 1685 εἴρηκε
476 1617 609 1686 πρὶς
668 1616 850 1678 αὑτὸν,
893 1613 1014 1666 οὐδὲ
1058 1613 1151 1664 νῦν
1192 1612 1435 1678 κέκληκά
1477 1627 1554 1671 σε,
1598 1610 1803 1676 τέκνον,

244 1708 381 1777 πλὴν
410 1708 527 1761 ἀλλ’
549 1708 595 1759 εί
624 1702 780 1768 αὖθις
817 1703 957 1758 οὕτω
984 1702 1261 1773 κληθείης,
1298 1702 1587 1770 ἀπόκριναι
1613 1700 1684 1767 τῷ
1709 1717 1805 1753 κα-

243 1799 419 1851 λοῦντί
472 1816 552 1859 σε,
606 1798 671 1850 Τί
712 1801 849 1860 ἐστι,
899 1798 1094 1865 Κύριε,
1139 1794 1197 1860 τί,
1233 1793 1586 1861 προστάττεις
1624 1791 1700 1861 τῷ
1729 1792 1805 1861 σῷ

242 1891 428 1959 οίκέτῃ
466 1907 480 1955 ;
520 1890 614 1953 Ὠς
640 1889 734 1961 οζιν
770 1891 865 1942 καὶ
896 1888 1076 1956 τρίτον
1108 1887 1136 1938 ὁ
1158 1866 1335 1939 καλῶν
1359 1887 1559 1954 ἐπέστη
1589 1901 1810 1953 προφω-

244 1982 348 2032 νῶν
374 1984 431 2034 τὸ
468 1981 756 2050 Γρηγόριε,
788 1980 1144 2048 ἀποκρίνεται
1174 1974 1326 2039 οὗτος
1367 1976 1554 2045 ὥσπερ
1580 1976 1685 2045 ἄρα
1714 1978 1805 2028 καὶ

243 2072 509 2140 διδαχθεὶς
540 2073 746 2140 ἔτυχεν.
781 2072 955 2133 Εὐθὺς
998 2070 1053 2123 δὲ
1083 2073 1109 2123 ό
1144 2070 1344 2131 καλῶν,
1380 2069 1603 2135 ἄγγελος
1634 2068 1689 2120 δὲ
1713 2065 1804 2119 τοῦ

246 2164 378 2214 Θεοῦ
415 2158 481 2231 ἦν
512 2154 686 2226 οὗτος,
725 2162 1025 2214 Ἥκουσταί
1066 2177 1180 2224 σου,
1218 2160 1345 2228 ἔφη.
1381 2162 1414 2228 ὴ
1460 2160 1664 2227 δέησις.
1717 2159 1808 2209 Δεῖ

250 2250 339 2306 οὖν
389 2270 447 2305 σε
491 2257 550 2304 ττι
580 2255 742 2321 τάχος
774 2253 927 2323 παρά
955 2252 1043 2305 τὸν
1091 2250 1337 2317 αίγιαλὸν
1388 2250 1665 2319 γενέσθαι,
1713 2250 1805 2303 καὶ

254 2345 390 2413 cpe;
423 2344 546 2405 τεὺς
580 2343 770 2410 ἁγίους
799 2342 999 2402 τόπους
1040 2343 1153 2403 τοῖς
1198 2339 1499 2403 ἀπάξουσιν
1541 2341 1804 2407 ἐντυχεῖν.

321 2444 391 2489 Δ’.
436 2437 558 2488 Ἐπὶ
608 2434 817 2495 τούτοις
857 2434 886 2484 6
933 2432 1232 2502 Γρηγόριος
1288 2431 1685 2499 εὐχαριστήσας
1729 2429 1805 2498 τῷ

253 2526 372 2596 Θεῷ
399 2528 493 2578 καὶ
524 2522 604 2587 οἷς
638 2526 873 2594 ἠκουσεν
919 2520 1251 2588 εύπειθήσας
1309 2518 1506 2582 ἔξεισιν
1534 2519 1612 2569 ἔτι
1646 2534 1805 2569 xm-

251 2623 476 2689 χόμενον
532 2616 685 2685 ὕπνῳ
745 2612 1063 2667 καταλιπὼν
1122 2610 1213 2663 τδν
1260 2610 1661 2681 ἀρχιδιάκονον,
1712 2609 1805 2661 καὶ

252 2710 422 2777 πλοίῳ
471 2702 801 2775 περιτυχὼν,
839 2699 1026 2770 ἠρώτα
1073 2701 1202 2751 πότε
1245 2701 1339 2750 καὶ
1380 2699 1514 2749 ὅπου
1564 2696 1805 2765 μέλλοιεν

251 2800 342 2850 τὸν
394 2797 669 2850 ἀπόπλουν
700 2796 919 2847 ποιεῖν.
970 2791 1121 2844 Ἐπεὶ⁸
1187 2790 1245 2841 δι
1301 2790 1531 2859 ἧκουσεν
1576 2788 1649 2848 ὡς
1703 2788 1806 2855 ἥδη

255 2890 409 2941 πλεῖν
453 2887 552 2957 μιν
584 2888 724 2939 εἰσιν
762 2884 1071 2955 εὐτρεπεῖς,
1115 2879 1194 2942 είς
1231 2880 1587 2950 Καρθαγέναν
1619 2878 1673 2930 δὲ
1717 2876 1807 2929 τὸν

254 2980 533 3034 ἀπόπλουν
564 2977 835 3031 ποιεῖσθαι
867 2975 1161 3044 βούλοιντο,
1200 2971 1483 3040 σύμπλουν
1523 2970 1617 3021 κα)⁵
1648 2970 1808 3022 αὑτὸν

1908 528 2061 582 cibus
2087 527 2490 582 obtestabatur:
2514 546 2578 585 ac
2606 547 2727 585 mox
2753 533 2901 587 humi
2930 552 3098 604 prope
3130 553 3157 590 a
3193 538 3334 592 lecto
3361 540 3465 592 Do-

1908 619 2017 672 nati
2046 620 2427 686 procumbens,
2455 635 2651 674 somno
2681 638 2740 677 se
2774 624 2942 678 dedit.
2974 628 3249 682 Assistens
3279 639 3461 683 autem

1905 710 2124 777 quidam
2178 710 2326 763 illum
2381 714 2603 780 proprio
2638 718 2875 780 nomine,
2924 716 3172 784 Gregori,
3226 721 3464 788 appella-

1909 798 2006 851 vit.
2038 798 2086 851 Is
2103 815 2235 853 vero
2262 802 2549 856 confestim
2588 820 2602 858 :
2635 803 2772 858 Ecce
2794 822 2916 873 ego,
2945 806 3194 871 domine;
3226 821 3278 863 et
3312 822 3465 866 stans

1906 902 2091 941 coram
2112 890 2494 945 archidiacono
2516 912 2530 957 ;
2556 893 2695 958 Quid
2725 911 2808 948 me
2832 897 3081 965 (inquit),
3110 900 3354 965 domine,
3374 918 3465 956 vo-

1907 982 2040 1034 casti
2063 982 2086 1033 l
2113 980 2213 1035 Cui
2255 982 2347 1037 ille
2389 1000 2404 1036 :
2437 984 2556 1037 Non
2589 994 2662 1046 te.
2708 988 2803 1049 ait,
2848 988 2946 1051 lili,
2982 994 3192 1044 vocavi.
3217 994 3462 1063 Cumque

1910 1072 2000 1126 ille
2032 1089 2219 1127 rursus
2244 1075 2384 1128 lecto
2410 1084 2612 1131 stratus
2637 1080 2999 1141 recumberet,
3031 1096 3152 1134 mox
3178 1086 3267 1150 qui
3305 1100 3463 1139 voca-

1908 1170 2011 1222 rat,
2044 1165 2285 1218 secundo
2323 1166 2584 1219 assistens
2618 1182 2631 1217 :
2668 1167 2912 1236 Gregori,
2956 1170 3113 1223 dixit.
3153 1175 3221 1225 At
3251 1175 3338 1227 ille
3365 1175 3462 1228 de-

1906 1266 2014 1303 nuo
2048 1252 2367 1307 festinanter
2402 1256 2666 1319 resiliens,
2702 1258 3071 1311 archidiaconi
3126 1261 3266 1313 lecto
3327 1278 3461 1329 prte-

1907 1346 1989 1391 sto
2017 1338 2116 1397 fuit
2146 1356 2159 1390 :
2186 1340 2345 1401 Ecce,
2382 1341 2651 1409 inquiens,
2683 1354 2804 1410 ego,
2823 1346 3072 1409 domine;
3107 1349 3234 1414 quid
3261 1364 3345 1401 me
3376 1352 3465 1403 γὀ-

1907 1432 2079 1487 casti?
2107 1432 2467 1497 Quamobrem
2494 1438 2911 1491 archidiaconus
2963 1441 3063 1491 sub
3117 1430 3231 1493 haec
3256 1456 3463 1508 perter-

1909 1524 2065 1590 ritus,
2098 1527 2435 1579 vocationem
2475 1528 2616 1580 illam
2662 1531 2876 1583 caelitus
2918 1531 3158 1598 illapsam
3205 1548 3325 1587 esse
3351 1548 3459 1587 non

1908 1618 2185 1686 ignorans,
2229 1622 2305 1673 sic
2342 1622 2490 1672 illum
2539 1622 2731 1673 affatur
2764 1640 2776 1675 :
2812 1624 2998 1690 Neque
3043 1639 3173 1678 sane
3205 1642 3350 1680 nunc
3387 1638 3459 1695 te,

1910 1709 2001 1773 fili,
2038 1711 2246 1763 vocavi.
2273 1710 2618 1764 Verumenim
2655 1728 2868 1766 rursum
2903 1715 2945 1766 si
2982 1731 3197 1780 vocere,
3237 1734 3464 1784 pert-on-

1917 1803 2049 1855 tanti
2104 1801 2433 1869 respondeas
2486 1803 2649 1855 velim
2684 1819 2697 1856 :
2734 1802 2873 1868 Quid
2920 1820 3003 1857 ine
3050 1808 3149 1869 vis,
3199 1807 3464 1861 Domine?

1910 1891 2038 1958 quid
2073 1891 2317 1958 principis
2351 1906 2507 1943 servo
2542 1893 2673 1944 tuo?
2716 1893 3003 1960 Postquam
3056 1898 3221 1963 igitur
3273 1900 3456 1959 tertio,

1906 1980 2151 2050 Gregori,
2186 1981 2456 2034 advecans
2501 1982 2781 2044 astitisset,
2845 1984 2934 2037 ille
2983 1986 3058 2038 uti
3094 1986 3320 2040 edoctus
3351 1988 3461 2041 fue-

1910 2078 2011 2130 rat,
2060 2068 2355 2135 respondit.
2407 2068 2575 2121 Porro
2613 2071 2793 2122 statim
2822 2074 2912 2138 qui
2959 2085 3176 2126 vocarat
3216 2077 3462 2143 (angelus

1908 2156 2053 2209 enim
2087 2156 2130 2208 is
2174 2156 2266 2209 Dei
2312 2156 2510 2223 fuerat)
2546 2172 2559 2213 :
2589 2156 2853 2211 Exaudite
2895 2169 2996 2220 est,
3043 2160 3242 2227 inquit,
3272 2179 3459 2229 preca-

1909 2245 1982 2297 tio
2012 2254 2123 2298 tua.
2148 2244 2411 2309 Quocirca
2442 2246 2506 2297 ad
2538 2246 2690 2299 littus
2736 2249 3001 2301 concedas
3029 2261 3263 2317 oportet,
3306 2264 3365 2306 ut
3394 2255 3460 2307 ad

1905 2336 2021 2389 loca
2048 2345 2232 2388 sancta
2264 2335 2616 2389 tendentibus
2649 2337 2843 2390 obvius
2870 2341 2986 2393 tias.

1974 2425 2060 2479 IV.
2100 2424 2157 2477 ln
2213 2426 2297 2478 his
2357 2426 2648 2493 Gregorius
2696 2429 2804 2481 Deo
2850 2434 3050 2497 gratias
3102 2432 3234 2500 egit,
3297 2446 3461 2503 atque

1907 2516 2174 2583 ejusmodi
2218 2516 2395 2570 verbis
2432 2517 2591 2570 fidem
2625 2520 2849 2578 habens.
2881 2523 3181 2588 egreditur,
3210 2534 3265 2579 et
3289 2526 3463 2577 archi-

1909 2607 2200 2661 diaconum
2255 2608 2484 2661 necdum
2528 2623 2717 2663 somno
2757 2610 2995 2663 solutum
3030 2615 3268 2681 reliquit,
3310 2618 3464 2669 nasi-

1905 2698 2099 2767 gioque
2129 2713 2441 2762 occurrens,
2482 2700 2623 2753 unde
2653 2701 2728 2753 illi
2763 2702 2998 2766 advecti,
3027 2714 3081 2757 et
3106 2720 3216 2772 quo
3246 2709 3464 2775 naviga-

1908 2791 2013 2843 turi
2042 2798 2245 2853 essent,
2273 2791 2711 2855 percontabatur.
2750 2794 2817 2845 At
2866 2794 2957 2846 ubi
3007 2797 3336 2863 navigationi
3368 2814 3458 2851 ac-

1906 2880 2115 2933 cinctos
2137 2878 2358 2948 quidem
2393 2880 2534 2937 illos.
2565 2894 2754 2932 verum
2793 2882 3172 2950 Carthaginem
3208 2900 3328 2949 esse
3362 2903 3458 2938 na-

1908 2970 2186 3038 vigaturos
2240 2971 2471 3033 audivit,
2518 2986 2641 3023 cum
2699 2962 2775 3024 iis
2822 2974 3026 3039 pariter
3057 2976 3457 3043 navigationem

252 3068 404 3137 ἡξίου
435 3067 785 3138 παραλαϐεῖν.
821 3066 879 3119 '0
899 3064 992 3118 τοῦ
1015 3064 1199 3117 πλείου
1227 3063 1406 3115 τοίνυν
1434 3058 1804 3129 προεστηκὼς,
1832 3099 1875 3159 C
1914 3076 1938 3114 s

1768 3075 1875 3159 ;,C
1914 3061 2099 3159 subire
2152 3061 2413 3159 decrevit.
2470 3061 2647 3159 Atque
2707 3062 2860 3114 navis
2910 3063 3216 3131 prmfectus,
3277 3082 3454 3121 acrem

256 3160 371 3228 ἆμα
417 3160 515 3228 μὲν
576 3159 637 3211 τδ
689 3154 1234 3225 κατεσπουδασμένον
1288 3150 1453 3205 αὑτοῦ
1500 3150 1599 3217 τῆς
1633 3149 1808 3219 ὁρμῆς

255 3251 624 3313 ὑποπτεύσας,
656 3248 771 3317 ἅμα
800 3247 855 3300 δὲ
893 3247 989 3300 κα)⁸
1018 3246 1151 3314 πρὸς
1175 3244 1237 3297 τὸ
1272 3243 1528 3296 ταπεινὸν
1551 3241 1644 3292 τοῦ
1680 3241 1809 3307 σχή-

259 3354 427 3406 ματος
462 3336 693 3399 ἀπιδὼν,
730 3336 821 3403 Μή
871 3334 921 3387 τί
952 3350 1013 3401 γε
1051 3334 1158 3403 ἀρα
1185 3332 1366 3392 δοῦλός
1395 3347 1453 3381 τε
1488 3324 1558 3393 el,
1594 3327 1689 3381 καὶ
1721 3330 1808 3378 τὸν

260 3428 541 3495 Δεσπότην
576 3425 994 3494 ἀποδιδράσκεις
1021 3423 1111 3476 τὸν
1145 3422 1335 3475 ἑαυτοῦ
1364 3437 1378 3485 ;
1415 3421 1597 3489 ήρετο.
1640 3418 1724 3478 Ὠς
1754 3416 1810 3467 δὲ

257 3522 465 3581 ἐκεῖνος
508 3517 743 3587 Χριστοῦ
775 3516 873 3586 μιν
897 3515 1081 3577 δοῦλος
1109 3510 1245 3567 εῖναι
1284 3513 1489 3578 ἔλεγεν,
1524 3508 1809 3578 ἀνθρώπου

256 3612 316 3666 δι
347 3609 582 3673 οὐδενὸς,
624 3609 858 3677 εμὸἧναι
888 3605 987 3675 μὲν
1008 3608 1089 3668 είς
1114 3605 1176 3655 τὸ
1207 3605 1385 3655 πλοῖον
1412 3603 1637 3669 ἐφῆκεν,
1664 3597 1815 3649 οὐδὲν

257 3703 316 3754 δι
374 3700 751 3771 φιλάνθρωπον
799 3696 917 3749 οὐδὲ
966 3694 1169 3747 δίκαιον
1221 3692 1311 3745 ἀπ’
1370 3690 1520 3761 αύτῴ
1592 3688 1811 3756 δράσειν

260 3792 505 3855 εσκόπει,
538 3787 831 3842 ἀποδόσθαι
890 3783 1077 3837 τοῦτον
1123 3784 1201 3845 είς
1253 3780 1497 3833 δουλείαν
1526 3775 1814 3845 ἀπανθρώ-

264 3901 383 3946 πως
421 3880 816 3949 διανοούμενος.
864 3878 928 3930 Ἦ
961 3882 1057 3947 μὲν
1090 3873 1179 3929 οὖν
1212 3874 1364 3936 ναῦς,
1404 3873 1650 3940 επιφόρῳ
1684 3886 1814 3938 χρη·

264 3972 475 4043 σαμένη
508 3969 588 4038 τῷ
617 3967 907 4037 πνεύματι,
940 3968 1000 4017 tv
1046 3964 1223 4034 τρισὶν
1256 3962 1486 4031 ἡμέραις
1533 3959 1628 4029 τὴν
1668 3960 1814 4024 Καρ-

265 4063 501 4130 θαγόναν
548 4059 901 4129 κατειλήφειο
951 4058 980 4107 6
1019 4055 1077 4108 δι
1123 4054 1189 4124 δὴ
1238 4053 1538 4120 ναύκληρος
1590 4051 1813 4113 ἐκεῖνος,

268 4155 505 4224 συνεχῶς
547 4158 636 4205 τ“ν
669 4150 833 4203 παῖδα
862 4145 1216 4218 παρατηρῶν,
1258 4145 1339 4196 δτι
1386 4142 1712 4211 προσευχαῖς
1754 4155 1815 4192 τε

267 4250 363 4301 καὶ
408 4242 732 4314 ἀγρυπνίαις
778 4239 903 4310 παρ’
935 4238 1062 4309 ὃλην
1092 4238 1259 4289 νύκτα
1294 4233 1685 4305 προσκείμενος
1724 4226 1814 4301 ἦν,

266 4340 452 4410 ἡρέμα
471 4336 563 4388 τοῦ
584 4336 733 4396 ὄντος
757 4332 984 4399 εγενετο,
1017 4330 1111 4381 καὶ
1136 4328 1343 4379 ιννοιαν
1368 4324 1493 4394 περὶ
1525 4320 1689 4375 αὐτοῦ
1722 4323 1818 4391 τὴν

1909 3152 2031 3219 ejus
2063 3150 2418 3218 cupiditatem
2464 3159 2518 3203 et
2565 3150 2818 3204 affectum
2871 3164 3180 3220 suspectum
3228 3156 3454 3218 habens.

1909 3241 2176 3309 simulque
2208 3242 2275 3293 ad
2330 3241 2535 3294 humile
2567 3243 2873 3295 vestimenti
2906 3260 3074 3311 genus
3109 3246 3297 3300 oculos
3325 3249 3462 3316 adji«

1908 3333 2077 3395 ciens,
2109 3332 2445 3399 nunquiuam
2498 3331 2586 3384 ille
2628 3347 2819 3386 servus
2849 3344 3012 3397 esset,
3072 3335 3462 3406 dominumque

1911 3420 2181 3484 refugeret
2211 3436 2392 3484 suum,
2444 3421 2817 3490 interrogavit.
2882 3424 2931 3478 ls
2978 3439 3107 3478 vero
3159 3427 3359 3481 Christi
3403 3445 3462 3483 se

1911 3526 2127 3565 servum
2161 3512 2298 3565 dixit
2326 3527 2464 3577 esse,
2499 3529 2604 3566 non
2640 3515 2894 3568 hominis.
2935 3517 3201 3570 Ceterum
3238 3518 3462 3573 liberale

1910 3606 2236 3673 autjustum
2290 3606 2343 3658 in
2398 3608 2573 3674 ipsum
2629 3606 2765 3659 nihil
2825 3606 3066 3670 molitus,
3103 3608 3353 3663 eumdem
3407 3612 3462 3661 in

1910 3699 2230 3750 servitutem
2276 3696 2490 3750 tradere
2536 3696 2958 3764 ﬂagitiosissimo
2988 3698 3262 3765 cogitavit.
3286 3701 3463 3767 Atque

1912 3788 2067 3841 navis
2116 3788 2335 3856 quidem
2388 3802 2649 3856 prospera
2702 3802 2797 3840 usa
2828 3788 3194 3855 navigatione.
3236 3786 3465 3841 Cartha-

1913 3879 2023 3947 gini
2086 3878 2267 3932 triduo
2292 3878 2513 3946 appulsa
2543 3886 2647 3931 est.
2685 3877 2949 3930 Nauclero
2988 3891 3116 3929 vero
3163 3877 3250 3930 ille
3278 3878 3466 3931 sedulo

1910 3969 2160 4037 juvenem
2196 3968 2491 4020 observans
2517 3965 2771 4033 precibus
2821 3979 2884 4017 ac
2922 3964 3119 4032 vigiliis
3161 3972 3325 4017 totam
3361 3981 3462 4017 no-

1915 4067 2055 4111 ctem
2118 4056 2419 4109 insomnem
2488 4055 2710 4117 ducere,
2764 4054 3047 4107 veritatem
3090 4054 3289 4107 sensim
3334 4055 3461 4107 edo.

1916 4158 2037 4203 ctus
2065 4156 2169 4211 est,
2221 4155 2385 4215 atque
2431 4146 2743 4215 Opinionem
2796 4146 2863 4198 de
2908 4145 3001 4198 illo
3048 4153 3466 4197 consentaneam

1917 4236 2173 4307 paulatim
2201 4235 2376 4289 induit
2412 4252 2425 4288 ι
2454 4236 2709 4289 nimirum
2752 4234 2993 4302 cujusvis
3024 4234 3302 4285 hominum
3352 4248 3467 4287 ser-

1918 4341 2045 4380 vum
2080 4342 2186 4380 non
2246 4341 2389 4387 esse,
2422 4326 2515 4379 sed
2547 4326 2687 4379 inter
2737 4324 2941 4394 primos
2978 4333 3139 4391 atque
3166 4324 3469 4391 praecipuos

269 4430 655 4500 προσήκουσαν
695 4423 836 4476 κατά
886 4419 1081 4491 μικρὸν
1123 4417 1431 4485 ὑπεδίχετο,
1472 4414 1545 4476 ώς
1583 4414 1688 4481 ἄρα
1720 4412 1820 4465 οὐκ
1851 4437 1892 4493 D
1921 4417 1955 4471 Ι]

1786 4417 2016 4493 κυΒοί
2075 4415 2353 4469 ministros
2400 4414 2819 4468 numerandnm.
2877 4411 3015 4465 Hinc
3072 4413 3223 4465 illum
3278 4412 3467 4481 ingens

266 4522 568 4593 ἀνθρώπων
602 4516 767 4578 τινὸς,
795 4513 908 4567 ἀλλ’
944 4514 1001 4565 εν
1028 4512 1139 4572 τοῖς
1171 4506 1403 4578 πρώτοις
1431 4505 1661 4573 μάλιστα
1707 4503 1815 4557 τῶν

267 4613 361 4669 τοῦ
392 4612 528 4665 Θεοῦ
550 4608 751 4663 δούλων
780 4603 943 4658 εστίν.
977 4600 1140 4655 Ὅθεν
1162 4598 1305 4668 λύπη
1330 4613 1387 4650 τε
1430 4597 1590 4649 αὑτὸν
1630 4594 1823 4662 ίσχυρά

270 4705 367 4758 καὶ
394 4700 542 4771 δεινὴ
576 4696 907 4767 μεταμέλεια
943 4694 1036 4746 hri.
1070 4694 1180 4752 τοῖς
1221 4684 1580 4760 προλαϐοῦσιν
1631 4684 1820 4753 εἰσῄει,

268 4796 367 4851 καὶ
394 4793 621 4862 δάκρυσι
660 4787 919 4849 τοιούτοις
950 4784 1257 4853 φαρμάκοις
1288 4779 1385 4849 τὴν
1422 4778 1604 4831 ἀδικον
1638 4775 1823 4843 ὥσπερ

270 4885 569 4954 ἀνθύμησιν
597 4880 694 4947 τῆς
720 4878 890 4949 ψυχῆς
919 4873 1230 4939 ίξιάσασθαι
1254 4871 1595 4942 βουλόμενος.

346 4977 423 5027 E'.
471 4970 621 5025 Ἐπεὶ⁵
666 4970 722 5023 δε
762 4971 857 5022 καὶ
883 4966 1238 5036 ὁρμισάμενοι
1285 4964 1383 5030 τῆς
1431 4960 1637 5020 πόλεως
1682 4958 1825 5009 ἔνδον

267 5063 582 5133 γεγόνασιν,
618 5061 646 5111 6
696 5055 997 5125 ναύκληρος
1046 5055 1125 5115 εις
1164 5053 1233 5104 τά
1278 5048 1473 5102 ἑαυτοῦ
1507 5047 1697 5112 ξενίζει
1735 5046 1825 5097 τὸν

272 5153 463 5213 παῖδα,
496 5153 588 5203 καὶ
617 5146 888 5216 ίδιαζούσῃ
908 5144 1093 5198 τοῦτον
1121 5142 1267 5212 οίκίᾳ
1299 5139 1577 5209 σχολάζειν
1609 5138 1822 5189 δίδωσι·

274 5249 374 5301 καὶ
398 5246 462 5312 δὴ
483 5245 574 5295 καὶ
597 5241 688 5293 τδν
718 5241 916 5293 ἄτοπον
938 5236 1083 5304 αύτῷ
1112 5234 1363 5303 λογισμὸν
1392 5229 1699 5297 εκκαλύψας
1744 5227 1824 5296 (οὐ

277 5342 392 5406 γὰρ
411 5338 576 5403 ἀνῆκε
613 5337 843 5401 πλῆττον
873 5330 933 5382 τδ
966 5328 1202 5389 συνειδὸς
1240 5326 1327 5378 διὰ
1368 5323 1466 5391 τὴν
1490 5321 1581 5373 τού
1612 5325 1745 5390 προς
1769 5320 1827 5371 6v

279 5433 593 5503 ἡμάρτανεν
622 5426 929 5494 ἀγιότητα),
969 5422 1137 5473 ἐδεῖτο
1170 5421 1261 5471 καὶ
1316 5414 1641 5483 συγγνώμης
1672 5413 1830 5477 ἀξιω-

277 5525 462 5592 θῆναιο
513 5518 580 5591 ἧς
632 5519 697 5587 δὴ
750 5517 842 5569 καὶ
883 5514 1138 5583 τυγχάνει
1172 5508 1321 5577 παρὰι
1367 5508 1465 5575 τῆς
1516 5503 1828 5576 συμπαθοῦς

277 5614 497 5681 ἐκείνης
531 5613 625 5664 καὶ
670 5606 1049 5679 φιλανθρώπου
1073 5602 1269 5672 ψυχῆς.
1314 5600 1419 5651 Καὶ
1446 5599 1475 5650 6
1506 5597 1602 5666 μὲν
1627 5595 1826 5657 οὕτως·

276 5706 393 5762 ὁδε
420 5704 485 5777 δὴ
516 5704 551 5756 Γ
559 5702 809 5775 ρηγόριος
832 5696 1274 5765 επικλεισάμενος
1304 5690 1492 5745 ἑαυτὸν
1524 5691 1579 5741 ὲν
1609 5681 1651 5756 ᾧ
1676 5687 1828 5757 οίκή-

1920 4507 2074 4561 dolor
2120 4506 2348 4574 accepit,
2395 4506 2622 4575 ejusque
2644 4505 2884 4557 animum
2950 4514 3289 4571 pra'sumpta
3346 4506 3465 4570 epi-

1922 4598 2103 4651 nionis
2139 4598 2305 4651 subiit
2341 4596 2677 4664 pmnitentia.
2709 4594 2986 4663 Lacrymis
3013 4594 3163 4653 item,
3188 4608 3250 4646 ac
3272 4596 3469 4648 amaris

1922 4688 2189 4758 ejusmodi
2238 4686 2493 4741 remediis
2526 4687 2701 4738 virum
2739 4694 2989 4737 sanctum
3022 4683 3316 4750 propitium
3364 4683 3467 4735 sibi

1923 4778 2152 4833 reddere
2197 4777 2471 4839 studebat,
2500 4776 2711 4844 injusta:
2762 4774 2838 4827 illi
2865 4775 3017 4841 quasi
3045 4773 3292 4826 humanm
3320 4774 3469 4843 cogi-

1862 4920 1875 4951 ,λ
1934 4868 2124 4920 tationi
2161 4866 2368 4920 mederi
2398 4864 2644 4933 cupiens.

1998 4958 2061 5009 γ.
2090 4955 2281 5011 Postea
2304 4970 2457 5018 vero,
2494 4969 2654 5023 quam
2710 4954 2985 5007 civitatem
3042 4952 3267 5020 ingressi
3316 4962 3467 5017 sunt,

1924 5047 2211 5101 nauclerus
2254 5046 2492 5114 hospitio
2539 5044 2685 5098 domi
2720 5057 2828 5097 sua:
2863 5044 3114 5111 juvenem
3149 5044 3367 5116 excipit,
3399 5046 3472 5097 ei-

1925 5153 2029 5207 que
2055 5136 2393 5190 familiariter
2422 5150 2523 5203 pro
2551 5134 2780 5187 arbitrio
2813 5134 2975 5186 vitam
3006 5132 3197 5201 agendi
3246 5132 3473 5186 faculta-

1925 5236 2033 5281 tem
2062 5226 2321 5293 impertit.
2361 5223 2601 5291 Cumque
2619 5222 2693 5275 illi
2724 5220 3009 5274 absurdam
3037 5234 3166 5273 sane
3190 5220 3473 5287 cogitatio-

1925 5336 2047 5375 nem
2074 5320 2248 5388 palam
2280 5316 2495 5369 fecisset
2519 5316 2715 5381 (neque
2742 5312 2888 5365 enim
2922 5312 3167 5379 perculsa
3189 5314 3473 5364 conscien-

1927 5414 2022 5473 tia,
2056 5412 2172 5478 ejus
2196 5408 2387 5476 ipsius,
2417 5407 2470 5458 in
2493 5419 2652 5472 quem
2682 5402 3005 5465 offenderat,
3043 5416 3317 5469 permotus
3349 5416 3470 5455 san-

1928 5501 2135 5562 ctitate,
2168 5512 2327 5551 secus
2356 5495 2535 5548 facere
2562 5496 2819 5561 poterat),
2851 5491 3226 5544 obtestabatur
3254 5491 3355 5543 sibi
3382 5504 3473 5543 vo-

1927 5593 2074 5647 Liam
2130 5588 2267 5643 dari.
2322 5600 2484 5655 quam
2531 5584 2598 5637 ab
2645 5584 2825 5636 animo
2876 5582 2971 5635 illo
3024 5581 3279 5648 benigno,
3316 5588 3371 5634 et
3404 5581 3470 5631 ad

1931 5678 2320 5757 promerendos
2364 5677 2608 5731 homines
2642 5682 2766 5729 nato
2798 5673 2956 5729 facile
2997 5674 3363 5741 consequitur.
3396 5676 3472 5724 Le
