  <div class='ocr_page' id='page_1' title='image "/cluster/home/n/w/nwhite01/storage/ocr_20150623/116/nnc1.0046980156/118.png"; bbox 0 0 4270 6428; ppageno 0'>
   <div class='ocr_carea' id='block_1_1' title="bbox 246 346 340 408">
    <p class='ocr_par' dir='ltr' id='par_1_1' title="bbox 246 346 340 408">
     <span class='ocr_line' id='line_1_1' title="bbox 246 346 340 408; baseline -0.021 -1"><span class='ocrx_word' id='word_1_1' title='bbox 246 346 340 408; x_wconf 67' lang='grc' dir='ltr'><strong>ιρι</strong></span> 
     </span>
    </p>
   </div>
   <div class='ocr_carea' id='block_1_2' title="bbox 1192 338 2467 403">
    <p class='ocr_par' dir='ltr' id='par_1_2' title="bbox 1192 338 2467 403">
     <span class='ocr_line' id='line_1_2' title="bbox 1192 338 2467 403; baseline -0.002 0"><span class='ocrx_word' id='word_1_2' title='bbox 1192 342 1365 403; x_wconf 77' lang='lat' dir='ltr'>VITA</span> <span class='ocrx_word' id='word_1_3' title='bbox 1404 341 1461 401; x_wconf 89' lang='lat' dir='ltr'>S.</span> <span class='ocrx_word' id='word_1_4' title='bbox 1507 338 1887 400; x_wconf 77' lang='lat' dir='ltr'>GREGORII</span> <span class='ocrx_word' id='word_1_5' title='bbox 1931 340 2467 400; x_wconf 72' lang='lat' dir='ltr'>AGRIGENTINI.</span> 
     </span>
    </p>
   </div>
   <div class='ocr_carea' id='block_1_3' title="bbox 3348 344 3455 407">
    <p class='ocr_par' dir='ltr' id='par_1_3' title="bbox 3348 344 3455 407">
     <span class='ocr_line' id='line_1_3' title="bbox 3348 344 3455 407; baseline -0.028 -1"><span class='ocrx_word' id='word_1_6' title='bbox 3348 344 3455 407; x_wconf 70' lang='lat'>198</span> 
     </span>
    </p>
   </div>
   <div class='ocr_carea' id='block_1_4' title="bbox 236 452 1922 526">
    <p class='ocr_par' dir='ltr' id='par_1_4' title="bbox 236 453 1922 523">
     <span class='ocr_line' id='line_1_4' title="bbox 236 453 1922 523; baseline 0.001 -20"><span class='ocrx_word' id='word_1_7' title='bbox 236 456 375 523; x_wconf 70' lang='grc' dir='ltr'><strong>πρὸς</strong></span> <span class='ocrx_word' id='word_1_8' title='bbox 401 456 607 521; x_wconf 52' lang='grc' dir='ltr'><strong>τροφὴν</strong></span> <span class='ocrx_word' id='word_1_9' title='bbox 657 453 938 519; x_wconf 88' lang='grc' dir='ltr'><strong>παρετίθει</strong></span> <span class='ocrx_word' id='word_1_10' title='bbox 968 492 981 514; x_wconf 94' lang='grc'>,</span> <span class='ocrx_word' id='word_1_11' title='bbox 1038 456 1131 505; x_wconf 75' lang='grc' dir='ltr'><strong>καὶ</strong></span> <span class='ocrx_word' id='word_1_12' title='bbox 1185 454 1551 521; x_wconf 71' lang='grc' dir='ltr'>γευσαμένους</span> <span class='ocrx_word' id='word_1_13' title='bbox 1574 453 1811 514; x_wconf 79' lang='grc' dir='ltr'><strong>ἀΰπνους</strong></span> <span class='ocrx_word' id='word_1_14' title='bbox 1840 454 1888 514; x_wconf 79' lang='grc' dir='ltr'><strong>Α</strong></span> <span class='ocrx_word' id='word_1_15' title='bbox 1914 469 1922 488; x_wconf 65' lang='grc' dir='ltr'><strong><em>τ</em></strong></span> 
     </span>
    </p>
   </div>
   <div class='ocr_carea' id='block_1_5' title="bbox 1774 452 3460 526">
    <p class='ocr_par' dir='ltr' id='par_1_5' title="bbox 1774 452 3460 526">
     <span class='ocr_line' id='line_1_5' title="bbox 1774 452 3460 526; baseline 0.005 -25"><span class='ocrx_word' id='word_1_16' title='bbox 1774 468 1811 514; x_wconf 73' lang='grc' dir='ltr'>ις</span> <span class='ocrx_word' id='word_1_17' title='bbox 1840 454 1888 514; x_wconf 81' lang='grc' dir='ltr'><strong>Α</strong></span> <span class='ocrx_word' id='word_1_18' title='bbox 1914 453 2113 506; x_wconf 88' lang='lat' dir='ltr'>victum</span> <span class='ocrx_word' id='word_1_19' title='bbox 2133 452 2436 508; x_wconf 85' lang='lat' dir='ltr'>necessaria</span> <span class='ocrx_word' id='word_1_20' title='bbox 2450 452 2664 504; x_wconf 81' lang='lat' dir='ltr'>abunde</span> <span class='ocrx_word' id='word_1_21' title='bbox 2686 452 2786 506; x_wconf 84' lang='lat' dir='ltr'>illis</span> <span class='ocrx_word' id='word_1_22' title='bbox 2803 454 3074 521; x_wconf 86' lang='lat' dir='ltr'>apposuit.</span> <span class='ocrx_word' id='word_1_23' title='bbox 3098 453 3336 517; x_wconf 84' lang='lat' dir='ltr'>Quicum</span> <span class='ocrx_word' id='word_1_24' title='bbox 3362 474 3460 526; x_wconf 74' lang='lat' dir='ltr'>gu-</span> 
     </span>
    </p>
   </div>
   <div class='ocr_carea' id='block_1_6' title="bbox 234 538 1802 614">
    <p class='ocr_par' dir='ltr' id='par_1_6' title="bbox 234 538 1802 614">
     <span class='ocr_line' id='line_1_6' title="bbox 234 538 1802 614; baseline -0.001 -17"><span class='ocrx_word' id='word_1_25' title='bbox 234 545 435 606; x_wconf 68' lang='grc' dir='ltr'><strong>αὺτοὺς</strong></span> <span class='ocrx_word' id='word_1_26' title='bbox 484 546 643 613; x_wconf 76' lang='grc' dir='ltr'><strong>ἄχρις</strong></span> <span class='ocrx_word' id='word_1_27' title='bbox 696 544 892 614; x_wconf 78' lang='grc' dir='ltr'><strong>δρθρου</strong></span> <span class='ocrx_word' id='word_1_28' title='bbox 925 538 1070 612; x_wconf 76' lang='grc' dir='ltr'><strong>εἶχεν</strong></span> <span class='ocrx_word' id='word_1_29' title='bbox 1113 546 1146 613; x_wconf 82' lang='grc' dir='ltr'>ὴ</span> <span class='ocrx_word' id='word_1_30' title='bbox 1196 544 1311 609; x_wconf 78' lang='grc' dir='ltr'><strong>νὺξ,</strong></span> <span class='ocrx_word' id='word_1_31' title='bbox 1355 543 1480 605; x_wconf 88' lang='grc' dir='ltr'><strong>τούς</strong></span> <span class='ocrx_word' id='word_1_32' title='bbox 1519 558 1575 593; x_wconf 87' lang='grc' dir='ltr'>τε</span> <span class='ocrx_word' id='word_1_33' title='bbox 1626 544 1802 612; x_wconf 70' lang='grc' dir='ltr'><strong>ίεροϋς</strong></span> 
     </span>
    </p>
   </div>
   <div class='ocr_carea' id='block_1_7' title="bbox 238 631 1804 703">
    <p class='ocr_par' dir='ltr' id='par_1_7' title="bbox 238 631 1804 703">
     <span class='ocr_line' id='line_1_7' title="bbox 238 631 1804 703; baseline 0 -19"><span class='ocrx_word' id='word_1_34' title='bbox 238 631 443 702; x_wconf 75' lang='grc' dir='ltr'><strong>ὓμνους</strong></span> <span class='ocrx_word' id='word_1_35' title='bbox 467 634 694 703; x_wconf 76' lang='grc' dir='ltr'><strong>ᾅδοντας</strong></span> <span class='ocrx_word' id='word_1_36' title='bbox 721 636 814 685; x_wconf 77' lang='grc' dir='ltr'><strong>καὶ</strong></span> <span class='ocrx_word' id='word_1_37' title='bbox 842 634 967 695; x_wconf 75' lang='grc' dir='ltr'><strong>τοὺς</strong></span> <span class='ocrx_word' id='word_1_38' title='bbox 994 633 1168 694; x_wconf 83' lang='grc' dir='ltr'><strong>θείους</strong></span> <span class='ocrx_word' id='word_1_39' title='bbox 1198 633 1387 700; x_wconf 78' lang='grc' dir='ltr'>λόγους</span> <span class='ocrx_word' id='word_1_40' title='bbox 1408 634 1804 699; x_wconf 74' lang='grc' dir='ltr'><strong>ἀναγινώσκον-</strong></span> 
     </span>
    </p>
   </div>
   <div class='ocr_carea' id='block_1_8' title="bbox 235 723 1804 793">
    <p class='ocr_par' dir='ltr' id='par_1_8' title="bbox 235 723 1804 793">
     <span class='ocr_line' id='line_1_8' title="bbox 235 723 1804 793; baseline 0.001 -18"><span class='ocrx_word' id='word_1_41' title='bbox 235 740 356 785; x_wconf 89' lang='grc' dir='ltr'><strong>τας.</strong></span> <span class='ocrx_word' id='word_1_42' title='bbox 394 724 561 776; x_wconf 82' lang='grc' dir='ltr'><strong>Ἔνθα</strong></span> <span class='ocrx_word' id='word_1_43' title='bbox 590 724 654 792; x_wconf 79' lang='grc' dir='ltr'><strong>δὴ</strong></span> <span class='ocrx_word' id='word_1_44' title='bbox 678 726 771 776; x_wconf 69' lang='grc' dir='ltr'><strong>καὶ</strong></span> <span class='ocrx_word' id='word_1_45' title='bbox 792 725 840 776; x_wconf 76' lang='lat' dir='ltr'>oi</span> <span class='ocrx_word' id='word_1_46' title='bbox 868 725 1091 793; x_wconf 74' lang='grc' dir='ltr'><strong>μοναχοὶ</strong></span> <span class='ocrx_word' id='word_1_47' title='bbox 1118 724 1215 793; x_wconf 79' lang='grc' dir='ltr'><strong>τὴν</strong></span> <span class='ocrx_word' id='word_1_48' title='bbox 1247 723 1339 777; x_wconf 82' lang='grc' dir='ltr'><strong>τοῦ</strong></span> <span class='ocrx_word' id='word_1_49' title='bbox 1371 725 1560 787; x_wconf 84' lang='grc' dir='ltr'><strong>παιδὸς</strong></span> <span class='ocrx_word' id='word_1_50' title='bbox 1592 724 1804 777; x_wconf 91' lang='grc' dir='ltr'><strong>σύνεσιν</strong></span> 
     </span>
    </p>
   </div>
   <div class='ocr_carea' id='block_1_9' title="bbox 237 815 1805 887">
    <p class='ocr_par' dir='ltr' id='par_1_9' title="bbox 237 815 1805 887">
     <span class='ocr_line' id='line_1_9' title="bbox 237 815 1805 887; baseline 0.003 -20"><span class='ocrx_word' id='word_1_51' title='bbox 237 816 334 867; x_wconf 69' lang='grc' dir='ltr'>καὶ</span> <span class='ocrx_word' id='word_1_52' title='bbox 354 816 473 867; x_wconf 84' lang='grc' dir='ltr'><strong>λίαν</strong></span> <span class='ocrx_word' id='word_1_53' title='bbox 504 816 965 885; x_wconf 80' lang='grc' dir='ltr'><strong>ύπερηγάσθησαν</strong></span> <span class='ocrx_word' id='word_1_54' title='bbox 988 815 1161 880; x_wconf 80' lang='grc' dir='ltr'><strong>οὕτως</strong></span> <span class='ocrx_word' id='word_1_55' title='bbox 1187 816 1476 887; x_wconf 77' lang='grc' dir='ltr'>εὐρύθμως</span> <span class='ocrx_word' id='word_1_56' title='bbox 1509 817 1684 871; x_wconf 82' lang='grc' dir='ltr'><strong>πάντα</strong></span> <span class='ocrx_word' id='word_1_57' title='bbox 1712 818 1805 871; x_wconf 69' lang='grc' dir='ltr'>καὶ</span> 
     </span>
    </p>
   </div>
   <div class='ocr_carea' id='block_1_10' title="bbox 239 905 965 968">
    <p class='ocr_par' dir='ltr' id='par_1_10' title="bbox 239 905 965 968">
     <span class='ocr_line' id='line_1_10' title="bbox 239 905 965 968; baseline 0.001 -12"><span class='ocrx_word' id='word_1_58' title='bbox 239 905 498 968; x_wconf 76' lang='grc' dir='ltr'><strong>ἀσφαλῶς</strong></span> <span class='ocrx_word' id='word_1_59' title='bbox 520 905 687 957; x_wconf 67' lang='grc' dir='ltr'><strong>αὑτοῦ</strong></span> <span class='ocrx_word' id='word_1_60' title='bbox 716 906 965 966; x_wconf 80' lang='grc' dir='ltr'><strong>διιόντος.</strong></span> 
     </span>
    </p>
   </div>
   <div class='ocr_carea' id='block_1_11' title="bbox 310 990 1804 1063">
    <p class='ocr_par' dir='ltr' id='par_1_11' title="bbox 310 990 1804 1063">
     <span class='ocr_line' id='line_1_11' title="bbox 310 990 1804 1063; baseline 0.003 -20"><span class='ocrx_word' id='word_1_61' title='bbox 310 990 384 1043; x_wconf 90' lang='grc' dir='ltr'>Ζ’.</span> <span class='ocrx_word' id='word_1_62' title='bbox 417 995 693 1060; x_wconf 79' lang='grc' dir='ltr'><strong>Τεταρτης</strong></span> <span class='ocrx_word' id='word_1_63' title='bbox 720 990 812 1045; x_wconf 70' lang='grc' dir='ltr'><strong>ο3ν</strong></span> <span class='ocrx_word' id='word_1_64' title='bbox 846 995 936 1045; x_wconf 67' lang='grc' dir='ltr'>ἐπὶ</span> <span class='ocrx_word' id='word_1_65' title='bbox 978 994 1185 1057; x_wconf 87' lang='grc' dir='ltr'><strong>τούτοις</strong></span> <span class='ocrx_word' id='word_1_66' title='bbox 1212 996 1391 1057; x_wconf 83' lang='grc' dir='ltr'><strong>αύτοῐς</strong></span> <span class='ocrx_word' id='word_1_67' title='bbox 1419 996 1804 1063; x_wconf 64' lang='grc' dir='ltr'>ἐπιγενομένης</span> 
     </span>
    </p>
   </div>
   <div class='ocr_carea' id='block_1_12' title="bbox 237 1084 1805 1157">
    <p class='ocr_par' dir='ltr' id='par_1_12' title="bbox 237 1084 1805 1157">
     <span class='ocr_line' id='line_1_12' title="bbox 237 1084 1805 1157; baseline 0.003 -25"><span class='ocrx_word' id='word_1_68' title='bbox 237 1085 476 1151; x_wconf 76' lang='grc' dir='ltr'><strong>ἡμέρας,</strong></span> <span class='ocrx_word' id='word_1_69' title='bbox 498 1084 615 1135; x_wconf 74' lang='grc' dir='ltr'><strong>ὁδοῦ</strong></span> <span class='ocrx_word' id='word_1_70' title='bbox 650 1085 757 1136; x_wconf 80' lang='grc' dir='ltr'>τῶν</span> <span class='ocrx_word' id='word_1_71' title='bbox 794 1087 1042 1155; x_wconf 80' lang='grc' dir='ltr'><strong>μοναχῶν</strong></span> <span class='ocrx_word' id='word_1_72' title='bbox 1082 1089 1107 1138; x_wconf 97' lang='lat'>6</span> <span class='ocrx_word' id='word_1_73' title='bbox 1149 1086 1359 1157; x_wconf 81' lang='grc' dir='ltr'><strong>πρῶτος</strong></span> <span class='ocrx_word' id='word_1_74' title='bbox 1394 1088 1686 1156; x_wconf 75' lang='grc' dir='ltr'><strong>ἐμέμνητο,</strong></span> <span class='ocrx_word' id='word_1_75' title='bbox 1714 1089 1805 1138; x_wconf 78' lang='grc' dir='ltr'><strong>καὶ</strong></span> 
     </span>
    </p>
   </div>
   <div class='ocr_carea' id='block_1_13' title="bbox 240 1175 1802 1245">
    <p class='ocr_par' dir='ltr' id='par_1_13' title="bbox 240 1175 1802 1245">
     <span class='ocr_line' id='line_1_13' title="bbox 240 1175 1802 1245; baseline 0.003 -19"><span class='ocrx_word' id='word_1_76' title='bbox 240 1175 341 1239; x_wconf 72' lang='grc' dir='ltr'><strong>τῆς</strong></span> <span class='ocrx_word' id='word_1_77' title='bbox 375 1176 611 1243; x_wconf 71' lang='grc' dir='ltr'><strong>ἑσπέρας</strong></span> <span class='ocrx_word' id='word_1_78' title='bbox 640 1175 1056 1245; x_wconf 79' lang='grc' dir='ltr'><strong>καταλαϐούσης</strong></span> <span class='ocrx_word' id='word_1_79' title='bbox 1082 1176 1255 1240; x_wconf 74' lang='grc' dir='ltr'><strong>ἐξίασι</strong></span> <span class='ocrx_word' id='word_1_80' title='bbox 1284 1180 1393 1238; x_wconf 83' lang='grc' dir='ltr'><strong>τοῖς</strong></span> <span class='ocrx_word' id='word_1_81' title='bbox 1427 1178 1629 1239; x_wconf 73' lang='grc' dir='ltr'><strong>πόλεως</strong></span> <span class='ocrx_word' id='word_1_82' title='bbox 1667 1178 1802 1245; x_wconf 76' lang='grc' dir='ltr'><strong>ἃμα.</strong></span> 
     </span>
    </p>
   </div>
   <div class='ocr_carea' id='block_1_14' title="bbox 240 1260 1803 1334">
    <p class='ocr_par' dir='ltr' id='par_1_14' title="bbox 240 1260 1803 1334">
     <span class='ocr_line' id='line_1_14' title="bbox 240 1260 1803 1334; baseline 0.004 -21"><span class='ocrx_word' id='word_1_83' title='bbox 240 1260 430 1313; x_wconf 76' lang='grc' dir='ltr'><strong>Εἴκοσι</strong></span> <span class='ocrx_word' id='word_1_84' title='bbox 486 1262 539 1315; x_wconf 69' lang='grc' dir='ltr'>δὲ</span> <span class='ocrx_word' id='word_1_85' title='bbox 594 1264 801 1333; x_wconf 79' lang='grc' dir='ltr'><strong>ἡμέρας</strong></span> <span class='ocrx_word' id='word_1_86' title='bbox 850 1266 1192 1328; x_wconf 76' lang='grc' dir='ltr'>ὁδεύσαντες,</span> <span class='ocrx_word' id='word_1_87' title='bbox 1236 1283 1315 1328; x_wconf 91' lang='grc' dir='ltr'>εις</span> <span class='ocrx_word' id='word_1_88' title='bbox 1364 1267 1621 1334; x_wconf 74' lang='grc' dir='ltr'><strong>Τρίπολιν</strong></span> <span class='ocrx_word' id='word_1_89' title='bbox 1679 1269 1803 1334; x_wconf 67' lang='grc' dir='ltr'>ἀφι-</span> 
     </span>
    </p>
   </div>
   <div class='ocr_carea' id='block_1_15' title="bbox 240 1354 1802 1424">
    <p class='ocr_par' dir='ltr' id='par_1_15' title="bbox 240 1354 1802 1424">
     <span class='ocr_line' id='line_1_15' title="bbox 240 1354 1802 1424; baseline 0.004 -21"><span class='ocrx_word' id='word_1_90' title='bbox 240 1354 519 1416; x_wconf 74' lang='grc' dir='ltr'><strong>κνοῦνται,</strong></span> <span class='ocrx_word' id='word_1_91' title='bbox 564 1358 653 1407; x_wconf 80' lang='grc' dir='ltr'><strong>καὶ</strong></span> <span class='ocrx_word' id='word_1_92' title='bbox 704 1357 838 1424; x_wconf 82' lang='grc' dir='ltr'><strong>πρὸς</strong></span> <span class='ocrx_word' id='word_1_93' title='bbox 890 1357 977 1408; x_wconf 83' lang='grc' dir='ltr'><strong>τὸν</strong></span> <span class='ocrx_word' id='word_1_94' title='bbox 1024 1357 1114 1408; x_wconf 77' lang='grc' dir='ltr'><strong>τοῦ</strong></span> <span class='ocrx_word' id='word_1_95' title='bbox 1166 1359 1322 1423; x_wconf 78' lang='grc' dir='ltr'><strong>ἁγίου</strong></span> <span class='ocrx_word' id='word_1_96' title='bbox 1382 1359 1631 1410; x_wconf 73' lang='grc' dir='ltr'><strong>Λεοντίου</strong></span> <span class='ocrx_word' id='word_1_97' title='bbox 1678 1361 1802 1411; x_wconf 61' lang='grc' dir='ltr'><strong>ναὸν</strong></span> 
     </span>
    </p>
   </div>
   <div class='ocr_carea' id='block_1_16' title="bbox 238 1447 1799 1520">
    <p class='ocr_par' dir='ltr' id='par_1_16' title="bbox 238 1447 1799 1520">
     <span class='ocr_line' id='line_1_16' title="bbox 238 1447 1799 1520; baseline 0.006 -26"><span class='ocrx_word' id='word_1_98' title='bbox 238 1447 573 1513; x_wconf 77' lang='grc' dir='ltr'><strong>ἀπέρχονται</strong></span> <span class='ocrx_word' id='word_1_99' title='bbox 602 1462 614 1476; x_wconf 75' lang='grc' dir='ltr'><strong>ο</strong></span> <span class='ocrx_word' id='word_1_100' title='bbox 646 1447 767 1499; x_wconf 66' lang='grc' dir='ltr'><strong>ὅθεν</strong></span> <span class='ocrx_word' id='word_1_101' title='bbox 818 1447 881 1518; x_wconf 84' lang='grc' dir='ltr'>δὴ</span> <span class='ocrx_word' id='word_1_102' title='bbox 926 1450 1017 1500; x_wconf 78' lang='grc' dir='ltr'><strong>καὶ</strong></span> <span class='ocrx_word' id='word_1_103' title='bbox 1070 1450 1438 1520; x_wconf 75' lang='grc' dir='ltr'><strong>πρεσϐύτερός</strong></span> <span class='ocrx_word' id='word_1_104' title='bbox 1465 1467 1547 1513; x_wconf 86' lang='grc' dir='ltr'>τις</span> <span class='ocrx_word' id='word_1_105' title='bbox 1574 1450 1682 1502; x_wconf 83' lang='grc' dir='ltr'>τῶν</span> <span class='ocrx_word' id='word_1_106' title='bbox 1717 1467 1799 1503; x_wconf 87' lang='grc' dir='ltr'>σε·</span> 
     </span>
    </p>
   </div>
   <div class='ocr_carea' id='block_1_17' title="bbox 242 1537 1799 1609">
    <p class='ocr_par' dir='ltr' id='par_1_17' title="bbox 242 1537 1799 1609">
     <span class='ocr_line' id='line_1_17' title="bbox 242 1537 1799 1609; baseline 0.004 -24"><span class='ocrx_word' id='word_1_107' title='bbox 242 1537 391 1603; x_wconf 78' lang='grc' dir='ltr'><strong>μνῶν</strong></span> <span class='ocrx_word' id='word_1_108' title='bbox 444 1539 535 1587; x_wconf 70' lang='grc' dir='ltr'><strong>καὶ</strong></span> <span class='ocrx_word' id='word_1_109' title='bbox 593 1538 855 1605; x_wconf 74' lang='grc' dir='ltr'><strong>κοσμίων,</strong></span> <span class='ocrx_word' id='word_1_110' title='bbox 914 1540 1155 1602; x_wconf 73' lang='grc' dir='ltr'><strong>ἐκείνους</strong></span> <span class='ocrx_word' id='word_1_111' title='bbox 1210 1540 1556 1609; x_wconf 76' lang='grc' dir='ltr'><strong>παραλαϐὼν,</strong></span> <span class='ocrx_word' id='word_1_112' title='bbox 1602 1545 1679 1603; x_wconf 82' lang='grc' dir='ltr'>είς</span> <span class='ocrx_word' id='word_1_113' title='bbox 1714 1544 1799 1594; x_wconf 69' lang='grc' dir='ltr'><strong>τὸν</strong></span> 
     </span>
    </p>
   </div>
   <div class='ocr_carea' id='block_1_18' title="bbox 239 1620 1799 1700">
    <p class='ocr_par' dir='ltr' id='par_1_18' title="bbox 239 1620 1799 1700">
     <span class='ocr_line' id='line_1_18' title="bbox 239 1620 1799 1700; baseline 0.004 -24"><span class='ocrx_word' id='word_1_114' title='bbox 239 1623 409 1676; x_wconf 58' lang='grc' dir='ltr'><strong>αὐτοῦ</strong></span> <span class='ocrx_word' id='word_1_115' title='bbox 445 1620 594 1676; x_wconf 81' lang='grc' dir='ltr'><strong>οἷκον</strong></span> <span class='ocrx_word' id='word_1_116' title='bbox 623 1627 837 1690; x_wconf 74' lang='grc' dir='ltr'><strong>ξενίζει.</strong></span> <span class='ocrx_word' id='word_1_117' title='bbox 865 1628 1135 1682; x_wconf 83' lang='grc' dir='ltr'><strong>Διακονῶν</strong></span> <span class='ocrx_word' id='word_1_118' title='bbox 1156 1628 1210 1681; x_wconf 87' lang='grc' dir='ltr'><strong>δὲ</strong></span> <span class='ocrx_word' id='word_1_119' title='bbox 1237 1625 1302 1698; x_wconf 80' lang='grc' dir='ltr'><strong>ἦν</strong></span> <span class='ocrx_word' id='word_1_120' title='bbox 1330 1632 1511 1693; x_wconf 78' lang='grc' dir='ltr'><strong>αὐτοῖς</strong></span> <span class='ocrx_word' id='word_1_121' title='bbox 1538 1632 1566 1682; x_wconf 87' lang='lat'>6</span> <span class='ocrx_word' id='word_1_122' title='bbox 1592 1631 1799 1700; x_wconf 86' lang='grc' dir='ltr'><strong>Γρηγό-</strong></span> 
     </span>
    </p>
   </div>
   <div class='ocr_carea' id='block_1_19' title="bbox 240 1714 1800 1790">
    <p class='ocr_par' dir='ltr' id='par_1_19' title="bbox 240 1714 1800 1790">
     <span class='ocr_line' id='line_1_19' title="bbox 240 1714 1800 1790; baseline 0.004 -24"><span class='ocrx_word' id='word_1_123' title='bbox 240 1730 381 1782; x_wconf 91' lang='grc' dir='ltr'><strong>ριος,</strong></span> <span class='ocrx_word' id='word_1_124' title='bbox 409 1716 435 1767; x_wconf 85' lang='grc' dir='ltr'><strong>ὃ</strong></span> <span class='ocrx_word' id='word_1_125' title='bbox 470 1716 561 1767; x_wconf 76' lang='grc' dir='ltr'><strong>καὶ</strong></span> <span class='ocrx_word' id='word_1_126' title='bbox 586 1714 672 1769; x_wconf 73' lang='grc' dir='ltr'><strong>διὰ</strong></span> <span class='ocrx_word' id='word_1_127' title='bbox 702 1716 973 1786; x_wconf 82' lang='grc' dir='ltr'><strong>θαύματος</strong></span> <span class='ocrx_word' id='word_1_128' title='bbox 1007 1721 1053 1771; x_wconf 91' lang='grc' dir='ltr'>οί</span> <span class='ocrx_word' id='word_1_129' title='bbox 1094 1719 1383 1787; x_wconf 80' lang='grc' dir='ltr'><strong>βλέποντες</strong></span> <span class='ocrx_word' id='word_1_130' title='bbox 1431 1717 1575 1790; x_wconf 73' lang='grc' dir='ltr'><strong>εἶχον</strong></span> <span class='ocrx_word' id='word_1_131' title='bbox 1610 1725 1800 1775; x_wconf 78' lang='grc' dir='ltr'><strong>ὁποίαν</strong></span> 
     </span>
    </p>
   </div>
   <div class='ocr_carea' id='block_1_20' title="bbox 238 1801 1804 1883">
    <p class='ocr_par' dir='ltr' id='par_1_20' title="bbox 238 1801 1804 1883">
     <span class='ocr_line' id='line_1_20' title="bbox 238 1801 1804 1883; baseline 0.007 -28"><span class='ocrx_word' id='word_1_132' title='bbox 238 1801 307 1872; x_wconf 72' lang='grc' dir='ltr'><strong>ἦν</strong></span> <span class='ocrx_word' id='word_1_133' title='bbox 353 1807 669 1875; x_wconf 84' lang='grc' dir='ltr'><strong>ποιούμενος</strong></span> <span class='ocrx_word' id='word_1_134' title='bbox 696 1812 794 1875; x_wconf 77' lang='grc' dir='ltr'><strong>τὴν</strong></span> <span class='ocrx_word' id='word_1_135' title='bbox 836 1810 1163 1879; x_wconf 77' lang='grc' dir='ltr'><strong>ὑπηρεσίαν,</strong></span> <span class='ocrx_word' id='word_1_136' title='bbox 1212 1814 1272 1865; x_wconf 89' lang='grc' dir='ltr'>ού</span> <span class='ocrx_word' id='word_1_137' title='bbox 1306 1813 1604 1865; x_wconf 83' lang='grc' dir='ltr'><strong>σπουδαίαν</strong></span> <span class='ocrx_word' id='word_1_138' title='bbox 1647 1816 1804 1883; x_wconf 84' lang='grc' dir='ltr'><strong>μόνον</strong></span> 
     </span>
    </p>
   </div>
   <div class='ocr_carea' id='block_1_21' title="bbox 241 1898 1806 1969">
    <p class='ocr_par' dir='ltr' id='par_1_21' title="bbox 241 1898 1806 1969">
     <span class='ocr_line' id='line_1_21' title="bbox 241 1898 1806 1969; baseline 0.008 -23"><span class='ocrx_word' id='word_1_139' title='bbox 241 1898 336 1947; x_wconf 79' lang='grc' dir='ltr'><strong>καὶ</strong></span> <span class='ocrx_word' id='word_1_140' title='bbox 364 1900 695 1967; x_wconf 71' lang='grc' dir='ltr'><strong>καρτερικήν</strong></span> <span class='ocrx_word' id='word_1_141' title='bbox 728 1900 822 1953; x_wconf 73' lang='grc' dir='ltr'><strong>καὶ</strong></span> <span class='ocrx_word' id='word_1_142' title='bbox 848 1901 1147 1969; x_wconf 72' lang='grc' dir='ltr'><strong>φιλόπονον,</strong></span> <span class='ocrx_word' id='word_1_143' title='bbox 1173 1904 1306 1957; x_wconf 77' lang='grc' dir='ltr'>ἀλλά</span> <span class='ocrx_word' id='word_1_144' title='bbox 1327 1921 1376 1956; x_wconf 91' lang='grc' dir='ltr'>τι</span> <span class='ocrx_word' id='word_1_145' title='bbox 1410 1907 1497 1957; x_wconf 71' lang='grc' dir='ltr'>καὶ</span> <span class='ocrx_word' id='word_1_146' title='bbox 1527 1904 1665 1958; x_wconf 75' lang='grc' dir='ltr'><strong>οὕτω</strong></span> <span class='ocrx_word' id='word_1_147' title='bbox 1710 1925 1806 1958; x_wconf 88' lang='grc' dir='ltr'>κα-</span> 
     </span>
    </p>
   </div>
   <div class='ocr_carea' id='block_1_22' title="bbox 238 1989 1806 2066">
    <p class='ocr_par' dir='ltr' id='par_1_22' title="bbox 238 1989 1806 2066">
     <span class='ocr_line' id='line_1_22' title="bbox 238 1989 1806 2066; baseline 0.008 -29"><span class='ocrx_word' id='word_1_148' title='bbox 238 1989 493 2039; x_wconf 82' lang='grc' dir='ltr'><strong>ταπονὼν</strong></span> <span class='ocrx_word' id='word_1_149' title='bbox 519 1991 732 2053; x_wconf 69' lang='grc' dir='ltr'><strong>ἑαυτὸν,</strong></span> <span class='ocrx_word' id='word_1_150' title='bbox 758 1992 841 2045; x_wconf 81' lang='grc' dir='ltr'><strong>διὰ</strong></span> <span class='ocrx_word' id='word_1_151' title='bbox 872 1992 963 2045; x_wconf 90' lang='grc' dir='ltr'>δύο</span> <span class='ocrx_word' id='word_1_152' title='bbox 991 2009 1048 2045; x_wconf 87' lang='grc' dir='ltr'>τε</span> <span class='ocrx_word' id='word_1_153' title='bbox 1085 1997 1175 2047; x_wconf 78' lang='grc' dir='ltr'><strong>καὶ</strong></span> <span class='ocrx_word' id='word_1_154' title='bbox 1202 1997 1369 2066; x_wconf 85' lang='grc' dir='ltr'><strong>τριῶν</strong></span> <span class='ocrx_word' id='word_1_155' title='bbox 1399 1998 1618 2066; x_wconf 67' lang='grc' dir='ltr'><strong>ἡμερῶν</strong></span> <span class='ocrx_word' id='word_1_156' title='bbox 1656 1998 1806 2066; x_wconf 75' lang='grc' dir='ltr'><strong>μόλις</strong></span> 
     </span>
    </p>
   </div>
   <div class='ocr_carea' id='block_1_23' title="bbox 241 2077 1802 2153">
    <p class='ocr_par' dir='ltr' id='par_1_23' title="bbox 241 2077 1802 2153">
     <span class='ocr_line' id='line_1_23' title="bbox 241 2077 1802 2153; baseline 0.009 -28"><span class='ocrx_word' id='word_1_157' title='bbox 241 2077 380 2143; x_wconf 73' lang='grc' dir='ltr'><strong>πρὸς</strong></span> <span class='ocrx_word' id='word_1_158' title='bbox 412 2078 613 2146; x_wconf 79' lang='grc' dir='ltr'><strong>τροφὴν</strong></span> <span class='ocrx_word' id='word_1_159' title='bbox 658 2079 827 2147; x_wconf 75' lang='grc' dir='ltr'><strong>ἑώρα,</strong></span> <span class='ocrx_word' id='word_1_160' title='bbox 878 2081 971 2132; x_wconf 80' lang='grc' dir='ltr'><strong>καὶ</strong></span> <span class='ocrx_word' id='word_1_161' title='bbox 1017 2082 1130 2134; x_wconf 83' lang='grc' dir='ltr'><strong>οὐδ’</strong></span> <span class='ocrx_word' id='word_1_162' title='bbox 1176 2083 1241 2137; x_wconf 79' lang='grc' dir='ltr'><strong>ἂν</strong></span> <span class='ocrx_word' id='word_1_163' title='bbox 1282 2085 1402 2136; x_wconf 73' lang='grc' dir='ltr'><strong>οὐδὲ</strong></span> <span class='ocrx_word' id='word_1_164' title='bbox 1452 2087 1595 2148; x_wconf 89' lang='grc' dir='ltr'><strong>τότε,</strong></span> <span class='ocrx_word' id='word_1_165' title='bbox 1643 2086 1691 2137; x_wconf 86' lang='grc' dir='ltr'>εί</span> <span class='ocrx_word' id='word_1_166' title='bbox 1729 2088 1802 2153; x_wconf 73' lang='grc' dir='ltr'><strong>μὴ</strong></span> 
     </span>
    </p>
   </div>
   <div class='ocr_carea' id='block_1_24' title="bbox 242 2165 1803 2245">
    <p class='ocr_par' dir='ltr' id='par_1_24' title="bbox 242 2165 1803 2245">
     <span class='ocr_line' id='line_1_24' title="bbox 242 2165 1803 2245; baseline 0.008 -28"><span class='ocrx_word' id='word_1_167' title='bbox 242 2168 411 2228; x_wconf 77' lang='grc' dir='ltr'><strong>πολὺς</strong></span> <span class='ocrx_word' id='word_1_168' title='bbox 432 2165 499 2237; x_wconf 81' lang='grc' dir='ltr'><strong>ἦν</strong></span> <span class='ocrx_word' id='word_1_169' title='bbox 516 2171 543 2220; x_wconf 90' lang='lat'>6</span> <span class='ocrx_word' id='word_1_170' title='bbox 568 2171 795 2237; x_wconf 84' lang='grc' dir='ltr'><strong>μοναχὸς</strong></span> <span class='ocrx_word' id='word_1_171' title='bbox 820 2174 1020 2232; x_wconf 75' lang='grc' dir='ltr'><strong>ἐκεῖνος</strong></span> <span class='ocrx_word' id='word_1_172' title='bbox 1046 2174 1359 2243; x_wconf 75' lang='grc' dir='ltr'><strong>ίγκείμενός</strong></span> <span class='ocrx_word' id='word_1_173' title='bbox 1400 2192 1454 2227; x_wconf 85' lang='grc' dir='ltr'>τε</span> <span class='ocrx_word' id='word_1_174' title='bbox 1482 2180 1574 2228; x_wconf 76' lang='grc' dir='ltr'><strong>καὶ</strong></span> <span class='ocrx_word' id='word_1_175' title='bbox 1600 2178 1803 2245; x_wconf 70' lang='grc' dir='ltr'><strong>τροφῆς</strong></span> 
     </span>
    </p>
   </div>
   <div class='ocr_carea' id='block_1_25' title="bbox 246 2260 1804 2333">
    <p class='ocr_par' dir='ltr' id='par_1_25' title="bbox 246 2260 1804 2333">
     <span class='ocr_line' id='line_1_25' title="bbox 246 2260 1804 2333; baseline 0.005 -24"><span class='ocrx_word' id='word_1_176' title='bbox 246 2260 412 2311; x_wconf 68' lang='grc' dir='ltr'><strong>αὑτὸν</strong></span> <span class='ocrx_word' id='word_1_177' title='bbox 432 2262 669 2328; x_wconf 67' lang='grc' dir='ltr'><strong>ἅψασθαι</strong></span> <span class='ocrx_word' id='word_1_178' title='bbox 692 2261 1029 2330; x_wconf 68' lang='grc' dir='ltr'><strong>βιαζόμενος,</strong></span> <span class='ocrx_word' id='word_1_179' title='bbox 1049 2264 1236 2330; x_wconf 78' lang='grc' dir='ltr'><strong>λόγους</strong></span> <span class='ocrx_word' id='word_1_180' title='bbox 1264 2267 1389 2333; x_wconf 77' lang='grc' dir='ltr'><strong>περὶ</strong></span> <span class='ocrx_word' id='word_1_181' title='bbox 1417 2265 1524 2317; x_wconf 83' lang='grc' dir='ltr'>τῶν</span> <span class='ocrx_word' id='word_1_182' title='bbox 1542 2270 1804 2317; x_wconf 81' lang='grc' dir='ltr'><strong>τεκόντων</strong></span> 
     </span>
    </p>
   </div>
   <div class='ocr_carea' id='block_1_26' title="bbox 244 2352 1807 2427">
    <p class='ocr_par' dir='ltr' id='par_1_26' title="bbox 244 2352 1807 2427">
     <span class='ocr_line' id='line_1_26' title="bbox 244 2352 1807 2427; baseline 0.003 -24"><span class='ocrx_word' id='word_1_183' title='bbox 244 2352 432 2424; x_wconf 68' lang='grc' dir='ltr'><strong>ἐκείνῃ</strong></span> <span class='ocrx_word' id='word_1_184' title='bbox 462 2359 497 2417; x_wconf 85' lang='grc'><strong>³,</strong></span> <span class='ocrx_word' id='word_1_185' title='bbox 528 2354 696 2420; x_wconf 53' lang='lat' dir='ltr'>toﬁna</span> <span class='ocrx_word' id='word_1_186' title='bbox 731 2354 864 2406; x_wconf 75' lang='grc' dir='ltr'><strong>Εἰπέ</strong></span> <span class='ocrx_word' id='word_1_187' title='bbox 915 2369 1025 2421; x_wconf 88' lang='grc' dir='ltr'><strong>μοι,</strong></span> <span class='ocrx_word' id='word_1_188' title='bbox 1058 2355 1247 2423; x_wconf 78' lang='grc' dir='ltr'><strong>λέγων,</strong></span> <span class='ocrx_word' id='word_1_189' title='bbox 1280 2356 1563 2427; x_wconf 71' lang='grc' dir='ltr'><strong>Γρηγόριε,</strong></span> <span class='ocrx_word' id='word_1_190' title='bbox 1603 2353 1709 2426; x_wconf 79' lang='grc' dir='ltr'>ἆρά</span> <span class='ocrx_word' id='word_1_191' title='bbox 1750 2374 1807 2408; x_wconf 88' lang='grc' dir='ltr'>σε</span> 
     </span>
    </p>
   </div>
   <div class='ocr_carea' id='block_1_27' title="bbox 246 2443 1807 2517">
    <p class='ocr_par' dir='ltr' id='par_1_27' title="bbox 246 2443 1807 2517">
     <span class='ocr_line' id='line_1_27' title="bbox 246 2443 1807 2517; baseline 0.004 -26"><span class='ocrx_word' id='word_1_192' title='bbox 246 2443 409 2494; x_wconf 78' lang='grc' dir='ltr'><strong>λυπεί</strong></span> <span class='ocrx_word' id='word_1_193' title='bbox 430 2447 494 2495; x_wconf 80' lang='grc' dir='ltr'><strong>τὰ</strong></span> <span class='ocrx_word' id='word_1_194' title='bbox 522 2444 773 2511; x_wconf 73' lang='grc' dir='ltr'><strong>φίλτατα,</strong></span> <span class='ocrx_word' id='word_1_195' title='bbox 794 2447 969 2508; x_wconf 77' lang='grc' dir='ltr'><strong>γονεῖς</strong></span> <span class='ocrx_word' id='word_1_196' title='bbox 986 2461 1041 2496; x_wconf 87' lang='grc' dir='ltr'>τε</span> <span class='ocrx_word' id='word_1_197' title='bbox 1066 2448 1157 2498; x_wconf 70' lang='grc' dir='ltr'><strong>καὶ</strong></span> <span class='ocrx_word' id='word_1_198' title='bbox 1175 2449 1446 2514; x_wconf 81' lang='grc' dir='ltr'><strong>συγγενεῖς</strong></span> <span class='ocrx_word' id='word_1_199' title='bbox 1472 2448 1565 2500; x_wconf 74' lang='grc' dir='ltr'><strong>καὶ</strong></span> <span class='ocrx_word' id='word_1_200' title='bbox 1592 2450 1807 2517; x_wconf 76' lang='grc' dir='ltr'><strong>πατρὶς,</strong></span> 
     </span>
    </p>
   </div>
   <div class='ocr_carea' id='block_1_28' title="bbox 246 2535 1803 2607">
    <p class='ocr_par' dir='ltr' id='par_1_28' title="bbox 246 2535 1803 2607">
     <span class='ocr_line' id='line_1_28' title="bbox 246 2535 1803 2607; baseline 0.003 -21"><span class='ocrx_word' id='word_1_201' title='bbox 246 2537 353 2586; x_wconf 80' lang='grc' dir='ltr'>ὑπὸ</span> <span class='ocrx_word' id='word_1_202' title='bbox 378 2537 599 2603; x_wconf 79' lang='grc' dir='ltr'><strong>μνήμην</strong></span> <span class='ocrx_word' id='word_1_203' title='bbox 627 2535 775 2587; x_wconf 86' lang='grc' dir='ltr'><strong>ίόντα</strong></span> <span class='ocrx_word' id='word_1_204' title='bbox 804 2554 817 2598; x_wconf 86' lang='grc'>;</span> <span class='ocrx_word' id='word_1_205' title='bbox 871 2537 929 2588; x_wconf 89' lang='lat' dir='ltr'>&#39;U</span> <span class='ocrx_word' id='word_1_206' title='bbox 975 2538 1055 2600; x_wconf 74' lang='grc' dir='ltr'>δὲ,</span> <span class='ocrx_word' id='word_1_207' title='bbox 1094 2536 1243 2600; x_wconf 88' lang='grc' dir='ltr'><strong>θείας</strong></span> <span class='ocrx_word' id='word_1_208' title='bbox 1276 2540 1541 2600; x_wconf 75' lang='grc' dir='ltr'><strong>συνέσεως</strong></span> <span class='ocrx_word' id='word_1_209' title='bbox 1574 2542 1668 2592; x_wconf 64' lang='grc' dir='ltr'><strong>καὶ</strong></span> <span class='ocrx_word' id='word_1_210' title='bbox 1706 2558 1803 2607; x_wconf 92' lang='grc' dir='ltr'><strong>με-</strong></span> 
     </span>
    </p>
   </div>
   <div class='ocr_carea' id='block_1_29' title="bbox 245 2626 1807 2700">
    <p class='ocr_par' dir='ltr' id='par_1_29' title="bbox 245 2626 1807 2700">
     <span class='ocr_line' id='line_1_29' title="bbox 245 2626 1807 2700; baseline 0.004 -24"><span class='ocrx_word' id='word_1_211' title='bbox 245 2629 643 2696; x_wconf 70' lang='grc' dir='ltr'><strong>τριοφροσύνης</strong></span> <span class='ocrx_word' id='word_1_212' title='bbox 688 2627 973 2690; x_wconf 82' lang='grc' dir='ltr'><strong>ὑπόπλεως</strong></span> <span class='ocrx_word' id='word_1_213' title='bbox 1026 2626 1119 2692; x_wconf 84' lang='grc' dir='ltr'>ὢν,</span> <span class='ocrx_word' id='word_1_214' title='bbox 1183 2629 1498 2682; x_wconf 87' lang='grc' dir='ltr'><strong>Τούναντίον</strong></span> <span class='ocrx_word' id='word_1_215' title='bbox 1548 2632 1644 2700; x_wconf 75' lang='grc' dir='ltr'>μὲν</span> <span class='ocrx_word' id='word_1_216' title='bbox 1695 2630 1807 2694; x_wconf 78' lang='grc' dir='ltr'><strong>οὖν,</strong></span> 
     </span>
    </p>
   </div>
   <div class='ocr_carea' id='block_1_30' title="bbox 248 2717 1805 2792">
    <p class='ocr_par' dir='ltr' id='par_1_30' title="bbox 248 2717 1805 2792">
     <span class='ocr_line' id='line_1_30' title="bbox 248 2717 1805 2792; baseline 0.003 -23"><span class='ocrx_word' id='word_1_217' title='bbox 248 2720 376 2785; x_wconf 53' lang='grc' dir='ltr'><strong>ἔφη,</strong></span> <span class='ocrx_word' id='word_1_218' title='bbox 400 2717 445 2769; x_wconf 79' lang='grc' dir='ltr'>ὦ</span> <span class='ocrx_word' id='word_1_219' title='bbox 482 2720 683 2786; x_wconf 75' lang='grc' dir='ltr'><strong>Πάτερ,</strong></span> <span class='ocrx_word' id='word_1_220' title='bbox 721 2720 812 2771; x_wconf 71' lang='grc' dir='ltr'><strong>καὶ</strong></span> <span class='ocrx_word' id='word_1_221' title='bbox 844 2719 963 2772; x_wconf 79' lang='grc' dir='ltr'><strong>λίαν</strong></span> <span class='ocrx_word' id='word_1_222' title='bbox 988 2721 1166 2783; x_wconf 80' lang='grc' dir='ltr'><strong>λυπεῖ,</strong></span> <span class='ocrx_word' id='word_1_223' title='bbox 1198 2721 1276 2773; x_wconf 80' lang='grc' dir='ltr'><strong>ὅτι</strong></span> <span class='ocrx_word' id='word_1_224' title='bbox 1302 2723 1394 2774; x_wconf 78' lang='grc' dir='ltr'><strong>τοῦ</strong></span> <span class='ocrx_word' id='word_1_225' title='bbox 1420 2724 1623 2791; x_wconf 83' lang='grc' dir='ltr'><strong>Κυρίου</strong></span> <span class='ocrx_word' id='word_1_226' title='bbox 1652 2724 1805 2792; x_wconf 68' lang='grc' dir='ltr'><strong>διαρα-</strong></span> 
     </span>
    </p>
   </div>
   <div class='ocr_carea' id='block_1_31' title="bbox 254 2808 1807 2883">
    <p class='ocr_par' dir='ltr' id='par_1_31' title="bbox 254 2808 1807 2883">
     <span class='ocr_line' id='line_1_31' title="bbox 254 2808 1807 2883; baseline 0.005 -25"><span class='ocrx_word' id='word_1_227' title='bbox 254 2808 424 2878; x_wconf 74' lang='grc' dir='ltr'>ρἡην</span> <span class='ocrx_word' id='word_1_228' title='bbox 467 2808 719 2877; x_wconf 77' lang='grc' dir='ltr'><strong>βοῶντος,</strong></span> <span class='ocrx_word' id='word_1_229' title='bbox 752 2829 768 2860; x_wconf 75' lang='grc' dir='ltr'>ι</span> <span class='ocrx_word' id='word_1_230' title='bbox 815 2810 873 2861; x_wconf 89' lang='grc' dir='ltr'><strong>Ὀ</strong></span> <span class='ocrx_word' id='word_1_231' title='bbox 904 2810 1073 2877; x_wconf 81' lang='grc' dir='ltr'><strong>φιλῶν</strong></span> <span class='ocrx_word' id='word_1_232' title='bbox 1110 2814 1317 2880; x_wconf 85' lang='grc' dir='ltr'><strong>πατέρα</strong></span> <span class='ocrx_word' id='word_1_233' title='bbox 1352 2813 1383 2881; x_wconf 72' lang='grc' dir='ltr'>ἢ</span> <span class='ocrx_word' id='word_1_234' title='bbox 1425 2815 1636 2883; x_wconf 75' lang='grc' dir='ltr'><strong>μητέρα</strong></span> <span class='ocrx_word' id='word_1_235' title='bbox 1668 2816 1807 2883; x_wconf 72' lang='grc' dir='ltr'><strong>ὑπὲρ</strong></span> 
     </span>
    </p>
   </div>
   <div class='ocr_carea' id='block_1_32' title="bbox 251 2899 1807 2968">
    <p class='ocr_par' dir='ltr' id='par_1_32' title="bbox 251 2899 1807 2968">
     <span class='ocr_line' id='line_1_32' title="bbox 251 2899 1807 2968; baseline 0.004 -16"><span class='ocrx_word' id='word_1_236' title='bbox 251 2901 352 2967; x_wconf 74' lang='grc' dir='ltr'><strong>ἐμὲ</strong></span> <span class='ocrx_word' id='word_1_237' title='bbox 380 2900 476 2950; x_wconf 84' lang='grc' dir='ltr'>οὐκ</span> <span class='ocrx_word' id='word_1_238' title='bbox 504 2899 615 2951; x_wconf 70' lang='grc' dir='ltr'><strong>ἐστι</strong></span> <span class='ocrx_word' id='word_1_239' title='bbox 642 2918 743 2968; x_wconf 85' lang='grc' dir='ltr'>μου</span> <span class='ocrx_word' id='word_1_240' title='bbox 766 2901 931 2964; x_wconf 78' lang='grc' dir='ltr'><strong>ἄξιος,</strong></span> <span class='ocrx_word' id='word_1_241' title='bbox 963 2918 978 2951; x_wconf 75' lang='grc' dir='ltr'>ι</span> <span class='ocrx_word' id='word_1_242' title='bbox 1018 2904 1131 2965; x_wconf 72' lang='grc' dir='ltr'><strong>καὶ,</strong></span> <span class='ocrx_word' id='word_1_243' title='bbox 1160 2920 1177 2953; x_wconf 72' lang='grc' dir='ltr'>ι</span> <span class='ocrx_word' id='word_1_244' title='bbox 1206 2905 1298 2965; x_wconf 84' lang='grc' dir='ltr'><strong>’ος</strong></span> <span class='ocrx_word' id='word_1_245' title='bbox 1318 2904 1415 2955; x_wconf 86' lang='grc' dir='ltr'>ούκ</span> <span class='ocrx_word' id='word_1_246' title='bbox 1444 2905 1807 2958; x_wconf 79' lang='grc' dir='ltr'><strong>ἀποτάσσεται</strong></span> 
     </span>
    </p>
   </div>
   <div class='ocr_carea' id='block_1_33' title="bbox 258 2991 1811 3063">
    <p class='ocr_par' dir='ltr' id='par_1_33' title="bbox 258 2991 1811 3063">
     <span class='ocr_line' id='line_1_33' title="bbox 258 2991 1811 3063; baseline 0.004 -23"><span class='ocrx_word' id='word_1_247' title='bbox 258 2992 393 3041; x_wconf 79' lang='grc' dir='ltr'><strong>πᾶσι</strong></span> <span class='ocrx_word' id='word_1_248' title='bbox 428 2993 537 3051; x_wconf 82' lang='grc' dir='ltr'><strong>τοῖς</strong></span> <span class='ocrx_word' id='word_1_249' title='bbox 571 2991 908 3059; x_wconf 79' lang='grc' dir='ltr'><strong>ὑπάρχουσιν</strong></span> <span class='ocrx_word' id='word_1_250' title='bbox 950 2994 1117 3060; x_wconf 76' lang='grc' dir='ltr'><strong>αὐτῷ,</strong></span> <span class='ocrx_word' id='word_1_251' title='bbox 1162 2996 1222 3043; x_wconf 90' lang='grc' dir='ltr'>ού</span> <span class='ocrx_word' id='word_1_252' title='bbox 1280 2995 1501 3046; x_wconf 82' lang='grc' dir='ltr'><strong>δύναταί</strong></span> <span class='ocrx_word' id='word_1_253' title='bbox 1538 3012 1638 3063; x_wconf 86' lang='grc' dir='ltr'>μου</span> <span class='ocrx_word' id='word_1_254' title='bbox 1673 2993 1811 3046; x_wconf 86' lang='grc' dir='ltr'><strong>εἶναι</strong></span> 
     </span>
    </p>
   </div>
   <div class='ocr_carea' id='block_1_34' title="bbox 1916 542 3460 607">
    <p class='ocr_par' dir='ltr' id='par_1_34' title="bbox 1916 542 3460 607">
     <span class='ocr_line' id='line_1_34' title="bbox 1916 542 3460 607; baseline 0.001 -8"><span class='ocrx_word' id='word_1_255' title='bbox 1916 555 2170 606; x_wconf 87' lang='lat' dir='ltr'>stassent,</span> <span class='ocrx_word' id='word_1_256' title='bbox 2194 554 2357 597; x_wconf 89' lang='lat' dir='ltr'>totam</span> <span class='ocrx_word' id='word_1_257' title='bbox 2380 553 2593 596; x_wconf 85' lang='lat' dir='ltr'>noctem</span> <span class='ocrx_word' id='word_1_258' title='bbox 2612 558 2734 595; x_wconf 90' lang='lat' dir='ltr'>cum</span> <span class='ocrx_word' id='word_1_259' title='bbox 2760 542 2971 596; x_wconf 84' lang='lat' dir='ltr'>divinas</span> <span class='ocrx_word' id='word_1_260' title='bbox 2992 544 3178 596; x_wconf 86' lang='lat' dir='ltr'>laudes</span> <span class='ocrx_word' id='word_1_261' title='bbox 3194 549 3460 607; x_wconf 85' lang='lat' dir='ltr'>canendo.</span> 
     </span>
    </p>
   </div>
   <div class='ocr_carea' id='block_1_35' title="bbox 1915 632 3463 703">
    <p class='ocr_par' dir='ltr' id='par_1_35' title="bbox 1915 632 3463 703">
     <span class='ocr_line' id='line_1_35' title="bbox 1915 632 3463 703; baseline 0.001 -17"><span class='ocrx_word' id='word_1_262' title='bbox 1915 641 2027 686; x_wconf 92' lang='lat' dir='ltr'>tum</span> <span class='ocrx_word' id='word_1_263' title='bbox 2047 632 2847 691; x_wconf 83' lang='lat' dir='ltr'>sacrossermoncslectitando.</span> <span class='ocrx_word' id='word_1_264' title='bbox 2869 637 2932 683; x_wconf 85' lang='lat' dir='ltr'>ad</span> <span class='ocrx_word' id='word_1_265' title='bbox 2959 635 3258 687; x_wconf 82' lang='lat' dir='ltr'>diluculum</span> <span class='ocrx_word' id='word_1_266' title='bbox 3296 652 3463 703; x_wconf 83' lang='lat' dir='ltr'>usque</span> 
     </span>
    </p>
   </div>
   <div class='ocr_carea' id='block_1_36' title="bbox 1914 722 3462 794">
    <p class='ocr_par' dir='ltr' id='par_1_36' title="bbox 1914 722 3462 794">
     <span class='ocr_line' id='line_1_36' title="bbox 1914 722 3462 794; baseline 0.001 -18"><span class='ocrx_word' id='word_1_267' title='bbox 1914 722 2189 777; x_wconf 79' lang='lat' dir='ltr'>duxerunt</span> <span class='ocrx_word' id='word_1_268' title='bbox 2219 724 2541 776; x_wconf 90' lang='lat' dir='ltr'>insomnem.</span> <span class='ocrx_word' id='word_1_269' title='bbox 2572 722 2671 776; x_wconf 87' lang='lat' dir='ltr'>Ubi</span> <span class='ocrx_word' id='word_1_270' title='bbox 2704 725 2953 775; x_wconf 81' lang='lat' dir='ltr'>monachi</span> <span class='ocrx_word' id='word_1_271' title='bbox 2992 726 3332 791; x_wconf 82' lang='lat' dir='ltr'>pruientiain</span> <span class='ocrx_word' id='word_1_272' title='bbox 3377 727 3462 794; x_wconf 85' lang='lat' dir='ltr'>ju-</span> 
     </span>
    </p>
   </div>
   <div class='ocr_carea' id='block_1_37' title="bbox 1912 814 3459 882">
    <p class='ocr_par' dir='ltr' id='par_1_37' title="bbox 1912 814 3459 882">
     <span class='ocr_line' id='line_1_37' title="bbox 1912 814 3459 882; baseline 0.001 -16"><span class='ocrx_word' id='word_1_273' title='bbox 1912 814 2069 869; x_wconf 79' lang='lat' dir='ltr'>venis</span> <span class='ocrx_word' id='word_1_274' title='bbox 2121 816 2264 882; x_wconf 87' lang='lat' dir='ltr'>quod</span> <span class='ocrx_word' id='word_1_275' title='bbox 2326 824 2429 867; x_wconf 86' lang='lat' dir='ltr'>tam</span> <span class='ocrx_word' id='word_1_276' title='bbox 2511 814 2771 866; x_wconf 91' lang='lat' dir='ltr'>concinne</span> <span class='ocrx_word' id='word_1_277' title='bbox 2832 825 3055 881; x_wconf 85' lang='lat' dir='ltr'>tutoque</span> <span class='ocrx_word' id='word_1_278' title='bbox 3123 831 3218 867; x_wconf 87' lang='lat' dir='ltr'>sua</span> <span class='ocrx_word' id='word_1_279' title='bbox 3282 816 3459 868; x_wconf 80' lang='lat' dir='ltr'>omnia</span> 
     </span>
    </p>
   </div>
   <div class='ocr_carea' id='block_1_38' title="bbox 1907 905 3460 971">
    <p class='ocr_par' dir='ltr' id='par_1_38' title="bbox 1907 905 3460 971">
     <span class='ocr_line' id='line_1_38' title="bbox 1907 905 3460 971; baseline 0.001 -13"><span class='ocrx_word' id='word_1_280' title='bbox 1907 916 2231 967; x_wconf 78' lang='lat' dir='ltr'>enarrasset,</span> <span class='ocrx_word' id='word_1_281' title='bbox 2296 916 2644 957; x_wconf 79' lang='lat' dir='ltr'>vctiementer</span> <span class='ocrx_word' id='word_1_282' title='bbox 2706 905 2922 971; x_wconf 81' lang='lat' dir='ltr'>quidem</span> <span class='ocrx_word' id='word_1_283' title='bbox 2995 906 3247 959; x_wconf 84' lang='lat' dir='ltr'>admirati</span> <span class='ocrx_word' id='word_1_284' title='bbox 3312 920 3460 959; x_wconf 81' lang='lat' dir='ltr'>sunt.</span> 
     </span>
    </p>
   </div>
   <div class='ocr_carea' id='block_1_39' title="bbox 1988 995 3464 1064">
    <p class='ocr_par' dir='ltr' id='par_1_39' title="bbox 1988 995 3464 1064">
     <span class='ocr_line' id='line_1_39' title="bbox 1988 995 3464 1064; baseline 0.001 -14"><span class='ocrx_word' id='word_1_285' title='bbox 1988 996 2093 1050; x_wconf 74' lang='grc' dir='ltr'>γη.</span> <span class='ocrx_word' id='word_1_286' title='bbox 2132 995 2367 1059; x_wconf 75' lang='lat' dir='ltr'><strong>Quartus</strong></span> <span class='ocrx_word' id='word_1_287' title='bbox 2413 998 2572 1062; x_wconf 80' lang='lat' dir='ltr'>igitur</span> <span class='ocrx_word' id='word_1_288' title='bbox 2634 1010 2754 1047; x_wconf 91' lang='lat' dir='ltr'>cum</span> <span class='ocrx_word' id='word_1_289' title='bbox 2809 1006 2951 1048; x_wconf 80' lang='lat' dir='ltr'>esset</span> <span class='ocrx_word' id='word_1_290' title='bbox 2984 999 3117 1058; x_wconf 77' lang='lat' dir='ltr'>dies,</span> <span class='ocrx_word' id='word_1_291' title='bbox 3150 1014 3253 1064; x_wconf 84' lang='lat' dir='ltr'>quo</span> <span class='ocrx_word' id='word_1_292' title='bbox 3324 1000 3464 1051; x_wconf 82' lang='lat' dir='ltr'>anud</span> 
     </span>
    </p>
   </div>
   <div class='ocr_carea' id='block_1_40' title="bbox 1914 1083 3461 1151">
    <p class='ocr_par' dir='ltr' id='par_1_40' title="bbox 1914 1083 3461 1151">
     <span class='ocr_line' id='line_1_40' title="bbox 1914 1083 3461 1151; baseline 0.003 -15"><span class='ocrx_word' id='word_1_293' title='bbox 1914 1083 2035 1138; x_wconf 85' lang='lat' dir='ltr'>ittos</span> <span class='ocrx_word' id='word_1_294' title='bbox 2081 1098 2217 1150; x_wconf 89' lang='lat' dir='ltr'>erat,</span> <span class='ocrx_word' id='word_1_295' title='bbox 2250 1085 2638 1136; x_wconf 85' lang='lat' dir='ltr'>monachorum</span> <span class='ocrx_word' id='word_1_296' title='bbox 2696 1087 2911 1151; x_wconf 88' lang='lat' dir='ltr'>primus</span> <span class='ocrx_word' id='word_1_297' title='bbox 2964 1086 3083 1138; x_wconf 73' lang='lat' dir='ltr'>vita:</span> <span class='ocrx_word' id='word_1_298' title='bbox 3130 1089 3461 1141; x_wconf 82' lang='lat' dir='ltr'>mentionem</span> 
     </span>
    </p>
   </div>
   <div class='ocr_carea' id='block_1_41' title="bbox 1908 1176 3460 1246">
    <p class='ocr_par' dir='ltr' id='par_1_41' title="bbox 1908 1176 3460 1246">
     <span class='ocr_line' id='line_1_41' title="bbox 1908 1176 3460 1246; baseline 0 -13"><span class='ocrx_word' id='word_1_299' title='bbox 1908 1178 2057 1235; x_wconf 78' lang='lat' dir='ltr'>fecit.</span> <span class='ocrx_word' id='word_1_300' title='bbox 2090 1192 2152 1229; x_wconf 91' lang='lat' dir='ltr'>ac</span> <span class='ocrx_word' id='word_1_301' title='bbox 2190 1186 2471 1243; x_wconf 83' lang='lat' dir='ltr'>appetente</span> <span class='ocrx_word' id='word_1_302' title='bbox 2505 1190 2750 1243; x_wconf 84' lang='lat' dir='ltr'>vespera,</span> <span class='ocrx_word' id='word_1_303' title='bbox 2785 1176 3003 1229; x_wconf 86' lang='lat' dir='ltr'>civitate</span> <span class='ocrx_word' id='word_1_304' title='bbox 3033 1194 3135 1230; x_wconf 84' lang='lat' dir='ltr'>una</span> <span class='ocrx_word' id='word_1_305' title='bbox 3165 1182 3460 1246; x_wconf 62' lang='lat' dir='ltr'>egrediun-</span> 
     </span>
    </p>
   </div>
   <div class='ocr_carea' id='block_1_42' title="bbox 1913 1265 3464 1335">
    <p class='ocr_par' dir='ltr' id='par_1_42' title="bbox 1913 1265 3464 1335">
     <span class='ocr_line' id='line_1_42' title="bbox 1913 1265 3464 1335; baseline 0.002 -16"><span class='ocrx_word' id='word_1_306' title='bbox 1913 1278 2023 1319; x_wconf 93' lang='lat' dir='ltr'>tur.</span> <span class='ocrx_word' id='word_1_307' title='bbox 2056 1265 2298 1332; x_wconf 78' lang='lat' dir='ltr'>Cumque</span> <span class='ocrx_word' id='word_1_308' title='bbox 2332 1268 2517 1333; x_wconf 74' lang='lat' dir='ltr'>viginti</span> <span class='ocrx_word' id='word_1_309' title='bbox 2577 1266 2693 1318; x_wconf 92' lang='lat' dir='ltr'>dies</span> <span class='ocrx_word' id='word_1_310' title='bbox 2724 1268 2824 1318; x_wconf 84' lang='lat' dir='ltr'>iter</span> <span class='ocrx_word' id='word_1_311' title='bbox 2881 1267 3155 1327; x_wconf 75' lang='lat' dir='ltr'>fecissent,</span> <span class='ocrx_word' id='word_1_312' title='bbox 3206 1268 3464 1335; x_wconf 76' lang='lat' dir='ltr'>Tripoiiin</span> 
     </span>
    </p>
   </div>
   <div class='ocr_carea' id='block_1_43' title="bbox 1914 1355 3465 1424">
    <p class='ocr_par' dir='ltr' id='par_1_43' title="bbox 1914 1355 3465 1424">
     <span class='ocr_line' id='line_1_43' title="bbox 1914 1355 3465 1424; baseline 0 -17"><span class='ocrx_word' id='word_1_313' title='bbox 1914 1356 2257 1424; x_wconf 75' lang='lat' dir='ltr'>perveniunt.</span> <span class='ocrx_word' id='word_1_314' title='bbox 2308 1365 2468 1421; x_wconf 86' lang='lat' dir='ltr'>atque</span> <span class='ocrx_word' id='word_1_315' title='bbox 2520 1356 2582 1405; x_wconf 87' lang='lat' dir='ltr'>ad</span> <span class='ocrx_word' id='word_1_316' title='bbox 2641 1355 2700 1407; x_wconf 90' lang='lat' dir='ltr'>D.</span> <span class='ocrx_word' id='word_1_317' title='bbox 2748 1355 2953 1407; x_wconf 85' lang='lat' dir='ltr'>Leontii</span> <span class='ocrx_word' id='word_1_318' title='bbox 3014 1358 3268 1423; x_wconf 90' lang='lat' dir='ltr'>templum</span> <span class='ocrx_word' id='word_1_319' title='bbox 3302 1357 3465 1424; x_wconf 82' lang='lat' dir='ltr'>proﬁ-</span> 
     </span>
    </p>
   </div>
   <div class='ocr_carea' id='block_1_44' title="bbox 1912 1444 3465 1514">
    <p class='ocr_par' dir='ltr' id='par_1_44' title="bbox 1912 1444 3465 1514">
     <span class='ocr_line' id='line_1_44' title="bbox 1912 1444 3465 1514; baseline 0 -16"><span class='ocrx_word' id='word_1_320' title='bbox 1912 1450 2211 1499; x_wconf 89' lang='lat' dir='ltr'>ciscuntur.</span> <span class='ocrx_word' id='word_1_321' title='bbox 2246 1445 2477 1497; x_wconf 69' lang='lat' dir='ltr'>Proinde</span> <span class='ocrx_word' id='word_1_322' title='bbox 2516 1444 2855 1497; x_wconf 69' lang='lat' dir='ltr'>venerandus</span> <span class='ocrx_word' id='word_1_323' title='bbox 2901 1460 2961 1497; x_wconf 83' lang='lat' dir='ltr'>ac</span> <span class='ocrx_word' id='word_1_324' title='bbox 2997 1464 3127 1497; x_wconf 78' lang='lat' dir='ltr'>tirnu</span> <span class='ocrx_word' id='word_1_325' title='bbox 3162 1464 3220 1498; x_wconf 81' lang='lat' dir='ltr'>us</span> <span class='ocrx_word' id='word_1_326' title='bbox 3248 1450 3465 1514; x_wconf 77' lang='lat' dir='ltr'>quzdaiu</span> 
     </span>
    </p>
   </div>
   <div class='ocr_carea' id='block_1_45' title="bbox 1912 1538 3464 1607">
    <p class='ocr_par' dir='ltr' id='par_1_45' title="bbox 1912 1538 3464 1607">
     <span class='ocr_line' id='line_1_45' title="bbox 1912 1538 3464 1607; baseline -0.001 -19"><span class='ocrx_word' id='word_1_327' title='bbox 1912 1541 2191 1607; x_wconf 79' lang='lat' dir='ltr'>presbyter</span> <span class='ocrx_word' id='word_1_328' title='bbox 2233 1538 2375 1589; x_wconf 84' lang='lat' dir='ltr'>domi</span> <span class='ocrx_word' id='word_1_329' title='bbox 2410 1552 2519 1590; x_wconf 57' lang='lat' dir='ltr'>suae</span> <span class='ocrx_word' id='word_1_330' title='bbox 2571 1538 2803 1605; x_wconf 81' lang='lat' dir='ltr'>lmSpitio</span> <span class='ocrx_word' id='word_1_331' title='bbox 2844 1538 2964 1589; x_wconf 91' lang='lat' dir='ltr'>illos</span> <span class='ocrx_word' id='word_1_332' title='bbox 3013 1541 3272 1606; x_wconf 80' lang='lat' dir='ltr'>suscepit,</span> <span class='ocrx_word' id='word_1_333' title='bbox 3341 1554 3464 1606; x_wconf 83' lang='lat' dir='ltr'>qui-</span> 
     </span>
    </p>
   </div>
   <div class='ocr_carea' id='block_1_46' title="bbox 1915 1629 3464 1696">
    <p class='ocr_par' dir='ltr' id='par_1_46' title="bbox 1915 1629 3464 1696">
     <span class='ocr_line' id='line_1_46' title="bbox 1915 1629 3464 1696; baseline -0.003 -14"><span class='ocrx_word' id='word_1_334' title='bbox 1915 1629 2015 1682; x_wconf 85' lang='lat' dir='ltr'>bus</span> <span class='ocrx_word' id='word_1_335' title='bbox 2064 1629 2357 1696; x_wconf 73' lang='lat' dir='ltr'>Gregorius</span> <span class='ocrx_word' id='word_1_336' title='bbox 2402 1630 2769 1685; x_wconf 73' lang='lat' dir='ltr'>ministrabat.</span> <span class='ocrx_word' id='word_1_337' title='bbox 2808 1629 2950 1696; x_wconf 86' lang='lat' dir='ltr'>quod</span> <span class='ocrx_word' id='word_1_338' title='bbox 3001 1630 3343 1694; x_wconf 67' lang='lat' dir='ltr'>aspicientes.</span> <span class='ocrx_word' id='word_1_339' title='bbox 3388 1630 3464 1679; x_wconf 90' lang='lat' dir='ltr'>uti</span> 
     </span>
    </p>
   </div>
   <div class='ocr_carea' id='block_1_47' title="bbox 1912 1719 3456 1786">
    <p class='ocr_par' dir='ltr' id='par_1_47' title="bbox 1912 1719 3456 1786">
     <span class='ocr_line' id='line_1_47' title="bbox 1912 1719 3456 1786; baseline 0.001 -15"><span class='ocrx_word' id='word_1_340' title='bbox 1912 1721 2229 1773; x_wconf 79' lang='lat' dir='ltr'>miraculum</span> <span class='ocrx_word' id='word_1_341' title='bbox 2287 1720 2601 1779; x_wconf 88' lang='lat' dir='ltr'>ceusedant,</span> <span class='ocrx_word' id='word_1_342' title='bbox 2638 1720 2891 1771; x_wconf 88' lang='lat' dir='ltr'>nimirum</span> <span class='ocrx_word' id='word_1_343' title='bbox 2956 1736 3114 1786; x_wconf 88' lang='lat' dir='ltr'>quam</span> <span class='ocrx_word' id='word_1_344' title='bbox 3161 1721 3297 1771; x_wconf 83' lang='lat' dir='ltr'>bona</span> <span class='ocrx_word' id='word_1_345' title='bbox 3354 1719 3456 1773; x_wconf 82' lang='lat' dir='ltr'>liJc</span> 
     </span>
    </p>
   </div>
   <div class='ocr_carea' id='block_1_48' title="bbox 1910 1811 3449 1880">
    <p class='ocr_par' dir='ltr' id='par_1_48' title="bbox 1910 1811 3449 1880">
     <span class='ocr_line' id='line_1_48' title="bbox 1910 1811 3449 1880; baseline -0.001 -15"><span class='ocrx_word' id='word_1_346' title='bbox 1910 1813 2019 1866; x_wconf 90' lang='lat' dir='ltr'>illis</span> <span class='ocrx_word' id='word_1_347' title='bbox 2044 1820 2320 1880; x_wconf 62' lang='lat' dir='ltr'>pra-staret</span> <span class='ocrx_word' id='word_1_348' title='bbox 2353 1813 2697 1879; x_wconf 82' lang='lat' dir='ltr'>obsequium,</span> <span class='ocrx_word' id='word_1_349' title='bbox 2731 1812 2890 1878; x_wconf 88' lang='lat' dir='ltr'>idque</span> <span class='ocrx_word' id='word_1_350' title='bbox 2916 1825 3023 1863; x_wconf 85' lang='lat' dir='ltr'>non</span> <span class='ocrx_word' id='word_1_351' title='bbox 3057 1811 3246 1862; x_wconf 82' lang='lat' dir='ltr'>sedulo</span> <span class='ocrx_word' id='word_1_352' title='bbox 3278 1812 3449 1863; x_wconf 80' lang='lat' dir='ltr'>solum</span> 
     </span>
    </p>
   </div>
   <div class='ocr_carea' id='block_1_49' title="bbox 1911 1902 3465 1973">
    <p class='ocr_par' dir='ltr' id='par_1_49' title="bbox 1911 1902 3465 1973">
     <span class='ocr_line' id='line_1_49' title="bbox 1911 1902 3465 1973; baseline -0.003 -14"><span class='ocrx_word' id='word_1_353' title='bbox 1911 1921 1972 1959; x_wconf 84' lang='lat' dir='ltr'>ac</span> <span class='ocrx_word' id='word_1_354' title='bbox 2024 1906 2309 1973; x_wconf 87' lang='lat' dir='ltr'>patienter,</span> <span class='ocrx_word' id='word_1_355' title='bbox 2363 1904 2455 1956; x_wconf 87' lang='lat' dir='ltr'>sed</span> <span class='ocrx_word' id='word_1_356' title='bbox 2510 1918 2631 1955; x_wconf 87' lang='lat' dir='ltr'>cum</span> <span class='ocrx_word' id='word_1_357' title='bbox 2705 1918 2872 1970; x_wconf 88' lang='lat' dir='ltr'>usque</span> <span class='ocrx_word' id='word_1_358' title='bbox 2923 1902 3057 1957; x_wconf 72' lang='lat' dir='ltr'>adeo</span> <span class='ocrx_word' id='word_1_359' title='bbox 3108 1904 3248 1955; x_wconf 83' lang='lat' dir='ltr'>binis</span> <span class='ocrx_word' id='word_1_360' title='bbox 3305 1914 3465 1970; x_wconf 83' lang='lat' dir='ltr'>atque</span> 
     </span>
    </p>
   </div>
   <div class='ocr_carea' id='block_1_50' title="bbox 1913 1993 3462 2051">
    <p class='ocr_par' dir='ltr' id='par_1_50' title="bbox 1913 1993 3462 2051">
     <span class='ocr_line' id='line_1_50' title="bbox 1913 1993 3462 2051; baseline -0.004 0"><span class='ocrx_word' id='word_1_361' title='bbox 1913 1997 2075 2051; x_wconf 88' lang='lat' dir='ltr'>etiam</span> <span class='ocrx_word' id='word_1_362' title='bbox 2115 1995 2271 2048; x_wconf 83' lang='lat' dir='ltr'>trinis</span> <span class='ocrx_word' id='word_1_363' title='bbox 2338 1994 2532 2045; x_wconf 87' lang='lat' dir='ltr'>diebus</span> <span class='ocrx_word' id='word_1_364' title='bbox 2568 1994 2751 2044; x_wconf 89' lang='lat' dir='ltr'>labore</span> <span class='ocrx_word' id='word_1_365' title='bbox 2793 2007 2846 2046; x_wconf 91' lang='lat' dir='ltr'>se</span> <span class='ocrx_word' id='word_1_366' title='bbox 2885 1993 3227 2051; x_wconf 78' lang='lat' dir='ltr'>confecisset,</span> <span class='ocrx_word' id='word_1_367' title='bbox 3255 1996 3337 2045; x_wconf 84' lang='lat' dir='ltr'>vix</span> <span class='ocrx_word' id='word_1_368' title='bbox 3398 1993 3462 2046; x_wconf 81' lang='lat' dir='ltr'>ad</span> 
     </span>
    </p>
   </div>
   <div class='ocr_carea' id='block_1_51' title="bbox 1912 2082 3467 2151">
    <p class='ocr_par' dir='ltr' id='par_1_51' title="bbox 1912 2082 3467 2151">
     <span class='ocr_line' id='line_1_51' title="bbox 1912 2082 3467 2151; baseline -0.002 -13"><span class='ocrx_word' id='word_1_369' title='bbox 1912 2086 2093 2139; x_wconf 87' lang='lat' dir='ltr'>cibum</span> <span class='ocrx_word' id='word_1_370' title='bbox 2125 2085 2390 2151; x_wconf 80' lang='lat' dir='ltr'>respicere</span> <span class='ocrx_word' id='word_1_371' title='bbox 2423 2100 2434 2135; x_wconf 92' lang='lat'><strong>:</strong></span> <span class='ocrx_word' id='word_1_372' title='bbox 2463 2098 2524 2134; x_wconf 90' lang='lat' dir='ltr'>ac</span> <span class='ocrx_word' id='word_1_373' title='bbox 2540 2097 2604 2133; x_wconf 89' lang='lat' dir='ltr'>ne</span> <span class='ocrx_word' id='word_1_374' title='bbox 2639 2092 2747 2133; x_wconf 86' lang='lat' dir='ltr'>tum</span> <span class='ocrx_word' id='word_1_375' title='bbox 2776 2082 3014 2150; x_wconf 88' lang='lat' dir='ltr'>quidem,</span> <span class='ocrx_word' id='word_1_376' title='bbox 3042 2085 3139 2133; x_wconf 74' lang='lat' dir='ltr'>nisi</span> <span class='ocrx_word' id='word_1_377' title='bbox 3170 2082 3467 2135; x_wconf 78' lang='lat' dir='ltr'>moraclius</span> 
     </span>
    </p>
   </div>
   <div class='ocr_carea' id='block_1_52' title="bbox 1916 2175 3455 2243">
    <p class='ocr_par' dir='ltr' id='par_1_52' title="bbox 1916 2175 3455 2243">
     <span class='ocr_line' id='line_1_52' title="bbox 1916 2175 3455 2243; baseline -0.003 -13"><span class='ocrx_word' id='word_1_378' title='bbox 1916 2178 2020 2239; x_wconf 91' lang='lat' dir='ltr'>tlle,</span> <span class='ocrx_word' id='word_1_379' title='bbox 2056 2190 2290 2243; x_wconf 78' lang='lat' dir='ltr'>saneque</span> <span class='ocrx_word' id='word_1_380' title='bbox 2325 2175 2612 2233; x_wconf 87' lang='lat' dir='ltr'>molestus.</span> <span class='ocrx_word' id='word_1_381' title='bbox 2642 2175 2785 2226; x_wconf 88' lang='lat' dir='ltr'>hunc</span> <span class='ocrx_word' id='word_1_382' title='bbox 2816 2175 2988 2241; x_wconf 89' lang='lat' dir='ltr'>ipsum</span> <span class='ocrx_word' id='word_1_383' title='bbox 3026 2175 3205 2226; x_wconf 91' lang='lat' dir='ltr'>cibum</span> <span class='ocrx_word' id='word_1_384' title='bbox 3263 2189 3455 2241; x_wconf 83' lang='lat' dir='ltr'>capere</span> 
     </span>
    </p>
   </div>
   <div class='ocr_carea' id='block_1_53' title="bbox 1909 2266 3467 2337">
    <p class='ocr_par' dir='ltr' id='par_1_53' title="bbox 1909 2266 3467 2337">
     <span class='ocr_line' id='line_1_53' title="bbox 1909 2266 3467 2337; baseline -0.004 -12"><span class='ocrx_word' id='word_1_385' title='bbox 1909 2268 2282 2337; x_wconf 87' lang='lat' dir='ltr'>compulisset.</span> <span class='ocrx_word' id='word_1_386' title='bbox 2310 2266 2405 2319; x_wconf 83' lang='lat' dir='ltr'>Hic</span> <span class='ocrx_word' id='word_1_387' title='bbox 2431 2281 2744 2334; x_wconf 82' lang='lat' dir='ltr'>generosam</span> <span class='ocrx_word' id='word_1_388' title='bbox 2797 2268 2913 2335; x_wconf 86' lang='lat' dir='ltr'>ejus</span> <span class='ocrx_word' id='word_1_389' title='bbox 2959 2278 3189 2318; x_wconf 85' lang='lat' dir='ltr'>mentem</span> <span class='ocrx_word' id='word_1_390' title='bbox 3253 2279 3467 2334; x_wconf 53' lang='lat' dir='ltr'>perten-</span> 
     </span>
    </p>
   </div>
   <div class='ocr_carea' id='block_1_54' title="bbox 1912 2359 3464 2429">
    <p class='ocr_par' dir='ltr' id='par_1_54' title="bbox 1912 2359 3464 2429">
     <span class='ocr_line' id='line_1_54' title="bbox 1912 2359 3464 2429; baseline -0.003 -13"><span class='ocrx_word' id='word_1_391' title='bbox 1912 2372 2052 2423; x_wconf 85' lang='lat' dir='ltr'>tans,</span> <span class='ocrx_word' id='word_1_392' title='bbox 2092 2376 2396 2415; x_wconf 83' lang='lat' dir='ltr'>sermonem</span> <span class='ocrx_word' id='word_1_393' title='bbox 2431 2361 2503 2413; x_wconf 84' lang='lat' dir='ltr'>illi</span> <span class='ocrx_word' id='word_1_394' title='bbox 2530 2359 2594 2413; x_wconf 87' lang='lat' dir='ltr'>de</span> <span class='ocrx_word' id='word_1_395' title='bbox 2629 2360 2938 2427; x_wconf 89' lang='lat' dir='ltr'>parentibus</span> <span class='ocrx_word' id='word_1_396' title='bbox 2965 2361 3146 2429; x_wconf 82' lang='lat' dir='ltr'>injecit</span> <span class='ocrx_word' id='word_1_397' title='bbox 3178 2376 3194 2415; x_wconf 84' lang='lat'><strong>:</strong></span> <span class='ocrx_word' id='word_1_398' title='bbox 3221 2362 3327 2426; x_wconf 70' lang='lat' dir='ltr'>Age</span> <span class='ocrx_word' id='word_1_399' title='bbox 3353 2362 3464 2412; x_wconf 75' lang='lat' dir='ltr'>fare</span> 
     </span>
    </p>
   </div>
   <div class='ocr_carea' id='block_1_55' title="bbox 1917 2451 3463 2522">
    <p class='ocr_par' dir='ltr' id='par_1_55' title="bbox 1917 2451 3463 2522">
     <span class='ocr_line' id='line_1_55' title="bbox 1917 2451 3463 2522; baseline -0.003 -16"><span class='ocrx_word' id='word_1_400' title='bbox 1917 2454 2235 2522; x_wconf 83' lang='lat' dir='ltr'>(inquiens),</span> <span class='ocrx_word' id='word_1_401' title='bbox 2269 2452 2513 2519; x_wconf 76' lang='lat' dir='ltr'>Gregori,</span> <span class='ocrx_word' id='word_1_402' title='bbox 2546 2468 2670 2503; x_wconf 89' lang='lat' dir='ltr'>num</span> <span class='ocrx_word' id='word_1_403' title='bbox 2707 2451 3000 2503; x_wconf 82' lang='lat' dir='ltr'>dulcissimi</span> <span class='ocrx_word' id='word_1_404' title='bbox 3042 2461 3151 2503; x_wconf 90' lang='lat' dir='ltr'>tum</span> <span class='ocrx_word' id='word_1_405' title='bbox 3190 2463 3463 2519; x_wconf 82' lang='lat' dir='ltr'>parentes.</span> 
     </span>
    </p>
   </div>
   <div class='ocr_carea' id='block_1_56' title="bbox 1920 2542 3469 2609">
    <p class='ocr_par' dir='ltr' id='par_1_56' title="bbox 1920 2542 3469 2609">
     <span class='ocr_line' id='line_1_56' title="bbox 1920 2542 3469 2609; baseline -0.002 -13"><span class='ocrx_word' id='word_1_406' title='bbox 1920 2555 2031 2596; x_wconf 89' lang='lat' dir='ltr'>tum</span> <span class='ocrx_word' id='word_1_407' title='bbox 2064 2543 2272 2603; x_wconf 86' lang='lat' dir='ltr'>alliues,</span> <span class='ocrx_word' id='word_1_408' title='bbox 2316 2551 2428 2595; x_wconf 83' lang='lat' dir='ltr'>tuin</span> <span class='ocrx_word' id='word_1_409' title='bbox 2460 2544 2622 2595; x_wconf 84' lang='lat' dir='ltr'>etiam</span> <span class='ocrx_word' id='word_1_410' title='bbox 2659 2542 2825 2609; x_wconf 87' lang='lat' dir='ltr'>patria</span> <span class='ocrx_word' id='word_1_411' title='bbox 2869 2542 3179 2593; x_wconf 74' lang='lat' dir='ltr'>iui-muriam</span> <span class='ocrx_word' id='word_1_412' title='bbox 3228 2544 3469 2595; x_wconf 83' lang='lat' dir='ltr'>subeun-</span> 
     </span>
    </p>
   </div>
   <div class='ocr_carea' id='block_1_57' title="bbox 1920 2629 3466 2693">
    <p class='ocr_par' dir='ltr' id='par_1_57' title="bbox 1920 2629 3466 2693">
     <span class='ocr_line' id='line_1_57' title="bbox 1920 2629 3466 2693; baseline -0.001 -7"><span class='ocrx_word' id='word_1_413' title='bbox 1920 2644 1997 2686; x_wconf 90' lang='lat' dir='ltr'>tcs</span> <span class='ocrx_word' id='word_1_414' title='bbox 2029 2643 2194 2693; x_wconf 89' lang='lat' dir='ltr'>tuam,</span> <span class='ocrx_word' id='word_1_415' title='bbox 2255 2631 2504 2684; x_wconf 86' lang='lat' dir='ltr'>molestia</span> <span class='ocrx_word' id='word_1_416' title='bbox 2577 2640 2626 2683; x_wconf 91' lang='lat' dir='ltr'>te</span> <span class='ocrx_word' id='word_1_417' title='bbox 2661 2629 2951 2683; x_wconf 80' lang='lat' dir='ltr'>aﬂiciuut?</span> <span class='ocrx_word' id='word_1_418' title='bbox 3007 2633 3073 2684; x_wconf 84' lang='lat' dir='ltr'>At</span> <span class='ocrx_word' id='word_1_419' title='bbox 3128 2632 3214 2683; x_wconf 80' lang='lat' dir='ltr'>ille</span> <span class='ocrx_word' id='word_1_420' title='bbox 3283 2631 3466 2685; x_wconf 84' lang='lat' dir='ltr'>divina</span> 
     </span>
    </p>
   </div>
   <div class='ocr_carea' id='block_1_58' title="bbox 1918 2721 3467 2792">
    <p class='ocr_par' dir='ltr' id='par_1_58' title="bbox 1918 2721 3467 2792">
     <span class='ocr_line' id='line_1_58' title="bbox 1918 2721 3467 2792; baseline 0.001 -19"><span class='ocrx_word' id='word_1_421' title='bbox 1918 2722 2199 2792; x_wconf 83' lang='lat' dir='ltr'>prudentia</span> <span class='ocrx_word' id='word_1_422' title='bbox 2231 2733 2286 2775; x_wconf 91' lang='lat' dir='ltr'>et</span> <span class='ocrx_word' id='word_1_423' title='bbox 2336 2721 2591 2787; x_wconf 74' lang='lat' dir='ltr'>singulari</span> <span class='ocrx_word' id='word_1_424' title='bbox 2660 2722 2919 2773; x_wconf 82' lang='lat' dir='ltr'>modestia</span> <span class='ocrx_word' id='word_1_425' title='bbox 2976 2721 3249 2789; x_wconf 69' lang='lat' dir='ltr'>praeditus,</span> <span class='ocrx_word' id='word_1_426' title='bbox 3305 2722 3467 2775; x_wconf 75' lang='lat' dir='ltr'>Vale</span> 
     </span>
    </p>
   </div>
   <div class='ocr_carea' id='block_1_59' title="bbox 1918 2813 3466 2882">
    <p class='ocr_par' dir='ltr' id='par_1_59' title="bbox 1918 2813 3466 2882">
     <span class='ocr_line' id='line_1_59' title="bbox 1918 2813 3466 2882; baseline 0 -16"><span class='ocrx_word' id='word_1_427' title='bbox 1918 2815 2004 2867; x_wconf 92' lang='lat' dir='ltr'>illa</span> <span class='ocrx_word' id='word_1_428' title='bbox 2040 2816 2280 2882; x_wconf 73' lang='lat' dir='ltr'>quidem,</span> <span class='ocrx_word' id='word_1_429' title='bbox 2363 2829 2394 2865; x_wconf 96' lang='lat' dir='ltr'>o</span> <span class='ocrx_word' id='word_1_430' title='bbox 2422 2814 2599 2875; x_wconf 84' lang='lat' dir='ltr'>Pater,</span> <span class='ocrx_word' id='word_1_431' title='bbox 2651 2813 2845 2880; x_wconf 88' lang='lat' dir='ltr'>inquit,</span> <span class='ocrx_word' id='word_1_432' title='bbox 2888 2814 2977 2865; x_wconf 75' lang='lat' dir='ltr'>sed</span> <span class='ocrx_word' id='word_1_433' title='bbox 3026 2816 3179 2865; x_wconf 78' lang='lat' dir='ltr'>aliter</span> <span class='ocrx_word' id='word_1_434' title='bbox 3220 2826 3379 2881; x_wconf 85' lang='lat' dir='ltr'>atque</span> <span class='ocrx_word' id='word_1_435' title='bbox 3410 2822 3466 2866; x_wconf 91' lang='lat' dir='ltr'>tu</span> 
     </span>
    </p>
   </div>
   <div class='ocr_carea' id='block_1_60' title="bbox 1917 2904 3469 2974">
    <p class='ocr_par' dir='ltr' id='par_1_60' title="bbox 1917 2904 3469 2974">
     <span class='ocr_line' id='line_1_60' title="bbox 1917 2904 3469 2974; baseline -0.002 -15"><span class='ocrx_word' id='word_1_436' title='bbox 1917 2907 2154 2974; x_wconf 84' lang='lat' dir='ltr'>opinaris</span> <span class='ocrx_word' id='word_1_437' title='bbox 2220 2904 2477 2957; x_wconf 77' lang='lat' dir='ltr'>aliiciunt.</span> <span class='ocrx_word' id='word_1_438' title='bbox 2529 2904 2807 2970; x_wconf 74' lang='lat' dir='ltr'>Siquidem</span> <span class='ocrx_word' id='word_1_439' title='bbox 2864 2904 3088 2955; x_wconf 70' lang='grc' dir='ltr'><strong>Ποιιιᾷηο</strong></span> <span class='ocrx_word' id='word_1_440' title='bbox 3164 2904 3469 2956; x_wconf 72' lang='lat' dir='ltr'>luculenter</span> 
     </span>
    </p>
   </div>
   <div class='ocr_carea' id='block_1_61' title="bbox 1918 2996 3468 3065">
    <p class='ocr_par' dir='ltr' id='par_1_61' title="bbox 1918 2996 3468 3065">
     <span class='ocr_line' id='line_1_61' title="bbox 1918 2996 3468 3065; baseline 0.001 -16"><span class='ocrx_word' id='word_1_441' title='bbox 1918 2996 2181 3049; x_wconf 87' lang='lat' dir='ltr'>clamante</span> <span class='ocrx_word' id='word_1_442' title='bbox 2216 3013 2227 3047; x_wconf 88' lang='lat'>:</span> <span class='ocrx_word' id='word_1_443' title='bbox 2269 3015 2284 3044; x_wconf 76' lang='grc' dir='ltr'>ε</span> <span class='ocrx_word' id='word_1_444' title='bbox 2317 2996 2416 3059; x_wconf 81' lang='lat' dir='ltr'>Qui</span> <span class='ocrx_word' id='word_1_445' title='bbox 2453 3008 2593 3047; x_wconf 86' lang='lat' dir='ltr'>amat</span> <span class='ocrx_word' id='word_1_446' title='bbox 2633 3007 2837 3063; x_wconf 86' lang='lat' dir='ltr'>patrem</span> <span class='ocrx_word' id='word_1_447' title='bbox 2900 3010 2989 3049; x_wconf 85' lang='lat' dir='ltr'>aut</span> <span class='ocrx_word' id='word_1_448' title='bbox 3020 3010 3243 3049; x_wconf 83' lang='lat' dir='ltr'>matrem</span> <span class='ocrx_word' id='word_1_449' title='bbox 3303 3010 3468 3065; x_wconf 68' lang='lat' dir='ltr'>supra</span> 
     </span>
    </p>
   </div>
   <div class='ocr_carea' id='block_1_62' title="bbox 257 3082 1943 3180">
    <p class='ocr_par' dir='ltr' id='par_1_62' title="bbox 257 3082 1943 3180">
     <span class='ocr_line' id='line_1_62' title="bbox 257 3082 1943 3180; baseline 0.001 -45"><span class='ocrx_word' id='word_1_450' title='bbox 257 3082 524 3150; x_wconf 68' lang='grc' dir='ltr'><strong>μαθητὴς,</strong></span> <span class='ocrx_word' id='word_1_451' title='bbox 562 3100 579 3131; x_wconf 77' lang='grc' dir='ltr'>ι</span> <span class='ocrx_word' id='word_1_452' title='bbox 641 3083 763 3149; x_wconf 76' lang='grc' dir='ltr'><strong>ἐμοὶ</strong></span> <span class='ocrx_word' id='word_1_453' title='bbox 816 3082 1022 3135; x_wconf 89' lang='grc' dir='ltr'><strong>τούτων</strong></span> <span class='ocrx_word' id='word_1_454' title='bbox 1071 3084 1218 3146; x_wconf 75' lang='grc' dir='ltr'><strong>ἀξιον</strong></span> <span class='ocrx_word' id='word_1_455' title='bbox 1275 3086 1421 3137; x_wconf 76' lang='grc' dir='ltr'><strong>οὐδὲν</strong></span> <span class='ocrx_word' id='word_1_456' title='bbox 1474 3090 1881 3180; x_wconf 61' lang='grc' dir='ltr'><strong>πέπρακται.ε</strong></span> <span class='ocrx_word' id='word_1_457' title='bbox 1915 3102 1943 3137; x_wconf 83' lang='grc' dir='ltr'>ιι</span> 
     </span>
    </p>
   </div>
   <div class='ocr_carea' id='block_1_63' title="bbox 1765 3082 3451 3180">
    <p class='ocr_par' dir='ltr' id='par_1_63' title="bbox 1765 3086 3451 3180">
     <span class='ocr_line' id='line_1_63' title="bbox 1765 3086 3451 3180; baseline 0.001 -44"><span class='ocrx_word' id='word_1_458' title='bbox 1765 3107 1809 3141; x_wconf 85' lang='grc' dir='ltr'>ι.</span> <span class='ocrx_word' id='word_1_459' title='bbox 1836 3119 1881 3180; x_wconf 78' lang='lat' dir='ltr'><strong>C</strong></span> <span class='ocrx_word' id='word_1_460' title='bbox 1915 3102 2018 3149; x_wconf 89' lang='lat' dir='ltr'>me,</span> <span class='ocrx_word' id='word_1_461' title='bbox 2054 3102 2155 3139; x_wconf 88' lang='lat' dir='ltr'>non</span> <span class='ocrx_word' id='word_1_462' title='bbox 2182 3096 2263 3139; x_wconf 91' lang='lat' dir='ltr'>est</span> <span class='ocrx_word' id='word_1_463' title='bbox 2306 3101 2388 3139; x_wconf 87' lang='lat' dir='ltr'>me</span> <span class='ocrx_word' id='word_1_464' title='bbox 2418 3086 2610 3154; x_wconf 75' lang='lat' dir='ltr'>dignus</span> <span class='ocrx_word' id='word_1_465' title='bbox 2644 3089 2702 3150; x_wconf 86' lang='grc'>¹;</span> <span class='ocrx_word' id='word_1_466' title='bbox 2742 3108 2756 3136; x_wconf 77' lang='grc' dir='ltr'>ι</span> <span class='ocrx_word' id='word_1_467' title='bbox 2789 3099 2880 3140; x_wconf 77' lang='lat' dir='ltr'>et:</span> <span class='ocrx_word' id='word_1_468' title='bbox 2928 3109 2940 3137; x_wconf 76' lang='grc' dir='ltr'>ι</span> <span class='ocrx_word' id='word_1_469' title='bbox 2980 3093 3077 3152; x_wconf 77' lang='lat' dir='ltr'>Qui</span> <span class='ocrx_word' id='word_1_470' title='bbox 3115 3106 3217 3140; x_wconf 88' lang='lat' dir='ltr'>nou</span> <span class='ocrx_word' id='word_1_471' title='bbox 3250 3088 3451 3140; x_wconf 80' lang='lat' dir='ltr'>valedi-</span> 
     </span>
    </p>
   </div>
   <div class='ocr_carea' id='block_1_64' title="bbox 256 3176 1810 3249">
    <p class='ocr_par' dir='ltr' id='par_1_64' title="bbox 256 3176 1810 3249">
     <span class='ocr_line' id='line_1_64' title="bbox 256 3176 1810 3249; baseline 0.003 -22"><span class='ocrx_word' id='word_1_472' title='bbox 256 3176 405 3244; x_wconf 76' lang='grc' dir='ltr'><strong>Πλὴν</strong></span> <span class='ocrx_word' id='word_1_473' title='bbox 430 3176 566 3227; x_wconf 71' lang='grc' dir='ltr'><strong>ἀλλὰ</strong></span> <span class='ocrx_word' id='word_1_474' title='bbox 588 3176 858 3245; x_wconf 80' lang='grc' dir='ltr'><strong>παράσχοι</strong></span> <span class='ocrx_word' id='word_1_475' title='bbox 881 3178 1085 3230; x_wconf 73' lang='grc' dir='ltr'><strong>ἄνωθεν</strong></span> <span class='ocrx_word' id='word_1_476' title='bbox 1115 3181 1141 3231; x_wconf 85' lang='lat'>6</span> <span class='ocrx_word' id='word_1_477' title='bbox 1174 3180 1281 3231; x_wconf 81' lang='grc' dir='ltr'><strong>τῶν</strong></span> <span class='ocrx_word' id='word_1_478' title='bbox 1314 3180 1529 3245; x_wconf 82' lang='grc' dir='ltr'><strong>ἀγαθῶν</strong></span> <span class='ocrx_word' id='word_1_479' title='bbox 1558 3182 1810 3249; x_wconf 73' lang='grc' dir='ltr'><strong>χορηγὸς,</strong></span> 
     </span>
    </p>
   </div>
   <div class='ocr_carea' id='block_1_65' title="bbox 251 3265 1811 3338">
    <p class='ocr_par' dir='ltr' id='par_1_65' title="bbox 251 3265 1811 3338">
     <span class='ocr_line' id='line_1_65' title="bbox 251 3265 1811 3338; baseline 0.003 -20"><span class='ocrx_word' id='word_1_480' title='bbox 251 3268 375 3333; x_wconf 75' lang='grc' dir='ltr'><strong>ιμοί</strong></span> <span class='ocrx_word' id='word_1_481' title='bbox 423 3283 480 3317; x_wconf 91' lang='grc' dir='ltr'>τε</span> <span class='ocrx_word' id='word_1_482' title='bbox 518 3265 618 3334; x_wconf 86' lang='grc' dir='ltr'><strong>τῆς</strong></span> <span class='ocrx_word' id='word_1_483' title='bbox 660 3268 942 3330; x_wconf 79' lang='grc' dir='ltr'><strong>ἀσθενείας</strong></span> <span class='ocrx_word' id='word_1_484' title='bbox 984 3270 1328 3338; x_wconf 74' lang='grc' dir='ltr'><strong>ἐπικουρίαν,</strong></span> <span class='ocrx_word' id='word_1_485' title='bbox 1378 3271 1601 3331; x_wconf 73' lang='grc' dir='ltr'><strong>ικεὶνοις</strong></span> <span class='ocrx_word' id='word_1_486' title='bbox 1631 3272 1684 3322; x_wconf 84' lang='grc' dir='ltr'><strong>δὲ</strong></span> <span class='ocrx_word' id='word_1_487' title='bbox 1718 3271 1811 3337; x_wconf 78' lang='grc' dir='ltr'>τῆς</span> 
     </span>
    </p>
   </div>
   <div class='ocr_carea' id='block_1_66' title="bbox 253 3356 1566 3427">
    <p class='ocr_par' dir='ltr' id='par_1_66' title="bbox 253 3356 1566 3427">
     <span class='ocr_line' id='line_1_66' title="bbox 253 3356 1566 3427; baseline 0.003 -19"><span class='ocrx_word' id='word_1_488' title='bbox 253 3356 487 3425; x_wconf 74' lang='grc' dir='ltr'><strong>ἀθυμίας</strong></span> <span class='ocrx_word' id='word_1_489' title='bbox 512 3357 874 3425; x_wconf 81' lang='grc' dir='ltr'><strong>παράκλησιν.</strong></span> <span class='ocrx_word' id='word_1_490' title='bbox 907 3359 1013 3410; x_wconf 75' lang='grc' dir='ltr'>Καὶ</span> <span class='ocrx_word' id='word_1_491' title='bbox 1043 3360 1213 3412; x_wconf 87' lang='grc' dir='ltr'><strong>ταῦτα</strong></span> <span class='ocrx_word' id='word_1_492' title='bbox 1248 3361 1343 3427; x_wconf 77' lang='grc' dir='ltr'>μὲν</span> <span class='ocrx_word' id='word_1_493' title='bbox 1376 3360 1566 3420; x_wconf 78' lang='grc' dir='ltr'><strong>οὔτως.</strong></span> 
     </span>
    </p>
   </div>
   <div class='ocr_carea' id='block_1_67' title="bbox 1916 3178 3467 3247">
    <p class='ocr_par' dir='ltr' id='par_1_67' title="bbox 1916 3178 3467 3247">
     <span class='ocr_line' id='line_1_67' title="bbox 1916 3178 3467 3247; baseline 0.002 -19"><span class='ocrx_word' id='word_1_494' title='bbox 1916 3179 2053 3228; x_wconf 78' lang='lat' dir='ltr'>xerit</span> <span class='ocrx_word' id='word_1_495' title='bbox 2078 3178 2351 3235; x_wconf 80' lang='lat' dir='ltr'>omnibus,</span> <span class='ocrx_word' id='word_1_496' title='bbox 2377 3193 2494 3244; x_wconf 72' lang='lat' dir='ltr'>quae</span> <span class='ocrx_word' id='word_1_497' title='bbox 2527 3178 2785 3243; x_wconf 82' lang='lat' dir='ltr'>possidet,</span> <span class='ocrx_word' id='word_1_498' title='bbox 2821 3194 2927 3230; x_wconf 73' lang='lat' dir='ltr'>non</span> <span class='ocrx_word' id='word_1_499' title='bbox 2956 3191 3128 3247; x_wconf 79' lang='lat' dir='ltr'>potest</span> <span class='ocrx_word' id='word_1_500' title='bbox 3165 3194 3315 3231; x_wconf 72' lang='lat' dir='ltr'>meus</span> <span class='ocrx_word' id='word_1_501' title='bbox 3346 3192 3467 3231; x_wconf 81' lang='lat' dir='ltr'>esse</span> 
     </span>
    </p>
   </div>
   <div class='ocr_carea' id='block_1_68' title="bbox 1917 3267 3468 3335">
    <p class='ocr_par' dir='ltr' id='par_1_68' title="bbox 1917 3267 3468 3335">
     <span class='ocr_line' id='line_1_68' title="bbox 1917 3267 3468 3335; baseline -0.001 -15"><span class='ocrx_word' id='word_1_502' title='bbox 1917 3268 2214 3333; x_wconf 83' lang='lat' dir='ltr'>discipulus</span> <span class='ocrx_word' id='word_1_503' title='bbox 2249 3267 2305 3329; x_wconf 86' lang='grc'>³;</span> <span class='ocrx_word' id='word_1_504' title='bbox 2341 3270 2567 3318; x_wconf 80' lang='lat' dir='ltr'>necdum</span> <span class='ocrx_word' id='word_1_505' title='bbox 2605 3270 2793 3319; x_wconf 85' lang='lat' dir='ltr'>horum</span> <span class='ocrx_word' id='word_1_506' title='bbox 2846 3284 2875 3319; x_wconf 87' lang='lat' dir='ltr'>a</span> <span class='ocrx_word' id='word_1_507' title='bbox 2921 3285 3003 3321; x_wconf 87' lang='lat' dir='ltr'>me</span> <span class='ocrx_word' id='word_1_508' title='bbox 3059 3268 3353 3335; x_wconf 87' lang='lat' dir='ltr'>quidquam</span> <span class='ocrx_word' id='word_1_509' title='bbox 3386 3277 3468 3320; x_wconf 89' lang='lat' dir='ltr'>est</span> 
     </span>
    </p>
   </div>
   <div class='ocr_carea' id='block_1_69' title="bbox 1918 3358 3444 3427">
    <p class='ocr_par' dir='ltr' id='par_1_69' title="bbox 1918 3358 3444 3427">
     <span class='ocr_line' id='line_1_69' title="bbox 1918 3358 3444 3427; baseline 0.003 -19"><span class='ocrx_word' id='word_1_510' title='bbox 1918 3358 2128 3426; x_wconf 76' lang='lat' dir='ltr'>egregie</span> <span class='ocrx_word' id='word_1_511' title='bbox 2166 3361 2480 3424; x_wconf 71' lang='lat' dir='ltr'>pra-stilum.</span> <span class='ocrx_word' id='word_1_512' title='bbox 2510 3358 2892 3411; x_wconf 69' lang='lat' dir='ltr'>Verumtamen</span> <span class='ocrx_word' id='word_1_513' title='bbox 2961 3363 3221 3410; x_wconf 80' lang='lat' dir='ltr'>bonorum</span> <span class='ocrx_word' id='word_1_514' title='bbox 3275 3374 3444 3427; x_wconf 89' lang='lat' dir='ltr'>suppe</span> 
     </span>
    </p>
   </div>
   <div class='ocr_carea' id='block_1_70' title="bbox 252 3449 3469 3516">
    <p class='ocr_par' dir='ltr' id='par_1_70' title="bbox 252 3449 3469 3516">
     <span class='ocr_line' id='line_1_70' title="bbox 252 3449 3469 3516; baseline 0.002 -16"><span class='ocrx_word' id='word_1_515' title='bbox 252 3449 457 3502; x_wconf 77' lang='lat' dir='ltr'>iiitator</span> <span class='ocrx_word' id='word_1_516' title='bbox 492 3449 880 3505; x_wconf 81' lang='lat' dir='ltr'>imbecillitatis</span> <span class='ocrx_word' id='word_1_517' title='bbox 912 3451 1044 3505; x_wconf 87' lang='lat' dir='ltr'>mihi</span> <span class='ocrx_word' id='word_1_518' title='bbox 1112 3454 1398 3516; x_wconf 76' lang='lat' dir='ltr'>auxilium,</span> <span class='ocrx_word' id='word_1_519' title='bbox 1452 3454 1556 3506; x_wconf 88' lang='lat' dir='ltr'>illis</span> <span class='ocrx_word' id='word_1_520' title='bbox 1626 3468 1751 3508; x_wconf 85' lang='lat' dir='ltr'>vero</span> <span class='ocrx_word' id='word_1_521' title='bbox 1822 3450 2022 3505; x_wconf 90' lang='lat' dir='ltr'>doloris</span> <span class='ocrx_word' id='word_1_522' title='bbox 2070 3450 2492 3503; x_wconf 82' lang='lat' dir='ltr'>consolationem</span> <span class='ocrx_word' id='word_1_523' title='bbox 2546 3451 2747 3502; x_wconf 88' lang='lat' dir='ltr'>utinam</span> <span class='ocrx_word' id='word_1_524' title='bbox 2818 3451 3031 3503; x_wconf 69' lang='lat' dir='ltr'>cmlitus</span> <span class='ocrx_word' id='word_1_525' title='bbox 3080 3451 3285 3504; x_wconf 69' lang='lat' dir='ltr'>alie-rat.</span> <span class='ocrx_word' id='word_1_526' title='bbox 3343 3451 3469 3506; x_wconf 61' lang='lat' dir='ltr'>H.130</span> 
     </span>
    </p>
   </div>
   <div class='ocr_carea' id='block_1_71' title="bbox 255 3542 788 3610">
    <p class='ocr_par' dir='ltr' id='par_1_71' title="bbox 255 3542 788 3610">
     <span class='ocr_line' id='line_1_71' title="bbox 255 3542 788 3610; baseline -0.004 -15"><span class='ocrx_word' id='word_1_527' title='bbox 255 3544 441 3610; x_wconf 85' lang='lat' dir='ltr'>itaque</span> <span class='ocrx_word' id='word_1_528' title='bbox 472 3556 528 3595; x_wconf 85' lang='lat' dir='ltr'>se</span> <span class='ocrx_word' id='word_1_529' title='bbox 564 3542 788 3595; x_wconf 89' lang='lat' dir='ltr'>habent.</span> 
     </span>
    </p>
   </div>
   <div class='ocr_carea' id='block_1_72' title="bbox 327 3631 1812 3702">
    <p class='ocr_par' dir='ltr' id='par_1_72' title="bbox 327 3631 1812 3702">
     <span class='ocr_line' id='line_1_72' title="bbox 327 3631 1812 3702; baseline 0 -18"><span class='ocrx_word' id='word_1_530' title='bbox 327 3633 409 3687; x_wconf 82' lang='lat' dir='ltr'>H&#39;.</span> <span class='ocrx_word' id='word_1_531' title='bbox 452 3631 695 3701; x_wconf 81' lang='grc' dir='ltr'><strong>Ἡμέρας</strong></span> <span class='ocrx_word' id='word_1_532' title='bbox 722 3633 779 3684; x_wconf 70' lang='grc' dir='ltr'><strong>δι</strong></span> <span class='ocrx_word' id='word_1_533' title='bbox 808 3634 1104 3702; x_wconf 78' lang='grc' dir='ltr'><strong>τριάκοντα</strong></span> <span class='ocrx_word' id='word_1_534' title='bbox 1131 3635 1186 3683; x_wconf 74' lang='grc' dir='ltr'><strong>ὲν</strong></span> <span class='ocrx_word' id='word_1_535' title='bbox 1217 3634 1470 3701; x_wconf 81' lang='grc' dir='ltr'><strong>Τριπόλει</strong></span> <span class='ocrx_word' id='word_1_536' title='bbox 1507 3634 1812 3701; x_wconf 82' lang='grc' dir='ltr'><strong>διενεγκόν-</strong></span> 
     </span>
    </p>
   </div>
   <div class='ocr_carea' id='block_1_73' title="bbox 254 3724 1810 3793">
    <p class='ocr_par' dir='ltr' id='par_1_73' title="bbox 254 3724 1810 3793">
     <span class='ocr_line' id='line_1_73' title="bbox 254 3724 1810 3793; baseline -0.001 -17"><span class='ocrx_word' id='word_1_537' title='bbox 254 3741 366 3785; x_wconf 87' lang='grc' dir='ltr'><strong>τες,</strong></span> <span class='ocrx_word' id='word_1_538' title='bbox 393 3724 485 3775; x_wconf 78' lang='grc' dir='ltr'>καὶ</span> <span class='ocrx_word' id='word_1_539' title='bbox 508 3725 694 3791; x_wconf 73' lang='grc' dir='ltr'><strong>μηδενὶ</strong></span> <span class='ocrx_word' id='word_1_540' title='bbox 717 3724 850 3793; x_wconf 79' lang='grc' dir='ltr'><strong>πρὸς</strong></span> <span class='ocrx_word' id='word_1_541' title='bbox 874 3724 1071 3790; x_wconf 83' lang='grc' dir='ltr'><strong>γνῶσιν</strong></span> <span class='ocrx_word' id='word_1_542' title='bbox 1096 3724 1359 3787; x_wconf 74' lang='grc' dir='ltr'><strong>ἐλθόντες,</strong></span> <span class='ocrx_word' id='word_1_543' title='bbox 1389 3725 1559 3787; x_wconf 71' lang='grc' dir='ltr'><strong>ἐξίασι</strong></span> <span class='ocrx_word' id='word_1_544' title='bbox 1584 3726 1810 3792; x_wconf 81' lang='grc' dir='ltr'><strong>ταύτης,</strong></span> 
     </span>
    </p>
   </div>
   <div class='ocr_carea' id='block_1_74' title="bbox 254 3811 1806 3883">
    <p class='ocr_par' dir='ltr' id='par_1_74' title="bbox 254 3811 1806 3883">
     <span class='ocr_line' id='line_1_74' title="bbox 254 3811 1806 3883; baseline 0.001 -17"><span class='ocrx_word' id='word_1_545' title='bbox 254 3814 354 3882; x_wconf 78' lang='grc' dir='ltr'><strong>’.ἧς</strong></span> <span class='ocrx_word' id='word_1_546' title='bbox 380 3812 504 3867; x_wconf 76' lang='grc' dir='ltr'><strong>ὀδοῦ</strong></span> <span class='ocrx_word' id='word_1_547' title='bbox 532 3814 627 3867; x_wconf 79' lang='grc' dir='ltr'><strong>καὶ</strong></span> <span class='ocrx_word' id='word_1_548' title='bbox 655 3811 809 3876; x_wconf 80' lang='grc' dir='ltr'><strong>αὖθις</strong></span> <span class='ocrx_word' id='word_1_549' title='bbox 837 3814 1040 3867; x_wconf 73' lang='grc' dir='ltr'><strong>καὶτοῦ</strong></span> <span class='ocrx_word' id='word_1_550' title='bbox 1075 3814 1277 3866; x_wconf 77' lang='grc' dir='ltr'><strong>οἰκείου</strong></span> <span class='ocrx_word' id='word_1_551' title='bbox 1314 3814 1517 3866; x_wconf 82' lang='grc' dir='ltr'><strong>σκοποῦ</strong></span> <span class='ocrx_word' id='word_1_552' title='bbox 1541 3816 1806 3883; x_wconf 75' lang='grc' dir='ltr'><strong>ἐχόμενοι.</strong></span> 
     </span>
    </p>
   </div>
   <div class='ocr_carea' id='block_1_75' title="bbox 255 3900 1809 3975">
    <p class='ocr_par' dir='ltr' id='par_1_75' title="bbox 255 3900 1809 3975">
     <span class='ocr_line' id='line_1_75' title="bbox 255 3900 1809 3975; baseline -0.001 -17"><span class='ocrx_word' id='word_1_553' title='bbox 255 3904 461 3974; x_wconf 76' lang='grc' dir='ltr'><strong>Μηνῶν</strong></span> <span class='ocrx_word' id='word_1_554' title='bbox 491 3900 583 3956; x_wconf 81' lang='grc' dir='ltr'><strong>οὖν</strong></span> <span class='ocrx_word' id='word_1_555' title='bbox 616 3904 897 3973; x_wconf 76' lang='grc' dir='ltr'><strong>τεσσάρων</strong></span> <span class='ocrx_word' id='word_1_556' title='bbox 940 3904 1041 3975; x_wconf 68' lang='grc' dir='ltr'><strong>ήδη</strong></span> <span class='ocrx_word' id='word_1_557' title='bbox 1078 3907 1482 3973; x_wconf 78' lang='grc' dir='ltr'><strong>παρῳχηκότων</strong></span> <span class='ocrx_word' id='word_1_558' title='bbox 1513 3907 1809 3958; x_wconf 77' lang='grc' dir='ltr'><strong>κατέλαϐον</strong></span> 
     </span>
    </p>
   </div>
   <div class='ocr_carea' id='block_1_76' title="bbox 258 3995 1814 4065">
    <p class='ocr_par' dir='ltr' id='par_1_76' title="bbox 258 3995 1814 4065">
     <span class='ocr_line' id='line_1_76' title="bbox 258 3995 1814 4065; baseline -0.001 -18"><span class='ocrx_word' id='word_1_559' title='bbox 258 3996 324 4047; x_wconf 78' lang='grc' dir='ltr'><strong>τὰ</strong></span> <span class='ocrx_word' id='word_1_560' title='bbox 392 3995 766 4065; x_wconf 77' lang='grc' dir='ltr'><strong>Ἰερρσόλυμα,</strong></span> <span class='ocrx_word' id='word_1_561' title='bbox 829 3995 923 4045; x_wconf 79' lang='grc' dir='ltr'>καὶ</span> <span class='ocrx_word' id='word_1_562' title='bbox 990 3995 1283 4064; x_wconf 68' lang='grc' dir='ltr'><strong>περιῆλθον</strong></span> <span class='ocrx_word' id='word_1_563' title='bbox 1331 3996 1398 4046; x_wconf 75' lang='grc' dir='ltr'><strong>τὰ</strong></span> <span class='ocrx_word' id='word_1_564' title='bbox 1458 3998 1654 4056; x_wconf 79' lang='grc' dir='ltr'><strong>ὲκείτε,</strong></span> <span class='ocrx_word' id='word_1_565' title='bbox 1709 3998 1814 4046; x_wconf 83' lang='grc' dir='ltr'><strong>πᾶν</strong></span> 
     </span>
    </p>
   </div>
   <div class='ocr_carea' id='block_1_77' title="bbox 258 4085 1814 4153">
    <p class='ocr_par' dir='ltr' id='par_1_77' title="bbox 258 4085 1814 4153">
     <span class='ocr_line' id='line_1_77' title="bbox 258 4085 1814 4153; baseline 0 -16"><span class='ocrx_word' id='word_1_566' title='bbox 258 4087 454 4153; x_wconf 82' lang='grc' dir='ltr'><strong>ὅτιπερ</strong></span> <span class='ocrx_word' id='word_1_567' title='bbox 485 4085 688 4151; x_wconf 78' lang='grc' dir='ltr'><strong>ἀγαθὸν</strong></span> <span class='ocrx_word' id='word_1_568' title='bbox 716 4085 823 4136; x_wconf 84' lang='grc' dir='ltr'>τῶν</span> <span class='ocrx_word' id='word_1_569' title='bbox 852 4086 1037 4137; x_wconf 80' lang='grc' dir='ltr'><strong>αὐτόθι</strong></span> <span class='ocrx_word' id='word_1_570' title='bbox 1070 4085 1496 4153; x_wconf 86' lang='grc' dir='ltr'><strong>φροντιστηρίων</strong></span> <span class='ocrx_word' id='word_1_571' title='bbox 1524 4085 1814 4146; x_wconf 72' lang='grc' dir='ltr'><strong>ἀπανθιζό-</strong></span> 
     </span>
    </p>
   </div>
   <div class='ocr_carea' id='block_1_78' title="bbox 265 4172 1815 4243">
    <p class='ocr_par' dir='ltr' id='par_1_78' title="bbox 265 4172 1815 4243">
     <span class='ocr_line' id='line_1_78' title="bbox 265 4172 1815 4243; baseline -0.001 -18"><span class='ocrx_word' id='word_1_572' title='bbox 265 4190 437 4242; x_wconf 87' lang='grc' dir='ltr'><strong>μενοι,</strong></span> <span class='ocrx_word' id='word_1_573' title='bbox 475 4174 569 4224; x_wconf 81' lang='grc' dir='ltr'><strong>καὶ</strong></span> <span class='ocrx_word' id='word_1_574' title='bbox 612 4172 721 4224; x_wconf 89' lang='grc' dir='ltr'><strong>τῶν</strong></span> <span class='ocrx_word' id='word_1_575' title='bbox 769 4174 829 4224; x_wconf 69' lang='grc' dir='ltr'><strong>ιν</strong></span> <span class='ocrx_word' id='word_1_576' title='bbox 870 4175 1051 4234; x_wconf 79' lang='grc' dir='ltr'><strong>αὐτοῖς</strong></span> <span class='ocrx_word' id='word_1_577' title='bbox 1102 4173 1454 4239; x_wconf 80' lang='grc' dir='ltr'><strong>ἀσκουμένων</strong></span> <span class='ocrx_word' id='word_1_578' title='bbox 1488 4176 1596 4235; x_wconf 87' lang='grc' dir='ltr'><strong>τοῖς</strong></span> <span class='ocrx_word' id='word_1_579' title='bbox 1630 4176 1815 4243; x_wconf 71' lang='grc' dir='ltr'><strong>ἐπιση-</strong></span> 
     </span>
    </p>
   </div>
   <div class='ocr_carea' id='block_1_79' title="bbox 1990 3625 3428 3695">
    <p class='ocr_par' dir='ltr' id='par_1_79' title="bbox 1990 3625 3428 3695">
     <span class='ocr_line' id='line_1_79' title="bbox 1990 3625 3428 3695; baseline -0.003 -12"><span class='ocrx_word' id='word_1_580' title='bbox 1990 3630 2159 3683; x_wconf 86' lang='lat' dir='ltr'>Porro</span> <span class='ocrx_word' id='word_1_581' title='bbox 2184 3626 2398 3695; x_wconf 84' lang='lat' dir='ltr'>triginta</span> <span class='ocrx_word' id='word_1_582' title='bbox 2447 3626 2564 3679; x_wconf 89' lang='lat' dir='ltr'>dies</span> <span class='ocrx_word' id='word_1_583' title='bbox 2587 3626 2788 3693; x_wconf 87' lang='lat' dir='ltr'>Tripoli</span> <span class='ocrx_word' id='word_1_584' title='bbox 2840 3627 3178 3689; x_wconf 83' lang='lat' dir='ltr'>commorati,</span> <span class='ocrx_word' id='word_1_585' title='bbox 3225 3625 3428 3679; x_wconf 86' lang='lat' dir='ltr'>nemini</span> 
     </span>
    </p>
   </div>
   <div class='ocr_carea' id='block_1_80' title="bbox 1916 3717 3467 3784">
    <p class='ocr_par' dir='ltr' id='par_1_80' title="bbox 1916 3717 3467 3784">
     <span class='ocr_line' id='line_1_80' title="bbox 1916 3717 3467 3784; baseline -0.005 -10"><span class='ocrx_word' id='word_1_586' title='bbox 1916 3721 2025 3774; x_wconf 91' lang='lat' dir='ltr'>noti</span> <span class='ocrx_word' id='word_1_587' title='bbox 2066 3720 2212 3779; x_wconf 76' lang='lat' dir='ltr'>facti,</span> <span class='ocrx_word' id='word_1_588' title='bbox 2259 3719 2405 3771; x_wconf 91' lang='lat' dir='ltr'>illinc</span> <span class='ocrx_word' id='word_1_589' title='bbox 2460 3718 2837 3784; x_wconf 84' lang='lat' dir='ltr'>egrediuntur,</span> <span class='ocrx_word' id='word_1_590' title='bbox 2885 3717 3172 3784; x_wconf 88' lang='lat' dir='ltr'>denuoque</span> <span class='ocrx_word' id='word_1_591' title='bbox 3246 3718 3347 3769; x_wconf 87' lang='lat' dir='ltr'>iter</span> <span class='ocrx_word' id='word_1_592' title='bbox 3378 3732 3467 3768; x_wconf 86' lang='lat' dir='ltr'>ca-</span> 
     </span>
    </p>
   </div>
   <div class='ocr_carea' id='block_1_81' title="bbox 1918 3808 3464 3882">
    <p class='ocr_par' dir='ltr' id='par_1_81' title="bbox 1918 3808 3464 3882">
     <span class='ocr_line' id='line_1_81' title="bbox 1918 3808 3464 3882; baseline -0.003 -17"><span class='ocrx_word' id='word_1_593' title='bbox 1918 3819 2162 3882; x_wconf 87' lang='lat' dir='ltr'>pessunt.</span> <span class='ocrx_word' id='word_1_594' title='bbox 2194 3826 2255 3863; x_wconf 89' lang='lat' dir='ltr'>ac</span> <span class='ocrx_word' id='word_1_595' title='bbox 2282 3809 2346 3861; x_wconf 89' lang='lat' dir='ltr'>ad</span> <span class='ocrx_word' id='word_1_596' title='bbox 2384 3808 2658 3877; x_wconf 91' lang='lat' dir='ltr'>pr0prium</span> <span class='ocrx_word' id='word_1_597' title='bbox 2694 3824 2749 3861; x_wconf 91' lang='lat' dir='ltr'>se</span> <span class='ocrx_word' id='word_1_598' title='bbox 2780 3818 3115 3875; x_wconf 73' lang='lat' dir='ltr'>proposuum</span> <span class='ocrx_word' id='word_1_599' title='bbox 3151 3809 3464 3875; x_wconf 74' lang='lat' dir='ltr'>accingunt.</span> 
     </span>
    </p>
   </div>
   <div class='ocr_carea' id='block_1_82' title="bbox 1915 3899 3467 3967">
    <p class='ocr_par' dir='ltr' id='par_1_82' title="bbox 1915 3899 3467 3967">
     <span class='ocr_line' id='line_1_82' title="bbox 1915 3899 3467 3967; baseline -0.004 -12"><span class='ocrx_word' id='word_1_600' title='bbox 1915 3901 2275 3967; x_wconf 87' lang='lat' dir='ltr'>Quamobrem</span> <span class='ocrx_word' id='word_1_601' title='bbox 2346 3915 2467 3952; x_wconf 92' lang='lat' dir='ltr'>cum</span> <span class='ocrx_word' id='word_1_602' title='bbox 2531 3910 2765 3966; x_wconf 86' lang='lat' dir='ltr'>quatuor</span> <span class='ocrx_word' id='word_1_603' title='bbox 2804 3899 2914 3965; x_wconf 88' lang='lat' dir='ltr'>jam</span> <span class='ocrx_word' id='word_1_604' title='bbox 2965 3900 3241 3949; x_wconf 72' lang='lat' dir='ltr'>ini-usibus</span> <span class='ocrx_word' id='word_1_605' title='bbox 3308 3913 3467 3965; x_wconf 89' lang='lat' dir='ltr'>pere-</span> 
     </span>
    </p>
   </div>
   <div class='ocr_carea' id='block_1_83' title="bbox 1911 3988 3465 4063">
    <p class='ocr_par' dir='ltr' id='par_1_83' title="bbox 1911 3988 3465 4063">
     <span class='ocr_line' id='line_1_83' title="bbox 1911 3988 3465 4063; baseline -0.003 -17"><span class='ocrx_word' id='word_1_606' title='bbox 1911 3994 2107 4063; x_wconf 84' lang='lat' dir='ltr'>grinati</span> <span class='ocrx_word' id='word_1_607' title='bbox 2146 3992 2394 4052; x_wconf 75' lang='lat' dir='ltr'>fuissent,</span> <span class='ocrx_word' id='word_1_608' title='bbox 2424 3989 2847 4056; x_wconf 82' lang='lat' dir='ltr'>Hierosolymam</span> <span class='ocrx_word' id='word_1_609' title='bbox 2876 3997 3256 4054; x_wconf 75' lang='lat' dir='ltr'>pervenerunt.</span> <span class='ocrx_word' id='word_1_610' title='bbox 3283 3988 3465 4041; x_wconf 78' lang='lat' dir='ltr'>Locis-</span> 
     </span>
    </p>
   </div>
   <div class='ocr_carea' id='block_1_84' title="bbox 1911 4080 3469 4152">
    <p class='ocr_par' dir='ltr' id='par_1_84' title="bbox 1911 4080 3469 4152">
     <span class='ocr_line' id='line_1_84' title="bbox 1911 4080 3469 4152; baseline -0.001 -18"><span class='ocrx_word' id='word_1_611' title='bbox 1911 4100 2015 4152; x_wconf 91' lang='lat' dir='ltr'>que</span> <span class='ocrx_word' id='word_1_612' title='bbox 2045 4081 2240 4134; x_wconf 80' lang='lat' dir='ltr'>ibidem</span> <span class='ocrx_word' id='word_1_613' title='bbox 2270 4081 2522 4133; x_wconf 89' lang='lat' dir='ltr'>omnibus</span> <span class='ocrx_word' id='word_1_614' title='bbox 2585 4080 2939 4148; x_wconf 85' lang='lat' dir='ltr'>perlustratis,</span> <span class='ocrx_word' id='word_1_615' title='bbox 2973 4080 3232 4146; x_wconf 84' lang='lat' dir='ltr'>quidquid</span> <span class='ocrx_word' id='word_1_616' title='bbox 3268 4081 3318 4130; x_wconf 91' lang='lat' dir='ltr'>in</span> <span class='ocrx_word' id='word_1_617' title='bbox 3354 4096 3469 4133; x_wconf 82' lang='lat' dir='ltr'>ino-</span> 
     </span>
    </p>
   </div>
   <div class='ocr_carea' id='block_1_85' title="bbox 1912 4168 3465 4234">
    <p class='ocr_par' dir='ltr' id='par_1_85' title="bbox 1912 4168 3465 4234">
     <span class='ocr_line' id='line_1_85' title="bbox 1912 4168 3465 4234; baseline -0.005 -7"><span class='ocrx_word' id='word_1_618' title='bbox 1912 4171 2162 4227; x_wconf 84' lang='lat' dir='ltr'>nasteriis</span> <span class='ocrx_word' id='word_1_619' title='bbox 2189 4186 2251 4223; x_wconf 89' lang='lat' dir='ltr'>ac</span> <span class='ocrx_word' id='word_1_620' title='bbox 2292 4169 2571 4222; x_wconf 88' lang='lat' dir='ltr'>monachis</span> <span class='ocrx_word' id='word_1_621' title='bbox 2606 4169 2715 4220; x_wconf 90' lang='lat' dir='ltr'>illic</span> <span class='ocrx_word' id='word_1_622' title='bbox 2752 4168 3075 4233; x_wconf 74' lang='lat' dir='ltr'>degentibus</span> <span class='ocrx_word' id='word_1_623' title='bbox 3100 4178 3215 4219; x_wconf 90' lang='lat' dir='ltr'>erat</span> <span class='ocrx_word' id='word_1_624' title='bbox 3239 4170 3465 4234; x_wconf 72' lang='lat' dir='ltr'>praecla-</span> 
     </span>
    </p>
   </div>
   <div class='ocr_carea' id='block_1_86' title="bbox 263 4257 1949 4335">
    <p class='ocr_par' dir='ltr' id='par_1_86' title="bbox 263 4262 1949 4335">
     <span class='ocr_line' id='line_1_86' title="bbox 263 4262 1949 4335; baseline -0.005 -16"><span class='ocrx_word' id='word_1_625' title='bbox 263 4264 514 4335; x_wconf 84' lang='grc' dir='ltr'><strong>μοτέροις</strong></span> <span class='ocrx_word' id='word_1_626' title='bbox 578 4264 674 4332; x_wconf 82' lang='grc' dir='ltr'>τὴν</span> <span class='ocrx_word' id='word_1_627' title='bbox 733 4264 936 4332; x_wconf 78' lang='grc' dir='ltr'><strong>ἀρετὴν</strong></span> <span class='ocrx_word' id='word_1_628' title='bbox 984 4264 1381 4330; x_wconf 86' lang='grc' dir='ltr'><strong>συγγινόμενοι.</strong></span> <span class='ocrx_word' id='word_1_629' title='bbox 1443 4262 1552 4313; x_wconf 77' lang='grc' dir='ltr'>Ἑνὶ</span> <span class='ocrx_word' id='word_1_630' title='bbox 1604 4263 1658 4315; x_wconf 67' lang='grc' dir='ltr'>δὲ</span> <span class='ocrx_word' id='word_1_631' title='bbox 1713 4262 1817 4315; x_wconf 82' lang='grc' dir='ltr'>τῶν</span> <span class='ocrx_word' id='word_1_632' title='bbox 1914 4280 1949 4316; x_wconf 80' lang='lat' dir='ltr'>ri</span> 
     </span>
    </p>
   </div>
   <div class='ocr_carea' id='block_1_87' title="bbox 1778 4257 3464 4335">
    <p class='ocr_par' dir='ltr' id='par_1_87' title="bbox 1778 4257 3464 4324">
     <span class='ocr_line' id='line_1_87' title="bbox 1778 4257 3464 4324; baseline -0.002 -10"><span class='ocrx_word' id='word_1_633' title='bbox 1778 4280 1817 4314; x_wconf 83' lang='lat' dir='ltr'>iv</span> <span class='ocrx_word' id='word_1_634' title='bbox 1914 4279 2053 4324; x_wconf 91' lang='lat' dir='ltr'>rum,</span> <span class='ocrx_word' id='word_1_635' title='bbox 2088 4262 2137 4315; x_wconf 91' lang='lat' dir='ltr'>id</span> <span class='ocrx_word' id='word_1_636' title='bbox 2172 4271 2343 4315; x_wconf 90' lang='lat' dir='ltr'>totum</span> <span class='ocrx_word' id='word_1_637' title='bbox 2369 4268 2726 4319; x_wconf 82' lang='lat' dir='ltr'>assumentes,</span> <span class='ocrx_word' id='word_1_638' title='bbox 2762 4274 2884 4310; x_wconf 91' lang='lat' dir='ltr'>cum</span> <span class='ocrx_word' id='word_1_639' title='bbox 2940 4257 3327 4310; x_wconf 88' lang='lat' dir='ltr'>illustrioribus</span> <span class='ocrx_word' id='word_1_640' title='bbox 3355 4258 3464 4310; x_wconf 66' lang='lat' dir='ltr'>tir-</span> 
     </span>
    </p>
   </div>
   <div class='ocr_carea' id='block_1_88' title="bbox 263 4345 1949 4425">
    <p class='ocr_par' dir='ltr' id='par_1_88' title="bbox 263 4345 1949 4425">
     <span class='ocr_line' id='line_1_88' title="bbox 263 4345 1949 4425; baseline 0 -18"><span class='ocrx_word' id='word_1_641' title='bbox 263 4356 694 4425; x_wconf 72' lang='grc' dir='ltr'><strong>φροντιστηρίων</strong></span> <span class='ocrx_word' id='word_1_642' title='bbox 736 4345 966 4417; x_wconf 72' lang='grc' dir='ltr'><strong>τούτων,</strong></span> <span class='ocrx_word' id='word_1_643' title='bbox 1024 4354 1083 4404; x_wconf 88' lang='grc' dir='ltr'>ού</span> <span class='ocrx_word' id='word_1_644' title='bbox 1141 4354 1356 4422; x_wconf 78' lang='grc' dir='ltr'><strong>μακρὰν</strong></span> <span class='ocrx_word' id='word_1_645' title='bbox 1406 4353 1665 4420; x_wconf 80' lang='grc' dir='ltr'><strong>ἀπέχοντι</strong></span> <span class='ocrx_word' id='word_1_646' title='bbox 1718 4354 1813 4422; x_wconf 79' lang='grc' dir='ltr'><strong>τῆς</strong></span> <span class='ocrx_word' id='word_1_647' title='bbox 1845 4357 1887 4411; x_wconf 80' lang='grc' dir='ltr'>ο</span> <span class='ocrx_word' id='word_1_648' title='bbox 1918 4365 1949 4411; x_wconf 81' lang='lat' dir='ltr'>ti</span> 
     </span>
    </p>
   </div>
   <div class='ocr_carea' id='block_1_89' title="bbox 1780 4345 3466 4425">
    <p class='ocr_par' dir='ltr' id='par_1_89' title="bbox 1780 4350 3466 4419">
     <span class='ocr_line' id='line_1_89' title="bbox 1780 4350 3466 4419; baseline -0.005 -6"><span class='ocrx_word' id='word_1_649' title='bbox 1780 4370 1813 4419; x_wconf 31' lang='grc' dir='ltr'><strong>,ς</strong></span> <span class='ocrx_word' id='word_1_650' title='bbox 1845 4357 1887 4411; x_wconf 82' lang='grc' dir='ltr'>ο</span> <span class='ocrx_word' id='word_1_651' title='bbox 1918 4365 2030 4411; x_wconf 89' lang='lat' dir='ltr'>tute</span> <span class='ocrx_word' id='word_1_652' title='bbox 2063 4358 2189 4409; x_wconf 88' lang='lat' dir='ltr'>viris</span> <span class='ocrx_word' id='word_1_653' title='bbox 2212 4353 2664 4407; x_wconf 86' lang='lat' dir='ltr'>consuetudinem</span> <span class='ocrx_word' id='word_1_654' title='bbox 2698 4351 2958 4403; x_wconf 82' lang='lat' dir='ltr'>habuere.</span> <span class='ocrx_word' id='word_1_655' title='bbox 2996 4350 3051 4404; x_wconf 79' lang='lat' dir='ltr'>in</span> <span class='ocrx_word' id='word_1_656' title='bbox 3072 4353 3306 4419; x_wconf 87' lang='lat' dir='ltr'>quodam</span> <span class='ocrx_word' id='word_1_657' title='bbox 3334 4366 3466 4404; x_wconf 85' lang='lat' dir='ltr'>vero</span> 
     </span>
    </p>
   </div>
   <div class='ocr_carea' id='block_1_90' title="bbox 262 4442 1816 4515">
    <p class='ocr_par' dir='ltr' id='par_1_90' title="bbox 262 4442 1816 4515">
     <span class='ocr_line' id='line_1_90' title="bbox 262 4442 1816 4515; baseline -0.005 -15"><span class='ocrx_word' id='word_1_658' title='bbox 262 4449 421 4515; x_wconf 81' lang='grc' dir='ltr'><strong>ἁγίας</strong></span> <span class='ocrx_word' id='word_1_659' title='bbox 444 4445 671 4507; x_wconf 81' lang='grc' dir='ltr'><strong>πόλεως,</strong></span> <span class='ocrx_word' id='word_1_660' title='bbox 701 4443 797 4504; x_wconf 77' lang='grc' dir='ltr'><strong>τὰς</strong></span> <span class='ocrx_word' id='word_1_661' title='bbox 831 4444 978 4511; x_wconf 71' lang='grc' dir='ltr'><strong>ἱερὰς</strong></span> <span class='ocrx_word' id='word_1_662' title='bbox 1010 4443 1108 4511; x_wconf 75' lang='grc' dir='ltr'><strong>τῆς</strong></span> <span class='ocrx_word' id='word_1_663' title='bbox 1138 4442 1586 4511; x_wconf 79' lang='grc' dir='ltr'><strong>Τεσσαρακοστῆς</strong></span> <span class='ocrx_word' id='word_1_664' title='bbox 1609 4443 1816 4511; x_wconf 69' lang='grc' dir='ltr'><strong>ἡμέρας</strong></span> 
     </span>
    </p>
   </div>
   <div class='ocr_carea' id='block_1_91' title="bbox 264 4527 1815 4605">
    <p class='ocr_par' dir='ltr' id='par_1_91' title="bbox 264 4527 1815 4605">
     <span class='ocr_line' id='line_1_91' title="bbox 264 4527 1815 4605; baseline -0.004 -16"><span class='ocrx_word' id='word_1_665' title='bbox 264 4538 550 4605; x_wconf 78' lang='grc' dir='ltr'><strong>διήγαγον,</strong></span> <span class='ocrx_word' id='word_1_666' title='bbox 586 4536 644 4585; x_wconf 72' lang='grc' dir='ltr'>ἐν</span> <span class='ocrx_word' id='word_1_667' title='bbox 694 4527 781 4595; x_wconf 70' lang='grc' dir='ltr'><strong>αἶς</strong></span> <span class='ocrx_word' id='word_1_668' title='bbox 824 4533 917 4585; x_wconf 82' lang='grc' dir='ltr'><strong>καὶ</strong></span> <span class='ocrx_word' id='word_1_669' title='bbox 954 4533 1251 4602; x_wconf 73' lang='grc' dir='ltr'><strong>ὑπερφυεῖς</strong></span> <span class='ocrx_word' id='word_1_670' title='bbox 1294 4531 1511 4599; x_wconf 79' lang='grc' dir='ltr'><strong>ἀγῶνας</strong></span> <span class='ocrx_word' id='word_1_671' title='bbox 1545 4532 1815 4595; x_wconf 70' lang='grc' dir='ltr'><strong>ἐπιδειξά-</strong></span> 
     </span>
    </p>
   </div>
   <div class='ocr_carea' id='block_1_92' title="bbox 268 4622 1812 4696">
    <p class='ocr_par' dir='ltr' id='par_1_92' title="bbox 268 4622 1812 4696">
     <span class='ocr_line' id='line_1_92' title="bbox 268 4622 1812 4696; baseline -0.003 -19"><span class='ocrx_word' id='word_1_672' title='bbox 268 4642 426 4696; x_wconf 81' lang='grc' dir='ltr'><strong>μενος</strong></span> <span class='ocrx_word' id='word_1_673' title='bbox 455 4628 482 4677; x_wconf 85' lang='lat'>6</span> <span class='ocrx_word' id='word_1_674' title='bbox 510 4624 830 4694; x_wconf 84' lang='grc' dir='ltr'><strong>Γρηγόριος,</strong></span> <span class='ocrx_word' id='word_1_675' title='bbox 855 4622 1132 4690; x_wconf 86' lang='grc' dir='ltr'><strong>θαύματος</strong></span> <span class='ocrx_word' id='word_1_676' title='bbox 1162 4624 1259 4685; x_wconf 74' lang='grc' dir='ltr'>τας</span> <span class='ocrx_word' id='word_1_677' title='bbox 1282 4622 1391 4675; x_wconf 81' lang='grc' dir='ltr'>τῶν</span> <span class='ocrx_word' id='word_1_678' title='bbox 1420 4623 1670 4691; x_wconf 84' lang='grc' dir='ltr'><strong>μοναχῶν</strong></span> <span class='ocrx_word' id='word_1_679' title='bbox 1700 4623 1812 4673; x_wconf 72' lang='grc' dir='ltr'><strong>ἐνέ-</strong></span> 
     </span>
    </p>
   </div>
   <div class='ocr_carea' id='block_1_93' title="bbox 262 4713 1813 4785">
    <p class='ocr_par' dir='ltr' id='par_1_93' title="bbox 262 4713 1813 4785">
     <span class='ocr_line' id='line_1_93' title="bbox 262 4713 1813 4785; baseline -0.001 -16"><span class='ocrx_word' id='word_1_680' title='bbox 262 4723 441 4785; x_wconf 75' lang='grc' dir='ltr'><strong>πλησε</strong></span> <span class='ocrx_word' id='word_1_681' title='bbox 474 4716 727 4776; x_wconf 79' lang='grc' dir='ltr'><strong>διανοίας.</strong></span> <span class='ocrx_word' id='word_1_682' title='bbox 777 4715 1239 4783; x_wconf 83' lang='grc' dir='ltr'><strong>Διορατικώτατον</strong></span> <span class='ocrx_word' id='word_1_683' title='bbox 1294 4713 1350 4766; x_wconf 68' lang='grc' dir='ltr'><strong>δὲ</strong></span> <span class='ocrx_word' id='word_1_684' title='bbox 1406 4714 1465 4766; x_wconf 79' lang='grc' dir='ltr'><strong>τὸ</strong></span> <span class='ocrx_word' id='word_1_685' title='bbox 1514 4716 1609 4782; x_wconf 73' lang='grc' dir='ltr'><strong>τῆς</strong></span> <span class='ocrx_word' id='word_1_686' title='bbox 1635 4714 1813 4781; x_wconf 79' lang='grc' dir='ltr'><strong>ψυχῆς</strong></span> 
     </span>
    </p>
   </div>
   <div class='ocr_carea' id='block_1_94' title="bbox 160 4805 1811 4877">
    <p class='ocr_par' dir='ltr' id='par_1_94' title="bbox 160 4805 1811 4877">
     <span class='ocr_line' id='line_1_94' title="bbox 160 4805 1811 4877; baseline -0.006 -13"><span class='ocrx_word' id='word_1_687' title='bbox 160 4812 163 4815; x_wconf 59' lang='grc'><strong><em>⁷</em></strong></span> <span class='ocrx_word' id='word_1_688' title='bbox 258 4811 419 4877; x_wconf 75' lang='grc' dir='ltr'><strong>δμμα</strong></span> <span class='ocrx_word' id='word_1_689' title='bbox 447 4809 538 4858; x_wconf 86' lang='grc' dir='ltr'><strong>καὶ</strong></span> <span class='ocrx_word' id='word_1_690' title='bbox 570 4810 905 4876; x_wconf 79' lang='grc' dir='ltr'><strong>προφητικὸν</strong></span> <span class='ocrx_word' id='word_1_691' title='bbox 935 4808 1073 4874; x_wconf 75' lang='grc' dir='ltr'><strong>ῑχων</strong></span> <span class='ocrx_word' id='word_1_692' title='bbox 1108 4806 1136 4857; x_wconf 91' lang='lat'>6</span> <span class='ocrx_word' id='word_1_693' title='bbox 1182 4806 1278 4875; x_wconf 85' lang='grc' dir='ltr'>τῆς</span> <span class='ocrx_word' id='word_1_694' title='bbox 1320 4805 1485 4872; x_wconf 84' lang='grc' dir='ltr'><strong>μονῆς</strong></span> <span class='ocrx_word' id='word_1_695' title='bbox 1532 4806 1811 4873; x_wconf 87' lang='grc' dir='ltr'><strong>προεστὼς</strong></span> 
     </span>
    </p>
   </div>
   <div class='ocr_carea' id='block_1_95' title="bbox 262 4893 1810 4965">
    <p class='ocr_par' dir='ltr' id='par_1_95' title="bbox 262 4893 1810 4965">
     <span class='ocr_line' id='line_1_95' title="bbox 262 4893 1810 4965; baseline 0.02 -42"><span class='ocrx_word' id='word_1_696' title='bbox 262 4904 334 4949; x_wconf 48' lang='grc' dir='ltr'>τὰ</span> <span class='ocrx_word' id='word_1_697' title='bbox 380 4897 456 4965; x_wconf 74' lang='grc' dir='ltr'>τῷ</span> <span class='ocrx_word' id='word_1_698' title='bbox 498 4896 783 4964; x_wconf 71' lang='grc' dir='ltr'><strong>Γρηγοριφ</strong></span> <span class='ocrx_word' id='word_1_699' title='bbox 833 4894 1206 4965; x_wconf 73' lang='grc' dir='ltr'><strong>συμϐήσεσθαι</strong></span> <span class='ocrx_word' id='word_1_700' title='bbox 1256 4893 1517 4961; x_wconf 66' lang='grc' dir='ltr'><strong>μέλλοντα</strong></span> <span class='ocrx_word' id='word_1_701' title='bbox 1556 4893 1810 4961; x_wconf 78' lang='grc' dir='ltr'><strong>καθαρῶς</strong></span> 
     </span>
    </p>
   </div>
   <div class='ocr_carea' id='block_1_96' title="bbox 265 4983 1810 5056">
    <p class='ocr_par' dir='ltr' id='par_1_96' title="bbox 265 4983 1810 5056">
     <span class='ocr_line' id='line_1_96' title="bbox 265 4983 1810 5056; baseline -0.006 -15"><span class='ocrx_word' id='word_1_702' title='bbox 265 4988 417 5055; x_wconf 79' lang='grc' dir='ltr'><strong>αύτῷ</strong></span> <span class='ocrx_word' id='word_1_703' title='bbox 470 4985 901 5056; x_wconf 86' lang='grc' dir='ltr'><strong>προδιαγορεύει,</strong></span> <span class='ocrx_word' id='word_1_704' title='bbox 942 4986 1041 5053; x_wconf 86' lang='grc' dir='ltr'><strong>τήν</strong></span> <span class='ocrx_word' id='word_1_705' title='bbox 1070 5000 1128 5035; x_wconf 89' lang='grc' dir='ltr'>τε</span> <span class='ocrx_word' id='word_1_706' title='bbox 1186 4983 1319 5051; x_wconf 74' lang='grc' dir='ltr'><strong>πρὸς</strong></span> <span class='ocrx_word' id='word_1_707' title='bbox 1364 4983 1453 5033; x_wconf 83' lang='grc' dir='ltr'><strong>τὸν</strong></span> <span class='ocrx_word' id='word_1_708' title='bbox 1498 4983 1810 5050; x_wconf 75' lang='grc' dir='ltr'><strong>ίεραρχικδν</strong></span> 
     </span>
    </p>
   </div>
   <div class='ocr_carea' id='block_1_97' title="bbox 267 5070 1810 5146">
    <p class='ocr_par' dir='ltr' id='par_1_97' title="bbox 267 5070 1810 5146">
     <span class='ocr_line' id='line_1_97' title="bbox 267 5070 1810 5146; baseline -0.004 -18"><span class='ocrx_word' id='word_1_709' title='bbox 267 5078 414 5146; x_wconf 79' lang='grc' dir='ltr'><strong>φημὶ</strong></span> <span class='ocrx_word' id='word_1_710' title='bbox 438 5075 623 5142; x_wconf 82' lang='grc' dir='ltr'><strong>θρόνον</strong></span> <span class='ocrx_word' id='word_1_711' title='bbox 652 5073 933 5137; x_wconf 73' lang='grc' dir='ltr'><strong>ἀνάϐασιν,</strong></span> <span class='ocrx_word' id='word_1_712' title='bbox 970 5074 1063 5125; x_wconf 83' lang='grc' dir='ltr'><strong>καὶ</strong></span> <span class='ocrx_word' id='word_1_713' title='bbox 1084 5074 1209 5135; x_wconf 80' lang='grc' dir='ltr'><strong>τοὺς</strong></span> <span class='ocrx_word' id='word_1_714' title='bbox 1238 5070 1621 5140; x_wconf 75' lang='grc' dir='ltr'><strong>ικδεξαμένους</strong></span> <span class='ocrx_word' id='word_1_715' title='bbox 1652 5072 1810 5123; x_wconf 74' lang='grc' dir='ltr'><strong>αὑτὸν</strong></span> 
     </span>
    </p>
   </div>
   <div class='ocr_carea' id='block_1_98' title="bbox 266 5158 1811 5237">
    <p class='ocr_par' dir='ltr' id='par_1_98' title="bbox 266 5158 1811 5237">
     <span class='ocr_line' id='line_1_98' title="bbox 266 5158 1811 5237; baseline -0.003 -19"><span class='ocrx_word' id='word_1_716' title='bbox 266 5168 453 5237; x_wconf 65' lang='grc' dir='ltr'><strong>βαρεῖς</strong></span> <span class='ocrx_word' id='word_1_717' title='bbox 490 5182 545 5217; x_wconf 85' lang='grc' dir='ltr'>τε</span> <span class='ocrx_word' id='word_1_718' title='bbox 582 5166 675 5217; x_wconf 80' lang='grc' dir='ltr'>καὶ</span> <span class='ocrx_word' id='word_1_719' title='bbox 702 5164 1004 5226; x_wconf 75' lang='grc' dir='ltr'><strong>πολυειδεῖς</strong></span> <span class='ocrx_word' id='word_1_720' title='bbox 1040 5164 1399 5232; x_wconf 81' lang='grc' dir='ltr'><strong>πειρασμοὺς,</strong></span> <span class='ocrx_word' id='word_1_721' title='bbox 1436 5158 1556 5214; x_wconf 74' lang='grc' dir='ltr'><strong>εἶτα</strong></span> <span class='ocrx_word' id='word_1_722' title='bbox 1592 5164 1685 5213; x_wconf 78' lang='grc' dir='ltr'><strong>καὶ</strong></span> <span class='ocrx_word' id='word_1_723' title='bbox 1713 5161 1811 5229; x_wconf 77' lang='grc' dir='ltr'><strong>τὴν</strong></span> 
     </span>
    </p>
   </div>
   <div class='ocr_carea' id='block_1_99' title="bbox 269 5251 1809 5324">
    <p class='ocr_par' dir='ltr' id='par_1_99' title="bbox 269 5251 1809 5324">
     <span class='ocr_line' id='line_1_99' title="bbox 269 5251 1809 5324; baseline -0.004 -18"><span class='ocrx_word' id='word_1_724' title='bbox 269 5258 348 5316; x_wconf 85' lang='grc' dir='ltr'>είς</span> <span class='ocrx_word' id='word_1_725' title='bbox 378 5254 600 5324; x_wconf 81' lang='grc' dir='ltr'><strong>ὓστερον</strong></span> <span class='ocrx_word' id='word_1_726' title='bbox 628 5255 727 5305; x_wconf 82' lang='grc' dir='ltr'><strong>οὐκ</strong></span> <span class='ocrx_word' id='word_1_727' title='bbox 764 5252 1082 5320; x_wconf 75' lang='grc' dir='ltr'><strong>ἀπαλλαγὴν</strong></span> <span class='ocrx_word' id='word_1_728' title='bbox 1111 5252 1288 5304; x_wconf 80' lang='grc' dir='ltr'><strong>αὐτῶν</strong></span> <span class='ocrx_word' id='word_1_729' title='bbox 1330 5252 1506 5319; x_wconf 85' lang='grc' dir='ltr'><strong>μόνον,</strong></span> <span class='ocrx_word' id='word_1_730' title='bbox 1541 5251 1676 5303; x_wconf 76' lang='grc' dir='ltr'><strong>ἀλλὰ</strong></span> <span class='ocrx_word' id='word_1_731' title='bbox 1720 5253 1809 5303; x_wconf 69' lang='grc' dir='ltr'>καὶ</span> 
     </span>
    </p>
   </div>
   <div class='ocr_carea' id='block_1_100' title="bbox 267 5337 1813 5415">
    <p class='ocr_par' dir='ltr' id='par_1_100' title="bbox 267 5337 1813 5415">
     <span class='ocr_line' id='line_1_100' title="bbox 267 5337 1813 5415; baseline -0.003 -20"><span class='ocrx_word' id='word_1_732' title='bbox 267 5346 365 5415; x_wconf 76' lang='grc' dir='ltr'>τὴν</span> <span class='ocrx_word' id='word_1_733' title='bbox 396 5346 601 5395; x_wconf 65' lang='grc' dir='ltr'><strong>ἐκείνου</strong></span> <span class='ocrx_word' id='word_1_734' title='bbox 624 5344 881 5409; x_wconf 81' lang='grc' dir='ltr'><strong>λαμπρὰν</strong></span> <span class='ocrx_word' id='word_1_735' title='bbox 901 5341 1247 5408; x_wconf 76' lang='grc' dir='ltr'><strong>ἀνακήρυξιν.</strong></span> <span class='ocrx_word' id='word_1_736' title='bbox 1286 5337 1555 5391; x_wconf 82' lang='grc' dir='ltr'><strong>’Υπετιθει</strong></span> <span class='ocrx_word' id='word_1_737' title='bbox 1584 5340 1639 5391; x_wconf 73' lang='grc' dir='ltr'><strong>δι</strong></span> <span class='ocrx_word' id='word_1_738' title='bbox 1666 5340 1813 5406; x_wconf 87' lang='grc' dir='ltr'><strong>αύτῷ</strong></span> 
     </span>
    </p>
   </div>
   <div class='ocr_carea' id='block_1_101' title="bbox 269 5429 1816 5497">
    <p class='ocr_par' dir='ltr' id='par_1_101' title="bbox 269 5429 1816 5497">
     <span class='ocr_line' id='line_1_101' title="bbox 269 5429 1816 5497; baseline -0.004 -10"><span class='ocrx_word' id='word_1_739' title='bbox 269 5438 362 5487; x_wconf 76' lang='grc' dir='ltr'>καὶ</span> <span class='ocrx_word' id='word_1_740' title='bbox 404 5437 470 5485; x_wconf 74' lang='grc' dir='ltr'><strong>τὰ</strong></span> <span class='ocrx_word' id='word_1_741' title='bbox 517 5434 724 5496; x_wconf 80' lang='grc' dir='ltr'><strong>δέοντα,</strong></span> <span class='ocrx_word' id='word_1_742' title='bbox 768 5433 1030 5485; x_wconf 71' lang='grc' dir='ltr'><strong>διδάσκων</strong></span> <span class='ocrx_word' id='word_1_743' title='bbox 1057 5432 1132 5497; x_wconf 86' lang='grc' dir='ltr'><strong>τῷ</strong></span> <span class='ocrx_word' id='word_1_744' title='bbox 1177 5430 1268 5481; x_wconf 83' lang='grc' dir='ltr'><strong>τοῦ</strong></span> <span class='ocrx_word' id='word_1_745' title='bbox 1304 5429 1435 5481; x_wconf 75' lang='grc' dir='ltr'><strong>Θεοῦ</strong></span> <span class='ocrx_word' id='word_1_746' title='bbox 1480 5429 1625 5497; x_wconf 76' lang='grc' dir='ltr'>φόϐῳ</span> <span class='ocrx_word' id='word_1_747' title='bbox 1678 5446 1816 5481; x_wconf 86' lang='grc' dir='ltr'><strong>στοι-</strong></span> 
     </span>
    </p>
   </div>
   <div class='ocr_carea' id='block_1_102' title="bbox 268 5519 1815 5595">
    <p class='ocr_par' dir='ltr' id='par_1_102' title="bbox 268 5519 1815 5595">
     <span class='ocr_line' id='line_1_102' title="bbox 268 5519 1815 5595; baseline -0.002 -20"><span class='ocrx_word' id='word_1_748' title='bbox 268 5523 541 5595; x_wconf 80' lang='grc' dir='ltr'><strong>χειούσθαι</strong></span> <span class='ocrx_word' id='word_1_749' title='bbox 602 5523 912 5583; x_wconf 78' lang='grc' dir='ltr'><strong>διαπαντὸς,</strong></span> <span class='ocrx_word' id='word_1_750' title='bbox 977 5523 1069 5573; x_wconf 62' lang='grc' dir='ltr'>καὶ⁵</span> <span class='ocrx_word' id='word_1_751' title='bbox 1122 5521 1197 5589; x_wconf 83' lang='grc' dir='ltr'><strong>μὴ</strong></span> <span class='ocrx_word' id='word_1_752' title='bbox 1251 5522 1315 5587; x_wconf 77' lang='grc' dir='ltr'><strong>τῇ</strong></span> <span class='ocrx_word' id='word_1_753' title='bbox 1373 5519 1565 5573; x_wconf 72' lang='grc' dir='ltr'><strong>ἑαυτοῦ</strong></span> <span class='ocrx_word' id='word_1_754' title='bbox 1622 5520 1815 5586; x_wconf 81' lang='grc' dir='ltr'><strong>γνώσει</strong></span> 
     </span>
    </p>
   </div>
   <div class='ocr_carea' id='block_1_103' title="bbox 338 5678 1353 5744">
    <p class='ocr_par' dir='ltr' id='par_1_103' title="bbox 338 5678 1353 5744">
     <span class='ocr_line' id='line_1_103' title="bbox 338 5678 1353 5744; baseline -0.005 -11"><span class='ocrx_word' id='word_1_755' title='bbox 338 5685 356 5711; x_wconf 83' lang='grc'>³</span> <span class='ocrx_word' id='word_1_756' title='bbox 404 5681 592 5734; x_wconf 75' lang='lat' dir='ltr'>Matth.</span> <span class='ocrx_word' id='word_1_757' title='bbox 640 5697 693 5744; x_wconf 80' lang='grc' dir='ltr'>ι.</span> <span class='ocrx_word' id='word_1_758' title='bbox 729 5683 816 5735; x_wconf 77' lang='lat'>37.</span> <span class='ocrx_word' id='word_1_759' title='bbox 894 5682 911 5710; x_wconf 85' lang='lat'>&#39;</span> <span class='ocrx_word' id='word_1_760' title='bbox 946 5678 1075 5733; x_wconf 83' lang='lat' dir='ltr'>Luc.</span> <span class='ocrx_word' id='word_1_761' title='bbox 1128 5695 1232 5744; x_wconf 77' lang='lat' dir='ltr'>xiv,</span> <span class='ocrx_word' id='word_1_762' title='bbox 1270 5679 1353 5731; x_wconf 81' lang='lat'>53.</span> 
     </span>
    </p>
   </div>
   <div class='ocr_carea' id='block_1_104' title="bbox 1915 4433 3461 4510">
    <p class='ocr_par' dir='ltr' id='par_1_104' title="bbox 1915 4433 3461 4510">
     <span class='ocr_line' id='line_1_104' title="bbox 1915 4433 3461 4510; baseline -0.004 -9"><span class='ocrx_word' id='word_1_763' title='bbox 1915 4464 1979 4502; x_wconf 74' lang='lat' dir='ltr'>ex</span> <span class='ocrx_word' id='word_1_764' title='bbox 2008 4448 2111 4500; x_wconf 89' lang='lat' dir='ltr'>illis</span> <span class='ocrx_word' id='word_1_765' title='bbox 2134 4444 2481 4502; x_wconf 87' lang='lat' dir='ltr'>monasterio,</span> <span class='ocrx_word' id='word_1_766' title='bbox 2514 4442 2657 4510; x_wconf 84' lang='lat' dir='ltr'>quod</span> <span class='ocrx_word' id='word_1_767' title='bbox 2689 4457 2716 4493; x_wconf 92' lang='lat' dir='ltr'>a</span> <span class='ocrx_word' id='word_1_768' title='bbox 2752 4452 2935 4494; x_wconf 84' lang='lat' dir='ltr'>sancta</span> <span class='ocrx_word' id='word_1_769' title='bbox 2963 4433 3178 4494; x_wconf 72' lang='lat' dir='ltr'>civitate</span> <span class='ocrx_word' id='word_1_770' title='bbox 3202 4457 3307 4493; x_wconf 92' lang='lat' dir='ltr'>non</span> <span class='ocrx_word' id='word_1_771' title='bbox 3337 4458 3461 4509; x_wconf 87' lang='lat' dir='ltr'>pro-</span> 
     </span>
    </p>
   </div>
   <div class='ocr_carea' id='block_1_105' title="bbox 1916 4532 3471 4598">
    <p class='ocr_par' dir='ltr' id='par_1_105' title="bbox 1916 4532 3471 4598">
     <span class='ocr_line' id='line_1_105' title="bbox 1916 4532 3471 4598; baseline -0.006 -7"><span class='ocrx_word' id='word_1_772' title='bbox 1916 4538 2001 4591; x_wconf 93' lang='lat' dir='ltr'>cul</span> <span class='ocrx_word' id='word_1_773' title='bbox 2032 4537 2236 4596; x_wconf 85' lang='lat' dir='ltr'>aberat,</span> <span class='ocrx_word' id='word_1_774' title='bbox 2263 4549 2446 4587; x_wconf 88' lang='lat' dir='ltr'>sacros</span> <span class='ocrx_word' id='word_1_775' title='bbox 2472 4532 2903 4598; x_wconf 79' lang='lat' dir='ltr'>Quadragcsiuue</span> <span class='ocrx_word' id='word_1_776' title='bbox 2932 4532 3328 4588; x_wconf 84' lang='lat' dir='ltr'>observationis</span> <span class='ocrx_word' id='word_1_777' title='bbox 3352 4534 3471 4587; x_wconf 60' lang='lat' dir='ltr'>dies</span> 
     </span>
    </p>
   </div>
   <div class='ocr_carea' id='block_1_106' title="bbox 1915 4623 3469 4697">
    <p class='ocr_par' dir='ltr' id='par_1_106' title="bbox 1915 4623 3469 4697">
     <span class='ocr_line' id='line_1_106' title="bbox 1915 4623 3469 4697; baseline -0.003 -16"><span class='ocrx_word' id='word_1_778' title='bbox 1915 4642 2093 4697; x_wconf 82' lang='lat' dir='ltr'>cgere,</span> <span class='ocrx_word' id='word_1_779' title='bbox 2133 4627 2187 4678; x_wconf 90' lang='lat' dir='ltr'>in</span> <span class='ocrx_word' id='word_1_780' title='bbox 2222 4625 2419 4693; x_wconf 86' lang='lat' dir='ltr'>quibus</span> <span class='ocrx_word' id='word_1_781' title='bbox 2470 4624 2700 4674; x_wconf 85' lang='lat' dir='ltr'>eximius</span> <span class='ocrx_word' id='word_1_782' title='bbox 2743 4624 2958 4690; x_wconf 76' lang='lat' dir='ltr'>juvenis</span> <span class='ocrx_word' id='word_1_783' title='bbox 3006 4623 3301 4690; x_wconf 81' lang='lat' dir='ltr'>Gregorius</span> <span class='ocrx_word' id='word_1_784' title='bbox 3359 4626 3469 4677; x_wconf 76' lang='lat' dir='ltr'>tale</span> 
     </span>
    </p>
   </div>
   <div class='ocr_carea' id='block_1_107' title="bbox 1912 4712 3470 4770">
    <p class='ocr_par' dir='ltr' id='par_1_107' title="bbox 1912 4712 3470 4770">
     <span class='ocr_line' id='line_1_107' title="bbox 1912 4712 3470 4770; baseline -0.002 -1"><span class='ocrx_word' id='word_1_785' title='bbox 1912 4717 1995 4770; x_wconf 85' lang='lat' dir='ltr'>sui</span> <span class='ocrx_word' id='word_1_786' title='bbox 2019 4715 2366 4768; x_wconf 87' lang='lat' dir='ltr'>meditatione</span> <span class='ocrx_word' id='word_1_787' title='bbox 2390 4728 2451 4765; x_wconf 91' lang='lat' dir='ltr'>ac</span> <span class='ocrx_word' id='word_1_788' title='bbox 2466 4712 2847 4764; x_wconf 80' lang='lat' dir='ltr'>exercitatione</span> <span class='ocrx_word' id='word_1_789' title='bbox 2866 4712 3060 4764; x_wconf 88' lang='lat' dir='ltr'>mentis</span> <span class='ocrx_word' id='word_1_790' title='bbox 3082 4712 3470 4766; x_wconf 81' lang='lat' dir='ltr'>documentum</span> 
     </span>
    </p>
   </div>
   <div class='ocr_carea' id='block_1_108' title="bbox 1912 4802 3438 4876">
    <p class='ocr_par' dir='ltr' id='par_1_108' title="bbox 1912 4802 3438 4876">
     <span class='ocr_line' id='line_1_108' title="bbox 1912 4802 3438 4876; baseline -0.005 -16"><span class='ocrx_word' id='word_1_791' title='bbox 1912 4807 2163 4876; x_wconf 67' lang='lat' dir='ltr'>praebuit,</span> <span class='ocrx_word' id='word_1_792' title='bbox 2199 4814 2256 4857; x_wconf 92' lang='lat' dir='ltr'>ut</span> <span class='ocrx_word' id='word_1_793' title='bbox 2282 4816 2471 4869; x_wconf 86' lang='lat' dir='ltr'>stupor</span> <span class='ocrx_word' id='word_1_794' title='bbox 2503 4803 2891 4854; x_wconf 83' lang='lat' dir='ltr'>monachorum</span> <span class='ocrx_word' id='word_1_795' title='bbox 2936 4812 3143 4853; x_wconf 86' lang='lat' dir='ltr'>mentes</span> <span class='ocrx_word' id='word_1_796' title='bbox 3194 4802 3438 4869; x_wconf 91' lang='lat' dir='ltr'>opprime</span> 
     </span>
    </p>
   </div>
   <div class='ocr_carea' id='block_1_109' title="bbox 1910 4889 3465 4963">
    <p class='ocr_par' dir='ltr' id='par_1_109' title="bbox 1910 4889 3465 4963">
     <span class='ocr_line' id='line_1_109' title="bbox 1910 4889 3465 4963; baseline -0.005 -15"><span class='ocrx_word' id='word_1_797' title='bbox 1910 4904 2012 4948; x_wconf 88' lang='lat' dir='ltr'>ret.</span> <span class='ocrx_word' id='word_1_798' title='bbox 2042 4896 2214 4963; x_wconf 81' lang='lat' dir='ltr'>Atque</span> <span class='ocrx_word' id='word_1_799' title='bbox 2242 4891 2459 4957; x_wconf 87' lang='lat' dir='ltr'>hospitii</span> <span class='ocrx_word' id='word_1_800' title='bbox 2484 4903 2703 4957; x_wconf 63' lang='lat' dir='ltr'>praeses,</span> <span class='ocrx_word' id='word_1_801' title='bbox 2732 4903 2853 4941; x_wconf 92' lang='lat' dir='ltr'>eum</span> <span class='ocrx_word' id='word_1_802' title='bbox 2892 4898 3032 4941; x_wconf 84' lang='lat' dir='ltr'>esset</span> <span class='ocrx_word' id='word_1_803' title='bbox 3059 4889 3232 4941; x_wconf 89' lang='lat' dir='ltr'>oculis</span> <span class='ocrx_word' id='word_1_804' title='bbox 3295 4890 3465 4941; x_wconf 85' lang='lat' dir='ltr'>animi</span> 
     </span>
    </p>
   </div>
   <div class='ocr_carea' id='block_1_110' title="bbox 1904 4977 3467 5053">
    <p class='ocr_par' dir='ltr' id='par_1_110' title="bbox 1904 4977 3467 5053">
     <span class='ocr_line' id='line_1_110' title="bbox 1904 4977 3467 5053; baseline -0.004 -18"><span class='ocrx_word' id='word_1_805' title='bbox 1904 4985 2209 5053; x_wconf 62' lang='lat' dir='ltr'>perSpicax,</span> <span class='ocrx_word' id='word_1_806' title='bbox 2249 4983 2486 5047; x_wconf 88' lang='lat' dir='ltr'>itemque</span> <span class='ocrx_word' id='word_1_807' title='bbox 2547 4979 2823 5041; x_wconf 81' lang='lat' dir='ltr'>fatidicus,</span> <span class='ocrx_word' id='word_1_808' title='bbox 2872 4994 2935 5030; x_wconf 91' lang='lat' dir='ltr'>ea</span> <span class='ocrx_word' id='word_1_809' title='bbox 2974 4978 3295 5046; x_wconf 69' lang='lat' dir='ltr'>omniaquae</span> <span class='ocrx_word' id='word_1_810' title='bbox 3337 4977 3467 5031; x_wconf 80' lang='lat' dir='ltr'>Grc-</span> 
     </span>
    </p>
   </div>
   <div class='ocr_carea' id='block_1_111' title="bbox 1907 5068 3467 5143">
    <p class='ocr_par' dir='ltr' id='par_1_111' title="bbox 1907 5068 3467 5143">
     <span class='ocr_line' id='line_1_111' title="bbox 1907 5068 3467 5143; baseline -0.005 -17"><span class='ocrx_word' id='word_1_811' title='bbox 1907 5076 2058 5143; x_wconf 86' lang='lat' dir='ltr'>gorio</span> <span class='ocrx_word' id='word_1_812' title='bbox 2105 5082 2440 5125; x_wconf 86' lang='lat' dir='ltr'>usuventura</span> <span class='ocrx_word' id='word_1_813' title='bbox 2467 5079 2641 5131; x_wconf 90' lang='lat' dir='ltr'>erant,</span> <span class='ocrx_word' id='word_1_814' title='bbox 2696 5070 2852 5136; x_wconf 76' lang='lat' dir='ltr'>longe</span> <span class='ocrx_word' id='word_1_815' title='bbox 2890 5078 3016 5120; x_wconf 87' lang='lat' dir='ltr'>ante</span> <span class='ocrx_word' id='word_1_816' title='bbox 3072 5069 3147 5119; x_wconf 90' lang='lat' dir='ltr'>illi</span> <span class='ocrx_word' id='word_1_817' title='bbox 3183 5068 3467 5131; x_wconf 69' lang='lat' dir='ltr'>manifeste</span> 
     </span>
    </p>
   </div>
   <div class='ocr_carea' id='block_1_112' title="bbox 1912 5158 3467 5234">
    <p class='ocr_par' dir='ltr' id='par_1_112' title="bbox 1912 5158 3467 5234">
     <span class='ocr_line' id='line_1_112' title="bbox 1912 5158 3467 5234; baseline -0.005 -18"><span class='ocrx_word' id='word_1_818' title='bbox 1912 5164 2178 5234; x_wconf 65' lang='lat' dir='ltr'>prmdixit,</span> <span class='ocrx_word' id='word_1_819' title='bbox 2210 5175 2406 5229; x_wconf 84' lang='lat' dir='ltr'>nempe</span> <span class='ocrx_word' id='word_1_820' title='bbox 2462 5160 2526 5212; x_wconf 79' lang='lat' dir='ltr'>ad</span> <span class='ocrx_word' id='word_1_821' title='bbox 2559 5174 2767 5212; x_wconf 88' lang='lat' dir='ltr'>sacram</span> <span class='ocrx_word' id='word_1_822' title='bbox 2814 5158 2958 5211; x_wconf 89' lang='lat' dir='ltr'>illam</span> <span class='ocrx_word' id='word_1_823' title='bbox 2996 5158 3326 5224; x_wconf 84' lang='lat' dir='ltr'>pontiticiam</span> <span class='ocrx_word' id='word_1_824' title='bbox 3384 5170 3467 5208; x_wconf 79' lang='lat' dir='ltr'>se-</span> 
     </span>
    </p>
   </div>
   <div class='ocr_carea' id='block_1_113' title="bbox 1915 5245 3465 5321">
    <p class='ocr_par' dir='ltr' id='par_1_113' title="bbox 1915 5245 3465 5321">
     <span class='ocr_line' id='line_1_113' title="bbox 1915 5245 3465 5321; baseline -0.006 -13"><span class='ocrx_word' id='word_1_825' title='bbox 1915 5256 2034 5308; x_wconf 90' lang='lat' dir='ltr'>dem</span> <span class='ocrx_word' id='word_1_826' title='bbox 2080 5264 2412 5321; x_wconf 81' lang='lat' dir='ltr'>provectum,</span> <span class='ocrx_word' id='word_1_827' title='bbox 2454 5266 2515 5303; x_wconf 90' lang='lat' dir='ltr'>ac</span> <span class='ocrx_word' id='word_1_828' title='bbox 2578 5250 2762 5302; x_wconf 88' lang='lat' dir='ltr'>multis</span> <span class='ocrx_word' id='word_1_829' title='bbox 2830 5248 3139 5308; x_wconf 84' lang='lat' dir='ltr'>insultibus,</span> <span class='ocrx_word' id='word_1_830' title='bbox 3194 5245 3465 5314; x_wconf 85' lang='lat' dir='ltr'>variisque</span> 
     </span>
    </p>
   </div>
   <div class='ocr_carea' id='block_1_114' title="bbox 1919 5334 3466 5412">
    <p class='ocr_par' dir='ltr' id='par_1_114' title="bbox 1919 5334 3466 5412">
     <span class='ocr_line' id='line_1_114' title="bbox 1919 5334 3466 5412; baseline -0.006 -14"><span class='ocrx_word' id='word_1_831' title='bbox 1919 5341 2363 5412; x_wconf 86' lang='lat' dir='ltr'>impressiOuibus</span> <span class='ocrx_word' id='word_1_832' title='bbox 2390 5340 2697 5407; x_wconf 87' lang='lat' dir='ltr'>impetitum</span> <span class='ocrx_word' id='word_1_833' title='bbox 2731 5338 2818 5401; x_wconf 91' lang='lat' dir='ltr'>iri,</span> <span class='ocrx_word' id='word_1_834' title='bbox 2859 5347 3110 5391; x_wconf 78' lang='lat' dir='ltr'>cut-terum</span> <span class='ocrx_word' id='word_1_835' title='bbox 3166 5351 3271 5388; x_wconf 89' lang='lat' dir='ltr'>non</span> <span class='ocrx_word' id='word_1_836' title='bbox 3306 5334 3466 5389; x_wconf 87' lang='lat' dir='ltr'>modo</span> 
     </span>
    </p>
   </div>
   <div class='ocr_carea' id='block_1_115' title="bbox 1922 5424 3460 5494">
    <p class='ocr_par' dir='ltr' id='par_1_115' title="bbox 1922 5424 3460 5494">
     <span class='ocr_line' id='line_1_115' title="bbox 1922 5424 3460 5494; baseline -0.007 -7"><span class='ocrx_word' id='word_1_837' title='bbox 1922 5435 1988 5487; x_wconf 91' lang='lat' dir='ltr'>iis</span> <span class='ocrx_word' id='word_1_838' title='bbox 2010 5433 2350 5487; x_wconf 87' lang='lat' dir='ltr'>liberandum</span> <span class='ocrx_word' id='word_1_839' title='bbox 2374 5446 2514 5494; x_wconf 87' lang='lat' dir='ltr'>esse,</span> <span class='ocrx_word' id='word_1_840' title='bbox 2545 5429 2636 5483; x_wconf 82' lang='lat' dir='ltr'>sed</span> <span class='ocrx_word' id='word_1_841' title='bbox 2675 5428 3012 5483; x_wconf 87' lang='lat' dir='ltr'>luculentum</span> <span class='ocrx_word' id='word_1_842' title='bbox 3046 5440 3107 5479; x_wconf 87' lang='lat' dir='ltr'>ac</span> <span class='ocrx_word' id='word_1_843' title='bbox 3139 5425 3347 5494; x_wconf 78' lang='lat' dir='ltr'>insigne</span> <span class='ocrx_word' id='word_1_844' title='bbox 3372 5424 3460 5477; x_wconf 81' lang='lat' dir='ltr'>iu-</span> 
     </span>
    </p>
   </div>
   <div class='ocr_carea' id='block_1_116' title="bbox 1922 5514 3462 5592">
    <p class='ocr_par' dir='ltr' id='par_1_116' title="bbox 1922 5514 3462 5592">
     <span class='ocr_line' id='line_1_116' title="bbox 1922 5514 3462 5592; baseline -0.008 -14"><span class='ocrx_word' id='word_1_845' title='bbox 1922 5534 2105 5578; x_wconf 89' lang='lat' dir='ltr'>turum</span> <span class='ocrx_word' id='word_1_846' title='bbox 2145 5522 2267 5592; x_wconf 76' lang='lat' dir='ltr'>eius</span> <span class='ocrx_word' id='word_1_847' title='bbox 2293 5520 2645 5591; x_wconf 70' lang='lat' dir='ltr'>praeconium.</span> <span class='ocrx_word' id='word_1_848' title='bbox 2676 5518 2793 5572; x_wconf 75' lang='lat' dir='ltr'>Mox</span> <span class='ocrx_word' id='word_1_849' title='bbox 2819 5528 3178 5572; x_wconf 77' lang='lat' dir='ltr'>consentanea</span> <span class='ocrx_word' id='word_1_850' title='bbox 3222 5514 3462 5582; x_wconf 69' lang='lat' dir='ltr'>quaedam</span> 
     </span>
    </p>
   </div>
  </div>
