4270 6428
799 403 901 467 199

1975 397 2255 460 ΜΕΝὸΙὸ
2288 396 2732 460 NOVEMBER.

3895 391 4006 455 200

794 511 1061 574 subdidit,
1084 509 1286 564 docens
1314 520 1566 580 Oportere
1593 509 1814 562 omnino
1851 509 2002 562 illum
2032 509 2124 562 Dei
2153 509 2347 562 timore
2376 514 2421 570 Α
2451 527 2480 578 φ

2320 523 2347 561 e
2376 514 2421 570 Α
2451 509 2745 578 φυσᾶσθαι,
2781 509 2918 576 μήτε
2952 507 3056 576 μὴν
3088 508 3348 577 περιορᾷν
3386 506 3611 576 πένητα,
3646 507 3677 576 ἢ
3722 521 3863 567 τινος
3897 505 4006 556 τῶν

793 599 1006 654 institui
1050 614 1112 653 ac
1137 598 1439 662 informari,
1480 614 1588 652 non
1643 598 1865 667 preprio
1911 613 2075 653 sensu
2117 598 2347 652 intume-

792 706 965 752 scere,
1040 704 1146 742 non
1207 699 1581 758 paupertatem
1651 688 1955 757 despicere,
2019 704 2128 742 non
2181 689 2343 742 vilem

792 782 1502 854 quemlibetautabjeetum
1535 782 1862 850 deprimere,
1898 782 1993 836 sed
2025 783 2346 836 aﬂlictiones

792 886 857 926 ac
893 872 1108 924 futuras
1137 871 1425 939 petitiones
1470 885 1628 938 aequo
1678 870 1861 922 animo
1918 869 2178 938 perferre.
2205 869 2346 922 Tali-

793 962 898 1016 bus
932 962 1152 1016 monitis
1181 961 1500 1028 Gregorius,
1532 977 1639 1014 non
1671 975 1828 1013 secus
1881 975 1946 1013 ac
1979 971 2122 1013 terra
2151 960 2347 1014 fertilis

795 1053 1127 1121 irrigata,ac
1181 1053 1406 1121 pulchra
1461 1053 1667 1106 semina
1720 1052 1963 1122 jucunde
2016 1053 2342 1122 suscipiens,

795 1143 1080 1196 fecundam
1108 1145 1335 1197 virtutis
1368 1144 1585 1197 aristam
1616 1144 1889 1212 producit.

863 1231 952 1285 IX.
994 1232 1128 1288 Cum
1162 1249 1294 1288 vero
1339 1234 1679 1288 hehdomada
1724 1250 1827 1302 qua
1862 1234 2117 1288 Servatur
2166 1233 2346 1289 erucis

794 1322 1060 1389 supplicio
1107 1332 1187 1376 est
1232 1323 1480 1384 allectus.
1530 1323 1878 1385 advenisset,
1915 1324 2029 1391 ipsa
2076 1323 2214 1377 duce
2259 1339 2346 1380 res

793 1412 1144 1466 admirandas
1183 1415 1363 1482 peragi
1399 1414 1557 1477 vidit,
1599 1427 1793 1482 nempe
1823 1412 2074 1469 homines
2117 1415 2170 1467 in
2209 1416 2347 1469 caelo

795 1516 824 1553 a
861 1513 1003 1556 terra
1041 1503 1194 1555 tolli:
1252 1506 1387 1556 alios
1437 1504 1656 1572 quidem
1719 1505 1970 1557 instituto
2026 1518 2088 1558 ac
2137 1506 2344 1559 ratione

797 1594 1012 1646 vivendi
1046 1594 1218 1647 nihilo
1241 1595 1447 1662 angelis
1479 1594 1765 1647 inferiores
1789 1612 1800 1646 ;
1823 1595 1959 1648 alios
1991 1595 2118 1647 item
2153 1598 2206 1650 in
2227 1610 2351 1649 eor-

795 1696 927 1750 pore
964 1685 1312 1747 exsistentcs,
1363 1684 1587 1752 perinde
1622 1699 1682 1737 ac
1716 1684 1835 1737 sine
1867 1699 2094 1753 corpore
2133 1696 2346 1750 essent,

797 1769 906 1822 cibi
941 1781 1192 1839 expertes
1250 1774 1466 1840 degere.
1518 1769 1718 1827 Fluxus
1770 1773 1903 1826 vidit
1954 1774 2344 1844 lacrymarum,

797 1857 1030 1911 fontium
1068 1863 1176 1914 fere
1207 1860 1429 1914 ﬂumina
1454 1872 1794 1930 superantes.
1822 1861 1998 1930 Atque
2027 1864 2097 1915 ita
2128 1875 2349 1932 stupore

798 1946 1073 2013 detentus,
1114 1951 1227 2017 ipse
1258 1966 1315 2003 se
1353 1951 1688 2019 deplorabat,
1726 1961 1782 2005 et
1826 1953 2005 2006 animo
2055 1955 2351 2008 vehemen—

799 2045 885 2086 ter
921 2037 1234 2104 angebatur.
1273 2040 1369 2092 llei
1416 2037 1584 2103 mihi,
1612 2041 1882 2108 inquiens,
1908 2042 2028 2108 quis
2056 2057 2173 2095 sum
2207 2059 2304 2112 ego
2333 2051 2354 2102 ?

797 2124 1041 2190 Quonam
1062 2144 1160 2195 ego
1191 2139 1347 2190 pacto
1371 2146 1491 2184 cum
1516 2131 1600 2184 his
1631 2132 1762 2185 viris
1794 2131 1886 2184 Dei
1910 2132 2114 2198 judicio
2134 2133 2353 2186 sistam?

798 2215 1009 2271 Rursus
1060 2221 1252 2274 nolens
1303 2221 1700 2290 deSperationis
1760 2222 2029 2290 profundo
2081 2224 2350 2294 demergi:

800 2307 854 2359 Si
890 2307 1169 2372 Dominus,
1205 2310 1407 2374 aiebat,
1442 2326 1610 2380 prope
1637 2311 1878 2364 adestiis
1928 2312 2020 2379 qui
2079 2313 2354 2370 confracta

800 2404 928 2446 sunt
960 2396 1143 2458 corde.
1175 2408 1234 2451 et
1264 2413 1378 2463 eos,
1407 2401 1500 2466 qui
1539 2399 1746 2468 dejecto
1784 2409 1913 2452 sunt
1944 2401 2146 2464 animo,
2181 2403 2354 2460 salvos

801 2484 956 2548 facit;
991 2495 1167 2553 potest
1205 2488 1388 2540 itidem
1424 2489 1566 2541 Deus
1611 2504 1695 2542 me
1746 2504 1965 2542 servare
2035 2505 2097 2544 ac
2145 2507 2356 2547 merce-

800 2573 947 2636 dem,
982 2590 1087 2626 non
1116 2575 1276 2628 aliter
1309 2586 1471 2644 atque
1498 2577 1586 2640 iis,
1609 2576 1699 2645 qui
1736 2578 2022 2632 undecima
2054 2579 2187 2635 hora
2220 2599 2355 2637 con-

802 2665 951 2717 ducti
1009 2665 1216 2726 sunt',
1256 2666 1349 2732 qui
1399 2667 1621 2720 omnino
1669 2669 1801 2722 nihil
1856 2673 2037 2740 operis
2094 2684 2354 2743 egerunt,

804 2753 1111 2821 impertire.
1143 2753 1304 2807 Hunc
1353 2754 1517 2823 igitur
1561 2770 1685 2809 cum
1717 2757 1880 2812 etiam
1916 2762 2231 2825 monachus,
2264 2763 2356 2830 qui

803 2843 954 2897 hunc
992 2845 1170 2913 ipsum
1211 2845 1340 2898 illuc
1373 2842 1699 2911 adduxerat,
1736 2847 1815 2901 sic
1853 2849 2092 2917 graviter
2127 2852 2246 2921 angi
2278 2861 2358 2906 at-

804 2949 911 3002 que
950 2936 1148 2989 tristari
1185 2946 1494 3001 cernentes,
1524 2938 1921 3006 separationem
1973 2956 2004 2994 a
2057 2941 2220 2996 rebus
2259 2943 2356 2997 do-

804 3025 1065 3088 mesticis,
1093 3025 1301 3080 doloris
1344 3041 1464 3080 eam
1494 3027 1726 3096 ingentis
1766 3043 1980 3084 causam
2013 3032 2089 3085 illi
2120 3035 2358 3102 praebere

804 3113 1065 3180 suspicati
1110 3123 1257 3167 sunt.
1303 3113 1489 3182 itaque
1544 3106 1922 3172 consolatoriis
1972 3119 2121 3173 illum
2173 3123 2355 3177 verbis
2389 3166 2429 3196 τ,

806 3204 886 3257 sic
910 3204 1297 3272 alloquuntur:
1329 3205 1407 3259 Ne
1433 3206 1672 3272 tristere,
1709 3208 1976 3275 dicentes,
2014 3211 2362 3276 fili;confidi-
2384 3199 2430 3223 ν

809 3308 930 3346 nius
961 3295 1105 3347 enim
1137 3294 1270 3357 Deo,
1305 3311 1410 3349 non
1448 3297 1619 3350 multo
1651 3307 1775 3367 post
1800 3297 2129 3358 domesticos
2172 3313 2222 3359 te
2275 3307 2358 3358 in-

808 3382 1076 3446 visurum,
1107 3386 1346 3454 satisque
1375 3395 1501 3440 voto
1535 3386 1808 3440 facturum
1849 3403 1988 3442 esse.
2023 3389 2192 3455 Quam
2232 3408 2357 3460 pro-

809 3471 897 3524 cul
948 3472 1082 3526 mihi
1119 3471 1401 3537 videmini,
1441 3472 1629 3528 Patres
1658 3474 1809 3541 (illis
1839 3475 2079 3546 inquit),
2104 3494 2134 3532 a
2183 3483 2364 3534 consi-

809 3557 899 3615 liis
918 3563 1055 3616 meis
1089 3563 1566 3632 aberrare.Neque
1585 3565 1727 3618 enim
1759 3565 1824 3620 iis
1850 3566 1916 3620 de
1946 3571 2124 3623 causis
2155 3571 2363 3639 aflligor

816 3655 1023 3718 animo,
1052 3669 1250 3723 nempe
1295 3669 1405 3708 non
1442 3656 1607 3711 licere
1639 3656 1772 3710 mihi
1805 3672 1911 3711 non
1946 3671 2221 3726 parentes,
2253 3678 2360 3717 non

810 3742 1019 3807 amnes,
1055 3759 1163 3796 non
1193 3744 1433 3814 denique
1465 3746 1700 3814 patrium
1755 3747 1931 3800 solum
1990 3748 2213 3814 intueri,
2273 3764 2360 3807 est

810 3837 956 3886 enim
991 3833 1124 3886 mihi
1151 3833 1321 3887 instar
1354 3835 1546 3888 horum
1575 3836 1844 3900 omnium,
1876 3846 2038 3906 atque
2065 3840 2203 3895 adeo
2237 3843 2359 3910 plu-

818 3924 895 3977 ris
927 3923 1140 3979 caateris
1160 3925 1432 3988 omnibus,
1463 3925 1655 3980 oculus
1676 3925 1771 3980 Dei
1794 3927 1848 3980 in
1878 3941 2038 3995 quem
2072 3931 2361 4000 aspiciens,

811 4024 864 4067 et
896 4015 962 4066 ab
996 4015 1111 4082 ipso
1138 4013 1441 4084 inspectus,
1477 4017 1687 4070 tristem
1716 4031 1779 4070 ac
1811 4017 2069 4071 afﬂictum
2108 4024 2363 4078 consolor

812 4105 1075 4166 animum,
1110 4107 1205 4158 sed
1247 4105 1384 4159 nihil
1417 4105 1487 4160 de
1526 4106 1671 4160 illius
1714 4108 1982 4162 sententia
2013 4110 2185 4176 egisse
2236 4129 2366 4168 con-

813 4193 985 4247 scium
1017 4208 1158 4258 esse,
1191 4193 1296 4248 hoc
1327 4195 1484 4259 mihi,
1523 4196 1689 4265 idque
1725 4204 1920 4263 totum,
1957 4201 2208 4255 mmroris
2239 4217 2364 4257 cau-

813 4297 926 4336 sam
958 4281 1138 4338 aﬂert.
1170 4285 1304 4338 Nam
1343 4286 1490 4354 quod
1532 4286 1600 4339 ab
1625 4286 1877 4341 humanis
1912 4290 2230 4358 parentibus
2264 4291 2365 4346 ab-

815 4375 916 4426 sim
947 4375 1175 4443 (parum
1202 4374 1387 4429 dicere
1417 4381 1672 4443 vereor),
1704 4377 1791 4431 his
1823 4377 1889 4430 ad
1926 4382 2365 4449 consequendum

2450 599 2686 651 εὐτελῶν
2721 597 3169 666 κατεπαίρεσθαι,
3198 598 3334 651 ἀλλά
3366 600 3458 651 καὶ
3490 599 3548 650 τὺ
3583 597 3702 665 μεθ’
3728 595 4006 664 ὑπομονῆς

2446 688 2696 755 δέχεσθαι
2743 689 2867 748 τοὺς
2911 687 3204 754 μέλλοντας
3246 688 3576 757 ὑπέρχεσθαι
3619 687 3956 757 πειρίσμοὺς
3985 700 4003 720 ·

2445 771 2524 837 οἷς
2551 778 2579 828 ὁ
2615 776 2913 846 Γρηγόριος
2936 775 3124 845 ῶσπερ
3149 794 3232 840 τις
3260 777 3490 848 εὔφορος
3520 778 3591 846 γῆ
3623 779 3744 830 λίαν
3773 777 4008 848 ἀρδόμε-

2447 881 2555 928 νος,
2591 867 2687 917 καὶ
2715 867 2780 918 τά
2809 866 2948 918 καλὰ
2990 866 3097 917 τῶν
3138 869 3466 936 σπερμάτων
3502 869 3672 935 ἡδέως
3700 869 4010 936 δεχόμενος,

2447 955 2547 1023 τῆς
2575 953 2776 1024 ἀρετῆς
2807 954 3071 1024 πολύχουν
3097 955 3464 1027 ὲκαρποφόρει
3493 957 3584 1011 τὸν
3608 959 3865 1027 ἀσταχυν.

2517 1213 2594 1266 Θ’.
2623 1213 2736 1282 Τῆς
2771 1212 2826 1264 δὲ
2863 1212 2957 1266 τοῦ
2990 1216 3256 1286 σωτηρίου
3289 1217 3492 1281 πάθους
3521 1217 3818 1287 ἑϐδομάδος
3844 1237 4014 1271 κατα-

2447 1305 2737 1374 λαϐούσης,
2766 1307 2823 1357 ἑν
2911 1306 3061 1376 διῆγε
3099 1312 3231 1378 μονῇ
3267 1307 3407 1362 εἶδεν
3435 1311 3685 1381 ὑπερφυῆ
3707 1311 4012 1380 τελούμενα

2451 1396 2772 1464 πράγματα,
2815 1394 2954 1451 εἶδεν
2996 1399 3317 1467 ἀνθρώπους
3356 1401 3462 1452 ἀπὸ
3512 1403 3613 1470 γῆς
3655 1404 3734 1464 είς
3782 1404 4015 1469 οὐρανὸν

2449 1489 2791 1556 αἰρομένους,
2861 1489 2967 1542 εἶδε
3024 1489 3303 1544 πολιτείαν
3371 1493 3523 1546 οὐδὲν
3589 1495 3700 1545 τῶν
3765 1496 4015 1562 ἀγγέλων

2450 1580 2795 1644 ἀπεοικυῖαν,
2826 1580 2964 1635 εἶδεν
2999 1582 3210 1636 ἀσιτίαν
3232 1585 3289 1636 ἐν
3325 1583 3537 1654 σώματι
3567 1586 3674 1638 τῶν
3705 1588 4017 1651 άσωμάτιιν

2453 1670 2634 1738 σχεδὸν
2665 1672 2763 1723 οὐκ
2795 1674 3124 1742 ἀπέχουσαν,
3183 1673 3394 1744 ἑώρακε
3443 1676 3694 1744 δακρύων
3741 1678 4016 1746 ῥεύματα,

2457 1761 2650 1830 μικροῦ
2674 1765 2782 1823 τοῖς
2814 1764 3050 1832 ῥείθροις
3081 1767 3187 1816 τῶν
3216 1763 3409 1831 πηγῶν
3435 1767 3832 1835 παρισούμενα.
3864 1768 4019 1837 Θάμι

2454 1851 2538 1901 6ει
2572 1853 2702 1918 γοῦν
2735 1854 3018 1922 συσχεθεὶς
3045 1856 3237 1907 ἑαυτὶν
3272 1856 3615 1920 ἀπεκλαίετο,
3649 1861 3742 1910 καὶ
3785 1859 3882 1927 τὴν
3911 1862 4019 1926 ea.

2452 1944 2548 2009 χὴν
2582 1942 2940 2012 συνετρίϐετο,
2999 1944 3181 2013 Οῖμοι,
3224 1946 3413 2013 λέγων,
3439 1946 3521 2007 τίς
3557 1947 3834 2013 γένωμαι;
3894 1944 4013 2005 πῶς

2453 2034 2588 2100 μετά
2620 2036 2824 2086 τούτων
2851 2035 2958 2087 τῶν
2985 2036 3191 2104 ἀνδρῶν
3219 2038 3274 2087 ἑν
3327 2037 3508 2106 ἡμέρᾳ
3557 2040 3789 2104 κρίσεως
3832 2055 4018 2106 παρα-

2454 2125 2740 2191 στήσομαι;
2763 2125 2926 2186 Αὖθις
2955 2126 3009 2177 δὲ
3037 2129 3109 2193 μὴ
3139 2127 3306 2177 θέλων
3328 2127 3609 2196 ἑαυτὸντῴ
3642 2129 3732 2196 τῆς
3762 2129 4024 2194 ἀπογνώ-

2455 2230 2588 2275 σεως
2622 2215 2906 2283 ἐπαφεῖναι
2939 2216 3105 2284 βυθῷ,
3143 2217 3480 2285 μεταϐαλὼν,
3547 2220 3740 2283 Ἐγγύς
3790 2221 4018 2288 Κύριος,

2456 2306 2634 2370 ἔλεγε,
2671 2309 2782 2369 τοῖς
2819 2310 3302 2375 συντετριμμένοις
3359 2311 3422 2376 τῇ
3473 2308 3693 2377 καρδία,
3734 2311 3828 2360 καὶ
3887 2309 4019 2370 τοὺς

2458 2398 2753 2458 ταπεινοὺς
2783 2398 2862 2466 τῷ
2888 2398 3161 2466 πνεύματι
3191 2398 3371 2452 σώσει.
3396 2399 3629 2459 Δυνατός
3653 2403 3800 2450 ἐστιν
3823 2401 3849 2451 ό
3880 2399 3968 2451 Θε
3989 2417 4018 2460 ς

2457 2485 2805 2554 σῶσαικάμὲ
2861 2489 2952 2538 καὶ
3003 2487 3183 2538 δοῦναι
3243 2486 3431 2553 μισθὸν
3464 2487 3538 2549 ὡς
3589 2488 3696 2547 τοῖς
3737 2490 3864 2555 περὶ
3918 2489 4022 2553 τὴν

2456 2576 2745 2642 ἑνδεκάτην
2780 2576 2928 2643 ὥραν
2979 2577 3130 2629 οὐδὲν
3196 2575 3330 2637 ὅλως
3374 2577 3786 2644 ἐργασαμένοις.
3829 2577 4018 2637 Οὖτως

2455 2665 2546 2717 οὖν
2579 2666 2812 2733 ὁρῶντες
2847 2666 3005 2718 αὐτὸν
3038 2667 3253 2734 κατηφῆ
3287 2667 3378 2718 καὶ
3429 2666 3726 2732 περίλυπον
3756 2667 3782 2718 ὅ
3804 2683 3860 2717 τε
3914 2662 4017 2736 τῆς

2456 2756 2689 2825 ποίμνης
2738 2755 2939 2821 ταύτης
2995 2758 3198 2822 ποιμὴν
3246 2755 3273 2806 ὅ
3337 2771 3393 2806 τε
3449 2753 3555 2822 μὴν
3594 2752 3814 2821 ἀγαγὼν
3855 2756 4025 2806 αὐτον

2456 2849 2571 2898 ἐκεῖ
2602 2846 2852 2914 μοναχδς,
2877 2847 2974 2916 τὴν
2996 2845 3288 2913 ἀπόλειψιν
3308 2846 3415 2896 τῶν
3438 2847 3651 2897 οίκείων
3671 2844 3848 2896 αἰτίαν
3875 2841 4022 2897 εἶναι

2458 2938 2550 2990 καὶ
2583 2941 2679 3007 τῆς
2735 2937 2910 3006 λύπης
2978 2937 3316 2990 ὑπώπτευον.
3380 2936 3474 2998 Ὠς
3505 2935 3562 2988 et
3607 2936 3670 3005 δὴ
3703 2939 3793 2988 καὶ
3831 2938 4025 3004 λόγους

2459 3026 2730 3094 προσῆγον
2758 3025 2902 3094 αὐτῲ
2934 3026 3357 3094 παρακλήσεως,
3401 3025 3491 3094 Μὴ
3517 3024 3706 3087 λυποῦ,
3739 3025 4016 3092 λέγοντες,

2463 3116 2646 3166 τέκνον
2673 3129 2687 3143 ’
2720 3114 3044 3182 πιστεύομεν
3075 3115 3181 3183 γὰρ
3214 3115 3290 3182 τῷ
3323 3113 3440 3183 Θεῷ
3474 3116 3546 3175 ὡς
3603 3117 3661 3166 οὐ
3698 3115 3836 3182 μετά
3886 3117 4025 3168 πολὺ

2463 3205 2587 3265 τούς
2622 3221 2678 3257 τε
2704 3205 2936 3266 οἰκείους
2997 3205 3272 3272 ἀπολήψῃ.
3325 3206 3418 3256 καὶ
3478 3206 3864 3274 παραμυθήσει
3931 3207 4026 3258 τὸν

2461 3293 2656 3364 ἔρωτα.
2703 3293 2841 3345 Ἀλλ’
2879 3296 3034 3362 ὑμεῖς
3063 3311 3148 3362 γε,
3195 3293 3347 3346 εἶπεν
3394 3296 3618 3360 ἐκεῖνος,
3653 3291 3697 3347 ὦ
3749 3298 4016 3366 Πατέρες,

2464 3386 2556 3434 καὶ⁸
2587 3385 2726 3434 πάνυ
2761 3400 2852 3453 μοι
2887 3385 3090 3436 δοκεῖτε
3118 3387 3214 3452 τῆς
3240 3385 3377 3452 ἐμῆς
3411 3385 3634 3454 γνώμης
3665 3388 3756 3436 καὶ
3780 3386 4028 3449 διανοίας

2463 3475 2649 3544 πόρρω
2671 3474 2928 3541 βαδίζειν.
2963 3476 3095 3527 Οὐδὲ
3140 3475 3248 3542 γὰρ
3305 3475 3390 3526 διὰ
3442 3475 3614 3527 ταῦτα
3651 3476 3858 3544 βαρέως
3913 3478 4028 3542 ἑγὼ

2464 3568 2634 3636 φέρω,
2661 3567 2740 3618 ὅτι
2769 3582 2860 3633 μοι
2888 3566 2961 3634 μὴ
2999 3566 3125 3626 τοὺς
3155 3567 3414 3628 τεκόντας
3444 3566 3580 3634 μηδὲ
3612 3568 3673 3618 τὸ
3704 3567 3801 3636 τῆς
3827 3569 4027 3634 πατρί-

2461 3657 2548 3720 δος
2578 3657 2768 3724 ἔδαφος
2793 3655 2969 3721 ιξεστι
2998 3655 3237 3723 βλέπειν
3272 3655 3388 3707 ἔστι
3443 3657 3551 3725 γάρ
3593 3671 3682 3725 μοι
3723 3657 3828 3726 πρὸ
3883 3661 4024 3710 πάν-

2460 3764 2589 3810 των,
2623 3747 2824 3816 μᾶλλον
2856 3746 2912 3797 δὲ
2961 3747 3082 3798 ἀντὶ
3133 3745 3348 3797 πάντων
3398 3745 3624 3811 τούτων,
3674 3748 3702 3799 ό
3749 3744 3843 3797 τοῦ
3885 3747 4026 3800 Θεοῦ

2465 3837 2758 3904 ὀφθαλμὸς,
2795 3836 2930 3904 πρὸς
2958 3836 3019 3888 ὃν
3053 3835 3164 3902 ὲγῶ
3196 3835 3429 3904 βλέπων,
3461 3837 3556 3888 καὶ
3590 3836 3692 3902 ὑφ’
3743 3830 3804 3888 οὖ
3858 3840 4026 3889 πάλιν

2469 3925 2821 3995 βλεπόμενος,
2856 3923 2954 3994 τὴν
2986 3923 3308 3992 όδυνωμόνῳ
3340 3939 3430 3991 μοι
3460 3920 3895 3992 παραμυθοῦμαι
3922 3923 4029 3992 ψυ-

2465 4017 2587 4085 χήν.
2640 4013 2776 4066 Ἀλλ’
2806 4011 2983 4065 ἑκεῖνό
3017 4029 3104 4082 μοι
3125 4012 3218 4065 καὶ
3245 4013 3408 4081 μόνον
3436 4013 3536 4080 τῆς
3593 4011 3769 4080 λύπης
3822 4013 4026 4075 αἴτιον,

2466 4107 2549 4159 ὅτι
2576 4105 2740 4176 μηδὲν
2770 4104 3008 4172 ἐμαυτὸν
3041 4102 3253 4155 σύνοιδα
3272 4103 3422 4155 ’κατά
3453 4103 3512 4153 τὺ
3543 4101 3753 4154 ἐκείνου
3808 4101 4025 4170 θέλημα

2466 4195 2689 4264 δράσας,
2723 4195 2846 4246 tm).
2877 4193 2958 4246 τοί
2993 4209 3053 4260 γε
3077 4193 3159 4245 ὅτι
3196 4193 3344 4261 τόπῳ
3367 4192 3474 4244 τῶν
3495 4193 3635 4243 κατά
3686 4191 3863 4260 σάρκα
3902 4208 4028 4258 γεν-

2468 4285 2709 4353 νητόρων
2734 4283 3062 4352 διείργομαι,
3101 4280 3296 4349 μικροῦ
3331 4281 3433 4332 δέω
3464 4281 3642 4346 λέγειν
3674 4279 3754 4330 ὅτι
3782 4280 3874 4330 καὶ
3903 4280 4026 4348 ἥξο-

2474 4391 2570 4444 μαι
2605 4372 2822 4444 μᾶλλον,
2861 4370 3001 4424 οὕτω
3032 4369 3421 4440 πεπλουτηκὼς
3445 4370 3518 4432 ὡς
3551 4369 3641 4421 τὸν
3673 4369 3806 4422 Θεὸν
3861 4371 4026 4436 μόνον

818 4471 1023 4530 patrem
1050 4460 1216 4515 Deum
1263 4462 1470 4517 divitiis
1499 4465 1825 4532 cumulatus,
1860 4468 2030 4537 magis
2069 4471 2230 4524 etiam
2275 4471 2366 4526 lae-
2395 4483 2440 4539 ι)
2468 4485 2504 4521 ει

2343 4503 2366 4514 -
2395 4483 2440 4539 ι)
2468 4468 2763 4536 εὐτυχῆσαι
2789 4463 3023 4532 πατέρα.
3062 4461 3202 4514 Ἀλλ’
3234 4461 3489 4530 εὓχεσθαι
3514 4461 3671 4532 μόνον
3702 4462 3894 4530 δέομαι
3924 4461 4027 4527 τῆς

818 4558 922 4602 tor.
952 4549 1297 4604 Verumenim
1333 4567 1556 4608 necesse
1620 4553 1816 4619 habeo,
1854 4565 1913 4610 ut
1943 4573 2041 4612 vos
2070 4559 2227 4630 (quas
2269 4577 2366 4616 ve-

817 4647 927 4691 stra
967 4645 1051 4692 est
1090 4640 1387 4710 sanctitas)
1422 4656 1522 4708 pro
1553 4641 1920 4699 imbecillitate
1958 4659 2021 4700 ac
2065 4646 2368 4704 humilitate

818 4743 936 4782 mea
958 4729 1146 4784 oretis.
1181 4728 1304 4784 Haec
1323 4731 1617 4802 Gregorius
1638 4749 1759 4787 cum
1783 4749 1847 4788 ex
1868 4735 2047 4789 animo
2073 4737 2368 4809 intimaque

817 4819 1150 4874 conscientia
1187 4819 1430 4884 dixisset,
1462 4838 1572 4876 non
1617 4838 1740 4878 eum
1776 4826 2008 4895 amplius
2051 4827 2128 4882 illi
2161 4814 2363 4884 conso-

815 4904 913 4960 lari
949 4916 1074 4961 sunt
1122 4911 1382 4978 aggressi,
1437 4913 1656 4980 quando
1716 4914 1831 4983 ipse
1881 4915 2096 4972 abunde
2146 4921 2362 4988 quidem

817 4995 953 5050 alios
981 5000 1248 5053 consolari
1280 5015 1438 5070 posse
1472 5002 1771 5059 videretur.

890 5085 957 5140 Χ.
993 5086 1125 5141 Cum
1152 5105 1280 5144 vero
1316 5092 1432 5146 dies
1459 5094 1548 5147 illa
1581 5094 1794 5148 dierum
1831 5098 2071 5152 omnium
2110 5113 2176 5157 ac
2217 5102 2361 5157 cele-

2468 4557 2621 4628 ὑμῶν
2651 4555 2930 4622 ἁγιότητος
2964 4553 3103 4619 ύπὲρ
3132 4555 3229 4621 τῆς
3267 4549 3406 4621 ἐμῆς
3463 4549 3746 4611 ἀσθενείας
3783 4551 3876 4601 καὶ
3926 4565 4026 4618 με⁹

2468 4651 2770 4719 τριότητος.
2801 4645 2986 4706 Οὕτως
3015 4644 3262 4704 εἰπόντος
3296 4641 3392 4694 τοῦ
3415 4642 3454 4693 Γ
3459 4641 3716 4711 ρηγορίου
3740 4643 3876 4708 μετά
3899 4641 4023 4692 πολε

2467 4740 2566 4808 λῆς
2593 4739 2688 4804 τῆς
2717 4735 2856 4788 κατά
2890 4732 3103 4801 πνεῦμα
3133 4731 3425 4792 συνέσεως,
3478 4731 3577 4781 οἰκ
3630 4729 3710 4779 ἑτι
3763 4729 4025 4793 προσέθε-

2471 4847 2569 4883 σαν
2600 4830 2750 4880 αὑτοὶ
2780 4829 3082 4894 παραινεῖν,
3115 4825 3193 4894 τῷ
3224 4825 3317 4876 καὶ
3348 4823 3529 4882 ἄλλοις
3559 4821 3846 4888 παραινεῖν
3894 4820 4021 4886 μᾶλα

2467 4925 2557 4975 λον
2587 4921 2784 4982 ἱκανῶς
2808 4919 3005 4988 ἔχοντι.

2537 5099 2594 5153 l'.
2633 5099 2745 5168 Τῆς
2769 5098 2825 5151 δὶ
2859 5095 3053 5165 κυρίας
3085 5094 3176 5146 καὶ
3205 5091 3428 5163 πρώτης
3462 5086 3875 5155 καταλαϐούσης
3916 5087 4018 5138 τῶι

821 5178 1080 5232 britatum
1131 5180 1287 5236 facile
1338 5185 1606 5254 princeps,
1649 5202 1753 5255 qua
1794 5187 2043 5244 Christus
2076 5191 2143 5244 ab
2179 5191 2361 5249 inferis
2466 5196 2499 5262 ἠ

2343 5209 2361 5249 s
2466 5192 2690 5262 ἡμερῶν
2722 5191 2838 5258 ἃμα
2867 5191 2962 5240 καὶ
2986 5185 3208 5256 ἑορτῶν,
3235 5186 3267 5253 ἠ
3293 5183 3571 5253 ζωηφὸρος
3595 5179 3735 5248 αὕτη
3761 5178 3858 5247 τῆς
3893 5178 4029 5247 Χρι-

820 5269 1111 5333 excitatus,
1150 5269 1387 5325 humano
1427 5274 1610 5342 generi
1642 5274 1806 5328 vitam
1832 5276 2000 5342 dedit,
2034 5279 2362 5346 advenisset,

821 5358 1104 5413 confestim
1140 5376 1328 5416 omnes
1369 5377 1473 5416 una
1503 5378 1625 5416 cum
1672 5366 1898 5435 praeside
1928 5370 2200 5437 monachi,
2233 5371 2365 5426 Gre-

821 5451 974 5518 gorio
1031 5451 1178 5516 item,
1238 5467 1302 5506 ac
1354 5454 1528 5507 tribus
1573 5455 1682 5510 illis
1753 5457 1886 5512 viris
1940 5460 2249 5525 comitibus,
2311 5465 2366 5517 in

825 5549 1065 5596 sanctam
1100 5542 1370 5597 civitatem
1422 5547 1804 5601 ascenderunt.
1841 5548 2011 5604 Porro
2050 5566 2173 5607 cum
2215 5553 2364 5608 illum

905 5721 923 5750 ⁸
950 5721 1088 5776 Psal.
1122 5738 1280 5787 xxxv,
1319 5723 1407 5781 ll.
1483 5725 1502 5756 ⁸
1536 5722 1722 5779 Matth.
1760 5741 1850 5793 xx,
1889 5725 1976 5781 l9.

2472 5283 2600 5336 στοῦ
2631 5279 2995 5341 ἀναστάσεως,
3021 5278 3181 5338 εὐθὺς
3224 5274 3277 5327 οῖ
3305 5291 3363 5326 τε
3419 5271 3640 5340 μοναχοὶ
3675 5270 3873 5329 πάντες
3927 5269 4026 5319 σὺν

2472 5375 2585 5440 ἅμα
2611 5373 2685 5440 τῷ
2712 5368 3010 5438 προεστῶτι
3036 5366 3317 5435 Γρηγορίῳ
3340 5379 3398 5416 τε
3427 5363 3523 5416 καὶ
3545 5363 3657 5422 τοῖς
3681 5362 3860 5428 τρισὶν
3882 5359 4026 5409 ἑκείο

2473 5481 2582 5526 νοις
2607 5461 2882 5530 ἀνδράσιν,
2916 5461 2995 5520 είς
3022 5458 3120 5527 τὴν
3147 5457 3307 5524 ἁγίαν
3341 5454 3636 5524 ἀνήρχοντο
3663 5451 3835 5503 πόλιν.
3875 5448 4026 5500 Ἐπεὶ

2474 5555 2529 5609 δὶ
2565 5554 2656 5609 καὶ
2676 5557 2754 5615 είς
2787 5553 2883 5620 τὴν
2911 5549 3074 5618 ἁγίαν
3106 5547 3353 5619 εἰσῆλθον
3387 5548 3699 5607 ἀνάστασιν,
3756 5541 3855 5595 καὶ
3894 5544 4025 5602 τοῖος
