4270 6428
218 408 323 474 201

1160 400 1336 460 νιτΑ
1382 396 1440 455 s.
1494 388 1871 453 GREGORII
1913 389 2446 458 AGRIGENTINI.

3316 388 3422 451 202

218 518 415 578 ἄλλους
436 514 544 567 τῶν
567 514 727 584 ίιρῶν
760 509 1051 582 περιῆλθον
1085 508 1283 567 τόπους
1317 506 1415 559 καὶ
1432 502 1773 571 προσεκύνη-
1800 507 1848 559 Α
1874 500 1904 553 lt

1706 518 1773 569 η·-
1800 507 1848 559 Α
1874 500 2074 567 locum,
2105 503 2197 557 ubi
2222 503 2469 559 Christus
2498 521 2523 557 ο
2554 512 2725 559 morte
2751 502 3047 559 suscitatus
3072 509 3176 565 est,
3202 502 3392 558 ictrois

218 625 341 671 σαν,
390 606 755 674 ἠγαλλιάσατο
807 601 904 671 τὴν
956 599 1134 668 ψυχὴν
1175 601 1203 651 6
1262 596 1401 657 θεῖος
1452 593 1769 664 Γρηγὸριος,

218 700 434 767 πλήρης
461 713 520 749 τε
547 695 826 762 θαύματος
852 692 1086 761 κατέστη
1120 690 1213 742 καὶ
1254 687 1448 756 ἡδονῆς
1506 684 1604 753 τὴν
1647 684 1773 749 περὶ

216 791 343 851 τοὺς
376 790 576 856 ὓμνους
606 788 699 839 καὶ
736 786 833 847 τὰς
875 783 1022 845 θείας
1050 780 1191 851 ᾠδὰς
1226 778 1334 830 τῶν
1389 778 1568 828 ἐκεῖσε
1606 773 1773 826 κατά-

218 891 417 929 στασιν
451 876 813 941 Θεασάμενος,
838 872 934 924 καὶ
964 870 1118 922 οὐδὲν
1167 865 1411 934 ἀγγέλων
1460 864 1775 933 ἀπᾴδουσαν

218 965 358 1019 εἶναι
393 968 640 1034 νομίσας.
673 964 763 1031 Τῷ
792 961 1205 1032 ἀρχιεπισκόπῳ
1232 959 1309 1017 είς
1331 954 1545 1024 ὁμιλίαν
1592 954 1774 1006 ἐλθόν-

218 1074 308 1118 τες
341 1056 643 1121 ξενίζονται
667 1052 794 1121 παρ’
832 1052 1000 1121 αὐτῷ,
1035 1050 1130 1101 καὶ
1153 1048 1251 1116 τῆς
1301 1046 1557 1117 ὁρθρινῆς
1595 1046 1777 1105 αὐτοῖς

222 1146 568 1213 τελεσθείσης
588 1144 911 1209 δοξολογίας,
938 1141 1012 1203 ὡς
1041 1139 1345 1208 εἰθισμένον
1369 1138 1503 1201 tati,
1530 1136 1776 1204 προκαθ-

220 1238 361 1298 ίσας,
415 1234 635 1295 τούτους
682 1233 888 1295 ἐκάλει,
920 1228 1171 1299 πρώτους
1217 1227 1644 1294 ἀσπασομένους,
1677 1217 1777 1274 εἷθ’

220 1330 373 1394 ἑξῆς,
400 1329 527 1387 τοὺς
562 1325 895 1382 ἐπισκόπους
929 1321 1021 1373 καὶ
1050 1320 1345 1388 κληρικοὺς
1384 1317 1477 1369 καὶ¹
1509 1315 1634 1376 τοὺς
1676 1313 1775 1367 ἀλ-

220 1420 340 1480 λους
371 1418 478 1469 τῶν
508 1414 922 1483 συμπαρόντων,
971 1410 1154 1463 ἐκεῖνά
1196 1426 1255 1461 τε
1298 1406 1633 1471 συλλαλήσας
1680 1405 1777 1456 αύ-

219 1509 477 1569 τοῖ;,6σα
501 1506 559 1556 τὸ
589 1504 774 1568 κέρδος
809 1498 914 1554 οἶδε
940 1501 1125 1568 φέρειν
1182 1501 1260 1561 είς
1313 1498 1411 1566 τῆν
1458 1497 1656 1564 ψυχὴν,
1714 1494 1774 1545 τὸ

223 1597 323 1662 μὲν
354 1596 537 1647 λοιπὸν
552 1594 825 1662 ἄθροισμα
853 1592 988 1653 λύει,
1014 1591 1101 1643 τὸν
1134 1586 1407 1654 ἀγαγόντα
1436 1586 1490 1637 δὲ
1508 1587 1595 1636 τὸν
1636 1584 1777 1651 Γρη-

220 1688 404 1752 γόριον
425 1684 932 1750 προσκαλεσάμενος
964 1680 1193 1748 μοναχὸν
1216 1679 1306 1730 καὶ
1330 1679 1451 1737 τοὺς
1486 1676 1581 1726 σὺν
1602 1673 1770 1740 αὐτῷ,

1875 604 2016 658 sent,
2045 595 2359 663 caateraquc’
2380 597 2493 649 loea
2528 596 2950 665 perlustrassent
2984 608 3047 648 ac
3072 591 3417 659 adorassent,

1876 684 1936 736 ι).
1978 683 2275 752 Gregorius
2315 672 2498 740 animo
2550 686 2908 755 gloriabatur,
2950 700 3012 738 ac
3041 693 3152 737 tum
3180 684 3422 739 admira-

1876 774 2045 838 tione,
2081 786 2196 829 tum
2248 776 2522 843 voluptate
2572 778 2784 843 plenus,
2824 791 3095 831 summum
3160 777 3311 829 illum
3366 778 3422 835 in

1874 866 2089 936 hymnis
2121 884 2183 921 ac
2238 868 2436 922 divinis
2485 869 2736 921 cantibus
2786 870 3033 922 ordinem
3084 876 3244 935 atque
3291 882 3423 921 con-

1874 968 2092 1014 centum
2144 959 2394 1020 intuitus,
2463 960 2599 1013 nihil
2635 960 2787 1012 illum
2842 960 2909 1013 ab
2964 960 3169 1025 angelis
3218 955 3425 1013 discre—

1878 1066 2006 1121 pare
2036 1051 2287 1105 credidit.
2339 1051 2567 1107 Proinde
2620 1068 2739 1108 cum
2797 1052 2849 1106 in
2906 1054 2967 1107 D.
3009 1052 3225 1106 Macarii
3304 1052 3421 1121 epi-

1874 1146 2030 1215 sc0pi
2095 1161 2443 1215 congressum
2522 1157 2682 1214 atque
2745 1146 3074 1215 colloquium
3114 1144 3421 1208 venissent,

1875 1237 2017 1306 apud
2052 1238 2203 1292 illum
2249 1238 2619 1292 diversantur.
2652 1237 2896 1306 Cumque
2946 1238 3024 1291 illi
3065 1251 3277 1290 summo
3310 1251 3425 1289 ma-

1875 1344 1943 1383 ne
1991 1328 2159 1381 Deum
2198 1329 2324 1397 (qui
2380 1337 2678 1398 perpetuus
2729 1337 2811 1382 est
2853 1328 2959 1381 illis
3010 1328 3163 1395 mos)
3225 1326 3423 1379 illustri

1875 1417 2035 1471 laude
2071 1418 2457 1478 cumulassent,
2510 1419 2611 1472 hos
2654 1418 2900 1471 residens
2954 1417 3261 1477 accersivit,
3306 1416 3434 1482 pri-'

1877 1522 2131 1575 mumque
2166 1507 2304 1572 illos,
2333 1508 2588 1575 deinceps
2618 1509 2899 1575 episcopos
2921 1522 2982 1559 ac
3011 1498 3257 1567 clericos,
3288 1507 3424 1557 alios

1876 1595 2025 1656 item,
2056 1594 2147 1662 qui
2180 1605 2469 1662 przesentes
2492 1594 2737 1655 aderant,
2770 1594 3039 1645 osculatos
3063 1593 3424 1645 communiter

1877 1699 1940 1737 ea
1974 1694 2055 1738 est
2078 1686 2366 1742 allocutus,
2404 1700 2521 1751 quae
2553 1685 2735 1735 animo
2765 1684 2913 1735 novit
2945 1685 3231 1737 utilitatem
3263 1683 3424 1735 affer-

220 1776 475 1842 Χαίροις.
513 1775 683 1841 Κύριε
718 1774 928 1838 Μάρκε,
986 1770 1140 1836 φησί·
1178 1768 1340 1820 πόθεν
1389 1766 1496 1833 ἄρα
1542 1782 1621 1816 σοι
1681 1761 1776 1815 καὶ⁵
1805 1832 1848 1842 _
1880 1789 1905 1824 ι-

1737 1761 1776 1812 ιὶ
1805 1832 1848 1842 __
1880 1788 1971 1829 re;
2006 1787 2070 1825 ac
2099 1786 2221 1825 mox
2255 1773 2462 1839 reliqua
2495 1770 2713 1823 dimissa
2738 1770 3102 1827 multitudine.
3134 1786 3318 1823 accers
3346 1780 3423 1823 to-

221 1832 356 1931 πρὸς
392 1832 537 1930 ἡμᾶς
564 1832 732 1931 ῆκται
756 1863 782 1913 6
814 1832 917 1911 ’τοῦ
953 1832 1087 1910 Θεοῦ
1130 1857 1314 1917 δοῦλος
1356 1832 1650 1925 Γρηγόριος
1685 1851 1777 1903 καὶ
1805 1832 1851 1891 Β
1878 1875 1907 1928 q

1736 1851 1777 1903 ιὶ
1805 1832 1851 1891 Β
1878 1874 1982 1928 que
2009 1861 2293 1924 monacho,
2329 1875 2390 1914 ac
2418 1861 2483 1913 iis
2506 1860 2597 1926 qui
2630 1859 2781 1911 illum
2816 1859 3179 1912 adduxerant:
3216 1858 3271 1912 Si
3304 1875 3422 1925 per—

220 1956 374 2021 πόθῳ
400 1953 732 2022 θερμοτάτῳ,
763 1954 883 2012 τοὺς
921 1949 1218 2018 σωτηρίους
1249 1949 1371 2014 ἄρτι
1420 1947 1614 2007 τόπους
1646 1962 1777 1995 κατ-

222 2042 499 2108 ειληφὼς;
544 2044 649 2093 Καὶ
694 2044 721 2092 6
754 2041 1002 2109 μοναχὸς,
1034 2041 1145 2107 Οὐχ
1176 2041 1335 2108 ἡμεῖς
1367 2037 1575 2099 τοῦτον,
1602 2031 1772 2098 εἶπεν,

221 2131 341 2184 ἀλλ’
370 2135 397 2183 6
425 2131 658 2200 Χριστὸς
687 2132 882 2199 ῆγαγε,
921 2130 1175 2193 δέσποτα,
1223 2129 1314 2181 καὶ
1348 2129 1379 2193 ἠ
1412 2129 1477 2190 σὴ
1508 2126 1661 2195 τιμία
1688 2125 1776 2175 εύ-

223 2227 314 2291 χή.
362 2223 682 2289 Ἐκπλαγεὶς
720 2222 775 2273 δὲ
835 2224 863 2273 6
894 2220 1190 2289 Γρηγόριος
1232 2219 1324 2269 ἐπὶ
1368 2216 1461 2269 τοῦ
1518 2216 1776 2284 ὀνόματος

225 2314 418 2381 κλήσει
448 2314 610 2364 αὐτοῦ
641 2330 701 2363 τε
740 2314 829 2363 καὶ
863 2311 954 2363 τοῦ
1004 2309 1239 2379 μοναχοῦ
1272 2308 1524 2376 Μάρκου,
1570 2306 1776 2358 οὐδέπω

224 2402 338 2469 γὰρ
368 2403 537 2453 οὐδενὶ
560 2402 667 2454 τῶν
694 2405 789 2470 τῆς
838 2402 997 2467 ἁγίας
1049 2402 1255 2462 πόλεως
1302 2399 1663 2467 ἐδηλώθησαν,
1708 2399 1773 2465 τῇ

226 2492 377 2560 ἄκρα
407 2492 543 2544 αἰδοῖ
567 2507 627 2542 τε
664 2494 757 2543 καὶ
786 2492 1014 2557 συστολῇ
1050 2490 1123 2557 μῆ
1149 2489 1424 2555 τολμήσας
1457 2484 1673 2554 ἒρεσθαί
1703 2500 1773 2548 τι,

226 2582 375 2642 ινεὸς
407 2584 667 2650 εἱστήκει.
701 2576 834 2633 Εἶτα
855 2581 1089 2640 καὶτοὺς
1119 2580 1338 2647 ἑτέρους
1369 2578 1459 2628 δύο
1480 2578 1586 2627 τῶν
1614 2576 1771 2627 ἀδελ-

229 2671 345 2736 φῶν
376 2671 626 2738 φωνήσας
654 2673 681 2722 6
705 2671 1074 2739 πατριάρχης,
1104 2668 1273 2735 Κύριε
1308 2666 1449 2719 ἀὸὄᾶ
1476 2667 1774 2735 Σεραπίων,

229 2759 397 2825 λέγει,
435 2761 528 2812 καὶ
562 2762 648 2824 σὺ,
671 2761 841 2829 Κύριε
894 2761 1132 2821 Λεόντιε,
1176 2759 1336 2829 χάριν
1389 2757 1496 2826 ἔχω
1534 2757 1650 2826 Θεῷ
1702 2758 1777 2825 τῷ

228 2849 614 2916 διαφωτίσαντι
640 2853 737 2912 τὰς
765 2852 1034 2919 ὑμετέρας
1076 2850 1271 2918 ψυχὰς,
1329 2850 1568 2900 τοιοῦτον
1612 2848 1777 2915 ἄνδρα

234 2943 354 3008 μεθ’
393 2942 566 3010 ὑμῶν,
592 2946 669 3004 είς
698 2946 823 3005 τοὺς
859 2944 1045 3010 ἁγίους
1088 2942 1275 2994 τούσδε
1333 2938 1777 3009 συμπαραλαϐεῖν

230 3036 449 3097 τόπους,
480 3032 618 3085 οὕτω
639 3034 756 3101 μὲν,
788 3034 1158 3094 ἁποστολικῶς
1185 3033 1371 3100 φάναι,
1404 3032 1480 3099 τῷ
1510 3029 1776 3097 πνεύματι

235 3122 445 3185 ζέοντα,
476 3122 664 3191 καὶτῷ
704 3124 875 3194 κυρίῳ
921 3123 1259 3187 δουλεύοντα,
1285 3121 1424 3174 οὕτω
1445 3120 1499 3172 δὲ
1549 3136 1778 3188 προσευ-
1804 3162 1845 3219 C

232 3210 333 3275 χῆς
390 3209 621 3277 ἀμώμου
654 3211 744 3262 καὶ
801 3211 1260 3282 μετριοφροσύνης
1316 3208 1774 3276 ἐπιμελούμενον·

229 3299 351 3349 οὐδὲ
390 3300 494 3367 γὰρ
528 3301 899 3369 ἀποκρύψεται
931 3302 1021 3367 ἀφ’
1047 3303 1200 3369 ἡμῶν
1229 3304 1298 3355 τὰ
1321 3303 1441 3353 κατ’
1472 3302 1653 3353 αὐτόν·
1684 3298 1774 3367 δῆ-

230 3386 298 3436 λα
322 3386 377 3436 δὲ
411 3388 503 3437 καὶ
534 3389 664 3454 ὑμῖν
713 3388 882 3439 ἔσται·
910 3387 1138 3456 ἐροῦμεν
1166 3391 1274 3457 γὰρ
1308 3390 1433 3456 περὶ
1470 3387 1777 3450 αύτῶν,εὺ-

233 3476 391 3528 (ἐτου
426 3478 680 3545 τυχόντες
711 3479 926 3547 καιροῦ.
968 3479 1108 3545 Ὅρα
1135 3479 1191 3531 δὲ
1232 3480 1326 3530 νῦν
1358 3480 1454 3547 τὴν
1488 3478 1634 3530 Θείαν
1685 3477 1779 3528 καὶ

234 3567 502 3635 μυστικὴν
535 3570 844 3636 ἱερουργίαν
878 3568 954 3637 τῷ
988 3569 1175 3637 Κυρίῳ
1204 3571 1589 3636 προσαγαγεῖν.

302 3826 402 3879 IA'.
437 3826 615 3879 Ταῦτα
650 3826 817 3878 είπὼν
840 3827 974 3896 πρὸς
1003 3828 1091 3880 τὸν
1116 3829 1255 3897 ἱερὸν
1284 3829 1446 3897 ἀπῄει
1490 3830 1634 3891 ναὸν,
1683 3835 1777 3899 τὴν

235 3918 387 3984 ἱερὰν
418 3917 785 3985 λειτουργείαν
815 3917 1158 3968 ὲπιτελὲσων.
1191 3918 1360 3986 Ἐστη
1382 3918 1436 3969 δὲ
1466 3920 1558 3970 καὶ
1586 3920 1613 3969 6
1640 3919 1778 3982 θεῖος

234 4008 528 4077 ι“ρέ,γὸριος
556 4009 613 4059 ὲν
635 4007 781 4075 δεξιᾷ
809 4006 900 4058 τοῦ
944 4007 1212 4073 ἀμὸωνος,
1259 4009 1606 4071 κελεύσαντος
1641 4009 1779 4063 οὕτω

230 4098 323 4149 τοῦ
363 4097 720 4166 πατριάρχου.
751 4096 953 4164 Πολλῆς
983 4096 1037 4147 δὲ
1070 4098 1231 4148 αὑτὸν
1294 4100 1633 4163 κατανύξεως
1685 4103 1778 4153 καὶ

234 4191 358 4242 τότε
386 4190 744 4257 διαλασούσης
778 4190 960 4240 ἵστατο
995 4189 1140 4240 κάτω
1166 4188 1333 4243 νεύων
1353 4192 1444 4242 καὶ
1503 4192 1777 4261 ποταμοὺς

231 4280 483 4349 δακρύων
508 4280 621 4331 τῶν
646 4278 938 4347 ὀφθαλμῶν
996 4278 1195 4345 ἀφιείς.
1231 4279 1415 4343 Οὕτως
1471 4280 1563 4334 οὖν
1606 4282 1777 4350 ἔχοντι

232 4371 534 4440 Γριιγορίῳ,
566 4370 658 4423 καὶ
684 4370 1351 4438 πνεύματι·ταπεινώσεως
1384 4372 1639 4441 ἀκριϐοῦς
1657 4372 1780 4425 θαλ-

1876 1954 2261 2022 petuolaztere,
2296 1952 2490 2019 inquit,
2520 1952 2698 2003 Marce
2736 1951 2913 2011 Pater,
2945 1949 3213 2002 undenam
3246 1960 3421 2001 tecum

1874 2042 1941 2096 ad
1973 2056 2071 2095 nos
2101 2039 2394 2109 Gregorius
2425 2040 2518 2092 Dei
2565 2054 2752 2092 servus
2796 2038 2910 2102 ivit,
2936 2038 3027 2106 qui
3064 2039 3177 2091 loca
3238 2038 3424 2090 isthzec

1877 2132 2129 2185 salutaria
2180 2147 2351 2199 nuper
2401 2131 2605 2183 adivit?
2638 2130 2736 2183 Cui
2787 2130 3119 2183 monachus:
3159 2128 3271 2180 Non
3302 2142 3420 2190 nos,

1876 2222 2071 2289 inquit,
2104 2220 2291 2281 istum.
2326 2221 2420 2275 sed
2448 2220 2716 2279 Christus,
2747 2235 2779 2273 ο
2820 2220 2998 2281 Pater,
3033 2230 3230 2286 tuaque
3260 2218 3421 2270 adve-

1876 2306 1951 2360 xit
1980 2306 2235 2375 precatio.
2267 2307 2465 2361 Verum
2494 2306 2790 2374 Gregorius
2818 2308 3011 2360 timore
3044 2309 3325 2376 perculsus
3352 2306 3423 2360 ob

1875 2398 1958 2451 sui
2018 2411 2079 2450 ac
2134 2396 2297 2450 Marci
2372 2397 2621 2450 monachi
2694 2398 3105 2465 appellationem
3159 2400 3421 2466 (necdum

1875 2488 2019 2541 enim
2070 2486 2302 2554 cuipiam
2348 2496 2546 2539 saneta:
2605 2486 2839 2541 civitatis
2880 2487 3269 2547 innotuerant),
3326 2502 3419 2538 ru-

1876 2578 2005 2632 bore
2026 2594 2154 2632 sane
2188 2593 2251 2631 ac
2276 2577 2643 2632 moderatione
2661 2579 2889 2646 quadam
2917 2579 3080 2631 animi
3104 2578 3237 2631 nihil
3264 2576 3424 2643 quid-

1876 2684 2036 2738 quam
2090 2683 2254 2721 ausus
2294 2668 2464 2737 loqui,
2503 2670 2835 2737 stupefactus
2889 2670 3158 2721 manebat.
3214 2667 3420 2720 Deinde

1876 2759 2011 2811 duos
2031 2759 2165 2810 alios
2192 2757 2387 2812 fratres
2404 2759 2704 2827 patriarcha
2738 2759 2824 2811 ille
2850 2759 3146 2825 appellans,
3176 2756 3424 2822 Domine,

1878 2848 1975 2910 ait,
2004 2848 2139 2902 abba
2173 2849 2456 2917 Serapion,
2487 2864 2549 2903 ac
2584 2858 2638 2902 tu
2672 2850 2861 2902 Leonti
2901 2849 3078 2908 Pater,
3097 2849 3293 2916 gratias
3325 2863 3423 2916 ago

1878 2938 2005 3001 Deo,
2040 2938 2131 3006 qui
2162 2948 2366 2991 vestros
2416 2938 2623 2991 animos
2676 2938 3013 2998 illuminaxit,
3048 2938 3203 2990 talem
3251 2938 3423 2989 virum

1877 3027 1943 3081 ad
1976 3036 2157 3081 saneta
2211 3027 2395 3079 isthmc
2428 3027 2544 3080 loca
2568 3027 2840 3080 vobiscum
2897 3040 3190 3087 assumere,
3233 3027 3423 3093 spiritu

1877 3119 2096 3187 quidem
2144 3119 2240 3187 (ut
2290 3117 2534 3186 Apostoli
2591 3132 2739 3171 more
2783 3117 2973 3184 loquar
3004 3116 3069 3186 ⁸)
3105 3116 3424 3181 ferventem,

1883 3210 2217 3279 temporique
2247 3210 2595 3270 servientem,
2641 3209 2955 3261 emaculatis
2998 3216 3254 3275 praeterea
3305 3221 3421 3274 p:e-

1880 3301 2035 3356 cibus
2064 3316 2125 3354 ac
2147 3302 2267 3354 vita:
2299 3299 2620 3353 innocentiae
2649 3299 2838 3352 sedulo
2874 3298 3201 3352 studentem.
3236 3298 3423 3366 Neque

1878 3392 2023 3445 enim
2056 3405 2150 3443 nos
2188 3392 2303 3459 ejus
2335 3390 2458 3443 vita:
2486 3392 2749 3443 rationem
2783 3390 2875 3443 diu
2913 3390 3106 3444 celavit
3138 3390 3422 3453 Dominus,

1880 3488 1938 3533 ut
1975 3480 2086 3533 haec
2118 3480 2266 3533 vobis
2296 3481 2497 3547 pariter
2542 3479 2825 3532 manifesta
2874 3478 3086 3542 fierent,
3123 3478 3189 3531 de
3226 3479 3425 3545 quibus

1878 3579 2181 3638 opportuno
2216 3570 2442 3622 fortasse
2474 3578 2715 3636 tempore
2752 3568 3018 3622 dicemus.
3050 3570 3218 3621 Instat
3242 3580 3421 3622 autem

1878 3674 2042 3717 nunc,
2087 3667 2143 3710 ut
2174 3658 2416 3711 divmum
2448 3671 2501 3711 ct
2532 3674 2787 3712 arcanum
2835 3659 3157 3713 sacrificium
3198 3661 3422 3713 Domino

1878 3750 2239 3803 celebremus.

1946 3839 2033 3892 XI.
2072 3839 2193 3892 Haec
2223 3839 2311 3893 ille
2345 3838 2576 3902 locutus,
2615 3840 2869 3907 templum
2914 3854 3148 3905 sacrum,
3184 3857 3297 3895 rem
3334 3843 3419 3895 di-

1877 3931 2055 3983 vinam
2084 3930 2341 3993 facturus,
2368 3930 2522 3997 petit.
2553 3928 2721 3983 Porro
2740 3930 2850 3997 ipse
2874 3944 3087 3998 quoque
3108 3931 3264 3983 divus
3290 3932 3423 3985 Cre-

1877 4019 2061 4086 gorius
2088 4017 2140 4068 in
2182 4017 2370 4068 dextro
2407 4016 2593 4069 altaris
2620 4017 2805 4079 latere,
2847 4018 3150 4083 patriarcha
3183 4019 3261 4071 sic
3287 4034 3420 4085 prac-

1877 4106 2129 4172 cipiente,
2159 4105 2386 4158 astabat.
2412 4104 2668 4173 Pleraque
2709 4120 2837 4158 vero
2863 4106 2979 4175 ejus
3018 4108 3255 4160 animum
3295 4123 3421 4175 per-

1880 4195 2184 4249 turbatione
2214 4195 2479 4249 subeunte
2509 4208 2834 4259 commouis,
2884 4198 3021 4249 infra
3064 4197 3272 4265 positus
3322 4197 3420 4249 mi-

1880 4285 2162 4350 nistrabat,
2206 4284 2429 4337 flumina
2476 4285 2690 4337 interim
2737 4285 3093 4353 lacrymarum
3146 4285 3212 4338 ab
3250 4285 3420 4339 oculis

1878 4378 2178 4431 effundens.
2241 4376 2485 4444 Cumque
2536 4375 2609 4427 ita
2663 4389 2779 4428 sese
2830 4375 3116 4443 Gregorius
3176 4374 3416 4439 haberet,

234 4464 478 4529 πομένῳ,
510 4461 645 4527 δῆλα
680 4458 888 4512 καὶτοῦ
922 4461 1256 4529 πατριάρχου
1292 4462 1499 4527 γίνεται
1540 4463 1635 4514 κοιλ⁵
1683 4463 1777 4533 τὴν
1808 4463 1853 4518 D
1883 4467 1920 4521 ir

1731 4470 1777 4533 νιν
1808 4463 1853 4518 D
1883 4467 2112 4537 ingentis
2142 4467 2308 4520 animi
2336 4466 2658 4520 humilitatis
2690 4465 2882 4533 spiritu
2915 4465 3417 4525 inflammatus,om-

229 4551 657 4612 ἐπισκιάζουσαν
684 4550 842 4602 αὑτὸν
875 4551 1031 4618 χάριν
1069 4550 1160 4602 τοῦ
1211 4551 1412 4617 ἀγαθοῦ
1466 4552 1776 4619 Πνεύματος

229 4641 478 4710 ἐναργῶς
509 4643 787 4702 ἐθεάσατο,
814 4641 889 4702 ὡς
912 4643 1007 4693 καὶ
1030 4641 1241 4703 πολλοῖς
1286 4645 1362 4703 είς
1393 4643 1620 4712 ὕστερον
1670 4644 1779 4715 διη-

230 4734 458 4797 γήσατο.
495 4734 584 4793 Εἰς
617 4733 747 4797 γοῦν
776 4732 871 4799 τὴν
904 4731 1179 4793 ἐπιοῦσαν,
1212 4735 1238 4785 6
1265 4734 1492 4801 μοναχδς
1553 4737 1776 4804 Μάρκος

232 4824 405 4873 ἐδεῖτο
429 4821 522 4871 τοῦ
553 4822 987 4889 ἀρχιεπισκόπου
1038 4824 1197 4873 αὐτόν
1238 4839 1296 4873 τε
1344 4825 1435 4875 καὶ
1501 4826 1623 4886 τοὺς
1680 4827 1773 4877 σὺν

234 4911 384 4977 αὐτῷ
422 4913 688 4979 μοναχοὺς
724 4912 1066 4979 ἀποπέμψαι,
1128 4912 1266 4964 ὥστε
1307 4916 1415 4977 τοῖς
1447 4917 1616 4967 ἐκεῖσε
1646 4932 1771 4967 συν-

231 5001 495 5063 τάξασθαι
534 5001 797 5067 ἀδελφοῖς,
842 5004 937 5053 καὶ
978 5002 1120 5054 οὓτω
1148 5005 1246 5071 τῆς
1288 5005 1465 5055 οῖκαδε
1507 5007 1774 5073 φερούσης

235 5089 608 5143 ἐπιλαϐέσθαι.
645 5092 750 5142 Καὶ
775 5093 980 5156 γίνεται
1007 5091 1164 5143 τοῦτο
1202 5094 1342 5145 κατὰ
1367 5093 1463 5161 τὴν
1485 5094 1649 5145 αὑτοῦ
1690 5094 1775 5146 οι-

234 5180 391 5246 λησιν
427 5174 958 5249 προσεπισκήψαντος
1002 5182 1096 5233 τοῦ
1126 5184 1568 5251 ἅρχιεπισκόπου,
1618 5184 1775 5252 μέχρι

236 5275 335 5342 τῆς
358 5273 544 5341 καινῆς
587 5275 863 5342 Κυριαοιῆς
895 5275 1048 5337 αὖθις
1103 5274 1413 5327 ἐπανελθεῖν
1470 5275 1544 5336 ὡς
1592 5274 1773 5327 αὐτόν.

238 5370 349 5421 Καὶ
361 5368 520 5434 οὕτω,
541 5372 723 5438 φησιν,
741 5369 919 5421 οἴκαδε
940 5367 1354 5437 πορευθήσεσοε·
1382 5367 1552 5420 ταῦτα
1572 5368 1625 5419 δὲ
1641 5368 1776 5435 δῆλα

235 5456 316 5523 τῷ
336 5456 614 5526 Γρηγορίῳ
646 5460 842 5525 ἥκιστα
872 5453 957 5525 ῆνο
995 5457 1114 5526 οὑδὶ
1142 5457 1249 5524 γὰρ
1302 5456 1593 5524 συμπαρῆν
1624 5472 1777 5523 τηνι-

238 5546 417 5599 καῦτα
478 5552 584 5610 τοῖς
644 5551 912 5617 μοναχοῖε.
979 5546 1065 5607 Ὠς
1113 5542 1206 5597 οὖν
1256 5546 1451 5597 ἐκεῖνοι
1501 5544 1597 5612 τῆς
1654 5546 1773 5598 ὀδοῦ

309 5729 329 5757 ⁸
364 5726 522 5787 Ihm.
555 5740 649 5788 ιιι,
692 5724 749 5776 ll

555 5814 821 5872 ιἈτιιοι..
868 5810 983 5869 Gn.
1033 5807 1232 5871 CXVI.

1880 4560 1967 4611 nia
2000 4558 2317 4626 patriarcha
2358 4557 2581 4610 consilia
2610 4556 2797 4608 habuit
2829 4555 3101 4621 explorata
3154 4563 3209 4608 et
3244 4555 3417 4622 Spin-

1882 4657 1968 4700 tus
2005 4646 2174 4699 sancti
2208 4644 2430 4713 gratiam
2475 4645 2647 4712 ipsum
2675 4642 3109 4704 adumbrantem,
3142 4652 3199 4694 ut
3228 4641 3420 4707 lleriso

1880 4750 1983 4804 que
2036 4735 2122 4787 ille
2174 4734 2376 4786 secutis
2430 4733 2759 4800 temporibus
2804 4732 3094 4792 enarravit,
3142 4732 3423 4786 evi'lenter

1880 4826 2035 4878 vidit.
2068 4824 2333 4877 Postridie
2378 4823 2540 4891 igitur
2578 4824 2694 4890 ejus
2740 4822 2843 4873 diei
2872 4822 3083 4874 Marcus
3126 4823 3419 4877 monachus

1880 4914 2340 4982 archiepiscopum
2376 4913 2721 4980 precabatur,
2749 4920 2807 4963 ut
2834 4926 2911 4976 se,
2944 4926 3005 4965 ac
3040 4913 3271 4978 quicum
3302 4914 3419 4980 ipso

1878 5014 2053 5067 erant,
2086 5004 2378 5057 monachos
2420 5002 2613 5055 missos
2653 5002 2875 5063 faceret,
2917 5016 3024 5068 quo
3055 5014 3175 5053 cum
3207 5003 3419 5056 ceteris

1880 5096 1987 5149 illic
2012 5094 2293 5162 agentibus
2323 5092 2580 5145 fratribus
2621 5091 2922 5143 institutam
2952 5091 3117 5142 vitam
3162 5105 3419 5159 sequere-

1883 5194 1987 5248 tur,
2010 5192 2063 5237 et
2097 5185 2169 5236 ita
2208 5191 2354 5237 recta
2403 5182 2619 5235 domum
2650 5180 2844 5241 abiret,
2876 5194 3000 5233 cum
3033 5179 3084 5232 id
3128 5178 3299 5232 nihilo
3332 5193 3419 5232 se-

1881 5277 1995 5331 cius
2025 5277 2091 5331 de
2108 5274 2369 5331 sententia
2397 5286 2459 5326 ac
2486 5272 2758 5326 voluntate
2784 5270 2927 5323 illius
2952 5269 3065 5323 fieri
3097 5271 3277 5323 vellet.
3302 5268 3415 5322 Hoc

1880 5369 1984 5422 illis
2013 5382 2135 5422 cum
2180 5363 2616 5431 archiepiscopus
2660 5358 2970 5428 petentibus
3017 5358 3313 5419 annuisset,
3344 5358 3411 5409 ad

1877 5470 2075 5509 novum
2117 5466 2236 5506 sese
2259 5449 2597 5505 Dominicum
2630 5446 2779 5502 diem
2807 5459 3121 5498 reversuros
3152 5444 3413 5510 pollicen-

1875 5546 2038 5611 tibus,
2084 5540 2352 5615 proflcisci
2406 5538 2624 5593 domum
2678 5533 2979 5606 imperavit.
3034 5534 3232 5588 Verum
3288 5546 3409 5585 cum

3028 5796 3060 5857 '1
