4270 6428
254 412 363 473 209

1204 412 1381 472 VITA
1418 413 1474 473 S.
1519 413 1897 474 GREGORII
1935 414 2459 475 AGRIGEN‘I‘INI.

3351 410 3455 475 210

252 518 351 569 τοῦ
383 517 571 583 γένους
617 516 884 585 διαδοχήν,
933 516 1027 570 καὶ
1072 518 1170 587 τὴν
1206 518 1481 588 εὐχὴν.είς
1524 521 1681 590 ἔργον
1717 525 1812 575 ὲκ·
1839 519 1888 578 Α
1915 537 1938 579 s

1766 540 1812 575 ι·
1839 519 1888 578 Α
1915 522 2148 587 stetisse,
2181 539 2245 576 ex
2295 536 2359 576 eo
2398 531 2640 588 tempore
2670 518 2738 571 ali
2784 529 2946 570 uxore
2978 516 3260 571 abstinuit.
3291 518 3452 573 Porro

253 609 450 673 Gisav,
491 609 553 659 τὸ
590 611 682 661 ἐπὶ
720 608 930 669 τούτοις
967 608 1067 677 τῆς
1094 611 1351 675 γυναικὸς
1385 614 1483 679 μὲν
1519 613 1807 681 ἀπέσχετο.

248 700 344 749 τὸν
400 700 563 751 παῖδα
624 699 681 752 δὲ
748 699 848 768 ἤδη
906 699 1169 765 γεγονότα
1223 700 1315 769 ἔτη
1372 701 1515 754 όκτὼ
1555 703 1810 768 λαϐόντες

250 792 447 853 ἄγουσι
494 792 624 857 παρ’
660 789 805 857 ἐμοί.
860 790 1029 856 Κάγὼ
1074 791 1267 861 πρῶτα
1326 792 1423 859 μὲν
1467 794 1809 863 παραδίδωμι

252 878 445 930 τοῦτον
475 881 777 949 διδασκάλῳ
810 885 1201 951 γραμματιστῇ
1225 898 1240 915 °
1270 884 1464 935 ἔπειτα
1497 885 1683 954 κείρας
1711 888 1808 939 αύ-

248 972 343 1022 τὸν
372 971 466 1022 καὶ
507 971 585 1039 τῷ
616 971 708 1022 ὑπ’
750 974 849 1041 ἐμὲ
890 974 1076 1042 κλήρῳ
1122 975 1490 1041 ὲγκαταλέξας
1528 974 1605 1045 τῷ
1651 979 1806 1047 άρχι-

248 1063 485 1132 διακόνῳ
517 1080 616 1128 μου
648 1065 1018 1135 παρατίθημι,
1052 1066 1236 1136 ἄκρως
1258 1068 1421 1121 αὑτὸν
1448 1070 1513 1122 τὰ
1543 1070 1640 1138 τῆς
1672 1070 1811 1139 Γρα-

249 1152 359 1221 φῆς
433 1156 731 1224 ὲκπονῆσαι.
788 1156 871 1208 διά
930 1158 1137 1226 ταχέων
1196 1159 1692 1226 ιγκελευσάμενοςο
1750 1160 1810 1223 ὃς

249 1245 397 1297 οῦτω
427 1244 586 1312 φύσει
615 1262 673 1296 τε
705 1246 801 1298 καὶ
828 1247 1026 1314 σπουδῇ
1059 1246 1146 1299 διὰ
1186 1247 1400 1300 πάντων
1423 1248 1721 1316 ἐξέλαμψεν
1753 1250 1809 1300 ἐν

252 1335 470 1403 βραχεῖ,
506 1337 579 1397 ὡς
624 1336 825 1403 μηδένα
860 1335 1203 1404 παράμιλλον
1224 1338 1371 1406 αὐτῷ
1406 1338 1527 1389 καθ’
1556 1338 1683 1407 ὅλην
1711 1338 1808 1408 τὴν

248 1425 488 1476 Σικελῶν
528 1427 899 1493 εὑρίσκεσθαι.
933 1423 1101 1492 Οὗτος
1126 1426 1218 1481 οῦν
1244 1431 1271 1481 ό
1310 1432 1438 1492 παῖς
1468 1432 1579 1483 εἴτε
1622 1430 1809 1498 δαίμο-

247 1534 339 1577 νος
383 1516 729 1589 βασκανία,ἢ
787 1521 883 1572 οὐκ
927 1518 1020 1573 οἷδ’
1066 1522 1226 1591 ὁποίᾳ
1261 1522 1398 1592 τύχῃ
1440 1524 1802 1593 χρησάμενος,

247 1608 515 1671 αίφνὶδιον
546 1610 757 1675 ἀφανὴς
782 1610 1013 1676 γίνεται,
1050 1612 1279 1680 μηδενὸς
1310 1613 1455 1681 αὐτῷ
1502 1614 1563 1665 τὸ
1594 1614 1805 1681 συμϐὰν

249 1699 575 1759 συνειδότος,
614 1701 685 1767 μή
717 1718 773 1751 τε
809 1700 916 1770 μὴν
953 1702 1080 1771 ἄχρι
1116 1703 1209 1754 καὶ
1231 1704 1471 1773 τήμερον
1499 1705 1575 1767 είς
1608 1705 1804 1771 γνῶσιν

246 1790 583 1856 ἀφικομένου
611 1807 626 1823 ο
672 1791 842 1844 πολλὰ
869 1792 925 1844 δὲ
969 1795 1066 1846 καὶ
1095 1795 1191 1863 τὴν
1233 1795 1395 1864 νῆσον
1429 1798 1609 1850 πᾶσαν
1650 1814 1804 1868 περι-

244 1880 493 1941 ελθόντες
537 1882 687 1933 οὐδέν
720 1900 772 1934 τι
808 1883 969 1936 πλέον
994 1885 1172 1952 εὑρεῖν
1201 1886 1232 1955 ἢ
1260 1886 1452 1955 μαθεῖν
1481 1888 1614 1949 ὅλως
1644 1888 1795 1958 ίσχύ-

246 1969 685 2037 σαμεν.”Εχομεν
720 1967 813 2022 οὖν
848 1973 939 2024 καὶ
961 1974 1118 2041 ἡμεῖς
1140 1974 1238 2043 τὴν
1276 1975 1403 2044 περὶ
1432 1976 1596 2028 αὑτοῦ
1620 1977 1795 2048 λύπην

242 2059 672 2127 ἀπαρηγόρητον
715 2062 880 2129 μηδὲν
931 2064 1064 2133 ἡμῖν
1100 2065 1336 2133 δηλῶσαι
1370 2066 1532 2135 μέχρι
1569 2069 1661 2120 καὶ
1702 2069 1796 2123 νῦν

243 2149 337 2199 τοῦ
398 2151 603 2216 ἀγαθοῦ
643 2151 777 2205 Θεοῦ
828 2155 1239 2225 εὐδοκήσαντος.
1289 2157 1443 2211 Ἐπεὶ
1485 2158 1541 2212 δὲ
1600 2160 1796 2229 μᾶλλον

243 2237 560 2290 τῶντάλὶων
590 2241 644 2291 αἱ
673 2242 780 2293 τῶν
807 2243 969 2296 αὐτοῦ
1003 2246 1252 2313 πατέρων
1282 2247 1446 2317 ψυχαὶ
1470 2248 1565 2301 τοῦ
1592 2249 1795 2313 πάθους

245 2328 490 2396 ᾔσθοντο,
542 2334 761 2397 πάρεισι
818 2334 912 2386 νῦν
943 2334 1267 2394 πενθοῦντες
1320 2337 1411 2389 καὶ
1443 2337 1538 2406 τὴν
1586 2341 1793 2391 ἐκείνου

246 2423 469 2489 μνήμην
521 2425 962 2491 ὲπιτελέσοντες,
1014 2428 1155 2480 κατὰ
1208 2429 1412 2498 ταύτην
1463 2430 1635 2499 δήπου
1699 2431 1796 2501 τὴν

244 2513 457 2579 ἡμέραν
488 2514 607 2563 καθ’
638 2516 703 2582 ην
727 2518 816 2567 καὶ
838 2516 897 2568 τὸ
916 2518 1146 2585 πατέρες
1176 2518 1455 2572 καλεῖσθαι
1485 2521 1793 2587 ἀπώλεσαν,

243 2601 485 2667 ἀφανοῦς
520 2603 681 2655 αὑτοῦ
710 2607 1021 2675 γενομένου.

320 2783 415 2836 lZ'.
476 2785 656 2838 Ταῦτα
687 2790 713 2840 ό
748 2790 971 2858 Μάρκος
1028 2791 1265 2853 ἀκούσας
1323 2792 1500 2855 ιννεδς
1557 2793 1797 2863 ιγεγόνει

249 2874 345 2924 ἐπὶ
379 2876 530 2934 πολὺ,
576 2878 669 2928 καὶ
719 2879 853 2946 μετὰ
906 2879 1079 2933 ταῦτα
1123 2880 1375 2950 δακρύων
1410 2882 1796 2952 ὑποπλησθεὶς,

243 2963 369 3024 τοὺς
400 2964 493 3016 τοῦ
529 2966 712 3028 παιδὸς
741 2970 915 3033 γονεῖς
941 2968 1211 3036 παράγειν
1236 2969 1313 3029 είς
1336 2968 1393 3021 τὸ
1425 2971 1586 3034 μέσον
1621 2971 1792 3039 ἠξίου·

242 3054 351 3104 τῶν
374 3054 427 3105 δὲ
450 3056 865 3124 εἰσεληλυθότων
896 3060 977 3120 τίς
1003 3060 1035 3125 ἡ
1071 3058 1237 3126 πολλὴ
1268 3058 1406 3126 αῦτη
1434 3058 1541 3109 τῶν
1584 3058 1796 3129 θρήνων

1914 614 2080 668 lilium
2112 623 2235 668 octo
2269 615 2377 682 jam
2424 626 2595 665 annos
2646 616 2831 662 natum
2871 608 3218 676 accipientes,
3258 607 3325 661 ad
3371 624 3454 663 me

1911 705 2216 769 adducunt,
2255 717 2417 771 quem
2462 715 2563 771 ego
2614 699 2874 769 magistro
2915 697 3146 766 primum
3193 712 3458 766 gramma-

1911 796 2030 850 ticis
2076 794 2466 848 instituendum
2509 792 2694 845 trado:
2740 789 2936 845 deinde
2991 789 3166 857 ipsum
3227 788 3457 842 tondens

1902 901 1971 940 ac
1997 889 2049 940 in
2084 885 2337 940 Ecclesia:
2366 883 2671 953 collegium,
2715 882 2801 935 cui
2846 896 3097 949 praesum,
3166 879 3453 942 asciscens,

1909 976 1963 1030 in
2016 976 2379 1031 archidiaconi
2431 975 2535 1029 mei
2585 973 2747 1026 ﬁdem
2822 971 3120 1034 committo,
3191 969 3453 1023 mandans

1909 1077 1969 1123 ut
2014 1082 2175 1137 quam
2223 1068 2473 1121 celeriter
2520 1064 2637 1119 ﬁeri
2668 1071 2868 1133 posset,
2902 1062 2956 1115 in
3006 1060 3240 1115 divinam
3281 1061 3453 1130 legem

1908 1168 2160 1213 accurate
2220 1157 2575 1212 incumberet.
2634 1155 2736 1220 Qui
2792 1156 2865 1209 ita
2920 1163 3035 1208 tum
3091 1164 3291 1208 natura
3351 1150 3454 1205 ad-

1908 1250 2083 1319 jutus,
2142 1257 2254 1302 tum
2321 1248 2524 1310 studio,
2554 1246 2705 1301 brevi
2738 1246 2793 1300 in
2830 1246 3084 1299 omnibus
3115 1244 3285 1298 evasit
3322 1258 3455 1297 con-

1908 1340 2152 1408 spicuus,
2213 1348 2271 1393 ut
2330 1353 2492 1393 nemo
2523 1354 2617 1407 per
2703 1336 3009 1391 universam
3077 1333 3313 1388 Siciliam
3377 1333 3454 1385 illi

1908 1428 2305 1498 comparandus
2355 1427 2714 1481 inveniretur.
2780 1426 2965 1494 Itaque
3012 1438 3149 1493 puer
3205 1422 3289 1475 vel
3347 1420 3457 1474 dte-

1906 1523 2085 1575 monis
2148 1520 2370 1581 invidia,
2400 1520 2483 1573 vel
2536 1519 2721 1573 nescio
2751 1531 2857 1587 qua
2907 1517 3068 1570 sortis
3120 1515 3455 1583 malignitate

1907 1626 2056 1673 usus,
2110 1610 2281 1663 oculis
2305 1610 2505 1664 nostris
2556 1617 2776 1678 repente
2822 1607 3049 1668 tollitur,
3108 1621 3208 1660 nec
3265 1616 3452 1675 postea

1907 1710 2049 1754 tanta
2079 1703 2197 1770 ejus
2235 1702 2514 1754 calamitas
2559 1700 2734 1753 cuivis
2793 1698 3047 1759 innotuit,
3100 1712 3275 1765 neque
3327 1710 3454 1749 sane

1907 1791 2199 1860 quidquam
2257 1790 2323 1844 de
2382 1789 2475 1843 illo
2518 1790 2571 1843 in
2602 1789 2745 1843 hunc
2798 1803 2971 1857 usque
3007 1789 3150 1842 diem
3192 1788 3351 1841 nobis
3372 1793 3455 1839 est

1904 1881 2210 1952 proditum;
2253 1889 2525 1949 utcunque
2575 1881 2879 1934 universam
2909 1878 3145 1933 Siciliam
3198 1877 3289 1931 diu
3318 1877 3456 1930 mul~

1906 1980 2130 2041 tumque
2169 1971 2492 2033 obierimus,
2546 1970 2717 2023 nihilo
2761 1970 2883 2037 plus
2933 1968 3178 2022 invenire
3230 1978 3325 2019 aut
3374 1966 3456 2018 di—

1899 2076 2051 2115 scere
2079 2061 2371 2130 quivimus.
2441 2059 2703 2125 Quocirca
2802 2074 2901 2113 nos
2962 2058 3149 2112 itidem
3203 2058 3457 2112 inconso-

1903 2151 2051 2206 labili
2101 2166 2267 2220 prope
2299 2151 2444 2205 illius
2496 2165 2658 2204 causa
2711 2151 2913 2216 dolore}
2951 2151 3281 2212 cruciamur,
3316 2148 3451 2202 nihil

1908 2244 2065 2297 nobis
2091 2243 2355 2295 hactenus
2391 2244 2546 2309 (qua:
2581 2243 2672 2295 Dei
2704 2242 2825 2310 Opt.
2856 2242 2993 2296 Max.
3032 2242 3285 2295 voluntas
3316 2240 3452 2308 fuit)

1904 2334 2239 2402 exploratum
2298 2347 2439 2386 esse.
2496 2332 2598 2386 Sed
2633 2348 2753 2387 eum
2790 2334 3000 2387 caeteris
3054 2332 3223 2386 multo
3291 2332 3454 2386 vehe-

1904 2424 2141 2477 mentius
2171 2434 2452 2492 parentum
2488 2424 2606 2492 ejus
2636 2424 2800 2478 animi
2828 2425 3013 2477 dolore
3046 2423 3450 2483 conﬂictentur,

1906 2528 2051 2567 nunc
2096 2514 2345 2582 lugentes
2377 2512 2593 2574 adsunt,
2648 2514 2767 2581 ejus
2820 2513 3137 2565 memoriam
3185 2511 3451 2565 hodierno

1904 2604 1989 2657 die
2032 2603 2378 2668 celebraturi,
2436 2603 2489 2655 in
2535 2617 2642 2671 quo
2692 2611 2892 2672 patres,
2929 2604 3125 2657 amisso
3166 2602 3296 2668 lilio,
3357 2617 3451 2671 ap-

1906 2693 2092 2761 pellari
2133 2691 2433 2747 desierunt.

1970 2782 2127 2837 XVI].
2188 2782 2283 2838 His
2363 2784 2580 2848 auditis,
2634 2785 2719 2838 ille
2766 2784 2856 2838 diu
2910 2787 3144 2856 elinguis
3212 2802 3276 2843 ac
3329 2796 3453 2859 post

1899 2872 2151 2943 lacrymis
2192 2873 2403 2940 plenus,
2443 2874 2495 2927 in
2542 2875 2776 2929 medium
2831 2876 2948 2930 illos
3000 2878 3216 2946 prodire
3271 2880 3448 2948 petiit,

1896 2970 1952 3017 et
1981 2979 2223 3031 quaenam
2261 2965 2373 3017 haec
2409 2973 2571 3029 esset,
2619 2980 2716 3019 cur
2749 2975 2854 3019 tam
2889 2970 3125 3036 graviter
3166 2969 3449 3024 caaderen-

1899 3062 2007 3113 tur,
2050 3053 2419 3122 interrogavit.
2458 3053 2699 3119 Cumque
2744 3055 2800 3118 ii,
2849 3071 2959 3121 prae
3018 3057 3237 3111 tristitia
3284 3073 3443 3126 quam

245 3150 528 3218 σύγχυσις,
580 3153 759 3219 ἣρετο,
812 3151 906 3204 καὶ
944 3156 1063 3205 ὅτου
1097 3151 1260 3204 ἕνεκα
1305 3151 1490 3214 δεινῶς
1523 3152 1662 3205 οὕτω
1704 3154 1797 3205 κό-
1825 3146 1870 3207 C
1903 3162 1931 3214 β

1764 3155 1797 3195 ῑ.
1825 3146 1870 3207 C
1903 3146 2196 3214 plurimum
2243 3146 2364 3200 illos
2402 3144 2759 3213 opprimente,
2815 3146 3127 3201 intercisam
3160 3162 3222 3201 ac
3280 3148 3450 3216 impe-

244 3258 483 3294 πεοιντο.
525 3242 642 3295 Τιῖιν
692 3244 745 3294 δὲ
800 3244 903 3295 ὑπὸ
956 3245 1051 3311 τῆς
1086 3244 1223 3309 ἄγαν
1254 3243 1579 3313 συνεχούσης
1603 3246 1798 3306 αὐτοὺς

241 3333 479 3399 ἀθυμίας
514 3336 602 3385 καὶ
629 3337 726 3402 τὴν
779 3336 957 3403 φωνὴν
988 3333 1174 3401 ὥσπερ
1230 3335 1656 3402 ἔγχοπτομένων.
1706 3336 1797 3386 καὶ

246 3422 381 3488 μηδὲ
432 3423 527 3491 τὴν
577 3424 755 3475 αἰτίαν
809 3422 1035 3489 φράζειν
1096 3421 1242 3489 αύτῷ
1271 3423 1607 3490 δυναμένων,
1654 3423 1795 3491 όρῶν

243 3514 447 3572 ἐκεῖνος
496 3514 593 3580 τὴν
638 3514 733 3564 τοῦ
784 3515 983 3574 πάθους
1020 3513 1323 3582 ὑπερϐολὴν
1382 3515 1474 3566 καὶ
1526 3514 1640 3583 ἅμα
1698 3514 1796 3577 τὰς

243 3602 395 3668 ὄψεις
422 3605 807 3670 ἀκριϐέστερον
838 3603 1110 3655 ἐπιϐαλὼν
1132 3602 1211 3668 τῷ
1234 3603 1503 3671 Χαρίτωνι
1528 3606 1622 3657 καί
1648 3622 1794 3667 τινας

243 3695 680 3760 ὑποφαινιμένας
717 3695 838 3746 ίδὼν
867 3697 1186 3762 ὁμοιότητας
1210 3711 1223 3726 ·
1255 3691 1321 3764 ἦν
1348 3696 1455 3763 γάρ
1508 3696 1570 3764 δὴ
1603 3696 1785 3747 κάκεῖ-

244 3801 332 3844 νος
356 3786 455 3851 τήν
484 3800 537 3833 τε
570 3785 689 3849 ὄψιν
722 3784 865 3851 μάλα
898 3784 1079 3847 καλὸς,
1107 3785 1199 3836 καὶ
1226 3783 1323 3851 τὴν
1353 3784 1547 3852 κώμην
1569 3785 1754 3847 ξανθός
1776 3801 1787 3813 ·

246 3880 362 3935 καὶ,
427 3876 709 3926 συνελόντα
746 3876 929 3942 φάναι,
972 3875 1168 3945 ἀκριϐῆ
1222 3873 1458 3937 σώζοντα
1493 3875 1581 3927 τὸν
1625 3893 1792 3944 χαρα-

243 3965 423 4030 κτῆρα
455 3968 789 4031 κατανοήσας
838 3966 928 4017 καὶ
978 3967 1052 4027 ὡς
1093 3967 1191 4017 οὐκ
1218 3966 1281 4018 ἂν
1307 3966 1389 4033 είη
1421 3966 1480 4017 τὸ
1498 3965 1680 4018 λοιπὸν
1711 3968 1792 4017 ὲν-

241 4055 492 4119 δοιάσιμα
530 4056 661 4119 πρὸς
686 4056 873 4105 ἑαυτὸν
902 4053 1133 4122 εἰρηκώς
1155 4067 1169 4083 ⁸
1206 4055 1372 4115 Ἔδει,
1415 4057 1599 4121 φησὶν,
1626 4056 1789 4121 ὑμᾶς,

243 4144 482 4210 ἀδελφοὶ,
520 4143 593 4211 τῷ
615 4144 731 4211 Θεῷ
764 4145 973 4204 πάντως
1012 4144 1169 4211 χάριν
1194 4144 1491 4210 ὁμολογεῖν,
1527 4144 1552 4191 ὃ
1581 4160 1632 4195 τι
1664 4144 1791 4195 ποτὲ

246 4228 312 4278 ἂν
408 4228 464 4279 τὸ
504 4230 731 4295 συμϐάν,
764 4228 838 4295 τῷ
873 4233 982 4291 τοῖς
1037 4231 1289 4299 ἀρρήτοις
1321 4230 1485 4282 αὑτοῦ
1534 4232 1622 4282 καὶ
1652 4232 1789 4282 ἀκα-

242 4323 527 4382 τανοήτοις
556 4322 809 4388 κρίμασιν
832 4319 971 4372 οὕτω
995 4321 1166 4373 πάντα
1199 4321 1559 4389 οἰκονομοῦντι
1580 4322 1753 4383 καλῶς
1773 4337 1788 4355 ο

242 4407 379 4458 ἀλλὰ
414 4408 488 4475 μὴ
526 4410 690 4468 οὕτως
720 4411 957 4475 ἀκρίτως
998 4409 1207 4460 πενθεῖν
1237 4410 1309 4469 ὡς
1341 4409 1406 4461 ἂν
1454 4410 1790 4471 ἀπολωλότος

246 4490 374 4555 ὑμῖν
404 4491 501 4557 ἤδη
552 4488 645 4541 τοῦ
677 4492 884 4552 παιδός.
924 4491 983 4541 EI
1021 4491 1127 4557 γὰρ
1178 4491 1270 4542 καὶ
1305 4488 1433 4559 ὑμῖν
1485 4492 1790 4562 ἀποκέκρυ-

246 4597 379 4631 πται
417 4582 654 4641 πάντως,
688 4582 821 4634 ἀλλά
853 4598 915 4648 γε
948 4582 1023 4650 τῷ
1057 4580 1173 4651 Θεῷ
1217 4581 1371 4650 δῆλός
1406 4581 1543 4635 ἔστι.
1572 4580 1789 4636 Τούτων

241 4673 268 4721 ό
299 4671 549 4736 Χαρίτων
606 4671 838 4731 ἀκούσας
889 4672 983 4723 καὶ
1024 4670 1195 4731 ἄλλως
1240 4671 1590 4739 παραμυθίας
1632 4673 1789 4723 ἰνεκα

244 4762 337 4810 τδν
374 4760 530 4823 λόγον
576 4761 825 4829 είρῆσθαι
864 4760 1132 4827 νομίζωνο
1166 4759 1335 4813 Τοῦτο
1379 4763 1475 4829 μὲν
1511 4759 1624 4825 οῦν,
1659 4761 1784 4830 ἔφη,

245 4851 577 4921 πανάληθες·
608 4854 654 4903 εί
687 4853 793 4921 γὰρ
817 4852 953 4904 κατὰ
985 4850 1206 4920 Γραφὴν
1256 4851 1385 4921 ᾅδης
1423 4852 1516 4905 καὶ
1546 4851 1789 4907 ἀπώλεια

244 4943 455 5011 φανερά
492 4944 638 5010 παρὰ
668 4945 873 5013 Κυρίῳ,
910 4942 1023 5004 πῶς
1051 4943 1171 5011 οὐχὶ
1211 4943 1301 4995 καὶ
1336 4945 1391 4995 ai
1434 4943 1649 5011 καρδίαι
1685 4942 1789 4994 τῶν

243 5029 579 5097 ἀνθρώπωνς
642 5031 689 5080 εί
744 5030 919 5081 τοίνυν
976 5029 1068 5081 καὶ
1125 5029 1445 5096 πεφόνευται
1504 5028 1565 5079 τὸ
1605 5031 1789 5081 τέκνον

246 5119 423 5187 ἡμῶν,
460 5120 570 5172 ἀλλ’
596 5116 688 5172 οὖν
714 5121 744 5189 ἡ
774 5120 963 5172 τούτου
990 5120 1132 5189 ψυχὴ
1162 5122 1217 5170 ἰν
1249 5121 1402 5188 χερσὶ
1430 5121 1643 5180 πάντως
1676 5123 1789 5173 ἐστὶ

242 5210 339 5263 τοῦ
370 5210 522 5263 Θεοῦ.
556 5212 663 5263 Καὶ
690 5209 857 5263 ταῦτα
892 5213 986 5280 μὲν
1015 5213 1042 5262 ὁ
1071 5211 1337 5280 Χαρίτων.

314 5470 423 5523 IH'.
468 5468 526 5521 'll
554 5470 608 5522 δὲ
642 5469 732 5522 τοῦ
775 5471 1070 5541 Γρηγορίου
1108 5471 1305 5539 μήτηρ,
1336 5469 1410 5538 τῷ
1441 5473 1529 5523 τοῦ
1567 5473 1786 5538 Μάρκου

246 5564 475 5629 στόματι
513 5563 601 5614 τὸν
654 5561 925 5628 ὀφθαλμὸν
972 5561 1328 5630 ἁπερείσασα,
1377 5563 1561 5623 ἀτενὲς
1620 5565 1785 5631 ἐώρα,

244 5654 343 5707 καὶ
375 5654 463 5704 τὸν
490 5652 642 5719 λόγον
674 5651 1074 5722 προσδεχομένη
1107 5651 1203 5719 τὴν
1248 5651 1474 5718 καρδίαν
1529 5653 1786 5705 ἐπάλλετο

246 5746 341 5799 καὶ
374 5746 646 5818 μετέωρος
673 5743 759 5816 ἦν.
792 5741 922 5801 Εἶτα
973 5745 1131 5801 πάλιν
1159 5747 1186 5799 ὀ
1216 5746 1464 5817 μοναχδς,
1495 5746 1681 5811 εἰπὼν,
1715 5748 1787 5803 ὡς

1820 4456 1868 4514 ι)

1898 3236 2063 3291 ditam
2094 3252 2282 3291 vocem
2337 3236 2621 3296 haberent,
2680 3252 2863 3307 neque
2922 3253 3136 3291 causam
3194 3239 3295 3306 ipsi
3343 3238 3443 3292 fari

1895 3334 2133 3394 possent,
2186 3341 2415 3380 cernens
2480 3327 2570 3379 ille
2618 3327 2839 3380 affectus
2898 3328 3317 3392 vehementiam,
3369 3330 3445 3382 si-

1897 3413 2117 3479 mulque
2159 3421 2410 3481 aspectus
2441 3412 2652 3479 (oculis
2700 3414 2752 3466 in
2780 3412 3123 3467 Charitonem
3152 3414 3446 3484 conjectis)

1895 3503 2203 3557 accuratius
2267 3502 2631 3571 perpendens,
2692 3504 2949 3571 quasdam
3010 3518 3114 3557 non
3186 3506 3446 3559 obscuras

1894 3591 2277 3645 similitudines
2323 3607 2385 3646 ac
2438 3592 2601 3645 veluti
2658 3593 2999 3647 characteres
3069 3594 3315 3661 agnovit:
3370 3597 3445 3648 si«

1893 3682 2107 3749 quidem
2148 3681 2260 3749 ipse
2292 3696 2505 3749 quoque
2560 3682 2714 3736 valde
2764 3681 2996 3736 decorus
3046 3694 3164 3737 erat
3198 3698 3442 3753 aspectu,

1891 3776 1948 3824 et
1990 3783 2141 3823 coma
2192 3768 2381 3830 ﬂavus,
2424 3785 2485 3823 ac
2521 3771 2621 3837 (ut
2668 3772 2857 3839 paucis
2906 3773 3241 3839 expediam)
3295 3785 3455 3829 certa.

1893 3869 2192 3915 servantem
2245 3862 2393 3929 signa
2448 3860 2811 3929 perspiciens,
2861 3862 3104 3930 nihilque
3175 3863 3439 3931 reliquum

1891 3963 2029 4011 esse,
2073 3950 2218 4018 quod
2290 3965 2398 4003 non
2457 3951 2657 4018 optime
2712 3950 3023 4019 quadraret,
3088 3966 3272 4006 secum
3328 3954 3442 4021 ipse

1892 4040 2175 4108 colligens:
2233 4040 2472 4102 Prmstat,
2542 4039 2734 4107 inquit,
2784 4056 2898 4105 vos,
2946 4042 3161 4106 fratres,
3218 4046 3441 4097 omnino

1890 4129 1999 4183 Deo
2052 4128 2255 4197 gratias
2300 4144 2478 4198 agere,
2527 4129 2971 4197 quandoquidem
3024 4132 3287 4200 quidquid
3340 4150 3438 4186 uu-

1889 4229 2048 4282 quam
2126 4213 2341 4277 accidit,
2390 4214 2456 4267 ad
2502 4214 2681 4267 abdita
2736 4216 2882 4268 illius
2937 4223 2989 4269 et
3048 4219 3318 4287 incognita
3352 4221 3439 4289 ju-

1892 4302 2034 4355 dicia
2088 4303 2249 4372 (ipso
2284 4301 2451 4369 probe
2503 4304 2682 4355 omnia
2730 4304 3099 4372 gubernante)
3157 4316 3241 4360 est
3299 4308 3439 4360 refe-

1892 4391 2159 4445 rendum:
2213 4407 2322 4444 non
2371 4400 2547 4443 autem
2591 4392 2669 4445 sie
2719 4392 3028 4447 inconsulto
3077 4394 3283 4463 lugere,
3328 4413 3435 4451 non

1892 4495 2047 4536 secus
2097 4496 2245 4543 sane,
2293 4496 2355 4533 ac
2404 4482 2446 4534 si
2498 4482 2642 4535 ﬁlius
2690 4489 2868 4535 vester
2917 4483 3071 4537 vobis
3109 4485 3433 4553 jampridem

1891 4587 2107 4644 pessum
2150 4572 2410 4636 abiisset;
2457 4572 2584 4624 licet
2620 4571 2769 4625 enim
2838 4571 2883 4626 is
2918 4587 3013 4626 vos
3050 4573 3231 4640 lateat,
3264 4576 3435 4630 nihilo

1892 4674 2071 4717 tamen
2115 4665 2297 4717 minus
2328 4662 2437 4715 Deo
2486 4670 2570 4715 est
2612 4660 2947 4716 manifestus.
2998 4661 3121 4718 Haec
3148 4678 3272 4717 cum
3298 4664 3437 4719 Cha-

1890 4754 2030 4809 riton
2120 4754 2380 4813 audisset,
2435 4767 2499 4806 ae
2555 4751 2819 4820 ejusmodi
2886 4752 3053 4807 verba
3106 4755 3190 4808 sui
3240 4771 3432 4811 conso-

1889 4845 2033 4898 landi
2086 4844 2253 4913 gratia
2304 4841 2418 4897 lteri
2480 4842 2749 4897 incassum
2814 4844 3169 4899 arbitraretur
3221 4865 3234 4900 :
3295 4846 3430 4911 Hoc,

1889 4938 2049 4991 Pater
2074 4934 2239 5002 (ait),
2294 4949 2479 4988 verum
2522 4948 2640 4987 esse
2695 4933 2917 4987 omnino
2946 4934 3119 4988 I‘ateor
3155 4953 3169 4990 :
3202 4937 3245 4989 si
3283 4938 3427 4990 enim

1888 5040 1953 5079 ex
1999 5023 2196 5078 divinis
2238 5022 2468 5090 Scriptis
2516 5021 2671 5074 inferi
2703 5029 2757 5073 et
2808 5022 3059 5077 interitus
3103 5022 3271 5077 Deum
3324 5039 3431 5077 non

1888 5116 2077 5175 latent,
2133 5113 2405 5182 quomodo
2462 5126 2569 5165 non
2609 5111 2770 5164 etiam
2813 5111 3092 5165 hominum
3142 5112 3306 5166 corda
3354 5114 3429 5167 illi

1887 5216 2046 5260 erunt
2078 5205 2393 5259 maniIesta?
2435 5202 2669 5256 Proinde
2712 5201 2755 5255 si
2798 5211 2851 5255 ct
2899 5202 3041 5256 Illius
3092 5210 3282 5256 noste’r
3344 5202 3429 5255 iu-

1889 5296 2054 5358 tcriit,
2082 5296 2197 5363 ejus
2247 5294 2480 5347 animam
2508 5291 2698 5345 saltem
2742 5290 2836 5344 Dei
2876 5290 3125 5345 manibus
3162 5290 3427 5346 contineri

1887 5386 2214 5440 credendum
2247 5393 2349 5438 est.
2397 5385 2567 5452 Atque
2596 5383 2857 5437 hactenus
2899 5380 3117 5450 quidem
3146 5380 3424 5436 Cbariton.

1958 5477 2140 5530 XVIII.
2183 5475 2350 5528 Porro
2382 5473 2623 5541 Gregorii
2659 5480 2826 5526 mater
2850 5471 2911 5526 ad
2942 5486 3003 5525 os
3032 5471 3193 5525 Marci
3226 5472 3417 5524 oculos

1888 5567 2163 5638 adjiciens,
2200 5565 2357 5618 Iixius
2391 5562 2747 5617 intuebatur:
2800 5577 2861 5614 ac
2906 5560 3169 5630 ejusmodi
3216 5573 3422 5614 sermo-

1889 5673 2010 5710 nem
2066 5656 2310 5716 audiens,
2374 5653 2551 5706 animo
2614 5665 2892 5719 suspensa,
2951 5650 3113 5703 corde
3178 5647 3419 5703 nutabat.

1890 5746 2092 5802 Deinde
2125 5759 2246 5800 cum
2280 5742 2576 5799 monachus
2607 5740 2826 5798 dixisset
2875 5750 3019 5797 recte
3054 5754 3175 5797 cum
3204 5739 3421 5796 illorum
