4270 6428
790 384 887 452 ιιι

2007 389 2287 452 MENSIS
2319 387 2746 455 NOVEMBEB.

3916 391 4022 454 912

793 494 906 549 lllio
920 492 1030 563 agi,
1054 490 1267 560 illisque
1281 492 1464 547 ﬂetum
1485 494 1780 562 reprlruere
1794 499 2155 568 prmcepisset.
2172 501 2347 554 Dona.
2376 505 2423 558 Α
2463 506 2477 524 '

2331 528 2347 538 ο
2376 505 2423 558 Α
2463 505 2551 557 Ἐν
2583 505 2806 570 ἀγαθοῖς
2837 504 2945 573 ἄρα
2972 500 3117 556 ἔστὶν
3145 501 3172 551 ὁ
3206 499 3316 564 nlo;
3347 501 3520 569 ὑμῶν,
3554 502 3648 555 καὶ
3675 500 3767 554 τὸν
3809 501 4012 570 θρῆνον

791 595 905 640 tum
938 583 1377 639 archidiaconum
1407 585 1690 641 confestim
1714 590 1964 654 accersit,
1983 599 2039 643 et
2066 592 2339 646 assistenli

791 677 1064 729 silentium
1110 685 1172 730 ut
1217 677 1408 729 vitium
1455 679 1656 732 acriter
1701 679 1923 749 objicit:
1971 681 2109 747 Quid
2161 697 2338 736 causa

792 766 1013 832 (inquit)
1063 775 1164 828 est,
1216 781 1248 818 o
1293 766 1476 830 homo,
1513 783 1612 820 cur
1664 783 1897 837 nequam
1942 770 2089 824 illum
2120 785 2336 824 servum

790 856 1052 918 imitatus,
1085 855 1344 908 talentum
1375 855 1467 909 Dei
1511 873 1760 925 magnum
1794 859 1846 910 in
1882 868 2078 912 terram
2111 859 2336 913 abdide-

793 946 866 996 ris
894 945 936 1006 τ,
993 959 1098 996 non
1133 944 1262 996 illud
1313 946 1496 1012 potius
1552 948 1723 1013 palam
1778 947 1994 1005 feceris.
2033 957 2090 1002 ut
2133 952 2209 1003 sic
2241 967 2338 1002 vo-

788 1033 1030 1099 iuptatis,
1060 1047 1165 1086 non
1208 1035 1496 1096 mtestitia',
1531 1044 1642 1089 tum
1669 1039 1988 1105 parentibus
2022 1041 2197 1110 pueri,
2223 1051 2333 1094 tum

789 1123 1063 1176 communi
1099 1123 1225 1176 huic
1251 1122 1392 1177 Patri
1424 1128 1884 1197 etarchipraesuli
1920 1139 2109 1184 auctor
2141 1130 2339 1187 ﬂeres!

789 1214 944 1266 Nunc
984 1228 1112 1282 ergo
1145 1214 1298 1282 cujus
1333 1215 1581 1271 criminis
1622 1235 1747 1273 reus
1796 1234 1873 1284 es,
1926 1229 1982 1276 et
2019 1237 2122 1291 qua
2175 1239 2336 1292 poena

789 1304 1144 1370 plectendas?
1169 1305 1368 1374 quippe
1410 1307 1502 1375 qui
1550 1317 1657 1361 tam
1692 1309 1923 1379 ingentis
1955 1312 2060 1365 illis
2091 1318 2339 1372 maeroris

787 1406 979 1447 auctor
1026 1395 1220 1460 factus,
1283 1396 1375 1450 Dei
1432 1399 1682 1466 gratiam,
1733 1412 1994 1469 quantum
2033 1405 2086 1458 in
2134 1414 2186 1461 te
2216 1407 2337 1474 fuit,

789 1486 1188 1540 orcultaveris?
1238 1486 1331 1541 His
1369 1489 1548 1543 verbis
1581 1491 1995 1548 archidiaconus
2021 1495 2219 1562 pallore
2254 1497 2341 1551 in-

787 1575 965 1628 lectus
989 1586 1089 1636 est.
1137 1591 1200 1631 ac
1237 1586 1388 1631 artus
1430 1581 1547 1649 ejus
1580 1594 1772 1634 omnes
1810 1589 2013 1636 tremor
2060 1585 2340 1653 invadens,

787 1667 935 1722 illius
965 1669 1156 1722 faciem
1186 1672 1416 1724 mutavit
1447 1689 1458 1723 :
1491 1687 1718 1741 seseque
1751 1674 1801 1727 in
1827 1684 2025 1730 terram
2057 1678 2337 1747 abjiciens,

789 1771 972 1810 amare
1004 1757 1130 1810 ﬂere
1157 1773 1219 1811 ac
1242 1759 1596 1828 ingemiscere
1619 1763 1781 1831 coepit
1803 1781 1818 1828 ;
1843 1778 1907 1818 ac
1927 1765 2145 1820 Davidis
2173 1769 2338 1823 verba

787 1856 975 1900 contra
1029 1862 1085 1900 se
1137 1850 1548 1917 pronuntians:
1605 1870 1622 1902 ι
1674 1853 1892 1907 Peccavi
1943 1854 1996 1907 in
2051 1855 2337 1912 Dominum

789 1953 994 2000 meum,
1025 1952 1079 1993 et
1109 1941 1160 1992 in
1193 1956 1287 1994 vos
1333 1956 1519 1995 omnes
1542 1943 1582 2005 ⁸,
1615 1962 1631 1992 ι
1672 1944 1866 2000 aiebat.
1911 1945 2041 1999 Data
2069 1945 2229 2016 igitur
2259 1947 2334 2001 illi

789 2031 968 2089 venia.
1003 2030 1151 2082 humi
1198 2031 1462 2098 jacentcm
1508 2043 1822 2094 erexerunt,
1866 2049 1928 2089 ac
1976 2039 2156 2095 omnia
2203 2038 2337 2092 Gre-

789 2121 922 2187 geni
949 2132 1063 2173 acta
1101 2132 1348 2176 accurate
1377 2123 1523 2176 illum
1549 2124 1749 2193 dicere,
1787 2126 1919 2179 nihil
1948 2130 2171 2182 omnino
2199 2145 2337 2198 pra:-

790 2213 1201 2273 termittentem,
1240 2212 1588 2279 imperarunt.
1630 2214 1733 2268 Sed
1787 2216 1876 2270 ille
1925 2232 2176 2282 exorsus,
2227 2236 2337 2274 rem

787 2301 1059 2369 sigillatim
1091 2315 1306 2356 omnem
1335 2302 1605 2369 edisserit,
1646 2314 1701 2359 et
1723 2308 2178 2374 quemadmodum
2213 2327 2337 2366 cum

789 2406 847 2444 se
881 2405 1069 2444 somno
1102 2391 1362 2458 dedisset,
1399 2395 1640 2462 quaedam
1670 2412 1770 2450 vox
1802 2413 1898 2466 per
1941 2401 2177 2469 quietem
2211 2418 2341 2469 pue-

789 2497 908 2536 rum
964 2483 1351 2544 inclamaverit,
1395 2493 1450 2538 et
1481 2494 1538 2538 ut
1576 2487 1662 2540 ille
1693 2503 1977 2558 assurgens
2008 2491 2108 2546 sibi
2143 2503 2337 2562 praesto

789 2573 974 2637 fuerit,
996 2575 1315 2643 quotiesque
1339 2575 1412 2629 illi
1442 2591 1543 2630 vox
1567 2576 1890 2644 insonuerit,
1910 2591 1965 2634 et
1989 2582 2204 2637 demum
2220 2601 2340 2655 qua

790 2666 886 2719 abs
923 2681 1002 2728 se,
1041 2666 1289 2734 qualiave
1340 2667 1594 2721 didicerit
1650 2684 1843 2739 nempe
1894 2672 1987 2740 qni
2041 2685 2340 2741 vocarat,e

790 2759 931 2815 ccio
972 2759 1276 2820 advenisse,
1321 2775 1382 2814 ac
1433 2763 1889 2830 quemadmodum
1937 2776 2209 2831 postrema
2237 2784 2340 2823 vox

790 2851 1124 2918 apparuerit,
1166 2854 1284 2920 ejus
1331 2852 1500 2920 ipsius
1533 2870 1693 2908 aures
1722 2858 2026 2923 percellens
2057 2859 2210 2914 littus
2236 2861 2338 2915 sibi

790 2942 1041 3007 protinus
1086 2945 1417 3009 petendum:
1477 2943 1718 2998 futurum
1755 2947 1900 3000 enim
1936 2955 1996 3000 ut
2028 2948 2140 3003 illic
2184 2951 2338 3004 inve-

795 3032 940 3085 niret
989 3033 1315 3100 quibuscum
1357 3049 1504 3088 mare
1551 3036 1804 3088 celeriter
1841 3038 2132 3106 trajiceret.
2167 3039 2257 3093 His
2287 3040 2338 3093 is

2451 597 2635 656 αὐτοῖς
2664 595 2911 661 ἐπισχεῖν
2937 593 3226 653 κελεύσας,
3259 594 3354 644 τὸν
3381 591 3762 660 άρχιδτάκονον
3785 592 4018 643 Δονάτον

2445 687 2641 740 αὐτίκα
2673 686 3076 753 μετακαλεῖται.
3109 684 3198 751 Τῷ
3229 684 3284 736 δὲ
3307 684 3641 752 παραστάντι
3677 682 3774 750 τὴν
3805 681 4022 748 σιωπὴν

2445 777 2706 844 πρότερον
2721 775 2932 845 πικρῶς
2954 775 3219 837 ὀνειδίζει.
3247 772 3352 826 Καὶ
3372 773 3512 833 τίνος
3542 772 3744 832 ενεκεν,
3766 775 3950 837 φησῖν,
3978 766 4022 822 ὦ

2442 866 2716 932 ἄνθρωπε,
2746 867 2837 918 τὸν
2863 866 3094 934 πονηρὸν
3125 866 3382 933 ἐμιμήσω
3403 864 3588 916 δοῦλον
3607 865 3810 914 ἐκεῖνον
3829 861 3978 913 ὥσπε
3993 879 4020 927 ρ

2439 958 2696 1010 τάλαντον
2724 957 2782 1010 τδ
2804 957 2895 1010 τοῦ
2927 957 3059 1009 Θεοῦ
3083 957 3371 1024 μεγαὶεῖον
3392 958 3763 1024 καταχωννὶε,
3786 955 3917 1005 ἀλλὰ
3945 955 4019 1018 τιὴ

2442 1045 2671 1111 φανερὴν
2691 1044 2820 1097 αὐτὸ
2837 1044 3129 1105 καθιστῶν,
3153 1044 3215 1094 ἵν’
3244 1044 3383 1096 οὕτω
3409 1044 3606 1110 μᾶλλον
3653 1044 3862 1111 ήίονῆς,
3897 1043 4016 1093 ἀλλ’

2439 1135 2539 1188 οὐκ
2568 1133 2822 1202 ἀθυμίας,
2844 1135 2954 1195 τοῖς
2977 1150 3033 1186 τε
3049 1133 3144 1185 τοῦ
3171 1133 3358 1194 παιδὸς
3382 1134 3620 1195 πατράσι
3651 1131 3826 1198 καὶτῷ
3845 1133 4018 1195 κοινῷ

2443 1226 2600 1296 ⁴ἡμῶν
2627 1226 2803 1295 ῐῖατρλ⁸
2835 1225 2968 1294 τῷδε
3002 1226 3096 1280 καὶ
3121 1226 3367 1294 ἀρχιερεῖ
3406 1225 3669 1294 κατέστης
3701 1225 4015 1292 παραίτιος.

2442 1317 2556 1369 Νῦν
2587 1314 2679 1370 οὖν
2702 1316 2954 1387 ὀφλήσεις
2972 1317 3031 1369 τὸ
3046 1316 3338 1384 ἐπιτίμιον,
3363 1316 3625 1382 τοσαύτης
3652 1318 3746 1383 μὲν
3789 1315 4004 1375 τούτοις

2444 1407 2645 1475 ὀδύνης
2677 1405 2935 1475 πρόξενος
2965 1404 3221 1473 γεγονὼς,
3262 1410 3355 1457 καὶ
3378 1404 3478 1474 τὴν
3502 1404 3594 1456 τοῦ
3627 1403 3758 1456 Θεοῦ
3805 1403 3861 1455 δὲ
3916 1403 4018 1470 χά-

2456 1514 2540 1566 ριν
2586 1498 2646 1549 το
2684 1514 2743 1564 γε
2791 1498 2879 1550 σδν
2926 1496 3090 1567 μέρος
3125 1494 3471 1566 συγκρύψας.
3503 1494 3687 1548 Ταῦτα
3739 1497 4011 1563 λεγόμενα

2445 1589 2537 1640 τὸν
2589 1587 2958 1656 άρχιδιάκονον
2991 1587 3195 1655 ὡχριᾷν
3230 1585 3425 1650 ἐποίει,
3459 1585 3551 1636 καὶ
3607 1583 3884 1652 ἠλλοιοῦτο
3914 1580 4014 1648 τὴν

2448 1675 2594 1744 ὄψιν,
2626 1678 2721 1728 καὶ
2753 1676 2938 1744 τρόμῳ
2965 1675 3034 1727 τά
3067 1675 3200 1743 μέλη
3241 1675 3514 1740 συνείχετο
3535 1691 3550 1705 ⁸
3581 1674 3672 1725 ἐπὶ
3721 1673 4015 1740 πρόσωπον

2451 1764 2506 1817 δὲ
2540 1763 2722 1816 πεσὼν
2751 1762 3049 1816 άνέκλαυσέ
3079 1779 3136 1813 τε
3170 1763 3377 1831 πικρῶς
3406 1763 3498 1814 καὶ
3533 1762 3676 1830 μέγα
3718 1759 4010 1828 ἀνῴμωξε,

2443 1855 2611 1908 ταῦτα
2637 1853 2786 1924 δῆτά
2807 1854 2898 1907 τοῦ
2916 1854 3074 1906 Δαυῒὸ
3093 1854 3279 1907 ἑαυτοῦ
3306 1853 3826 1921 καταῂφιςὸμενος·
3868 1869 3887 1901 ι
3911 1850 4003 1903 ’Π-

2453 1947 2705 2015 μάρτηκα
2752 1945 2829 2013 τῷ
2871 1946 3061 2014 Κυρίῳ
3104 1964 3203 2014 μου
3243 1946 3337 1996 καὶ
3368 1946 3533 1994 πᾶσιν
3565 1943 3715 2011 ὑμῖν.
3757 1962 3775 1992 ι
3814 1941 4010 1999 Δόντες

2445 2033 2539 2091 οὖν
2571 2036 2716 2106 αὐτῷ
2762 2037 3112 2107 συγγνώμην,
3149 2039 3240 2088 καὶ
3273 2036 3351 2102 τῷ
3381 2035 3563 2103 ἐδάφει
3597 2034 3846 2098 κείμενον
3876 2034 4009 2084 civ:-

2454 2130 2746 2195 στήσαντες
2804 2127 2985 2194 λέγειν
3065 2127 3307 2194 ἀκριϐῶς
3363 2126 3430 2177 τά
3495 2126 3620 2192 περὶ
3679 2125 4006 2190 Γρηγορὶου,

2447 2219 2566 2288 μηδ’
2597 2218 2773 2271 ὁτιοῦν
2804 2218 3207 2287 παραλείποντα
3236 2218 3502 2269 ἐκέλευον.
3556 2215 3613 2267 Ὀ
3656 2215 3708 2266 δὲ
3757 2213 4005 2281 ἀρξάμε-

2443 2328 2530 2372 νος
2561 2311 2730 2364 πάντα
2764 2309 2903 2363 κατὰ
2934 2310 3094 2379 μέρος
3125 2309 3306 2378 ἐπῄει.
3360 2309 3504 2369 ὅπως
3545 2323 3628 2371 τε,
3660 2305 4004 2372 κοιμωμένου

2444 2400 2626 2458 αὑτοῦ.
2692 2403 2842 2470 ςωνή
2905 2419 2984 2462 τις
3019 2400 3260 2466 ἀοράτως
3315 2401 3404 2450 τον
3447 2399 3609 2451 παῖδα
3643 2398 3851 2455 ἐκάλει,
3908 2396 4005 2447 καὶ

2444 2495 2589 2556 ὅπως
2634 2496 2835 2552 ἐκεῖνος
2897 2491 3042 2559 αὖτῷ
3077 2490 3417 2559 παρασταίη,
3469 2489 3702 2549 ποσάκις
3752 2504 3808 2538 τε
3861 2487 4000 2554 πρὸς

2445 2587 2606 2639 αὐτὴν
2659 2588 2690 2653 ἠ
2742 2584 2889 2652 φωνὴ
2931 2583 3159 2650 γένοιτο,
3216 2583 3309 2634 καὶ
3338 2581 3487 2642 τέλος
3539 2575 3625 2631 οἷα
3655 2579 3783 2647 παρ’
3832 2577 4002 2629 αὑτοῦ

2441 2674 2742 2743 διδαχθείη,
2775 2673 2954 2725 οεόοεν
2987 2666 3122 2723 εἶναι
3176 2668 3586 2738 συμϐαλομένου
3618 2668 3715 2734 τὴν
3769 2666 3989 2733 κλῆσιν,

2443 2762 2651 2821 καίοἶα
2699 2766 2796 2832 τὴν
2851 2765 3079 2831 ἐσχάτην
3134 2763 3294 2829 φάναι
3341 2761 3544 2829 φωνὴν,
3597 2757 3806 2818 λεπτῶς
3881 2775 3998 2817 πως

2443 2860 2537 2912 καὶ
2582 2856 2743 2910 αὑτοῦ
2785 2855 2972 2906 τούτου
3009 2851 3377 2920 περιηχούσης
3417 2850 3483 2901 τὰ
3527 2844 3660 2909 ῶτα,
3695 2851 3774 2900 ὅτι
3803 2863 3861 2898 τε
3893 2850 3998 2900 [leo

2447 2947 2666 3016 ρεύΘητι
2691 2945 2841 3013 παρὰ
2865 2944 2953 2995 τὸν
2988 2941 3256 3008 αἰγιαλὸν,
3304 2941 3399 2992 καὶ
3437 2940 3509 3001 ὡς
3539 2939 3688 2991 Ἐκεῖ
3723 2939 3995 3006 εὑρήσεις.

2444 3034 2532 3100 ὑφ’
2559 3029 2632 3084 ὦν
2679 3032 2787 3098 ἄρα
2826 3030 2884 3082 τὸ
2917 3029 3077 3097 τάχος
3121 3028 3506 3096 περαιωθήσει.
3559 3026 3741 3078 Ταῦτα
3800 3025 3995 3083 εἰπὼν,

796 3123 1202 3175 excusationem
1235 3123 1413 3183 dictis,
1447 3123 1606 3176 ﬁnem
1639 3125 1891 3194 lacrymis
1919 3127 2066 3188 fecit,
2101 3129 2242 3181 hanc
2271 3130 2342 3184 si-
2368 3133 2412 3192 ο
2446 3129 2482 3175 ε³

2310 3130 2342 3182 i.
2368 3133 2412 3192 ο
2446 3128 2524 3186 εἰς
2545 3125 2901 3192 παραιτήσεις
2925 3120 3173 3173 ιτελεύτα
3200 3122 3292 3172 καὶ
3321 3119 3551 3188 δάκρυα,
3583 3120 3786 3185 ταύτὴν
3817 3121 3996 3170 αἰτίαν

793 3211 945 3263 leutii
975 3226 1190 3264 causam
1219 3211 1382 3265 fuisse
1401 3212 1655 3276 aﬂ'ereus,
1681 3215 1915 3266 veritum
1935 3230 2014 3277 se,
2043 3232 2110 3270 ne
2129 3219 2346 3284 quando

797 3301 899 3355 ﬁde
932 3302 1183 3370 indignus
1232 3304 1591 3368 inveniretur,
1650 3321 1785 3358 neve
1832 3306 2239 3362 insimularetur
2291 3312 2344 3365 in

793 3391 1191 3446 adolescentem
1244 3394 1368 3445 mali
1421 3395 1623 3462 aliquid
1670 3395 1833 3449 fuisse
1873 3398 2140 3452 molitum.
2172 3401 2346 3469 Atque

794 3482 1208 3535 archidiaconus
1244 3483 1296 3534 in
1329 3483 1475 3536 hunc
1510 3491 1593 3536 est
1630 3483 1851 3537 modum
1882 3486 2114 3542 locutus.

870 3570 1012 3623 XIX.
1053 3570 1121 3624 At
1148 3569 1357 3624 Marcus
1385 3587 1503 3639 qua:
1531 3574 1598 3625 ab
1644 3573 1736 3626 illo
1767 3575 1834 3628 de
1861 3589 2027 3642 puero
2055 3577 2200 3632 dicta
2230 3579 2346 3634 lue-

797 3673 937 3722 runt,
974 3660 1264 3722 aﬂirmans,
1301 3661 1414 3728 ipse
1443 3676 1660 3730 quoque
1710 3664 1933 3734 adjecit,
1984 3667 2229 3737 Gregorii
2267 3670 2344 3720 vi-

800 3761 905 3804 tam
937 3751 1038 3804 sibi
1077 3765 1199 3806 esse
1246 3761 1528 3820 perspecta
1553 3771 1581 3802 ιι
1617 3769 1680 3806 ac
1704 3756 2053 3823 exploratam,
2087 3760 2239 3827 isque
2272 3759 2343 3813 ita

797 3844 944 3910 loqui
972 3843 1172 3910 cmpit:
1212 3843 1346 3896 Cum
1398 3858 1644 3898 essemus
1697 3846 1899 3912 Romae,
1935 3847 2099 3916 inque
2145 3850 2344 3918 templo

793 3946 1132 3986 summorum
1159 3931 1534 3999 Apostolorum
1574 3947 1873 3994 oraremus,
1906 3935 2014 3989 duo
2047 3937 2203 3992 nobis
2235 3939 2345 3992 for-

798 4022 1080 4076 midabiles
1127 4022 1229 4074 viri
1286 4022 1598 4084 astiterunt,
1663 4025 1754 4090 qui
1802 4024 1956 4085 mihi,
2009 4025 2200 4096 Surge,
2264 4029 2345 4082 in-

797 4111 1014 4179 quiunt,
1061 4110 1259 4168 Marce.
1309 4120 1530 4178 repente
1574 4126 1697 4164 cum
1741 4112 1974 4175 duabus,
2021 4117 2111 4183 qui
2165 4127 2340 4172 tecum

798 4206 927 4252 sunt
979 4197 1278 4257 monachis,
1311 4208 1362 4249 et
1394 4196 1772 4266 Carthaginem
1836 4201 2174 4266 navigatione
2209 4217 2341 4255 cou-

802 4289 1026 4352 tendite,
1074 4289 1257 4356 ibique
1293 4285 1611 4355 Gregorium
1651 4289 1937 4355 quemdam
1987 4290 2226 4345 Siculum
2276 4295 2343 4347 ab

799 4380 1075 4451 Agrigenti
1125 4380 1366 4433 Ecclesia
1434 4380 1564 4433 illuc
1616 4381 1896 4433 advectum
1955 4383 2242 4450 inquirite;
2297 4385 2343 4439 is

2448 3217 2544 3284 τῆς
2591 3217 2797 3281 σιωπῆς
2838 3209 2975 3264 εἶναι
3007 3211 3247 3277 φάμενος
3295 3209 3387 3261 τοῦ
3420 3211 3490 3277 μή
3525 3225 3678 3270 ποτε,
3705 3210 3859 3275 φησι,
3900 3209 3997 3260 καὶ

2446 3305 2794 3360 ἀπιστεῖσθαι
2827 3305 2980 3368 δόξω,
3038 3302 3238 3372 μᾶλλον
3268 3301 3324 3354 δὲ
3372 3301 3465 3352 καὶ
3495 3300 3731 3360 ὕποπτος
3779 3300 3994 3365 ἔσομαι.

2445 3396 2545 3448 οὐκ
2574 3395 2774 3460 ἀγαθόν
2812 3411 2865 3445 τι
2894 3394 3019 3460 περὶ
3060 3393 3150 3443 τὸν
3183 3390 3346 3442 παῖδα
3395 3389 3851 3458 διαπραξάμενος.
3884 3390 3995 3439 Καὶ

2447 3487 2585 3540 οὕτω
2619 3488 2716 3554 μὲν
2739 3489 2765 3539 ὁ
2790 3487 3176 3554 ἀρχιδιάκονος.

2515 3575 2613 3629 ΙΘ’.
2660 3575 2718 3624 '0
2747 3575 2804 3626 δὲ
2855 3574 3099 3640 Μάρκος.
3133 3575 3197 3626 τὲ
3249 3575 3377 3643 παρ’
3442 3575 3650 3626 ἐκείνου
3712 3575 3824 3633 τοῖς
3861 3587 3977 3637 παρ

2444 3665 2606 3719 αὐτοῦ
2649 3663 2904 3732 βεϐαιῶν,
2932 3649 3021 3715 καὶ
3052 3663 3212 3725 αὐτὸς
3243 3664 3600 3732 προστίθησιν
3649 3665 3792 3723 ὅπως
3843 3661 3994 3726 αὑτῴ

2446 3757 2620 3809 πάντα
2657 3756 2841 3822 σαφῶς
2874 3754 3109 3823 ἐδηλώθη
3140 3753 3207 3806 τὰ
3243 3755 3382 3806 κατὰ
3425 3755 3514 3805 τὸν
3549 3752 3867 3822 Γρηγόριον,
3903 3755 3995 3802 καὶ

2442 3846 2644 3916 ἦρξατο
2674 3845 2855 3912 λέγειν
2900 3844 3024 3896 ὡδιο
3069 3845 3157 3897 Ἐν
3190 3847 3253 3912 τῇ
3291 3845 3507 3912 πατρίδι
3545 3842 3726 3911 Ῥώμῃ
3783 3842 3995 3908 διατρι-

2443 3937 2643 3988 ϐόντων
2691 3936 2866 4004 ἡμῶν,
2905 3935 2998 3987 καὶ
3030 3934 3105 4002 τῷ
3149 3935 3255 3985 τῶν
3311 3933 3623 4002 κορυφαίων
3681 3931 3994 3984 ἀποστόλων

2443 4027 2554 4095 ναῷ
2584 4027 2682 4087 τὰς
2719 4025 2887 4094 εὐχὰς
2911 4027 3268 4092 ποιουμένων,
3300 4025 3490 4094 ἄνδρες
3515 4025 3647 4091 ἡμῖν
3685 4022 3778 4074 δύο
3801 4023 3996 4083 νυκτὸς

2443 4116 2753 4183 ἰφίστανται
2782 4113 3022 4181 φοϐεροὶ.
3062 4113 3314 4174 Ἀνάστα,
3341 4113 3530 4181 Μάρκε
3559 4111 3782 4179 ταχέως,
3804 4109 3993 4174 λέγον-

2440 4222 2551 4267 τες,
2578 4204 2712 4272 μετα
2732 4203 2839 4254 τῶν
2861 4203 2954 4254 σὺν
2976 4201 3059 4252 σοὶ
3074 4201 3165 4253 δύο
3190 4201 3457 4269 μοναχῶν,
3483 4201 3575 4253 καὶ
3600 4200 3671 4261 ὡς
3694 4201 3748 4260 ἐς
3774 4200 3990 4265 Καρχη-

2440 4295 2568 4347 δόνα
2597 4295 2684 4346 τὸν
2711 4293 2985 4345 ἀπόπλουν
3017 4291 3277 4350 ποιεῖσθε.
3311 4289 3425 4343 εἶτα
3457 4293 3511 4342 ἐν
3541 4288 3866 4358 Καροααίένῃ
3901 4303 3994 4352 γε.

2447 4386 2679 4453 νόμενοι,
2720 4384 3021 4455 Γρηγόριόν
3072 4399 3194 4435 τινα
3246 4381 3570 4449 Σικελιώτην
3601 4380 3992 4447 ἐπιζητήσατε,

798 4449 943 4526 enim
971 4472 1210 4525 naucleri
1240 4470 1545 4539 cujusdam.
1606 4473 1698 4539 qui
1749 4472 1921 4526 \‘arus
1962 4473 2177 4539 dicitur,
2211 4492 2344 4531 con-
2372 4449 2419 4508 ί)
2443 4477 2484 4528 τε

2308 4499 2344 4529 ι-
2372 4449 2419 4508 D
2580 4449 3015 4544 ’Δκρακα-ντινων
3069 4474 3169 4541 μὲν
3215 4471 3506 4539 ἐκκλησίας
3559 4468 3896 4538 ὁρμώμενον,
3936 4466 3994 4516 ἐν

798 4565 946 4618 victu
995 4563 1246 4618 familiari
1295 4564 1486 4626 utitur,
1531 4564 1689 4630 eique
1747 4573 1890 4617 totus
1947 4566 2133 4620 haeret.
2192 4567 2343 4623 Hunc

800 4653 1081 4706 vobiscum
1131 4659 1495 4711 assumcntes,
1537 4651 1904 4719 Hierosolyma
1940 4669 2109 4722 usque
2141 4656 2341 4723 perduc

801 4741 971 4797 catis:
997 4754 1105 4809 quo
1135 4740 1347 4808 appulsi
1379 4741 1726 4808 patriarcha',
1753 4743 1864 4808 cui,
1899 4760 2015 4811 qua:
2045 4746 2135 4798 illo
2166 4746 2342 4801 facere

799 4840 1066 4902 oporteat,
1111 4831 1458 4900 iniunximus,
1507 4831 1657 4884 illum
1704 4835 1898 4888 sistite.
1948 4835 2038 4889 llis
2061 4837 2237 4896 dictis.
2275 4839 2342 4891 ab

800 4929 1020 4986 aspectu
1077 4927 1239 4985 atque
1273 4917 1448 4971 oculis
1503 4918 1635 4971 mihi
1681 4920 1875 4974 sublati
1928 4931 2072 4975 sunt.
2112 4922 2341 4979 Proinde

799 5023 902 5078 ego
935 5024 1055 5063 cum
1107 5024 1136 5061 a
1180 5023 1370 5062 somno
1400 5009 1611 5062 solutus
1639 5024 1832 5071 essem.
1873 5013 1937 5065 ad
1978 5012 2176 5067 ﬂumen
2219 5031 2340 5069 cum

801 5100 886 5154 his
914 5099 1127 5153 duobus
1158 5099 1438 5152 monachis
1463 5109 1674 5154 maturo
1708 5101 1997 5169 proﬁcisci,
2031 5103 2116 5156 ubi
2151 5120 2339 5160 navem

799 5191 936 5243 velis
965 5189 1136 5258 passis
1168 5189 1299 5256 (Deo
1335 5189 1415 5242 sic
1462 5195 1755 5255 annuente)
1804 5191 2056 5245 veliﬁcari
2115 5194 2341 5249 Cartha-

801 5280 1004 5347 ginem,
1062 5277 1302 5346 comperi
1329 5293 1346 5332 :
1378 5292 1536 5346 quam
1586 5279 2032 5340 conscendentes.
2062 5281 2339 5351 Carthagi-

803 5385 926 5425 nem
963 5368 1284 5438 trajicitnus,
1331 5383 1560 5437 eamque
1605 5369 1889 5426 obeuntes.
1943 5371 2334 5427 adolescentem

802 5460 866 5512 ad
898 5459 1067 5514 adem
1106 5459 1214 5512 dtvi
1250 5461 1500 5528 martyris
1523 5460 1742 5520 Iuliani.
1778 5461 1991 5513 lectioni
2032 5476 2332 5517 vacantem.

805 5549 1128 5607 oll'endimus
1164 5567 1177 5598 :
1225 5564 1384 5616 quem
1424 5549 1684 5618 compleri
1730 5561 1784 5602 et
1827 5551 2064 5614 allocuti,
2121 5569 2239 5620 qua:
2282 5571 2337 5608 se

911 5734 926 5760 ⁷
958 5730 1141 5786 Matth.
1187 5747 1308 5795 xxv,
1352 5732 1418 5787 25
1449 5746 1600 5802 seqq.
1719 5731 1738 5760 '
1779 5731 1819 5786 ll
1867 5731 1994 5802 lteg.
2045 5751 2135 5794 xu.
2174 5736 2251 5788 13.

2441 4569 2572 4634 οἴκῳ
2600 4566 2655 4617 δέ
2709 4581 2851 4625 τινος
2915 4563 3219 4630 ναυκλήρου
3266 4562 3598 4629 καλουμένου
3632 4559 3842 4624 Οὐάρου
3888 4557 3990 4622 τὴν

2440 4652 2708 4721 διαγωγὴν
2732 4652 2925 4720 ἔχοντα
2955 4652 3051 4703 κοιλ⁸
3080 4651 3155 4718 τῷ
3187 4649 3304 4716 Θεῷ
3344 4647 3762 4714 προσανέχοντα.
3789 4643 3992 4695 Τοῦτον

2442 4746 2598 4812 ὑμεῖς
2652 4741 3171 4810 συμπαραλαϐόντες
3221 4741 3378 4809 άχρις
3433 4737 3817 4805 Ἱεροσολύμων
3869 4733 3992 4783 ἐσε-

2443 4836 2534 4887 οῦε
2600 4834 2991 4898 διασώζοντες·
3054 4835 3229 4885 ἐκεῖσε
3291 4831 3348 4882 δὲ
3411 4829 3692 4896 γενόμενοι
3747 4825 3824 4893 τῷ
3882 4841 3990 4874 πα-

2440 4927 2674 4994 τριάρχῃ
2698 4925 2883 4977 τοῦτον
2923 4926 3220 4992 συστήσατε
3245 4939 3258 4952 ο
3286 4921 3518 4988 κάκείνῳ
3536 4921 3642 4987 γάρ
3663 4918 3790 4986 περὶ
3810 4915 3988 4974 τοῦδε,

2441 5011 2473 5085 ἦ
2505 5017 2779 5083 προσῆκον
2846 5013 3251 5080 ένετειλάμεθα.
3285 5011 3468 5064 Ταῦτα
3498 5012 3546 5061 oi
3583 5010 3678 5076 μὲν
3720 5007 3990 5066 εἰπόντες,

2441 5105 2501 5167 ἐξ
2561 5104 2854 5172 ὀφθαλμῶν
2901 5120 2989 5171 μοι
3042 5102 3412 5171 κατέστησαν
3447 5099 3557 5164 ἐγὼ
3601 5098 3656 5150 δὲ
3687 5095 3781 5148 τοῦ
3817 5095 3990 5147 ὕπνου

2442 5195 2586 5258 ἡμᾶς
2639 5191 2956 5252 ὑπανέντος,
3020 5191 3214 5242 αὐτίκα
3274 5191 3425 5258 παρὰ
3464 5190 3555 5240 τὸν
3595 5183 3836 5252 ποταμὸν
3869 5183 3992 5250 ἅμα

2447 5286 2559 5334 τοῖν
2608 5283 2752 5334 δυοῖν
2782 5282 2987 5332 τούτοιν
3022 5281 3274 5348 μοναχοῖν
3305 5279 3697 5347 παραγίνομαι,
3754 5273 3850 5326 καὶ
3890 5270 3990 5323 τοῦ

2446 5374 2577 5425 Θεοῦ
2631 5374 2798 5425 ταῦτα
2823 5373 2964 5424 οὕτω
2992 5373 3228 5423 τιθέντος
3263 5371 3444 5421 πλοῖον
3500 5367 3991 5434 καταλαμϐάνομεν

2446 5467 2505 5514 τ’,
2541 5464 2704 5514 ἰστῖον
2733 5455 2885 5530 αἷρον
2911 5462 3011 5531 ἤδη
3053 5461 3143 5512 καὶ
3171 5459 3324 5519 εὐθὺς
3369 5458 3708 5526 Καρχηδόνος
3733 5457 3821 5508 τὸν
3853 5458 3992 5508 ἀπίξι

2451 5559 2612 5608 τιλουν
2658 5555 2972 5621 ποιούμενον
2996 5548 3054 5603 οὗ
3077 5553 3138 5603 δὴ
3177 5551 3481 5613 ἐπιϐάντες,
3515 5554 3592 5611 εἰς
3622 5549 3987 5618 Καρηαγένηυ
