4270 6428
800 355 906 418 223

1986 357 2272 420 MENSIS
2313 361 2744 426 NOVEMBER.

3908 386 4021 445 224

800 473 1154 528 Crescentino
1189 473 1428 537 stabant,
1460 473 1568 526 ait:
1596 472 1775 527 Unum
1812 473 2046 542 aliquem
2075 491 2139 529 ex
2171 492 2348 530 ormu-
2381 479 2422 534 Α
2455 478 2477 528 ξ

2325 506 2348 518 -
2381 479 2422 534 Α
2455 478 2580 547 ἔφη,
2613 483 2705 533 ἕνα
2732 483 2839 535 τῶν
2871 483 3085 536 πάντων
3118 487 3174 547 ὃς
3205 487 3333 554 ὑμῖν
3379 489 3457 548 είς
3487 490 3775 558 ἀρέσκειαν
3825 494 4010 561 ἀφορία

802 565 939 626 bus,
985 563 1078 628 qui
1123 563 1280 616 vobis
1324 561 1475 616 cordi
1527 561 1696 629 magis
1739 562 1838 624 sit,
1887 564 2169 618 unanimes
2208 565 2352 619 desi-

799 664 982 725 gnate.
1012 654 1277 707 Caeterum
1314 655 1610 722 prudenter
1647 653 1720 706 illi
1748 653 1882 707 nihil
1925 657 2350 724 responderunt,

803 747 935 814 quin
980 747 1315 799 tumultuose
1357 754 1611 814 agentes,
1659 746 1756 813 ipsi
1804 746 1946 798 inter
1991 763 2048 800 se
2090 749 2355 802 conviciis

803 839 1036 905 turpiter
1070 840 1425 892 lacessebant.
1459 838 1686 905 l'roptcr
1712 838 2108 906 imprudentem
2140 840 2351 894 illorum

802 929 1126 984 seditionem
1174 929 1483 996 indignatus
1527 928 1798 996 pontifex,
1838 929 2048 982 illorum
2090 931 2354 998 postulata

805 1021 960 1076 irrita
1003 1021 1148 1073 fecit.
1183 1020 1381 1072 Verum
1424 1030 1544 1088 post
1573 1019 1814 1072 triduum
1861 1020 2090 1085 Enplum
2122 1036 2184 1075 ac
2215 1020 2357 1075 Cha-

804 1113 1038 1166 ritonem
1066 1127 1349 1165 accersens
1382 1111 1512 1179 illos_
1533 1113 1747 1165 consilii
1775 1111 1856 1164 sui
1887 1112 2177 1180 participes
2205 1113 2353 1167 facit.

803 1200 1015 1256 llursus
1045 1204 1122 1255 illi
1162 1202 1253 1254 Dei
1298 1203 1555 1270 placitum
1604 1213 1938 1270 exspectare,
1981 1211 2036 1256 et
2073 1218 2234 1270 quem
2267 1205 2357 1260 ille

806 1295 1093 1347 manifeste
1123 1294 1499 1361 approbasset,
1535 1294 1679 1348 hunc
1722 1293 1909 1347 itidem
1951 1309 2072 1349 sese
2103 1296 2359 1350 dixerunt

803 1387 1028 1452 eligere.

874 1473 1113 1529 XXVIII.
1185 1475 1547 1539 Quamobrem
1610 1492 1733 1529 eum
1801 1478 2042 1544 pontifex
2100 1480 2359 1547 penderet

806 1567 993 1623 animi.
1030 1567 1304 1633 Deumque
1337 1567 1568 1620 assiduis
1597 1567 1850 1633 precibus
1878 1580 2079 1630 oraret,
2114 1579 2172 1621 ut
2197 1585 2357 1637 quem

805 1657 855 1711 is
895 1656 1169 1724 probaret,
1213 1656 1464 1709 eumdem
1506 1657 1850 1724 perspicuum
1883 1659 2098 1713 caelitus
2137 1660 2357 1725 faceret,

807 1747 946 1802 duos
987 1747 1234 1801 homines
1292 1762 1387 1814 per
1440 1746 1677 1811 quietem
1743 1747 1843 1800 sibi
1886 1748 2022 1800 vidit
2083 1751 2354 1812 assistere,

2458 587 2606 624 σατε.
2651 570 2736 633 Ὠς
2764 573 2820 624 δὲ
2847 574 2998 626 οὐδὲν
3043 577 3410 645 ἀπεκρίναντο
3451 581 3687 643 συνετὸν,
3733 583 3845 633 ἀλλ’
3899 585 4020 636 600.-

2458 661 2652 730 ρύϐουν
2682 663 2878 730 μᾶλλον
2911 663 3004 716 καὶ
3043 664 3368 733 ἀσχημόνως
3406 667 3653 735 ἀλλήλοις
3690 670 4017 738 ἐλοιδόρουν,

2458 751 2591 818 πρὸς
2623 751 2720 818 τὴν
2740 753 2927 822 ἀναιδῆ
2957 755 3144 806 στάσιν
3180 755 3363 807 αὑτῶν
3385 757 3694 827 χαλεπήνας
3712 761 3737 810 6
3760 760 4014 828 πάππας,

2454 840 2673 902 τούτους
2703 843 3034 911 ἀπελαθῆναι
3066 845 3300 898 κελεύει.
3350 846 3488 899 Μεθ’
3521 849 3730 916 ἡμέρας
3756 849 3811 901 δὲ
3858 853 4013 918 τρεῖς

2455 931 2579 991 τοὺς
2606 933 2734 998 περὶ
2765 932 2970 986 Εὑπλον
2998 935 3090 986 καὶ
3114 935 3402 1002 Χαρίτωνα
3423 939 3784 1004 συγκαλέσας,
3817 956 4018 992 ιιοινω⁹

2457 1021 2579 1082 νοὺς
2627 1021 2776 1090 αὑτῷ
2802 1025 2899 1090 τῆς
2927 1023 3150 1092 γνώμης
3177 1025 3369 1080 ἐποίει.
3424 1025 3488 1079 Ol
3522 1025 3577 1078 δὲ
3607 1025 3708 1095 τὴν
3751 1025 3846 1078 τοῦ
3875 1025 4017 1084 θεοῦ

2459 1112 2638 1181 ψῆφον
2678 1115 2774 1168 καὶ
2805 1112 2959 1179 αὖθις
3012 1119 3234 1187 κρατεῖν
3282 1118 3510 1185 ῐφησαν,
3557 1119 3651 1171 καὶ
3707 1120 3765 1171 ὃν
3810 1121 4019 1180 ἐκεῖνος

2459 1206 2717 1274 ἐμφανῶς
2741 1208 3073 1277 δοκιμάσειε,
3099 1209 3284 1263 τοῦτον
3310 1211 3374 1281 δὴ
3408 1213 3503 1264 καὶ
3542 1213 3890 1280 χειροτονεῖν.

2532 1467 2669 1519 κη’.
2718 1468 2806 1519 Ἐν
2835 1469 3025 1537 ἀπόρῳ
3052 1469 3231 1520 τοίνυν
3258 1470 3286 1522 6
3313 1471 3542 1534 πάππας
3597 1471 3891 1540 γενόμενος
3923 1480 4021 1526 καὶ

2458 1555 2548 1607 τοῦ
2581 1555 2711 1607 Θεοῦ
2755 1557 3014 1617 συντόνως
3046 1558 3314 1625 δεόμενος,
3364 1559 3423 1622 ἐξ
3456 1559 3685 1627 ούρανοῦ
3725 1561 3887 1628 δῆλον
3925 1580 4019 1626 γει

2462 1645 2646 1697 νὲσθαι
2679 1646 2770 1697 τὸν
2802 1647 2948 1714 αὑτῷ
2983 1646 3222 1714 δόκιμον,
3247 1647 3378 1717 δναρ
3441 1650 3560 1718 δρᾷ,
3605 1649 3698 1700 δύο
3745 1651 3899 1712 τινᾶς
3927 1652 4024 1704 ἄν-

2459 1733 2588 1802 δρας
2621 1736 2946 1797 ἐπιστάντας
2984 1736 3151 1805 αὑτῷ·
3190 1737 3540 1790 ἀποστολικὸν
3571 1734 3718 1808 δὲξδῆν
3749 1741 4020 1809 τὸσχῆμα

807 1839 987 1906 specie
1015 1854 1077 1891 ac
1108 1839 1252 1891 cultu
1295 1838 1540 1905 corporis
1574 1838 1847 1904 apostolos
1893 1838 2225 1899 referentes,
2262 1842 2354 1909 qui
2390 1819 2430 1872 Β
2461 1846 2493 1880 τ·

2343 1842 2354 1894 ξ
2390 1819 2430 1872 Β
2461 1827 2665 1890 τούτοις
2702 1830 2796 1880 καὶ
2830 1829 2862 1896 ἡ
2893 1829 3122 1898 ἀναδολὴ
3155 1847 3169 1861 ·
3211 1830 3262 1883 οῖ
3289 1832 3382 1883 καὶ
3424 1832 3559 1901 πρὸς
3598 1833 3758 1886 αὑτὸν
3776 1833 4022 1904 ἐῴκεσαν

808 1942 867 1981 se
898 1927 950 1980 in
987 1927 1132 1980 hunc
1169 1927 1387 1980 modum
1425 1928 1524 1980 visi
1559 1935 1684 1980 sunt
1715 1927 1950 1996 alloqui:
1983 1927 2092 1983 Cur
2119 1930 2187 1983 ob
2219 1930 2356 1984 invi-

806 2031 923 2071 cem
962 2017 1344 2072 dissidentium
1385 2020 1787 2071 contentionem
1832 2019 2016 2073 animo
2054 2022 2353 2075 cruciaris?

807 2108 942 2163 Nam
980 2111 1070 2176 qui
1117 2109 1182 2163 ad
1227 2118 1309 2172 te,
1365 2117 1425 2162 ut
1467 2109 1764 2177 eligantur,
1801 2110 1868 2163 ab
1911 2111 2098 2164 iisdem
2138 2113 2354 2166 adducti

807 2209 970 2256 sunt.
1011 2199 1114 2252 hoc
1147 2215 1312 2252 onere
1345 2212 1508 2267 atque
1537 2209 1732 2252 conatu
1789 2199 2202 2268 haudquaquam
2231 2212 2358 2256 sunt

809 2289 980 2354 digni.
1016 2289 1082 2342 At
1110 2290 1325 2357 quidam
1362 2291 1498 2343 alius
1527 2300 1609 2342 est
1637 2291 1688 2342 in
1721 2289 1851 2342 urbe
1875 2291 2088 2358 hospes,
2127 2291 2208 2344 τὶι·
2240 2308 2358 2346 mo-

809 2381 966 2434 ribus
996 2390 1220 2435 ornatus
1250 2397 1313 2433 ac
1347 2382 1455 2434 Deo
1485 2381 1711 2443 eharus;
1753 2379 2012 2448 Gregorio
2050 2395 2245 2433 nomen
2276 2392 2362 2435 est

812 2472 909 2524 illi.
942 2470 1038 2524 Hic
1064 2473 1353 2538 aliquando
1399 2472 1451 2524 in
1478 2472 1584 2524 divi
1619 2471 1771 2525 Saba:
1801 2471 2129 2524 monasterio
2165 2471 2362 2537 hOSpes

809 2563 950 2629 e371:
977 2563 1069 2614 sed
1102 2576 1224 2614 cum
1255 2540 1422 2614 hosce
1459 2562 1603 2616 viros
1633 2561 1925 2616 adventare
1955 2562 2019 2614 ad
2059 2563 2246 2617 urbem
2280 2563 2355 2616 in-

811 2649 1034 2708 Icili-xit,
1060 2652 1230 2703 multo
1253 2652 1420 2718 magis
1454 2666 1511 2703 se
1531 2653 1844 2712 occultavit,
1870 2667 1931 2704 ac
1957 2667 2101 2705 nunc
2133 2653 2184 2705 in
2213 2669 2361 2707 sacra

811 2740 922 2793 divi
957 2741 1204 2794 Mercurii
1242 2741 1356 2794 aede
1387 2741 1520 2795 latet
1549 2743 1816 2795 occultus.
1851 2741 2005 2795 Hunc
2035 2759 2275 2798 accerse.
2310 2752 2366 2797 et

813 2833 1091 2899 Agrigenti
1132 2833 1387 2886 Ecclesia:
1424 2833 1738 2900 praefectura
1775 2835 2117 2902 insignitum.
2148 2835 2200 2887 in
2229 2833 2368 2887 Sici-

815 2924 941 2977 liam
971 2924 1145 2992 primo
1169 2939 1383 2990 quoque
1403 2935 1644 2992 tempore
1677 2927 2067 2986 transmittito;
2100 2935 2182 2978 est
2219 2926 2362 2978 enim

816 3014 901 3065 vir
931 3029 1052 3066 cum
1085 3014 1390 3066 sacerdotio
1411 3014 1627 3080 dignus,
1657 3023 1768 3067 tum
1795 3014 2041 3083 regenda
2073 3015 2147 3067 illi
2179 3015 2365 3068 Eccle-

817 3104 910 3156 sia:
957 3104 1187 3156 maxime
1245 3104 1493 3156 idoneus.
1544 3105 1638 3157 His
1691 3106 1881 3165 dictis,
1928 3106 2194 3171 simulque
2243 3120 2364 3158 cum

818 3193 1165 3246 lineamentis
1203 3195 1351 3246 illum
1393 3195 1638 3262 corporis
1683 3195 2044 3255 iudicassent,
2090 3196 2157 3247 ab
2199 3195 2369 3248 oculis

819 3281 987 3345 elapsi
1021 3291 1167 3334 sunt.
1203 3281 1372 3335 Simul
1412 3297 1474 3334 ac
1512 3298 1636 3335 vero
1674 3299 1864 3337 somno
1906 3283 1993 3335 ille
2024 3284 2234 3336 solutus
2262 3291 2366 3346 est,

820 3374 1013 3424 timore
1058 3386 1121 3426 ac
1157 3373 1354 3439 gaudio
1393 3372 1663 3440 perfusus,
1705 3387 1826 3425 cum
1866 3373 2044 3425 Marco
2079 3373 2369 3435 monacho,

821 3477 941 3527 qua:
990 3462 1090 3515 sibi
1141 3477 1236 3530 per
1292 3463 1465 3514 visum
1533 3470 1935 3529 apparuerant,
1986 3463 2370 3514 communit-at.

822 3549 992 3601 Porro
1011 3550 1098 3601 hic
1123 3559 1241 3601 erat
1264 3549 1475 3601 Marcus
1501 3550 1609 3611 ille,
1642 3564 1802 3615 quem
1831 3547 2092 3616 Gregorio
2118 3549 2370 3600 comitem

825 3639 1039 3692 itineris
1061 3641 1304 3698 missum.
1328 3657 1389 3692 ac
1412 3640 1606 3692 deinde
1629 3641 1848 3691 llomam
1874 3639 1924 3690 in
1951 3639 2178 3705 patrium
2201 3638 2372 3689 solum

823 3745 1103 3782 reversum
1141 3730 1327 3793 fuisse,
1365 3731 1612 3798 superior
1631 3744 1809 3782 sermo
1841 3729 2250 3782 demonstravit.
2278 3729 2375 3781 llic

823 3820 1063 3886 pontifici
1116 3821 1216 3874 hoc
1259 3824 1427 3874 visum
1478 3822 1812 3888 gratulatus,
1864 3821 2073 3872 monuit
2124 3830 2375 3887 oportere

829 3907 978 3959 illum
1006 3912 1154 3973 juxta
1197 3911 1452 3961 visionem
1489 3923 1667 3975 agerc.
1701 3907 1836 3960 Tum
1877 3909 2090 3973 quidam
2129 3908 2374 3974 explora-

829 4005 940 4050 tum
993 4001 1282 4052 mittuntur
1329 4000 1426 4051 viri
1477 4001 1703 4061 selecti,
1756 4001 1955 4065 quique
2009 3998 2155 4049 illum
2211 3997 2376 4062 prohc

825 4093 1048 4144 norant,
1089 4101 1152 4137 ac
1193 4087 1300 4136 duo
1343 4096 1598 4152 praeterea
1640 4085 1910 4154 episcopi,
1952 4086 2043 4151 qui
2077 4101 2102 4134 a
2147 4085 2377 4136 concilio

824 4184 981 4224 antea
1013 4175 1212 4224 reversi
1241 4173 1472 4230 fuerant.
1501 4175 1701 4239 quibus
1728 4178 1863 4226 a'tcr
1887 4175 2104 4242 quidam
2129 4177 2378 4227 sacerdos

825 4261 901 4313 illi
926 4264 1376 4329 eognituseontes
1401 4251 1638 4317 additur.
1672 4265 1733 4318 Hi
1792 4266 1948 4318 simul
1993 4266 2376 4316 monasterium

827 4349 937 4400 divi
984 4350 1133 4402 Saba:
1179 4356 1578 4418 quamprimum
1624 4353 1826 4406 adeunt
1860 4372 1869 4404 :
1907 4355 1995 4406 ubi
2023 4354 2380 4421 intelligcnles

829 4439 978 4491 illum
1017 4441 1180 4492 biduo
1211 4450 1367 4492 antea
1399 4456 1701 4510 egressum,
1732 4444 1795 4494 ad
1833 4445 2086 4510 templum
2121 4459 2240 4497 sese
2269 4446 2376 4498 divi
2413 4471 2454 4526 ο

830 4530 1079 4585 Mercurii
1110 4531 1423 4591 contulisse,
1455 4532 1580 4585 illuc
1609 4541 1881 4584 maturant
1911 4535 2198 4598 proficisci,
2226 4549 2378 4588 eum-

830 4635 937 4687 que
990 4620 1113 4674 inde
1164 4635 1283 4673 mox
1335 4619 1701 4687 digressurum
1753 4621 2055 4673 inveniunt.
2109 4623 2209 4685 Qui
2257 4621 2380 4677 illos

829 4710 1044 4760 etninus
1087 4709 1459 4775 conspicatus,
1512 4718 1567 4761 et
1617 4710 1835 4776 quinam
1879 4721 2078 4773 essent,
2127 4712 2195 4765 de
2246 4712 2378 4767 facie

831 4814 1148 4867 agnoscens,
1201 4814 1263 4852 ac
1303 4799 1556 4864 demum,
1591 4801 1718 4868 quid
1763 4815 1792 4853 a
1833 4815 1890 4854 se
1925 4802 2157 4865 vellent,
2198 4806 2378 4872 conje-

834 4898 1015 4948 ctans.
1069 4888 1122 4941 in
1173 4888 1387 4941 hortum
1438 4901 1497 4942 se
1521 4886 1573 4940 in
1629 4887 1822 4942 mediis
1864 4888 2095 4958 plantis,
2146 4889 2376 4960 fugiens,

835 4977 1070 5031 abdidit.

905 5066 1094 5121 XXIX.
1165 5067 1299 5122 Cum
1359 5083 1488 5123 vero
1553 5068 1629 5123 illi
1688 5083 1718 5123 a
1772 5071 2061 5138 proposito
2120 5070 2378 5127 domicilii

834 5161 1078 5229 ejusdem
1123 5159 1438 5228 Gregorium
1493 5161 1692 5215 acriter
1738 5170 2081 5230 repeterent,
2138 5162 2280 5217 hunc
2337 5165 2380 5218 si

839 5253 1166 5313 dimitteret,
1207 5251 1441 5319 graviter
1480 5251 1838 5319 interminati,
1881 5253 1970 5307 ille
2009 5253 2188 5307 animo
2223 5265 2383 5322 atque

839 5342 1162 5411 cogitatione
1187 5357 1503 5410 suspensus.
1534 5342 1600 5395 ab
1624 5343 1894 5412 episcopis
1915 5358 2078 5398 mora:
2110 5345 2382 5412 paululum

839 5432 1177 5500 impetravit,
1234 5447 1334 5486 nec
1366 5432 1518 5500 prius
1551 5433 1843 5501 acquievit.
1873 5432 2044 5487 donec
2079 5436 2382 5490 universam

843 5524 1064 5578 domum
1095 5523 1498 5577 accuratissime
1523 5532 1797 5578 scrutatus
1820 5525 2218 5592 perlustrasset.
2247 5526 2386 5579 llor-

847 5622 957 5668 tum
993 5613 1177 5668 itidem
1210 5613 1432 5680 obiens,
1473 5623 1528 5669 et
1565 5615 1752 5668 oculos
1792 5615 2078 5669 arboribus
2109 5618 2383 5687 adjiciens,

851 5706 1087 5763 medium
1117 5705 1225 5764 illis
1249 5705 1503 5763 obrutum
1534 5722 1596 5767 ac
1629 5701 1928 5766 latitantem
1957 5708 2150 5765 cernit.
2181 5709 2387 5767 Accur-

2465 1919 2664 1986 λέγειν,
2699 1919 2764 1974 Τί
2793 1921 2928 1989 δῆτα
2961 1921 3105 1994 λύπῃ
3138 1923 3236 1992 τὴν
3265 1924 3441 1994 ψυχὴν
3486 1926 3742 1995 ιπλήγεις
3783 1929 3881 1996 τῆς
3911 1929 4024 1981 τῶν

2471 2012 2869 2075 στασιαζόντων
2893 2013 3045 2066 ἕνεκε
3093 2015 3449 2081 φιλονεικίας.
3505 2010 3664 2070 Οὗτοι
3719 2019 3776 2072 δέ
3832 2036 3916 2072 σοι
3971 2020 4022 2074 οί

2471 2103 2600 2167 παρ’
2633 2103 2811 2155 αὑτῶν
2850 2105 3250 2173 προσαγόμενοι
3281 2107 3418 2176 πρὸς
3448 2109 3782 2178 χειροτονίαν
3819 2111 4024 2176 ἥκιστα

2469 2193 2560 2244 τοῦ
2592 2194 2986 2263 ιγχειρήματος
3024 2195 3160 2258 ἄξιοι
3193 2211 3208 2228 ο
3240 2196 3396 2258 ἄλλος
3435 2197 3489 2249 δέ
3519 2198 3602 2260 τίς
3648 2201 3798 2250 ιστιν
3853 2201 3912 2251 ἀν
3954 2203 4022 2268 τῇ

2472 2283 2626 2335 πόλει
2673 2285 2842 2352 ταύτῃ
2895 2283 3045 2348 ξένος
3099 2285 3255 2353 ἀνὴρ,
3283 2286 3376 2338 τὸν
3409 2287 3618 2355 πρόπον
3649 2289 3877 2356 κόσμιος
3929 2291 4025 2342 καὶ

2471 2372 2548 2440 τῷ
2595 2372 2713 2441 Θεῷ
2762 2374 2911 2439 φίλος
2939 2387 2952 2402 ⁸
2987 2376 3016 2442 ἡ
3058 2374 3245 2441 κλῆσις
3305 2377 3452 2445 αὑτῷ
3500 2378 3818 2447 Γρηγόριος.
3855 2375 4026 2442 Οὗτος

2475 2463 2632 2531 μέχρι
2666 2464 2766 2529 μέν
2815 2481 2958 2528 τινος
3005 2464 3082 2533 τῷ
3132 2465 3225 2517 τοῦ
3259 2467 3418 2532 ἁγίου
3477 2466 3625 2520 Σάεα
3674 2470 4027 2538 μοναστηρέῳ

2473 2552 2885 2618 ὲπιξενούμενος
2935 2549 3004 2623 ἦν
3044 2568 3059 2584 ο
3111 2554 3232 2606 επεὶ
3279 2554 3335 2607 δὲ
3371 2556 3494 2618 τοὺς
3551 2556 3752 2625 ἄνδρας
3803 2558 4029 2619 τούτους

2473 2641 2708 2707 ἥκοντας
2735 2641 2958 2708 ἔμαθεν,
2991 2643 3070 2694 ἔτι
3100 2645 3192 2694 καὶ
3227 2644 3426 2711 μᾶλλον
3459 2646 3775 2716 ἀπέκρυψεν
3810 2647 4026 2710 ἑαυτὸν,

2476 2732 2567 2784 καὶ
2596 2731 2690 2784 νῦν
2714 2733 2774 2783 τὸ
2810 2733 2904 2785 τοῦ
2937 2733 3090 2798 ἁγίου
3134 2734 3338 2804 Ἰιίρμοῦ
3379 2737 3626 2803 σεμνεῖον
3675 2736 3793 2804 εχει
3834 2737 4031 2789 τοῦτον

2481 2823 2609 2893 παρ’
2646 2823 2824 2890 ἑαυτῷ
2871 2826 3248 2893 κρυπτόμενον
3273 2841 3286 2856 ·
3320 2827 3490 2896 ὅνπερ
3540 2827 3603 2894 δὴ
3645 2829 4029 2896 μετακαλεσά-

2481 2931 2634 2981 μενος
2670 2917 2761 2966 καὶ
2793 2916 2891 2982 τῆς
2931 2917 3371 2986 Ἀκραγαντίνων
3403 2919 3714 2986 ἐγχειρίσας
3737 2920 3840 2986 τὴν
3867 2935 4032 2986 προε-

2483 3005 2634 3075 δρίαν
2675 3008 2732 3068 ὶς
2776 3007 3024 3059 Σικελίαν
3079 3010 3160 3062 ὅτι
3196 3009 3423 3077 τάχιστα
3471 3013 3657 3078 πέμπε
3701 3027 3714 3042 ·
3762 3010 3881 3062 ἔστι
3919 3011 4030 3080 γὰρ

2479 3097 2572 3148 καὶ
2603 3097 2904 3164 ἱερωσύνης
2939 3099 3086 3162 ἄξιος
3112 3103 3138 3152 ό
3165 3100 3323 3167 ἀνὴρ,
3379 3100 3474 3152 καὶ
3516 3101 3593 3168 τῷ
3634 3102 3821 3169 τοιῷδε
3877 3103 4029 3168 τόπῳ

2479 3186 2711 3252 μάλιστα
2765 3189 3180 3257 προσαρμόζων.
3241 3189 3424 3242 Ταῦτα
3471 3191 3718 3251 εἰπόντες
3768 3193 3863 3243 καὶ
3909 3191 4028 3258 ἅμα

2477 3279 2567 3331 τὸν
2596 3279 2760 3331 αὑτοῦ
2786 3281 3112 3346 χαρακτῆρα
3161 3281 3260 3346 τῆς
3310 3282 3526 3350 μορφῆς
3577 3283 4028 3348 παραδείξαντες,

2481 3369 2704 3434 ἀφανεῖς
2758 3371 3122 3435 ἐγεγόνεισαν.
3210 3370 3298 3431 Ὦς
3347 3371 3402 3422 δὲ
3451 3371 3546 3423 τοῦ
3600 3372 3768 3423 ῦπνου
3817 3375 4027 3436 λέλυτο,

2481 3458 2644 3524 φόϐον
2676 3459 2770 3511 καὶ
2803 3462 2975 3528 χαρᾶς
3020 3459 3234 3528 πλήρης
3287 3459 3384 3523 ὢν,
3433 3459 3512 3527 τῷ
3555 3461 3774 3528 μοναχῷ
3815 3463 4032 3530 Μάρκῳ

2480 3549 2750 3602 κοινοῦται
2781 3550 2879 3619 τὴν
2916 3551 3058 3613 ὄψιν.
3110 3549 3168 3601 '0
3200 3551 3420 3618 Μάρκος
3458 3551 3515 3602 δὲ
3547 3547 3698 3606 οὗτος
3723 3549 3790 3618 ἦν
3821 3552 3880 3603 ὃν
3925 3554 4029 3620 ἥδη

2478 3640 2686 3708 φθάσας
2720 3641 2748 3691 6
2773 3640 2927 3704 λόγος
2952 3641 3029 3708 τῷ
3076 3641 3368 3710 Γρηγορίῳ
3430 3641 3809 3708 συνοδοιπόρον
3856 3641 4030 3707 ἐγνώ-

2481 3746 2597 3800 ρισε
2635 3729 2952 3798 πεμφθῆναι
2983 3731 3132 3798 παρὰ
3157 3729 3315 3794 Θεοῦ,
3351 3730 3447 3782 καὶ
3494 3731 3630 3796 πρὸς
3651 3729 3748 3798 τὴν
3795 3727 4031 3794 πατρίδα

2492 3819 2706 3888 Ῥώμην
2739 3816 2893 3880 αὖθις
2935 3820 3302 3884 ἀνασωθῆναι.
3347 3821 3457 3871 Καὶ
3495 3819 3553 3879 δς
3586 3818 3873 3887 συνησθεὶς
3931 3819 4032 3882 τῆς

2479 3910 2651 3975 ὅψεως
2698 3911 2774 3978 τῷ
2832 3911 3096 3977 ἀρχιερεῖ,
3154 3911 3239 3963 δτι
3285 3909 3445 3976 τάχος
3504 3907 3733 3976 παρῄνει
3785 3909 3925 3958 κατᾶ
3967 3909 4032 3956 τὰ

2478 4003 2736 4069 ὁραθέντα
2763 4005 2953 4052 ποιεῖν.
2990 4001 3099 4053 Καὶ
3147 4001 3457 4067 πέμπονται
3489 3998 3551 4066 δὴ
3609 4000 3749 4050 κατὰ
3803 3999 4033 4063 ζήτησιν

2481 4093 2672 4156 ἄνδρες
2726 4093 2990 4160 ἔκκριτοι,
3039 4093 3130 4143 καὶ
3178 4092 3291 4158 ἄμα
3346 4089 3534 4142 τοῦτον
3579 4088 3758 4148 καλῶς
3804 4088 4030 4149 ειδότες,

2479 4186 2569 4238 δύο
2605 4203 2663 4236 τε
2711 4185 2819 4236 τῶν
2867 4187 3201 4246 ἐπισκόπων,
3248 4185 3296 4234 oi
3337 4183 3444 4234 ἀπὸ
3487 4181 3586 4246 τῆς
3642 4181 3859 4232 συνόδου
3902 4181 4033 4245 πρὸς

2479 4293 2633 4338 τερον
2670 4276 3007 4342 ἀφικόμενοι,
3039 4273 3129 4325 καί
3175 4290 3256 4334 τις
3303 4271 3486 4338 ἕτερος
3513 4271 3541 4322 6
3571 4271 3751 4338 ίερεὺς
3797 4271 3891 4320 xui
3932 4272 4031 4319 αὖ·

2479 4369 2566 4425 τος
2593 4364 2737 4432 αὑτῷ
2765 4363 3057 4430 γνώριμος.
3092 4357 3249 4414 Οὑτοι
3275 4361 3486 4429 πρῶτον
3538 4361 3595 4410 ὲν
3627 4357 3703 4426 τῷ
3735 4356 3830 4407 τοῦ
3874 4358 4031 4423 ἁγίου

2481 4456 2624 4507 Σᾶὁα
2663 4453 3004 4522 μοναστηρίῳ
3030 4451 3340 4518 γενόμενοι,
3366 4449 3461 4519 καὶ
3495 4447 3759 4516 μαθόντες
3804 4447 3887 4496 ὃτι
3913 4447 4031 4496 δυσὶ

2480 4543 2741 4610 πρότερον
2765 4540 2996 4608 ἡμέραις
3022 4537 3252 4601 ἐξελθὼν
3278 4539 3356 4598 εἰς
3377 4536 3474 4604 τὴν
3499 4533 3590 4586 τοῦ
3625 4531 3788 4595 ἁγίου
3827 4531 4032 4598 Ἑρμοῦ

2482 4634 2676 4702 μετέϐη
2711 4633 2897 4698 μονὴν,
2929 4631 3042 4680 ἐκεῖ
3058 4629 3148 4680 καὶ
3168 4622 3310 4680 οὗτοι
3341 4625 3540 4694 σπουδῇ
3564 4624 4027 4692 παραγεγονότες.

2480 4725 2824 4791 εὑρίσκουσιν
2852 4721 2951 4789 ήδη
2975 4720 3227 4772 κάκεῖθεν
3256 4717 3518 4786 ἐκχωρεῖν
3548 4715 3822 4783 μέλλοντα·
3853 4714 3909 4773 δς
3937 4714 4032 4764 καὶ

2487 4808 2757 4880 μακρόθεν
2786 4810 2982 4870 αὑτοὺς
3008 4807 3334 4874 θεασάμενος
3357 4804 3447 4856 καὶ
3469 4803 3660 4864 οἵτινες
3696 4797 3805 4854 εἷεν
3830 4803 3892 4854 ἐκ
3927 4802 4028 4867 τῆς

2478 4899 2650 4967 balista;
2679 4897 2959 4964 ἀναγνοὺς,
2976 4897 3067 4948 καὶ
3083 4913 3145 4947 συ
3154 4892 3370 4963 μϐαλὼν
3394 4894 3420 4944 ὅ
3441 4908 3490 4944 τι
3517 4891 3806 4960 βούλοιντο,
3825 4888 3918 4941 τοῦ
3939 4891 4033 4957 κή-

2481 5009 2582 5044 που
2599 4990 2818 5059 δραμὼν
2845 4986 3101 5056 ενδοτίρω
3125 4987 3286 5054 μέσον
3305 4983 3411 5035 τῶν
3431 4981 3612 5048 φυτῶν
3630 4979 4030 5048 ὑπεκρύπτετο.

2553 5078 2678 5133 ΚΘ¹.
2737 5077 2892 5130 Ἐπεὶ
2938 5076 2994 5128 δὲ
3050 5069 3198 5127 οῦτοι
3243 5073 3318 5143 τῷ
3371 5071 3674 5142 προεστῶτι
3719 5071 3814 5136 τῆς
3863 5068 4034 5136 μονῆς

2487 5169 2870 5237 προσελθόντες
2899 5169 2988 5221 τὸν
3021 5165 3319 5236 Γρηγόριον
3350 5163 3583 5232 ἰσχυρῶς
3612 5162 3853 5230 ἀπῄτουν
3873 5203 3886 5221 ,
3937 5160 4035 5210 καὶ

2481 5262 2589 5314 οὐδ’
2618 5261 2681 5314 ἂν
2714 5262 2764 5314 εῐ
2785 5277 2836 5312 τι
2871 5261 3080 5326 γένοιτο
3115 5257 3368 5326 μεθήσειν
3385 5254 3545 5307 αὑτὸν
3575 5252 3776 5317 ἔλεγον.
3808 5255 3864 5303 ὲν
3891 5252 4037 5318 ἁμηο

2485 5355 2630 5420 χάνῳ
2660 5351 2934 5412 καταστὰς
2962 5353 3183 5413 ἐκεῖνος,
3245 5349 3339 5401 καὶ
3389 5345 3584 5415 μικρὸν
3644 5346 3859 5410 ὑφεῖναι
3906 5344 4034 5404 τοὺς

2486 5443 2816 5504 ἐπισκόπους
2847 5441 3292 5509 ὲξαιτησάμενος,
3326 5440 3424 5491 οὑκ
3460 5439 3622 5500 ἀνίει,
3653 5438 3828 5488 πάντα
3868 5436 4034 5485 τόπον

2485 5535 2583 5602 τῆς
2619 5533 2784 5600 μονῆς
2813 5530 3040 5598 περιιὼν
3079 5531 3172 5582 καὶ
3217 5528 3662 5597 διερευνώμενος.
3711 5527 3796 5586 Ὠς
3844 5525 3897 5575 δὲ
3937 5523 4032 5572 καὶ

2490 5623 2736 5691 περἰτδν
2792 5621 2967 5689 κῆπον
3019 5622 3271 5687 ἐγένετο,
3329 5621 3422 5672 καὶ
3474 5618 3888 5687 περιεργότερον
3939 5614 4033 5664 τὸν

2491 5710 2767 5782 ὀφθαλμόν
2797 5714 2906 5775 τοῖς
2939 5712 3124 5781 φυτοῖς
3159 5708 3476 5774 ὲπέόαλὶεν,
3508 5709 3606 5778 δρᾷ
3641 5709 3802 5777 μέσον
3848 5702 4032 5757 αὐτῶν
