4270 6428
237 374 345 442 Ξ29

1225 374 1403 433 ῊΤΑ
1447 376 1508 435 S.
1551 372 1933 435 GREGORII
1979 369 2514 431 AGRlGENTlNI.

3352 366 3458 428 280

238 487 597 559 προρρηθεὶς,
634 486 731 555 τῆς
762 502 822 538 τε
853 484 1121 555 προτέρας
1165 484 1327 537 αὐτὸν
1367 485 1800 553 ἀναμιμνήσκων
1829 489 1874 540 Λ
1903 479 1924 534 ὁ

1774 499 1800 531 ν
1829 489 1874 540 Λ
1903 479 2007 535 dus
2033 490 2173 541 erat.
2208 492 2470 547 generose
2497 476 2851 546 perferendos
2886 474 3185 529 animabat.
3214 474 3458 541 Quadam

232 581 545 647 ἀσκήσεως,
604 577 695 628 καὶ
743 575 1054 637 ὑπαλείφων
1114 572 1380 640 γενναίως
1437 574 1623 642 φέρειν
1672 573 1797 632 τοὺς

234 668 698 735 ἀπελευσομένους
748 661 897 733 αύτῷ
952 663 1312 733 πειρασμούς.
1348 663 1438 714 Ἐν
1471 664 1570 732 μιᾷ
1601 662 1658 715 δε
1688 662 1796 713 τῶν

239 758 453 808 νυκτῶν
482 756 735 824 Χαρίτων
758 752 1059 816 ἐξαναστὰς
1086 755 1112 805 ό
1138 751 1231 805 τοῦ
1262 752 1302 804 Γ
1307 752 1564 820 ρηγορίου
1588 751 1791 821 πατὴρ.

231 847 357 897 οὐδὲ
388 848 495 913 γὰρ
525 843 693 914 λήθην
741 843 1009 912 ιλάμϐανε
1038 843 1130 896 τοῦ
1161 843 1370 907 παιδὸς,
1400 842 1519 895 οὐδε
1545 842 1573 893 ὸ
1602 843 1793 911 χρόνος

234 938 335 1005 τὴν
374 937 567 1004 ὀδύνην
596 937 885 1004 ὲμάρανεν,
937 936 1055 989 ἀλλ’
1106 936 1365 989 ικόπτετο
1408 934 1478 987 τά
1513 934 1794 1001 σπλάγχνα

234 1030 331 1079 καὶ
388 1028 485 1095 τὴν
532 1026 755 1095 καρδίαν
812 1027 1125 1097 ἐστρέφετο,
1175 1027 1297 1079 τότε
1343 1026 1399 1079 δὲ
1432 1026 1527 1079 καὶ
1560 1024 1794 1095 μάλιστα

232 1118 328 1171 τοῦ
364 1118 617 1186 φιλτάτου
646 1119 831 1170 τέκνον
860 1119 1080 1187 μνήμην
1107 1118 1306 1184 λαϐὼν,
1342 1118 1577 1180 ἀναστὰς
1604 1116 1792 1183 ὥσπερ

236 1210 329 1259 καὶ
359 1206 435 1275 τῷ
464 1207 624 1259 πάθει
649 1206 884 1275 μεθύων,
913 1208 1052 1275 ἀωρὶ
1074 1207 1181 1259 τῶν
1204 1207 1410 1260 νυκτῶν
1432 1205 1792 1276 παραγίνεται

236 1294 375 1363 πρὸς
410 1294 627 1356 αὐτούς.
659 1291 785 1346 Εἶτα
816 1295 1044 1361 δάκρυσί
1080 1312 1136 1346 τε
1171 1296 1262 1347 καὶ
1321 1298 1645 1361 στεναγμοῖς
1695 1296 1790 1346 ἀνο

234 1385 487 1435 εκαλείτο
518 1385 602 1434 τὸν
634 1385 817 1446 παῖδα,
850 1385 944 1436 καὶ
974 1385 1047 1445 ὡς
1071 1387 1202 1453 πρὸς
1243 1384 1420 1436 εἰδότα
1452 1385 1539 1435 τὸν
1566 1385 1790 1451 Μάρκον

236 1474 599 1544 ἐξετραγῲδει
636 1474 732 1542 τὴν
766 1478 1072 1542 συμφορὰν,
1132 1478 1221 1527 καὶ
1283 1475 1398 1543 ἅμα
1457 1480 1520 1543 τῇ
1585 1476 1791 1527 τούτων

238 1567 373 1633 εὐχῇ
419 1564 745 1634 παραψυχὴν
795 1568 974 1632 ᾐτεῖτο
1009 1565 1100 1616 τοῦ
1136 1566 1340 1628 πάθους
1395 1567 1596 1620 λαϐεῖν.
1633 1569 1690 1619 ὐ
1735 1567 1789 1619 δὲ

239 1655 465 1721 Μάρκος
521 1655 706 1721 ἀνίςτη
744 1672 800 1705 τε
830 1654 987 1705 αὑτὸν
1034 1656 1125 1707 καὶ
1186 1656 1594 1723 ἀνεμίμνησκεν
1649 1657 1683 1709 ἂ
1730 1673 1789 1708 τε

240 1745 485 1812 περὶτοῦ
522 1746 705 1806 παιδὸς
759 1745 922 1797 πάλαι
977 1748 1234 1811 προεῖπεν
1284 1747 1452 1813 αὐτῷ,
1511 1749 1593 1799 ὅτι
1629 1749 1788 1800 αὑτὸν

238 1836 450 1903 ιψεται,
483 1841 572 1887 κ..“ι
605 1839 704 1897 ὅτι,
736 1836 803 1887 li")

238 1928 334 1995 τὴν
362 1929 653 1995 ὑπόσχεσιν

311 2021 433 2071 AI".
465 2021 703 2071 ’ίίκιιυσε
750 2020 997 2088 Χαρίτων
1042 2021 1229 2082 ταῦτα,
1291 2026 1379 2074 καὶ
1429 2024 1522 2093 τὴν
1574 2026 1793 2092 καρδίαν

238 2110 397 2172 εὐθὺς
433 2112 690 2163 ἐπάλλετο
722 2112 811 2161 καὶ
844 2114 959 2173 ταῖς
990 2114 1200 2164 ἐλπίσιν
1225 2115 1425 2181 ἤρτητο
1457 2117 1551 2166 καὶ
1581 2116 1789 2184 ἀγωνίᾳ

235 2204 360 2255 τότε
416 2206 508 2254 καί
563 2203 759 2270 μᾶλλον
812 2204 1157 2270 κατείληπτο.
1197 2204 1363 2255 Πόθεν
1402 2205 1456 2257 δὲ
1483 2205 1546 2258 ἂν
1578 2210 1668 2258 καὶ
1699 2210 1792 2259 ἐπ-

236 2298 381 2363 έγνω
415 2296 503 2348 τὸν
532 2294 843 2364 Γρηγόριον,
894 2293 980 2345 διὰ
1008 2291 1259 2345 τοσούτου
1306 2294 1401 2361 μὲν
1448 2296 1607 2346 αὑτὸν
1653 2296 1791 2363 δρῶν

236 2389 455 2457 χρόνον,
490 2387 709 2455 ἡλικίαν
762 2386 815 2437 δὲ
875 2384 990 2454 ἅμα
1029 2387 1120 2437 καὶ
1180 2388 1365 2453 σχῆμα
1401 2386 1787 2454 μεταϐαλόντα,

236 2482 299 2532 οὐ
355 2480 459 2548 μὴν
507 2480 636 2531 ἀλλὰ
692 2480 785 2530 καὶ
834 2476 1128 2547 ἐγκρατείᾳ.
1158 2478 1416 2548 τοσαύτῃ,
1453 2478 1587 2544 πρὸς
1618 2479 1671 2530 δὲ
1700 2479 1793 2530 καὶ

237 2570 577 2640 κακοπαθείᾳ
632 2570 729 2639 τὴν
780 2568 927 2637 ῶραν
975 2568 1328 2637 ἐκτρέψαντα.
1386 2568 1527 2620 Ἀλλ’
1586 2570 1789 2630 ἐκεῖνος

236 2664 507 2731 ἐγίνωσκε
539 2678 596 2712 τε
646 2661 721 2729 μὴ
770 2659 1121 2726 γινώσκοντα,
1174 2662 1267 2709 καὶ
1322 2658 1429 2712 τῶν
1461 2661 1551 2711 τοῦ
1589 2660 1789 2726 πατρίς

237 2756 415 2820 λόγων
438 2755 670 2817 ἀκούων,
716 2750 1038 2804 ἑπαθαίνετο
1083 2755 1178 2818 μὲν
1208 2751 1354 2802 ἔνδον
1387 2752 1476 2803 καὶ
1508 2753 1789 2821 συνεστρέ-

238 2862 375 2913 cpe-:0
397 2844 494 2913 τὴν
524 2845 723 2912 ψυχὴν,
754 2844 936 2909 ἐπεῖχε
997 2842 1050 2892 δὲ
1077 2843 1223 2910 ὅμως
1285 2842 1477 2895 ἑαυτὸν
1537 2844 1628 2894 καὶ
1682 2844 1789 2894 τῶν

235 2938 491 3005 δακρύων
519 2937 759 3004 ἐκράτει.
807 2932 934 2985 Εἶτα
964 2935 1099 3002 πρὸς
1133 2935 1223 2985 τὸν
1258 2935 1548 3004 Χαρίτωνα
1582 2934 1787 2987 πυνθα-

238 3028 489 3095 νόμενος,
527 3028 589 3079 'll
616 3026 670 3077 δὲ
707 3025 799 3077 τοῦ
826 3024 1014 3085 παιδὸς
1043 3022 1191 3075 τοῦδε
1226 3026 1425 3093 μήτηρ,
1446 3018 1490 3077 ὦ
1516 3024 1785 3095 ἄνθρωπε,

240 3120 368 3183 ποῦ,
421 3122 606 3186 φησὶν,
654 3119 794 3180 ἄρτι,
866 3116 1005 3179 ποῦ;
1047 3116 1103 3166 '0
1154 3114 1210 3166 δὲ
1259 3115 1446 3184 χρόνος
1505 3116 1563 3179 ἐξ
1620 3110 1787 3183 οὗπερ

236 3205 396 3273 οὗτος
427 3209 693 3272 ἀπώλετο,
722 3207 997 3270 πόσοςςὉ
1028 3205 1083 3257 δὲ
1114 3206 1210 3273 τὴν
1244 3207 1451 3275 μητέρα
1484 3207 1581 3274 μὲν
1613 3204 1791 3267 ζῶσαν

239 3308 345 3371 εφη
380 3305 471 3355 καὶ
506 3300 801 3351 πενθοῦσαν
833 3300 971 3350 οἴκοι
1032 3296 1365 3359 καταλιπεῖν,
1414 3297 1793 3365 τρισκαιδεκα-

240 3415 335 3451 τον
378 3398 431 3449 δὲ
462 3397 537 3464 τῷ
564 3395 710 3446 παιδὶ
750 3392 1048 3447 ἀπολωλότι
1081 3391 1360 3459 διηνύσθαι
1414 3390 1625 3458 χρόνον.
1676 3388 1793 3441 Ἐνο

238 3490 417 3543 ταῦθα
468 3488 764 3556 Γρηγόριος
800 3485 869 3552 (τί
900 3484 1006 3550 γάρ
1036 3485 1127 3536 καὶ
1156 3482 1349 3534 παθεῖν
1399 3481 1560 3551 ἐδει);
1590 3482 1656 3533 τά
1698 3482 1794 3549 μὲν

238 3583 339 3648 τῆς
370 3578 571 3648 μητρὸς
608 3578 816 3645 δάκρυα
863 3575 954 3627 ἐπὶ
983 3575 1105 3625 νοῦν
1147 3572 1343 3635 λαϐὼν,
1378 3572 1444 3624 τά
1471 3573 1525 3624 δὲ
1557 3570 1649 3623 τοῦ
1688 3588 1793 3622 πα-

238 3671 371 3739 τρὸς
402 3672 502 3737 ἤδη
530 3668 621 3720 καὶ
649 3664 919 3735 καθορῶν,
945 3663 1036 3716 καὶ
1074 3662 1150 3731 μὴ
1178 3664 1355 3731 φέρων
1408 3662 1550 3713 οὕτω
1604 3661 1791 3722 δεινῶς

242 3760 598 3827 κοπτόμενον,
630 3758 746 3825 ἀμα
778 3755 832 3807 δὲ
865 3753 962 3807 καὶ
1014 3753 1173 3815 αὐτὸς
1229 3753 1432 3821 φίλτρῳ
1478 3752 1787 3821 συγγενικῷ

240 3850 509 3920 νικηθεὶς,
555 3846 805 3916 δακρύων
840 3862 893 3897 τε
930 3842 1229 3913 πληροῦται
1279 3845 1405 3905 τοὺς
1454 3845 1789 3913 ὀφθαλμοὺς,

241 3943 339 3995 καὶ
370 3939 635 4007 καθέδρας
670 3937 966 3999 ὲεαναστάς
991 3938 1098 3996 τοῖς
1130 3934 1254 3985 ποσὶ
1284 3935 1666 4002 περιπλέκεται
1699 3937 1791 3988 τοῦ

241 4031 473 4100 πατρὸς,
492 4025 561 4080 '0
592 4030 787 4094 πάτερ,
816 4026 1008 4090 λέγων,
1036 4022 1147 4091 ἐγὼ
1170 4025 1258 4086 σὸς
1294 4025 1429 4087 υίὸς,
1454 4025 1583 4091 εγὼ,
1618 4026 1791 4095 πάτερ

243 4121 523 4189 φιλόπαις,
554 4117 613 4169 δν
646 4116 849 4183 σφόδρα
878 4114 1176 4182 επιζητεϊς,
1207 4115 1304 4182 τῆς
1360 4115 1526 4183 εὐχῆς
1576 4116 1603 4167 ό
1656 4115 1779 4183 βλα-

246 4210 372 4272 στὸς
397 4208 495 4276 τῆς
528 4205 796 4274 ὑμετέρας
823 4202 954 4270 εγὼ,
987 4206 1015 4256 ό
1042 4204 1180 4255 κατά
1214 4220 1277 4270 γε
1327 4204 1388 4255 τὸ
1417 4208 1507 4256 σὸν
1545 4205 1791 4275 βούλημα

244 4298 307 4362 εξ
356 4296 534 4349 αὐτῶν
582 4295 789 4348 ὠδίνων
828 4293 946 4363 Θεῷ
993 4292 1346 4363 καθιερωθεὶς
1396 4297 1424 4347 ὀ
1469 4295 1789 4365 Γρηγόριος,

247 4389 394 4457 Πλὴν
419 4386 531 4437 ἀλλ’
558 4384 745 4454 ῑμοιγε
790 4383 930 4445 ἵλεος
960 4379 1095 4451 ἐίης
1128 4383 1225 4435 τοῦ
1273 4384 1565 4453 δράματος,
1595 4388 1787 4453 πάτερ,

1904 582 2063 625 nocte
2091 586 2216 624 cum
2254 567 2516 623 Chariton
2549 568 2795 635 Gregorii
2836 577 2988 635 pater
3020 567 3163 621 lecto
3193 570 3458 623 surrexis-

1902 671 1983 714 set
2014 670 2215 729 (neque
2248 660 2394 713 enim
2432 658 2528 710 lilii
2559 659 2760 712 oblivio
2789 658 2943 711 illum
2973 667 3211 726 ceperat,
3238 673 3339 713 nec
3365 658 3461 712 do-

1904 752 2077 806 lorem
2109 761 2323 819 tempus
2355 752 2718 815 absterserat,
2750 752 2847 809 sed
2884 752 3047 807 corde
3078 762 3240 821 atque
3276 751 3461 808 animo

1900 842 2108 897 fractus
2146 844 2310 896 vitam
2343 843 2555 913 agebat)
2582 858 2645 899 ac
2674 853 2786 898 tum
2816 844 3049 899 maxime
3078 844 3197 914 ejus
3218 849 3458 897 animum

1900 932 2204 986 cbarissimi
2239 932 2336 988 ﬁlii
2380 934 2639 987 memoria
2680 934 2965 997 subiisset,
2997 934 3223 1003 perinde
3262 947 3325 986 ac
3356 933 3458 987 do-

1899 1022 2015 1077 lore
2052 1022 2262 1085 furens,
2300 1022 2368 1078 ad
2400 1024 2521 1078 illos
2552 1025 2877 1093 intempesta
2908 1034 3065 1079 nocte
3089 1032 3367 1093 preperat,
3394 1037 3460 1077 ac

1900 1123 2013 1167 tum
2054 1113 2338 1183 lacrymis.
2375 1124 2486 1168 tum
2518 1116 2772 1183 suspiriis
2815 1116 2986 1169 ﬁlium
3032 1115 3372 1182 appellatat,
3403 1122 3459 1167 et

1898 1205 2039 1272 apud
2091 1204 2329 1257 Marcum
2372 1205 2549 1258 virum
2592 1206 2914 1274 prudentem
2949 1221 3101 1259 suam
3145 1204 3319 1273 ipsius
3363 1201 3458 1258 dc-

1898 1295 2142 1362 plorabat
2188 1295 2585 1360 calamitatem,
2638 1296 2911 1363 simulque
2946 1297 3162 1347 illorum
3204 1293 3461 1362 precibus

1900 1385 2112 1438 doloris
2148 1386 2578 1439 consolationem
2625 1386 2726 1439 sibi
2774 1396 3064 1453 suppetere
3111 1386 3454 1453 precabatur.

1898 1476 2065 1529 Porro
2109 1475 2325 1529 Marcus
2362 1486 2547 1529 erecto
2579 1478 2761 1529 animo
2792 1477 2945 1528 illum
2986 1491 3102 1530 esse
3126 1477 3322 1545 jussit.
3359 1474 3458 1528 ad-

1898 1566 2144 1634 diditque
2175 1576 2426 1634 Oportere
2477 1582 2533 1619 se
2578 1566 2892 1628 reminisci,
2925 1580 3045 1633 qua:
3075 1564 3203 1617 olim
3237 1566 3351 1631 ipse
3388 1563 3458 1618 de

1897 1654 2007 1707 ﬁlio
2055 1656 2233 1708 eidem
2287 1655 2530 1715 dixerat,
2586 1655 2839 1707 nimirum
2892 1670 2947 1709 se
2992 1654 3159 1707 (ilium
3212 1654 3457 1708 visurum

1894 1760 2048 1805 esse,
2092 1757 2380 1813 propterea
2415 1754 2471 1797 ut
2500 1755 2744 1811 speraret
2766 1784 2779 1807 ,
2811 1745 3020 1808 aiebat,
3052 1760 3109 1799 se
3141 1744 3454 1813 promissio-

816 1838 960 1895 ,λπις
996 1838 1108 1898 ἔσο,
1132 1838 1315 1905 φησὶν,
1337 1838 1409 1899 ὼς
1438 1839 1497 1889 οὐ
1525 1838 1792 1907 ψεύσομαι
1828 1820 1871 1878 Β
1901 1852 2020 1885 nem
2051 1852 2202 1886 suam
2240 1836 2497 1903 neutiqua

1308 1838 1409 1900 ,ὼς
1438 1839 1497 1889 οὐ
1525 1838 1792 1907 ψεύσομαι
1828 1820 1871 1878 Β
1901 1852 2020 1885 ιιιιιιι
2051 1852 2202 1886 suam
2240 1836 2554 1903 ucmiquain
2586 1836 2994 1887 lt'ustratm'um.

1969 2031 2209 2085 XXXIII.
2274 2032 2498 2086 Audivit
2556 2032 2670 2085 haec
2730 2032 2992 2087 Chariton
3057 2031 3451 2100 confestimque

1896 2122 2059 2177 corde
2103 2122 2352 2191 prosilit.
2398 2138 2602 2191 speque
2647 2124 2827 2177 animo
2867 2122 3195 2185 ﬂuctuabat,
3227 2138 3287 2175 ae
3338 2131 3450 2175 tum

1897 2212 2064 2265 multo
2102 2213 2270 2280 magis
2301 2227 2502 2281 angore
2537 2213 2915 2277 detinebatur;
2953 2227 3128 2279 neque
3159 2228 3287 2265 vero
3320 2212 3453 2267 Gre-

1892 2306 2126 2373 gorium,
2158 2318 2465 2373 quanquam
2494 2305 2657 2358 toties
2680 2305 2913 2367 viderat,
2939 2316 3233 2371 agnoscere
3260 2302 3450 2371 potuit,

1894 2410 2065 2463 usque
2100 2395 2237 2449 adeo
2269 2411 2375 2463 qua
2403 2404 2581 2457 aetate,
2613 2408 2718 2463 qua
2750 2393 2919 2463 ﬁgura
2949 2405 3005 2449 et
3031 2392 3179 2447 cultu
3208 2391 3454 2459 corporis

1894 2484 2212 2537 immutatus
2241 2494 2391 2547 erat;
2428 2484 2616 2552 ingens
2643 2483 2788 2535 enim
2824 2483 2875 2536 iu
2898 2483 3045 2537 omni
3078 2497 3138 2535 re
3162 2481 3449 2534 continuen-

1893 2575 1988 2638 tia,
2014 2576 2155 2628 addo
2178 2577 2340 2629 etiam
2372 2576 2638 2628 malorum
2664 2575 2968 2638 tolerantia,
2991 2588 3206 2627 omnem
3236 2571 3455 2624 absum-

1890 2674 2069 2731 pserat
2120 2664 2614 2733 pulchritudinem.
2662 2668 2731 2719 At
2784 2666 2873 2720 ille
2918 2681 3025 2719 non
3068 2674 3451 2733 agnoscentem

1888 2756 2137 2820 agnovit.
2172 2770 2588 2823 sermonemque
2624 2756 2795 2823 patris
2828 2755 3092 2815 audiens,
3126 2753 3327 2807 acriter
3365 2755 3452 2805 in-

1894 2855 1981 2897 tus
2032 2846 2261 2899 aﬂ‘ectus
2310 2846 2492 2898 animo
2540 2846 2942 2909 inealescebat,
2988 2861 3045 2899 se
3095 2844 3457 2898 nihilominus

1894 2936 2009 3003 ipse
2061 2937 2409 2997 continebat,
2463 2937 2675 3003 sibique
2725 2938 3063 3004 temperabat
3100 2951 3131 2989 a
3175 2934 3449 3003 lacrymis.

1887 3024 2093 3078 Deinde
2128 3024 2321 3092 quaerit
2356 3039 2382 3076 a
2428 3023 2740 3085 Cbaritune,
2791 3023 3021 3093 llujusce
3056 3024 3208 3092 pueri
3250 3033 3447 3085 mater,

1896 3114 2037 3167 bone
2072 3114 2156 3165 vir
2179 3114 2498 3180 (inquiens),
2522 3113 2611 3163 ubi
2650 3113 2886 3176 interim,
2927 3114 3015 3165 ubi
3051 3112 3198 3181 agit?
3228 3112 3302 3166 Ex
3336 3128 3447 3180 quo

1896 3219 2021 3254 vero
2066 3203 2155 3255 hic
2194 3204 2391 3270 periit,
2440 3214 2706 3267 quantum
2754 3204 2981 3256 interest
3024 3205 3319 3271 temporis?
3359 3204 3451 3257 Ille

1894 3301 2121 3345 matrem
2171 3293 2389 3360 quidem
2447 3293 2660 3353 \ivere,
2714 3308 2776 3346 ac
2817 3294 3088 3362 lugentem
3138 3293 3282 3345 domi
3326 3293 3454 3346 reli-

1892 3387 2098 3449 quisse,
2141 3394 2397 3435 carterum
2449 3382 2515 3435 ab
2564 3386 2764 3437 amisso
2813 3384 2925 3435 tilio
2974 3382 3235 3437 tredecim
3280 3396 3452 3437 annos

1896 3473 2158 3526 interesse
2192 3472 2347 3525 dixit.
2386 3472 2483 3526 llic
2516 3472 2810 3542 Gregorius
2848 3474 3084 3543 (aliquid
3117 3473 3264 3527 enim
3298 3488 3451 3527 com-

1895 3562 2100 3616 moveri
2146 3562 2298 3615 illum
2332 3573 2759 3617 consentaneum
2795 3564 2932 3630 fuit)
2968 3563 3157 3617 matris
3186 3563 3454 3633 lacrymas

1890 3653 2071 3706 animo
2100 3654 2472 3721 complectens
2496 3694 2511 3716 ,
2542 3654 2633 3722 qui
2670 3663 2879 3722 patrem
2918 3655 3082 3722 paulo
3110 3663 3236 3708 ante
3276 3654 3454 3723 lacry-

1894 3752 2129 3796 niauten‘.
2164 3744 2414 3806 viderat,
2459 3758 2635 3811 neque
2675 3744 2885 3797 diutius
2916 3745 3099 3799 ferens
3144 3745 3295 3798 illum
3342 3753 3453 3798 tam

1891 3836 2129 3902 graviter
2168 3840 2290 3904 angi
2324 3836 2461 3902 (pari
2493 3837 2637 3889 enim
2675 3847 2729 3888 et
2761 3836 2876 3904 ipse
2908 3836 3143 3889 naturali
3172 3835 3454 3890 ebaritatis

1891 3925 2085 3977 ardore
2103 3938 2409 3979 commotus
2435 3928 2562 3995 est),
2582 3926 2764 3980 subito
2789 3927 3031 3979 sutl'usus
3060 3926 3248 3980 oculos
3278 3925 3454 3993 lacry-

1893 4014 2031 4073 mis.
2088 4014 2217 4066 sede
2260 4014 2557 4076 exsiliens,
2608 4016 2836 4082 pedibus
2879 4016 3050 4084 patris
3101 4014 3452 4069 advolvitur:

1891 4102 2050 4155 Pater
2074 4102 2392 4169 (inquiens).
2418 4118 2517 4170 ego
2540 4114 2666 4157 tuus
2690 4106 2865 4169 tilius;
2894 4121 3013 4173 ego,
3041 4106 3283 4166 inquam,
3308 4118 3455 4171 sum,

1892 4202 2042 4259 pater
2069 4192 2461 4253 amantissime.
2492 4193 2806 4260 Gregorius.
2838 4208 2998 4261 quem
3054 4202 3333 4260 tantopere
3368 4192 3452 4244 in-

1891 4283 2085 4349 quiris,
2113 4283 2308 4335 vestris
2342 4283 2595 4349 precibus
2629 4283 2683 4335 in
2710 4283 2885 4335 lucem
2922 4283 3124 4345 editus,
3154 4298 3237 4343 ac,
3269 4292 3329 4333 ut
3361 4298 3453 4336 vo-

1892 4373 2039 4425 luisti
2064 4410 2078 4432 .
2114 4373 2181 4424 ab
2215 4372 2348 4439 ipsis
2386 4372 2675 4425 cunabulis
2709 4372 2819 4425 Deo
2866 4382 3129 4424 sacratus.
3173 4372 3452 4425 Verumta-

247 4479 341 4531 καὶ
378 4476 545 4547 μηδέν
586 4492 674 4542 μοι
704 4474 797 4527 τοῦ
832 4473 1036 4535 πάθους
1075 4476 1305 4543 μηνίσῃς
1346 4474 1419 4536 ὡς
1455 4476 1661 4527 πολλῶν
1699 4477 1787 4527 δα-
1821 4470 1861 4523 D
1892 4477 1933 4513 πη

1768 4506 1787 4516 -
1821 4470 1861 4523 D
1892 4476 2033 4520 men,
2056 4462 2124 4511 mi
2158 4470 2311 4527 pater
2336 4460 2631 4525 (obsecro),
2670 4463 2927 4512 miserere
2950 4501 2962 4523 ,
3000 4460 3268 4526 mihique,
3303 4460 3450 4526 quod

246 4572 429 4641 κρύων
454 4568 608 4636 αἰτίῳ
638 4584 717 4619 σοι
751 4567 1043 4635 γενομένῳ.
1074 4566 1258 4619 Ταῦτά
1278 4584 1333 4618 τε
1363 4568 1533 4634 ἔλεγε,
1568 4570 1659 4621 καὶ
1680 4569 1794 4637 ἅμα

246 4662 483 4731 περιφὺς
538 4658 814 4729 ἠσπάζετο
848 4659 934 4709 τὸν
973 4659 1206 4727 πατέρα.
1242 4658 1347 4709 Τοῦ
1407 4661 1461 4710 δὲ
1518 4663 1657 4728 χαρὰ
1699 4663 1793 4728 μὲν

245 4754 483 4821 ἀρῤητος
507 4748 775 4815 ἐλάμϐανε
803 4748 901 4817 τὴν
926 4747 1173 4814 καρδίαν,
1202 4749 1293 4800 καὶ
1323 4749 1403 4817 τῷ
1436 4753 1675 4817 περιόντι
1698 4750 1793 4817 τῆς

243 4836 586 4905 εὐφροσύνης
619 4837 652 4903 ὴ
686 4836 904 4901 γλῶσσα
944 4836 1232 4902 πεπέδητο.
1282 4831 1413 4886 Εἶτα
1447 4840 1568 4899 τοὺς
1597 4838 1793 4904 ὀφθαλ-

250 4930 387 4995 μοὺς
442 4926 791 4990 ἀτενέστερον
846 4922 1147 4977 ἐπιϐάλλων
1201 4922 1280 4992 τῷ
1324 4923 1632 4994 Γρηγορίῳ,
1697 4929 1794 4994 τὴν

246 5018 372 5085 δψιν
406 5032 464 5067 τε
494 5014 907 5083 περιεργότερον
955 5014 1273 5082 ἀνιχνεύων,
1327 5017 1422 5067 καὶ
1474 5015 1547 5077 ὡς
1598 5016 1663 5069 ἀν
1715 5035 1793 5077 τις

247 5109 395 5159 εῐποι
434 5106 532 5156 σὺν
561 5102 813 5172 ἀκριϐείᾳ
856 5101 1044 5154 τοῦτον
1080 5102 1398 5171 ῥινηλατῶν,
1459 5108 1549 5157 καὶ
1586 5123 1792 5157 πιστωο

247 5198 362 5259 θεὶς
388 5194 546 5248 αύτδν
580 5188 718 5244 εἶναι
765 5193 856 5245 τὸν
909 5191 1179 5259 φίλτατον,
1215 5193 1372 5245 αύτδν
1427 5194 1664 5261 ἀτεχνῶς
1704 5196 1794 5245 τὸν

251 5287 391 5339 θετον
420 5282 736 5354 Γρηγόριον,
762 5281 1115 5347 ἀντιπεριφὺς
1146 5280 1239 5331 καὶ
1266 5280 1447 5345 αύτδς,
1483 5282 1652 5349 ἐφίλει
1699 5284 1791 5334 καὶ

250 5378 325 5438 ὡς
360 5376 552 5443 ἥδιστα
582 5372 983 5441 κατησπάζετο,
1032 5373 1124 5423 καὶ
1155 5373 1243 5440 ὑφ’
1280 5372 1469 5441 ἡδονῆς
1506 5374 1792 5441 δακρύοντι

253 5466 600 5533 συνεδάκρυε.
636 5462 798 5523 Μόλις
819 5458 912 5514 οὖν
941 5461 1048 5513 τῶν
1076 5461 1323 5531 δακρύων
1357 5465 1538 5526 αὐτοῖς
1571 5480 1790 5516 παυσα-

252 5561 448 5626 μένων,
500 5554 529 5604 δ
575 5553 797 5622 Μάρκος
846 5552 1186 5620 ἀμφοτέρους
1248 5552 1571 5621 παραλαϐὼν
1622 5554 1791 5616 οὕτως

249 5644 360 5712 εἶχε
391 5642 522 5711 παρ’
551 5640 676 5709 ὃλην
705 5640 802 5708 τὴν
828 5638 1020 5705 νύκτα,
1044 5637 1241 5703 πολλὰς
1272 5643 1366 5695 σὺν
1389 5640 1583 5711 ἐκείνῳ
1611 5642 1788 5711 διομο-

250 5732 540 5800 λογούντας
570 5730 644 5800 τῷ
677 5729 861 5799 Κυρίῳ
887 5730 1134 5799 χάριτας.

1900 4552 2192 4604 admissum
2236 4560 2317 4603 est
2360 4550 2605 4603 condona
2630 4591 2645 4615 ,
2679 4566 2779 4604 nec
2811 4567 2894 4603 me
2926 4553 3002 4604 uti
3045 4552 3336 4603 multarum
3375 4550 3453 4602 la-

1896 4655 2201 4708 crymarum
2236 4648 2513 4693 auctorem
2544 4655 2651 4706 pra:
2684 4640 2868 4692 dolore
2898 4640 3128 4705 amplius
3162 4640 3445 4689 insectare.

1896 4731 2019 4783 llzec
2066 4731 2239 4795 dixit,
2289 4730 2560 4797 simulque
2609 4732 2892 4797 complexu
2944 4740 3151 4795 patrem
3208 4727 3444 4780 tenebat.

1894 4820 2160 4886 Quocirca
2222 4819 2411 4871 laetitia
2468 4818 2717 4885 quredam
2771 4818 3108 4872 admirabilis
3161 4832 3255 4871 cor
3305 4819 3450 4873 illius

1895 4911 2078 4970 subit,
2110 4924 2171 4961 ac
2200 4906 2511 4960 incredibili
2540 4908 2735 4976 gaudio
2762 4911 2881 4977 ejus
2926 4908 3096 4975 ipsius
3128 4908 3310 4975 lingua
3346 4910 3447 4961 itit-

1895 4998 2242 5066 pediebatur.
2290 4995 2496 5049 Deinde
2554 4997 2622 5050 ad
2675 4995 3239 5065 Gregorium'oeulos
3291 4996 3451 5052 ﬁxius

1896 5088 2177 5155 adjiciens,
2212 5099 2495 5156 aspectum
2527 5089 2647 5156 ejus
2688 5087 3002 5141 accuratius
3045 5086 3365 5155 vestigabat,
3395 5098 3452 5141 et

1895 5179 2155 5246 sagaciter
2181 5180 2263 5244 (ut
2289 5178 2363 5230 ita
2398 5177 2596 5245 dicam)
2620 5176 2938 5230 venabatur.
2983 5176 3119 5229 Tum
3158 5164 3330 5244 ipsum
3367 5178 3449 5231 di-

1897 5285 2018 5321 vum
2062 5268 2379 5336 Gregorium
2429 5268 2839 5322 dilectissimum
2884 5268 3050 5323 (illum
3096 5283 3215 5323 esse
3257 5270 3449 5323 certis-

1896 5360 2030 5413 sime
2060 5374 2351 5427 persuasus
2371 5396 2386 5421 ,
2428 5358 2574 5412 hunc
2604 5358 2837 5413 vicissim
2871 5358 3212 5427 complexus,
3238 5357 3447 5411 suavis-

1895 5451 2029 5503 sime
2077 5450 2459 5513 osculabatur,
2509 5464 2571 5501 ae
2624 5463 2747 5502 cum
2793 5448 3125 5517 lacrymante
3174 5448 3282 5500 lilio
3332 5449 3446 5513 ipse

1895 5540 2097 5609 pariter
2142 5554 2251 5607 pra:
2292 5539 2474 5591 laetitia
2522 5538 2943 5607 lacrymabatur.
2992 5538 3237 5605 Cumque
3298 5551 3328 5589 a
3369 5536 3443 5588 la-

1894 5628 2092 5697 crymis
2118 5628 2388 5695 paulisper
2422 5636 2779 5695 temperatum
2814 5636 2975 5687 esset.
3002 5625 3214 5679 Marcus
3237 5632 3441 5677 utrum-

1893 5732 1998 5786 que
2042 5717 2365 5789 suseipiens,
2409 5732 2604 5785 magno
2643 5718 2750 5772 Deo
2794 5718 2990 5788 gratias
3028 5715 3167 5786 egit,
3214 5716 3439 5783 illosque

1900 5819 2013 5864 tota
2046 5820 2202 5866 nocte
2232 5825 2416 5866 secum
2448 5809 2655 5864 habuit.
