4270 6428
210 434 315 497 233

1164 423 1334 487 VlTA
1374 424 1439 484 S.
1470 422 1844 483 GREGOHH
1888 421 2420 483 AGRIGENTINI.

3306 418 3411 481 234

209 546 581 616 ἀνθρωπίνης,
616 544 647 610 ἢ
691 544 781 593 καὶ
825 540 995 609 βραχύ
1049 556 1097 589 τι
1138 537 1465 604 φθέγξασθαι
1502 537 1636 606 πρὸς
1682 537 1767 588 δν·
1798 546 1840 600 Α
1871 551 1895 587 v

1728 556 1767 588 ρ·
1798 546 1840 600 Α
1871 551 1971 589 vox
2009 536 2108 589 tibi
2136 544 2217 589 est
2250 533 2550 603 impedita?
2590 534 2683 585 llle
2715 547 2993 600 nunquam
3024 548 3082 587 se
3110 534 3193 587 vel
3231 550 3414 590 vocem

209 656 334 689 τινα
366 636 498 703 γοῦν
526 631 917 702 δυνηθῆναι.⁹0
948 632 1130 699 μέντοι
1165 626 1439 699 προεστὼς
1469 626 1566 693 τῆς
1602 628 1766 694 μονῆς

209 727 400 793 δγδοον
427 727 543 785 Ero;
568 724 728 775 αὑτὸν
753 725 904 788 ἄγειν
932 723 1113 781 ὁπότε,
1144 720 1271 786 ἔφη,
1302 718 1394 770 καὶ
1416 718 1763 784 ἀπεκείρατο,

210 818 387 868 εἴκοσι
422 817 478 867 δὲ
512 816 614 885 ήδη
648 815 870 883 χρόνους
903 815 960 863 ἐν
989 814 1053 879 τῇ
1090 813 1223 879 μονῇ
1252 805 1551 875 διατρῖψαι.
1601 807 1767 869 Φόϐος

210 911 304 961 ἐπὶ
340 910 499 961 τοῦτο
528 910 691 969 πολὺς
723 908 909 973 εἴληφε
953 906 1077 967 τοὺς
1135 904 1446 972 παρόντας,
1498 903 1592 953 καὶ
1635 903 1765 964 Θεὸς

209 1003 315 1054 ὑπὸ
350 1002 567 1054 πάντων
597 998 973 1069 ἐμεγαλύνετο.

283 1178 425 1241 ΔΕΓ.
460 1174 696 1226 Είσιόντι
729 1174 783 1226 δὲ
818 1173 916 1241 τὴν
946 1174 1098 1224 πόλιν
1132 1173 1207 1239 τῷ
1246 1172 1517 1240 μακαρίῳ,
1552 1170 1682 1222 πολύ
1715 1187 1765 1221 τι

212 1266 421 1334 πλῆθος
476 1264 623 1333 αὐτῷ
687 1265 1083 1332 προσυπήντα,
1145 1262 1202 1311 οὐ
1231 1260 1337 1310 τῶν
1386 1260 1766 1327 ἐπιτυχόντων,

212 1356 351 1406 ἀλλὰ
407 1357 500 1406 καὶ
556 1354 660 1405 τῶν
732 1350 1000 1417 ἀξιώμασι
1060 1350 1121 1400 τὸ
1174 1350 1450 1417 διαφέρειν
1514 1349 1765 1414 ἑχόντων.

224 1444 492 1515 Ἐπτέρου
527 1446 634 1511 γὰρ
668 1439 783 1495 οἷον
812 1444 1006 1504 αὐτοὺς
1041 1443 1137 1493 καὶ
1170 1441 1426 1502 ἀνεκίνει,
1460 1440 1555 1491 καὶ
1578 1438 1770 1490 διάπυ-

216 1552 309 1603 ρον
373 1535 547 1585 ἐποίει
584 1534 673 1585 τὸν
715 1533 849 1601 πρὸς
918 1530 1213 1598 Γρηγόριον
1272 1530 1449 1597 ἔρωτα
1502 1530 1530 1580 δ
1591 1530 1768 1595 κωφὸς

213 1627 309 1677 καὶ
353 1627 584 1688 ἇλαλος,
625 1625 683 1685 ὃς
738 1623 1207 1691 προπορευόμενος
1253 1621 1374 1673 καθ’
1423 1619 1515 1682 οὓς
1564 1623 1771 1687 γένοιτο

214 1717 347 1768 ἐϐόα
374 1718 481 1779 ἀεὶ,
529 1718 620 1767 καὶ
649 1715 821 1784 κήρυξ
874 1713 1125 1781 λαμπρὸς
1164 1712 1258 1763 τοῦ
1296 1712 1629 1773 τελεσθέντος
1672 1713 1771 1763 ὑπ-

213 1809 349 1876 ῆρχε
374 1806 670 1874 θαύματος.
705 1804 981 1857 Τοσούτων
1008 1803 1099 1855 οὖν
1128 1803 1236 1855 τῶν
1262 1802 1433 1855 ἄλλων
1461 1820 1770 1873 προσυπαν-

212 1899 455 1961 τῶντων,
488 1901 519 1963 ή
549 1898 666 1960 ιερὰ
694 1896 785 1947 τοῦ
815 1894 1115 1963 Γρηγορίου
1144 1896 1335 1964 μήτηρ
1365 1896 1503 1963 μετὰ
1529 1897 1625 1947 καὶ
1662 1893 1770 1945 τῶν

215 1990 417 2040 λοιπῶν
464 1988 833 2055 πρεσϐυτίδων
884 1988 1033 2048 ἐντὸς
1063 1988 1310 2054 εἱστήκει
1337 1988 1436 2055 τῆς
1469 1986 1642 2054 πύλης
1675 1988 1771 2055 τῆς

217 2082 451 2142 πόλεως,
484 2081 580 2147 ἥδη
626 2079 723 2146 μέν
757 2095 876 2129 τινα
900 2078 1100 2145 τρόπον
1124 2079 1391 2145 ἀκηκουῖα
1424 2078 1491 2129 τὰ
1516 2077 1654 2130 κατὰ
1684 2080 1771 2128 τὸν

218 2168 373 2217 υἱόν·
409 2168 530 2217 οὐδὲ
592 2167 700 2234 γὰρ
751 2166 923 2228 οὕτως
965 2167 1171 2233 ἀμελὴς
1218 2166 1469 2235 Χαρίτων
1503 2169 1530 2219 ὁ
1570 2166 1771 2235 ταύτης

219 2259 382 2324 ἀνὴρ,
422 2258 492 2317 ὡς
533 2256 604 2323 μὴ
640 2255 906 2324 τοσαύτης
932 2256 1122 2325 ήδονῆς
1166 2258 1422 2307 κοινωνὸν
1447 2256 1637 2308 θέσθαι
1679 2259 1771 2308 και

230 2350 331 2412 τὴν
357 2349 586 2411 γυναῖκα
616 2346 711 2397 καὶ
747 2346 1023 2413 πόρρωθεν
1054 2341 1239 2408 οὖσαν,
1273 2343 1387 2396 ἀλλ’
1430 2340 1522 2397 οὖν
1572 2348 1665 2397 καὶ
1693 2347 1769 2396 ἔτι

219 2436 416 2503 ὥσπερ
438 2436 511 2501 τῷ
547 2435 832 2504 παραδόξῳ
861 2435 956 2485 τοῦ
988 2438 1309 2501 πράγματος
1341 2435 1609 2503 μετέωρος
1640 2432 1771 2485 οὖσα

220 2527 321 2595 τὴν
357 2528 546 2593 ψρένα,
584 2527 675 2577 καὶ
721 2526 820 2575 οὐκ
857 2524 1053 2591 ἔχουσα
1090 2528 1197 2584 τοῖς
1234 2524 1548 2594 λεγομένοις
1596 2527 1770 2577 συντί-

223 2616 438 2670 θεσθαι.
477 2616 632 2668 Ἐπεὶ
655 2616 708 2666 δὲ
740 2618 831 2665 καὶ
863 2613 1145 2682 πὸῥρωθεν
1168 2614 1374 2681 ἥκοντα
1402 2615 1493 2666 τὸν
1526 2618 1636 2665 υἱὸν
1662 2610 1768 2666 εἶδε

224 2710 321 2757 καὶ
352 2710 452 2772 τὴν
480 2707 600 2773 ὕψιν
634 2708 877 2771 ἀνέγνω·
913 2704 1121 2772 σφόδρα
1149 2705 1260 2770 γὰρ
1290 2704 1383 2754 καὶ
1415 2706 1541 2765 παῖς
1585 2702 1659 2755 ὣν
1693 2705 1771 2754 ἔτι

221 2798 303 2864 τῲ
337 2803 504 2865 πατρὶ
528 2796 844 2864 παρομοέως
875 2790 962 2862 ἦν,
987 2792 1063 2854 ὡς
1092 2794 1193 2862 ήδη
1226 2793 1316 2844 καὶ
1349 2794 1766 2864 προδεδήλωται,

224 2889 322 2937 καὶ
367 2888 505 2955 ἀνὴρ
548 2887 603 2937 δὲ
652 2888 811 2938 πάλιν
868 2885 1155 2952 γενόμενος
1223 2886 1291 2933 τὰ
1336 2885 1433 2951 τῆς
1477 2885 1771 2953 ἑμφερείας

1874 628 2109 681 hominis
2160 625 2377 679 audisse
2422 624 2599 687 dixit,
2646 624 2729 678 vel
2786 623 3085 694 quemlibet
3136 625 3415 693 paululum

1869 720 2021 773 all‘ari
2048 720 2305 789 potuisse.
2340 717 2475 770 Tum
2506 717 2818 770 monasterii
2854 731 3052 783 praeses
3088 726 3214 771 octo
3244 732 3417 773 annos

1869 814 2017 867 illum
2053 826 2240 880 agere,
2276 823 2398 861 eum
2431 817 2619 862 tonsus
2647 817 2768 861 est:
2811 818 3064 860 ceterum
3099 808 3288 878 viginti
3318 824 3418 863 an-

1868 920 1967 959 nos
1991 905 2042 957 in
2071 900 2397 956 monasterio
2418 910 2812 955 commoratum
2836 900 2994 953 dixit.
3017 898 3075 953 In
3097 901 3198 954 hoc
3226 902 3416 971 ingens

1871 1003 2165 1063 praesentes
2188 1006 2377 1046 omnes
2402 992 2564 1044 timor
2594 992 2837 1057 incessit,
2871 991 3118 1060 Deusque
3139 992 3209 1045 ab
3237 992 3418 1046 omni-

1872 1090 1973 1143 bus
2004 1088 2283 1156 magnilice
2320 1083 2714 1138 celebrabatur.

1940 1178 2172 1233 XXXVI.
2221 1176 2546 1246 lngredienti
2594 1176 2893 1238 civitatem,
2931 1189 3121 1244 magna
3163 1173 3408 1244 quaedam

1875 1269 2189 1331 multitudo,
2215 1284 2319 1321 nou
2344 1268 2713 1337 gregariorum
2727 1264 2968 1333 quidem,
2985 1264 3079 1317 sed
3101 1264 3313 1318 illorum
3328 1266 3421 1334 qui

1872 1360 2175 1413 honoribus
2200 1372 2263 1410 ac
2302 1358 2560 1425 dignitate
2589 1354 2801 1408 caeteris
2833 1353 3196 1416 antestabant.
3229 1368 3423 1407 occur—

1873 1452 1965 1505 rit.
1996 1452 2195 1503 Eorum
2221 1449 2367 1502 enim
2394 1448 2603 1500 animos
2631 1447 2683 1499 in
2714 1445 2944 1499 sublime
2972 1452 3244 1503 evexerat.
3274 1458 3421 1497 com-

1872 1548 2146 1603 moverat,
2182 1539 2345 1605 iuque
2386 1535 2631 1602 Gregorii
2667 1549 2905 1588 amorem
2944 1534 3298 1588 vehementer
3332 1534 3420 1587 in-

1872 1630 2171 1683 ﬂammarat
2201 1627 2401 1681 surdus
2438 1626 2548 1690 ille,
2589 1629 2840 1692 idemque
2871 1632 3095 1676 mutus:
3135 1624 3229 1691 qui
3262 1632 3420 1677 ante-

1874 1732 2112 1785 vertens,
2141 1720 2282 1789 apud
2309 1732 2519 1778 oumes,
2546 1730 2684 1784 quos
2706 1715 2940 1768 habebat
2963 1714 3173 1778 obvios,
3202 1728 3423 1783 semper

1875 1812 2174 1872 clamabat,
2220 1823 2387 1876 seque
2428 1820 2731 1875 praeconem
2769 1805 2964 1873 patrati
3003 1803 3249 1857 miraculi
3283 1819 3422 1872 prm-

1874 1905 2051 1958 stahat
2076 1904 2361 1957 illustrem.
2386 1902 2520 1956 Cum
2546 1899 2709 1968 igitur
2731 1897 2977 1966 Gregorii
3009 1907 3203 1959 mater.
3230 1897 3425 1950 mulier

1872 2006 2077 2059 sancta,
2113 1994 2235 2047 aliis
2284 1992 2394 2045 [ilio
2427 1991 2643 2044 obviam
2696 1987 3112 2057 prodeuntibus,
3148 1987 3262 2056 ipsa
3291 2004 3415 2042 cum

1875 2086 2097 2154 reliquis
2133 2082 2443 2137 senioribus
2488 2081 2705 2134 feminis
2746 2079 2888 2131 intra
2928 2086 3140 2146 portam
3188 2078 3424 2132 civitatis

1872 2176 2203 2231 substitisset
2246 2175 2369 2241 (nec
2406 2172 2548 2226 enim
2580 2185 2699 2239 quas
2732 2168 2845 2223 ﬁlio
2890 2170 3018 2221 olim
3056 2170 3421 2239 contigerant.

1873 2268 2215 2335 aliquatenus
2253 2265 2394 2317 illam
2432 2264 2691 2325 latebant,
2732 2261 3001 2329 siquidem
3035 2260 3299 2315 Chariten
3340 2262 3423 2314 vir

1872 2358 1988 2425 ejus
2034 2370 2138 2408 non
2196 2370 2368 2423 usque
2418 2354 2551 2407 adeo
2594 2352 2773 2420 segnis
2822 2350 2957 2411 fuit,
3009 2351 3142 2418 quin
3196 2365 3421 2405 uxorem

1872 2461 2179 2512 quanquam
2209 2445 2366 2513 longe
2394 2445 2645 2513 positam,
2679 2454 2783 2496 tam
2809 2443 3042 2512 ingentis
3067 2443 3268 2497 lmtitia:
3294 2458 3423 2512 par-

1876 2537 2092 2604 ticipem
2124 2534 2345 2603 faceret)
2381 2533 2609 2603 proinde
2640 2533 2923 2603 repentino
2954 2533 3057 2586 hoc
3089 2543 3145 2587 et
3183 2533 3424 2588 admira-

1872 2627 1965 2681 bili
1997 2627 2188 2679 nuntio
2218 2626 2499 2693 suspensis
2530 2622 2708 2677 adhuc
2740 2632 2795 2676 et
2824 2625 3025 2677 erectis
3053 2624 3250 2677 animis
3278 2635 3417 2685 erat,

1873 2732 2047 2786 ueque
2078 2716 2239 2770 dictis
2270 2715 2615 2785 acquiescere
2648 2722 2883 2783 poterat.
2915 2713 2985 2767 At
3007 2712 3099 2767 ubi
3134 2712 3301 2767 lilium
3329 2732 3424 2769 vc-

1873 2808 2111 2862 nientem
2162 2806 2379 2860 eminus
2419 2804 2729 2875 conspicata
2775 2814 2892 2866 est,
2940 2803 3132 2857 faciem
3178 2804 3418 2873 agnovit,

1872 2897 2009 2963 patri
2043 2897 2186 2949 enim
2212 2910 2347 2964 puer
2370 2893 2547 2948 adhuc
2574 2893 2840 2947 exsistens
2861 2906 2959 2960 per
2992 2893 3171 2945 omnia
3206 2898 3288 2946 fut
3314 2906 3423 2945 non

228 2979 349 3045 ῐχνη
384 2977 636 3038 διὲσωζυ
685 2976 743 3025 τό
796 2992 854 3025 τε
906 2970 999 3025 οὖν
1055 2972 1229 3033 καλὼς
1258 2971 1416 3023 αὑτὸν
1451 2970 1771 3036 ἐπιγνοῦσα,
1799 2968 1842 3023 C
1877 2986 1914 3039 ίι

1742 2990 1771 3036 ιο
1799 2968 1842 3023 (ἶ
1877 2986 1951 3039 ita
1994 2984 2201 3054 pridem
2243 2981 2590 3052 perspicuum
2636 2981 2837 3036 factum
2877 2981 2982 3049 est)
3027 2981 3228 3036 similis
3266 2991 3428 3035 erat:

227 3067 352 3118 ἐπεὶ
388 3067 552 3134 μηδὲν
582 3065 880 3133 ἀμφίϐολον
917 3062 1236 3113 ὑπελείπετο
1262 3099 1278 3123 ,
1311 3060 1445 3113 ἀλλὰ
1466 3060 1720 3130 καθαρῶς
1748 3063 1777 3113 ὁ

231 3157 527 3224 Γρηγόριος
562 3156 673 3215 υἱὸς
706 3157 871 3223 αὐτῆς
899 3153 1242 3221 ἐγνωρίζετο,
1266 3151 1516 3220 δακρύων
1540 3153 1778 3221 μὲντοὺς

227 3247 567 3313 ὀφθαλμοὺς,
610 3247 781 3313 χαρᾶς
812 3244 866 3295 δὲ
899 3244 995 3312 τήν
1044 3242 1269 3311 καρδίαν
1303 3241 1516 3310 πλήρης
1552 3241 1773 3308 ἐγίνετο,

231 3337 331 3388 καὶ
362 3337 529 3399 ὄντως
561 3337 694 3405 πρὸς
737 3334 932 3403 ἑαυτὴν
985 3335 1165 3403 φησιν,
1200 3332 1278 3386 Οὐ
1322 3332 1539 3401 ψευδὴς,
1571 3331 1774 3399 ἔλεγεν,

226 3428 291 3480 οὐ
318 3428 518 3496 ψευδὴς
572 3428 703 3493 ἔφυς
750 3427 777 3476 δ
828 3426 998 3478 ταῦτὰ
1027 3441 1113 3492 μοι
1146 3425 1252 3491 πρὸ
1280 3423 1472 3476 πολλοῦ
1510 3423 1768 3493 είρηκὼς,

233 3519 318 3570 ὃτι
368 3520 469 3570 κάν
493 3521 557 3585 τῇ
592 3517 842 3587 παρούσῃ
877 3517 986 3584 ζωῇ
1013 3516 1105 3567 καὶ
1133 3514 1307 3577 ζῶντα
1338 3514 1431 3566 καὶ
1456 3515 1597 3581 μετὰ
1624 3515 1778 3583 δόξης

232 3609 325 3659 τὸν
354 3610 486 3675 ἐμὸν
514 3609 677 3661 παῖδα
704 3610 986 3675 θεάσομαι.
1027 3606 1185 3657 Ἀλλὰ
1207 3605 1375 3658 ταῦτα
1402 3606 1499 3672 μὲν
1528 3607 1560 3675 ή
1597 3607 1779 3675 μήτηρ

228 3702 320 3752 τὸν
361 3702 585 3769 Μάρκον
609 3702 952 3769 αἰνιττομένη
972 3717 985 3729 ·
1044 3701 1071 3749 δ
1096 3700 1151 3751 δὲ
1182 3699 1319 3750 κατὰ
1346 3698 1562 3766 πνεῦμα
1608 3700 1780 3771 ταύτῃ

229 3792 353 3843 τότε
399 3792 599 3858 πατὴρ,
664 3792 893 3858 ἐπείπερ
945 3791 1157 3855 ἧγγισε,
1206 3789 1300 3839 καὶ
1330 3788 1427 3851 τὴν
1459 3790 1667 3857 μητέρι
1696 3807 1781 3855 γι-

233 3879 553 3932 νὼσκουσαν
614 3880 773 3944 ἔγνω,
835 3878 1148 3946 περιὸἁλλει
1197 3893 1254 3928 τε
1302 3877 1442 3928 πάνυ
1484 3876 1649 3944 sum;
1688 3878 1780 3928 καὶ

230 3971 623 4036 ἀσπασάμενος
654 3972 834 4037 μόνον,
869 3970 985 4020 οὐδὲ
1015 3971 1121 4036 γὰρ
1156 3966 1513 4035 ἐνδιατρίϐειν
1544 3970 1570 4019 δ
1596 3968 1782 4037 καιρὸς

230 4059 366 4125 περὶ
385 4058 558 4109 ταῦτα
584 4060 773 4119 ἐδίδου,
804 4056 937 4123 μετὰ
960 4057 1154 4117 παντὸς
1178 4055 1268 4106 τοῦ
1294 4054 1528 4122 πλήθους
1550 4056 1609 4105 τὸ
1641 4056 1784 4123 ἱερὸν

1874 3076 2001 3143 quin
2040 3083 2095 3127 et
2123 3074 2205 3125 vir
2234 3073 2428 3135 factus,
2455 3072 2681 3140 vestigia
2716 3070 3090 3124 similitudinis
3121 3085 3429 3124 conserva-

1874 3163 1971 3216 vit.
2013 3161 2373 3228 Quamobrem
2405 3175 2528 3215 cum
2573 3160 2742 3214 lilium
2783 3159 2953 3228 probe
2992 3169 3340 3228 agnosceret.
3370 3171 3429 3215 et

1877 3266 2079 3318 anceps
2112 3250 2244 3303 nihil
2278 3250 2381 3303 sibi
2415 3249 2717 3317 quidquam
2752 3248 3185 3317 relinqueretur.
3215 3250 3431 3315 quomi-

1882 3355 1983 3394 nus
2023 3340 2314 3407 Gregorius
2356 3342 2437 3393 sui
2479 3340 2651 3408 ipsius
2683 3340 2826 3393 [ilius
2856 3340 3176 3393 manifestus
3202 3353 3432 3408 appare-

1884 3441 1966 3485 ret
1994 3450 2005 3483 :
2036 3442 2148 3484 tum
2176 3430 2231 3483 in
2266 3432 2531 3500 lacrymas
2557 3441 2613 3483 et
2638 3430 2821 3484 cordis
2848 3429 3106 3499 gaudium
3133 3430 3324 3493 en‘usa.
3346 3432 3431 3485 ita

1886 3521 2043 3589 plane
2070 3534 2255 3574 secum
2280 3521 2393 3588 ipsa
2419 3520 2745 3589 loquebatur
2771 3537 2785 3573 :
2819 3519 2937 3573 Non
2964 3528 3019 3573 tu
3044 3522 3294 3586 mendax,
3321 3537 3429 3574 nou

1884 3623 1939 3664 tu
1986 3612 2250 3680 (inquam)
2296 3610 2522 3664 mendax
2570 3609 2718 3663 fuisti
2748 3648 2761 3671 ,
2802 3608 2894 3678 qui
2938 3609 3049 3677 jam
3081 3610 3289 3677 pridem
3316 3609 3432 3664 hcc

1882 3703 2015 3755 mihi
2053 3702 2303 3765 dixeras,
2348 3716 2433 3755 me
2475 3701 2574 3754 hac
2614 3700 2784 3754 etiam‘
2818 3699 3067 3767 presenti
3110 3699 3218 3753 vita
3261 3698 3430 3751 tilium

1883 3805 2060 3845 meum
2087 3805 2209 3844 cum
2243 3791 2410 3859 gloria
2437 3791 2673 3842 visuram
2708 3807 2721 3841 :
2754 3790 2957 3857 quibus
2984 3788 3162 3842 verbis
3192 3789 3430 3843 “arcum

1885 3881 2117 3933 latenter
2141 3877 2479 3946 designabat.
2505 3876 2673 3929 Porro
2694 3876 2838 3932 [ilius
2861 3876 3163 3930 secundum
3188 3890 3431 3936 carnem.

1885 3970 1975 4036 qui
2010 3979 2137 4021 tunc
2170 3968 2346 4021 eidem
2385 3969 2535 4035 juxta
2571 3967 2820 4034 spiritum
2854 3974 3006 4032 pater
3035 3974 3184 4027 erat.
3214 3964 3304 4018 ubi
3342 3979 3431 4017 ce-

1887 4058 2066 4110 minus
2090 4058 2565 4126 appropinquavit,
2598 4067 2936 4123 matremque
2961 4070 3020 4109 se
3049 4063 3415 4124 agnoscenten

232 4148 429 4215 εἰσῄει.
489 4148 597 4213 Τῆς
643 4147 697 4197 δὲ
746 4146 893 4205 θείας
943 4145 1269 4212 τελουμένης
1317 4146 1723 4211 μυσταγωγεας,
1756 4147 1785 4196 δ
1885 4162 1912 4198 a

1756 4147 1785 4196 ὁ
1885 4148 2122 4215 agnovit,
2150 4160 2267 4198 eam
2292 4146 2611 4199 suavissime
2636 4146 2900 4207 ambiens,
2936 4154 3249 4212 tantumque
3280 4158 3431 4197 eom-

232 4234 558 4303 καθιδρῦσαι
605 4236 762 4285 αὑτὸν
816 4232 1087 4301 ἐληλυθὼς
1139 4234 1460 4293 ἐπίσκοπος,
1501 4234 1589 4283 κ.;ί
1640 4249 1781 4294 τινες
1816 4270 1857 4325 D
1886 4250 1918 4302 p

1746 4250 1781 4294 :;
1816 4270 1857 4325 ο
1886 4238 2131 4302 plexatus
2158 4240 2302 4301 (nam
2328 4234 2623 4301 quominus
2650 4234 2700 4285 in
2733 4232 2819 4287 his
2844 4232 3048 4287 diutius
3075 4235 3432 4286 immoraren-

234 4325 347 4375 τῶν
389 4325 554 4385 ἀξίων
590 4324 760 4387 ἄλλοι,
790 4326 886 4391 τὴν
936 4321 1127 4389 ὁμοίαν
1156 4323 1219 4389 τῇ
1268 4319 1430 4373 πάλαι
1491 4325 1784 4391 περιστερᾷ
1816 4319 1846 4325 ⁷
1893 4334 1920 4377 ιι

1746 4325 1784 4391 ᾷ
1816 4319 1846 4325 ⁷
1893 4334 1999 4389 tur,
2042 4336 2282 4393 tempore
2311 4324 2760 4391 excludebantur)
2799 4340 2900 4378 una
2934 4340 3054 4379 cum
3084 4322 3432 4376 multitudine

230 4415 443 4467 ἄνωθεν
486 4415 758 4484 καθορῶσι
816 4416 909 4466 καὶ
970 4413 1143 4465 ’πάλιν
1192 4413 1635 4484 ξπικαταπτᾶσαν
1689 4416 1779 4466 καὶ
1888 4424 1916 4464 ιι

1744 4416 1779 4466 ιι
1888 4416 2145 4481 templum
2196 4414 2496 4483 ingreditur
2531 4432 2543 4467 :
2586 4415 2676 4467 ubi
2724 4415 2958 4482 peractis
3001 4414 3201 4467 divinis
3233 4420 3430 4483 myste-

232 4519 299 4554 πε
307 4505 667 4571 ρισκιάσασαν
696 4502 786 4551 τὸν
822 4500 1136 4569 Γρηγόριον.
1889 4517 1913 4552 r

1889 4502 2001 4565 riis,
2028 4503 2317 4571 episcOpus
2340 4505 2431 4571 qui
2462 4504 2606 4556 hunc
2637 4504 2688 4555 in
2715 4503 2897 4557 sedem
2925 4503 3159 4556 locatum
3184 4511 3431 4568 venerat,

230 4609 295 4647 ac
324 4594 415 4647 alii
448 4602 708 4660 praeterea
736 4590 839 4643 viri
868 4590 1018 4658 digni
1045 4588 1377 4651 columbam,
1411 4589 1488 4642 illi
1515 4603 1633 4656 qum
1658 4589 1785 4642 olim
1826 4594 2039 4645 caelitus
2068 4595 2361 4660 advolarat,
2398 4595 2723 4663 persimilem
2782 4609 2970 4649 rursus
3000 4610 3031 4648 e
3063 4597 3200 4650 ccelo
3267 4596 3433 4651 devo-

234 4688 461 4747 lantem,
491 4683 812 4752 Gregorium
841 4680 1169 4733 adumbrare
1202 4678 1566 4747 conspiciunt.

307 4775 428 4827 A'L'.
479 4772 672 4825 Ταῦτα
732 4771 917 4838 ιπειδὴ
970 4770 1178 4838 φανερὰ
1218 4769 1451 4834 γεγόνει,
1511 4771 1619 4830 τοῖς
1687 4768 1785 4835 μὲν
1960 4769 1993 4821 Σ

1743 4784 1785 4818 ιν
1960 4768 2217 4821 XXXVII.
2248 4767 2370 4823 Haec
2391 4769 2480 4822 ubi
2512 4778 2622 4821 tum
2652 4769 2721 4821 ab
2749 4770 2815 4822 iis
2858 4770 2950 4838 qui
2985 4770 3256 4830 viderunt.
3315 4777 3429 4822 tum

234 4865 428 4926 ἰδοῦσι,
463 4866 571 4923 τοῖς
601 4862 656 4913 δὲ
690 4864 780 4912 καὶ
819 4861 966 4928 παρᾶ
1004 4859 1217 4910 ἰδόντων
1250 4859 1569 4919 ἀκούσασιν,
1597 4859 1780 4910 οὐκέτι
1889 4875 1919 4926 q

1743 4875 1780 4910 ιι
1889 4862 1977 4926 qui
2017 4859 2258 4912 videntes
2285 4858 2597 4920 audierunt,
2629 4858 2860 4912 indicata
2895 4869 3045 4919 sunt.
3080 4859 3275 4913 civitas
3322 4874 3429 4912 nou

236 4956 453 5023 μέλλειν
503 4954 535 5020 ἡ
590 4951 740 5010 πόλις
794 4951 1056 5015 ἔγνωσαν,
1092 4947 1208 4999 ἀλλ’
1262 4942 1369 5009 οἶός
1402 4948 1547 5000 ἔστιν
1577 4949 1779 5009 ἐκεῖνος
1882 4948 1913 5001 d

1744 4966 1779 5009 ις
1882 4948 2089 5001 diutius
2146 4957 2394 5001 cunctata
2433 4957 2535 5011 est,
2575 4948 2669 5001 sed
2693 4948 2867 5015 qualis
2890 4957 3035 5002 esset
3087 4948 3197 5011 ille,
3261 4947 3430 5015 probe

233 5044 415 5105 καλῶς
447 5042 663 5102 εἰδότες,
696 5041 852 5099 εὐθὺς
878 5037 971 5099 οὒς
1001 5034 1143 5106 εἶχον
1171 5036 1541 5104 δαιμονῶντας
1572 5037 1603 5105 ἦ
1637 5052 1777 5105 παρ·
1881 5055 1919 5108 pi

1741 5056 1777 5083 ι·
1881 5039 2239 5108 perspiciens,
2275 5053 2411 5107 quos
2462 5054 2490 5091 a
2533 5039 2773 5092 dmmone
2815 5040 3069 5107 percitos,
3123 5036 3427 5106 languidos,

237 5136 487 5202 ειμινους
515 5132 546 5199 ἢ
579 5130 754 5189 ἄλλως
782 5130 1046 5196 νοσήμασι
1078 5128 1310 5197 χρονίοις
1346 5127 1779 5194 κατεσχημένους
1878 5146 1923 5182 νε

1743 5143 1779 5188 ’ς
1878 5131 1961 5184 vel
1989 5132 2245 5183 diuturno
2272 5130 2457 5183 morbo
2492 5129 2737 5182 detentos
2766 5128 2952 5181 habuit
3000 5128 3066 5181 ad
3118 5128 3265 5181 illum
3300 5142 3429 5180 eon-

239 5223 445 5279 κάντας
501 5215 634 5287 ἦγον
680 5216 1126 5277 διαδαστάζοντες
1180 5215 1308 5283 παρ’
1361 5216 1537 5266 αὐτόν.
1588 5214 1695 5275 Οὓς
1751 5216 1779 5265 ὀ
1882 5221 1925 5276 re

1751 5216 1779 5265 6
1882 5221 2059 5276 restim
2099 5235 2287 5274 omnes
2338 5221 2602 5273 adduxit:
2661 5233 2797 5287 quos
2853 5218 3144 5287 Gregorius
3204 5203 3428 5285 magnus

237 5311 413 5378 μέγας
434 5308 725 5378 Γρηγόριος
756 5308 885 5375 εὑχῇ
912 5308 1046 5374 μόνῃ
1072 5306 1163 5359 καὶ
1194 5307 1302 5373 ἀρῇ
1327 5304 1523 5372 χειρῶν
1551 5305 1780 5372 ἑτοίμως

240 5406 378 5454 ἰᾶτο.
410 5402 517 5452 Καὶ
545 5398 650 5451 τῶν
686 5399 783 5465 μὲν
837 5398 1102 5464 σωμάτιον
1134 5397 1317 5457 αὐτοῖς
1360 5393 1529 5455 οὕτως
1586 5396 1773 5461 insus-

236 5493 401 5549 λεῖτο,
428 5491 525 5549 τὰς
554 5489 608 5539 δέ
639 5504 698 5553 γε
720 5487 895 5553 ψυχὰς
928 5488 1022 5538 καὶ
1063 5486 1152 5537 διὰ
1198 5485 1397 5537 τούτων
1441 5485 1539 5552 μὲν
1585 5485 1785 5545 ἱκανῶς

238 5581 535 5649 ἑθεράπευι
554 5620 567 5639 ,
591 5577 858 5629 διδάσκων
889 5577 1085 5635 αὐτοὺς
1112 5576 1205 5627 καὶ
1234 5576 1441 5634 δεικνὺς
1479 5574 1552 5635 ὡς
1583 5574 1785 5625 τούτων

238 5673 309 5722 τὰ
341 5671 563 5718 πλεῖστα
587 5667 820 5734 ψυχικῆς
839 5664 1016 5725 αίτίας
1048 5663 1299 5731 ἐξῆπται,
1321 5664 1578 5731 κάκείνης
1607 5665 1696 5713 ἐπὶ
1726 5662 1785 5715 τὸ

245 5760 449 5828 βέλτιον
474 5756 1075 5827 μεταϐαλλομίνης,και
1103 5755 1273 5807 ταῦτα
1303 5756 1491 5807 Θὶττον
1515 5755 1611 5822 τὴν
1642 5754 1783 5806 ἴασιν

568 5861 831 5915 ιἈτιιοι..
863 5855 977 5915 Gn.
1014 5853 1117 5916 CX.
1130 5851 1228 5911 γι.

1882 5311 1994 5365 sola
2026 5310 2333 5379 precatione
2366 5322 2427 5361 ac
2482 5316 2734 5361 contactu
2762 5321 3015 5361 manuum
3048 5306 3425 5359 incunctanter

1882 5395 2120 5448 sanabat.
2144 5399 2319 5461 Atque
2340 5408 2565 5461 corpora
2588 5393 2803 5461 quidem
2833 5394 2905 5445 ita
2927 5393 3179 5451 curabat;
3206 5391 3419 5445 animas

1885 5498 2014 5537 vero
2051 5500 2143 5552 per
2173 5485 2282 5536 hzuc
2304 5482 2504 5536 atl‘atlm
2533 5483 2774 5545 sanabat,
2818 5483 3068 5536 nimirum
3098 5480 3227 5533 dum
3269 5479 3428 5532 doce-

1886 5582 1967 5626 ret
1999 5575 2116 5626 illos
2162 5582 2322 5640 atque
2369 5572 2698 5634 ostenderet,
2725 5574 2978 5641 pleraque
3029 5586 3093 5625 ex
3144 5571 3228 5623 his
3261 5569 3426 5622 animi

1886 5665 2042 5730 culpa
2095 5664 2272 5716 oriri:
2310 5679 2414 5731 quo
2474 5665 2528 5715 in
2586 5664 2777 5716 melius
2825 5663 3141 5724 constituto,
3196 5672 3426 5725 corpora

1887 5767 2100 5822 quoque
2128 5751 2355 5806 celerius
2399 5752 2734 5806 curationem
2788 5752 3110 5820 suscipiunt.
3172 5748 3427 5815 Inprimis

2986 5844 3017 5901 8
