4270 6428
835 417 940 482 235

2043 403 2328 463 MENSIS
2370 405 2804 466 NOVEMBER.

3930 412 4042 477 236

836 543 966 585 vero
990 529 1263 595 exemplar
1297 536 1412 577 sese
1475 521 1580 574 iliis
1615 520 1734 573 vita:
1788 528 1947 572 rectae
1993 517 2386 572 constituenda:
2417 531 2458 584 Α
2487 517 2522 570 δέ

2361 534 2386 571 ιι
2417 531 2458 584 Α
2487 517 2721 586 δέχεται.
2747 519 2856 586 Πρὸ
2886 519 2941 572 δὲ
2971 521 3177 573 τούτων
3209 522 3365 586 αὐτὸς
3390 519 3455 593 ἧν
3488 525 3665 590 αὐτοῖς
3701 530 4047 600 παράδειγμα

834 619 1257 690 pulcherrimum
1298 619 1411 682 ipse
1441 611 1749 682 praestabat,
1782 610 1859 663 sic
1892 609 2096 671 vivens,
2128 618 2182 661 ut
2209 609 2383 662 oratio

834 709 1083 778 superius
1119 705 1396 768 indicavit,
1426 703 1666 772 seipsum
1694 711 1900 754 tantum
1950 701 2382 768 supereminens,

835 810 1150 865 tantumque
1181 795 1460 863 utriusque
1483 793 1605 846 vita:
1635 791 1870 845 medium
1904 804 2091 859 agens,
2122 798 2382 857 quantum

835 889 934 942 sibi
966 903 1058 953 per
1089 885 1366 954 dignitatis
1415 882 1787 937 excellentiam
1823 880 2034 934 licebat.
2087 879 2211 933 Post
2270 878 2384 932 haec

835 979 996 1032 etiam
1029 992 1171 1030 νιτοε
1195 977 1299 1031 illis
1331 985 1443 1027 tum
1502 975 1833 1035 sacerdotes,
1880 981 1989 1024 tum
2043 969 2318 1026 diaconos.
2354 985 2382 1023 a

835 1069 1029 1136 quibus
1059 1067 1235 1120 divina
1265 1075 1319 1118 et
1349 1080 1468 1133 qua:
1513 1064 1652 1116 ultra
1687 1077 1784 1115 nos
1817 1070 1964 1124 sunt,
1986 1069 2378 1129 peragerentur

837 1158 1131 1217 constituit,
1163 1171 1298 1225 quos
1318 1156 1391 1209 illi
1424 1156 1695 1231 intuentes
1719 1155 2120 1220 imitantesque,
2155 1151 2209 1203 in
2241 1152 2382 1202 viros

843 1250 1035 1300 riitute
1091 1244 1417 1300 clarissimos
1475 1243 1786 1298 evaderent.
1845 1241 1984 1295 Inter
2046 1241 2146 1294 hos
2200 1253 2382 1293 saeros

843 1339 977 1390 .iros
1004 1337 1310 1406 complures
1345 1336 1444 1388 viri
1481 1343 1797 1404 praestantes
1825 1330 2068 1393 fuerunt,
2097 1330 2150 1381 in
2177 1327 2378 1396 quibus

837 1428 1108 1489 Erasmus,
1172 1426 1479 1480 Platonicus
1536 1439 1600 1476 ac
1674 1419 2056 1487 Philadelphus
2109 1418 2382 1487 praecipue

836 1519 1071 1570 illustres
1101 1515 1332 1578 nituere,
1365 1513 1457 1582 qui
1491 1527 1616 1566 cum
1641 1512 1730 1565 illo
1758 1511 2051 1580 plurimum
2076 1520 2374 1572 versantes,

833 1621 894 1659 ac
925 1608 1039 1676 ejus
1059 1610 1245 1667 vitam,
1292 1605 1466 1673 quoad
1503 1603 1615 1657 fieri
1671 1612 1900 1671 poterat,
1963 1600 2275 1670 ellihgentes
2318 1614 2380 1652 ac

833 1699 1220 1764 exprimentes,
1252 1695 1487 1764 insignes
1519 1703 1576 1747 ut
1597 1695 1686 1760 qui
1719 1696 1949 1744 maxime
1984 1690 2128 1758 apud
2155 1705 2374 1743 omnem

835 1787 1219 1854 rempublicam
1252 1785 1376 1839 facti
1416 1792 1559 1838 sunt.
1617 1783 1738 1836 llazc
1765 1797 1892 1836 sane
1917 1781 2376 1851 quemadmodum

832 1879 1198 1945 exposuimus,
1233 1878 1304 1929 ita
1384 1891 1439 1929 se
1474 1875 1764 1928 habebant.

902 1969 1179 2024 XXXVIII.
1217 1969 1500 2022 Nonnullis
1572 1977 1692 2034 post
1757 1967 1947 2018 diebus
1985 1980 2106 2018 cum
2149 1965 2210 2016 D.
2248 1963 2380 2017 Gre-

832 2061 1013 2130 gorius
1041 2061 1310 2113 civitatem
1363 2059 1562 2116 obiret,
1627 2071 1734 2123 quo
1771 2054 2118 2108 miseratione
2162 2062 2381 2122 paterna

832 2163 1058 2221 :egrotos
1092 2151 1366 2212 inviseret,
1410 2149 1511 2201 alia
1547 2149 1764 2211 quidem
1798 2161 1917 2199 cum
1967 2159 2215 2206 numero,
2270 2153 2382 2197 tum

834 2241 1200 2309 magnitudine
1232 2241 1452 2308 majora,
1504 2251 1663 2304 quam
1692 2247 1752 2289 ut
1781 2236 1950 2288 oratio
1977 2235 2381 2304 complectatur,

833 2335 974 2385 edita
1003 2340 1148 2383 sunt.
1192 2330 1297 2382 Sed
1326 2343 1515 2388 unum,
1571 2326 1715 2394 quod
1768 2326 1992 2378 auribus
2047 2325 2246 2378 vestris
2303 2331 2384 2376 est

835 2433 1044 2488 gratum
1077 2420 1336 2476 futurum.
1372 2417 1680 2480 largiemur.
1717 2414 1946 2467 Sabinus
2001 2411 2219 2481 quidam
2262 2426 2383 2479 pre-

835 2523 1015 2580 suyter
1076 2509 1288 2562 ﬁliolam
1312 2506 1592 2586 pulchram
1622 2503 1839 2572 quidem
1890 2518 1951 2556 ac
1981 2502 2133 2555 valde
2187 2502 2385 2570 gratio-

836 2620 945 2655 sam
978 2601 1184 2663 habuit,
1217 2607 1468 2652 caeterum
1501 2595 1690 2649 morbo
1717 2594 1981 2648 diuturno
2014 2594 2122 2662 jam
2159 2606 2383 2660 oppres-

836 2710 968 2753 sam,
1001 2706 1118 2760 qme
1141 2705 1329 2743 novem
1362 2689 1748 2740 annismovere
1777 2699 1833 2738 se
1857 2697 2131 2752 nunquam
2155 2683 2377 2735 omnino

837 2791 1105 2852 po:uerat.
1152 2779 1201 2832 Is
1226 2791 1346 2832 cum
1398 2776 1614 2830 beatum
1675 2776 1850 2827 virum
1897 2788 1958 2825 ea
2013 2781 2382 2826 transeuntem

838 2869 1096 2932 audisset,
1149 2867 1292 2921 illam
1350 2879 1454 2918 una
1491 2877 1613 2917 cum
1673 2877 1838 2916 uxore
1900 2863 1975 2914 uti
2028 2861 2381 2914 inanimatam

838 2960 1105 3027 quoddam
1124 2957 1334 3027 pondus
1365 2964 1489 3008 ante
1546 2951 1872 3006 vestibulum
1899 2952 2168 3018 exposuit.
2223 2951 2384 3019 (Illac

839 3049 982 3101 enim
1024 3047 1104 3098 vir
1148 3059 1369 3113 magnus
1421 3044 1522 3096 iter
1585 3039 1826 3093 facturus
1885 3039 2056 3105 erat.)
2087 3038 2205 3102 Quo
2259 3040 2383 3091 illuc

841 3146 1147 3206 appetente,
1212 3134 1401 3202 puellae
1456 3141 1625 3184 mater
1658 3131 1750 3196 (ut
1781 3145 1896 3184 mos
1950 3136 2033 3182 est
2073 3129 2378 3195 matribus)

839 3225 960 3281 ﬁlia:
977 3225 1342 3294 pulchitudinc
1367 3238 1426 3276 ac
1454 3231 1609 3274 :etate
1639 3221 1881 3274 ﬂorentis
1905 3234 2085 3274 casum
2108 3219 2381 3282 miserata,

840 3332 954 3373 tum
985 3319 1332 3370 vehementer
1365 3313 1493 3367 ﬂcrc
1522 3330 1582 3367 ac
1622 3327 1864 3374 currere,
1898 3326 2123 3378 seseque
2159 3312 2382 3381 hujusce

839 3412 1010 3480 patris
1047 3408 1111 3461 ad
1144 3406 1305 3474 pedes
1331 3405 1614 3474 projicere.
1676 3403 1765 3455 Ille
1822 3403 1949 3470 quid
1993 3416 2126 3469 opus
2162 3401 2382 3454 haberet

841 3505 1208 3568 percontatus,
1266 3507 1480 3547 causam
1539 3493 1745 3553 didicit,
1798 3495 2022 3560 ejusque
2086 3502 2155 3543 ac
2199 3490 2383 3542 Sabini

843 3589 1200 3643 calamitatem
1263 3587 1567 3644 miseratus,
1649 3584 1835 3650 positis
1909 3581 2135 3651 genibus
2191 3585 2382 3643 oravit,

842 3680 1070 3732 dicens:
1111 3677 1331 3730 Domine
1381 3674 1508 3728 Jesu
1565 3672 1798 3736 Christe,
1852 3674 1995 3726 Deus
2040 3680 2247 3727 noster.
2280 3687 2372 3734 ne,

845 3783 1046 3836 quaeso,
1104 3776 1314 3820 avertas
1357 3763 1539 3816 oculos
1561 3779 1588 3815 a
1612 3762 1861 3830 precibus
1883 3763 2023 3815 servi
2063 3761 2161 3820 tui,
2191 3774 2384 3828 meque

846 3857 1005 3910 hodie
1035 3855 1294 3912 humilem
1325 3851 1542 3915 exaudi,
1578 3861 1736 3919 atque
1767 3853 1903 3905 hanc
1935 3852 2166 3920 puellam
2216 3850 2384 3919 gratia

844 3963 907 4002 ac
937 3947 1171 4016 potentia
1201 3944 1470 3998 tuisancti
1520 3941 1754 4010 Spiritus
1789 3942 1998 4010 erigens
2050 3941 2237 3994 invise.
2293 3938 2386 3994 llis

847 4038 1024 4097 dictis,
1052 4033 1306 4095 surrexit,
1338 4047 1398 4085 ac
1422 4032 1575 4100 signo
1598 4031 1773 4083 crucis
1802 4031 2032 4098 puellam
2076 4031 2382 4100 obsignans,

847 4126 904 4179 In
941 4125 1153 4178 nomine
1179 4123 1304 4175 Iesu
1329 4121 1530 4175 Christi
1559 4121 1668 4190 (ait
1693 4121 1709 4186 )
1744 4134 1988 4187 exsurge.
2037 4129 2091 4172 et
2120 4129 2200 4172 sta
2226 4133 2388 4186 super

845 4217 1012 4281 pedes
1047 4220 1187 4264 tuos.
1222 4210 1341 4262 llaec
1369 4209 1455 4262 ille
1491 4208 1648 4269 dixit,
1672 4218 1725 4260 et
1758 4208 1930 4275 puella
1964 4210 2212 4275 protinus
2260 4223 2384 4260 sur-

847 4300 1004 4361 rexit,
1076 4306 1235 4366 atque
1292 4296 1591 4365 singulares
1629 4296 1916 4348 immortali
1991 4295 2098 4348 Deo
2150 4294 2384 4348 universi

849 4389 1046 4454 gratias
1067 4397 1294 4455 egerunt
1325 4404 1340 4450 ;
1371 4387 1554 4439 aderat
1572 4386 1715 4438 enim
1737 4394 1927 4438 cuncta
1951 4387 2182 4439 civitatis
2207 4385 2388 4438 multi-

2411 1859 2458 1918 Β

2489 607 2791 670 κάλλιστον,
2840 607 2981 661 οὓτω
3015 609 3163 678 βιοὺς
3194 612 3267 674 ὡς
3297 614 3323 664 ὁ
3356 615 3639 683 προλαϐὼν
3669 619 3834 685 ἔδειξε
3862 622 4043 689 λόγος,

2491 696 2691 764 μᾶλλον
2725 697 2781 750 δὲ
2814 699 3067 752 τοσοῦτον
3095 702 3416 769 ὑπερϐαλὼν
3444 707 3636 760 ἑαυτὸν
3664 712 3756 761 καὶ
3787 711 4048 765 τοσοῦτον

2486 784 2660 846 δείξας
2717 786 2981 856 ἑκατέρου
3015 787 3130 857 βίου
3157 791 3216 841 τὸ
3249 792 3410 859 μέσον
3460 795 3584 846 ὅσον
3615 789 3681 864 ἦν
3734 798 3824 848 καὶ
3857 799 3917 849 τὸ
3944 799 4049 867 τῆς

2492 875 2641 938 ἀξίας
2676 877 2952 945 διάφορον.
2984 880 3137 932 Μετά
3170 879 3226 932 δὲ
3259 882 3462 936 τούτων
3507 887 3597 936 καὶ
3628 886 3825 955 ἄνδρας
3859 891 4052 952 αὐτοῖς

2485 965 2699 1034 ἐφίστη,
2757 969 2937 1036 ἱερέας
2967 986 3022 1020 τε
3061 970 3152 1021 καὶ
3175 970 3482 1034 διακόνους,
3515 976 3608 1026 καὶ
3635 969 3713 1036 οἷς
3738 978 3804 1029 τὰ
3832 977 3949 1031 θεῖᾶ
3991 996 4049 1030 τε

2500 1059 2590 1108 καὶ
2616 1059 2751 1127 ὑπὲρ
2783 1060 2929 1128 ήμᾶς
2954 1063 3182 1122 ἀνεῖται.
3204 1063 3339 1131 πρὸς
3370 1062 3462 1126 οὓς
3481 1067 3718 1120 κάκεῖνοι
3753 1068 3842 1136 βλέ
3859 1087 4047 1132 novre;

2485 1150 2576 1200 καὶ
2606 1147 2912 1216 ζηλοῦντες,
2963 1151 3123 1221 ἄκροι
3173 1154 3270 1222 την
3303 1156 3498 1225 ἀρετὴν
3524 1157 3746 1225 ἔμελλον
3773 1161 4047 1229 ἀπ.6ήσε-

2485 1237 2629 1291 σθαι.
2659 1237 2878 1292 Τούτων
2902 1243 3011 1292 τῶν
3061 1242 3219 1312 ἱερῶν
3250 1244 3460 1313 ἀνδρῶν
3493 1248 3580 1300 καὶ
3615 1247 3758 1301 ἄλλοι
3792 1251 3892 1317 μὲν
3921 1254 4044 1302 ἑπι-

2489 1330 2678 1393 φανείς
2733 1329 3096 1400 κατέστησαν,
3135 1335 3193 1383 ὲν
3223 1333 3406 1393 αὐτοῖς
3456 1334 3510 1386 δὲ
3552 1335 3755 1397 τούτομς
3807 1339 4049 1404 μάλιστα

2482 1417 2751 1486 διαφανῶς
2777 1418 3104 1489 ἐξέλαμψαν,
3141 1424 3414 1494 Ἐρασμός
3457 1443 3512 1478 τε
3555 1429 3647 1479 καὶ
3703 1428 4048 1491 umth

2483 1510 2573 1561 καὶ
2591 1509 2935 1579 Φιλάδελφος,
2959 1513 3014 1564 οἴ
3035 1531 3095 1579 γε
3130 1515 3279 1584 αὺτῷ
3306 1518 3398 1569 καὶ
3432 1519 3496 1571 τὰ
3532 1519 3756 1572 πλεῖστα
3791 1522 4050 1582 συνόντες

2483 1600 2575 1651 καὶ
2610 1603 2690 1663 εἰς
2713 1603 2834 1655 ὅσον
2872 1604 2998 1673 ἐνῆν
3027 1608 3116 1657 τὸν
3165 1608 3376 1661 ἐκείνου
3409 1608 3520 1677 βίον
3572 1611 4049 1679 ἀποματτόμενοι,

2482 1691 2878 1760 ἐπισημότατοι
2906 1697 3056 1763 παρά
3089 1698 3232 1766 πάσῃ
3257 1701 3321 1766 τῇ
3360 1700 3600 1769 πολιτείᾳ
3629 1705 3906 1768 γεγόνασι.
3938 1705 4050 1756 Καὶ

2482 1785 2652 1832 ταῦτα
2681 1782 2782 1850 μέν
2809 1783 2980 1848 οὕτως
3004 1787 3330 1855 ἐπράττετο.

2553 1954 2678 2010 AH'.
2711 1957 2848 2009 Μεθ’
2880 1959 3092 2028 ἡμέρας
3123 1961 3177 2012 δέ
3210 1978 3364 2026 τινας
3397 1964 3495 2030 τὴν
3528 1967 3679 2018 πόλιν
3733 1967 3826 2020 τοῦ
3855 1985 4043 2036 μακαο

2487 2042 2602 2109 ρίου
2632 2047 2956 2114 περιιόντος,
3001 2051 3086 2118 ἐφ’
3124 2045 3167 2117 ᾧ
3214 2053 3336 2114 τοὺς
3372 2056 3429 2106 ἐν
3481 2055 3652 2118 νόσοις
3710 2059 4047 2127 σπλάγχνοις

2485 2137 2768 2201 πατρικοῖς
2821 2139 3244 2208 ὲπισκέψασθαι,
3281 2146 3374 2196 καὶ
3433 2145 3567 2198 ἄλλα
3615 2149 3712 2215 μὲν
3761 2150 4049 2201 τετέλεστο

2490 2226 2748 2290 μεγαλεῖα
2775 2230 3008 2296 κρείττω
3041 2231 3199 2298 λόγου
3239 2232 3315 2300 τῷ
3347 2251 3404 2285 τε
3441 2235 3635 2304 πλήθει
3680 2239 3773 2290 καὶ
3829 2239 3909 2307 τῷ
3944 2257 4043 2307 με·

2486 2312 2654 2378 γέθει,
2686 2313 2742 2365 ἓν
2783 2315 2838 2368 δὲ
2869 2317 2930 2385 δὴ
2972 2319 3064 2370 καὶ
3091 2321 3229 2384 τόδε,
3281 2323 3308 2373 ὃ
3336 2326 3454 2386 ταῖς
3501 2323 3794 2395 ὑμετέραις
3851 2331 4046 2391 ἀκοαῖς

2486 2403 2805 2472 χαρίσωμαι.
2857 2407 3080 2471 Σαδῖνός
3137 2428 3220 2472 τις
3275 2412 3686 2482 πρεσόύτερος,
3748 2415 4047 2487 θυγάτριον

2487 2492 2629 2562 ἔχων
2659 2494 2754 2565 τὴν
2779 2497 2876 2566 μιν
2899 2497 3047 2567 ὥραν
3079 2502 3170 2554 καὶ
3205 2503 3343 2554 πάνυ
3375 2503 3657 2575 λαμπρὰν,
3690 2507 3827 2573 νόσῳ
3854 2507 3912 2560 δὲ
3937 2510 4041 2578 ήδη

2486 2589 2822 2657 παρειμένην
2850 2593 3057 2661 χρονία,
3113 2595 3206 2646 καὶ
3237 2596 3317 2663 ἐφ’
3351 2597 3490 2660 ὃλοις
3525 2599 3679 2652 ἐννέα
3723 2600 3943 2670 χρόνοις
3985 2605 4048 2654 τὸ

2487 2679 2747 2747 παράπαν
2777 2681 3060 2750 κινηθῆναι
3091 2686 3164 2753 μὴ
3185 2685 3514 2756 δυναμένην,
3542 2690 3729 2758 ἐπειδὴ
3756 2693 4047 2759 περιιόντα

2491 2765 2717 2819 ἐπύθετο
2745 2768 2833 2819 τὸν
2863 2771 3156 2841 μακάριον,
3201 2773 3487 2841 ἐξαγαγὼν
3541 2775 3659 2844 ἀμα
3706 2780 3772 2847 τῇ
3820 2783 4048 2843 γυναικὶ

2485 2857 2558 2918 ὡς
2589 2857 2782 2927 φόρτον
2805 2859 3011 2928 ἄψυχον
3041 2863 3246 2932 ταύτην
3277 2865 3385 2934 πρὸ
3412 2864 3504 2917 τοῦ
3543 2867 3788 2930 πυλῶνος
3830 2870 4002 2922 ἐτίθει
4032 2888 4044 2900 '

2487 2949 2691 3000 ἐκεῖθεν
2733 2951 2839 3017 γὰρ
2893 2953 3083 3019 ἔμελλε
3131 2955 3224 3005 καὶ
3257 2958 3284 3007 ό
3316 2957 3486 3024 μέγας
3519 2957 3812 3028 διέρχεθαι.
3859 2962 3949 3024 '0;
3989 2963 4043 3014 δὲ

2486 3040 2548 3109 δὴ
2577 3043 2669 3092 καὶ
2720 3042 2795 3110 τῷ
2827 3045 2973 3113 τόπῳ
3021 3047 3267 3115 ήγγιζον,
3298 3050 3329 3117 ή
3365 3049 3548 3118 μήτηρ
3573 3051 3672 3121 τῆς
3705 3057 3894 3121 κόρης,
3952 3048 4043 3106 οἶα

2485 3129 2540 3180 δὲ
2571 3133 2637 3181 τὶ
2673 3132 2923 3201 μητέρων
2977 3139 3070 3185 καὶ
3106 3136 3276 3189 ταῦτα
3320 3137 3588 3208 θυγατρὸς
3626 3143 3885 3211 τοιαύτης
3943 3148 4044 3196 ἀν-

2486 3217 2682 3288 θούσης
2723 3221 2841 3290 ὥρᾳ
2875 3240 2932 3275 τε
2993 3226 3087 3278 καὶ
3127 3228 3337 3296 νεότητι
3381 3231 3522 3283 πάνυ
3576 3233 3876 3301 περιπαθὲς
3914 3236 4046 3288 ἀναο

2487 3308 2792 3375 κλαύσασα,
2821 3313 2913 3366 καὶ
2939 3314 3244 3384 δραμοῦσα,
3276 3319 3474 3386 ἑαυτὴν
3503 3323 3615 3383 τοῖς
3635 3325 3828 3376 τούτου
3871 3341 4043 3394 προσ-

2489 3400 2662 3464 ρίπτει
2695 3403 2873 3456 ποσίν.
2920 3403 2979 3455 ⁸0
3008 3405 3063 3456 δὲ
3087 3406 3371 3474 ὲρωτήσας
3405 3401 3464 3460 οὗ
3495 3409 3692 3477 δέοιτο,
3715 3416 3809 3466 καὶ
3837 3414 3936 3479 τὴν
3967 3420 4045 3465 αἱ-

2488 3488 2608 3540 τίαν
2643 3491 2849 3559 μαθὼν,
2899 3498 3278 3566 κατοικτείρας
3310 3514 3367 3550 τε
3416 3504 3622 3571 ταύτην
3667 3505 3761 3555 καὶ
3820 3504 4043 3556 Σαϐῖνοι

2485 3580 2580 3647 τῆς
2616 3585 2917 3650 συμφορᾶς,
2959 3584 3069 3647 θεὶς
3104 3587 3171 3639 τὰ
3219 3589 3417 3656 γόνατα
3447 3594 3786 3663 προσηύξατο
3822 3595 3995 3661 λέγων
4025 3613 4038 3626 ο

2487 3665 2654 3734 Κύριε
2703 3667 2871 3737 Ἰησοῦ
2899 3672 3120 3740 Χριστὲ,
3180 3675 3208 3727 ὁ
3235 3678 3366 3741 Θεὸς
3393 3681 3568 3749 ήμῶν,
3620 3683 3768 3735 ἔπιδε
3806 3687 3906 3737 καὶ
3947 3685 4041 3737 νῦν

2487 3758 2577 3809 ἐπὶ
2608 3758 2704 3824 τὴν
2756 3763 3060 3832 προσευχὴν
3101 3763 3195 3816 τοῦ
3228 3767 3412 3820 δούλου
3451 3786 3543 3823 σου
3566 3811 3581 3839 ,
3614 3773 3705 3824 καὶ
3737 3775 4044 3827 ὲπάκουσόν

2491 3859 2589 3911 μου
2614 3844 2705 3897 τοῦ
2725 3848 2983 3901 ταπεινοῦ
3015 3851 3276 3922 σήμερον,
3313 3856 3405 3908 κα)⁵
3426 3857 3718 3928 ὲπίσκεψαι
3751 3863 3850 3930 τὴν
3876 3865 4043 3916 παῖδα

2487 3933 2691 4002 ταύτην
2715 3937 3020 4007 ἀναστήσας
3044 3944 3212 4012 αὐτὴν
3242 3948 3308 4014 τῇ
3342 3947 3521 4017 χάριτι
3551 3950 3644 4002 καὶ
3663 3951 3888 4021 δυνάμει
3936 3955 4034 4006 τοῦ

2492 4026 2753 4091 παναγίου
2791 4044 2883 4080 σου
2915 4029 3250 4101 [ινεύματος.
3297 4035 3480 4092 Ταῦτα
3509 4040 3677 4093 εἰπὼν
3711 4043 3803 4094 καὶ
3853 4043 4040 4097 διανα-

2492 4115 2620 4176 στὰς
2651 4117 2725 4184 τῷ
2756 4120 2966 4189 σημείῳ
2993 4122 3084 4173 τοῦ
3131 4127 3361 4194 σταυροῦ
3394 4130 3683 4198 σφραγίζει
3717 4133 3814 4201 τὴν
3844 4135 4036 4202 κόρην.

2490 4204 2580 4292 καί
2605 4206 2664 4292 έν
2696 4206 2772 4275 τῷ
2793 4209 3013 4278 ὀνόματι
3036 4211 3130 4264 τοῦ
3163 4215 3398 4284 Χριστοῦ
3429 4219 3608 4285 λέγει*
3653 4240 3670 4271 ι
3701 4222 3917 4292 Ἔγειρε
3945 4230 4038 4276 καὶ

2491 4291 2654 4383 στῆθι
2681 4295 2771 4347 ἐπὶ
2797 4297 2920 4360 τοὺς
2958 4301 3121 4363 πόδας
3159 4319 3271 4358 σου.
3303 4323 3321 4355 ι
3363 4307 3546 4371 Οὕτως
3589 4311 3617 4362 ό
3661 4312 3756 4379 μὲν
3789 4291 3973 4364 εἶπενο
4010 4316 4040 4383 ή

2488 4378 2544 4430 δὲ
2569 4381 2845 4470 avi—avaro,
2881 4388 2972 4439 καὶ
2997 4389 3313 4458 εὐχαριστία
3343 4396 3491 4449 πᾶσα
3545 4398 3621 4466 τῷ
3790 4378 4038 4470 ἀνεπέμλ

849 4479 1002 4540 tudo,
1049 4491 1166 4543 quas
1200 4475 1373 4528 virum
1404 4483 1646 4528 sanctum
1695 4475 1765 4528 ob
1797 4489 1858 4527 ea
1895 4489 2013 4542 qua:
2061 4475 2128 4527 ab
2149 4475 2264 4542 ipso
2294 4474 2388 4528 Iie-
2419 4491 2464 4548 υ
2493 4485 2532 4520 π

2353 4491 2388 4526 ι-
2419 4491 2464 4548 D
2493 4466 2756 4562 πετο.Ἦν
2785 4476 2893 4544 γὰρ
2913 4476 2972 4528 τὸ
2999 4477 3195 4549 πλῆθος
3228 4481 3374 4536 ἀπαν
3404 4487 3502 4555 τῆς
3533 4466 3743 4552 πόλεως
3772 4466 4039 4562 ἑπόμενον

850 4567 999 4629 bant,
1033 4566 1386 4618 admiratione
1422 4572 1517 4627 ,ut
1571 4579 1666 4632 par
1692 4571 1826 4626 erat,
1879 4563 2142 4631 perculsa,
2192 4579 2388 4632 seque-

853 4659 1027 4709 batur.
1067 4655 1311 4722 Cumque
1348 4654 1650 4707 universam
1692 4656 1960 4706 civntatem
1987 4658 2386 4722 pertransisset,

849 4748 1226 4814 omnibusque,
1280 4760 1398 4812 quae
1454 4744 1557 4796 illis
1611 4747 1726 4798 usui
1774 4753 1974 4805 essent,
2007 4748 2385 4813 prospexisset,

848 4837 914 4890 ad
937 4837 1218 4890 ecclesiam
1281 4851 1403 4888 eum
1451 4836 1816 4889 ecclesiastico
1862 4846 2002 4888 coetu
2058 4840 2384 4891 revertitur:

848 4926 1152 4992 divinisque
1176 4928 1409 4991 peractis
1445 4923 1744 4990 sacriﬁciis,
1800 4925 2165 4978 ecclesiastico
2195 4928 2382 4990 ctetui,

849 5013 1025 5066 viduis
1089 5028 1152 5068 ac
1209 5014 1430 5082 pupillis
1477 5015 1726 5068 omnibus
1795 5029 2032 5068 mensam
2092 5017 2385 5085 apposuit;

849 5103 1044 5170 quibus
1071 5103 1202 5169 ipse,
1229 5102 1320 5155 vili
1353 5102 1627 5156 accinctus
1669 5117 1868 5170 panno,
1902 5117 2004 5155 una
2040 5117 2162 5156 eum
2214 5102 2388 5158 tribus

852 5191 1105 5255 diaconis,
1134 5189 1200 5244 de
1227 5191 1425 5258 quibus
1457 5189 1785 5245 mentionem
1829 5189 2076 5252 fecimus,
2142 5190 2387 5258 Erasmo,

849 5280 1200 5349 Philadelpho
1232 5289 1286 5333 et
1330 5279 1622 5346 Platonico,
1653 5280 2010 5335 ministrabat.
2044 5280 2229 5350 Neque
2262 5296 2391 5335 vero

851 5370 995 5421 illius
1017 5376 1187 5421 mater
1211 5369 1278 5422 ab
1329 5369 1594 5437 ejusmodi
1644 5369 1947 5423 ministerio
1992 5371 2186 5423 aberat
2216 5386 2230 5433 ;
2259 5371 2390 5438 quin

850 5463 964 5522 ipsa
1005 5473 1109 5510 una
1142 5472 1264 5512 cum
1322 5459 1552 5522 ancillis,
1605 5467 1870 5527 quotquot
1922 5458 2167 5523 aderant,
2212 5460 2392 5514 viduis

848 5553 1013 5617 pedes
1037 5548 1248 5606 illarum
1283 5549 1530 5613 lavando,
1553 5565 1616 5602 ac
1647 5564 1806 5603 omne
1833 5552 2048 5618 pietatis
2069 5551 2390 5620 obsequium

849 5639 1172 5706 prwstonde,
1208 5641 1598 5697 ministrabant.
1631 5639 1692 5695 In
1733 5642 1833 5695 hoc
1869 5651 2046 5695 autem
2104 5642 2395 5711 Gregorius

852 5728 1234 5790 incumbebat,
1291 5739 1348 5782 ut
1406 5731 1574 5785 sacris
1630 5732 1870 5786 initiatos
1933 5742 2044 5785 tum
2103 5732 2167 5784 ad
2222 5734 2391 5787 virtu-

2491 4560 2569 4628 τῷ
2597 4562 2759 4630 ἀγίῳ,
2783 4569 2875 4618 καὶ
2904 4568 3012 4630 τοῖς
3048 4570 3139 4624 ὑπ’
3168 4572 3328 4625 αὐτοῦ
3372 4579 3674 4645 γινομένοις
3694 4621 3709 4646 ,
3755 4581 3827 4645 ὡς
3864 4560 4036 4648 siuas,

2491 4651 2936 4721 ἐκπληττόμενον.
2967 4658 3150 4712 Πᾶσαν
3169 4662 3223 4715 δὲ
3257 4664 3353 4734 τὴν
3382 4666 3532 4720 πόλιν
3563 4672 3859 4738 περιελθὼν
3886 4714 3900 4737 ,
3942 4677 4039 4729 καὶ

2491 4742 2623 4833 πᾶσι
2655 4743 2720 4798 τὰ
2758 4746 2890 4812 πρὸς
2917 4748 3015 4816 την
3045 4753 3233 4820 χρείαν
3265 4758 3646 4828 παρεσχηκὼς,
3690 4764 3766 4824 εἰς
3813 4765 3910 4833 τήν
3940 4769 4037 4816 ἧκ-

2490 4832 2711 4896 κλησίαν
2737 4833 2912 4900 αὗθις,
2941 4836 3154 4908 σύναμα
3199 4842 3275 4910 τῷ
3318 4844 3502 4914 κλήρῳ
3551 4853 3720 4902 παντὶ
3757 4832 4034 4916 ἐπάνεισι,

2491 4922 2584 4972 καὶ
2606 4924 2703 4991 τὴν
2730 4924 2878 4977 θείαν
2907 4927 3247 4998 λειτουργίαν
3291 4934 3644 5002 ἐπιτελέσας,
3713 4941 3788 5009 τῷ
3837 4945 4036 5014 ἐκκλη-

2494 5015 2752 5083 σιαστικῷ
2785 5032 2843 5068 τε
2891 5017 3256 5089 πληρώματι,
3309 5025 3404 5076 καὶ
3443 5027 3637 5095 χήραις
3689 5033 3886 5095 πάσαις
3942 5038 4038 5087 καὶ

2491 5101 2740 5192 όριρανοίς
2773 5107 3047 5176 τραπέζας
3088 5113 3371 5182 παραθεὶς,
3405 5114 3566 5181 αὐτὸς
3595 5120 3831 5191 διηκόνει
3867 5127 4037 5192 ῥάκος

2491 5190 2844 5262 διεζωσμένος
2885 5198 2998 5267 ἅμα
3039 5205 3148 5265 τοῖς
3207 5210 3625 5276 μνημονευθεῖσι
3668 5190 3814 5282 τρισὶ
3853 5190 4040 5270 διακό-

2493 5300 2623 5375 νοις,
2663 5287 2936 5359 Ἐράσμῳ,
2973 5292 3282 5364 Φιλαδέλφῳ
3324 5299 3417 5350 καὶ
3449 5300 3522 5369 τῷ
3561 5301 3910 5375 Πλατωνίκῳ.
3962 5313 4035 5361 υ)

2496 5373 2597 5442 μὴν
2656 5376 2831 5446 οὐδέή
2886 5381 3064 5448 μήτηρ
3092 5383 3256 5435 αὐτοῦ
3309 5387 3407 5454 τῆς
3464 5390 3714 5458 τοιαύτης
3772 5373 4034 5462 ἐργασίας

2493 5464 2925 5534 ἀπελιμπάνετο,
2981 5471 3114 5526 ἀλλά
3159 5477 3256 5528 σὺν
3311 5479 3445 5549 αὐτῇ
3477 5483 3569 5533 καὶ
3600 5483 3717 5536 ὅσαι
3752 5487 3857 5537 τῶν
3887 5489 4043 5557 hapa-

2495 5558 2751 5610 παινίδων
2811 5563 3052 5632 ὑπῆρχον
3095 5569 3213 5628 ταῖς
3269 5570 3461 5638 χήραις
3498 5573 3927 5642 ἐξυπηρετοὺντο
3965 5595 4044 5630 νι-

2495 5649 2723 5699 πτουεαί
2762 5665 2819 5701 τε
2843 5655 2965 5716 τοὺς
2995 5655 3157 5718 πόδας
3187 5659 3384 5721 αὐτῶν,
3415 5661 3507 5712 καὶ
3537 5665 3632 5731 τὴν
3660 5665 3822 5734 ἀλλην
3859 5669 4038 5720 πᾶσαν

2496 5737 2787 5806 θεραπείαν
2813 5744 3230 5812 προσφέρουσαι.
3259 5747 3455 5818 Ἔργον
3481 5751 3535 5804 δὲ
3566 5749 3631 5824 ἦν
3655 5755 3730 5823 τῷ
3755 5756 4037 5828 Γρηγορίῳ
