4270 6428
218 419 323 486 237

1168 417 1344 476 νιΤΑ
1380 417 1439 474 S.
1480 412 1859 473 GREGURII
1898 412 2433 473 AGRIGENTINI.

3322 418 3426 481 238

215 540 346 601 τοὺς
377 536 472 591 τοῦ
512 538 714 608 κλήρου
753 536 1037 607 ῥυθμίζειν
1068 533 1203 600 πρὸς
1249 531 1551 608 ἀρετὴν-τὰ
1577 530 1698 582 θεῖά
1726 546 1783 580 τε
1814 537 1857 593 Α
1889 540 1901 583 1

1746 546 1783 580 :s
1814 537 1857 593 Α
1889 540 2018 591 tem,
2052 538 2167 583 tum
2196 528 2265 582 ad
2291 528 2508 596 eloquia
2531 527 2715 582 divina
2741 530 3072 593 ineditauda,
3095 531 3432 593 iuformaret.

214 606 664 699 παρασκευάζειν
712 606 1010 699 ὲκμλετᾷν
1035 627 1212 694 λόγια,
1243 626 1335 677 καὶ
1368 624 1442 685 ὡς
1462 606 1575 674 ὀἷόν
1601 638 1657 673 τε
1686 622 1775 671 τὸν

223 724 351 794 νρῦν
376 724 555 775 αὐτῶν
585 721 966 794 ἀναπτύσσειν.

284 812 407 868 ΔΘ’.
478 813 612 865 Ἀλλ’
665 813 787 864 ἐπεὶ
852 791 1108 864 ἀδύνατον
1160 802 1228 876 ἦν
1280 805 1420 858 οὕτω
1458 804 1756 871 φιλοπόνως

217 904 479 973 μετιόντα
538 903 638 970 τὴν
702 900 921 969 ἀρετὴν,
968 902 1059 952 τὸν
1109 899 1200 953 τοῦ
1264 895 1501 965 πονηροῦ
1529 894 1778 962 δαίμονος

215 993 409 1060 φθόνον
444 990 874 1061 διαφυγεῖν,ὦρα
892 990 986 1042 νῦν
1014 976 1248 1053 εξειπεῖν
1275 987 1407 1049 οἵοις
1450 985 1777 1055 περιπίπτει

215 1084 565 1152 πειρασμοῖς.
596 1081 817 1142 Σαϐῖνος
882 1081 989 1150 γὰρ
1016 1081 1109 1132 καί⁵
1134 1066 1542 1149 Κρισκεντῖνος,
1564 1074 1656 1136 οὒς
1686 1076 1779 1126 καὶ

211 1178 241 1226 ό
267 1175 425 1241 λόγος
490 1175 698 1240 φθάσας
728 1157 995 1239 ἐδήλωσεν
1044 1171 1147 1223 ὑπὸ
1171 1169 1263 1221 τοῦ
1289 1168 1523 1235 πλήθους
1568 1169 1646 1227 εἰς
1684 1166 1779 1235 τὴν

216 1263 528 1331 ἐπισκοπὴν
586 1260 1038 1331 προὸισάζεσθαι,
1090 1252 1236 1311 οὗτοι
1298 1257 1389 1308 ἐπὶ
1418 1256 1477 1308 τὸ
1502 1256 1631 1307 αὐτὸ
1661 1272 1782 1307 συν-

216 1346 489 1409 ελθόντες,
525 1350 713 1409 καὶείς
745 1344 1045 1415 συμϐάσεις
1071 1348 1441 1426 χωρήσαντες,
1481 1344 1649 1397 πάλαι
1677 1346 1779 1413 γὰρ

214 1442 468 1509 διάφοροι
512 1438 967 1507 καθειστήκεσαν,
1030 1438 1172 1499 Ἐως
1207 1436 1334 1489 πότε
1368 1439 1549 1506 ἡμεῖς,
1580 1435 1780 1501 ἔλεγον,

218 1533 679 1599 ὑποταγησόμεθα
709 1531 784 1598 τῷ
806 1530 958 1596 γόητι
1003 1530 1177 1606 τούτῳ
1227 1530 1321 1581 καὶ
1374 1528 1783 1597 φαρμακῷ,’ός

221 1626 477 1692 μαγείαις
521 1625 635 1691 ἅμα
687 1623 777 1674 καὶ
814 1621 1081 1687 τεθρείαις
1118 1620 1304 1688 ἐειστᾷ
1333 1623 1457 1682 τοὺς
1495 1620 1783 1686 εὐηθεστέ-

1878 636 2175 689 eorumque
2202 635 2414 682 sensus,
2445 635 2605 688 quam
2634 621 3066 676 commodissime
3112 633 3312 690 posset,
3347 640 3440 677 ex-

1879 713 2135 783 plicaret.

1950 800 2187 855 XXXIX.
2228 801 2331 855 Sed
2358 802 2573 869 quando
2600 802 2713 855 lieri
2747 816 2854 855 non
2881 807 3079 869 potest,
3107 817 3435 873 quemquam

1881 902 1987 946 tam
2018 892 2207 947 sedulo
2236 893 2489 948 virtutem
2523 894 2848 955 consectari,
2878 902 2938 946 ιιι
2970 893 3143 947 hostis
3169 893 3437 948 daemonis

1879 984 2119 1039 declinet
2142 984 2425 1047 invidiam,
2476 987 2639 1041 instat
2676 1002 2842 1049 nunc,
2874 996 2952 1050 ut,
2982 1002 3103 1057 qua:
3133 986 3283 1040 illum
3325 998 3440 1041 ten-

1882 1074 2118 1128 tationes
2204 1076 2521 1140 invaserint,
2611 1091 3018 1145 persequamur.
3084 1076 3318 1134 Sabinus
3379 1093 3440 1131 ac

1879 1165 2285 1231 Crescentinus,
2316 1182 2454 1235 quos
2480 1169 2730 1235 superius
2761 1183 2791 1220 a
2822 1168 3171 1222 multitudine
3225 1170 3441 1234 episco-

1882 1272 1979 1325 pos
2003 1258 2314 1329 designatos
2350 1258 2517 1312 fuisse
2547 1260 3058 1321 demonstravimus,
3088 1260 3269 1324 ambo,
3302 1261 3437 1313 inito

1883 1346 2110 1409 laedere,
2160 1348 2629 1417 conspiraut(diu
2673 1350 2817 1403 enim
2864 1361 3081 1405 mutuas
3135 1351 3440 1404 simultates

1883 1437 2217 1504 gesserant),
2255 1438 2548 1506 Quousque
2612 1454 2709 1492 nos
2734 1438 3049 1507 (dicentes)
3082 1441 3209 1494 huic
3244 1442 3445 1510 impos-

1887 1527 1991 1579 tori
2044 1535 2205 1594 atque
2262 1528 2502 1581 veneﬁco
2556 1528 2928 1598 subjiciemur,
2968 1532 3061 1598 qui
3108 1532 3308 1595 ignaris
3367 1548 3427 1583 ac

1886 1618 2303 1685 simplicioribus
2359 1618 2669 1673 hominibus
2754 1620 3168 1674 admirationem
3232 1622 3438 1690 praesti-

223 1734 351 1784 ρους
413 1717 519 1767 τῶν
579 1718 770 1780 ξένων,
813 1714 957 1773 ὅπως
1011 1713 1391 1780 διαπεφευγὼς
1430 1712 1537 1765 τῶν
1575 1699 1806 1773 ἐνθένδε,
1887 1725 1909 1776 ε

1745 1716 1806 1773 is.
1887 1708 1988 1776 giis
2014 1724 2075 1763 ac
2102 1709 2418 1776 imposturis
2442 1711 2641 1763 excitat
2670 1711 2692 1763 ?
2726 1712 2805 1764 An
2838 1712 3150 1781 ignoramus
3176 1714 3431 1781 quemad-

224 1807 389 1877 μάγῳ
422 1809 527 1859 τινὶ
580 1808 898 1877 παρέμεινε,
926 1805 1179 1857 κάκεῖθεν
1225 1806 1404 1857 πᾶσαν
1433 1800 1784 1875 κακοτεχνίαν
1820 1844 1834 1877 I.

222 1901 541 1971 ἔξήντλησε,
605 1898 819 1948 πλανῶν
873 1896 994 1956 τοὺς
1051 1880 1391 1965 ἀνθρώπους,
1459 1891 1546 1947 υἷα
1594 1894 1649 1945 δὲ
1692 1897 1785 1946 καὶ

221 1994 404 2061 Σίμων
429 1992 631 2050 ἐκεῖνος
671 1990 876 2064 δαίμων
900 1986 1263 2056 ἐξανθρὼπων
1289 1988 1785 2055 γενόμενος.⁹ορᾷ;

224 2086 335 2151 γὰρ
367 2084 439 2143 ὡς
481 2081 591 2132 οὐθ’
624 2082 758 2138 ὅλως
798 2079 965 2131 ὲσθίει
991 2078 1113 2131 οὔτε
1142 2079 1305 2141 πίνει,
1340 2079 1365 2130 ὃ
1397 2080 1487 2129 καὶ
1516 2080 1562 2130 οἰ
1591 2078 1781 2143 δαίμο-

224 2192 313 2235 νες
344 2174 536 2241 κομιδῆ
578 2171 787 2222 ποιοῦσι
819 2186 835 2234 ;
883 2172 1065 2223 Ταῦτα
1088 2171 1219 2239 πρὸς
1256 2170 1514 2235 ἀλλήλους
1544 2168 1784 2228 εἰπόντες

224 2264 736 2333 προσλαμϐάνονται
805 2262 925 2329 μεθ’
985 2262 1191 2314 ἑαυτῶν
1246 2261 1337 2312 καὶ
1368 2260 1458 2312 τοῦ
1492 2260 1692 2327 κλήρου
1716 2275 1786 2309 τι-

224 2358 321 2417 νας
348 2372 359 2382 ·
394 2353 742 2406 ὑποσπῶνται
766 2352 820 2405 δὲ
850 2354 941 2405 καὶ
983 2350 1075 2403 τοῦ
1103 2350 1231 2426 λαοῦ
1270 2352 1428 2418 μέρος
1448 2351 1547 2402 οὐκ
1584 2350 1783 2415 ὀλίγον,

226 2444 323 2491 καὶ
380 2441 564 2508 ὅρκοις
624 2427 881 2506 ἀλλήλους
930 2437 1467 2506 κατεμπεδώσαντες,
1515 2440 1695 2509 δρᾶμα
1734 2455 1784 2488 τι

226 2526 647 2587 συσκευάζονται
663 2527 758 2595 τῆς
779 2526 871 2577 τοῦ
894 2527 1235 2594 κεκινηκοτὸς
1255 2528 1445 2587 αὐτοὺς
1468 2527 1599 2595 πρὸς
1616 2524 1786 2577 ταῦτα

226 2616 583 2684 κακοτεχνίας
636 2613 877 2678 ἐπάξιον.
934 2617 1245 2683 ’Λκολὰστῳ
1308 2618 1409 2685 γάρ
1434 2633 1537 2667 τινι
1571 2615 1785 2683 γυναικὶ

226 2705 640 2773 προτελθόντες,
673 2704 770 2774 τὴν
798 2702 947 2776 ὥραν
977 2706 1329 2774 περικαλλεῖ,
1363 2694 1595 2773 τοῦνομα
1625 2704 1785 2758 Eubo-

226 2799 373 2859 κίαν,
418 2797 510 2847 καὶ
556 2796 759 2863 ταύτην
809 2797 1083 2864 χρήμασιν
1121 2795 1533 2857 ἀναπείσαντες,
1561 2794 1660 2861 φεῦ
1690 2795 1785 2861 τῆς

227 2887 501 2948 ἀναιδείας
532 2888 544 2937 ἰ
585 2887 676 2938 τοῦ
714 2887 1011 2938 ἐπισκόπου
1076 2887 1358 2937 κατειπεῖν
1386 2886 1785 2952 ἀναγκάζουσιν

226 2979 302 3039 ὼς
342 2977 449 3044 ἄρα
490 2974 573 3044 εἰη
609 2974 778 3043 αὐτὴν
845 2973 1121 3041 ἐγνωκώς.
1182 2975 1271 3036 Ὠς
1300 2973 1392 3027 οὖν
1427 2975 1667 3043 ἤρτυσαν
1690 2972 1787 3042 τὴν

230 3066 543 3134 ἐπιϐουλὴν,
591 3065 813 3133 ἐζήτουν
866 3065 1053 3130 καιρὸν
1096 3063 1215 3115 καθ’
1253 3062 1311 3115 ὃν
1343 3063 1405 3115 ἂν
1439 3046 1566 3116 εῖσω
1589 3063 1788 3131 ταύτην

1889 1800 2106 1852 modum
2134 1800 2260 1853 hinc
2292 1800 2567 1868 eﬂugerit,
2598 1811 2799 1854 etcum
2832 1803 3066 1869 quodam
3105 1817 3259 1871 mago
3283 1818 3438 1856 man-

1889 1890 2036 1952 serit,
2073 1906 2233 1959 aquo
2288 1892 2546 1945 nefariam
2614 1892 2749 1945 hanc
2801 1903 2855 1946 et
2921 1894 3220 1947 maleﬁcam
3268 1904 3440 1948 artem

1890 1979 2087 2043 hausit,
2157 1998 2259 2050 qua
2321 1983 2633 2036 hominibus
2713 1983 2883 2037 instar
2957 1985 3194 2038 Simonis
3275 1986 3439 2046 illius.

1886 2069 2097 2124 damon
2119 2084 2183 2123 ex
2215 2072 2523 2125 hominibus
2552 2072 2743 2133 factus,
2778 2074 3047 2139 imponit?
3078 2073 3193 2126 Non
3243 2077 3438 2135 cernis.

1888 2169 1945 2213 ut
1971 2175 2145 2229 neque
2175 2164 2397 2215 omnino
2422 2163 2689 2225 comedat,
2720 2179 2894 2231 neque
2929 2164 3095 2223 bibat.
3128 2165 3273 2233 quod
3324 2165 3437 2219 dae—

1888 2269 2073 2307 mones
2108 2254 2338 2308 subinde
2378 2253 2580 2308 faciunt
2608 2255 2629 2305 ?
2662 2253 2782 2308 Hac
2813 2256 2955 2309 inter
2985 2270 3042 2309 se
3068 2259 3439 2316 commentati.

1887 2359 2070 2397 secum
2115 2346 2277 2397 etiam
2332 2344 2561 2397 clericus
2602 2345 2864 2410 quosdam
2908 2344 3201 2407 asciscunt,
3234 2355 3291 2399 et
3332 2362 3439 2399 non

1887 2436 2132 2504 exiguam
2155 2436 2336 2504 populi
2376 2444 2580 2503 partem
2631 2436 2961 2495 convellunt.
3006 2435 3163 2491 ﬁdem
3207 2438 3346 2490 inter
3386 2454 3442 2491 se

1883 2528 2259 2599 jusjurandum
2290 2526 2445 2590 dant,
2474 2527 2777 2594 captiosum
2803 2527 3141 2595 ﬁgmentum,
3160 2538 3299 2591 arte,
3323 2545 3443 2598 quer

1888 2625 1953 2673 ad
1985 2621 2087 2673 hoc
2114 2620 2237 2672 illos
2273 2618 2605 2686 impellebat,
2637 2619 2899 2671 insidiosa
2946 2620 3169 2689 dignum
3215 2622 3443 2675 commi-

1890 2712 2193 2765 niscuntur.
2223 2709 2354 2762 Nam
2409 2709 2691 2762 mulierem
2758 2711 3043 2777 quamdam
3094 2710 3441 2779 impudicam,

1887 2800 2128 2869 alioquin
2142 2799 2545 2869 pulchritudine
2573 2799 2857 2868 insignem,
2891 2800 3181 2855 Eudociam
3201 2803 3442 2865 nomine.

1889 2894 2225 2945 conveniunt
2256 2908 2270 2943 :
2306 2904 2467 2959 quam
2499 2890 2729 2956 pecunia
2807 2901 3118 2958 corruptam
3178 2892 3444 2947 inducunt

1891 2987 2078 3032 contra
2094 2978 2410 3046 episcopum
2438 2978 2594 3046 (proli
2617 2977 2791 3047 pudor
2812 2979 2850 3045 ἰ)
2871 2977 3041 3045 palam
3063 2993 3183 3032 sese
3207 2995 3329 3032 cum
3355 2961 3447 3035 illo

1891 3069 2251 3123 concubuisse
2291 3068 2655 3122 testimonium
2682 3068 2865 3122 dicere
2896 3086 2911 3130 ;
2938 3070 3029 3135 qui
3061 3084 3185 3124 cum
3216 3070 3440 3138 perﬁdia

231 3154 549 3225 παταὸύσαι
589 3156 680 3207 τοῦ
719 3157 1069 3207 ἐπισκοπείου
1123 3155 1459 3221 δυνήσονται.
1496 3157 1666 3223 Ὥραν
1697 3150 1787 3205 οὖν
1813 3186 1855 3245 C
1890 3177 1917 3216 θ

1762 3170 1787 3202 ν
1813 3186 1855 3245 C
1890 3172 1942 3216 et
1971 3162 2126 3229 plena
2156 3160 2367 3214 subdoli
2403 3175 2465 3213 ac
2500 3159 2703 3214 versuti
2732 3161 2894 3213 animi
2930 3161 3153 3214 consilia
3193 3161 3441 3215 institue-

234 3248 567 3314 ᾳυὶάξαντες
634 3246 752 3298 καθ’
790 3244 855 3314 ἦν
887 3252 914 3298 ὁ
948 3246 1116 3315 μέγας
1168 3248 1346 3313 μέσων
1408 3248 1613 3297 νύκτων
1676 3247 1789 3313 ἅμα

232 3344 343 3402 τοῖς
367 3339 545 3407 τρισὶν
592 3337 818 3397 ἐκείνοις
888 3337 1239 3395 οἰκειοτάτοις
1286 3334 1394 3387 τῶν
1431 3336 1689 3388 διακόνων
1714 3338 1790 3397 εἰς

232 3434 323 3482 τὸν
352 3432 477 3482 ναὸν
534 3426 747 3497 κατῄει,
795 3428 893 3489 τὰς
922 3428 1171 3493 συνήθεις
1216 3427 1541 3477 ἐπιτελέσων
1604 3428 1788 3494 εὐχάς.

246 3524 332 3573 Ἐν
364 3520 533 3589 ταύτῃ
572 3519 634 3587 δὴ
663 3521 936 3587 χρήμασιν
970 3519 1019 3569 οἱ
1066 3516 1338 3568 ἐπίϐουλοι
1362 3514 1485 3578 τοὺς
1515 3517 1791 3585 θυρωροὺς

236 3613 664 3680 ὑποφοεῳαντες
696 3647 713 3669 .
764 3607 1073 3675 εἰσάγουσιν
1128 3610 1206 3669 εἰς
1243 3609 1334 3659 τὸν
1397 3608 1486 3657 τοῦ
1555 3605 1790 3677 μεγάλου

235 3703 585 3758 κοιτωνίσκον
616 3702 711 3771 τὴν
766 3700 953 3769 κόρην,
1010 3700 1102 3750 καὶ
1148 3700 1205 3749 ὲν
1240 3697 1409 3767 γωνίᾳ
1444 3700 1634 3749 ἰστῶσι
1670 3700 1788 3767 μιᾷ.

246 3800 307 3850 Ὀ
335 3798 415 3861 δὲ,
442 3798 562 3848 ἐπεὶ
598 3794 693 3854 τὰς
737 3794 897 3859 εὐχὰς
953 3792 1051 3859 ἤδη
1096 3790 1385 3851 τελέσειεν,
1434 3781 1588 3858 ἀνῄει
1625 3806 1681 3839 τε
1712 3792 1789 3849 εἰς

238 3887 407 3940 αὑτὸν
434 3886 527 3936 καὶ
554 3882 756 3951 βιὸλίον
810 3878 900 3932 ιπι
947 3878 1137 3948 χεῖρας
1165 3880 1339 3931 λαϐὼν
1371 3878 1466 3931 τὸν·
1492 3879 1604 3947 βίον
1627 3893 1790 3946 προσ-

238 3977 468 4045 εχόντως
511 3974 646 4044 διῄει
674 3972 763 4025 τοῦ
808 3971 999 4024 πολλοῦ
1043 3971 1129 4023 τόν
1186 3979 1242 4022 τε
1272 3966 1424 4036 λόγον
1457 3971 1549 4021 καὶ
1578 3970 1792 4036 τρόπον,

251 4068 496 4121 Ἰωαννου
534 4066 623 4116 τοῦ
671 4063 1049 4131 Χρυσοστόμου
1093 4062 1254 4129 φημί.

312 4247 399 4301 Μ’.
444 4244 508 4299 ’Π
563 4246 617 4298 δὲ
671 4247 735 4312 δὴ
792 4244 929 4313 κόρη
988 4245 1066 4304 εἰς
1136 4243 1297 4293 ὕπνον
1353 4241 1474 4310 ἄρτι
1542 4256 1795 4307 κατενεχ-

242 4342 396 4392 θεῖσα
414 4338 603 4407 βαθὺν,
642 4335 751 4389 οὔτ’
783 4336 960 4403 ὲκείνη
1009 4334 1096 4385 τὸν
1129 4331 1301 4401 μέγαν
1328 4330 1613 4383 ἀνελθόντα
1638 4329 1799 4394 συνῆ·

242 4450 357 4483 κεν.
400 4429 535 4481 Οῠτε
573 4427 729 4481 πάλιν
767 4426 924 4487 αὐτὸς
966 4419 1061 4494 τὴν
1119 4425 1284 4493 κόρην
1328 4424 1492 4491 ἑώρα.
1522 4422 1687 4473 Πόθεν
1736 4422 1798 4471 ἂν

1895 3261 2042 3314 runt,
2092 3262 2357 3319 quatenus
2411 3251 2465 3304 iu
2515 3252 2829 3319 episcopum
2893 3252 3039 3306 illam
3084 3252 3439 3306 insinuarent.

1891 3346 2068 3409 Quare
2103 3354 2315 3411 tempus
2372 3342 2687 3405 observant,
2717 3358 2825 3411 quo
2864 3343 2945 3395 vir
2995 3357 3221 3414 magnus
3250 3344 3444 3397 mediis

1893 3432 2144 3487 noctibus
2179 3446 2283 3485 una
2322 3446 2447 3485 cum
2494 3432 2739 3485 diaconis
2789 3432 2896 3487 illis
2954 3433 3129 3488 tribus
3158 3433 3259 3487 sibi
3290 3435 3444 3487 fami-

1894 3524 2204 3579 liarissimis
2230 3525 2282 3577 in
2311 3524 2569 3593 templum
2594 3524 2659 3577 ad
2682 3532 2971 3579 consuetas
3006 3539 3195 3593 preces
3220 3527 3445 3579 descen-

1894 3617 2023 3671 dere
2074 3615 2301 3669 solebat.
2362 3615 2708 3669 lusidiatores
2768 3615 2983 3668 interim
3042 3615 3293 3683 pecunia,
3321 3632 3442 3670 cum

1890 3708 2217 3777 janitoribus
2247 3708 2595 3776 paciscuntur
2630 3718 2691 3761 ut
2728 3708 2959 3775 puellam
2992 3710 3047 3762 in
3091 3710 3287 3763 lectum
3342 3709 3443 3761 viti

1898 3802 2074 3871 magni
2096 3800 2618 3861 submittercliceat,
2650 3810 2703 3853 et
2761 3802 2857 3869 ipsi
2912 3802 2965 3852 in
3014 3800 3209 3869 angulo
3258 3801 3439 3853 consi-

1895 3895 2050 3949 dunt.
2086 3894 2198 3958 Ille,
2230 3894 2419 3949 solutis
2469 3894 2739 3961 precibus,
2796 3892 3110 3945 cubiculum
3165 3892 3319 3957 petit,
3376 3891 3442 3943 li-

1897 3984 2160 4053 brumque
2186 3999 2344 4038 manu
2368 3984 2727 4053 prehendens.
2755 3984 2917 4035 vitam
2939 3982 3161 4037 Joannis
3182 3982 3439 4053 Chrysos-

1900 4074 2047 4135 torni,
2087 4081 2144 4126 ut
2173 4074 2301 4126 clari
2333 4074 2551 4136 litteris,
2614 4074 2685 4125 ita
2721 4071 2963 4124 moribus
2990 4078 3045 4123 et
3079 4070 3293 4138 ingenio
3334 4085 3447 4123 ma-

1899 4164 2046 4221 ximi.
2076 4162 2435 4217 attentissime
2464 4162 2752 4230 percurrit.

1968 4253 2077 4305 XL.
2104 4253 2272 4305 Porro
2296 4252 2470 4320 puclla
2514 4252 2818 4306 arctissimo
2848 4254 3009 4322 paulo
3062 4259 3185 4303 ante
3246 4262 3436 4302 somno

1900 4343 2137 4404 detenta,
2170 4355 2344 4408 neque
2403 4340 2515 4408 ipsa
2545 4343 2715 4393 virum
2762 4356 3012 4409 magnum
3062 4338 3444 4395 ascendentem

1900 4434 2086 4494 sensit,
2146 4445 2319 4498 neque
2380 4446 2569 4484 rursus
2622 4431 2737 4499 ipse
2770 4431 2999 4500 puellam
3055 4430 3211 4484 vidit.
3271 4430 3445 4491 Unde,

242 4523 338 4573 καὶ
364 4520 683 4571 ὑπώπτευσε
709 4516 921 4584 καθαρᾷ
975 4514 1199 4583 τοιαύτῃ
1231 4514 1373 4582 ψυχῇ
1396 4515 1487 4563 καλ⁸
1512 4512 1793 4577 παρθένος,
1831 4530 1872 4584 D
1901 4539 1928 4575 ο

1758 4527 1793 4573 ἶ,
1831 4530 1872 4584 D
1901 4522 2127 4575 obsecro
2158 4562 2170 4583 ,
2208 4522 2392 4574 isthmc
2457 4521 2717 4575 innocens
2773 4532 2829 4575 et
2882 4520 3220 4575 immaculata
3270 4534 3444 4572 an'ma

243 4608 628 4682 κρυπτομένην
658 4607 731 4668 ὼς
756 4603 867 4658 οἷόν
928 4623 985 4657 τε
1024 4606 1117 4657 καὶ
1144 4603 1411 4655 δ.αλαθεῖν
1444 4601 1789 4671 βουλομένην.

254 4705 314 4755 ’0
359 4703 456 4769 μὲν
480 4696 573 4751 οὖν
602 4698 743 4749 οὕτω
776 4698 911 4763 μετὰ
942 4697 1038 4763 τὴν
1065 4696 1364 4761 ἀνάγνωσιν
1397 4694 1484 4743 ἐπὶ
1516 4694 1610 4752 τὰς
1636 4690 1793 4741 ὲωθι-

242 4798 340 4855 νας
369 4789 558 4859 καθῄει
606 4789 765 4840 πάλιν
795 4787 934 4855 ᾠδάς
962 4803 972 4816 ’
1021 4785 1142 4838 ἐπεὶ
1170 4785 1227 4835 δι
1272 4785 1365 4836 καὶ
1400 4783 1597 4843 ταύτας
1661 4782 1795 4847 πλη-

246 4887 425 4957 ρώσας
457 4883 608 4952 ἀνῄει
648 4883 860 4948 σύ.αμα
886 4880 959 4947 τῷ
987 4878 1171 4946 κλήρῳ
1205 4877 1367 4928 παντὶ
1402 4875 1491 4926 καὶ
1532 4876 1637 4934 τοῖς
1676 4889 1797 4921 συνο

244 4978 462 5031 ελθοῦσι
505 4974 596 5026 τοῦ
653 4973 903 5042 πλήθους,
967 4966 1083 5020 εἶτα
1147 4967 1238 5020 καὶ
1278 4968 1561 5033 παραινεῖν
1614 4965 1795 5023 αὐτοῖς

246 5069 451 5137 ἤρξατο
474 5066 538 5117 τὰ
570 5066 827 5129 σωτήρια,
885 5062 974 5112 καὶ
1031 5058 1245 5125 ἕτοιμος
1291 5052 1356 5123 ἦν
1385 5056 1478 5106 καὶ
1503 5054 1661 5105 θείων
1715 5054 1796 5103 λο-

250 5160 387 5226 γίων
420 5155 720 5222 ἀναγνώσει
750 5153 845 5213 τας
886 5150 1108 5201 ἐκείνων
1136 5148 1329 5219 θρέψαι
1355 5146 1553 5215 ψυχὰς,
1610 5144 1797 5207 ὥσπερ

250 5251 454 5303 εἴθιστο
484 5244 605 5299 καθ’
642 5245 878 5310 ἑκάστην
922 5242 1115 5302 ποιεῖν,
1169 5241 1365 5292 αὐτίκα
1388 5240 1436 5288 οἰ
1463 5240 1587 5304 περὶ
1624 5237 1794 5303 Κρισ-

248 5342 512 5399 κεντῖνον,
546 5335 747 5405 θηρίων
776 5334 930 5400 δίκην
956 5329 1163 5400 ἀγρίων
1192 5330 1335 5381 ἔνδον
1360 5327 1797 5387 συνεισπεσόντες

249 5435 349 5501 τῆς
372 5450 429 5483 τε
489 5430 652 5499 κόρης
693 5422 1174 5493 ἐπιλαμϐάνονται,
1221 5424 1311 5473 καί
1350 5423 1429 5482 εἰς
1467 5419 1525 5469 τὸ
1596 5417 1797 5486 πλῆθος

251 5526 530 5589 ἐξάγουσι,
592 5519 715 5587 βοῆς
764 5518 878 5585 ἅμα
903 5516 995 5568 καὶ
1050 5511 1277 5582 θορύϐου
1329 5511 1423 5562 καὶ
1461 5509 1702 5577 ταραχῆς
1732 5507 1801 5559 τὰ

254 5620 431 5667 παντα
462 5609 809 5679 πληροῦντες.
833 5608 890 5658 'U
918 5607 1171 5672 ἀσελγὴς,
1201 5605 1228 5653 ὁ
1257 5603 1473 5669 ἐναγὴς,
1508 5602 1534 5649 ὁ
1565 5600 1799 5663 ἀνάξιος,

257 5712 304 5758 oi
346 5704 531 5773 μιαροὶ
583 5701 657 5768 τῷ
691 5700 821 5759 όντι,
859 5698 995 5748 κατά
1020 5699 1112 5747 τοῦ
1164 5694 1366 5763 σφόδρα
1398 5692 1633 5759 καθαροῦ
1673 5695 1801 5757 κρα-

258 5798 462 5861 ζοντες,
517 5795 609 5844 καὶ
656 5793 763 5859 ἄμα
801 5790 874 5858 τῷ
929 5786 1121 5854 πλήθει
1150 5787 1245 5849 τὴν
1298 5784 1515 5852 ἑταίραν
1547 5782 1799 5849 παραδει-

1893 4610 2151 4679 suspicari
2182 4609 2369 4663 habuit
2413 4609 2643 4676 puellam
2688 4616 2850 4676 prout
2900 4616 3111 4675 poterat
3157 4606 3439 4665 occultari,

1895 4709 1949 4751 et
1980 4700 2238 4751 libentem
2292 4698 2399 4750 illic
2430 4698 2659 4751 latenter
2713 4699 3011 4763 coniectam
3055 4711 3112 4749 se
3158 4696 3447 4749 voluisse?

1894 4790 1983 4843 Ille
2017 4790 2177 4857 igitur
2220 4796 2339 4856 post
2368 4787 2651 4841 lectionem
2674 4786 2739 4840 ad
2774 4788 3065 4839 matutinas
3122 4785 3307 4839 laudes
3366 4785 3445 4835 ire

1894 4879 2188 4943 contendit,
2220 4878 2417 4946 quibus
2461 4878 2707 4945 expletis,
2768 4892 2871 4929 una
2931 4891 3053 4929 cum
3097 4876 3242 4929 omni
3293 4888 3447 4927 sacro

1895 4968 2105 5031 ordine,
2140 4983 2200 5021 ac
2231 4968 2349 5021 aliis
2386 4981 2449 5019 es
2483 4966 2679 5034 populo
2719 4966 3102 5018 comitantibus
3131 4963 3443 5017 revertitur.

1896 5060 2031 5113 Tum
2092 5059 2297 5112 hortari
2350 5057 2487 5117 illos,
2550 5071 2611 5109 ac
2665 5055 2923 5110 salutaria
2998 5068 3218 5107 mouere
3259 5053 3446 5120 coepit,

1899 5148 2139 5217 illudque
2187 5147 2487 5207 laborabat,
2513 5157 2587 5210 ut,
2624 5147 2765 5217 quod
2833 5146 3062 5215 singulis
3099 5146 3211 5199 fere
3256 5144 3448 5198 diebus

1897 5255 2053 5309 agere
2084 5247 2461 5301 consueverat,
2498 5253 2687 5292 eorum
2712 5237 2922 5290 animos
2943 5236 3247 5290 divinarum
3272 5233 3447 5286 Litte-

1899 5347 2076 5385 rarum
2099 5332 2327 5385 lectione
2348 5332 2612 5385 sellceret.
2654 5329 2790 5382 Tum
2826 5326 3255 5383 Crescentiniani
3280 5326 3449 5379 instar

1897 5423 2135 5476 ferarum
2165 5424 2460 5491 agrestium
2513 5422 2801 5486 irruentes,
2861 5420 3093 5489 puellam
3152 5415 3448 5484 arripiunt,

1900 5527 2124 5580 eamque
2144 5527 2325 5567 coram
2349 5512 2546 5581 ponulo
2589 5520 2853 5574 statuunt,
2883 5512 3145 5569 clamore,
3186 5507 3449 5560 turbatio-

1903 5618 1988 5664 nc,
2027 5617 2087 5655 ac
2125 5602 2354 5654 tumultu
2381 5604 2563 5654 omnia
2614 5602 2881 5669 implent:
2919 5599 3186 5667 Improbe,
3220 5597 3449 5650 sceleste

1904 5710 1962 5746 ac
1987 5694 2351 5755 exsecrabilis,
2388 5695 2477 5761 qui
2508 5709 2629 5747 vere
2653 5693 2840 5747 nefarii
2864 5702 3039 5755 erant,
3065 5699 3249 5743 contra
3273 5687 3446 5739 virum

1904 5785 2123 5837 omnino
2176 5796 2423 5837 sanctum
2486 5784 2862 5849 vociferantcs,
2918 5784 3050 5837 nihil
3111 5783 3286 5834 minus
3330 5793 3448 5833 sese
