4270 6428
819 419 924 483 239

2035 411 2312 472 MENSIS
2353 409 2784 473 NOVEMBER.

3913 403 4024 468 ειο

821 525 1154 583 multitudini
1198 523 1438 579 ostendel
1461 534 1570 577 ant.
1603 521 1793 578 Cmteri
1824 521 1946 576 talia
1979 522 2242 586 videntes,
2273 520 2363 575 ad-
2393 533 2437 583 Α
2467 537 2507 573 κε

2333 522 2363 573 Ι·
2393 533 2437 583 Α
2467 518 2708 580 κνύντες.
2738 518 2804 571 Ol
2845 516 2899 570 δι
2926 513 3095 571 ταῦτα
3129 515 3364 585 δρῶντες
3411 514 3670 582 ἐκπλήξει
3703 530 3760 567 τε
3788 513 4019 583 εἴχοντο,

820 618 1105 672 miratione
1137 630 1198 669 ac
1221 614 1554 668 dubitatione
1590 611 2044 682 pcreellebantur.
2085 611 2216 665 Nam
2245 625 2362 664 mu-

821 711 1009 761 lierem
1046 707 1190 759 illam
1221 705 1468 757 vitiosam
1525 703 1662 757 intra
1694 701 2003 756 cubiculum
2041 709 2358 770 praesentem

817 801 1108 857 rcrnebant
1163 796 1375 849 :vitam
1419 809 1546 850 vero
1601 809 1664 849 ac
1736 807 1916 848 mores
1963 792 2064 845 viri
2117 789 2358 858 pra-clari

819 884 1122 953 hujusmoxii
1158 881 1556 952 suspicionibus
1607 878 1836 934 maxime
1882 877 2243 932 adversariae
2275 889 2361 928 re-

820 994 1056 1050 pugnare
1079 985 1360 1031 noverant.
1397 977 1464 1028 At
1521 987 1648 1028 vero
1671 969 2034 1042 sycophanta,
2063 967 2276 1036 injectis
2305 966 2359 1020 in

818 1074 994 1125 virum
1015 1080 1256 1124 sanctum
1275 1065 1523 1120 inanibus
1547 1065 1598 1134 (ο
1617 1062 1876 1117 insaniam
1896 1059 2271 1115 detestabilem
2294 1059 2356 1130 ι),

820 1181 915 1231 per
952 1163 1130 1217 omnia
1185 1163 1300 1214 loca
1355 1157 1655 1212 trahebant.
1703 1154 1798 1210 llic
1853 1152 2140 1208 multitudo
2163 1152 2361 1207 amaris

819 1269 940 1310 Cum
968 1254 1222 1322 iaerymis
1245 1251 1446 1319 pariter
1462 1231 1704 1318 lugebat,
1727 1245 1947 1315 perinde
1970 1259 2034 1298 ac
2057 1243 2100 1296 si
2131 1242 2358 1311 quisque

822 1345 1050 1403 illorum,
1085 1341 1248 1402 idem,
1282 1337 1372 1406 qui
1424 1337 1533 1390 haec
1587 1343 1883 1405 pateretur,
1944 1333 2248 1386 exsisteret.
2283 1331 2358 1384 Ita

822 1431 932 1483 tunc
967 1445 1178 1488 omnes,
1211 1437 1359 1480 extra
1411 1439 1611 1494 paucos
1668 1423 1824 1492 longe
1886 1420 2354 1491 flagitiosissimos,

821 1517 989 1586 usque
1031 1519 1287 1584 exceptis.
1318 1515 1408 1582 qui
1446 1513 1639 1581 impuri
1671 1521 1832 1580 atque
1862 1510 2072 1580 profani
2108 1510 2358 1578 conjura-

818 1608 1383 1666 tioniconsenserant,
1417 1601 1484 1655 de
1540 1600 1630 1654 illo
1691 1601 1928 1669 Graviter
1988 1595 2354 1666 perferebant.

819 1699 908 1751 lsu
932 1697 1073 1749 enim
1115 1693 1330 1747 meliora
1363 1693 1555 1753 secuti,
1593 1690 1924 1758 figmentum,
1958 1697 2017 1740 ut
2041 1700 2156 1740 sese
2189 1683 2325 1738 habe

820 1789 928 1847 bat.
965 1785 1242 1854 suspicati,
1279 1792 1490 1851 tempus
1519 1781 1585 1833 ab
1629 1794 1690 1834 ea
1711 1794 1819 1848 quo
1868 1787 2009 1831 esset
2035 1777 2086 1828 in
2128 1775 2350 1828 domum

822 1849 1143 1935 introducta,
1202 1849 1636 1928 sciscitabantur.
1674 1871 1762 1924 Ilia
1799 1870 1893 1938 (ut
1931 1869 2120 1922 edocta
2149 1867 2354 1924 fuerat)
2391 1849 2429 1902 Β

820 1990 845 2020 :-.
881 1970 1198 2038 veSpertinis
1217 1967 1465 2020 laudibus
1484 1965 1583 2018 sub
1607 1964 1832 2032 primam
1861 1961 1972 2014 fere
2024 1961 2198 2013 noctis
2221 1957 2356 2026 vigi-

824 2063 966 2117 liam.
1001 2061 1152 2111 dixit.
1197 2057 1272 2110 Ad
1323 2057 1435 2110 hac
1486 2070 1606 2108 cum
1665 2051 2048 2119 Philadelphus
2099 2049 2358 2102 diaconus

821 2151 1191 2222 propheticum
1217 2148 1344 2202 illud
1363 2145 1753 2216 respondisset:
1777 2162 1791 2192 ι
1817 2141 2198 2196 Obmutescant
2220 2139 2357 2193 labia

822 2243 1118 2304 mendacia,
1147 2256 1263 2308 qua:
1297 2237 1618 2293 veteratorie
1657 2233 1910 2303 injustum
1941 2231 2236 2300 loquuntur
2259 2231 2302 2293 ’,
2336 2248 2352 2279 ι

820 2334 1203 2388 Crescentinus
1234 2326 1512 2396 improbus
1545 2324 1692 2378 illum
1757 2320 2020 2375 invadens
2070 2317 2355 2388 percussit.

825 2426 959 2476 'i'um
1014 2419 1355 2474 multitudine
1398 2427 1585 2470 contra
1642 2413 1790 2466 illum
1841 2409 2126 2464 confertim
2184 2408 2360 2461 insur-

824 2525 997 2584 ξριτιας.
1041 2526 1230 2581 parum
1266 2508 1458 2570 abfuit,
1489 2506 1621 2576 quin
1651 2502 2026 2560 crudelissime
2052 2507 2358 2561 necaretur,

825 2608 929 2659 nisi
957 2607 1036 2658 vir
1068 2584 1318 2673 magnus.
1344 2611 1639 2654 conversus
1669 2609 1762 2650 eos
1804 2591 2181 2648 adhortatione
2210 2602 2357 2642 eom-

825 2695 1138 2765 peseuissst.
1169 2691 1235 2746 Se
1259 2705 1386 2744 vero
1418 2686 1713 2744 tortoribus
1747 2692 1993 2754 prompte
2038 2677 2360 2732 trahendum

823 2785 1086 2839 exhibuit.
1126 2782 1191 2836 At
1219 2783 1330 2836 haec
1366 2779 1630 2850 pracipua
1689 2789 1850 2831 causa
1900 2773 2020 2835 fuit,
2054 2781 2112 2825 ut
2148 2770 2274 2824 dum
2305 2783 2362 2822 se

828 2892 934 2944 ipse
965 2875 1038 2928 uti
1067 2887 1214 2929 reum
1248 2869 1689 2926 criminatoribus
1734 2865 1914 2930 oﬂert,
1965 2877 2209 2933 magnam
2268 2875 2362 2928 po-

827 2970 952 3037 pulo
983 2964 1308 3034 suspicionis
1346 2961 1683 3016 occasionem
1717 2956 1946 3020 dederit,
1979 2971 2044 3009 ne
2070 2954 2274 3008 crimen
2310 2955 2362 3006 in

828 3074 882 3112 se
913 3057 1154 3123 recipere
1191 3053 1483 3110 videretur.
1511 3050 1708 3118 iliaque
1731 3046 1954 3102 omnino
2006 3059 2133 3099 vera
2161 3053 2362 3106 essent,

825 3162 943 3216 qua:
973 3153 1158 3198 contra
1191 3158 1247 3196 se
1297 3150 1637 3196 accusatores
1694 3135 2054 3200 intenderant,
2123 3143 2180 3186 et
2239 3150 2359 3202 pro-

2462 609 2562 676 τὴν
2593 607 2692 676 μιν
2751 605 2959 674 φαύλην
3022 605 3237 672 ικείνην
3266 604 3496 670 γυναῖκα
3545 604 3676 656 εἴσω
3706 602 3799 655 τοῦ
3823 619 4018 657 κοιτω-

2462 701 2646 751 νίσκου
2697 697 2977 765 παροῦσαν
3035 695 3345 764 βλέποντες,
3403 694 3495 747 τδν
3554 692 3650 746 τοῦ
3685 693 3924 762 μεγάλου
3961 693 4023 746 δι

2464 789 2582 859 βίον
2610 787 2853 858 ἀκριϐῶς
2891 786 3094 850 ειδότες
3117 786 3253 855 πρὸς
3297 785 3554 848 τοιαύτας
3593 785 3848 847 ὑπονοίας
3871 785 4022 836 ἀντι-

2459 878 2846 947 φθεγγόμενον.
2874 878 2936 930 υἱ
2964 876 3023 930 δὲ
3049 875 3113 947 δὴ
3141 875 3495 944 συκοφάνται,
3545 877 3732 944 χεῖρας
3768 875 3846 945 τῷ
3876 876 4022 942 ἀγίῳ

2460 970 2803 1032 ἐπιϐαλόντες
2831 969 2994 1040 μέσον
3012 969 3107 1026 τοῦ
3134 968 3474 1034 έπισκοπίου,
3513 963 3560 1022 ὦ
3605 969 3799 1037 μανίας
3829 969 4022 1036 δαιμο-

2462 1061 2612 1130 νικῆς
2637 1062 2650 1115 l
2687 1062 2954 1125 ῑλκουσιν,
2984 1060 3219 1114 ὶνταῦθα
3246 1060 3340 1114 καὶ
3370 1059 3431 1114 τὺ
3473 1059 3682 1129 πλῆθος
3740 1061 3937 1130 πικρόν
3964 1075 4020 1111 τι

2464 1151 2602 1218 μετά
2660 1149 2910 1221 δακρύων
2966 1149 3159 1211 κοινῶς
3189 1149 3482 1216 ὠλόλυξαν,
3515 1151 3609 1201 καὶ
3632 1149 3823 1218 ῶσπερ
3853 1149 4020 1209 αὐτὸς

2460 1237 2534 1290 ὢν
2563 1239 2787 1302 ἕκαστος
2837 1238 3058 1294 όταῦτα
3103 1239 3350 1308 πάσχων.
3412 1237 3597 1300 οὕτως
3636 1238 3775 1306 ὑπὲρ
3807 1237 4024 1290 ἐκείνου

2461 1331 2659 1392 πάντες
2705 1329 2892 1392 δεινῶς
2940 1331 3252 1393 έκόπτοντο,
3279 1329 3414 1398 πλὴν
3438 1329 3632 1396 όλίγων
3662 1330 3768 1381 τῶν
3811 1329 4022 1398 σφόδρα

2462 1420 2861 1490 πονηροτάτων,
2899 1421 2988 1473 καὶ
3037 1420 3160 1473 ὅσον
3191 1420 3514 1488 έκοινώνησε
3546 1422 3643 1489 τῆς
3681 1420 4026 1488 συνωμοσίες

2460 1512 2573 1570 τοῖς
2617 1509 2867 1578 ἀνιέροις,
2928 1510 2977 1561 ei
3020 1509 3201 1578 μέντοι
3248 1525 3308 1576 γε
3357 1510 3456 1576 τῆς
3513 1508 3724 1577 ἀγαθῆς
3781 1510 4024 1578 μερίδος,

2458 1597 2593 1666 ὅπερ
2629 1592 2696 1667 ἦν
2736 1598 2804 1652 τὶ
2840 1595 2932 1650 τοῦ
2964 1597 3237 1666 δράματος
3278 1597 3740 1659 ὑποπτεύσαντες,
3772 1599 3862 1650 τὸν
3899 1616 4026 1650 καιο

2461 1689 2551 1758 ρδν
2604 1688 2829 1757 ἠρώτων
2868 1689 2986 1741 καθ’
3016 1689 3073 1740 δν
3120 1687 3288 1757 ταύτῃ
3330 1690 3463 1755 φησὶ
3519 1687 3782 1740 συνέλθοι.
3845 1675 3910 1740 'll
3939 1689 4022 1752 δὲ,

2460 1779 2636 1841 καθὼς
2689 1779 3114 1849 προεδεδίδακτο,
3139 1779 3290 1832 Mssa
3315 1779 3441 1840 τοὺς
3491 1778 3804 1848 ἑσπερίους,
3833 1779 4022 1846 ελεγεν

2461 1869 2682 1940 ὕμνους,
2715 1871 2854 1922 κατά
2899 1867 3118 1939 πρώτην
3160 1868 3397 1938 μάλιστα
3449 1869 3548 1930 τῆς
3614 1871 3805 1932 νυκτὸς
3853 1871 4026 1938 φυλαο

2461 1962 2586 2029 κήν.
2642 1960 2968 2029 Φιλαδέλφου
2998 1960 3051 2013 δὲ
3083 1957 3178 2012 τοῦ
3235 1959 3483 2011 διακόνου
3539 1962 3676 2029 πρὸς
3737 1961 3910 2014 ταῦτα
3961 1963 4023 2014 τὸ

2461 2051 2795 2120 προφητικὸν
2859 2050 3052 2120 ἐκείνῳ
3095 2049 3359 2111 εἰπόντος,
3418 2066 3435 2098 ι
3477 2048 3682 2102 ’Δλαλα
3727 2051 4019 2120 γενηθήτω

2459 2144 2527 2194 τὰ
2556 2141 2706 2211 χείλη
2757 2144 2824 2194 τὰ
2859 2142 3008 2195 δόλια
3072 2142 3139 2195 τά
3190 2138 3455 2194 λαλοῦντα
3505 2143 3645 2194 κατά
3669 2143 3760 2195 τοῦ
3803 2144 4019 2197 δικαίου

2460 2235 2686 2301 ἀνομίαν
2715 2251 2732 2282 ι
2760 2269 2774 2292 ,
2842 2231 3117 2302 δραμὼνό
3173 2231 3387 2298 ἀνίερος
3438 2231 3824 2300 Κρισκεντῖνος
3868 2234 4020 2285 παίει

2461 2327 2601 2378 κατὰ
2651 2325 2853 2395 κόρρης
2887 2326 3070 2378 αὐτόν.
3102 2323 3238 2378 ’Ἐπὶ
3265 2327 3439 2396 τούτῳ
3485 2325 4019 2387 καταστασιάζουσιν

2461 2416 2624 2470 αὑτοῦ
2679 2419 2785 2469 πᾶν
2816 2417 2876 2468 τὸ
2907 2417 3128 2486 πλῆθος,
3197 2419 3292 2471 καὶ
3339 2413 3537 2487 μικροῦ
3580 2419 3644 2471 ἂν
3697 2416 3888 2469 τοῦτον
3924 2419 4019 2468 καὶ

2468 2508 2854 2572 διεσπάσαντο,
2885 2511 2932 2560 εί
2962 2507 3038 2578 μὴ
3085 2509 3114 2560 ό
3177 2509 3372 2577 μέγας,
3403 2511 3783 2576 έπιστραφεὶς,
3818 2508 4019 2566 αὐτοὺς

2467 2602 2563 2671 μὲν
2622 2603 2938 2672 παραινέσει
3018 2603 3319 2672 κατέσχεν,
3397 2603 3587 2657 ἑαυτὸν
3629 2604 3684 2656 δὲ
3738 2600 4022 2668 παρέσχεν

2463 2695 2692 2761 ἑτοίμως
2714 2694 2865 2760 ἄγειν
2887 2696 2997 2756 τοῖς
3025 2695 3258 2748 ἕλκουσι.
3287 2695 3455 2747 Τοῦτο
3484 2695 3538 2746 δὲ
3566 2695 3630 2762 δὴ
3666 2696 3756 2746 καὶ
3785 2693 4021 2761 μάλιστα

2463 2783 2521 2833 τὸ
2551 2784 2806 2851 παρέχειν
2863 2783 3055 2836 ἑαυτὸν
3104 2783 3178 2847 ὡς
3227 2785 3524 2837 ὑπεύθυνον
3571 2783 3802 2851 ὑποψίας
3830 2783 4018 2851 χώραν

2463 2873 2633 2926 ἐδίδου
2683 2875 2759 2944 τῷ
2787 2876 2965 2947 δήμῳ,
2996 2877 3112 2941 καὶ,
3161 2877 3312 2949 Μήτι
3344 2894 3408 2945 γε
3443 2877 3552 2947 ἄρα
3580 2878 3671 2930 καὶ
3700 2874 3925 2948 ἀληθῆᾖ
3958 2880 4024 2928 τα

2466 2965 2616 3031 παρά
2637 2964 2746 3015 τῶν
2771 2966 3088 3036 κατηγόρων
3143 2969 3495 3036 είσαγόμενα,
3532 2968 3741 3034 ελεγον,
3789 2971 3882 3019 καὶ
3933 2969 4025 3019 δια

2465 3050 2621 3103 τοῦτο
2653 3052 2711 3104 τὸ
2744 3053 2979 3117 συνειδὸς
3013 3054 3160 3108 ινδον
3191 3055 3530 3124 κατηγοροῦν
3561 3055 3698 3123 ἔχων
3745 3057 3845 3107 οὒκ
3883 3057 4024 3108 ἀντι·

2469 3141 2666 3211 πρᾶξαι
2721 3142 2902 3210 μόνον,
2960 3145 3074 3197 ἀλλ’
3138 3145 3260 3198 οὐδὲ
3312 3147 3586 3199 ἀντειπεῖν
3631 3147 3764 3214 πρὸς
3819 3147 4018 3207 αὐτοις

827 3251 1008 3307 pterea
1039 3233 1364 3290 conscientia
1394 3233 1542 3286 illum
1569 3229 1792 3283 interior
1821 3228 2116 3287 evinceret,
2148 3234 2207 3278 ut
2254 3239 2358 3279 non
2387 3227 2431 3284 C
2462 3231 2513 3284 ac

1913 3234 2116 3287 nceret,
2148 3234 2207 3278 ut
2254 3239 2358 3279 non
2387 3227 2431 3284 C
2462 3231 2702 3286 δύναται.
2743 3235 2848 3288 Καὶ
2874 3237 2998 3298 τοὺς
3031 3236 3130 3305 μιν
3170 3236 3340 3290 ταῦτα
3376 3238 3599 3290 έκλόνει.

827 3333 998 3384 solum
1028 3346 1124 3400 pro
1154 3345 1208 3383 sc
1238 3325 1441 3396 aliquid
1481 3340 1659 3395 agere,
1697 3323 1790 3376 sed
1821 3338 1884 3374 ne
1925 3321 2070 3388 loqui
2123 3321 2340 3388 quidem
2381 3335 2569 3380 contra
2639 3328 2935 3397 quidquam
2962 3331 3208 3387 auderet.
3277 3330 3372 3385 llis
3413 3347 3544 3388 sane
3590 3333 4020 3400 cogitationibus

826 3428 1040 3480 illorum
1063 3422 1224 3476 animi
1261 3419 1670 3489 torquebantur.

896 3516 1030 3571 XLI.
1066 3516 1277 3569 inteiea
1327 3527 1454 3566 vero
1509 3510 1740 3580 improbi
1791 3511 2036 3566 homines
2093 3509 2361 3564 seditione

825 3608 1190 3678 pra-valentes,
1251 3604 1423 3657 \irum
1513 3610 1755 3654 sanctum
1812 3601 1973 3654 domo
2049 3599 2362 3664 exturbant,

825 3712 1056 3766 eumque
1125 3696 1178 3747 in
1206 3693 1504 3748 custodiam
1572 3691 1808 3756 tradunt,
1844 3691 2096 3760 lignoque
2137 3690 2363 3760 pedibus

827 3791 969 3845 illius
992 3791 1190 3860 injecto
1215 3785 1607 3841 communiunt.
1640 3783 1769 3836 Erat
1820 3791 2000 3837 autem
2037 3781 2129 3836 illa
2184 3790 2364 3836 custo—

829 3882 936 3944 dia,
982 3895 1087 3949 qua
1134 3891 1359 3946 magnus
1403 3877 1492 3927 ille
1544 3872 1834 3941 Gregorius
1888 3871 2070 3942 Lyhis,
2121 3872 2215 3942 qui
2266 3887 2365 3940 pro

827 3972 1041 4026 Christo
1096 3978 1322 4021 mortem
1387 3966 1636 4034 oppetiit,
1693 3964 1943 4018 detentus
1991 3961 2187 4018 fuerat.
2226 3962 2361 4017 Cum

829 4064 990 4132 igitur
1041 4059 1178 4112 fama
1221 4056 1362 4126 apud
1421 4068 1611 4109 omnes
1659 4053 2045 4116 crebresceret,
2113 4053 2366 4119 frequens

830 4151 1069 4220 quaedam
1098 4147 1385 4200 multitudo
1420 4159 1516 4213 pro
1564 4142 1773 4196 foribus
1809 4142 2039 4196 careeris
2070 4141 2310 4194 haerebat
2344 4157 2359 4204 ;

829 4255 1058 4311 quorum
1091 4239 1180 4292 alii
1212 4237 1484 4299 manibus,
1516 4233 1604 4311 alii
1630 4232 1858 4303 pedibus
1907 4241 2087 4301 portas
2133 4231 2365 4301 perfrin-

831 4308 1044 4398 gebant,
1085 4327 1327 4382 nonnulli
1357 4308 1555 4379 ferreis.
1582 4323 1827 4377 vectibus
1851 4322 2098 4376 demoliri
2128 4336 2190 4375 ac
2214 4334 2367 4375 ever-

833 4431 941 4473 tere
975 4419 1094 4470 illas
1149 4415 1619 4485 aggrediebantur.
1646 4413 1762 4466 Non
1801 4412 2026 4466 deerant
2055 4413 2238 4476 ctiam,
2272 4411 2364 4480 qui

830 4510 1093 4562 seditione
1115 4507 1168 4559 in
1197 4507 1392 4574 popqu
1415 4505 1574 4568 facta,
1596 4503 1852 4558 Sabinum
1874 4517 1935 4556 ac
1957 4501 2367 4557 Crescentinum

832 4601 1136 4652 interficere
1166 4597 1492 4666 cogitabant.
1545 4592 1751 4648 ‘Vcrum
1806 4609 1928 4648 cum
1970 4592 2169 4648 Christi
2204 4594 2368 4648 disci-

832 4690 990 4757 pulus
1021 4702 1083 4741 ac
1118 4687 1354 4740 imitator
1384 4686 1496 4738 haec
1527 4684 1647 4738 illos
1677 4683 1924 4739 meditari
1972 4685 2255 4747 sensisset,
2297 4699 2363 4737 ex

831 4795 1044 4834 carcere
1113 4779 1255 4846 ipsos
1308 4774 1660 4830 hortabatur:
1698 4775 2041 4844 Nequaquam
2095 4790 2210 4840 vos,
2243 4774 2361 4839 filii,

833 4871 1072 4940 (aiebat)
1115 4869 1216 4922 tale
1276 4867 1568 4935 quidquam
1624 4867 1678 4919 in
1729 4866 1848 4919 illos
1907 4866 2361 4920 deliberaveritis.

831 4966 1122 5014 Aversetur
1142 4960 1244 5012 hoc
1272 4957 1429 5021 Deus,
1461 4965 1518 5010 ut
1561 4966 1798 5010 vestrum
1829 4956 2028 5025 aliquis
2070 4972 2262 5011 manus
2315 4966 2369 5010 et

832 5054 1062 5105 animam
1121 5060 1337 5119 propter
1399 5063 1481 5102 me
1535 5058 1641 5102 tam
1681 5046 1822 5102 fuedc
1859 5057 2206 5118 conspurcct.
2238 5048 2354 5102 Non

831 5153 1091 5208 eousque,
1155 5139 1269 5202 lilii,
1345 5139 1628 5208 quisquam
1687 5137 2021 5193 infelicitatis
2095 5138 2364 5193 deveniat.

833 5232 1054 5286 Praestat
1089 5230 1230 5282 enim
1257 5244 1339 5282 mc
1364 5229 1531 5298 magis
1553 5242 1670 5284 esse
1694 5228 2024 5297 perdendum
2051 5244 2060 5278 :
2102 5229 2222 5283 ideo
2245 5244 2368 5298 per-

832 5321 1078 5374 mittendi
1128 5329 1272 5382 sunt,
1336 5329 1393 5372 ttt
1439 5320 1491 5371 in
1541 5318 1811 5373 hominem
1871 5321 2130 5374 miserum
2181 5322 2370 5376 smvire

834 5411 1058 5479 possint.
1091 5409 1172 5462 Ab
1199 5409 1552 5478 infringendis
1577 5425 1706 5464 vero
1746 5408 1974 5472 foribus,
2004 5409 2071 5463 ab
2101 5412 2246 5464 omni
2287 5421 2368 5464 tu-

834 5499 1006 5553 multu
1044 5499 1394 5562 abstinentes,
1432 5510 1600 5564 orate,
1663 5500 2030 5569 ultionemque
2085 5517 2114 5554 a
2144 5501 2368 5555 Domino

831 5601 1155 5658 exspectate.
1189 5591 1339 5653 Quod
1387 5593 1432 5646 si
1468 5594 1589 5659 quis
1635 5595 1782 5650 vobis
1823 5594 2094 5663 negotium
2121 5594 2360 5649 facesse-

903 5769 921 5796 '
951 5761 1063 5818 Psai
1127 5783 1284 5830 luit,
1321 5767 1369 5819 8.

2527 3510 2660 3564 MA'.
2705 3512 2794 3564 Ἐν
2822 3513 3056 3583 τοσούτῳ
3105 3513 3162 3566 δὲ
3197 3514 3304 3566 τῶν
3341 3514 3576 3583 ἀνιέρων
3609 3515 3831 3567 ἐκείνων
3860 3515 4024 3584 ὑπερ-

2460 3602 2681 3670 ίσχυσαν
2698 3605 2754 3654 τὸ
2779 3602 3048 3672 σύστημα,
3061 3603 3153 3658 τοῦ
3174 3604 3519 3657 έπισκοπείου
3538 3620 3596 3656 τε
3611 3606 3700 3657 τὸν
3723 3605 3876 3672 ἀγιον
3889 3605 4026 3669 ιξω-

2458 3693 2628 3758 οοῦσι,
2654 3693 2744 3746 καὶ
2772 3695 2959 3763 εἱρκτὴ
2987 3692 3168 3746 τοῦτον
3196 3694 3565 3764 παραδιδόασι,
3601 3697 3724 3760 τοὺς
3756 3695 3922 3758 πόδας
3947 3695 4024 3762 τῷ

2460 3781 2600 3852 ξύλῳ
2634 3785 3082 3852 ἀσφαλισάμενοι,
3118 3786 3309 3854 εἱρκτὴ
3337 3785 3396 3838 δὲ
3434 3783 3501 3856 ἧν
3531 3786 3713 3856 δκείνη
3736 3789 3769 3856 ἡ
3803 3788 3898 3840 καὶ
3922 3791 4015 3839 τὸν

2464 3874 2597 3928 πάνυ
2659 3873 2953 3945 Γρηγόριον
3016 3875 3105 3927 τὸν
3171 3873 3338 3927 Λίϐυν
3373 3876 3434 3928 τὸ
3481 3878 3820 3946 μαρτυρικδν
3862 3877 4019 3939 τέλος

2463 3963 2601 4033 ὑπὲρ
2653 3964 2890 4035 Χριστοῦ
2943 3966 3236 4035 δεξάμενον
3287 3962 3416 4022 εἶδε.
3467 3966 3580 4036 Τῆς
3603 3969 3791 4036 φήμης
3829 3968 4021 4020 τοίνυν

2465 4055 2670 4119 πάντας
2722 4056 3150 4127 διαδραμούσης,
3213 4057 3344 4110 πολύ
3383 4073 3437 4110 τι
3477 4057 3678 4125 πλῆθος
3731 4058 3867 4126 πρὸς
3895 4062 4015 4120 ταῖς

2465 4144 2654 4214 θύραις
2683 4146 2978 4215 συνηνέχθη
3021 4151 3118 4216 τῆς
3165 4147 3440 4215 φυλακῆς·
3473 4147 3566 4198 καὶ
3594 4148 3795 4199 τούτων
3827 4148 3876 4198 οἱ
3922 4150 4022 4215 μὲν

2465 4235 2619 4304 χερσὶ
2651 4236 2741 4288 καὶ
2791 4239 2946 4289 ποσὶν
2973 4237 3122 4300 ἰδίοις
3152 4239 3246 4301 τας
3273 4239 3445 4301 πύλας
3490 4241 3836 4307 ὲναράσσειν,
3878 4242 3927 4292 oi
3963 4242 4020 4293 δὲ

2468 4325 2562 4377 καὶ
2597 4325 2806 4395 μοχλοῖς
2840 4327 3076 4396 σιδηροῖς
3100 4327 3430 4398 ἀναρρήσειν
3483 4330 3650 4392 αὐτὰς
3677 4331 4019 4401 ἐπεχείρουν,

2471 4416 2575 4467 εἰσὶ
2601 4415 2656 4466 δι
2681 4415 2729 4466 οἳ
2779 4417 2869 4467 καὶ
2912 4418 3048 4469 κατὶι
3105 4419 3411 4487 συμμορίας
3463 4421 3752 4482 συστάντες
3809 4421 4023 4474 ἀνελεῖν

2471 4504 2690 4558 Σαϐῖνόν
2735 4521 2791 4557 τε
2846 4509 2936 4560 καὶ
2997 4508 3378 4576 Κρισκεντίνον
3436 4509 3740 4564 ἐϐούλοντο.
3819 4511 4020 4565 ’Λλϊο

2468 4598 2701 4669 Χριστοῦ
2736 4597 2977 4667 μαθητής
3003 4615 3059 4651 τε
3089 4600 3182 4652 καὶ
3206 4599 3451 4671 ζηλωτὴς
3489 4601 3599 4653 τῶν
3624 4602 4022 4672 μελετωμένων

2469 4687 2668 4740 τούτων
2694 4687 3032 4756 αίσθόμενος,
3052 4688 3258 4742 ἔνδοθεν
3278 4691 3472 4752 αὐτοὺς
3499 4690 3790 4759 παρεκάλει
3819 4692 4018 4757 λέγων

2471 4779 2562 4848 Μὴ
2595 4779 2751 4847 ὑμεῖς
2775 4795 2858 4846 γε,
2892 4773 2935 4831 ὦ
2964 4782 3147 4844 τέκνα,
3196 4778 3361 4848 μηδὲν
3395 4781 3632 4833 τοιοῦτον
3673 4784 3800 4852 περὶ
3822 4784 4023 4844 αὐτοὺς

2473 4869 2852 4940 βουλεύσησθε,
2908 4872 3042 4940 μηδὲ
3105 4871 3314 4938 γένοιτό
3357 4889 3462 4924 τινι
3491 4873 3549 4936 ἐξ
3587 4873 3739 4941 ὑμῶν
3760 4875 3917 4942 χεῖρα
3942 4875 3993 4928 δι
4015 4879 4026 4890 ⁸

2471 4960 2565 5028 ἐμὲ
2596 4961 2686 5012 καὶ
2712 4959 2883 5029 ψυχὴν
2928 4960 3147 5029 μολῦναι
3183 4978 3195 4990 ·
3263 4961 3338 5030 μὴ
3390 4946 3470 5023 ε’ίς
3497 4961 3752 5015 τοσοῦτον
3797 4965 4022 5033 ἥκοιμι,

2470 5050 2652 5115 τέκνα,
2704 5049 3012 5117 δυστυχίας,
3069 5050 3266 5119 μᾶλλον
3307 5052 3363 5103 δλ
3417 5052 3690 5115 ἀπωλείας
3755 5053 3888 5120 ιγώ.
3935 5058 4026 5104 Διῦ

2469 5139 2640 5192 ταῦτα
2682 5139 2778 5207 μὶν
2825 5141 3007 5193 έατίον
3040 5141 3326 5207 ανθρώπου
3353 5141 3540 5205 ἱνεκα,
3571 5142 3665 5195 καὶ
3695 5141 3867 5194 ταῦτα
3898 5143 4026 5194 δυσ-

2470 5232 2633 5300 τήνου
2665 5233 2857 5284 ποιεῖν.
2895 5231 2999 5284 Τοῦ
3041 5233 3136 5294 τὰς
3167 5233 3332 5301 θύρας
3359 5233 3416 5285 δὲ
3458 5235 3719 5304 ἀράσσειν
3740 5235 3834 5285 καὶ
3864 5234 4026 5303 (ψεαρ.-

2473 5321 2582 5373 ϐεἰν
2621 5322 3009 5393 ὑποσχομένοις
3063 5323 3226 5392 εὐχῆς
3263 5323 3473 5392 ἔχεσθε,
3505 5324 3598 5375 καὶ
3627 5323 3774 5392 περά
3813 5324 4025 5392 Κυρίου

2475 5422 2659 5486 μένετε
2682 5417 2776 5486 τὴν
2793 5418 3092 5484 ἑκδίκησιν,
3123 5420 3220 5471 κᾶν
3251 5419 3438 5488 μηδεὶς
3467 5419 3622 5480 δκνος
3649 5420 3776 5486 ὑμῖν
3805 5419 4024 5488 ἐνοχλῇ,

2473 5510 2564 5560 καὶ
2589 5508 2771 5561 αὐτόθι
2825 5510 3278 5581 προσκαρτερεῖτε
3349 5527 3438 5579 μοι
3485 5509 3747 5578 φυλακῆς,
3807 5507 3883 5576 μὴ
3933 5509 4027 5560 καί

2473 5619 2521 5652 τι
2547 5603 2724 5670 χεῖρον
2753 5602 2802 5653 οἱ
2834 5601 2995 5672 θῆρες
3030 5604 3156 5671 περὶ
3189 5601 3285 5672 ιμδ
3317 5601 3716 5671 βουλεύσονται.
3748 5597 3937 5651 Ταῦτα
3967 5597 4030 5650 δὲ
