4270 6428
208 394 313 462 241

1158 400 1339 461 νιΤΑ
1380 404 1442 463 S.
1480 403 1863 465 GllEGOIlIl
1904 408 2434 471 AGRlGENTlNl.

3310 413 3423 477 2L2

209 512 391 580 λέγων
422 509 577 579 δῆλος
617 503 687 579 ἧν
720 508 782 561 οὐ
811 509 902 561 τὸν
925 508 1155 563 θάνατον
1186 510 1436 585 δεδοικὼς
1458 513 1573 566 ἁλλ’
1606 516 1770 584 ἀσχο-
1800 544 1843 600 Α
1873 533 1895 570 r

1729 533 1770 568 »-
1800 544 1843 600 Α
1873 518 1965 581 rit.
1996 519 2104 574 illic
2142 520 2307 575 etiam
2356 523 2641 588 sustinete.
2698 524 2937 594 mihique
2992 528 3133 582 hanc
3166 528 3415 599 iniuriam

210 601 401 671 λίᾳτῇ
458 602 588 670 περὶ
640 600 737 668 τὴν
794 599 1045 671 φυλακὴν
1095 602 1193 669 τῆς
1260 603 1533 673 προτέρας
1586 605 1769 673 όρμῆς

209 690 445 759 ἀπάγων
485 692 683 753 αὐτοὺς
735 692 827 744 καὶ
892 690 1008 759 ἄμα
1056 691 1152 745 τοῦ
1205 692 1489 760 μέλλοντος
1548 694 1769 749 ἔσεσθαι

218 782 510 851 μεγαλείου
578 780 775 843 θεατὰς
820 782 1074 848 γενέσθαι
1134 782 1477 852 βουλόμενος,
1511 785 1540 838 δ
1582 785 1646 851 δὴ
1676 790 1770 841 καὶ

213 871 377 934 εὐθύς
415 870 719 941 ἠκολούθει.
741 871 847 924 Τοῦ
895 871 1003 942 γὰρ
1022 871 1086 941 δὴ
1111 871 1347 941 πλήθους
1375 873 1480 939 έξω
1512 874 1652 928 κατὰ
1676 876 1769 929 τὸν

210 966 309 1021 τοῦ
332 966 490 1035 ἁγίου
520 968 677 1035 λόγον
709 970 1245 1039 προσκαρτεροῦντος
1296 969 1445 1023 ἔνδον
1464 971 1670 1035 έκεῖνος
1702 971 1770 1025 τὰ

213 1059 419 1125 γόνατα
447 1058 631 1121 ταθεὶς
658 1058 1019 1128 προσηύχετο,
1062 1060 1158 1112 καὶ
1189 1060 1407 1114 πάντων
1438 1060 1625 1115 ένεκεν
1668 1062 1771 1131 ηὐ-

213 1148 462 1218 χαρίστει
493 1148 634 1217 Θεῷ,
673 1149 837 1217 μέσον
873 1150 930 1201 δὲ
975 1149 1185 1204 νυκτῶν
1215 1149 1438 1219 φαιδρὸν
1470 1149 1629 1218 αὐτῷ
1656 1148 1770 1217 φῶς

208 1243 239 1291 δ
276 1241 408 1302 Θεὸς
431 1240 634 1294 ἄνωθεν
668 1244 745 1302 είς
768 1242 1110 1311 παράκλησιν
1153 1241 1475 1310 ἐπιλάμπει,
1507 1241 1646 1295 δκαὶ
1672 1243 1770 1308 τὴν

211 1330 466 1396 φυλακήν
513 1330 641 1399 δλην
671 1330 1074 1400 κατήστραψεν.
1121 1330 1380 1397 Ἀγγελος
1406 1330 1462 1382 δέ
1484 1329 1629 1397 αὐτῷ
1648 1330 1768 1381 επι-

213 1421 349 1483 οτὰς
374 1420 734 1490 διαρῤἠγνυσι
762 1421 828 1474 τὰ
851 1420 1052 1489 δεσμὰ,
1082 1424 1174 1474 καλ⁵
1199 1421 1377 1489 λόγοις
1397 1420 1767 1489 έπιστηρίξας,

213 1511 311 1563 καὶ
339 1511 462 1579 τόγε
504 1511 720 1564 πλείονα
764 1510 860 1579 τὴν
891 1513 1161 1563 οἰκείωσιν
1217 1510 1407 1579 δηλοῦν
1450 1510 1768 1579 ἀσπασάμε-

217 1617 304 1660 νος
329 1602 533 1660 ὲκεῖιος
563 1599 661 1665 μὲν
680 1600 891 1668 ἀφανὴς
919 1594 1006 1668 ἦν.
1039 1600 1093 1651 al
1120 1599 1175 1651 δὲ
1208 1599 1303 1665 τῆς
1334 1598 1576 1667 φυλακῆς
1607 1596 1768 1651 πύλαι

210 1688 513 1757 αὐτόματοι
576 1687 922 1756 διηνοίγοντο.
988 1689 1095 1739 Καὶ
1124 1689 1151 1740 ό
1185 1688 1309 1750 λαὸς
1329 1686 1502 1739 ταῦτα
1525 1687 1769 1757 καθορῶν

210 1779 619 1847 ἐξεπλήττοντο.
656 1779 870 1846 Δάκρυα
888 1778 943 1830 δὲ
976 1778 1360 1846 προσετίθεντο
1377 1777 1627 1847 δάκρυσι,
1655 1779 1768 1838 τοῖς

1870 610 2060 680 vigiles
2089 612 2195 665 mei
2250 613 2553 669 condonate
2578 634 2591 670 :
2629 631 2735 671 non
2780 620 2928 671 enim
2955 631 3146 675 contra
3168 636 3253 676 me
3284 622 3419 677 fere

1871 704 1987 759 ista:
2016 705 2258 761 deterius
2300 706 2597 776 quidquam
2641 719 2897 764 statuent.
2930 711 3025 765 His
3056 714 3238 768 verbis
3287 714 3419 770 satis

1869 793 2131 862 liquebat.
2173 796 2324 849 illum
2348 808 2579 852 mortem
2605 812 2715 851 non
2766 800 2961 863 vereri.
2992 800 3088 854 sed
3139 801 3240 855 hoc
3305 811 3422 856 stu-

1871 882 2026 945 dere,
2067 893 2126 939 ut
2152 886 2280 938 dum
2303 886 2447 939 circa
2473 901 2750 941 carcerem
2782 888 2973 943 intenti
3002 898 3357 959 occupantur.
3392 908 3423 946 a

1870 971 2039 1040 priori
2071 973 2193 1027 illos
2223 972 2589 1042 indignatione
2622 977 2931 1031 retraheret
2962 996 2974 1029 :
3024 979 3291 1048 simulque
3342 980 3425 1032 in-

1871 1063 2049 1131 gentis
2086 1077 2149 1118 ac
2179 1062 2448 1132 magniﬁci
2508 1064 2775 1128 miraculi,
2826 1066 2971 1135 quod
3015 1069 3195 1121 statim
3228 1071 3422 1124 subse-

1869 1160 2055 1203 cutum
2112 1159 2218 1214 est.
2247 1162 2582 1217 spectatores
2638 1156 3015 1211 constitueret.
3075 1157 3211 1212 Cum
3280 1160 3423 1213 enim

1870 1240 2160 1294 multitudo
2180 1241 2324 1308 iuxta
2359 1242 2460 1296 viri
2495 1244 2666 1298 sancti
2703 1260 3013 1301 sermonem
3044 1248 3175 1303 foris
3201 1258 3426 1316 praesto-

1868 1328 2092 1391 laretur.
2130 1330 2217 1385 ille
2244 1332 2390 1385 intus
2434 1334 2624 1401 positis
2678 1336 2910 1405 genibus
2956 1339 3169 1397 orabat.
3229 1349 3283 1393 ct
3328 1356 3426 1399 pro

1868 1420 2122 1474 omnibus
2179 1422 2289 1475 Deo
2338 1423 2540 1489 gratias
2590 1426 2803 1493 agebat.
2865 1428 3031 1482 Porro
3101 1430 3426 1498 intempesta

1868 1519 2028 1563 nocte
2053 1511 2225 1564 lucem
2265 1511 2639 1577 clarissimam,
2672 1529 2792 1582 qua:
2817 1524 2987 1569 totum
3019 1531 3292 1572 carcerem
3320 1519 3427 1571 cir-

1868 1598 2163 1663 cumfulsit.
2217 1601 2284 1654 ad
2331 1604 2511 1670 ipsum
2573 1603 2968 1659 consolandum
3023 1606 3167 1659 Deus
3213 1608 3429 1661 caelitus

1871 1691 2113 1753 immisit,
2168 1692 2453 1761 eidemque
2527 1695 2750 1763 angelus
2832 1697 3117 1755 assistens.
3182 1706 3422 1759 catenas,

1869 1780 2069 1847 quibus
2090 1782 2303 1836 vinctus
2326 1792 2465 1845 erat.
2497 1781 2756 1853 perfregit
2781 1801 2797 1840 ;
2830 1799 3065 1852 cumque
3090 1785 3270 1840 verbis
3293 1801 3427 1839 con-

211 1870 306 1921 ἐπὶ
354 1873 418 1938 τῇ
471 1871 709 1940 προτέρᾳ
764 1871 907 1940 λύπῃ
959 1869 1025 1921 τὰ
1075 1871 1172 1937 τῆς
1209 1869 1431 1939 ὕστερον
1469 1872 1643 1938 χαρᾶς
1676 1870 1771 1921 καὶ
1803 1868 1897 1926 Bﬁ

1741 1870 1771 1921 ιὶ
1803 1868 1845 1926 Β
1873 1870 2139 1926 ﬁrmasset
2200 1872 2377 1935 illum.
2401 1887 2510 1941 quo
2533 1873 2791 1943 majorem
2824 1875 3257 1930 benevolentiam
3287 1876 3427 1930 indi—

212 1960 672 2028 θαυματολργίας.
704 1960 951 2027 Θὰμϐους
978 1954 1071 2012 οὖν
1120 1960 1213 2011 καί
1258 1960 1518 2028 εὐθυμίας
1574 1962 1761 2023 μεστοὶ

211 2053 325 2112 το“ς
358 2051 483 2101 mel.
508 2050 595 2101 τοῦ
626 2050 861 2119 μεγάλου
910 2050 1295 2118 προσέπιπτον,
1327 2048 1458 2112 Νῦν,
1490 2051 1757 2116 λέγοντες,

212 2141 460 2208 ἔγνωμεν
482 2142 561 2192 δτι
589 2143 615 2192 ό
638 2140 765 2202 Θεὸς
800 2141 936 2208 μετὰ
966 2141 1081 2205 σοῦ,
1140 2144 1231 2193 καὶ
1262 2142 1376 2209 ἅμα
1402 2144 1495 2194 καὶ
1540 2142 1672 2212 πρὸς
1700 2141 1760 2193 τὸ

214 2230 474 2301 πράττειν
524 2231 863 2300 ἑτοιμότερον
940 2231 1344 2301 ηὐτρεπίζοντο,
1404 2234 1577 2287 πάντα
1600 2232 1764 2300 ἱύπὶρ

215 2319 381 2372 αὐτοῦ
436 2322 527 2373 καὶ
558 2322 748 2374 παθεῖν
774 2322 866 2374 καὶ
895 2322 1107 2391 δρᾶσαι,
1138 2323 1236 2376 σὺν
1262 2324 1362 2392 ὅσῃ
1385 2323 1588 2393 σπουδῇ
1643 2322 1766 2391 βουο

216 2412 455 2479 λόμενοι.

1866 1970 2034 2024 caret.
2064 1961 2374 2030 complexus
2400 1971 2501 2016 est.
2532 1962 2625 2016 Ille
2678 1964 2902 2033 quidem
2928 1965 3209 2018 hominum
3260 1966 3425 2020 obtu-

1871 2063 1957 2106 tus
1987 2054 2269 2107 oeulorum
2289 2053 2576 2123 eﬁ‘ugerat,
2634 2066 2891 2110 caeterum
2942 2058 3123 2125 ianua:
3192 2058 3427 2111 carceris

1866 2158 1963 2197 sua
1984 2152 2173 2212 sponte
2195 2152 2390 2212 apertae
2418 2154 2564 2197 sunt.
2582 2145 2696 2211 Qua
2714 2160 2770 2200 re
2790 2146 3185 2208 animadversa.
3208 2156 3312 2201 tam
3343 2147 3427 2198 iu-

1874 2250 2005 2303 gens
2029 2236 2285 2305 p0pulum
2312 2234 2595 2289 admiratio
2622 2236 2809 2298 subiit.
2832 2247 2889 2291 ut
2905 2238 3150 2306 Iacryma'
3171 2252 3279 2306 prae
3299 2253 3426 2305 gau-

1871 2324 1962 2378 dio
2009 2338 2074 2377 ac
2098 2323 2416 2377 admirando
2440 2323 2580 2377 facto
2606 2326 2875 2393 posterius
2901 2327 3113 2389 elicita.
3133 2324 3427 2395 superioris

1869 2414 2135 2483 lacrytnas
2161 2414 2339 2468 luctus
2364 2414 2692 2481 exciperent.
2744 2414 2975 2484 Stupore
3029 2418 3190 2484 igitur
3227 2431 3290 2470 ac
3336 2415 3428 2467 lte-

217 2504 336 2555 titia
399 2503 563 2571 pleni.
628 2504 693 2557 ad
753 2506 917 2572 pedes
969 2505 1144 2574 magni
1216 2505 1315 2558 viri
1385 2506 1774 2573 procumbunt.
1813 2505 2100 2560 dicentes:
2150 2505 2306 2559 Nunc
2386 2506 2553 2559 Deum
2610 2519 2785 2562 tecum
2838 2522 2958 2562 esse
3027 2508 3423 2576 cognovimus:

214 2595 490 2663 simulque
542 2598 841 2664 paratiores
868 2596 933 2649 ad
964 2607 1110 2652 recte
1141 2596 1280 2651 facta
1308 2599 1607 2659 constituti.
1638 2598 1819 2652 omnia
1847 2613 1945 2667 pro
1977 2598 2098 2666 ipso
2123 2608 2178 2652 et
2203 2598 2313 2666 pati
2346 2597 2604 2653 etfacere
2634 2599 2879 2654 hilariter
2905 2600 3286 2653 decreverunt.

288 2691 423 2743 ΜΠ.
470 2693 577 2742 Καὶ
630 2692 945 2760 ἀνήρπαστο
996 2692 1060 2743 ἂν
1116 2692 1311 2745 αὐτίκα
1341 2691 1560 2754 Σαϐῖνός
1588 2710 1646 2745 τε
1677 2697 1769 2746 καὶ

217 2783 607 2851 Κροκεντῖνος
632 2781 681 2829 oi
716 2778 1119 2845 κακοδαίμονες,
1151 2780 1200 2829 εί
1241 2777 1314 2846 μὴ
1342 2779 1447 2844 ἄρα
1478 2777 1645 2829 πολλὰ
1675 2779 1770 2845 μὲν

218 2870 402 2925 αὐτῶν
450 2872 541 2919 καὶ
591 2867 741 2929 αὖθις
796 2867 1002 2934 δεηθείς
1034 2870 1059 2918 ό
1094 2866 1236 2928 οείος
1280 2866 1447 2930 ὅντως
1484 2866 1643 2935 ἀνὴρ,
1676 2868 1775 2920 οὐκ

217 2962 401 3027 ὀλίγον
430 2960 485 3010 δὲ
510 2959 601 3009 καὶ
633 2957 791 3024 φόϐον
816 2958 995 3018 αὐτοῖς
1033 2957 1275 3009 ὲπέσεισε
1303 2959 1370 3009 τά
1392 2972 1451 3008 τε
1481 2956 1572 3008 τοῦ
1614 2958 1773 3023 φόνου

220 3054 369 3105 κακὰ
391 3051 619 3114 διεξιὼν,
639 3050 733 3101 καὶ
752 3052 849 3102 ὅσα
875 3052 935 3100 ὲκ
960 3050 1145 3101 τούτου
1169 3048 1543 3119 συμϐήσεσθαι
1560 3048 1771 3119 έμελλε,

222 3146 320 3194 καὶ
376 3141 677 3191 τελευταῖον
713 3139 967 3202 προσθεὶς
1026 3138 1102 3199 ὼς
1135 3141 1182 3190 εί
1214 3138 1381 3191 ταῦτα
1418 3140 1618 3208 τολμᾷν
1650 3138 1774 3207 βού-

1946 2692 2103 2746 XLll.
2133 2694 2209 2745 Ac
2248 2691 2483 2768 Sabinus
2512 2691 3011 2760 Crescentinusque
3045 2692 3417 2746 scelestissimi

1875 2791 2096 2852 repente
2147 2782 2382 2836 confossi
2407 2797 2469 2837 ac
2515 2783 2742 2852 jugulati
2793 2782 3043 2845 fuissent,
3082 2783 3183 2836 nisi
3232 2799 3424 2837 rursus

1875 2876 1957 2928 vir
1980 2875 2070 2928 ille
2118 2888 2243 2928 vere
2270 2874 2485 2928 divinus
2507 2887 2599 2928 eos
2634 2887 2758 2928 mox
2800 2874 3029 2929 multum
3062 2874 3420 2935 obsecrasset,

1874 2963 2216 3033 graviterque
2248 2963 2555 3025 terruisset.
2586 2963 2753 3017 cadis
2777 2962 3137 3027 incommoda.
3166 2972 3221 3018 ct
3259 2965 3421 3025 mala,

1876 3068 1996 3121 qua:
2056 3052 2183 3108 inde
2221 3054 2585 3118 imminerent.
2624 3053 2693 3107 ob
2717 3054 2903 3108 oculos
2950 3068 3178 3122 ponens.
3233 3054 3421 3108 Extre-

1877 3157 2021 3196 mum
2056 3143 2187 3198 illud
2245 3144 2471 3208 addens,
2532 3146 2577 3199 si
2614 3152 2823 3199 tantum
2875 3144 3087 3199 facinus
3138 3139 3419 3203 auderent.

222 3244 418 3295 musa,
447 3228 606 3281 αὐτὸν
631 3229 736 3279 δεῖν
769 3225 977 3293 πρῶτον
1004 3227 1443 3291 ἀποκτείαντας,
1477 3226 1649 3287 οὕτως
1677 3226 1774 3277 ἔπ’
1799 3212 1841 3267 C
1873 3249 1906 3287 ο

1739 3226 1774 3276 τ’
1799 3212 1841 3267 C
1873 3244 2127 3301 oportere
2177 3244 2234 3289 ut
2256 3250 2373 3289 sese
2402 3235 2638 3303 pritnum
2699 3234 3085 3295 interﬁcerent.
3138 3250 3200 3288 ac
3228 3234 3306 3288 sic
3333 3250 3425 3303 po.

222 3321 471 3381 ἐκείνους
524 3321 739 3387 χωρεῖν.
794 3317 978 3378 Οὕτως
1040 3316 1207 3369 είπὼν
1252 3317 1402 3386 μόλις
1461 3318 1642 3385 ἵστησι
1681 3316 1780 3382 τῆς

223 3410 422 3480 ὁρμῆς.
458 3410 711 3474 Φωνήσας
756 3407 812 3459 δι
863 3407 1084 3468 Σαϐῖνον
1130 3407 1225 3460 καὶ
1267 3408 1652 3478 Κρισκεντῖνον
1698 3406 1781 3457 [va

226 3499 500 3557 κάκείνοις
527 3498 616 3563 ἐξῇ
654 3498 718 3547 τὰ
763 3498 1029 3565 γενόμενα
1072 3498 1328 3567 καθορᾷ-ι,
1366 3498 1429 3549 Τί
1459 3498 1554 3550 καὶ
1597 3497 1659 3565 δή
1692 3513 1779 3565 με,

226 3593 387 3660 φησι,
448 3589 681 3642 ἐνταῦθα
738 3588 1191 3648 κατακλείσαντες
1245 3588 1396 3656 ιχετε
1424 3586 1540 3651 έξδν
1568 3587 1782 3656 θανάτῳ

228 3678 563 3745 «spatio-3w:
594 3679 625 3745 ἦ
660 3680 753 3730 καὶ
805 3678 1197 3747 κριθησόμενον
1265 3678 1611 3747 ἀποπέμπειν
1655 3676 1783 3729 ἔνθα

231 3772 301 3824 ἂν
329 3772 485 3837 ὑμεῖς
528 3768 822 3837 βούλοισθε.
860 3768 918 3820 Οί
948 3768 1003 3819 δὲ
1033 3770 1123 3820 καὶ
1158 3766 1263 3819 τῶν
1295 3766 1598 3835 λεγομένων
1620 3766 1785 3819 ἁκού-

230 3876 385 3920 οντες
409 3859 500 3911 καὶ
521 3858 628 3907 τῶν
658 3859 1042 3925 ποαῖτομένων
1069 3858 1220 3909 αὐτοὶ
1242 3857 1515 3927 μάρτυρες
1538 3856 1783 3925 ἀψευδεῖς

233 3952 449 4010 ἑαυτοῖς
510 3949 863 4017 ὑπάρχοντες,
922 3946 1073 3999 οὐδέν
1104 3964 1155 3999 τι
1187 3948 1384 4015 μᾶλλον
1426 3947 1783 4017 έδυσωπήθη·

238 4057 359 4098 σαν.
384 4039 492 4091 οὐδ’
526 4042 571 4090 εί
605 4041 675 4105 μή
712 4055 762 4089 τι
782 4038 905 4090 ἄλλο
951 4038 1059 4091 τῶν
1087 4038 1346 4107 ῥημάτων
1375 4039 1475 4109 τὴν
1514 4038 1783 4107 τοσαύτην

235 4131 537 4200 ῂτδὲθησαν
576 4132 900 4180 ἐπιείκειαν·
949 4130 1028 4181 ὅτι
1078 4132 1211 4197 μετὰ
1243 4130 1475 4181 τοσαῦτα
1518 4133 1611 4183 καὶ
1638 4131 1785 4198 τηλι-

236 4220 415 4273 καῦτα
455 4220 520 4272 τά
546 4235 607 4285 γε
641 4218 954 4286 παραδόξως
983 4221 1060 4281 είς
1104 4219 1263 4270 αὐτδν
1318 4219 1637 4273 τελεσθέντα
1689 4237 1787 4272 κυο

243 4312 391 4378 ρίους
438 4309 677 4369 ἐκείνους
720 4306 811 4359 τοῦ
873 4307 1002 4359 ἰδίου
1060 4309 1296 4360 ἐποιεῖτο
1350 4306 1619 4376 σώματος,
1662 4309 1788 4363 ἀλλ’

236 4399 683 4467 ἀπονενοημένως
742 4397 941 4465 σφόδρα
978 4404 984 4409 ’
1022 4399 1115 4449 καὶ
1169 4396 1377 4465 ἰταμῶς
1428 4399 1563 4467 πρὸς
1624 4399 1787 4464 αὐτὸν

239 4488 495 4555 έτασκον,
538 4486 821 4548 ἐπιστολὰς
875 4489 1002 4557 περὶ
1035 4485 1199 4538 αὐτοῦ
1226 4486 1302 4556 τῷ
1335 4487 1545 4557 ὲξᾶρχῳ
1575 4504 1787 4557 πεπυμ-

240 4582 422 4648 φέναι,
458 4578 707 4630 κάκείνου
732 4576 795 4645 δὴ
820 4578 1051 4645 ἥκοντος
1084 4577 1263 4630 πάντα
1295 4578 1391 4631 σὺν
1442 4577 1697 4650 ἀκριϐείᾳ
1718 4581 1786 4632 τὰ

241 4671 365 4724 κατ’
425 4668 584 4722 αὐτὸν
661 4667 1023 4731 ὲξετάζεσοαι.
1084 4668 1279 4734 Γέγονε
1313 4669 1491 4733 οὓτω,
1544 4670 1638 4723 καὶ
1691 4668 1784 4722 τοῦ

241 4764 471 4835 ἔξαρχον
521 4763 622 4831 ἤδη
687 4761 1103 4827 καταλαϐόντος,
1155 4764 1211 4813 ὲν
1244 4762 1381 4831 μέσῃ
1418 4779 1475 4815 τε
1518 4766 1583 4833 τῇ
1634 4765 1786 4818 πόλει

242 4852 726 4923 προκατεεθὲντος,
759 4851 1118 4918 παρίστανται
1169 4851 1265 4918 μὲν
1305 4853 1505 4922 οἱπερὶ
1561 4854 1786 4906 Σαϐῖνον

240 4946 361 5011 ἅμα
406 4946 472 5012 τῇ
541 4942 831 5011 μοιχαλίδι,
886 4940 1079 5007 ἄγεται
1110 4940 1165 4991 δὲ
1189 4942 1280 4991 καὶ
1308 4943 1335 4993 ό
1362 4943 1515 5009 ἆγιος
1554 4942 1651 5010 τῆς
1678 4944 1787 5011 alg-

242 5035 379 5101 κτῆς
412 5033 517 5085 ὑπὸ
545 5030 719 5101 item;
746 5030 822 5101 τῷ
851 5032 1041 5099 πλήθει
1091 5034 1603 5101 παραπεμπόμενος,
1629 5034 1677 5087 οῖ
1700 5036 1788 5087 καὶ

244 5128 340 5195 βοῇ
365 5126 498 5194 πρὸς
528 5125 615 5177 τδν
646 5123 867 5191 εξαρχον
894 5123 1151 5191 έχρῶντο,
1175 5125 1242 5176 τά
1271 5141 1328 5175 τε
1350 5124 1484 5178 ἄλλα
1516 5125 1789 5193 θαυμάσια

241 5218 337 5269 τοῦ
393 5218 687 5284 Γρηγορίου
741 5214 1024 5278 διεξιόντες
1085 5215 1175 5264 καὶ
1205 5215 1349 5275 ὅπως
1398 5215 1557 5268 αὐτοῦ
1603 5216 1788 5268 τούτου

244 5309 476 5359 Σαϐίνου
509 5306 604 5374 τὴν
660 5305 938 5373 θυγατέρα
965 5304 1233 5365 τοσούτοις
1272 5306 1415 5356 ἔτεσι
1458 5309 1791 5374 παρειμένην

245 5396 377 5461 ὑγιᾶ
422 5395 497 5462 τῷ
554 5392 729 5462 Πατρὶ
776 5393 1007 5456 δίδωσιν,
1047 5392 1106 5444 ὃν
1161 5396 1253 5445 καὶ
1302 5395 1552 5462 δεύτερον
1594 5396 1792 5448 Ἰούδαν

245 5480 442 5537 ἐκαὶίυ
460 5507 493 5547 ι,
518 5485 603 5535 τὸν
629 5484 917 5551 εὐεργέτην
953 5482 1140 5551 ὥςπερ
1175 5486 1377 5543 ἐκεῖνος
1400 5487 1509 5547 τοῖς
1538 5486 1789 5555 χαλεποῖς

247 5573 642 5642 ἀμειψάμενοι.
707 5574 843 5641 Πρὸς
907 5575 997 5623 ἐπὶ
1053 5577 1177 5625 πᾶσι
1217 5575 1269 5625 δὲ
1324 5575 1414 5626 καὶ
1468 5575 1527 5627 τὸ
1550 5576 1792 5629 τελεσθὲν

250 5668 475 5729 ειεξιτ
504 5665 747 5731 aspici-.1
783 5663 1022 5733 gladia
1054 5664 1419 5729 7:9'.e::")331v.
1457 5667 1550 5718 καὶ
1567 5668 1646 5719 ὃτι
1704 5667 1793 5718 τὸν

258 5757 363 5825 τηλ
400 5756 584 5807 κοῦἲον
621 5785 629 5824 ι
660 5755 844 5807 άλιστα
910 5755 1001 5822 μὲν
1044 5756 1159 5805 quis
1193 5758 1267 5817 εὶς
1314 5756 1600 5823 ἁπτλογίαν
1630 5758 1792 5826 ἐχρῆν

1878 3331 2077 3376 stremo
2098 3324 2216 3377 illos
2238 3325 2573 3378 invaderent.
2606 3325 2705 3379 Vix
2726 3325 2811 3379 his
2834 3324 3017 3379 verbis
3038 3340 3225 3380 eorum
3252 3326 3425 3393 impe.

1882 3423 1995 3467 tum
2038 3414 2265 3468 sedavit.
2293 3414 2553 3469 Sabinum
2598 3430 2661 3469 ac
2679 3414 3085 3471 Crescentinum
3111 3431 3424 3475 accersens.

1882 3515 1941 3559 ut
1967 3520 2031 3560 ea
2056 3521 2175 3573 quae
2201 3515 2349 3576 gesta
2382 3516 2566 3561 essent
2620 3522 2847 3563 cernere
2892 3508 3027 3577 ipsis
3069 3508 3255 3561 liceret
3281 3506 3427 3560 :Cur

1882 3610 1968 3649 me
2013 3596 2259 3659 obsecro.
2283 3596 2475 3664 inquit,
2524 3597 2616 3651 hic
2657 3598 2925 3652 inclusum
2970 3597 3243 3657 detinetis.
3302 3611 3424 3650 cum

1883 3687 1937 3739 in
1968 3701 2053 3740 me
2081 3688 2231 3740 necis
2262 3687 2507 3741 habeatis
2535 3696 2874 3757 potestatem.
2905 3689 2987 3742 vel
3012 3689 3230 3757 publico
3257 3687 3416 3741 dam-

1883 3786 2068 3830 natum
2108 3778 2332 3845 judicio,
2358 3793 2790 3847 quoquoversum
2812 3782 2865 3834 in
2900 3780 3150 3835 exsilium
3204 3780 3418 3833 mittere

1884 3863 2084 3918 liceat?
2119 3864 2199 3918 Illi
2230 3880 2353 3919 cum
2381 3866 2492 3919 haec
2535 3867 2718 3920 omnia
2755 3867 3028 3929 audirent.
3060 3876 3115 3921 et
3162 3868 3426 3921 factorum

1885 3954 2172 4023 testesipsi
2207 3954 2309 4007 sibi
2335 3964 2519 4008 essent
2553 3955 2872 4023 locupletes.
2922 3958 3254 4012 conscientia
3292 3957 3427 4010 alio-

1884 4044 1975 4113 qui
2006 4061 2099 4099 sua
2124 4044 2388 4109 transﬁxi.
2437 4046 2573 4100 nihil
2634 4047 2813 4115 minus
2835 4048 2901 4101 de
2927 4048 3218 4114 pertinacia
3246 4054 3300 4101 et
3329 4047 3427 4100 du-

1885 4136 2006 4188 ritie
2033 4136 2376 4201 remiserunt,
2401 4144 2711 4204 tantamque
2770 4137 3061 4190 verborum
3114 4146 3427 4191 mansuetu-

1886 4225 2089 4286 dinem.
2120 4225 2262 4293 quod
2296 4234 2417 4293 post
2470 4235 2548 4279 tot
2586 4234 2840 4294 tantaque
2878 4227 3050 4295 signa.
3087 4240 3212 4295 erga
3274 4227 3430 4281 illum

1889 4316 2281 4372 admirabiliter
2339 4317 2506 4380 edita,
2559 4332 2617 4372 se
2674 4319 2879 4385 proprii
2914 4318 3157 4385 corporis
3180 4317 3436 4372 dominos

1888 4406 2110 4471 laceret.
2175 4422 2281 4461 non
2326 4409 2516 4477 magis.
2551 4423 2713 4477 quam
2763 4408 2855 4475 qui
2910 4408 3152 4470 minime.
3212 4408 3433 4461 reveriti

1814 4522 1862 4581 υ
1888 4505 2013 4549 sunt
2038 4512 2053 4560 ;
2093 4496 2225 4564 quin
2253 4497 2532 4565 praefracte
2554 4496 2707 4550 valde
2741 4511 2804 4551 ac
2827 4506 3137 4565 arroganter
3170 4496 3245 4549 illi
3281 4496 3429 4551 dice-

1886 4587 2036 4649 bant.
2063 4588 2323 4655 epistolas
2346 4602 2403 4642 se
2430 4588 2498 4641 de
2536 4588 2630 4642 illo
2654 4587 2889 4641 exarcbo
2916 4586 3149 4657 principi
3193 4585 3427 4649 dedisse.

1885 4678 1978 4731 sed
2002 4688 2291 4731 venturum
2323 4677 2493 4738 illum.
2520 4675 2881 4744 accurateque
2920 4676 2987 4731 de
3018 4676 3165 4729 illius
3196 4675 3432 4730 crimine

1886 4766 2238 4834 quastionem
2272 4766 2603 4819 habiturum.
2626 4765 2793 4834 quue
2824 4766 2895 4818 ita
2926 4764 3124 4819 factum
3158 4775 3259 4819 est.
3286 4764 3420 4818 Nam

1886 4870 2010 4910 cum
2048 4854 2312 4909 exarchus
2373 4854 2700 4917 advenisset.
2757 4870 2819 4908 ac
2871 4856 2923 4906 in
2995 4853 3171 4908 media
3209 4855 3428 4908 civitate

1873 4962 1987 5021 .pro
2029 4946 2279 4999 tribunali
2323 4947 2591 5015 agensjus
2628 4945 2854 5005 diceret.
2899 4943 3131 4998 Sabinus
3164 4960 3271 4998 una
3301 4959 3425 4999 cum

1886 5036 2126 5090 adultera
2189 5034 2264 5089 illi
2302 5036 2596 5089 sesistunt.
2640 5034 2869 5090 Sanctus
2924 5050 3137 5104 quoque
3190 5038 3433 5091 custodi-

1888 5127 2045 5181 dibus
2103 5140 2167 5180 ac
2235 5125 2649 5194 apparitoribus,
2718 5126 2970 5194 pleraque
3058 5126 3184 5179 item
3244 5127 3428 5197 populi

1889 5215 2235 5269 multitudine
2278 5216 2564 5268 comitatus
2594 5213 2896 5268 deducitur.
2963 5214 3023 5267 lli
3048 5230 3230 5269 coram
3274 5232 3429 5270 exar-

1889 5306 1992 5359 cho
2017 5320 2202 5359 vocem
2227 5304 2491 5367 tollentes,
2516 5317 2637 5355 cum
2690 5304 2791 5356 alia
2836 5303 3076 5372 Gregorii
3112 5304 3427 5359 admiranda

1892 5396 2030 5450 facta
2068 5394 2546 5463 persequebantur,
2583 5401 2718 5451 tum.
2744 5392 3197 5460 quemadmodum
3229 5391 3418 5446 Sabini

1893 5487 2063 5554 ipsius
2120 5485 2279 5537 ﬁliam
2326 5495 2402 5537 tot
2452 5486 2892 5553 annisjaccntem
2916 5485 3176 5538 redditam
3214 5484 3432 5537 sanitati

1894 5576 2031 5647 patri
2050 5573 2371 5633 restituerit.
2400 5574 2667 5635 dixerunt.
2702 5585 2756 5627 et
2802 5591 2961 5642 quem
2986 5574 3176 5628 Judom
3206 5575 3431 5626 alterum

1895 5664 2252 5734 appellabant,
2290 5664 2429 5716 hunc
2468 5663 2863 5717 benefactorem
2912 5678 3068 5715 suum
3128 5678 3233 5715 non
3282 5677 3437 5714 secus

1897 5773 1957 5812 ac
2001 5756 2088 5810 ille
2131 5753 2276 5819 fecit,
2312 5752 2584 5806 maleﬁciis
2627 5767 2991 5822 compensare.
3017 5750 3149 5803 illud
3180 5757 3435 5817 praeterea
