4270 6428
219 386 334 447 245

1180 400 1356 460 VITA
1400 401 1455 462 S.
1499 400 1883 463 GREGORII
1926 405 2463 474 AGRIGENTINI.

3328 418 3432 482 246

214 496 636 594 διαᾶονρῦμενοι,
694 501 834 554 Ἀλλ’
888 505 915 557 ό
948 506 1214 577 μακάριος
1276 511 1386 564 τῶν
1410 528 1479 565 κισ
1534 513 1900 582 δακρύωνΑΙ

1749 527 1785 561 ιν
1813 515 1858 570 Δ
1887 521 2179 591 familares,
2209 526 2377 594 probe
2408 524 2763 594 conjicerent,
2823 524 3198 589 nihilominus,
3229 536 3285 579 ut
3343 542 3435 594 pa-

216 589 477 656 ὲπειρᾶτο
529 591 724 645 παύειν
755 594 973 661 αὐτοὺς,
1013 599 1106 651 καὶ
1147 602 1375 670 ἡσυχίαν
1403 603 1557 669 ἀγειν
1579 603 1780 669 παραί-

215 698 319 743 νει,
365 682 459 734 καὶ
502 684 688 755 ἐπειδὴ
714 688 849 753 πρὸς
879 686 957 758 τῷ
990 691 1221 761 αίγιαλῷ
1255 693 1497 762 ἧγγισεν,
1524 693 1781 763 εὔχεσθαι

221 772 424 840 μᾶλλον
460 772 601 844 ὑπὲρ
651 776 818 830 αὑτοῦ
864 782 1202 847 παραινέσας
1257 785 1377 849 μετ’
1408 783 1672 853 εὐθυμίας
1705 782 1782 853 τῷ

220 859 392 930 πλοίῳ
438 861 717 917 ἐπίϐαινε.
746 866 1026 939 Συνεισῄει
1056 869 1112 922 δὲ
1144 870 1294 940 αὑτῷ
1321 871 1430 924 τῶν
1483 872 1583 942 μὲν
1607 873 1781 925 ἄλλων

214 950 396 1014 οὐδεὶς
426 952 505 1004 ὅτι
532 953 605 1022 μὴ
638 954 795 1022 μόνος
860 958 1229 1025 Πλατωνικὸς,
1266 961 1326 1023 ὃς
1386 962 1537 1032 αὑτῷ
1566 963 1661 1014 καὶ
1712 960 1779 1013 τὰ

217 1042 358 1109 πρὸς
417 1043 719 1113 ὑπηρεσίαν
762 1048 1078 1103 καθίστατο.
1126 1052 1227 1104 Τὸν
1272 1052 1328 1106 δὲ
1369 1054 1643 1107 ἀπόπλουν
1680 1054 1779 1123 ἤδη

218 1134 493 1187 ποιεῖσθαι
526 1136 756 1205 μέλλων,
781 1141 952 1193 πολλά
990 1144 1175 1205 αὐτοῖς
1198 1147 1326 1213 περὶ
1359 1146 1457 1212 τῆς
1486 1146 1781 1214 ἐκκλησίας

218 1229 318 1279 καὶ⁵
340 1227 435 1281 τοῦ
498 1231 755 1297 ποιμνίου
808 1231 1227 1304 διεμαρτύρετο,
1270 1237 1344 1297 ὡς
1376 1237 1451 1307 τῷ
1481 1237 1599 1309 Θεῷ
1626 1239 1783 1306 λόγον

220 1318 334 1369 τῶν
365 1320 443 1380 είς
463 1320 631 1389 αὐτὴν
668 1325 1058 1393 πραττομένων
1091 1328 1405 1395 ὑφέξοντας.
1452 1331 1514 1383 Οἱ
1547 1330 1602 1383 δὲ
1652 1330 1783 1399 μηδὲ

217 1413 370 1465 οὕτω
394 1414 493 1484 τῆς
522 1419 787 1485 πονηρίας
819 1419 1068 1486 ὑφέντες,
1098 1417 1165 1491 ἦν
1191 1422 1299 1490 γάρ
1351 1422 1413 1491 δὴ
1453 1425 1546 1476 καὶ
1571 1426 1598 1475 ό
1638 1423 1785 1493 ἔξαρ·

220 1522 315 1573 χος
338 1499 449 1570 οἷος
490 1509 618 1576 περὶ
651 1509 789 1563 αὐτά
838 1512 1006 1581 μηδὲν
1056 1514 1163 1565 τῶν
1216 1516 1567 1581 συκοφαντῶν
1596 1516 1785 1582 διαφέ-

223 1614 341 1664 ρειν
366 1599 435 1652 τά
469 1616 526 1651 τε
568 1600 702 1654 ἄλλα
750 1604 864 1664 τοῖς
908 1605 1234 1674 κατηγόροις
1274 1605 1503 1669 ἐτίθετο,
1549 1606 1642 1658 καὶ
1664 1606 1783 1659 τότε

223 1689 682 1757 ἀποκρινάμενος,
742 1692 947 1761 Μηδεὶς
990 1693 1127 1745 ἔστω
1182 1711 1264 1746 σοι
1312 1695 1467 1761 λόγος
1522 1698 1649 1766 περὶ
1684 1699 1783 1765 τῆς

235 1778 583 1849 Ἐκκλησίας,
615 1785 800 1850 φησιν,
832 1778 876 1835 ὦ
917 1784 1177 1853 Γρηγόριε
1204 1803 1215 1816 ”
1248 1787 1487 1849 τοιοῦτος
1515 1788 1623 1855 γὰρ
1649 1789 1782 1856 ἡμῖν

1881 624 2082 678 rentes,
2114 630 2297 669 rerum
2332 615 2721 671 incertitudine
2767 615 2931 670 corde
2987 615 3271 673 nutabant.
3331 617 3433 671 Ve-

1882 721 2001 759 rum
2038 705 2252 761 divinus
2274 706 2353 759 vir
2390 706 2518 761 ﬂere
2568 708 2688 762 illos
2715 707 3057 777 prohibebat,
3093 716 3316 775 tutoque
3370 722 3435 762 ac

1881 799 2001 851 lmto
2044 801 2226 853 animo
2257 815 2375 855 esse
2424 800 2767 855 hortabatur.
2808 800 2910 856 Ubi
2946 815 3075 854 vero
3112 779 3270 854 littus
3303 815 3431 867 pro-

1882 891 2005 958 pius
2060 891 2308 961 contigit,
2350 908 2443 947 eos
2489 901 2547 947 ut
2592 907 2688 962 pro
2741 907 2797 947 se
2857 903 3094 953 orarent.
3155 900 3431 959 precatus,

1881 985 2134 1038 alacriter
2181 999 2374 1039 navem
2406 985 2741 1040 conscendit.
2776 984 2945 1039 Porro
2984 985 3323 1039 Platonicum
3353 999 3435 1038 se-

1882 1090 2003 1130 cum
2030 1076 2241 1142 habuit,
2286 1086 2543 1147 praaterea
2578 1077 2869 1142 neminem,
2903 1076 2995 1146 qui
3027 1086 3081 1130 et
3130 1077 3263 1145 ipse,
3314 1092 3434 1145 qua

1883 1169 1946 1222 ad
1977 1168 2372 1237 navigationem
2424 1170 2726 1223 necessaria
2770 1179 2945 1231 erant,
2989 1169 3165 1223 eidem
3229 1170 3433 1223 instru-

1882 1270 2053 1314 xerat.
2091 1260 2223 1314 Cum
2252 1275 2381 1315 vero
2402 1261 2511 1330 jam
2552 1276 2609 1315 se
2636 1260 2962 1328 navigationi
2996 1271 3141 1315 esset
3182 1261 3435 1315 commis-

1883 1368 2063 1414 surus,
2101 1353 2327 1405 multum
2361 1352 2424 1405 de
2449 1351 2708 1414 Ecclesia,
2746 1351 2921 1420 deque
2955 1366 3112 1421 grege
3159 1352 3280 1405 illos
3334 1351 3434 1404 im-

1886 1448 2091 1516 plorata
2137 1444 2243 1499 [ide
2286 1443 2587 1497 obtestatus
2619 1454 2703 1497 est
2732 1460 2743 1495 :
2806 1458 2998 1511 nempe
3028 1458 3127 1511 pro
3157 1441 3431 1504 omnibus,

1886 1538 1937 1591 in
1969 1537 2167 1605 quibus
2200 1542 2385 1590 contra
2418 1535 2588 1602 ipsam
2621 1536 2811 1588 saevire
2844 1548 2905 1586 ac
2951 1534 3182 1601 grassari
3243 1546 3431 1600 perre-

1885 1628 2086 1690 xerint,
2124 1627 2234 1680 Deo
2260 1626 2530 1680 rationem
2563 1639 2681 1679 esse
2738 1622 3067 1677 reddituros.
3125 1621 3186 1675 lli
3220 1639 3285 1676 ue
3349 1624 3429 1677 sic

1885 1716 2099 1785 quidem
2126 1731 2153 1768 a
2184 1716 2422 1783 nequitia
2456 1720 2825 1780 temperarunt
2866 1728 2961 1767 sua
2994 1730 3005 1764 :
3036 1710 3303 1780 siquidem
3334 1727 3436 1766 nec

1885 1805 2151 1859 exorchus
2198 1805 2313 1873 ipse
2370 1805 2423 1856 in
2468 1804 2585 1870 ejus
2622 1816 2781 1855 causa
2834 1818 2863 1855 a
2914 1802 3265 1870 nequissimis
3324 1801 3431 1854 illis

222 1872 454 1941 εὓρηται
512 1875 629 1926 ἀντὶ
690 1874 783 1927 σοῦ
821 1877 952 1945 πρὸς
995 1878 1053 1929 δν
1086 1878 1207 1930 οὐδὲ
1235 1878 1344 1930 τῶν
1365 1878 1577 1949 ἐχθρῶν
1604 1881 1780 1943 οὐδεὶς
1812 1875 1853 1931 Β
1884 1897 1908 1951 ι]

1742 1898 1780 1943 ις
1812 1875 1853 1931 Β
1884 1896 2200 1952 hominibus
2224 1872 2526 1963 quidquam
2583 1893 2692 1946 fere
2736 1892 2989 1956 distabat,
3045 1908 3169 1947 cum
3223 1892 3428 1959 alioqui

221 1963 336 2028 ἔχει
378 1978 425 2012 τι
462 1964 917 2031 προφασίσασθαι.
969 1968 1150 2020 Ταῦτα
1176 1967 1230 2021 δὲ
1281 1968 1410 2039 περί
1442 1982 1586 2033 τινος
1623 1972 1773 2038 ἔλεγε

222 2054 454 2103 Λευκίου
498 2053 795 2121 αίρετικοῦ,
820 2055 878 2118 ὃς
936 2062 1063 2127 περὶ
1113 2060 1209 2129 τὴν
1242 2059 1380 2130 ἑῴαν
1409 2060 1669 2126 πολλάκις
1695 2064 1771 2132 τῷ

225 2144 513 2212 ι’ρηγορίῳ
558 2145 665 2196 τῶν
717 2147 1035 2215 παραδόξων
1083 2150 1269 2203 ἕνεκεν
1320 2153 1422 2222 τῆς
1470 2156 1784 2225 οἰκονομίας

225 2234 466 2304 Χριστοῦ
506 2236 789 2305 δογμάτων
852 2240 1153 2309 διαλεχθεὶς
1190 2245 1282 2295 καὶ
1311 2248 1637 2310 τοσαυτάκις
1668 2250 1786 2301 ἐπι-

229 2325 542 2396 στομηθεὶς,
593 2330 846 2399 διάφορος
880 2331 979 2399 μὲν
1004 2332 1149 2401 αὖτῷ
1200 2337 1261 2388 ὲκ
1287 2338 1479 2391 πολλοῦ
1516 2341 1781 2407 ἐγεγόνει,

226 2418 347 2468 τότε
382 2417 437 2469 δὲ
461 2419 608 2487 παρά
633 2437 737 2472 τινι
773 2424 1143 2491 κρυπτόμενος
1173 2427 1279 2478 τῶν
1301 2429 1403 2497 τῆς
1440 2432 1664 2493 πόλεως,
1695 2434 1785 2485 τόν

230 2521 291 2561 τε
321 2527 573 2563 κυκεωνα
597 2511 784 2565 τοῦτον
815 2518 910 2583 τῆς
953 2516 1201 2585 διαϐολῆς
1226 2520 1385 2581 αὐτὸς
1410 2516 1477 2589 ἦν
1496 2524 1523 2574 ό
1552 2524 1626 2591 τῷ
1649 2524 1789 2593 Γρηο

227 2602 401 2670 γιιρίῳ
423 2604 640 2672 κιρνῶν,
674 2607 785 2667 τοῖς
815 2608 1173 2674 συκοφάνταις
1206 2611 1459 2678 ὑποφυεὶς
1485 2614 1573 2665 καί
1612 2616 1787 2667 πᾶσαν

229 2694 411 2753 αὐτοῖς
448 2694 719 2757 ὑποτιθεὶς
747 2696 844 2764 τὴν
872 2698 1073 2768 σκηνὴν
1102 2699 1195 2751 τοῦ
1237 2700 1505 2769 δράματος
1532 2696 1574 2769 ᾧ
1598 2704 1658 2771 δὴ
1697 2706 1789 2755 καὶ

229 2784 351 2836 τότε
398 2786 465 2835 τὰ
497 2784 595 2851 τῆς
631 2787 927 2855 ἐπισκοπῆς
984 2790 1329 2857 ἐνεχείριζον.
1376 2793 1517 2843 Ἀλλ’
1582 2794 1630 2845 oi
1690 2797 1789 2861 μὲν

230 2874 467 2928 τοσαῦτα
497 2877 738 2939 εἰπόντες
796 2879 983 2930 πλέειν
1033 2881 1357 2950 ἀπέπεμπον
1382 2901 1393 2914 ·
1449 2887 1497 2937 οἱ
1522 2886 1577 2937 δὲ
1601 2886 1663 2955 δὴ
1684 2886 1792 2939 τῶν

246 2968 685 3036 Ἀκραγαντίνων
715 2972 978 3040 ἄρχοντές
1013 2991 1071 3025 τε
1118 2977 1210 3027 καὶ
1271 2975 1333 3027 τὸ
1358 2976 1542 3029 λοιπὸν
1567 2978 1788 3048 πλῆθος,

233 3060 420 3130 ἐπειδὴ
479 3063 604 3130 περὶ
656 3063 755 3131 τὴν
798 3064 871 3115 ἔω
906 3065 1046 3117 κατά
1067 3068 1164 3136 τὴν
1198 3068 1442 3137 φυλακὴν
1485 3069 1793 3138 ἀθροισθένο

1883 1986 2278 2041 Idelatoribus
2329 1996 2439 2040 tum
2492 1985 2655 2053 judex
2708 1993 2854 2038 esset
2901 1984 3161 2037 delectus.
3214 1981 3429 2036 Nullum

1887 2079 1980 2133 tibi
2013 2078 2249 2148 posthaec
2279 2079 2451 2143 (dixit)
2483 2077 2708 2147 Gregori
2741 2077 2900 2130 liceat
2940 2075 3007 2130 de
3041 2074 3282 2129 Ecclesia
3316 2089 3435 2127 ser-

1886 2186 2102 2225 monem
2132 2169 2367 2233 habere;
2416 2170 2589 2221 virum
2620 2169 2763 2222 enim
2806 2168 3075 2236 ejusmodi
3124 2167 3175 2219 in
3228 2166 3303 2218 tui
3357 2165 3435 2217 lo-

1887 2273 2007 2313 cum
2039 2258 2472 2327 subrogavimus,
2510 2259 2561 2311 in
2594 2271 2755 2326 quem
2790 2271 2856 2309 ne
2885 2255 3180 2309 adversarii
3207 2254 3430 2323 quidem

1886 2350 2090 2419 aliquid
2134 2350 2334 2403 habent
2391 2351 2629 2416 culpare.
2693 2348 2814 2401 [hec
2869 2357 3047 2401 autem
3105 2347 3171 2400 de
3218 2345 3436 2398 Eleusio

1889 2438 2120 2505 quodam
2156 2437 2411 2491 haeretico
2439 2436 2670 2499 dicebat,
2699 2435 2790 2503 qui
2824 2435 2877 2487 in
2912 2434 3134 2489 Oriente
3184 2448 3436 2501 smpenu-

1891 2544 2039 2582 mero
2092 2544 2212 2582 cum
2254 2527 2516 2597 Gregorio
2550 2528 2615 2581 de
2676 2525 3008 2580 admirandis
3064 2524 3430 2593 dogmatibus,

1890 2621 2063 2689 deque
2096 2636 2317 2674 munere
2340 2661 2351 2681 ,
2394 2620 2532 2687 quod
2561 2618 2829 2679 Christus,
2866 2619 2957 2671 Dei
2986 2616 3155 2670 Patris
3190 2616 3240 2668 in
3274 2616 3437 2669 terris

1890 2711 2122 2779 legatum
2194 2724 2390 2779 agens,
2455 2708 2686 2773 obierat,
2760 2708 3021 2761 acerrime
3109 2704 3435 2774 disputaret,

1893 2815 2015 2853 cum
2077 2799 2248 2851 nihilo
2308 2800 2485 2852 secius
2568 2799 2723 2866 plane
2793 2810 3069 2865 repressus
3128 2795 3194 2848 ab
3258 2810 3321 2847 eo
3375 2810 3437 2848 ac

1892 2890 2068 2945 vietus
2107 2890 2312 2944 fuisset.
2347 2889 2443 2943 llic
2482 2890 2806 2958 jampridem
2862 2890 3041 2943 eidem
3092 2887 3435 2942 admirabilis

1894 2980 2217 3041 habebatur,
2263 2981 2417 3047 isque
2447 2989 2559 3034 tum
2595 2980 2737 3049 apud
2768 2981 2941 3033 civem
2988 2979 3278 3049 quemdam
3312 2977 3441 3032 lati-

1898 3070 2062 3131 tabat.
2118 3071 2210 3139 qui
2258 3070 2593 3125 delatoribus
2657 3072 3000 3139 coniunctus,
3060 3070 3203 3124 banc
3242 3078 3436 3124 contu.

232 3166 342 3248 τεο,
401 3150 714 3248 μία-εἴιροιεν
768 3154 854 3205 τὸν
890 3154 1212 3225 Γρηγόριον,
1270 3158 1504 3227 ἦρξαντο
1526 3162 1789 3228 ταράττε·
1818 3187 1864 3248 C
1894 3180 1918 3216 ιι

1750 3178 1789 3212 ι·
1818 3187 1864 3248 c
1894 3164 2067 3217 meliaB
2109 3163 2380 3230 potionem
2435 3161 2695 3230 Gregorio
2750 3161 2945 3215 callide
2998 3161 3436 3220 commiscuerat,

237 3241 360 3293 σθαι
413 3243 503 3295 καὶ
553 3243 771 3312 θρηνεῖν
807 3286 820 3308 ,
884 3249 977 3301 καὶ
1027 3249 1342 3316 νομίσαντες
1400 3254 1581 3319 κρύφα
1634 3253 1793 3305 αὐτὸν

236 3330 575 3400 ἀνῃρεῖσθαι,
630 3335 814 3385 στάσιν
876 3336 1017 3387 κατά
1045 3353 1100 3387 τε
1136 3335 1227 3387 τοῦ
1290 3337 1521 3407 ἐξάρχου
1575 3340 1791 3391 καὶτοῦ

238 3420 474 3489 πονηροῦ
530 3424 805 3493 συνεδρίου
858 3425 1097 3497 χαλεπὴν
1134 3428 1392 3496 ἀνῆπτον.
1438 3429 1546 3481 Καὶ
1581 3430 1794 3497 πρῶτον

242 3510 343 3575 μὲν
404 3510 509 3578 πῦρ
540 3510 813 3576 λαϐόντες,
849 3515 1151 3580 ὑφάπτουσι
1188 3517 1311 3578 τοὺς
1349 3518 1529 3579 οἴκους
1562 3519 1669 3570 τῶν
1704 3537 1792 3572 az:-

240 3602 521 3665 κοφαντῶν
579 3602 805 3655 Σαϐίνου
865 3606 955 3656 καὶ
1010 3607 1424 3674 Κρισκεντίνου·
1492 3608 1680 3661 ἔπειτα
1738 3610 1793 3663 δὲ

244 3689 339 3740 καὶ
363 3689 555 3751 αὐτοὺς
616 3690 853 3754 ἐκείνους
884 3696 1089 3761 ὁρμῶσι
1134 3696 1591 3766 διαχειρίσασθαι.
1640 3699 1794 3751 Ἀλλ’

240 3770 389 3829 οἷτοι
426 3778 523 3845 μὲν
552 3783 628 3840 είς
690 3781 785 3850 τὴν
828 3783 1119 3852 ἐκκλησίαν
1164 3791 1635 3856 προσπεφευγότες
1685 3790 1795 3842 δια-

238 3867 411 3936 δρῶσι
446 3868 531 3918 τὸν
562 3869 819 3923 κίνδυνον.
869 3874 1079 3936 Φθάσας
1113 3877 1220 3945 γὰρ
1249 3880 1275 3930 ό
1310 3878 1562 3947 Χαρίτων
1581 3880 1641 3931 τὸ
1662 3882 1794 3947 πλῆ-

241 3958 334 4018 θος
364 3960 499 4009 κατά
549 3960 709 4021 πόδας
774 3964 952 4023 αὐτοῖς
988 3965 1249 4033 ἑπόμενον
1288 3968 1458 4038 εἴργει
1503 3974 1561 4022 τὸ
1595 3973 1666 4042 μὴ
1705 3974 1794 4025 καὶ

240 4047 335 4111 τοῦ
366 4049 509 4117 ἱεροῦ
570 4051 713 4103 ἔνδον
767 4054 961 4116 αὐτοὺς
1016 4058 1347 4124 ἀποσφάξαι,
1372 4063 1466 4113 σὺν
1497 4063 1589 4131 βοῇ
1626 4064 1791 4135 πολλῇ

241 4141 333 4191 καὶ
370 4140 520 4206 μόλις
556 4143 747 4205 αὐτοὺς
773 4144 867 4195 τοῦ
906 4148 1294 4217 ἐγχειρήματος
1320 4151 1659 4214 ἀποπαύσας.
1688 4155 1792 4207 Καὶ

240 4230 309 4282 τΞι
344 4229 442 4299 μὲν
471 4232 567 4298 τῆς
627 4234 863 4296 στάσεως
918 4231 1019 4289 ὧδε
1063 4240 1123 4291 τδ
1160 4240 1328 4309 πέρας
1367 4237 1500 4309 εἶχε.
1543 4244 1793 4295 Καταλα-

244 4320 427 4380 ϐόντος
455 4320 508 4372 δὲ
529 4321 623 4373 τοῦ
644 4323 799 4389 ἀγίου
825 4325 923 4393 τὴν
968 4325 1185 4396 Ῥώμην
1208 4330 1235 4380 ό
1266 4330 1495 4393 πάππας
1542 4332 1641 4400 τὴν
1676 4336 1791 4385 ἐπι-

1896 3252 2109 3319 illisque
2164 3266 2379 3305 onmem
2446 3262 2597 3304 actus
2672 3264 2909 3313 scenam,
2958 3249 3060 3302 hoc
3088 3258 3192 3311 est,
3250 3247 3437 3317 ﬂagitii

1896 3343 2177 3397 materiam
2211 3353 2370 3411 atque
2426 3342 2727 3410 subjectum
2766 3341 3118 3403 ministrarat,
3180 3339 3267 3393 cui
3323 3348 3435 3392 tum

1897 3438 1971 3489 iili
2016 3436 2388 3504 episc0patum
2446 3433 2918 3487 coner-ediderant.
2961 3432 3054 3486 llis
3109 3430 3291 3495 dictis,
3345 3446 3440 3484 na-

1896 3533 2221 3601 vigationem
2256 3531 2345 3584 ille
2390 3529 2576 3583 subiit.
2614 3527 2952 3597 Agrigentini
2998 3540 3127 3579 vero
3162 3525 3261 3578 viri
3294 3524 3440 3592 prin-

1894 3625 2042 3691 cipes
2070 3639 2173 3675 una
2202 3637 2323 3677 cum
2354 3622 2556 3689 reliqua
2585 3620 2952 3681 multitudine,
2983 3634 3105 3671 cum
3137 3617 3437 3672 custodiam

1894 3728 2105 3769 summo
2146 3728 2300 3766 mane
2333 3712 2472 3765 facto
2505 3712 2713 3780 agmine
2748 3710 3050 3778 petiissent,
3083 3723 3259 3776 neque
3304 3707 3441 3761 Gre-

1896 3808 2103 3876 gorium
2172 3803 2510 3873 reperiisent,
2550 3801 2767 3855 turbare
2815 3800 3017 3865 omnia,
3060 3785 3438 3861 commiscere,

1896 3914 1958 3952 ac
1988 3896 2269 3950 lamentari
2304 3902 2605 3962 cmperunt.
2638 3893 3023 3946 Existimantes
3070 3900 3251 3945 autem
3288 3890 3439 3944 illum

1896 3988 2030 4041 clam
2064 3985 2131 4037 de
2166 3983 2344 4036 medio
2400 3982 2695 4044 sublatum,
2753 3982 3043 4034 tumultum
3100 3993 3161 4033 ac
3218 3976 3442 4032 seditio-

1896 4064 2016 4126 n'cm
2042 4083 2227 4125 contra
2255 4070 2565 4133 exarchum,
2589 4073 2811 4139 ejusque
2830 4082 3155 4124 assessorem
3177 4066 3447 4121 molestis-

1896 4163 2085 4216 simam
2117 4162 2441 4215 excitarunt.
2488 4159 2563 4213 Ac
2597 4159 2830 4227 primum
2866 4158 3087 4226 quidem
3136 4156 3322 4211 Sabini
3379 4172 3442 4211 ac

1894 4251 2230 4306 Crescentini
2266 4250 2722 4320 sycophantarum
2761 4250 2951 4303 domos
2981 4248 3314 4311 incendunt;
3347 4247 3442 4301 de-

1897 4340 2019 4393 inde
2075 4340 2195 4393 illos
2228 4338 2373 4407 ipsos
2438 4338 2743 4391 interﬁcere
2790 4337 3064 4401 adoritur;
3141 4336 3233 4390 sed
3287 4337 3321 4389 ii
3375 4337 3439 4390 ad

246 4410 440 4477 στολὴν
492 4410 776 4478 δεξάμενος
810 4414 903 4465 τοῦ
962 4416 1190 4485 ἐξάρχου
1221 4420 1309 4471 καὶ
1334 4422 1401 4471 τὰ
1433 4423 1790 4489 γεγραμμένα
1829 4496 1858 4501 _
1897 4448 1926 4487 ε

1752 4441 1790 4476 τι
1829 4496 1858 4501 _
1897 4433 2183 4487 ecclesiam
2220 4432 2344 4501 fuga
2394 4446 2512 4485 sese
2544 4431 2870 4500 recipientes
2918 4429 3218 4499 periculum
3270 4428 3438 4484 decli-

246 4501 663 4569 ἀναλεξάμενος,
700 4503 939 4572 θάμϐους
996 4506 1108 4575 ἅμα
1148 4510 1239 4561 καὶ
1267 4509 1436 4576 θυμοῦ
1469 4511 1792 4580 πληρωθεὶς,
1829 4496 1871 4549 D
1900 4539 1930 4575 η

1756 4529 1792 4575 ἲ,
1829 4496 1871 4549 D
1900 4534 2119 4576 narunt.
2158 4496 2357 4575 Verum
2417 4496 2675 4574 Chariten
2739 4496 3070 4574 turbze'illos
3107 4519 3442 4587 insequentis

247 4593 341 4643 καὶ
398 4592 529 4659 μηδὲ
564 4593 640 4655 είς
687 4594 807 4662 ὄψιν
842 4596 1012 4649 ἐλθεῖν
1047 4599 1195 4668 αὐτῷ
1236 4601 1324 4652 τὸν
1355 4602 1508 4668 ἅγιον
1540 4603 1793 4669 ἀξιώσας,

243 4683 464 4771 ἄκριτον
496 4685 709 4738 ἐκέλευε
741 4688 1035 4757 συρόμενόν
1054 4706 1105 4741 τε
1130 4691 1221 4743 καὶ
1248 4690 1599 4762 ὑϐριζόμενον
1619 4700 1682 4765 τῇ
1702 4713 1800 4763 φυ-

244 4772 385 4842 λακῇ
407 4773 761 4837 δίδοσθαι,τάς
789 4794 842 4829 τε
878 4781 1060 4847 χεῖρας
1085 4780 1216 4833 ἀλλὰ
1252 4783 1349 4850 μὲν
1382 4784 1474 4835 καὶ
1497 4787 1620 4847 τοὺς
1638 4788 1797 4849 πόδας

248 4864 444 4931 σίδηρα
471 4866 827 4930 διαδεθέντας.
849 4869 905 4920 'O
922 4870 975 4921 δὲ
996 4870 1088 4922 καὶ
1114 4871 1280 4933 οὕτως
1306 4874 1797 4944 ἑμπαροινούμενος

248 4956 342 5007 καὶ
367 4957 634 5026 τῇεὶρκτῇ
662 4956 1055 5027 ὲμϐαλλόμενος
1104 4962 1194 5012 καὶ
1230 4962 1661 5033 δεσμούμενοςὲν
1703 4969 1801 5019 πᾶ-

251 5063 335 5096 σιν
369 5046 545 5113 ἑαυτῷ
585 5047 779 5115 ὁμοίως
814 5044 902 5119 ἦν,
937 5051 1030 5102 καὶ
1062 5051 1314 5105 ὑπόθεσιν
1358 5056 1419 5107 οὑ
1471 5057 1669 5125 μικρὰν
1706 5059 1802 5126 τὴν

248 5135 475 5202 ἀτιμίαν
514 5137 609 5205 τῆς
664 5138 795 5201 πρὸς
837 5137 968 5191 Θεὸν
999 5140 1229 5194 ἐποιεῖτο
1274 5143 1641 5212 εὐχαριστίας.
1690 5146 1801 5201 Ἰνα

248 5226 307 5277 δὲ
342 5226 434 5277 καὶ
484 5226 682 5293 μᾶλλον
737 5228 1104 5297 ἀπαράκλιτος
1242 5234 1479 5301 ἀνιαροῖς
1533 5235 1801 5297 τοσούτοις

252 5315 803 5384 περιστοιχιζόμενος,
864 5318 979 5370 οὐδὲ
1028 5320 1117 5371 τὸν
1167 5320 1409 5373 διάκονον
1459 5324 1604 5393 αὐτῷ
1664 5327 1799 5377 Πλα-

248 5407 474 5457 τωνικὸν
509 5408 585 5468 είς
608 5408 706 5476 τὴν
737 5409 981 5477 φυλακὴν
1004 5410 1146 5476 εἴων,
1177 5411 1287 5461 ἀλλ’
1321 5413 1487 5481 ἑτέρῳ
1523 5417 1628 5466 τινὶ
1650 5418 1795 5484 τόπῳ

248 5498 495 5549 κάκεῖνον
522 5498 983 5563 ὲγκατακλείουσι.

1898 4613 2141 4679 vestigiis
2172 4614 2447 4675 insistens,
2480 4611 2679 4674 eﬂ‘ecit,
2732 4627 2797 4665 ne
2863 4612 3002 4663 inlra
3048 4608 3305 4678 templum
3353 4608 3440 4676 ju-

1896 4702 2231 4772 gularentur,
2286 4702 2366 4753 vix
2401 4701 2519 4753 illos
2552 4716 2745 4768 magno
2785 4701 3016 4754 clamore
3060 4699 3127 4751 ab
3172 4696 3440 4767 ejusmodi

1898 4791 2158 4859 petitione
2190 4807 2251 4844 ac
2286 4792 2489 4843 insulto
2536 4792 2921 4857 comprimens.
2982 4789 3165 4856 Itaque
3216 4788 3441 4841 seditio-

1898 4897 2018 4933 nem
2049 4882 2312 4951 ejusmodi
2351 4880 2473 4933 ﬁnis
2502 4880 2732 4947 excepit.
2766 4879 2898 4933 Cum
2931 4894 3059 4931 vero
3100 4878 3181 4930 vir
3219 4888 3441 4932 sanctus

1898 4972 2121 5023 ltoinam
2168 4972 2538 5037 pervenisset,
2591 4968 2827 5036 pontifex
2867 4983 3031 5032 manu,
3080 4968 3315 5033 acceptis
3372 4967 3439 5020 ab

1896 5061 2129 5115 exarcho
2162 5059 2379 5123 litteris,
2427 5059 2597 5126 iisque
2643 5073 2763 5125 quae
2792 5059 2860 5112 ab
2916 5058 3034 5126 ipso
3065 5058 3440 5113 scribebantur

1899 5147 2145 5216 cognitis,
2177 5147 2537 5200 admiratione
2565 5160 2628 5199 ac
2670 5148 2748 5200 ira
2791 5148 3001 5216 plenus,
3057 5161 3163 5201 non
3209 5155 3291 5200 est
3321 5160 3442 5215 pns-

1895 5255 1985 5291 sus
2016 5240 2186 5290 virum
2246 5248 2488 5291 sanctum
2545 5238 2800 5306 suiipsius
2846 5239 2998 5292 adire
3051 5238 3435 5307 praesentiam;

1897 5332 2027 5399 quin
2058 5330 2217 5382 etiam
2260 5327 2457 5381 indicta
2487 5342 2647 5381 c.1usa
2683 5338 2917 5382 tractum
2946 5330 3095 5381 illum
3124 5336 3285 5395 atque
3307 5342 3439 5381 con-

1905 5420 2189 5472 tumeliosc
2220 5419 2460 5481 illusum,
2494 5418 2745 5471 manibus
2782 5427 3040 5485 praterea
3099 5418 3439 5485 pedibusque

1903 5522 2091 5565 catena
2142 5510 2400 5571 vinctura,
2460 5509 2514 5560 in
2573 5523 2845 5561 carcerem
2900 5508 3297 5578 conjiciendum
3343 5509 3440 5560 im-

248 5589 479 5658 peravit.
529 5590 792 5642 Caeterum
855 5590 944 5642 ille
990 5590 1226 5644 ludibrio
1274 5602 1379 5644 tam
1418 5598 1648 5662 turpiter
1701 5601 1941 5665 habitus,
2010 5601 2059 5651 in
2130 5613 2508 5666 cari-eremque
2571 5614 2632 5652 ac
2672 5599 2901 5652 vinculis
2958 5601 3310 5666 mancipatus,
3355 5600 3438 5651 ni-

248 5681 543 5735 nilominus
572 5681 824 5734 omnibus
868 5681 922 5733 in
963 5681 1127 5736 rebus
1153 5685 1235 5735 sui
1262 5684 1456 5738 similis
1498 5702 1621 5742 esse
1712 5695 1967 5757 perrexit,
2019 5702 2178 5756 atque
2237 5692 2560 5743 contumelia
2640 5693 2689 5744 in
2776 5708 3017 5761 magnam
3105 5691 3430 5761 agendarum

250 5781 358 5830 dco
396 5773 694 5843 gratiarum
742 5776 1080 5832 occasionem
1123 5792 1251 5834 usus
1277 5790 1378 5834 est.
1417 5779 1484 5833 Ut
1513 5796 1635 5837 vero
1669 5785 2078 5851 consolationis,
2134 5796 2208 5840 tot
2283 5787 2672 5853 circumseptus
2744 5787 3023 5852 molestiis,
3105 5786 3271 5853 magis
3348 5798 3441 5837 ex-
