4270 6428
790 381 896 445 217

1998 376 2276 434 ΜΕΝὸΙὸ
2319 377 2728 441 NOVEMBER

3891 379 4002 443 248

795 513 920 567 pers
962 499 1128 559 esset,
1178 506 1246 547 ne
1295 488 1630 546 Platonicum
1688 488 1907 560 quidem
1952 484 2239 540 diaconum
2291 488 2341 539 in
2382 489 2630 545 custodia
2699 508 2822 547 cum
2866 492 2984 561 ipso
3032 507 3151 548 esse
3205 493 3638 561 permisserunt:
3697 492 3791 548 sed
3870 493 4006 550 alibi

791 587 1034 659 quodam
1065 587 1120 641 in
1149 586 1271 640 loco
1303 584 1576 654 captivum
1607 583 1759 638 illum
1799 580 2068 636 detinent.

862 684 1050 739 XLIV.
1093 683 1304 737 Interea
1355 680 1487 736 dum
1542 680 1627 733 vir
1675 679 1866 734 beatus
1930 675 2144 730 vincula
2185 685 2339 744 palz-
2372 681 2415 736 Α
2518 681 2548 732 h-

2322 705 2339 715 -
2372 681 2415 736 Α
2518 677 2644 732 ΜΔΖ
2675 679 2780 732 Τοῦ
2828 679 3099 750 μακαρίον
3122 682 3296 733 τοξνυν
3317 681 3376 733 ιν
3429 680 3496 748 τῇ
3525 677 3738 746 φυλακῇ
3781 677 4008 746 διακαρ-

795 786 969 838 retur,
1021 774 1408 844 precibusque,
1470 783 1532 826 ut
1585 771 1662 825 illi
1718 769 1884 824 moris
1947 777 2086 831 erat,
2147 767 2344 821 mediis

798 866 1050 921 noctibus
1096 865 1406 935 invigilans,
1473 863 1790 926 excubaret,
1833 862 1923 914 lux
1973 876 2098 926 eum
2156 861 2346 930 ingens

802 958 1205 1012 circumfulsit:
1239 966 1294 1011 et
1331 972 1459 1011 ecce
1511 955 1585 1009 ibi
1616 955 1716 1007 viri
1766 954 1894 1015 duo,
1950 953 2120 1007 forma
2165 952 2344 1006 cultu-

795 1065 902 1114 que
943 1048 1185 1116 corporis
1211 1047 1483 1116 apostolos
1509 1045 1824 1104 referentes.
1871 1042 2154 1104 assistunt,
2190 1057 2343 1096 eum-

798 1154 903 1202 que
957 1140 1040 1193 his
1094 1140 1279 1194 verbis
1320 1138 1597 1193 aﬂ'antur:
1649 1138 1806 1193 Salve
1850 1135 2053 1191 Christi
2106 1135 2342 1196 famule,

802 1230 1066 1298 nobisque
1119 1229 1314 1282 dilecte
1367 1215 1626 1299 Gregori;
1686 1229 1947 1283 Dominus
2005 1226 2209 1280 idcirco
2247 1239 2347 1279 nos

801 1322 963 1382 misit,
990 1333 1047 1374 ut
1065 1330 1116 1374 te
1141 1321 1394 1385 vinculis,
1420 1321 1620 1390 quibus
1638 1322 1833 1391 injuste
1853 1319 2091 1387 illigatus
2118 1333 2178 1373 es
2204 1358 2218 1379 ,
2241 1318 2346 1371 sol-

803 1426 1067 1474 veremus,
1116 1426 1181 1465 ac
1237 1427 1336 1466 nos
1385 1411 1604 1480 quidem
1637 1411 1707 1464 ob
1744 1409 2099 1466 constantiam
2151 1423 2213 1462 ac
2257 1423 2348 1476 pa-

802 1505 1044 1558 tientiam
1083 1512 1228 1557 tuam
1268 1502 1395 1566 huc,
1432 1511 1482 1556 te
1517 1510 1574 1554 ut
1618 1501 1800 1554 laetum
1833 1500 2206 1561 redderemus,
2253 1513 2346 1550 ac-

798 1599 1076 1650 cessimus.
1108 1594 1334 1662 Oportet
1368 1595 1515 1647 enim
1545 1603 1599 1646 et
1629 1593 1767 1646 hanc
1803 1592 1992 1645 urbem
2036 1589 2223 1644 multis
2253 1589 2349 1642 ahs

800 1697 852 1738 te
886 1687 1054 1754 signis
1090 1683 1254 1739 editis
1308 1685 1434 1738 frui.
1481 1683 1604 1738 Haec
1645 1683 1805 1738 simul
1845 1697 1908 1736 ac
1968 1681 2133 1736 locuti
2190 1688 2343 1739 sunt,

805 1781 1017 1833 vincula
1051 1778 1366 1846 tetigerunt,
1411 1790 1531 1845 quae
1557 1775 1624 1830 ab
1652 1776 1772 1844 ejus
1816 1772 2069 1828 manibus
2097 1771 2349 1841 pedibus-

803 1885 909 1936 que
951 1878 1174 1936 repente
1229 1866 1576 1930 ceciderunt;
1625 1881 1747 1920 mox
1797 1864 2114 1934 Gregorium
2166 1876 2322 1916 assur

805 1971 1036 2028 gentem,
1091 1968 1543 2027 trementemque,
1606 1971 1818 2010 necnon
1864 1957 2064 2024 gratias
2101 1963 2346 2022 agentem

806 2048 1095 2116 complexi,
1145 2047 1410 2102 abeuntes
1464 2063 1530 2101 ex
1585 2046 1759 2100 oculis
1807 2046 1925 2116 ejus
1983 2045 2148 2113 elapsi
2202 2051 2347 2097 sunt.

808 2139 1013 2195 Deinde
1042 2138 1108 2192 ad
1137 2138 1471 2192 Platonicum
1525 2137 1865 2198 accedentes,
1917 2151 1979 2190 ac
2033 2135 2206 2204 ipsum
2246 2135 2350 2188 sol-

809 2243 1020 2291 ventes.
1051 2247 1118 2286 eo
1148 2231 1239 2284 ubi
1286 2229 1579 2300 Gregorius
1627 2237 1770 2290 erat,
1830 2225 2196 2288 deduxerunt,
2247 2226 2354 2278 ibi-

811 2339 918 2393 que
949 2323 1104 2378 illum
1150 2321 1442 2391 reliquere.
1499 2320 1602 2386 Qui
1656 2333 1763 2372 non
1804 2317 1983 2379 aliter,
2040 2331 2102 2372 ac
2151 2315 2194 2370 si
2243 2317 2356 2369 hac

813 2417 928 2482 ipsa
959 2430 1054 2483 per
1082 2414 1322 2483 quietem
1355 2412 1598 2474 vidisset,
1651 2417 1935 2480 postquam
1980 2408 2047 2462 ad
2080 2423 2137 2462 se
2174 2406 2355 2469 rediit,

811 2505 1130 2575 Gregorium
1159 2503 1410 2565 intuitus,
1442 2501 1800 2554 admiratione
1832 2515 1893 2553 ac
1911 2498 2106 2568 gaudio
2132 2497 2360 2552 allectus

812 2609 915 2661 est,
950 2611 1186 2665 moxque
1214 2595 1266 2649 in
1300 2593 1524 2664 agendis
1555 2593 1665 2647 Deo
1688 2592 1875 2660 gratiis
1913 2599 2060 2644 totus
2116 2599 2199 2643 est
2227 2604 2359 2642 con-

816 2701 1026 2744 versus.
1051 2687 1315 2740 Praeterea
1346 2685 1446 2739 hac
1472 2686 1583 2754 ipsa
1617 2684 1748 2737 hora
1783 2682 1929 2736 aliud
1953 2681 2200 2751 contigit.
2228 2680 2358 2734 Nam

815 2791 1002 2836 custos
1052 2777 1286 2833 carceris
1340 2777 1506 2830 tilium
1571 2771 1776 2844 jamdiu
1848 2772 2062 2840 impuro
2125 2771 2359 2825 amatum

818 2873 1015 2943 spiritu
1048 2870 1261 2933 habuit,
1289 2882 1450 2936 quem
1479 2865 1744 2921 columnae
1777 2863 2054 2931 illigatum,
2111 2878 2277 2932 prope
2333 2877 2360 2914 a

821 2962 936 3016 suis
951 2961 1157 3015 aedibus
1186 2955 1526 3012 observabat.
1545 2955 1678 3007 'l'um
1705 2967 1834 3006 vero
1859 2954 2087 3014 daemon,
2112 2966 2220 3019 quo
2241 2961 2360 3005 erat

819 3060 1117 3120 correptus,
1135 3050 1317 3104 fraetis
1339 3047 1565 3111 vinculis
1583 3060 1809 3114 puerum
1833 3044 2156 3112 impotenter
2175 3043 2361 3111 impel-

820 3145 935 3199 lens
960 3143 1060 3195 viri
1091 3141 1261 3195 sancti
1291 3140 1520 3209 pedibus
1553 3136 1723 3198 illisit,
1754 3143 1915 3203 atque
1951 3135 2099 3187 illum
2130 3152 2158 3185 ιι
2192 3134 2335 3200 preci

820 3236 920 3291 bus
949 3231 1281 3294 exturbavit,
1307 3231 1654 3296 clamansque
1676 3241 1738 3280 ac
1778 3242 1835 3281 se
1867 3227 2139 3287 volutans,
2171 3239 2236 3278 ex
2270 3239 2364 3277 ore

2445 770 2743 839 τεροῦντος.
2792 771 2887 824 καὶ
2912 773 2977 840 τῇ
3007 773 3162 841 εὐχῇ,
3195 771 3270 832 ὡς
3329 765 4003 834 εθος,,ὲπαγρυπνοῦντο;,

2446 861 2570 927 περὶ
2598 860 2766 927 μέσας
2795 861 2994 924 νύκτας
3037 862 3220 930 σχεδὸν
3254 859 3368 929 φῶς
3399 877 3458 912 τε
3492 859 3630 926 μέγα
3664 856 4003 924 περιλάμπει

2444 949 2735 1012 automata!
2778 953 2885 1004 ἰδοὺ
2939 951 3032 1005 δύο
3054 953 3244 1020 ἄνδρες
3278 953 3336 1004 ἐν
3381 951 3620 1019 σχήματι
3656 946 4006 1012 ἀποστολικῷ

2444 1045 2780 1108 ἐπιστάντες,
2849 1046 3070 1114 Χαίροις
3109 1087 3123 1108 ,
3183 1044 3333 1114 αύτῷ
3376 1044 3629 1110 λέγουσι,
3689 1040 3837 1093 δοῦλε
3908 1037 4007 1090 τοῦ

2445 1134 2679 1202 Χριστοῦ
2723 1135 2814 1186 καὶ
2875 1135 3008 1204 ἡμῖν
3062 1134 3388 1203 ὴγαπημινε
3411 1132 3698 1202 Γρηγόριε,
3735 1132 3763 1181 ό
3797 1128 4007 1198 Κύριος

2444 1224 2784 1278 ἀπέσταλκεν
2831 1225 2978 1294 ἡμᾶς
3009 1225 3169 1277 λῦσαί
3204 1240 3263 1276 σε
3287 1223 3397 1276 τῶν
3422 1222 3636 1290 δεσμῶν
3665 1218 3745 1282 οἷς
3802 1218 4007 1278 ἀδίκως

2445 1315 2735 1376 sesami,
2769 1316 2864 1368 uel
2915 1317 3076 1385 ἡμεῖς
3126 1315 3184 1368 δὲ
3215 1313 3606 1382 ἀποδεχόμενοί
3631 1328 3689 1363 σε
3723 1311 3822 1377 τῆς
3862 1325 4005 1376 καρ-

2445 1407 2629 1478 τερίας
2673 1407 2767 1460 καὶ
2805 1406 2903 1474 τῆς
2949 1405 3230 1474 ὑπομονῆς
3283 1404 3568 1473 πάρεσμεν
3602 1398 4009 1468 συνευφρανθηο

2448 1500 2661 1569 σόμενοί
2691 1516 2792 1551 σοι.
2842 1499 2933 1550 Δεῖ
2958 1497 3014 1550 δι
3063 1495 3157 1549 καὶ
3208 1495 3306 1565 τὴν
3352 1496 3506 1548 πόλιν
3557 1492 3761 1560 ταύτην
3788 1489 4008 1543 πολλῶν

2445 1591 2553 1645 τῶν
2597 1590 2700 1643 ὑπὸ
2729 1588 2824 1642 σοῦ
2877 1587 3359 1655 τελεσοησομίνων
3401 1580 3707 1638 ἀπολαῦσαι
3736 1581 4006 1650 σημείων.

2447 1681 2631 1736 Ταῦτα
2657 1680 2861 1746 ελεγον,
2892 1677 2987 1730 καὶ
3027 1676 3141 1745 ἅμα
3167 1674 3274 1726 τῶν
3305 1671 3519 1743 δεσμῶν
3549 1672 3806 1740 ἥπτοντο.
3840 1669 3905 1721 Ol
3943 1667 4005 1720 δὲ

2448 1772 2607 1836 εὐθὺς
2633 1772 2741 1824 τῶν
2760 1787 2816 1822 τε
2866 1769 3064 1838 χειρῶν
3115 1765 3277 1820 αὐτοῦ
3337 1766 3428 1817 καὶ
3482 1762 3660 1816 ποδῶν
3695 1761 4011 1824 ἐξέπιπτον,

2450 1865 2542 1917 καὶ
2612 1861 2917 1916 ἀναστάντα
2959 1859 3119 1913 πάλιν
3169 1857 3259 1909 τὸν
3288 1855 3584 1926 Γρηγόριον
3626 1851 4014 1918 ἀσπασάμενοι

2451 1952 2720 2024 τρέμοντα
2796 1968 2854 2005 τε
2903 1950 2998 2002 καὶ
3067 1949 3227 2018 χάριν
3307 1945 3674 2013 ὁμολογοῦντα
3753 1942 4015 2000 ἀπιόντες

2453 2045 2672 2116 ᾤχοντο,
2705 2039 2824 2095 εἶτα
2883 2040 2980 2094 καὶ
3033 2039 3127 2092 επὶ
3159 2040 3248 2091 τὸν
3296 2036 3638 2091 Πλατωνικὸν
3660 2035 4012 2102 ἀφικόμενοι,

2452 2133 2711 2196 λύσαντίς
2744 2149 2800 2185 τε
2835 2132 3104 2189 κάκεῖνον,
3131 2131 3224 2182 καὶ
3267 2129 3460 2199 μέχρις
3482 2122 3543 2181 οῦ
3576 2123 3644 2197 ἦν
3675 2127 4008 2196 Γρηγόριος,

2455 2227 2837 2297 όδηγήσαντες,
2896 2223 2990 2274 καὶ
3040 2221 3200 2274 αὐτὸν
3231 2220 3630 2288 ἀπελίμπανον.
3668 2219 3727 2271 '0
3761 2219 3818 2270 δὲ
3857 2218 3934 2278 ὡς
3958 2218 4017 2266 ὲν

2459 2319 2611 2387 ὕπνῳ
2660 2314 2833 2369 ταῦτα
2888 2314 3052 2382 δρῶν,
3087 2311 3389 2381 ιπειδήπερ
3434 2313 3491 2363 ἐν
3522 2308 3718 2364 ἑαυτοῦ
3742 2308 4017 2375 ἐγεγόνει,

2458 2409 2556 2464 καὶ
2583 2408 2673 2461 τὸν
2706 2404 3002 2476 Γρηγόριον
3049 2403 3312 2456 ἐθεάσατο
3350 2400 3664 2471 ἐκπλήξεώς
3712 2416 3770 2451 τε
3795 2398 3890 2450 καὶ
3918 2414 4018 2464 χα-

2463 2501 2560 2570 ρᾶς
2607 2501 2927 2568 ἐπληροῦτο,
2982 2499 3076 2549 καὶ
3117 2494 3254 2564 πρὸς
3272 2492 3370 2562 τὴν
3391 2495 3470 2554 είς
3503 2491 3637 2543 Θεὸν
3662 2488 4019 2558 εὐχαριστίαν

2458 2593 2732 2661 ἐτρέπετο.
2786 2591 2924 2660 Πρὸς
2947 2591 3153 2650 τούτοις
3181 2587 3238 2639 δὲ
3261 2587 3351 2637 καὶ
3384 2583 3567 2652 ἔτερόν
3597 2600 3648 2633 τι
3687 2581 3805 2633 κατ’
3838 2577 4013 2645 αὐτὴν

2461 2682 2694 2734 ὲτελεῐτο
2732 2681 2828 2750 τὴν
2870 2679 3017 2748 ῶραν
3040 2693 3052 2705 ·
3078 2679 3105 2729 ό
3155 2675 3262 2744 γὰρ
3282 2673 3345 2741 δὴ
3397 2669 3740 2740 δεσμοφύλαξ
3769 2664 3881 2737 εἶχε
3916 2668 4019 2734 μὲν

2462 2772 2575 2824 υἱον
2603 2768 2823 2840 πονηρῷ
2856 2767 3124 2836 πνεύματι
3145 2766 3372 2832 κάτοχον
3395 2763 3618 2832 χρόνους
3647 2760 3746 2828 ἠδη
3767 2759 4019 2826 συχνοὺς.

2462 2865 2520 2914 δν
2548 2862 2640 2914 καὶ
2672 2861 2806 2912 κίονι
2860 2859 3153 2928 περιδήσας
3203 2857 3306 2924 πρὸ
3345 2854 3445 2922 τῆς
3470 2852 3644 2912 οἰκίας
3670 2851 3866 2918 ιτήρη,
3896 2849 4020 2899 τότε

2461 2954 2517 3007 δὲ
2544 2955 2609 3005 τὶ
2635 2950 2806 3019 δεσμὰ
2828 2948 3122 3020 διαρρήξας
3144 2949 3172 2999 ό
3209 2946 3419 3012 δαίμων
3449 2944 3542 2994 καὶ
3576 2939 3827 3009 ἀκρατῶς
3859 2938 4024 2990 ἐλαύ-

2463 3063 2567 3098 νων
2611 3043 2700 3097 τὸν
2731 3042 2896 3095 παῖδα
2929 3040 3034 3110 πρὸ
3067 3039 3174 3092 τῶν
3222 3037 3399 3089 ποδῶν
3429 3033 3688 3088 κατέϐαλε
3711 3030 3804 3083 τοῦ
3832 3029 4022 3096 ἁγίου.

2463 3137 2519 3195 ὃς
2545 3132 2694 3202 αύτῷ
2739 3133 2830 3184 καὶ
2876 3132 2973 3200 τὴν
3019 3130 3182 3197 εὐχὴν
3230 3127 3543 3192 διετάραττε
3571 3164 3584 3185 ,
3650 3122 3786 3191 βοῶν
3842 3136 3900 3170 τε
3929 3120 4027 3169 καὶ

2465 3222 2782 3287 κυλιόμενος
2813 3219 2903 3271 καὶ
2953 3217 3125 3284 ἁφρδν
3178 3213 3270 3266 τοῦ
3332 3215 3598 3280 στόματος
3655 3206 4018 3275 παραπτύων.

818 3339 1063 3397 spumam
1088 3322 1295 3391 agebat.
1328 3320 1422 3374 Ille
1452 3295 1580 3372 vero
1604 3332 1670 3370 ne
1697 3315 1776 3369 sic
1802 3315 2022 3384 quidem
2061 3313 2130 3366 ab
2162 3313 2368 3366 orando
2395 3342 2435 3396 ο
2484 3315 2504 3353 ἐ

2342 3327 2368 3365 ο
2395 3342 2435 3396 c
2484 3312 2545 3366 Ὀ
2583 3311 2637 3363 δὲ
2673 3309 2806 3379 μηδὲ
2835 3307 2975 3360 οὕτω
3007 3305 3103 3372 τῆς
3136 3304 3298 3371 εὐχῆς
3323 3301 3581 3363 ἀποστὰς,
3625 3301 3761 3365 ἄρας
3802 3296 3860 3348 δὲ
3890 3295 4028 3362 μί).-

821 3433 1060 3484 oessans,
1081 3415 1209 3485 quin
1233 3412 1409 3482 potius
1424 3409 1612 3463 oculos
1625 3423 1687 3461 ac
1712 3414 1943 3460 mentem
1966 3405 2018 3457 in
2049 3403 2243 3458 omium
2268 3405 2362 3455 Iol-

823 3514 964 3574 lens,
994 3509 1113 3578 ejus
1142 3505 1235 3574 qui
1290 3504 1580 3572 spirituum
1633 3498 1895 3568 legionem
1956 3495 2238 3563 proﬂigare
2273 3509 2369 3561 po-

827 3601 954 3660 tuit.
1011 3597 1272 3652 auxilium
1337 3589 1680 3661 implorabat.
1730 3585 1936 3641 Deinde
1997 3600 2157 3639 manu
2206 3599 2369 3652 super

824 3708 963 3762 ωας-ε
986 3689 1240 3744 aﬂ’eetum
1271 3684 1545 3755 imposita,
1576 3682 1655 3736 uti
1701 3694 1931 3749 nequam
1985 3693 2197 3731 servum
2253 3676 2362 3730 Do-

830 3785 1012 3838 minus
1034 3783 1098 3844 ",
1119 3779 1419 3834 damonem
1454 3774 1742 3844 profugere
1772 3770 1969 3840 coegit.
2021 3769 2194 3836 Atque
2229 3768 2371 3820 hunc

830 3875 1047 3946 quidem
1079 3875 1132 3927 in
1159 3872 1304 3925 hunc
1319 3867 1536 3922 modum
1564 3881 1594 3920 a
1621 3864 1864 3918 damone
1892 3860 2163 3916 liberavit.

905 3964 1060 4022 XLV.
1095 3963 1160 4020 At
1191 3974 1322 4017 vero
1350 3969 1534 4015 custos
1563 3953 1795 4012 carceris
1830 3967 1953 4007 eum
2005 3964 2198 4005 somno
2230 3947 2375 4001 solu-

836 4071 924 4115 tns
955 4055 1301 4115 surrexisset,
1348 4063 1527 4120 neque
1567 4047 1738 4101 filium
1793 4044 2057 4098 columna
2115 4038 2374 4108 illigatum

835 4149 1078 4210 vidisset,
1111 4143 1429 4199 existimans
1457 4139 1602 4192 hunc
1635 4153 1662 4189 a
1707 4133 2002 4188 savissimo
2055 4129 2249 4199 spiritu
2298 4126 2381 4180 la—

838 4239 1058 4312 pidibus
1092 4235 1328 4295 allisum,
1389 4240 1482 4284 aut
1519 4228 1674 4298 aquis
1697 4224 2045 4294 prafocatum
2077 4234 2216 4282 esse,
2251 4215 2382 4270 flere

839 4306 1175 4387 amarissime
1221 4325 1407 4390 cepit,
1483 4319 1782 4384 faciemque
1851 4310 2178 4381 percutiens,
2229 4306 2381 4359 illum

842 4425 920 4478 uti
951 4427 1227 4477 mortuum
1254 4411 1648 4469 lamentabatur
1681 4423 1695 4460 ε
1723 4417 1997 4460 carcerem
2024 4411 2202 4454 autem
2225 4411 2379 4450 accu-

843 4514 1011 4570 ratius
1039 4511 1395 4581 perlustrans,
1441 4519 1505 4558 ac
1547 4502 1664 4570 ejus
1717 4508 1902 4567 patere
1938 4496 2153 4564 januas,
2204 4490 2382 4543 lucem

843 4614 1104 4676 praeterea
1160 4601 1330 4668 ipsam
1381 4607 1630 4654 cernens,
1671 4588 1896 4658 capillos
1952 4594 2064 4640 tum
2119 4582 2383 4644 lacerare,

844 4662 984 4765 eque
1014 4662 1196 4759 capite
1218 4684 1543 4743 convellere.
1571 4681 1762 4735 faciem
1792 4678 1921 4731 item
1955 4676 2227 4743 plangere,
2282 4683 2355 4739 pu
2414 4662 2463 4718 D
2491 4662 2682 4734 φαλῆς,

849 4797 970 4840 tsns
999 4782 1175 4836 virum
1208 4784 1452 4834 sanctum
1482 4769 1806 4841 profugisse.
1836 4767 2026 4820 Postea
2066 4776 2196 4816 vero
2222 4775 2382 4830 quam

851 4871 1192 4940 introspexit,
1215 4884 1278 4921 ac
1300 4866 1450 4920 illum
1477 4861 1608 4916 inibi
1651 4875 1755 4913 una
1794 4873 1916 4912 eum
1969 4855 2247 4911 Platonico
2295 4867 2388 4905 ca-

853 4975 1070 5020 nentem
1113 4959 1408 5014 consistere
1451 4970 1556 5009 nou
1610 4951 1811 5010 solum,
1865 4947 1957 5001 sed
2005 4946 2167 5000 etiam
2220 4946 2387 4998 filium

851 5052 974 5123 ejus
1001 5051 1197 5105 dcc0ro
1233 5061 1295 5100 ac
1347 5042 1596 5114 prudenti
1637 5050 1856 5108 aspectu
1899 5052 2064 5105 prope
2113 5037 2262 5090 illum
2299 5053 2390 5103 μυ-

854 5147 1018 5202 situm
1049 5139 1206 5204 vidit,
1231 5139 1352 5207 ejus
1395 5135 1635 5190 animum
1683 5139 1872 5198 stupor
1917 5128 2134 5188 invasit,
2188 5141 2250 5180 ac
2307 5142 2393 5179 vc.

861 5251 980 5290 rum
1036 5231 1371 5302 eonjectans,
1435 5225 1611 5278 virum
1662 5221 1866 5290 justum
1917 5215 2228 5271 admiranda
2282 5214 2395 5267 huic

858 5325 1118 5387 edidisse,
1139 5332 1456 5378 accurrcns,
1485 5316 1602 5385 ejus
1661 5311 1889 5382 pedibus
1935 5307 2274 5378 provolutus,
2321 5305 2396 5358 ei-

861 5419 984 5474 dem
1016 5425 1267 5482 tanquam
1303 5409 1369 5463 de
1400 5421 1460 5462 se
1497 5404 1700 5474 optime
1757 5400 1950 5455 merito
1980 5398 2176 5467 partim
2201 5395 2401 5464 gratias

863 5508 1074 5577 agebat,
1107 5501 1302 5572 partim
1326 5496 1537 5551 veniam
1563 5509 1661 5563 pro
1692 5493 1757 5547 iis
1783 5505 1902 5561 quae
1928 5494 2186 5559 gesserat,
2223 5485 2389 5553 impo-

865 5598 982 5653 sitis
1005 5595 1077 5650 illi
1137 5589 1368 5646 vinculis
1420 5584 1743 5657 postulabat.
1799 5579 2002 5636 Exinde
2065 5577 2232 5631 multo
2276 5591 2397 5627 eum

939 5759 979 5788 ¹⁹
1011 5757 1169 5808 Miro.
1203 5766 1255 5808 v,
1283 5749 1316 5798 ε
1354 5759 1506 5811 seqq.

2470 3407 2557 3457 λον
2591 3407 2667 3467 είς
2706 3402 2930 3472 οὐρανὸν
2975 3403 3066 3452 καὶ
3085 3398 3240 3466 ὄμμα
3269 3397 3360 3448 καὶ
3387 3393 3532 3458 νοῦν,
3560 3391 3652 3444 καὶ
3672 3390 3764 3442 τὸν
3792 3389 4029 3455 δυνάμε-

2471 3512 2558 3546 νον
2581 3493 2817 3558 λεγιῶνα
2865 3492 3185 3557 πνευμάτων
3239 3485 3494 3554 ὲπιτιμᾷν
3541 3482 4027 3546 επικαλεσὰμενος,

2475 3579 2593 3635 εἶτα
2647 3583 2738 3633 καὶ
2789 3581 2941 3649 χεῖρα
2989 3577 3065 3646 τῷ
3116 3577 3374 3644 πάσχοντι
3420 3572 3645 3634 ἔπιθεὶς,
3680 3571 3912 3638 πονηρὸν
3939 3563 4028 3619 οἷα

2473 3671 2653 3723 δοῦλον
2676 3668 2936 3736 δεσπότης
2957 3666 3228 3734 δραπέτην
3255 3664 3346 3714 τὸν
3371 3662 3598 3728 δαίμονα
3621 3656 4018 3720 ἀπειργάσατο,

2477 3760 2572 3814 καὶ
2619 3760 2803 3812 τοῦτον
2837 3759 2934 3827 μὲν
2961 3754 3132 3818 οὕτως
3165 3753 3256 3806 τοῦ
3289 3752 3539 3821 δαίμονος
3571 3746 3921 3801 ἀπαλλάττει.

2554 3939 2686 3992 ME’.
2729 3935 2788 3988 '0
2829 3935 2884 3988 δὲ
2923 3929 3261 4002 δεσμοφύλαξ
3308 3927 3400 3980 τοῦ
3438 3927 3604 3978 ῦπνου
3644 3921 3932 3979 διαναστὰς
3958 3922 4034 3980 ὡς

2479 4031 2571 4081 τδν
2595 4028 2706 4079 υίδν
2770 4025 2869 4076 ούκ
2913 4019 3019 4075 εἶδε
3075 4017 3460 4090 προδεδεμίνον
3489 4014 3744 4084 τῷκίονι,
3803 4011 4035 4080 νομίσας

2484 4121 2625 4173 κατᾶ
2681 4115 2948 4187 πετρῶνῆ
2978 4112 3096 4164 καθ’
3161 4110 3349 4170 ὓδατος
3408 4107 3511 4158 ὑπὸ
3537 4106 3626 4158 τοῦ
3660 4101 3889 4173 μανικοῦ
3917 4101 4035 4153 δαί·

2486 4224 2642 4280 μονος
2704 4203 3037 4274 ἁπερῥίφθαι
3078 4198 3282 4261 τοῦτον,
3329 4194 3628 4247 ἁνέκλαυσε
3659 4208 3716 4242 τε
3770 4190 3892 4241 λίαν
3947 4205 4037 4239 ττι·

2486 4301 2638 4371 κρὸν,
2697 4295 2886 4350 καὶτὸ
2914 4293 3200 4363 πρόσωπον
3254 4288 3428 4354 τύψας
3480 4285 3555 4348 ὡς
3603 4283 3703 4353 ἠδη
3741 4280 4036 4347 τεθνηκότα

2485 4369 2718 4460 ἐθρήνει,
2751 4382 3210 4453 περιϐλεψάμενος
3253 4379 3308 4430 δὲ
3357 4377 3448 4427 καὶ
3499 4376 3597 4444 τὴν
3630 4370 3871 4441 φυλακὴν
3913 4369 4037 4420 ἰδὼν

2485 4483 2565 4535 ὅτι
2590 4497 2645 4532 τε
2692 4476 2915 4544 κάκείνη
2962 4474 3061 4534 τὰς
3089 4472 3254 4540 Θύρας
3297 4468 3554 4537 ἡνέῳκτο,
3600 4467 3691 4516 καὶ
3729 4463 3844 4532 φῶς
3868 4461 4040 4529 αὑτὴν

2491 4570 2878 4642 περιηύγαζεν.
2920 4565 3158 4630 Ἤρξατο
3206 4547 3402 4612 τίλλειν
3474 4557 3571 4616 τὰς
3600 4553 3785 4622 τρίχας
3814 4554 3912 4619 τῆς
3949 4568 4042 4602 κε-

2734 4659 2828 4712 καὶ
2859 4657 2919 4709 τὸ
2951 4653 3238 4723 πρόςωπον
3284 4648 3438 4707 αῦοις
3481 4645 3722 4707 τύπτειν,
3766 4645 4042 4708 ἐκπεφευ-

2495 4733 2648 4826 γέναι
2669 4751 2823 4816 δόξας
2854 4747 2944 4801 τὸν
2982 4745 3152 4810 ἅγιον.
3189 4742 3280 4802 Ὠς
3305 4740 3359 4791 ὁὶ
3393 4735 3705 4804 παρέκυψεν
3759 4733 3890 4785 εῐσω
3946 4733 4043 4781 καὶ

2494 4847 2600 4902 εἶδε
2650 4845 2832 4898 τοῦτον
2879 4837 3086 4891 ἑστῶτα
3118 4833 3212 4886 καὶ
3258 4831 3470 4900 ᾅδοντα,
3522 4828 3615 4878 καὶ
3669 4823 3758 4874 τὶν
3816 4821 4040 4872 Πλατω-

2495 4935 2641 4989 νικὸν
2696 4931 2792 4983 σὺν
2851 4923 3016 4992 αὐτῷ,
3047 4922 3106 4974 ού
3132 4921 3237 4988 μὴν
3287 4916 3419 4969 ἁ).λὰ
3481 4914 3574 4965 καὶ
3625 4912 3713 4962 τὸν
3751 4910 3866 4960 υίὸν
3890 4905 4043 4973 αύτῷ

2495 5020 2886 5090 καθεστηκότα,
2919 5016 3009 5068 καὶ
3038 5016 3094 5064 ἰν
3126 5007 3304 5076 σεμνῷ
3328 5007 3417 5059 καὶ
3441 5003 3673 5070 otii-999v:
3693 4999 3771 5066 τῷ
3799 4997 4044 5065 σχήματι

2496 5113 2915 5185 παρστάμινον,
2944 5103 3182 5171 θὰμῦούς
3214 5097 3550 5166 ἐμπίπλαται
3581 5093 3674 5159 τὴν
3699 5089 3892 5158 ψυχὴν,
3949 5089 4045 5138 καὶ

2496 5209 2556 5262 τὸ
2579 5178 2776 5271 dia-ﬁt;
2825 5197 3048 5257 εἰκάσας
3098 5186 3514 5258 θαυματουργδδν
3547 5180 3684 5234 εἶναι
3715 5180 3804 5232 τὸν
3835 5178 4045 5230 δίκαιον

2495 5295 2716 5367 δραμὼν
2744 5289 3068 5361 προσπίπτει
3093 5285 3203 5342 τοῖς
3231 5279 3419 5331 τούτου
3447 5275 3595 5336 ποσὶ,
3620 5271 3775 5324 τοῦτο
3808 5269 3904 5336 μὲν
3950 5266 4048 5333 ἐφ’

2500 5355 2580 5448 oi;
2603 5355 2892 5438 λπεπόνθει
2938 5371 3291 5442 εὐχαριστῶν,
3338 5365 3494 5417 τοῦτο
3546 5364 3601 5416 δὲ
3628 5363 3710 5427 ἐρ’
3739 5355 3819 5420 οἷς
3852 5357 4044 5425 ἔδρασε

2504 5474 2678 5542 δεσμὰ
2731 5468 2969 5540 περιθεὶς
3025 5460 3349 5526 συγγνώμην
3403 5455 3590 5516 αἰτῶν,
3629 5452 3717 5504 καὶ
3741 5449 3799 5511 ἐξ
3831 5448 4044 5499 ἐκείνου

2479 5566 2725 5638 ,φόὸῳτε
2765 5556 2939 5625 tunc?)
2975 5562 3062 5604 τδιν
3091 5551 3239 5616 ἔκιον
3271 5547 3523 5615 διηκόνει,
3562 5542 3651 5593 καὶ
3683 5539 3842 5590 παντὶ
3861 5535 4048 5604 τρόπῳ
