4270 6428
848 369 950 439 251

2052 385 2335 451 MENSIS
2372 392 2801 456 NOVEMBER.

3937 393 4049 457 252

855 495 917 540 ut
946 483 1218 544 delatores
1259 485 1403 559 ipsos
1426 507 1549 546 cum
1589 495 2196 563 mandatis‘remitteret,
2220 500 2409 553 simul-
2435 505 2482 565 Α
2514 519 2541 554 κ

2372 501 2409 553 l-
2435 505 2482 565 Α
2514 503 2854 572 κατηγόρους
2887 503 3282 572 συναγαγόντα,
3316 505 3410 559 καὶ
3456 505 3556 575 τὴν
3595 504 3894 576 λεγομένην
3914 521 4058 574 συμ-

850 593 960 648 quc
1021 580 1347 646 mulierem,
1410 585 1565 653 cujus
1615 586 1787 654 stupri
1836 588 2286 650 insimulabatur,
2341 606 2405 647 ac

851 677 978 726 eum
1002 686 1162 738 quem
1195 672 1248 725 in
1278 673 1396 741 ejus
1421 673 1601 729 locum
1629 677 1962 732 sacerdotem
1985 679 2400 746 substituerant,

851 776 1064 818 nemon
1097 762 1442 820 mandatores
1472 779 1664 821 omnes
1716 767 2033 838 Byzantium
2057 769 2406 827 deducendos

853 863 1069 912 curaret
1098 871 1270 926 caque
1287 856 1742 926 quemadmodum
1797 873 1919 913 sese
1961 857 2252 924 habebant,
2287 877 2407 931 quae

857 958 1045 1002 contra
1099 962 1375 1016 quemque
1441 947 1669 1003 dicenda
1725 959 1932 1015 essent,
2004 952 2405 1019 praescriberet.

855 1036 982 1092 llaec
1013 1053 1134 1091 cum
1168 1039 1408 1106 pontifex
1435 1054 1582 1092 max.
1602 1039 1753 1093 utilia
1780 1041 1932 1111 juxta
1957 1057 2020 1096 ac
2045 1051 2406 1096 consentanea

857 1129 1040 1182 omnia
1077 1130 1548 1194 censuisset,hinc
1583 1132 1772 1197 mittit,
1806 1142 1918 1186 tum
1951 1133 2042 1200 qui
2083 1134 2351 1190 delatores
2375 1151 2407 1190 e

859 1217 1042 1273 Sicilia
1098 1220 1412 1288 profectos,
1476 1221 1541 1274 ad
1590 1225 1941 1290 quaestionem
2023 1239 2084 1279 ac
2142 1226 2406 1295 judicium

859 1308 1227 1372 abducerent,
1279 1319 1393 1362 tum
1446 1313 1536 1380 qui
1561 1313 1772 1368 litteras
1829 1315 2150 1383 patriarcha:
2199 1317 2410 1386 ipsique

858 1400 970 1469 regi
1028 1401 1522 1472 Constantinopolis
1565 1404 1844 1462 afferrent.
1928 1407 1990 1462 lli
2061 1417 2242 1463 autem
2301 1409 2409 1463 duo

859 1501 1017 1544 erant
1062 1493 1326 1560 episcopi,
1375 1493 1466 1560 qui
1498 1502 1654 1550 antea
1693 1498 1901 1567 synodo
1937 1500 2099 1553 etiam
2151 1499 2411 1554 interfue-

862 1589 1004 1636 rant.
1047 1582 1216 1636 Porro
1247 1599 1340 1637 rex
1398 1585 1636 1654 itemque
1683 1590 2012 1655 patriarcha,
2066 1591 2304 1659 acceptis
2349 1606 2412 1646 ac

860 1671 1115 1738 perlectis
1151 1674 1414 1742 ejusmodi
1438 1675 1656 1739 litteris,
1685 1675 1879 1731 falsum
1904 1689 1960 1733 et
1982 1679 2203 1734 omnino
2235 1680 2411 1736 incre-

863 1761 1029 1814 dibile
1053 1762 1280 1827 crimen,
1315 1766 1475 1834 cujus
1491 1764 1785 1832 Gregorius
1833 1769 2175 1824 insimulatus
2215 1769 2409 1835 fuerat,

861 1852 1265 1919 jndicaverunt.
1317 1853 1580 1920 Quocirca
1640 1871 1730 1911 rex
1783 1860 2069 1927 quemdam
2123 1861 2193 1915 ab
2263 1861 2412 1930 regio
2447 1827 2484 1882 Β

862 1943 1279 1996 armamentario
1343 1959 1568 2012 persauc
1646 1947 1996 2014 familiarem,
2077 1948 2403 2004 Marcianum

865 2033 1104 2096 nomine,
1143 2048 1245 2086 una
1282 2049 1406 2088 cum
1448 2037 1724 2105 episcopis
1760 2038 1982 2093 Romam
2034 2041 2264 2095 remisit.
2311 2041 2411 2095 Pa-

868 2123 1106 2178 triarcha
1138 2126 1324 2180 itidem
1348 2128 1594 2198 Ancyrae.
1637 2129 1815 2198 Cyzlci
1867 2146 1931 2185 ac
1975 2131 2222 2187 Corinthi
2274 2148 2411 2202 prae-

865 2213 1033 2274 sules,
1069 2214 1269 2282 quibus
1319 2217 1552 2271 accessit
1579 2218 1988 2283 Constantinus,
2036 2235 2196 2289 quem
2248 2221 2414 2290 pleri-

867 2319 975 2371 que
1017 2319 1045 2357 a
1091 2305 1289 2360 libellis
1321 2309 1680 2376 appellabant,
1713 2312 1867 2381 cujus
1906 2310 2108 2365 mentio
2162 2311 2412 2380 superius

867 2405 952 2450 est
988 2395 1146 2460 facta,
1191 2398 1349 2452 simul
1391 2399 1725 2454 destinavit:
1785 2401 2123 2466 mandantcs,
2158 2411 2219 2456 ut
2250 2402 2306 2456 hi
2347 2401 2412 2455 ad

871 2486 1030 2540 latam
1066 2502 1234 2556 usque
1261 2492 1606 2555 sententiam,
1651 2492 2114 2563 quaestionemque
2169 2494 2418 2563 persolu-

872 2586 1003 2640 iam,
1035 2579 1353 2647 Gregorium
1379 2595 1560 2636 secum
1585 2582 1868 2638 baberent.

939 2671 1143 2723 XLVII.
1182 2671 1219 2724 li
1252 2687 1373 2726 cum
1411 2674 1634 2727 Romam
1667 2676 1952 2740 adiissent,
2012 2678 2238 2748 contigit
2281 2679 2420 2734 Mar-

2505 592 2782 662 φθαρῆναι
2832 597 3091 660 γυναῖκα,
3117 596 3178 649 οὐ
3216 597 3324 665 μὴν
3348 596 3483 650 ἀλλά
3529 597 3622 650 καὶ
3659 597 3718 651 δν
3747 595 3860 649 ἀντ’
3894 591 4063 649 αὑτοό

2503 683 2893 752 προϐάλλονται
2944 685 3111 754 ίερέα,
3149 686 3430 748 αὐτούςτε
3482 687 3686 749 πάντας
3732 688 3791 749 ές
3810 685 3908 755 τὴν
3956 685 4063 737 Βύ-

2504 775 2694 839 ζαντος
2724 775 2984 841 πέμπειν,
3060 778 3157 830 καὶ
3188 776 3262 833 τά
3293 775 3412 830 κατ’
3436 778 3633 838 αὐτοὺς
3659 775 3846 847 ὥσπερ
3875 775 4061 845 έχουσι

2503 865 2642 919 κατά
2673 865 2836 936 μέρος
2859 867 3108 937 γράφειν.
3147 869 3214 921 ’Δ
3255 868 3320 936 δὴ
3358 869 3452 921 καὶ
3476 869 3824 937 συμφέροντα
3867 869 4064 938 κρίνας

2501 955 2803 1019 δπάππας,
2853 955 3006 1009 ένθεν
3061 956 3161 1026 μὲν
3233 957 3438 1010 στέλλει
3488 958 3611 1019 τοὺς
3643 957 3753 1010 ἀπὸ
3783 956 4057 1018 Σικελίας,

2503 1047 2632 1108 τοὺς
2655 1046 2993 1116 κατηγόρους
3019 1045 3350 1113 ἀπάξοντας,
3405 1047 3612 1100 ἐκεῖθεν
3641 1049 3697 1100 δέ
3726 1049 3851 1110 τοὺς
3879 1047 4064 1117 γράμ-

2510 1153 2651 1206 ματα
2675 1137 2811 1206 πρὸς
2837 1136 2930 1190 τὸν
2985 1138 3244 1208 ἀρχιερέα
3288 1138 3912 1200 Κωνσταντινουπόλεως
3965 1137 4064 1191 καὶ

2504 1227 2672 1281 αὐτὸν
2698 1227 2919 1297 βασιλέα
2959 1228 3299 1299 νομίσαντας.
3371 1222 3533 1282 Οὕτοι
3565 1229 3622 1281 δέ
3654 1229 3760 1298 ἀρα
3789 1223 3928 1297 ἦσαν
3952 1229 4064 1280 τῶν

2508 1319 2817 1372 ἐπισκόπων
2866 1320 2915 1372 oi
2962 1319 3076 1385 δύο,
3110 1321 3302 1379 οἵτινες
3333 1321 3716 1390 καὶπρότερον
3746 1321 3804 1371 ἐν
3843 1321 3909 1389 τῇ
3938 1336 4068 1371 συνο

2506 1409 2608 1478 όδῳ
2640 1411 3074 1480 παραγεγονότας
3101 1411 3365 1481 ὑπῆρχον.
3416 1411 3475 1464 '0
3502 1411 3558 1464 δὲ
3608 1410 3857 1479 βασιλεὺς
3893 1412 3988 1462 καὶ
4038 1411 4068 1462 ό

2508 1499 2871 1569 πατριάρχης,
2893 1503 2964 1554 τά
3016 1500 3240 1554 τοιαῦτα
3297 1502 3576 1570 δεξάμενοι
3623 1501 3925 1571 γράμματα
3971 1501 4067 1553 καὶ

2510 1590 2852 1653 ἀναγνόντες,
2912 1592 3116 1644 ἄπιστα
3142 1591 3321 1644 πάντα
3345 1593 3414 1644 τά
3449 1592 3589 1645 κατά
3625 1593 3714 1645 τὸν
3764 1592 4067 1660 Γρηγόρ.ον

2512 1680 2804 1746 ἡγήσαντο.
2841 1681 3029 1748 Ὅμως
3061 1683 3088 1732 δ
3145 1683 3242 1749 μέν
3297 1681 3549 1750 βασιλεὺς
3577 1683 3782 1735 στέλλει
3805 1681 3924 1733 τινά
3959 1682 4068 1732 τῶν

2511 1768 2824 1822 οίκιοτάτων
2852 1770 3151 1839 σπαθάριον
3182 1771 3496 1840 Μαρκιανδν
3527 1769 3671 1823 οὕτω
3701 1771 4061 1836 καλούμενον,

2513 1856 2716 1907 στέλλει
2743 1855 2798 1908 δὶ
2823 1855 3007 1908 τοῦτον
3064 1855 3278 1927 σύναμα
3326 1861 3436 1918 τοῖς
3481 1859 3819 1918 ἐπισκόποις.
3849 1856 4070 1909 Στέὶλει

2512 1945 2566 1999 δὲ
2593 1947 2686 1999 καὶ
2712 1950 2739 1999 ὸ
2766 1947 3105 2017 πατριάρχης
3165 1949 3256 2001 τόν
3280 1966 3338 2001 τε
3379 1949 3649 2016 Ἀγκύρας
3680 1949 3943 2017 πρόεδρον
3981 1949 4072 1999 καὶ

2513 2037 2752 2102 Κυζίκου
2803 2039 3010 2092 καὶτὸν
3067 2040 3350 2110 Κορίνθου,
3401 2043 3488 2094 ναὶ
3526 2042 3632 2108 μὴν
3660 2041 3752 2092 καὶ
3780 2041 4072 2092 Κωνσταν-

2512 2132 2674 2192 τίνον,
2730 2131 2788 2183 δν
2838 2131 3220 2201 χαρτοφύλακα
3265 2135 3378 2194 τοῖς
3433 2133 3642 2192 πολλοῖς
3701 2133 3923 2202 σύνηθες
3958 2133 4078 2184 ό·.ο-

2527 2221 2744 2289 μάζειν,
2807 2222 2934 2293 περὶ
2993 2217 3054 2274 οὕ
3109 2226 3201 2275 καὶ
3253 2225 3744 2294 πρότερονόλόγος
3800 2222 4072 2292 ἐμνήσθη,

2512 2308 2900 2377 ἐντειλάμενοι,
2923 2309 3131 2372 τούτοις
3150 2311 3285 2379 μετά
3313 2310 3373 2362 τὸ
3407 2311 3578 2380 πέρας
3608 2312 3701 2380 τῆς
3734 2309 4071 2370 ὑποθέσεως,

2517 2399 2606 2451 τὸν
2642 2399 2942 2472 Γρηγόριον
2975 2401 3091 2470 μεθ’
3124 2401 3330 2456 ἑαυτῶν
3364 2402 3610 2470 ἀγαγεῖν.

2594 2664 3015 2718 Καταλαδόντων
3055 2666 3109 2718 δὲ
3142 2664 3238 2736 τὴν
3274 2667 3510 2737 Ῥώμην,
3549 2667 3747 2737 συνέϐη
3790 2669 3882 2723 τὸν
3915 2671 4078 2740 Μαρ-

871 2762 1084 2816 cianum
1120 2763 1439 2831 gravissimo
1475 2766 1665 2820 morbo
1715 2766 1984 2829 atilictari.
2032 2768 2105 2823 ita
2156 2780 2218 2824 ut
2270 2785 2418 2839 spem
2522 2772 2555 2808 κ

2390 2786 2418 2824 η
2522 2755 2706 2808 κιανὸν
2765 2756 2903 2825 νόσῳ
2965 2756 3242 2827 βαρυτάτῃ
3286 2761 3626 2828 περιπεσεῖν,
3661 2760 3755 2812 καὶ
3807 2762 3934 2824 τοὺς
3981 2763 4076 2830 μὲν

871 2852 939 2906 de
972 2853 1116 2907 illius
1153 2854 1262 2907 vita
1319 2855 1514 2908 medici
1562 2872 1774 2912 omnem
1827 2858 2226 2914 destituerent:
2265 2864 2422 2930 cujus
2526 2845 2557 2896 ίί

2397 2876 2422 2915 ε
2526 2845 2742 2914 ίατροίις
2801 2847 3075 2910 ἀπειπεῖν,
3108 2847 3252 2918 λύπῃ
3278 2849 3333 2902 δι
3367 2851 3468 2922 ὅσῃ
3494 2852 3618 2912 τοὺς
3643 2852 3980 2915 ἐπισκόπους
4014 2854 4077 2904 τὸ

873 2945 951 2997 rei
981 2960 1144 2998 causa
1194 2946 1383 3014 ingens
1430 2949 1715 3016 episcopos
1773 2950 1928 3004 dolor
1960 2951 2252 3006 invaserat.
2299 2952 2420 3006 Mox
2525 2949 2559 2983 ’π

2394 2967 2420 3005 ι
2525 2934 2756 3001 πρᾶγμα
2786 2935 3120 3002 περιϐαλεῖν.
3177 2939 3315 3006 Ἤδη
3347 2939 3404 2992 δέ
3461 2939 3529 2993 τὰ
3557 2941 3758 3010 ἔσχατα
3801 2943 4080 3008 πνέοντος,

874 3049 995 3088 cum
1019 3048 1234 3087 omnem
1268 3050 1452 3088 curam
1515 3035 1620 3090 fata
1668 3037 1968 3103 vincerent,
2012 3047 2422 3109 extremumque
2525 3041 2559 3077 κ

2395 3055 2422 3094 ο
2525 3025 2616 3077 καὶ
2664 3025 2756 3078 τοῦ
2785 3026 2933 3096 ἡλίου
2970 3027 3098 3098 περὶ
3121 3029 3330 3098 δυσμὰς
3361 3030 3449 3083 ὕντ
3462 3048 3541 3096 ος,
3572 3033 3824 3086 κάκείνου
3851 3033 4081 3100 μέλλον-

873 3125 1125 3194 spiritum
1160 3127 1461 3190 anhelat-et,
1498 3141 1562 3182 ac
1605 3129 1719 3182 sole
1756 3129 1821 3182 ad
1864 3143 2113 3185 occasum
2142 3142 2418 3201 vergente,
2449 3136 2494 3194 C
2524 3131 2559 3201 Ῥ

2389 3148 2418 3195 ἦ
2449 3136 2494 3194 ε
2524 3131 2612 3201 τος
2641 3117 2928 3184 ἐκλείπειν,
2995 3121 3154 3191 ήπρδ
3183 3122 3410 3191 βραχέος
3450 3128 3884 3194 μνημονευθεῖσα
3912 3127 4075 3196 γυνὴ,

875 3216 990 3284 ipse
1027 3216 1200 3270 lucem
1230 3217 1367 3270 hanc
1425 3219 1713 3274 relicturus
1774 3220 2068 3285 videretur,
2107 3235 2170 3276 ea
2203 3222 2420 3285 mulier,

875 3306 1032 3370 cujus
1083 3306 1245 3362 tiliam
1303 3310 1490 3363 morbo
1522 3317 1826 3377 correptam
1868 3311 2114 3382 Gregorii
2163 3312 2420 3379 precibus

875 3401 1211 3456 curationem
1288 3416 1461 3470 nuper
1510 3403 1781 3472 accepisse
1846 3403 2101 3468 diximus,
2155 3403 2274 3457 illac
2331 3403 2420 3457 ubi

876 3490 1180 3546 Marcianus
1214 3492 1266 3545 in
1321 3493 1462 3546 lecto
1490 3493 1869 3554 deeumbebat.
1919 3493 2253 3561 praeteriens,
2307 3507 2421 3546 ser-

877 3594 1065 3632 vorum
1112 3580 1478 3647 plangentium
1523 3593 1585 3632 ac
1621 3579 2034 3632 lamentantium
2083 3579 2315 3632 ﬂebilem
2362 3592 2425 3633 ac

880 3671 1179 3723 luctuosam
1222 3683 1407 3723 vocem
1440 3669 1646 3724 audivit
1681 3687 1693 3722 :
1732 3671 1885 3739 cujus
1930 3685 2144 3724 causam
2194 3684 2423 3739 percon-

880 3767 1011 3823 tata,
1043 3761 1270 3826 gratiam
1295 3775 1401 3812 non
1431 3760 1647 3822 celavit,
1692 3759 1786 3813 sed
1813 3759 1985 3828 palam
2016 3759 2423 3815 beneﬁcentiam

881 3847 1196 3915 evulgat,ct
1228 3861 1348 3914 qua:
1382 3847 1492 3915 ipsa
1534 3847 1870 3903 admirabilia
1924 3851 1979 3903 in
2019 3848 2125 3902 tilia
2153 3850 2224 3903 sit
2273 3864 2424 3903 asse-

882 3948 1029 4001 cuta,
1061 3937 1167 3992 illis
1216 3937 1524 3999 annuntiat,
1571 3937 1970 4006 servatorisqne
2011 3952 2203 4006 praeco,
2257 3947 2312 3990 ct
2347 3937 2426 3990 rei

881 4037 1043 4095 gestae
1075 4029 1226 4083 testis
1278 4029 1536 4084 classicus
1595 4029 1967 4083 constituitur.
2023 4026 2114 4082 Eia
2156 4028 2320 4096 agite,
2352 4031 2427 4080 in-

883 4121 1020 4189 quit,
1054 4121 1170 4184 filii,
1194 4119 1319 4174 tletu
1348 4135 1614 4190 represso,
1656 4121 1784 4173 mihi
1811 4121 2202 4189 obtemperate,
2229 4119 2428 4186 ipsum~

884 4227 988 4279 que
1015 4212 1082 4265 ab
1102 4212 1217 4280 ipso
1251 4211 1392 4264 lccto
1419 4211 1690 4273 tollentes,
1724 4211 1977 4264 alacriter
2002 4225 2087 4264 me
2108 4208 2422 4278 sequimini.

884 4302 1070 4356 Virum
1095 4303 1238 4355 enim
1267 4302 1396 4355 mihi
1456 4301 1525 4355 ab
1573 4301 1903 4369 experientia
1966 4301 2102 4353 bene
2153 4298 2425 4367 cognitum

884 4393 1037 4446 vobis
1070 4391 1372 4456 ostendam,
1399 4390 1491 4460 qui
1527 4405 1623 4444 vos
1678 4407 1706 4444 a
1729 4393 1876 4445 luctu
1909 4391 2066 4444 facile
2109 4389 2423 4453 vindicabit,

2522 3200 2588 3275 ἦς
2609 3206 2777 3274 δήπου
2817 3208 2910 3261 καὶ
2939 3209 3000 3263 τὸ
3023 3209 3309 3280 θυγάτριον
3330 3211 3555 3282 ἔναγχος
3571 3215 3712 3284 νόσῳ
3746 3217 4080 3286 περισχεθέν

2523 3294 2626 3346 τῶν
2659 3295 2958 3366 Γρηγορίου
3012 3298 3187 3367 εὐχῶν
3214 3299 3431 3369 ἠξίωτο,
3459 3304 3550 3354 καὶ
3580 3304 3882 3372 παραδόξου
3909 3306 4078 3375 θερα-

2521 3383 2675 3448 πείας
2705 3385 2977 3453 ἀπώνατο,
3031 3387 3119 3440 διά
3165 3390 3264 3458 τῆς
3295 3391 3471 3454 οἰκίας
3497 3392 3616 3444 τότε
3661 3398 4077 3464 παρερχομένη,

2525 3473 2652 3526 ἔνθα
2697 3476 2842 3528 καὶὸ
2873 3476 3167 3543 σπαθάριος
3215 3480 3473 3549 κλινήρης
3523 3484 3826 3545 κατέκειτο,
3879 3485 4080 3537 ἀκούει

2527 3563 2654 3632 βοῆς
2668 3566 2976 3634 συμμιγοῦς
2994 3567 3103 3621 τῶν
3121 3569 3321 3622 παίδων
3347 3570 3510 3623 αὑτοῦ
3539 3573 3884 3640 κοπτομένων
3898 3589 3960 3625 τε
3986 3577 4082 3627 καὶ

2526 3653 2876 3723 θρηνούντων·
2900 3657 2994 3709 καὶ
3021 3659 3205 3726 ἐπειδὴ
3237 3661 3332 3729 τὴν
3356 3660 3535 3736 αἰτίαν
3555 3661 4084 3731 tndem-0.061961:-

2524 3744 2720 3812 τειτὴν
2755 3745 2936 3813 χάριν,
2954 3745 3087 3800 ἀλλά
3116 3749 3372 3816 κηρύττει
3407 3751 3591 3817 σαφῶς
3605 3754 3706 3821 τὴν
3728 3753 4076 3823 εὐεργεσίαν.

2528 3835 2619 3886 καὶ
2651 3827 2725 3887 ὧν
2758 3834 2892 3904 αὐτῇ
2922 3836 3215 3904 τετύχηκεν
3247 3840 3340 3890 έπὶ
3367 3842 3430 3909 τῇ
3470 3839 3701 3910 θυγατρὶ
3741 3842 4080 3910 θαυμασίων,

2529 3925 2624 3974 καὶ
2659 3924 2842 3986 αὐτοῖς
2875 3926 3226 3994 ἀπαγγέλλει,
3275 3930 3368 3982 καὶ
3396 3933 3634 3999 μηνυτῆς
3654 3932 3747 3985 τοῦ
3781 3935 4078 4002 σωτηρίας,

2527 4015 2687 4077 εὐθὺς
2699 4017 2926 4084 γίνεται,
2951 4020 3044 4090 καὶ
3063 4018 3294 4089 ἀψευδὴς
3319 4021 3525 4090 μάρτυς
3555 4025 3651 4093 τῆς
3685 4029 4080 4095 πεπραγμένου

2530 4112 2640 4172 καὶ,
2680 4111 2832 4177 Ἀγε,
2876 4112 3058 4179 φησὶν,
3101 4105 3145 4163 ὧ
3173 4111 3380 4176 παῖδες,
3427 4114 3548 4182 ἐμοὶ
3598 4115 3925 4184 πειθόμενοι,
3987 4119 4080 4169 τοῦ

2527 4200 2723 4269 θρήνου
2761 4202 2857 4268 μὲν
2893 4199 3192 4265 παύσασθε,
3218 4201 3403 4256 τοῦτον
3444 4203 3488 4256 δ’
3521 4205 3657 4274 αὐτῇ
3685 4204 3837 4276 κλίνῃ
3873 4207 4082 4274 προθύ-

2531 4307 2646 4357 μως
2692 4290 2922 4358 ἄραντες
2963 4291 3086 4360 ἐμοὶ
3114 4291 3328 4347 ἔπεσθε.
3391 4293 3559 4358 Δείξω
3585 4295 3691 4364 γὰρ
3723 4295 3850 4363 ὑμῖν
3873 4295 4082 4365 ἀνθρω-

2529 4394 2630 4430 πον
2660 4381 2724 4430 ἐκ
2752 4377 2947 4448 πείρας
2968 4380 3130 4432 αὑτὸν
3158 4383 3451 4447 έγνωκυῖα.
3479 4382 3536 4445 δς
3568 4383 3664 4437 τοῦ
3704 4383 3931 4447 πένθους
3979 4389 4081 4456 ρᾳ-

885 4495 939 4540 et
967 4485 1244 4538 dominum
1274 4491 1511 4536 vestrum
1545 4483 1709 4535 multa
1741 4497 1862 4536 cum
1894 4483 2169 4536 celeritate
2206 4479 2426 4533 sanitati
2461 4461 2501 4515 θ
2528 4469 2571 4520 δι

2394 4479 2426 4533 Li
2461 4461 2501 4515 Ι)
2528 4469 2653 4531 δίως
2678 4469 2815 4538 ὑμᾶς
2840 4470 3134 4537 ἀπαλλάξει
3176 4473 3271 4526 σὺν
3300 4473 3479 4542 πολλῷ
3509 4474 3664 4542 τάχει
3688 4476 3776 4527 τὸν
3808 4475 4080 4544 δεσπότην

888 4577 1155 4630 restituet.
1195 4574 1320 4644 Ejus
1346 4573 1582 4627 sermoni
1612 4573 1749 4626 servi
1789 4583 1999 4641 parent,
2038 4572 2428 4640 dominumtu

889 4675 1113 4734 repente
1135 4665 1404 4729 tollentes,
1439 4663 1586 4732 juxta
1617 4663 1939 4724 custodiam,
1991 4663 2081 4715 ubi
2132 4661 2428 4730 Gregorius

888 4766 1026 4819 erat,
1056 4755 1352 4823 deponunt.
1382 4753 1548 4818 Quem
1584 4754 1672 4807 ille
1694 4751 2072 4807 ardentissima
2113 4751 2252 4806 febri
2278 4767 2428 4805 como

889 4858 1186 4900 metumet
1234 4844 1622 4899 inflammatum
1671 4843 1959 4911 aspiciens,
2015 4844 2302 4896 miseratus
2351 4850 2434 4894 est

893 4936 1190 4998 hominem,
1220 4935 1526 5002 lectumque
1551 4934 1802 5003 lacrymis
1841 4934 2114 5002 irrigabat.
2160 4935 2428 4989 Cceterum

889 5026 1054 5080 semel
1106 5025 1252 5078 illum
1306 5033 1466 5092 atque
1514 5023 1708 5076 iterum
1769 5038 1967 5078 vocans
2012 5025 2154 5090 (eum
2203 5038 2435 5091 namque

891 5131 992 5167 vox
1014 5125 1174 5182 atque
1204 5128 1393 5166 sensus
1439 5112 1730 5175 defecerat,
1781 5127 1882 5166 nec
1928 5114 2218 5181 quidquam
2285 5113 2434 5180 loqui

892 5202 1151 5271 poterat),
1190 5216 1408 5253 manum
1440 5200 1655 5269 quidem
1684 5201 1756 5254 illi
1815 5202 1898 5254 vir
1951 5202 2164 5254 divinus
2216 5202 2433 5270 adjecit,

893 5300 1075 5344 mente
1123 5305 1255 5344 vero
1303 5299 1448 5344 totus
1501 5290 1554 5345 in
1603 5292 1800 5346 calum
1849 5302 2084 5354 erectus,
2141 5292 2436 5359 faciemque

893 5395 1048 5433 suam
1072 5389 1123 5432 ct
1148 5388 1404 5448 aegrotum
1428 5377 1680 5447 lacrymis
1709 5377 2062 5447 perfundens,
2092 5379 2260 5431 Deum
2282 5379 2436 5432 obse-

891 5469 1096 5521 crabat.
1133 5466 1291 5535 Atqui
1321 5482 1507 5536 preces
1553 5481 1801 5521 somnum
1861 5481 2154 5535 peperere;
2219 5479 2440 5519 somnus

891 5567 1094 5624 aegroto
1112 5554 1344 5608 salutem
1370 5555 1572 5609 attulit.
1600 5555 1734 5609 Cum
1784 5557 1928 5608 enim
1975 5555 2214 5623 quinque
2274 5568 2435 5619 supra

895 5642 1079 5711 viginti
1117 5643 1233 5696 dies
1268 5643 1531 5696 insomnis
1553 5644 1818 5705 duxisset,
1850 5643 2186 5698 arctissimus
2215 5653 2324 5694 tum
2364 5641 2436 5693 illi

897 5748 1118 5788 smnnus
1149 5732 1410 5801 obrepsit.
1465 5732 1616 5788 Servi
1676 5748 1823 5798 vero,
1875 5732 1964 5802 qui
2024 5732 2210 5786 mediis
2263 5730 2435 5784 eidem

2532 4559 2682 4626 ὑμῶν
2735 4558 2984 4628 ἰώμενος.
3021 4560 3306 4614 Πείθονται
3336 4565 3456 4626 ’τοῖς
3511 4564 3750 4634 ῥηθεῖσιν
3783 4567 3831 4618 οί
3869 4566 4078 4630 παίδες,

2531 4651 2622 4700 καὶ
2644 4649 2734 4701 τὸν
2758 4649 3024 4720 δεσπότην
3046 4651 3206 4713 εὐθὺς
3235 4652 3468 4722 ἀραντες
3496 4653 3630 4721 πρὸς
3652 4656 3716 4723 τῇ
3752 4655 3968 4724 φυλακῇ
4001 4673 4084 4708 τι⁸

2532 4738 2739 4802 θέασιν,
2771 4736 2897 4790 ἔνθα
2926 4734 2992 4808 ἧν
3024 4739 3344 4808 Γρηγόριος.
3394 4740 3538 4792 Ἰδὼν
3581 4741 3638 4793 δέ
3679 4741 3841 4794 αὑτὸν
3871 4746 4081 4805 ἐκεῖνος

2531 4829 2631 4881 ὶάε
2639 4846 2712 4898 ρῳ
2736 4831 2947 4900 πυρετῷ
2974 4832 3254 4900 κατάκρας
3285 4831 3684 4900 διακαιόμενον,
3711 4835 4080 4901 οἰκτείρειζτδν

2533 4919 2720 4988 ἀνδρα,
2754 4921 2846 4972 καὶ
2887 4919 2982 4989 τῆς
3011 4919 3194 4987 κλίνης
3249 4920 3454 4989 δάκρυα
3486 4921 3766 4989 καταχέει.
3815 4923 4081 4991 Φωνήσας

2532 5009 2587 5061 δὲ
2619 5010 2778 5061 αὐτὸν
2806 5009 2955 5075 ἅπαξ
2985 5011 3078 5063 καὶ
3102 5010 3203 5072 δὶς,
3232 5008 3306 5070 ὡς
3344 5011 3444 5080 ήδη
3492 5014 3586 5063 καὶ
3627 5015 3659 5075 ἡ
3703 5013 3855 5080 φωνὴ
3888 5018 3986 5065 καὶ
4020 5018 4082 5067 τὺ

2537 5101 2760 5167 φρονοῦν
2791 5102 2992 5152 ἐκεῖνον
3019 5101 3240 5158 ἐπέλιπε
3272 5102 3366 5152 καὶ
3385 5103 3482 5153 οὐκ
3507 5099 3651 5170 εἶχεν
3670 5104 3821 5156 οὐδὲν
3846 5104 4083 5172 φθέγξα-

2537 5187 2680 5252 σθαι,
2705 5186 2800 5253 τὴν
2833 5189 2930 5255 μὲν
2959 5187 3215 5256 χεῖραὲπ’
3250 5188 3410 5243 αὑτὸν
3444 5192 3471 5241 ό
3498 5189 3639 5252 θεῖος
3675 5192 3813 5260 ἀνὴρ
3869 5193 4078 5260 τίθησι,

2534 5277 2630 5345 τὴν
2685 5278 2740 5329 δι
2789 5277 3028 5330 διάνοιαν
3074 5277 3200 5345 ὃλην
3225 5278 3368 5348 αἴρει
3406 5280 3541 5347 πρὸς
3589 5281 3835 5349 οὐρανὸν,
3865 5285 3960 5334 καὶ
3987 5284 4081 5335 δά-

2537 5382 2698 5434 κρυσι
2728 5368 2790 5419 τό
2815 5381 2873 5417 τε
2906 5365 3214 5435 πρόσωπον,
3261 5367 3353 5420 καὶ
3411 5368 3500 5420 τὸν
3534 5371 4086 5441 κατακείμενονβρέ-

2537 5473 2665 5525 χων,
2690 5455 2979 5509 δὲεταιτοῦ
3012 5454 3164 5510 Θεοῦ.
3199 5457 3427 5529 [lapsi/3
3477 5458 3533 5510 δὲ
3586 5460 3618 5528 η
3651 5461 3749 5524 μὲν
3805 5462 3944 5530 εὐχὴ
3993 5465 4084 5515 τὸν

2538 5546 2724 5608 ὕπνον,
2754 5548 2780 5598 ὁ
2811 5545 2866 5597 δέ
2891 5545 3055 5608 ὕπνος
3086 5545 3161 5614 τῷ
3195 5545 3437 5599 νοσοῦντι
3463 5548 3562 5617 τὴν
3589 5549 3886 5618 σωτηρίαν.
3913 5553 4086 5605 Πέντε

2539 5639 2643 5704 γὰρ
2666 5637 2756 5687 καὶ
2784 5637 2983 5687 εῐκοσιν
3027 5635 3235 5704 ἡμέρας
3291 5635 3604 5699 διατελέσας
3648 5638 3870 5703 ἀῦπνος,
3931 5640 4086 5711 ὕπνῳ

2538 5729 2654 5780 τότε
2688 5725 2841 5795 βαθεῖ
2870 5724 3184 5795 συνεσχέθη.
3219 5725 3302 5779 Τά
3330 5726 3385 5780 δέ
3411 5728 3690 5798 παιδάρια,
3731 5730 3859 5799 περὶ
3907 5748 4082 5799 μεσας
