4270 6428
863 378 972 441 255
2073 371 2351 433 MENSIS
2391 375 2830 437 NOVEMBER.
3977 372 4084 438 256

865 491 1184 565 pcnitentia
1215 498 1400 548 secuta
1425 498 1530 551 est,
1556 497 1610 544 et
1653 505 1772 560 qua:
1823 489 1876 542 in
1925 490 2103 543 virum
2159 501 2408 545 sanctum
2439 492 2488 552 Α
2514 493 2551 544 εἰ

2400 508 2408 543 l
2439 492 2488 552 Α
2514 493 2890 561 εἰργασμένων
2915 492 3163 562 σφοδρῶς
3188 491 3381 546 ἑαυτοῦ
3407 493 3713 561 κατήγορος
3736 487 3823 561 ἦν,
3849 491 3943 544 καὶ
3965 491 4086 558 ἃμα

874 597 1081 642 temere
1103 583 1417 646 admiserat,
1449 582 1534 637 sui
1565 582 1866 637 acerrimus
1911 591 2196 637 accusator
2225 581 2424 656 factus,
2521 588 2560 636 τέ

2405 621 2424 656 ι
2521 586 2586 653 τῇ
2621 584 2812 655 γνώμῃ
2861 586 2954 639 καὶ
2991 583 3090 654 τὴν
3143 585 3363 654 μορφὴν
3415 583 3729 647 ἠλλοιοῦτοο
3779 583 3873 635 καὶ
3921 582 4088 649 δῆλος

869 675 1334 746 reprehendebat,
1371 675 1671 744 faciemque
1698 673 1858 729 simul
1890 689 2013 728 cum
2050 672 2278 728 consilio
2306 689 2428 726 mu-
2524 674 2550 726 ι

2403 703 2428 713 -
2524 674 2734 741 ιγίνετο
2757 674 2966 743 μεγάλα
2994 675 3094 744 τὴν
3113 675 3293 746 ψυχὴν
3323 675 3718 743 πληττόμενος.
3736 673 3828 726 καὶ
3857 671 4088 741 βαρείας

870 766 1026 820 tavit.
1056 765 1303 821 Vidisses
1331 765 1480 819 illum
1533 765 1714 818 animo
1742 764 2093 819 vehementer
2124 779 2243 818 esse
2274 778 2426 818 com-
2527 765 2556 816 ὑ

2406 792 2426 804 ο
2527 765 2634 817 ὑπὸ
2681 765 2777 818 τοῦ
2832 765 3126 828 συνειδότος
3165 765 3622 835 εἰσπραττόμενος
3683 763 3781 825 τὶς
3829 762 4083 822 εὐθύνας.

872 864 1099 916 motum,
1126 871 1314 924 graves
1339 870 1368 908 a
1400 870 1481 918 se,
1510 865 1760 922 tanquam
1778 856 1896 924 ejus
1911 855 2159 909 criminis
2179 864 2426 920 auctore,
2537 857 2558 907 '1

2402 881 2426 920 η,
2537 856 2625 917 Ὠς
2651 855 2710 908 εδ
2741 855 2834 909 καὶ
2863 854 3164 908 κατέλαϐον
3190 856 3240 908 oi
3263 856 3581 924 κατήγοροι,
3608 849 3743 924 ἧκον
3774 852 3832 904 δι
3861 853 3955 904 καὶ
3977 852 4088 904 τῶν

880 961 1068 1016 pennas
1098 945 1335 1014 exigere.
1397 944 1661 1012 Quoniam
1722 959 1851 998 vero
1908 960 2034 1002 eum
2091 955 2433 1000 accusatores
2523 947 2566 996 Ἀ

2397 959 2433 999 :s
2523 945 2966 1015 Ἀκραγαντίνων
2988 945 3423 1014 διαπεράσαντες
3485 943 3674 1011 συχνοὶ
3717 941 3818 1010 μιν
3842 941 3950 994 τῶν
3982 943 4083 1009 ἀρ-

876 1044 1307 1099 auteverterunt,
1340 1033 1676 1104 Agrigentini
1707 1049 1922 1104 quoque
1981 1042 2094 1088 tum
2153 1034 2429 1105 principes

880 1125 1139 1187 civitatis.
1200 1134 1311 1179 tum
1367 1124 1543 1192 plebei
1594 1124 2002 1192 quamplurimi,
2058 1125 2430 1194 cujuscunque

879 1209 1090 1263 ordinis
1112 1209 1214 1263 viri
1244 1196 1556 1278 frequentes
1590 1226 1694 1264 una
1729 1212 1890 1264 simul
1920 1211 2132 1265 sincera
2165 1213 2270 1266 llde
2291 1213 2430 1268 obli-

880 1299 988 1369 gati
1054 1300 1430 1354 advenerant:
1486 1299 1770 1353 audientes
1823 1301 2041 1353 ubinam
2085 1300 2168 1355 vir
2211 1311 2431 1356 sanctus

883 1393 1101 1445 vinctus
1132 1391 1486 1451 detineretur.
1547 1390 1611 1444 ad
1672 1391 1822 1445 illum
1867 1400 2140 1446 maturant
2179 1393 2431 1446 celeriter

883 1480 1174 1549 proﬁcisci,
1201 1489 1255 1532 et
1281 1489 1534 1546 tanquam
1571 1478 1662 1533 filii
1690 1481 1996 1535 charissimi
2028 1496 2153 1534 eum
2208 1481 2300 1549 qui
2325 1479 2428 1534 sibi

891 1584 989 1638 pro
1018 1578 1260 1637 tempore
1287 1568 1672 1624 dilectissimus
1703 1569 1859 1623 Pater
1883 1570 2182 1634 exstiterat,
2217 1571 2432 1624 intuen-

881 1673 987 1723 tes,
1047 1661 1236 1730 majori
1281 1674 1387 1728 quo
1449 1667 1696 1727 poterant
1751 1659 1956 1712 honore
2007 1674 2071 1713 ac
2122 1662 2425 1714 reverentia

883 1751 1369 1821 prosequebantur.
1396 1749 1500 1804 Sed
1546 1764 1665 1802 cum
1695 1763 1882 1802 omnes
1909 1751 2026 1818 ejus
2063 1749 2431 1820 circumplecti

882 1849 975 1893 aut
999 1850 1182 1893 tenere
1223 1838 1387 1907 pedes
1420 1839 1728 1906 nequirent,
1773 1837 1930 1907 longe
1973 1838 2130 1907 positi
2185 1855 2241 1892 se
2274 1839 2432 1892 incli-

883 1931 1103 1991 nabant.
1128 1940 1182 1984 et
1207 1939 1316 1983 tum
1339 1929 1540 1994 verbis,
1571 1937 1683 1982 tum
1704 1929 1956 1998 lacrymis
1985 1928 2154 1981 solum
2189 1929 2316 1981 illud
2344 1943 2436 1982 ve-

885 2021 1235 2083 nerabantur,
1273 2020 1600 2088 nimiamque
1629 2021 1680 2072 in
1725 2019 1871 2072 illum
1921 2019 2121 2072 amoris
2155 2019 2438 2072 vehemen-

891 2113 1020 2167 tiam
1054 2127 1164 2180 prte
1218 2127 1276 2166 se
1311 2109 1555 2164 ferebant
1599 2110 1877 2164 dicentes:
1912 2111 2086 2172 Pater,
2117 2110 2350 2177 pontifex
2382 2120 2437 2163 et

885 2210 1149 2264 servator,
1183 2216 1248 2254 ne
1282 2215 1381 2253 nos
1423 2201 1660 2262 deseras,
1708 2213 1882 2266 neque
1938 2198 2094 2252 nobis
2140 2213 2434 2266 paucorum

888 2292 1127 2354 pravitas
1157 2289 1422 2342 universe
1451 2287 1787 2342 multitudini
1833 2286 2006 2341 fraudi
2049 2298 2143 2340 aut
2170 2287 2302 2340 vitio
2341 2287 2437 2340 de-

887 2387 995 2432 tur.
1021 2379 1220 2433 Multus
1250 2396 1391 2433 nunc
1423 2381 1498 2432 tui
1523 2394 1682 2432 causa
1731 2379 1930 2441 luctus,
1992 2378 2181 2431 urbem
2245 2378 2439 2430 immu-

889 2470 1041 2523 tavit.
1080 2470 1286 2539 Lugent
1315 2471 1566 2539 orpltani,
1601 2471 1884 2524 tristantur
1937 2470 2135 2532 viduae,
2173 2484 2439 2538 pauperes

895 2559 1285 2612 lamentantur.
1325 2560 1427 2624 Qui
1488 2574 1712 2627 corpore
1759 2569 1884 2612 sunt
1949 2558 2084 2611 male
2123 2560 2440 2621 constituto,

891 2648 1097 2716 quique
1149 2649 1388 2702 animum
1452 2650 1590 2704 male
1639 2649 1891 2704 allectum
1949 2649 2167 2710 habent,
2213 2649 2303 2702 alii
2353 2664 2444 2718 pa—

894 2747 1051 2798 trem.
1089 2739 1176 2792 alii
1208 2742 1486 2808 praesidem
1535 2751 1590 2794 et
1641 2751 1950 2810 patronum,
1985 2740 2227 2794 nonnulli
2285 2746 2446 2794 liene-

893 2830 1175 2896 factorem,
1199 2833 1419 2901 plurimi
1451 2842 1562 2886 tum
1587 2834 1751 2887 animi
1778 2844 1888 2888 tum
1909 2834 2153 2902 corporis
2177 2834 2444 2888 medicum

2526 1035 2747 1104 χόντων,
2778 1036 2958 1104 συχνοὶ
2989 1035 3046 1088 δὲ
3097 1035 3194 1088 καὶ
3249 1033 3357 1086 τῶν
3395 1035 3733 1102 ἀρχομένων,
3792 1032 3888 1083 καὶ
3957 1032 4089 1083 δεον

2525 1119 2594 1191 ἦν
2617 1123 2858 1194 καθαρὸν
2907 1124 3005 1187 τῆς
3042 1122 3422 1192 συνωμωσίας,
3466 1121 3723 1190 μαθόντες
3758 1122 3815 1172 ὲν
3866 1111 3912 1186 ᾧ
3938 1115 4010 1187 ἦν
4059 1120 4088 1169 6

2533 1212 2686 1280 ἅγιος
2708 1213 3125 1283 καθειργμένος,
3159 1214 3360 1281 σπουδῇ
3394 1210 3529 1281 πρὸς
3583 1210 3744 1264 αὑτὸν
3791 1207 4091 1277 ἀφικνοῦν-

2534 1321 2646 1368 ται,
2681 1299 2767 1357 οἷα
2788 1304 3030 1370 φίλτατοι
3086 1305 3272 1366 παίδες
3323 1305 3577 1370 φίλτατον
3626 1305 3720 1354 καὶ
3766 1302 3852 1356 διὰ
3889 1301 4086 1368 χρόνον

2531 1394 2742 1463 πατέρα
2771 1393 3056 1464 θεώμενοι,
3078 1394 3174 1447 καὶ
3201 1393 3402 1463 πολλὴν
3423 1394 3504 1445 ὅτι
3525 1392 3660 1460 πρὸς
3689 1393 3850 1446 αύτδν
3883 1391 4090 1443 ἐπεδει-

2530 1485 2755 1546 κνύντες
2782 1483 2934 1539 αίδώ.
2963 1483 3116 1537 Ἐπεὶ
3144 1483 3202 1536 δὲ
3250 1483 3323 1552 μὴ
3351 1484 3550 1544 πάντες
3599 1482 3915 1550 περιϐαλεῖν
3955 1481 4093 1549 μηδὶ

2532 1575 2754 1641 κρατεῖν
2783 1576 2910 1635 τοὺς
2967 1572 3134 1635 αὑτοῦ
3167 1572 3331 1634 πῦδας
3365 1571 3571 1638 ἴσχυον,
3623 1571 3910 1640 πόρρωθεν
3964 1570 4088 1621 επι-

2533 1680 2665 1715 πτον
2707 1664 2800 1716 καὶ
2856 1665 2916 1714 τὸ
2967 1663 3162 1728 ἔδαφος
3219 1660 3616 1732 προσεκύνουν,
3645 1660 3854 1729 ῥήμασί
3897 1677 3956 1712 τε
4001 1661 4096 1710 καὶ

2532 1752 2794 1820 δάκρυσιν
2833 1752 2907 1814 ὡς
2953 1752 3069 1804 ὲνίν
3115 1751 3177 1802 τὸ
3249 1750 3475 1818 φίλτρον
3529 1748 3986 1818 παραδηλοῦντετ,
4037 1750 4097 1800 '0

2538 1842 2738 1911 πατὴρ,
2776 1843 3046 1909 λέγοντες,
3099 1843 3126 1893 6
3151 1841 3463 1910 ἀρχιερεὺς,
3505 1842 3532 1892 6
3569 1839 3773 1907 σωτὴρ,
3809 1839 3882 1907 μὴ
3923 1855 4096 1889 κατι-

2537 1933 2700 2002 λίπῃς
2727 1934 2893 2000 ἡμᾶς,
2921 1933 3056 2001 μηδι
3083 1932 3179 2001 τῆς
3211 1931 3406 1998 ὀλίγων
3431 1933 3626 1993 κακίας
3656 1933 3750 1982 καὶ
3779 1929 3840 1981 τὸ
3870 1929 4100 1994 σύμπαν

2539 2025 2698 2092 ἡμεῖς
2753 2023 2954 2090 πλῆθος
2987 2022 3520 2092 παραπολαύσωμεν.
3577 2022 3751 2084 Πολὺς
3784 2022 3877 2074 νῦν
3907 2024 4100 2075 ἕνεκεν

2541 2113 2631 2166 σοῦ
2661 2114 2988 2180 περιέστηκε
3021 2113 3214 2181 θρῆνος
3243 2113 3341 2181 τὴν
3371 2115 3545 2176 πόλιν,
3593 2113 3873 2182 ὀδύρονται
3904 2114 3961 2166 δι
3996 2114 4102 2180 7},-

2543 2220 2651 2273 ραι,
2676 2202 2955 2270 ὀδύρονται
2991 2202 3088 2270 μὶν
3109 2203 3355 2272 ὀρφανοὶ,
3380 2203 3662 2272 ὀδύρονται
3694 2203 3926 2270 πένητες
3960 2205 4008 2254 οξ
4041 2204 4100 2253 τὸ

2543 2293 2700 2362 σῶμα
2765 2293 3045 2360 μαλακῶς,
3103 2294 3153 2344 ol
3180 2294 3280 2354 τὰς
3329 2293 3506 2362 ψυχὰς
3542 2294 3726 2356 κακῶς
3773 2294 4014 2360 ἔχοντες,
4050 2296 4100 2342 οἱ

2545 2384 2642 2448 μὲν
2678 2382 2768 2434 τὸν
2829 2383 3065 2451 πατέρα,
3130 2383 3178 2434 οἱ
3221 2381 3277 2434 δὲ
3309 2382 3397 2433 τὸν
3429 2383 3755 2451 προστάτην,
3814 2386 3860 2434 οἱ
3896 2383 3954 2434 δὲ
4012 2386 4101 2434 τ“.ν

2542 2472 2855 2542 εὐεργέτην,
2877 2473 2925 2524 οἱ
2967 2471 3022 2524 5t
3054 2471 3149 2523 τὶν
3203 2471 3310 2523 τῶν
3344 2471 3531 2538 ψυχῶν
3562 2471 3849 2538 ζητοῦντες
3876 2473 3971 2524 καὶ
3999 2489 4101 2522 σω·

2549 2565 2731 2631 μάτων
2753 2562 3089 2630 θεραπευτὴν
3116 2577 3128 2591 ⁸
3185 2562 3276 2612 καὶ
3310 2561 3404 2612 νῦν
3435 2563 3493 2612 τὸ
3535 2562 3716 2629 σχῆμα
3747 2563 3842 2628 τῆς
3870 2563 4102 2621 πόλεως,

2545 2655 2784 2722 ὡσπερεὶ
2834 2653 3044 2720 σεισμῷ
3094 2653 3312 2722 μεγάλῳ
3367 2654 3838 2721 κατασεισθείσης,
3893 2654 3924 2723 ἢ
3977 2656 4103 2714 τοὺς

2547 2744 2787 2812 πύργους
2817 2743 3055 2811 πολέμου
3085 2743 3232 2812 νόμῳ
3256 2743 3692 2813 καταϐληθήσης.
3719 2745 3903 2796 Ταῦτα
3924 2745 4111 2795 πάειται

2546 2831 2727 2894 λύσεις
2787 2832 3107 2899 ἐπιφανείς·
3169 2833 3499 2900 ἰπιφανήσει
3547 2833 3603 2886 δὲ
3657 2833 3899 2895 πάντως,
3928 2835 3980 2885 εί
4011 2834 4105 2885 καὶ

899 2921 1183 2990 inquirunt
1221 2933 1275 2978 et
1302 2935 1572 2993 repetunt.
1605 2925 1670 2978 Et
1703 2926 1813 2979 hac
1834 2924 2053 2994 quidem
2097 2933 2180 2978 est
2212 2940 2447 2991 prasens
2552 2941 2585 2992 μ

2422 2941 2447 2976 s
2552 2923 2712 2992 μόνον
2739 2923 2950 2992 βούλει·
2983 2924 3058 2984 ὡς
3095 2924 3168 2975 ῐδε
3196 2924 3290 2976 καὶ
3312 2925 3472 2990 ἡμεῖς
3505 2923 3704 2984 πάντες
3757 2924 3853 2976 σὺν
3896 2924 3982 2976 σοὶ
4011 2926 4106 2976 καὶ

897 3011 1135 3065 civitatis
1161 3012 1346 3077 facies,
1388 3029 1507 3082 qum
1548 3023 1801 3082 tanquam
1829 3014 2032 3083 ingenti
2078 3023 2234 3068 terra:
2293 3022 2442 3066 motu
2550 3011 2578 3066 θ

2397 3023 2442 3066 tu
2550 3011 2731 3066 θανεῖν
2760 3014 3198 3082 ἓτοιμοι.Ταῦτα
3261 3015 3358 3084 μὲν
3388 3013 3448 3067 τὸ
3501 3014 3703 3084 πλῆθος
3753 3010 3838 3068 οἶα
3873 3016 4083 3084 σφόδρα

903 3117 1188 3162 concussa.
1233 3105 1314 3158 vel
1341 3090 1587 3160 turribus
1611 3105 1732 3176 jure
1786 3105 1914 3160 belli
1976 3105 2222 3175 dejectis,
2259 3105 2449 3173 despe-
2475 3099 2518 3154 C
2548 3106 2589 3159 δι

1561 3090 1587 3160 ε’
1611 3105 1732 3176 jure
1786 3105 1914 3160 belli
1976 3105 2222 3175 dejectis,
2259 3105 2449 3173 despe-
2475 3099 2518 3154 C
2548 3105 2789 3166 διακαῶς
2812 3105 2977 3157 αὑτοῦ
3004 3106 3238 3174 ἔχοντες.

900 3203 987 3245 cta
1019 3192 1180 3260 jacet.
1220 3193 1364 3256 Haec,
1399 3195 1442 3248 si
1472 3203 1521 3247 tc
1556 3193 1610 3247 in
1659 3194 1812 3248 urbis
1863 3204 2155 3264 conspectu
2206 3193 2444 3256 dederis,
2486 3193 2667 3248 omnia
2713 3195 2989 3249 restitues.
3069 3194 3144 3249 lili
3193 3201 3396 3258 autem,
3456 3204 3666 3247 tantum
3751 3192 3796 3247 si
3846 3195 4106 3263 volueris,

900 3283 1205 3337 illucesces.
1258 3284 1365 3338 Nos
1439 3284 1710 3353 siquidem
1767 3299 1952 3339 omnes
2017 3295 2194 3340 tecum
2239 3286 2444 3349 vivere,
2488 3293 2662 3338 tecum
2704 3285 2837 3338 mori
2901 3286 3074 3354 parati
3137 3301 3346 3340 sumus.
3385 3283 3508 3339 Hec
3541 3284 3758 3353 quidem
3789 3285 4106 3340 multitudo.

902 3372 980 3427 uti
1011 3373 1294 3441 impotenti
1319 3374 1464 3429 illius
1495 3374 1726 3443 ﬂagrans
1757 3375 2051 3438 desiderio,
2081 3375 2317 3430 dicebat.

971 3463 1028 3515 L.
1063 3462 1263 3516 Coacto
1297 3479 1424 3518 vero
1454 3465 1521 3519 ad
1551 3466 1720 3520 adem
1749 3454 1858 3520 divi
1890 3466 2159 3536 Hippolyti
2195 3465 2445 3530 concilio,

902 3555 995 3622 qui
1023 3555 1174 3608 locus
1199 3552 1474 3622 proximus
1497 3563 1614 3608 erat
1636 3556 1860 3619 carceri,
1887 3556 2111 3610 aderant
2136 3572 2300 3626 prope
2325 3572 2451 3610 cen-

903 3655 1019 3701 tum
1063 3660 1126 3699 ac
1174 3646 1562 3714 quinquaginta
1607 3647 1883 3716 episcopi.
1928 3662 2159 3717 quorum
2203 3649 2449 3702 nonnulli

901 3736 970 3791 ab
1013 3735 1237 3790 Oriente
1283 3745 1578 3800 venerant,
1624 3737 1765 3791 inter
1809 3753 1946 3806 quos
1993 3735 2383 3793 Constantinus
2419 3755 2450 3792 a

905 3828 1102 3882 libellis
1128 3826 1302 3898 magni
1372 3827 1771 3897 areltiprzsulis
1807 3828 1954 3883 viecs
1993 3829 2194 3883 obibat.
2239 3829 2452 3897 Indige-

910 3931 1099 3985 neque
1139 3915 1390 3970 monachi
1438 3931 1626 3972 omnes
1671 3917 1722 3970 in
1768 3917 2013 3973 ordinem
2059 3919 2281 3980 redacti.
2318 3919 2452 3974 ordo

908 4005 1036 4059 item
1070 4003 1322 4060 Ecclesia
1353 4006 1657 4067 universus,
1698 4020 1905 4060 necnon
1951 4006 2157 4074 reliqua
2191 4007 2302 4061 fere
2339 4022 2455 4060 om-

911 4095 998 4147 nis
1046 4094 1198 4148 urbis
1252 4092 1577 4154 multitudo,
1637 4093 1766 4147 illuc
1822 4091 2175 4148 conﬂuxerat.
2222 4093 2454 4148 Omnino

909 4193 1088 4237 autem
1117 4183 1346 4246 Marcus,
1369 4197 1432 4236 ac
1451 4183 1540 4235 alii
1569 4191 1827 4251 praeterea
1853 4183 2095 4252 quinque
2122 4183 2450 4245 sacerdotes,

909 4272 1000 4340 qui
1030 4271 1347 4341 Gregorium
1376 4281 1677 4335 accersant,
1722 4285 1955 4340 eumque
2000 4272 2208 4341 judicio
2237 4273 2452 4327 concilii

912 4363 1124 4424 sistant,
1160 4361 1519 4415 destinantur.
1554 4359 1656 4427 Qui
1703 4375 1824 4414 cum
1858 4371 2052 4430 praesto
2084 4361 2366 4427 adfuisset,
2399 4365 2454 4416 in

911 4459 1110 4506 terram
1158 4460 1240 4506 ter
1284 4465 1342 4504 se
1391 4450 1678 4514 inclinans,
1722 4465 1939 4505 reorum
1987 4467 2135 4506 more
2182 4452 2448 4507 substitit.
2479 4478 2530 4539 ι)

915 4544 1080 4597 Porro
1141 4544 1402 4612 praesules
1466 4542 1775 4611 quicunque
1841 4543 2004 4611 paulo
2071 4543 2454 4599 clementiores

911 4640 1086 4697 erant,
1117 4632 1244 4686 dum
1287 4646 1406 4701 qua
1437 4641 1749 4701 agerentur,
1793 4633 2164 4698 intuebantur,
2207 4635 2456 4706 lacrymis

913 4723 1102 4779 oculos
1129 4723 1542 4792 perfundebant.
1574 4723 1776 4792 impuri
1803 4738 2020 4793 quoque
2049 4724 2318 4779 delatores
2348 4741 2453 4780 una

913 4829 1039 4870 cum
1085 4814 1286 4868 Sabino
1324 4827 1387 4867 ac
1412 4811 1781 4878 Crescentino,
1811 4812 1998 4866 decem
2045 4827 2208 4881 supra
2240 4821 2454 4868 centum

917 4905 1262 4968 assistebant,
1283 4918 1421 4972 quos
1447 4901 1683 4971 pontifex
1711 4917 1850 4956 max.
1876 4918 2024 4957 more
2042 4904 2132 4972 jus
2157 4902 2452 4958 dicentium

919 4995 1292 5062 interrogavit,
1317 4993 1702 5062 numquidnam
1727 4992 2010 5053 haberent.
2035 4993 2178 5060 quod
2199 4993 2456 5062 Gregorio

920 5095 1140 5154 possent
1175 5083 1306 5137 vitio
1345 5093 1573 5147 vertere,
1603 5081 1855 5152 quodque
1895 5083 2110 5136 crimini
2143 5097 2338 5136 nomen
2365 5097 2457 5137 es-

919 5183 1020 5230 set.
1057 5175 1133 5227 llli
1162 5173 1436 5227 lasciviam
1467 5181 1626 5241 atque
1656 5171 1934 5226 libidinem
1965 5172 2202 5240 objicere
2243 5186 2460 5227 asseve-

922 5265 1134 5318 rabant.
1178 5263 1414 5328 Quorum
1444 5262 1742 5317 orationem
1786 5262 2028 5332 pontifex
2060 5261 2412 5331 interpellans
2443 5279 2457 5316 :

2616 3460 2699 3513 N'.
2748 3458 2860 3526 Τῆς
2915 3457 2970 3508 ὁὶ
3025 3458 3240 3510 συνόδου
3291 3457 3516 3524 ἔγγιστα
3556 3458 3651 3512 τοῦ
3715 3459 4106 3528 δεσμωτηρίου

2549 3552 2685 3622 πρὸς
2708 3553 2769 3603 τὸ
2796 3549 2892 3602 τοῦ
2926 3549 3082 3616 ἁγίου
3126 3548 3441 3601 Ἱππολύτου
3467 3549 3946 3618 συναθροισθείσης
3971 3550 4107 3619 ναῷ,

2547 3642 2802 3711 παρῆσαν
2839 3639 2939 3709 μὲν
2989 3638 3279 3691 ἐπίσκοποι
3331 3638 3518 3707 σχεδὸν
3575 3639 3720 3708 ἀμφὶ
3748 3640 3878 3701 τοὺς
3912 3640 4110 3692 ικατδν

2549 3733 2644 3787 καὶ
2692 3732 3050 3798 πεντήκοντα,
3087 3729 3221 3798 πρὸς
3269 3729 3326 3782 δὲ
3354 3728 3561 3790 τούτοις
3587 3727 3681 3781 καί
3719 3745 3862 3792 τινες
3891 3730 4000 3782 τῶν
4044 3733 4111 3782 ἐκ

2548 3823 2650 3889 τῆς
2685 3821 2858 3890 Ἐᾠας
2889 3820 3166 3888 παρῆσαν,
3187 3819 3280 3871 καὶ
3321 3819 3482 3881 αὐτὸς
3501 3819 3558 3871 δὲ
3587 3820 3615 3872 6
3637 3819 3984 3887 χαρτοφύλαξ
4011 3819 4110 3888 τὴν

2550 3913 2644 3966 τοῦ
2679 3913 2914 3983 μεγάλου
2963 3909 3264 3980 ἀρχιερέως
3319 3910 3499 3987 χώραν
3551 3911 3906 3980 ἀποπληρῶν,
3937 3914 4031 3965 καὶ
4083 3915 4112 3964 ὃ

2559 4020 2612 4055 τι
2642 4019 2745 4071 περ
2775 4002 2882 4054 τῶν
2925 4001 3202 4070 ιγχωρίων
3233 4001 3478 4070 μοναχῶν
3507 4000 3780 4071 ἔγκριτον,
3817 4001 3958 4054 καὶὸ
3989 4003 4112 4069 κλῇ.

2561 4109 2650 4162 ρος
2689 4093 2744 4145 δὲ
2776 4092 2940 4154 ἄπας,
2977 4091 3069 4143 καὶ
3101 4091 3128 4142 6
3159 4089 3341 4152 λοιπὸς
3385 4091 3520 4153 ὅλως
3576 4092 3758 4159 σχεδὸν
3814 4091 3972 4160 ὄχλος
4009 4094 4107 4160 τῆς

2553 4183 2777 4244 πόλεως.
2815 4179 3127 4233 Στέλλονται
3152 4180 3209 4232 δὲ
3237 4181 3387 4250 παρὰ
3426 4180 3517 4232 τὸν
3579 4182 3872 4249 Γρηγόριον
3893 4182 3980 4232 ὅτε
4021 4200 4114 4249 μο-

2554 4273 2710 4342 ναχὺς
2739 4272 2964 4339 Μάρκος
2993 4272 3086 4322 καὶ
3111 4270 3289 4338 ῑτεροι
3321 4269 3428 4320 τῶν
3461 4269 3655 4336 ίερέων
3707 4271 3892 4334 πέντε,
3921 4271 4114 4323 τοῦτον

2555 4365 2630 4426 ὡς
2662 4362 2761 4434 τὴν
2814 4362 3032 4414 σύνοδον
3091 4361 3346 4429 ἀγαγεῖν.
3389 4362 3544 4412 Ἐπεὶ
3599 4357 3691 4413 οὖν
3726 4363 3818 4414 καὶ
3860 4362 4110 4429 ἀφίκετο,

2553 4453 2736 4524 τρίτον
2773 4451 2866 4505 επὶ
2887 4453 2986 4521 την
3018 4451 3124 4520 γῆν
3167 4452 3570 4522 προσκυνήσας,
3611 4451 3741 4520 ιστη
3781 4453 3923 4504 κατὰ
3949 4454 4116 4521 νόμον

2553 4542 2661 4596 τῶν
2713 4542 3081 4612 κρινομένωνο
3128 4525 3492 4610 δακρύωνίδὶ
3576 4541 3912 4609 ἐπληροῦντο
3985 4547 4112 4604 τοὶς

2555 4632 2864 4702 ὀφθαλμοὺς
2916 4633 3030 4685 δσοι
3088 4632 3195 4684 τῶν
3256 4631 3444 4700 ίερὲων
3492 4629 3632 4701 ἦσαν
3686 4633 4109 4702 θεοφιλέστεροι.

2557 4727 3003 4797 Παρειστὴκεσσν
3025 4725 3080 4778 δὲ
3123 4724 3217 4778 καὶ
3250 4725 3297 4777 el
3332 4726 3517 4794 μιαροὶ
3538 4726 3865 4794 συκοφάνται
3895 4725 4113 4792 σύναμα

2560 4815 2772 4883 Σαϐίνῳ
2803 4817 2895 4868 καὶ
2925 4815 3295 4884 Κρισκεντίνῳ
3320 4815 3449 4867 δέκα
3476 4814 3566 4867 τδν
3592 4814 3820 4884 ἀριθμὸν
3846 4815 3979 4881 πρὸς
4000 4818 4112 4877 τοῖς

2560 4905 2753 4959 ἑκατὸν
2781 4904 2932 4967 ὄντες
2956 4921 2971 4937 ο
2999 4904 3084 4966 ob;
3114 4903 3245 4973 δῆτα
3269 4907 3298 4956 6
3327 4905 3552 4966 πάππας
3582 4903 4113 4974 προσκαλεσάμενος,

2563 4998 2726 5066 ῆρετο
2747 4994 2888 5048 καθὰ
2942 4996 3008 5064 δὴ
3060 4996 3183 5055 τοὺς
3212 4994 3524 5056 δικάζοντας
3560 4994 3736 5062 θέμις,
3786 4993 3887 5046 κᾶν
3914 4996 4117 5056 ειδότες

2561 5089 2660 5149 τὰς
2699 5085 2978 5156 ἐγκλήσεις
3015 5085 3351 5153 τυγχάνωσιν
3372 5084 3456 5151 ἐφ’
3486 5078 3530 5152 ᾧ
3562 5101 3620 5136 τε
3654 5084 3950 5154 Γρηγορίου
3984 5103 4116 5137 κατ-

2570 5179 2835 5249 ηγοροῖεν,
2873 5175 2968 5228 καὶ
3021 5175 3072 5228 τι
3119 5174 3179 5228 τὸ
3211 5173 3300 5226 τοῦ
3361 5173 3697 5243 ιγκλήματος
3726 5173 3912 5241 ὄνομα.
3947 5175 4009 5227 οἱ
4039 5176 4115 5239 δὲ,

2569 5267 2826 5336 πορνείαν
2880 5265 3029 5335 αύτῷ
3075 5265 3350 5318 ιπικαλεῖν
3391 5265 3616 5332 [φασαν.
3648 5264 3757 5317 Καὶ
3817 5265 3848 5316 6
3887 5265 4117 5326 πάππας

928 5353 1102 5408 Vosne
1126 5353 1344 5423 (inquit)
1373 5353 1474 5422 lpsi
1498 5353 1731 5420 vidistis,
1753 5369 1822 5407 an
1848 5354 2128 5408 mulierem
2159 5353 2212 5408 id
2234 5351 2464 5406 audistis
2565 5358 2614 5411 ὑπ

2428 5353 2464 5405 is
2565 5357 2868 5422 ὑπολαϐὼν,
2906 5358 3138 5425 Πότερον
3169 5356 3226 5409 δὲ
3257 5355 3414 5426 ὑμεῖς
3438 5355 3609 5417 αὐτοὶ,
3644 5354 3799 5422 φησὶ,
3833 5354 4114 5424 ἑωράκατε

920 5443 1226 5498 dicentem?
1248 5443 1330 5497 llli
1350 5458 1480 5498 vero
1501 5443 1788 5498 commenti
1812 5443 2139 5513 principium
2162 5443 2427 5498 ordientes
2449 5461 2462 5494 :

923 5535 1032 5590 Nos
1071 5534 1288 5604 quidem
1337 5535 1634 5602 (dixerunt)
1663 5551 1784 5590 cum
1819 5535 2227 5605 ingrederemur
2271 5534 2337 5589 ad
2385 5534 2465 5603 ip-

2567 5450 2599 5518 ἢ
2629 5448 2729 5517 τῆς
2760 5448 3009 5515 γυναικὸς
3034 5445 3292 5516 λεγούσης
3325 5447 3590 5514 ἠκούσατε
3611 5463 3624 5509 ;
3648 5446 3898 5497 Κάκεῖνοι
3931 5444 4118 5498 λςεπὶιν

2570 5538 2663 5592 τοῦ
2689 5539 3003 5607 πλάσματος
3030 5537 3204 5606 ἀρχὴν
3225 5530 3552 5604 ποιούμενοι,
3581 5533 3770 5601 Ἡμεῖς
3799 5533 3916 5601 μὲν,
3939 5530 4116 5593 εἷπον,

925 5642 1067 5690 sum,
1118 5627 1284 5679 Deum
1329 5626 1395 5680 de
1441 5642 1590 5682 more
1634 5627 1775 5682 circa
1819 5641 2072 5681 auroram
2113 5624 2380 5680 laudaturi
2414 5636 2468 5678 et
2576 5630 2611 5682 εἰ

2422 5636 2468 5678 et
2576 5628 2850 5699 εἰσῄειμεν
2883 5627 3008 5696 παρ’
3036 5626 3192 5679 αὑτὸν
3224 5627 3289 5678 τὰ
3307 5624 3507 5695 συνήθη
3541 5624 3666 5693 περὶ
3702 5621 3797 5690 τὴν
3834 5621 3908 5673 ιω
3939 5638 4108 5691 προα-

929 5717 1223 5779 adoraturi,
1258 5718 1500 5786 hancque
1547 5719 1599 5771 in
1643 5719 1759 5787 ejus
1805 5718 1944 5774 lecto
1986 5719 2272 5773 cubantem
2317 5718 2467 5772 inve-

2582 5718 2826 5788 εροῦντες
2858 5719 2946 5770 καὶ
2973 5717 3430 5784 προσκυνήσοντες
3456 5731 3468 5743 ο
3494 5713 3735 5780 εὑρόντες
3755 5712 3806 5766 δὲ
3839 5714 4042 5781 ταύτην
4065 5715 4117 5761 ιν
