  <div class='ocr_page' id='page_1' title='image "/cluster/home/n/w/nwhite01/storage/ocr_20150623/116/nnc1.0046980156/148.png"; bbox 0 0 4270 6428; ppageno 0'>
   <div class='ocr_carea' id='block_1_1' title="bbox 212 413 315 477">
    <p class='ocr_par' dir='ltr' id='par_1_1' title="bbox 212 413 315 477">
     <span class='ocr_line' id='line_1_1' title="bbox 212 413 315 477; baseline 0 0"><span class='ocrx_word' id='word_1_1' title='bbox 212 413 315 477; x_wconf 68' lang='lat'><strong>257</strong></span> 
     </span>
    </p>
   </div>
   <div class='ocr_carea' id='block_1_2' title="bbox 1162 403 2425 471">
    <p class='ocr_par' dir='ltr' id='par_1_2' title="bbox 1162 403 2425 471">
     <span class='ocr_line' id='line_1_2' title="bbox 1162 403 2425 471; baseline -0.006 0"><span class='ocrx_word' id='word_1_2' title='bbox 1162 408 1336 471; x_wconf 73' lang='lat' dir='ltr'><strong>VlTA</strong></span> <span class='ocrx_word' id='word_1_3' title='bbox 1377 409 1437 467; x_wconf 85' lang='lat' dir='ltr'><strong>S.</strong></span> <span class='ocrx_word' id='word_1_4' title='bbox 1472 405 1846 467; x_wconf 75' lang='lat' dir='ltr'><strong>GREGORII</strong></span> <span class='ocrx_word' id='word_1_5' title='bbox 1891 403 2425 464; x_wconf 63' lang='lat' dir='ltr'><strong>AGlllGENTiNl.</strong></span> 
     </span>
    </p>
   </div>
   <div class='ocr_carea' id='block_1_3' title="bbox 3304 402 3408 467">
    <p class='ocr_par' dir='ltr' id='par_1_3' title="bbox 3304 402 3408 467">
     <span class='ocr_line' id='line_1_3' title="bbox 3304 402 3408 467; baseline 0.029 -3"><span class='ocrx_word' id='word_1_6' title='bbox 3304 402 3408 467; x_wconf 78' lang='lat'><strong>258</strong></span> 
     </span>
    </p>
   </div>
   <div class='ocr_carea' id='block_1_4' title="bbox 198 507 1884 593">
    <p class='ocr_par' dir='ltr' id='par_1_4' title="bbox 198 515 1884 593">
     <span class='ocr_line' id='line_1_4' title="bbox 198 515 1884 593; baseline -0.004 -18"><span class='ocrx_word' id='word_1_7' title='bbox 198 524 277 593; x_wconf 75' lang='grc' dir='ltr'><strong>τῷ</strong></span> <span class='ocrx_word' id='word_1_8' title='bbox 314 522 535 575; x_wconf 76' lang='grc' dir='ltr'>κοιτῶνι</span> <span class='ocrx_word' id='word_1_9' title='bbox 605 520 769 575; x_wconf 73' lang='grc' dir='ltr'>αὐτοῦ</span> <span class='ocrx_word' id='word_1_10' title='bbox 830 519 1114 589; x_wconf 73' lang='grc' dir='ltr'><strong>κειμένην,</strong></span> <span class='ocrx_word' id='word_1_11' title='bbox 1166 516 1524 587; x_wconf 76' lang='grc' dir='ltr'>κατίσχομεν.</span> <span class='ocrx_word' id='word_1_12' title='bbox 1556 516 1645 580; x_wconf 82' lang='grc' dir='ltr'>,Ἦ</span> <span class='ocrx_word' id='word_1_13' title='bbox 1680 515 1757 578; x_wconf 64' lang='grc' dir='ltr'>δὲ,</span> <span class='ocrx_word' id='word_1_14' title='bbox 1791 521 1831 575; x_wconf 72' lang='grc' dir='ltr'><strong>Α</strong></span> <span class='ocrx_word' id='word_1_15' title='bbox 1864 526 1884 563; x_wconf 73' lang='lat' dir='ltr'>r</span> 
     </span>
    </p>
   </div>
   <div class='ocr_carea' id='block_1_5' title="bbox 1722 507 3408 593">
    <p class='ocr_par' dir='ltr' id='par_1_5' title="bbox 1722 507 3408 583">
     <span class='ocr_line' id='line_1_5' title="bbox 1722 507 3408 583; baseline 0.001 -19"><span class='ocrx_word' id='word_1_16' title='bbox 1722 519 1757 578; x_wconf 75' lang='grc' dir='ltr'><strong>ι,</strong></span> <span class='ocrx_word' id='word_1_17' title='bbox 1791 521 1831 575; x_wconf 71' lang='grc' dir='ltr'><strong>Α</strong></span> <span class='ocrx_word' id='word_1_18' title='bbox 1864 511 2156 570; x_wconf 85' lang='lat' dir='ltr'><strong>nissemus.</strong></span> <span class='ocrx_word' id='word_1_19' title='bbox 2177 509 2704 577; x_wconf 77' lang='lat' dir='ltr'><strong>comprehendimus.</strong></span> <span class='ocrx_word' id='word_1_20' title='bbox 2738 507 3003 563; x_wconf 72' lang='lat' dir='ltr'><strong>Caeterum</strong></span> <span class='ocrx_word' id='word_1_21' title='bbox 3029 509 3141 579; x_wconf 89' lang='lat' dir='ltr'><strong>ipsa</strong></span> <span class='ocrx_word' id='word_1_22' title='bbox 3172 526 3408 583; x_wconf 81' lang='lat' dir='ltr'><strong>quoque,</strong></span> 
     </span>
    </p>
   </div>
   <div class='ocr_carea' id='block_1_6' title="bbox 193 605 1746 677">
    <p class='ocr_par' dir='ltr' id='par_1_6' title="bbox 193 605 1746 677">
     <span class='ocr_line' id='line_1_6' title="bbox 193 605 1746 677; baseline -0.005 -12"><span class='ocrx_word' id='word_1_23' title='bbox 193 615 335 665; x_wconf 78' lang='grc' dir='ltr'>κατᾶ</span> <span class='ocrx_word' id='word_1_24' title='bbox 370 612 428 663; x_wconf 83' lang='grc' dir='ltr'><strong>τὺ</strong></span> <span class='ocrx_word' id='word_1_25' title='bbox 459 610 625 673; x_wconf 77' lang='grc' dir='ltr'>εἰκὸς,</span> <span class='ocrx_word' id='word_1_26' title='bbox 667 609 1085 677; x_wconf 68' lang='grc' dir='ltr'>ἀνακρινομένη,</span> <span class='ocrx_word' id='word_1_27' title='bbox 1136 609 1268 676; x_wconf 78' lang='grc' dir='ltr'>ἡμῖν</span> <span class='ocrx_word' id='word_1_28' title='bbox 1322 622 1384 658; x_wconf 88' lang='grc' dir='ltr'><strong>τε</strong></span> <span class='ocrx_word' id='word_1_29' title='bbox 1425 605 1487 658; x_wconf 70' lang='grc' dir='ltr'>τὸ</span> <span class='ocrx_word' id='word_1_30' title='bbox 1518 607 1746 674; x_wconf 73' lang='grc' dir='ltr'>πρᾶγμα</span> 
     </span>
    </p>
   </div>
   <div class='ocr_carea' id='block_1_7' title="bbox 191 694 1744 769">
    <p class='ocr_par' dir='ltr' id='par_1_7' title="bbox 191 694 1744 769">
     <span class='ocr_line' id='line_1_7' title="bbox 191 694 1744 769; baseline -0.004 -18"><span class='ocrx_word' id='word_1_31' title='bbox 191 701 447 769; x_wconf 72' lang='grc' dir='ltr'>φανερὸν,</span> <span class='ocrx_word' id='word_1_32' title='bbox 484 700 619 753; x_wconf 76' lang='grc' dir='ltr'>ἀλλὰ</span> <span class='ocrx_word' id='word_1_33' title='bbox 651 700 745 752; x_wconf 85' lang='grc' dir='ltr'>καὶ</span> <span class='ocrx_word' id='word_1_34' title='bbox 768 697 917 767; x_wconf 81' lang='grc' dir='ltr'><strong>αὐτῷ</strong></span> <span class='ocrx_word' id='word_1_35' title='bbox 952 696 1027 767; x_wconf 84' lang='grc' dir='ltr'><strong>τῷ</strong></span> <span class='ocrx_word' id='word_1_36' title='bbox 1057 696 1272 766; x_wconf 74' lang='grc' dir='ltr'>ἰξάρχῳ</span> <span class='ocrx_word' id='word_1_37' title='bbox 1311 694 1521 749; x_wconf 82' lang='grc' dir='ltr'>πολλῶν</span> <span class='ocrx_word' id='word_1_38' title='bbox 1548 694 1744 762; x_wconf 77' lang='grc' dir='ltr'>παρόν-</span> 
     </span>
    </p>
   </div>
   <div class='ocr_carea' id='block_1_8' title="bbox 188 782 1744 858">
    <p class='ocr_par' dir='ltr' id='par_1_8' title="bbox 188 782 1744 858">
     <span class='ocr_line' id='line_1_8' title="bbox 188 782 1744 858; baseline -0.005 -15"><span class='ocrx_word' id='word_1_39' title='bbox 188 808 298 843; x_wconf 84' lang='grc' dir='ltr'><strong>των</strong></span> <span class='ocrx_word' id='word_1_40' title='bbox 327 791 629 858; x_wconf 73' lang='grc' dir='ltr'>κατέστησε</span> <span class='ocrx_word' id='word_1_41' title='bbox 678 790 881 842; x_wconf 74' lang='grc' dir='ltr'>τούτων</span> <span class='ocrx_word' id='word_1_42' title='bbox 918 790 1078 858; x_wconf 74' lang='grc' dir='ltr'>ἡμεῖς</span> <span class='ocrx_word' id='word_1_43' title='bbox 1106 788 1266 840; x_wconf 80' lang='grc' dir='ltr'>πλέον</span> <span class='ocrx_word' id='word_1_44' title='bbox 1295 785 1451 854; x_wconf 78' lang='grc' dir='ltr'>ῐσμεν</span> <span class='ocrx_word' id='word_1_45' title='bbox 1500 783 1673 848; x_wconf 69' lang='grc' dir='ltr'>οὐδὲν,</span> <span class='ocrx_word' id='word_1_46' title='bbox 1710 782 1744 852; x_wconf 75' lang='grc' dir='ltr'>ἢ</span> 
     </span>
    </p>
   </div>
   <div class='ocr_carea' id='block_1_9' title="bbox 187 874 1745 949">
    <p class='ocr_par' dir='ltr' id='par_1_9' title="bbox 187 874 1745 949">
     <span class='ocr_line' id='line_1_9' title="bbox 187 874 1745 949; baseline -0.004 -17"><span class='ocrx_word' id='word_1_47' title='bbox 187 883 272 932; x_wconf 75' lang='grc' dir='ltr'>ὅτι</span> <span class='ocrx_word' id='word_1_48' title='bbox 296 882 358 945; x_wconf 65' lang='grc' dir='ltr'><strong>ἐξ</strong></span> <span class='ocrx_word' id='word_1_49' title='bbox 388 879 593 932; x_wconf 68' lang='grc' dir='ltr'>ἐκείνου</span> <span class='ocrx_word' id='word_1_50' title='bbox 625 879 845 949; x_wconf 83' lang='grc' dir='ltr'>πονηρῷ</span> <span class='ocrx_word' id='word_1_51' title='bbox 875 880 1152 948; x_wconf 79' lang='grc' dir='ltr'>πνεύματι</span> <span class='ocrx_word' id='word_1_52' title='bbox 1212 879 1437 945; x_wconf 75' lang='grc' dir='ltr'><strong>κάτοχος</strong></span> <span class='ocrx_word' id='word_1_53' title='bbox 1482 874 1745 945; x_wconf 63' lang='grc' dir='ltr'>γενομένη</span> 
     </span>
    </p>
   </div>
   <div class='ocr_carea' id='block_1_10' title="bbox 187 966 1748 1040">
    <p class='ocr_par' dir='ltr' id='par_1_10' title="bbox 187 966 1748 1040">
     <span class='ocr_line' id='line_1_10' title="bbox 187 966 1748 1040; baseline -0.003 -18"><span class='ocrx_word' id='word_1_54' title='bbox 187 972 277 1023; x_wconf 64' lang='grc' dir='ltr'>διὰ</span> <span class='ocrx_word' id='word_1_55' title='bbox 301 972 364 1022; x_wconf 74' lang='grc' dir='ltr'>τὸ</span> <span class='ocrx_word' id='word_1_56' title='bbox 394 970 662 1040; x_wconf 74' lang='grc' dir='ltr'><strong>τολμηθὲν</strong></span> <span class='ocrx_word' id='word_1_57' title='bbox 694 971 881 1032; x_wconf 77' lang='grc' dir='ltr'>αὐτοῖς</span> <span class='ocrx_word' id='word_1_58' title='bbox 915 972 1069 1037; x_wconf 77' lang='grc' dir='ltr'>ἄγος,</span> <span class='ocrx_word' id='word_1_59' title='bbox 1108 969 1295 1031; x_wconf 85' lang='grc' dir='ltr'>δεινῶς</span> <span class='ocrx_word' id='word_1_60' title='bbox 1319 968 1397 1028; x_wconf 88' lang='grc' dir='ltr'><strong>εἰς</strong></span> <span class='ocrx_word' id='word_1_61' title='bbox 1420 966 1501 1019; x_wconf 68' lang='grc' dir='ltr'>ἔτι</span> <span class='ocrx_word' id='word_1_62' title='bbox 1534 968 1627 1020; x_wconf 75' lang='grc' dir='ltr'>καὶ</span> <span class='ocrx_word' id='word_1_63' title='bbox 1652 966 1748 1019; x_wconf 89' lang='grc' dir='ltr'><strong>νῦν</strong></span> 
     </span>
    </p>
   </div>
   <div class='ocr_carea' id='block_1_11' title="bbox 191 1056 1744 1131">
    <p class='ocr_par' dir='ltr' id='par_1_11' title="bbox 191 1056 1744 1131">
     <span class='ocr_line' id='line_1_11' title="bbox 191 1056 1744 1131; baseline -0.002 -17"><span class='ocrx_word' id='word_1_64' title='bbox 191 1062 566 1131; x_wconf 73' lang='grc' dir='ltr'><strong>βασανίζεται.</strong></span> <span class='ocrx_word' id='word_1_65' title='bbox 596 1060 781 1125; x_wconf 87' lang='grc' dir='ltr'>Οῦτως</span> <span class='ocrx_word' id='word_1_66' title='bbox 810 1063 857 1114; x_wconf 84' lang='lat' dir='ltr'><strong>oi</strong></span> <span class='ocrx_word' id='word_1_67' title='bbox 889 1062 1082 1131; x_wconf 79' lang='grc' dir='ltr'><strong>γόητες</strong></span> <span class='ocrx_word' id='word_1_68' title='bbox 1130 1061 1224 1114; x_wconf 82' lang='grc' dir='ltr'>καὶ</span> <span class='ocrx_word' id='word_1_69' title='bbox 1267 1060 1428 1111; x_wconf 78' lang='grc' dir='ltr'>δεινοὶ</span> <span class='ocrx_word' id='word_1_70' title='bbox 1451 1058 1543 1111; x_wconf 87' lang='grc' dir='ltr'><strong>τοῦ</strong></span> <span class='ocrx_word' id='word_1_71' title='bbox 1572 1056 1744 1111; x_wconf 79' lang='grc' dir='ltr'>δεινοῦ</span> 
     </span>
    </p>
   </div>
   <div class='ocr_carea' id='block_1_12' title="bbox 188 1147 1749 1222">
    <p class='ocr_par' dir='ltr' id='par_1_12' title="bbox 188 1147 1749 1222">
     <span class='ocr_line' id='line_1_12' title="bbox 188 1147 1749 1222; baseline -0.004 -17"><span class='ocrx_word' id='word_1_72' title='bbox 188 1154 444 1220; x_wconf 86' lang='grc' dir='ltr'>δαίμονος</span> <span class='ocrx_word' id='word_1_73' title='bbox 508 1154 759 1222; x_wconf 73' lang='grc' dir='ltr'>μιμηταὶ,</span> <span class='ocrx_word' id='word_1_74' title='bbox 810 1152 876 1204; x_wconf 84' lang='grc' dir='ltr'><strong>δι’</strong></span> <span class='ocrx_word' id='word_1_75' title='bbox 916 1147 991 1205; x_wconf 84' lang='grc' dir='ltr'>ὧν</span> <span class='ocrx_word' id='word_1_76' title='bbox 1038 1153 1190 1205; x_wconf 80' lang='grc' dir='ltr'>αὐτοὶ</span> <span class='ocrx_word' id='word_1_77' title='bbox 1240 1151 1440 1219; x_wconf 79' lang='grc' dir='ltr'>μᾶλλον</span> <span class='ocrx_word' id='word_1_78' title='bbox 1480 1165 1749 1215; x_wconf 78' lang='grc' dir='ltr'>συκοφαν-</span> 
     </span>
    </p>
   </div>
   <div class='ocr_carea' id='block_1_13' title="bbox 188 1238 1747 1310">
    <p class='ocr_par' dir='ltr' id='par_1_13' title="bbox 188 1238 1747 1310">
     <span class='ocr_line' id='line_1_13' title="bbox 188 1238 1747 1310; baseline -0.003 -17"><span class='ocrx_word' id='word_1_79' title='bbox 188 1244 409 1302; x_wconf 73' lang='grc' dir='ltr'>τοῦντες</span> <span class='ocrx_word' id='word_1_80' title='bbox 445 1243 711 1307; x_wconf 76' lang='grc' dir='ltr'><strong>ἑάλωσαν,</strong></span> <span class='ocrx_word' id='word_1_81' title='bbox 752 1243 839 1295; x_wconf 63' lang='grc' dir='ltr'>διὰ</span> <span class='ocrx_word' id='word_1_82' title='bbox 870 1242 1073 1295; x_wconf 79' lang='grc' dir='ltr'>τούτων</span> <span class='ocrx_word' id='word_1_83' title='bbox 1105 1240 1282 1293; x_wconf 81' lang='grc' dir='ltr'>αὐτῶν</span> <span class='ocrx_word' id='word_1_84' title='bbox 1312 1239 1617 1310; x_wconf 76' lang='grc' dir='ltr'>κρατύνειν,</span> <span class='ocrx_word' id='word_1_85' title='bbox 1650 1238 1747 1305; x_wconf 81' lang='grc' dir='ltr'>τὴν</span> 
     </span>
    </p>
   </div>
   <div class='ocr_carea' id='block_1_14' title="bbox 192 1333 853 1402">
    <p class='ocr_par' dir='ltr' id='par_1_14' title="bbox 192 1333 853 1402">
     <span class='ocr_line' id='line_1_14' title="bbox 192 1333 853 1402; baseline -0.006 -15"><span class='ocrx_word' id='word_1_86' title='bbox 192 1334 558 1402; x_wconf 71' lang='grc' dir='ltr'>συκοφαντίαν</span> <span class='ocrx_word' id='word_1_87' title='bbox 589 1333 853 1399; x_wconf 73' lang='grc' dir='ltr'>ἔγνωσαν.</span> 
     </span>
    </p>
   </div>
   <div class='ocr_carea' id='block_1_15' title="bbox 263 1422 1743 1496">
    <p class='ocr_par' dir='ltr' id='par_1_15' title="bbox 263 1422 1743 1496">
     <span class='ocr_line' id='line_1_15' title="bbox 263 1422 1743 1496; baseline -0.005 -17"><span class='ocrx_word' id='word_1_88' title='bbox 263 1427 400 1479; x_wconf 71' lang='grc' dir='ltr'><strong>ΝΑ’.</strong></span> <span class='ocrx_word' id='word_1_89' title='bbox 450 1426 586 1477; x_wconf 82' lang='grc' dir='ltr'>Ἀλλ’</span> <span class='ocrx_word' id='word_1_90' title='bbox 616 1426 661 1475; x_wconf 83' lang='grc' dir='ltr'>οξ</span> <span class='ocrx_word' id='word_1_91' title='bbox 698 1426 802 1479; x_wconf 84' lang='grc' dir='ltr'><strong>τῶν</strong></span> <span class='ocrx_word' id='word_1_92' title='bbox 832 1426 1040 1496; x_wconf 71' lang='grc' dir='ltr'><strong>⁴ἱερέων</strong></span> <span class='ocrx_word' id='word_1_93' title='bbox 1074 1426 1280 1495; x_wconf 79' lang='grc' dir='ltr'>ἰσχυροὶ</span> <span class='ocrx_word' id='word_1_94' title='bbox 1320 1424 1622 1493; x_wconf 78' lang='grc' dir='ltr'>προστάται</span> <span class='ocrx_word' id='word_1_95' title='bbox 1650 1422 1743 1488; x_wconf 69' lang='grc' dir='ltr'>τῆς</span> 
     </span>
    </p>
   </div>
   <div class='ocr_carea' id='block_1_16' title="bbox 188 1515 1742 1585">
    <p class='ocr_par' dir='ltr' id='par_1_16' title="bbox 188 1515 1742 1585">
     <span class='ocr_line' id='line_1_16' title="bbox 188 1515 1742 1585; baseline -0.005 -17"><span class='ocrx_word' id='word_1_96' title='bbox 188 1516 471 1585; x_wconf 81' lang='grc' dir='ltr'>ἀληθείας,</span> <span class='ocrx_word' id='word_1_97' title='bbox 502 1517 698 1569; x_wconf 80' lang='grc' dir='ltr'>αὐτίκα</span> <span class='ocrx_word' id='word_1_98' title='bbox 747 1518 807 1568; x_wconf 73' lang='grc' dir='ltr'><strong>τὸ</strong></span> <span class='ocrx_word' id='word_1_99' title='bbox 829 1516 1022 1583; x_wconf 74' lang='grc' dir='ltr'>ψεῦδος</span> <span class='ocrx_word' id='word_1_100' title='bbox 1054 1516 1423 1585; x_wconf 74' lang='grc' dir='ltr'>φωράσαντες,</span> <span class='ocrx_word' id='word_1_101' title='bbox 1466 1515 1570 1565; x_wconf 59' lang='grc' dir='ltr'><strong>Καὶ</strong></span> <span class='ocrx_word' id='word_1_102' title='bbox 1616 1516 1742 1580; x_wconf 73' lang='grc' dir='ltr'>μὴν,</span> 
     </span>
    </p>
   </div>
   <div class='ocr_carea' id='block_1_17' title="bbox 187 1602 1745 1675">
    <p class='ocr_par' dir='ltr' id='par_1_17' title="bbox 187 1602 1745 1675">
     <span class='ocr_line' id='line_1_17' title="bbox 187 1602 1745 1675; baseline -0.003 -18"><span class='ocrx_word' id='word_1_103' title='bbox 187 1602 363 1662; x_wconf 69' lang='grc' dir='ltr'>εἶπον.</span> <span class='ocrx_word' id='word_1_104' title='bbox 394 1609 438 1657; x_wconf 87' lang='grc' dir='ltr'><strong>εί</strong></span> <span class='ocrx_word' id='word_1_105' title='bbox 462 1607 632 1660; x_wconf 74' lang='grc' dir='ltr'><strong>ταίτά</strong></span> <span class='ocrx_word' id='word_1_106' title='bbox 654 1606 926 1675; x_wconf 61' lang='grc' dir='ltr'>γεςάληθῆ,</span> <span class='ocrx_word' id='word_1_107' title='bbox 967 1607 1271 1659; x_wconf 64' lang='grc' dir='ltr'>τούναντίον</span> <span class='ocrx_word' id='word_1_108' title='bbox 1296 1605 1402 1657; x_wconf 71' lang='grc' dir='ltr'>ἔδει</span> <span class='ocrx_word' id='word_1_109' title='bbox 1432 1605 1627 1671; x_wconf 74' lang='grc' dir='ltr'>μᾶλλον</span> <span class='ocrx_word' id='word_1_110' title='bbox 1652 1620 1745 1668; x_wconf 83' lang='grc' dir='ltr'>γε-</span> 
     </span>
    </p>
   </div>
   <div class='ocr_carea' id='block_1_18' title="bbox 186 1692 1749 1763">
    <p class='ocr_par' dir='ltr' id='par_1_18' title="bbox 186 1692 1749 1763">
     <span class='ocr_line' id='line_1_18' title="bbox 186 1692 1749 1763; baseline -0.004 -16"><span class='ocrx_word' id='word_1_111' title='bbox 186 1697 402 1748; x_wconf 64' lang='grc' dir='ltr'>νὲσῦαν</span> <span class='ocrx_word' id='word_1_112' title='bbox 433 1697 524 1749; x_wconf 71' lang='grc' dir='ltr'>καὶ</span> <span class='ocrx_word' id='word_1_113' title='bbox 560 1697 849 1749; x_wconf 82' lang='grc' dir='ltr'>σιωπῶσαν</span> <span class='ocrx_word' id='word_1_114' title='bbox 874 1696 972 1763; x_wconf 82' lang='grc' dir='ltr'>μὲν</span> <span class='ocrx_word' id='word_1_115' title='bbox 1002 1695 1063 1747; x_wconf 79' lang='grc' dir='ltr'>τὸ</span> <span class='ocrx_word' id='word_1_116' title='bbox 1110 1696 1238 1763; x_wconf 80' lang='grc' dir='ltr'>ἄγος</span> <span class='ocrx_word' id='word_1_117' title='bbox 1286 1694 1379 1745; x_wconf 72' lang='grc' dir='ltr'>καὶ</span> <span class='ocrx_word' id='word_1_118' title='bbox 1410 1692 1749 1762; x_wconf 68' lang='grc' dir='ltr'>ἀρνουμένην</span> 
     </span>
    </p>
   </div>
   <div class='ocr_carea' id='block_1_19' title="bbox 192 1783 1744 1856">
    <p class='ocr_par' dir='ltr' id='par_1_19' title="bbox 192 1783 1744 1856">
     <span class='ocr_line' id='line_1_19' title="bbox 192 1783 1744 1856; baseline 0.005 -19"><span class='ocrx_word' id='word_1_119' title='bbox 192 1788 437 1855; x_wconf 83' lang='grc' dir='ltr'>ἰσχυρῶς</span> <span class='ocrx_word' id='word_1_120' title='bbox 486 1788 654 1855; x_wconf 76' lang='grc' dir='ltr'>αὐτὴν</span> <span class='ocrx_word' id='word_1_121' title='bbox 687 1788 773 1839; x_wconf 73' lang='grc' dir='ltr'><strong>διὰ</strong></span> <span class='ocrx_word' id='word_1_122' title='bbox 798 1786 894 1838; x_wconf 89' lang='grc' dir='ltr'><strong>τοῦ</strong></span> <span class='ocrx_word' id='word_1_123' title='bbox 933 1787 1184 1856; x_wconf 80' lang='grc' dir='ltr'>δαίμονος</span> <span class='ocrx_word' id='word_1_124' title='bbox 1244 1784 1392 1853; x_wconf 74' lang='grc' dir='ltr'>παρὰ</span> <span class='ocrx_word' id='word_1_125' title='bbox 1440 1784 1539 1852; x_wconf 83' lang='grc' dir='ltr'>τῆς</span> <span class='ocrx_word' id='word_1_126' title='bbox 1589 1783 1744 1850; x_wconf 73' lang='grc' dir='ltr'>δίκης</span> 
     </span>
    </p>
   </div>
   <div class='ocr_carea' id='block_1_20' title="bbox 189 1873 1750 1945">
    <p class='ocr_par' dir='ltr' id='par_1_20' title="bbox 189 1873 1750 1945">
     <span class='ocr_line' id='line_1_20' title="bbox 189 1873 1750 1945; baseline -0.001 -19"><span class='ocrx_word' id='word_1_127' title='bbox 189 1875 507 1941; x_wconf 75' lang='grc' dir='ltr'>ὲτάζεσθαι,</span> <span class='ocrx_word' id='word_1_128' title='bbox 536 1876 902 1945; x_wconf 74' lang='grc' dir='ltr'><strong>ὁμολογούσης</strong></span> <span class='ocrx_word' id='word_1_129' title='bbox 939 1876 1109 1929; x_wconf 76' lang='grc' dir='ltr'>δὲκαὶ</span> <span class='ocrx_word' id='word_1_130' title='bbox 1133 1876 1461 1943; x_wconf 78' lang='grc' dir='ltr'>συγγνώμην</span> <span class='ocrx_word' id='word_1_131' title='bbox 1492 1873 1750 1941; x_wconf 78' lang='grc' dir='ltr'>αἰτούσης</span> 
     </span>
    </p>
   </div>
   <div class='ocr_carea' id='block_1_21' title="bbox 195 1967 1750 2037">
    <p class='ocr_par' dir='ltr' id='par_1_21' title="bbox 195 1967 1750 2037">
     <span class='ocr_line' id='line_1_21' title="bbox 195 1967 1750 2037; baseline -0.001 -20"><span class='ocrx_word' id='word_1_132' title='bbox 195 1968 223 2017; x_wconf 76' lang='grc' dir='ltr'>ὃ</span> <span class='ocrx_word' id='word_1_133' title='bbox 254 1984 313 2017; x_wconf 77' lang='grc' dir='ltr'><strong>τε</strong></span> <span class='ocrx_word' id='word_1_134' title='bbox 343 1968 472 2028; x_wconf 72' lang='grc' dir='ltr'>Θεὸς</span> <span class='ocrx_word' id='word_1_135' title='bbox 510 1968 710 2035; x_wconf 74' lang='grc' dir='ltr'>ἀνῆκεν</span> <span class='ocrx_word' id='word_1_136' title='bbox 740 1970 803 2020; x_wconf 81' lang='grc' dir='ltr'>ἂν</span> <span class='ocrx_word' id='word_1_137' title='bbox 828 1968 922 2037; x_wconf 80' lang='grc' dir='ltr'>τὴν</span> <span class='ocrx_word' id='word_1_138' title='bbox 952 1967 1141 2037; x_wconf 81' lang='grc' dir='ltr'>ὀργὴν,</span> <span class='ocrx_word' id='word_1_139' title='bbox 1176 1969 1268 2018; x_wconf 78' lang='grc' dir='ltr'>καὶ</span> <span class='ocrx_word' id='word_1_140' title='bbox 1306 1968 1333 2017; x_wconf 84' lang='grc' dir='ltr'><strong>ό</strong></span> <span class='ocrx_word' id='word_1_141' title='bbox 1355 1973 1565 2035; x_wconf 81' lang='grc' dir='ltr'>οαίμων</span> <span class='ocrx_word' id='word_1_142' title='bbox 1590 1968 1637 2017; x_wconf 85' lang='grc' dir='ltr'><strong>εἰ</strong></span> <span class='ocrx_word' id='word_1_143' title='bbox 1657 1968 1750 2015; x_wconf 66' lang='grc' dir='ltr'><strong>κς).</strong></span> 
     </span>
    </p>
   </div>
   <div class='ocr_carea' id='block_1_22' title="bbox 190 2049 1750 2125">
    <p class='ocr_par' dir='ltr' id='par_1_22' title="bbox 190 2049 1750 2125">
     <span class='ocr_line' id='line_1_22' title="bbox 190 2049 1750 2125; baseline -0.001 -18"><span class='ocrx_word' id='word_1_144' title='bbox 190 2056 487 2124; x_wconf 75' lang='grc' dir='ltr'>προλαδὼν</span> <span class='ocrx_word' id='word_1_145' title='bbox 510 2056 700 2123; x_wconf 71' lang='grc' dir='ltr'>ἔτυχεν</span> <span class='ocrx_word' id='word_1_146' title='bbox 753 2056 1033 2119; x_wconf 73' lang='grc' dir='ltr'>εἰσελθεῖν,</span> <span class='ocrx_word' id='word_1_147' title='bbox 1080 2053 1410 2125; x_wconf 78' lang='grc' dir='ltr'>ἀπελήλατο.</span> <span class='ocrx_word' id='word_1_148' title='bbox 1472 2054 1653 2116; x_wconf 82' lang='grc' dir='ltr'>Οὖτως</span> <span class='ocrx_word' id='word_1_149' title='bbox 1693 2049 1750 2106; x_wconf 80' lang='grc' dir='ltr'><strong>εῦ</strong></span> 
     </span>
    </p>
   </div>
   <div class='ocr_carea' id='block_1_23' title="bbox 192 2147 1748 2217">
    <p class='ocr_par' dir='ltr' id='par_1_23' title="bbox 192 2147 1748 2217">
     <span class='ocr_line' id='line_1_23' title="bbox 192 2147 1748 2217; baseline 0 -20"><span class='ocrx_word' id='word_1_150' title='bbox 192 2152 287 2198; x_wconf 71' lang='grc' dir='ltr'>καὶ</span> <span class='ocrx_word' id='word_1_151' title='bbox 316 2147 493 2210; x_wconf 78' lang='grc' dir='ltr'>καλῶς</span> <span class='ocrx_word' id='word_1_152' title='bbox 533 2149 703 2217; x_wconf 69' lang='grc' dir='ltr'>αὐτὴν</span> <span class='ocrx_word' id='word_1_153' title='bbox 728 2147 810 2215; x_wconf 77' lang='grc' dir='ltr'><strong>ἐφ’</strong></span> <span class='ocrx_word' id='word_1_154' title='bbox 839 2148 1033 2216; x_wconf 76' lang='grc' dir='ltr'>ἑαυτῆς</span> <span class='ocrx_word' id='word_1_155' title='bbox 1057 2148 1152 2217; x_wconf 76' lang='grc' dir='ltr'>τὴν</span> <span class='ocrx_word' id='word_1_156' title='bbox 1202 2147 1564 2214; x_wconf 72' lang='grc' dir='ltr'>συκοφαντίαν</span> <span class='ocrx_word' id='word_1_157' title='bbox 1608 2147 1748 2215; x_wconf 74' lang='grc' dir='ltr'>σφή-</span> 
     </span>
    </p>
   </div>
   <div class='ocr_carea' id='block_1_24' title="bbox 192 2237 1747 2307">
    <p class='ocr_par' dir='ltr' id='par_1_24' title="bbox 192 2237 1747 2307">
     <span class='ocr_line' id='line_1_24' title="bbox 192 2237 1747 2307; baseline 0 -21"><span class='ocrx_word' id='word_1_158' title='bbox 192 2237 404 2300; x_wconf 66' lang='grc' dir='ltr'>λαντες.</span> <span class='ocrx_word' id='word_1_159' title='bbox 452 2239 677 2304; x_wconf 77' lang='grc' dir='ltr'>ἄγουσιν</span> <span class='ocrx_word' id='word_1_160' title='bbox 729 2239 807 2298; x_wconf 81' lang='grc' dir='ltr'><strong>εἰς</strong></span> <span class='ocrx_word' id='word_1_161' title='bbox 860 2239 1022 2307; x_wconf 78' lang='grc' dir='ltr'>μέσον</span> <span class='ocrx_word' id='word_1_162' title='bbox 1052 2238 1146 2290; x_wconf 70' lang='grc' dir='ltr'>καὶ</span> <span class='ocrx_word' id='word_1_163' title='bbox 1189 2237 1284 2307; x_wconf 80' lang='grc' dir='ltr'>τὴν</span> <span class='ocrx_word' id='word_1_164' title='bbox 1333 2237 1499 2306; x_wconf 80' lang='grc' dir='ltr'>κόρην</span> <span class='ocrx_word' id='word_1_165' title='bbox 1556 2237 1747 2304; x_wconf 72' lang='grc' dir='ltr'>αὑτήν.</span> 
     </span>
    </p>
   </div>
   <div class='ocr_carea' id='block_1_25' title="bbox 201 2325 1751 2396">
    <p class='ocr_par' dir='ltr' id='par_1_25' title="bbox 201 2325 1751 2396">
     <span class='ocr_line' id='line_1_25' title="bbox 201 2325 1751 2396; baseline -0.001 -19"><span class='ocrx_word' id='word_1_166' title='bbox 201 2328 267 2377; x_wconf 86' lang='lat' dir='ltr'><strong>&#39;ll</strong></span> <span class='ocrx_word' id='word_1_167' title='bbox 292 2327 344 2378; x_wconf 76' lang='grc' dir='ltr'><strong>ξὲ</strong></span> <span class='ocrx_word' id='word_1_168' title='bbox 376 2327 505 2394; x_wconf 76' lang='grc' dir='ltr'>ἔστη</span> <span class='ocrx_word' id='word_1_169' title='bbox 532 2327 628 2396; x_wconf 66' lang='grc' dir='ltr'>ἤδη</span> <span class='ocrx_word' id='word_1_170' title='bbox 657 2327 982 2395; x_wconf 69' lang='grc' dir='ltr'>κλονουμένη</span> <span class='ocrx_word' id='word_1_171' title='bbox 1016 2326 1106 2378; x_wconf 80' lang='grc' dir='ltr'>καὶ</span> <span class='ocrx_word' id='word_1_172' title='bbox 1130 2326 1474 2395; x_wconf 75' lang='grc' dir='ltr'>ἀλλοιουμένη</span> <span class='ocrx_word' id='word_1_173' title='bbox 1499 2325 1556 2377; x_wconf 69' lang='grc' dir='ltr'>τὸ</span> <span class='ocrx_word' id='word_1_174' title='bbox 1584 2326 1751 2394; x_wconf 80' lang='grc' dir='ltr'>πρόσ-</span> 
     </span>
    </p>
   </div>
   <div class='ocr_carea' id='block_1_26' title="bbox 190 2419 1751 2488">
    <p class='ocr_par' dir='ltr' id='par_1_26' title="bbox 190 2419 1751 2488">
     <span class='ocr_line' id='line_1_26' title="bbox 190 2419 1751 2488; baseline -0.001 -19"><span class='ocrx_word' id='word_1_175' title='bbox 190 2435 363 2469; x_wconf 71' lang='grc' dir='ltr'><strong>ωπον⁸</strong></span> <span class='ocrx_word' id='word_1_176' title='bbox 396 2420 476 2471; x_wconf 82' lang='grc' dir='ltr'>διὸ</span> <span class='ocrx_word' id='word_1_177' title='bbox 506 2424 595 2471; x_wconf 79' lang='grc' dir='ltr'>καὶ</span> <span class='ocrx_word' id='word_1_178' title='bbox 624 2420 683 2472; x_wconf 80' lang='grc' dir='ltr'>τὸ</span> <span class='ocrx_word' id='word_1_179' title='bbox 709 2420 909 2488; x_wconf 64' lang='grc' dir='ltr'>ταύτην</span> <span class='ocrx_word' id='word_1_180' title='bbox 939 2420 1206 2488; x_wconf 64' lang='grc' dir='ltr'>ἐρωτῆσαι</span> <span class='ocrx_word' id='word_1_181' title='bbox 1239 2420 1515 2487; x_wconf 71' lang='grc' dir='ltr'>παρέντες,</span> <span class='ocrx_word' id='word_1_182' title='bbox 1548 2420 1637 2469; x_wconf 76' lang='grc' dir='ltr'><strong>ἐπὶ</strong></span> <span class='ocrx_word' id='word_1_183' title='bbox 1661 2419 1751 2469; x_wconf 73' lang='grc' dir='ltr'>τὸν</span> 
     </span>
    </p>
   </div>
   <div class='ocr_carea' id='block_1_27' title="bbox 192 2509 1747 2580">
    <p class='ocr_par' dir='ltr' id='par_1_27' title="bbox 192 2509 1747 2580">
     <span class='ocr_line' id='line_1_27' title="bbox 192 2509 1747 2580; baseline 0.002 -22"><span class='ocrx_word' id='word_1_184' title='bbox 192 2509 499 2578; x_wconf 78' lang='grc' dir='ltr'>Γρηγόριον</span> <span class='ocrx_word' id='word_1_185' title='bbox 527 2510 843 2579; x_wconf 77' lang='grc' dir='ltr'>μετέϐαινον</span> <span class='ocrx_word' id='word_1_186' title='bbox 876 2511 923 2562; x_wconf 88' lang='grc' dir='ltr'><strong>οἰ</strong></span> <span class='ocrx_word' id='word_1_187' title='bbox 954 2512 1273 2580; x_wconf 86' lang='grc' dir='ltr'>κατήγοροι,</span> <span class='ocrx_word' id='word_1_188' title='bbox 1300 2513 1413 2572; x_wconf 70' lang='grc' dir='ltr'>ταῖς</span> <span class='ocrx_word' id='word_1_189' title='bbox 1448 2511 1747 2579; x_wconf 69' lang='grc' dir='ltr'>ἐρωτήσεσι</span> 
     </span>
    </p>
   </div>
   <div class='ocr_carea' id='block_1_28' title="bbox 190 2599 1746 2670">
    <p class='ocr_par' dir='ltr' id='par_1_28' title="bbox 190 2599 1746 2670">
     <span class='ocr_line' id='line_1_28' title="bbox 190 2599 1746 2670; baseline 0 -19"><span class='ocrx_word' id='word_1_190' title='bbox 190 2599 355 2667; x_wconf 73' lang='grc' dir='ltr'>δῆθεν</span> <span class='ocrx_word' id='word_1_191' title='bbox 391 2605 671 2669; x_wconf 71' lang='grc' dir='ltr'>ἐντρέπειν</span> <span class='ocrx_word' id='word_1_192' title='bbox 705 2602 863 2653; x_wconf 83' lang='grc' dir='ltr'>αὐτὸν</span> <span class='ocrx_word' id='word_1_193' title='bbox 885 2600 1221 2670; x_wconf 84' lang='grc' dir='ltr'>βουλόμενοι.</span> <span class='ocrx_word' id='word_1_194' title='bbox 1256 2602 1313 2653; x_wconf 90' lang='grc' dir='ltr'><strong>Ὀ</strong></span> <span class='ocrx_word' id='word_1_195' title='bbox 1341 2601 1394 2652; x_wconf 82' lang='grc' dir='ltr'>δὲ</span> <span class='ocrx_word' id='word_1_196' title='bbox 1437 2601 1575 2668; x_wconf 76' lang='grc' dir='ltr'>μέγα</span> <span class='ocrx_word' id='word_1_197' title='bbox 1627 2617 1746 2652; x_wconf 76' lang='grc' dir='ltr'>στε-</span> 
     </span>
    </p>
   </div>
   <div class='ocr_carea' id='block_1_29' title="bbox 193 2687 1751 2759">
    <p class='ocr_par' dir='ltr' id='par_1_29' title="bbox 193 2687 1751 2759">
     <span class='ocr_line' id='line_1_29' title="bbox 193 2687 1751 2759; baseline 0.001 -19"><span class='ocrx_word' id='word_1_198' title='bbox 193 2690 383 2753; x_wconf 73' lang='grc' dir='ltr'>νάξας,</span> <span class='ocrx_word' id='word_1_199' title='bbox 419 2692 486 2741; x_wconf 69' lang='grc' dir='ltr'><strong>τὰ</strong></span> <span class='ocrx_word' id='word_1_200' title='bbox 518 2687 610 2741; x_wconf 80' lang='grc' dir='ltr'><strong>τοῦ</strong></span> <span class='ocrx_word' id='word_1_201' title='bbox 634 2689 797 2742; x_wconf 76' lang='grc' dir='ltr'>ΔαυῙό</span> <span class='ocrx_word' id='word_1_202' title='bbox 835 2690 1184 2759; x_wconf 76' lang='grc' dir='ltr'>ἀπεκρίνατο·</span> <span class='ocrx_word' id='word_1_203' title='bbox 1223 2708 1240 2740; x_wconf 79' lang='grc' dir='ltr'><strong>ι</strong></span> <span class='ocrx_word' id='word_1_204' title='bbox 1277 2689 1631 2751; x_wconf 76' lang='grc' dir='ltr'>Ἀναστάνεες</span> <span class='ocrx_word' id='word_1_205' title='bbox 1662 2708 1751 2757; x_wconf 88' lang='grc' dir='ltr'><strong>μοι</strong></span> 
     </span>
    </p>
   </div>
   <div class='ocr_carea' id='block_1_30' title="bbox 199 2780 1751 2850">
    <p class='ocr_par' dir='ltr' id='par_1_30' title="bbox 199 2780 1751 2850">
     <span class='ocr_line' id='line_1_30' title="bbox 199 2780 1751 2850; baseline 0.001 -18"><span class='ocrx_word' id='word_1_206' title='bbox 199 2782 476 2848; x_wconf 79' lang='grc' dir='ltr'>μάρτυρες</span> <span class='ocrx_word' id='word_1_207' title='bbox 504 2780 678 2833; x_wconf 76' lang='grc' dir='ltr'>ἄδικοι</span> <span class='ocrx_word' id='word_1_208' title='bbox 704 2780 737 2833; x_wconf 78' lang='grc' dir='ltr'>ἃ</span> <span class='ocrx_word' id='word_1_209' title='bbox 761 2781 859 2833; x_wconf 84' lang='grc' dir='ltr'>οὐκ</span> <span class='ocrx_word' id='word_1_210' title='bbox 890 2781 1182 2848; x_wconf 67' lang='grc' dir='ltr'>ιγίνωσκον</span> <span class='ocrx_word' id='word_1_211' title='bbox 1215 2780 1440 2850; x_wconf 69' lang='grc' dir='ltr'>ἠρώτων</span> <span class='ocrx_word' id='word_1_212' title='bbox 1473 2798 1563 2850; x_wconf 79' lang='grc' dir='ltr'><strong>με,</strong></span> <span class='ocrx_word' id='word_1_213' title='bbox 1588 2782 1751 2834; x_wconf 78' lang='grc' dir='ltr'>ἀντα-</span> 
     </span>
    </p>
   </div>
   <div class='ocr_carea' id='block_1_31' title="bbox 197 2869 1750 2943">
    <p class='ocr_par' dir='ltr' id='par_1_31' title="bbox 197 2869 1750 2943">
     <span class='ocr_line' id='line_1_31' title="bbox 197 2869 1750 2943; baseline 0.004 -24"><span class='ocrx_word' id='word_1_214' title='bbox 197 2869 481 2921; x_wconf 77' lang='grc' dir='ltr'>ττεδίδοσὰν</span> <span class='ocrx_word' id='word_1_215' title='bbox 515 2887 580 2939; x_wconf 89' lang='grc' dir='ltr'><strong>με</strong></span> <span class='ocrx_word' id='word_1_216' title='bbox 634 2872 846 2939; x_wconf 70' lang='grc' dir='ltr'>πονηρὰ</span> <span class='ocrx_word' id='word_1_217' title='bbox 878 2873 999 2924; x_wconf 82' lang='grc' dir='ltr'>ἀντὶ</span> <span class='ocrx_word' id='word_1_218' title='bbox 1036 2871 1276 2937; x_wconf 79' lang='grc' dir='ltr'>ἀγαθῶν.</span> <span class='ocrx_word' id='word_1_219' title='bbox 1307 2889 1323 2921; x_wconf 86' lang='grc' dir='ltr'><strong>ι</strong></span> <span class='ocrx_word' id='word_1_220' title='bbox 1374 2873 1525 2940; x_wconf 80' lang='grc' dir='ltr'>’Λμα</span> <span class='ocrx_word' id='word_1_221' title='bbox 1571 2873 1625 2925; x_wconf 73' lang='grc' dir='ltr'>δὲ</span> <span class='ocrx_word' id='word_1_222' title='bbox 1674 2874 1750 2943; x_wconf 80' lang='grc' dir='ltr'><strong>τῷ</strong></span> 
     </span>
    </p>
   </div>
   <div class='ocr_carea' id='block_1_32' title="bbox 198 2959 1749 3031">
    <p class='ocr_par' dir='ltr' id='par_1_32' title="bbox 198 2959 1749 3031">
     <span class='ocr_line' id='line_1_32' title="bbox 198 2959 1749 3031; baseline 0.003 -23"><span class='ocrx_word' id='word_1_223' title='bbox 198 2959 375 3010; x_wconf 73' lang='grc' dir='ltr'><strong>ταίτα</strong></span> <span class='ocrx_word' id='word_1_224' title='bbox 403 2960 595 3021; x_wconf 81' lang='grc' dir='ltr'>εἰπεῖν,</span> <span class='ocrx_word' id='word_1_225' title='bbox 628 2961 889 3029; x_wconf 75' lang='grc' dir='ltr'>ρήσσεται</span> <span class='ocrx_word' id='word_1_226' title='bbox 935 2962 968 3029; x_wconf 80' lang='grc' dir='ltr'>ἡ</span> <span class='ocrx_word' id='word_1_227' title='bbox 1022 2960 1160 3029; x_wconf 82' lang='grc' dir='ltr'>κόρη</span> <span class='ocrx_word' id='word_1_228' title='bbox 1205 2964 1400 3029; x_wconf 77' lang='grc' dir='ltr'>χαμαὶ,</span> <span class='ocrx_word' id='word_1_229' title='bbox 1453 2964 1544 3013; x_wconf 67' lang='grc' dir='ltr'>καὶ</span> <span class='ocrx_word' id='word_1_230' title='bbox 1595 2963 1749 3031; x_wconf 80' lang='grc' dir='ltr'>εἴπερ</span> 
     </span>
    </p>
   </div>
   <div class='ocr_carea' id='block_1_33' title="bbox 199 3046 1753 3117">
    <p class='ocr_par' dir='ltr' id='par_1_33' title="bbox 199 3046 1753 3117">
     <span class='ocr_line' id='line_1_33' title="bbox 199 3046 1753 3117; baseline 0.003 -20"><span class='ocrx_word' id='word_1_231' title='bbox 199 3049 325 3098; x_wconf 84' lang='grc' dir='ltr'>ποτὲ</span> <span class='ocrx_word' id='word_1_232' title='bbox 351 3047 825 3117; x_wconf 83' lang='grc' dir='ltr'>διασπαραχθείσα</span> <span class='ocrx_word' id='word_1_233' title='bbox 853 3046 930 3117; x_wconf 85' lang='grc' dir='ltr'>τῷ</span> <span class='ocrx_word' id='word_1_234' title='bbox 965 3049 1240 3115; x_wconf 73' lang='grc' dir='ltr'>συνέχοντι</span> <span class='ocrx_word' id='word_1_235' title='bbox 1287 3047 1516 3116; x_wconf 81' lang='grc' dir='ltr'>δαίμονι,</span> <span class='ocrx_word' id='word_1_236' title='bbox 1576 3048 1753 3102; x_wconf 77' lang='grc' dir='ltr'>ικειτο</span> 
     </span>
    </p>
   </div>
   <div class='ocr_carea' id='block_1_34' title="bbox 200 3137 1830 3209">
    <p class='ocr_par' dir='ltr' id='par_1_34' title="bbox 200 3137 1830 3209">
     <span class='ocr_line' id='line_1_34' title="bbox 200 3137 1830 3209; baseline 0.003 -22"><span class='ocrx_word' id='word_1_237' title='bbox 200 3139 337 3206; x_wconf 76' lang='grc' dir='ltr'>πρὸς</span> <span class='ocrx_word' id='word_1_238' title='bbox 400 3140 513 3199; x_wconf 79' lang='grc' dir='ltr'>τοῖς</span> <span class='ocrx_word' id='word_1_239' title='bbox 560 3142 686 3190; x_wconf 77' lang='grc' dir='ltr'>ποσὶ</span> <span class='ocrx_word' id='word_1_240' title='bbox 743 3137 835 3191; x_wconf 83' lang='grc' dir='ltr'><strong>τοῦ</strong></span> <span class='ocrx_word' id='word_1_241' title='bbox 891 3141 1166 3208; x_wconf 76' lang='grc' dir='ltr'>μακαρίου</span> <span class='ocrx_word' id='word_1_242' title='bbox 1216 3137 1626 3209; x_wconf 72' lang='grc' dir='ltr'>κυλινδουμίνη,</span> <span class='ocrx_word' id='word_1_243' title='bbox 1665 3142 1830 3209; x_wconf 68' lang='lat' dir='ltr'><strong>ulc</strong></span> 
     </span>
    </p>
   </div>
   <div class='ocr_carea' id='block_1_35' title="bbox 200 3227 1743 3297">
    <p class='ocr_par' dir='ltr' id='par_1_35' title="bbox 200 3227 1743 3297">
     <span class='ocr_line' id='line_1_35' title="bbox 200 3227 1743 3297; baseline 0.001 -18"><span class='ocrx_word' id='word_1_244' title='bbox 200 3231 374 3297; x_wconf 66' lang='grc' dir='ltr'>ἀφρὸν</span> <span class='ocrx_word' id='word_1_245' title='bbox 404 3228 498 3280; x_wconf 88' lang='grc' dir='ltr'><strong>τοῦ</strong></span> <span class='ocrx_word' id='word_1_246' title='bbox 537 3229 798 3297; x_wconf 84' lang='grc' dir='ltr'>στόματος</span> <span class='ocrx_word' id='word_1_247' title='bbox 828 3227 1226 3291; x_wconf 79' lang='grc' dir='ltr'>ἀποὸλύζουσα.</span> <span class='ocrx_word' id='word_1_248' title='bbox 1270 3228 1329 3280; x_wconf 86' lang='grc' dir='ltr'><strong>Ὀ</strong></span> <span class='ocrx_word' id='word_1_249' title='bbox 1366 3228 1546 3296; x_wconf 70' lang='grc' dir='ltr'>μέντοι</span> <span class='ocrx_word' id='word_1_250' title='bbox 1605 3229 1743 3291; x_wconf 76' lang='grc' dir='ltr'>θεῖος</span> 
     </span>
    </p>
   </div>
   <div class='ocr_carea' id='block_1_36' title="bbox 203 3317 1752 3387">
    <p class='ocr_par' dir='ltr' id='par_1_36' title="bbox 203 3317 1752 3387">
     <span class='ocr_line' id='line_1_36' title="bbox 203 3317 1752 3387; baseline 0.001 -18"><span class='ocrx_word' id='word_1_251' title='bbox 203 3318 522 3387; x_wconf 71' lang='grc' dir='ltr'>Γρηγὸριος,</span> <span class='ocrx_word' id='word_1_252' title='bbox 544 3317 653 3372; x_wconf 82' lang='grc' dir='ltr'><strong>τῶν</strong></span> <span class='ocrx_word' id='word_1_253' title='bbox 674 3317 885 3387; x_wconf 76' lang='grc' dir='ltr'>ἰιχθρῶν</span> <span class='ocrx_word' id='word_1_254' title='bbox 921 3317 1109 3387; x_wconf 83' lang='grc' dir='ltr'>μαθὼν</span> <span class='ocrx_word' id='word_1_255' title='bbox 1149 3318 1570 3386; x_wconf 77' lang='grc' dir='ltr'>ὑπερεύχεσθαι,</span> <span class='ocrx_word' id='word_1_256' title='bbox 1628 3320 1752 3381; x_wconf 74' lang='grc' dir='ltr'>τοὺς</span> 
     </span>
    </p>
   </div>
   <div class='ocr_carea' id='block_1_37' title="bbox 205 3407 1750 3477">
    <p class='ocr_par' dir='ltr' id='par_1_37' title="bbox 205 3407 1750 3477">
     <span class='ocr_line' id='line_1_37' title="bbox 205 3407 1750 3477; baseline 0.003 -20"><span class='ocrx_word' id='word_1_257' title='bbox 205 3408 303 3471; x_wconf 71' lang='grc' dir='ltr'>μιν</span> <span class='ocrx_word' id='word_1_258' title='bbox 328 3407 638 3476; x_wconf 50' lang='lat' dir='ltr'><strong>sesamo-3;</strong></span> <span class='ocrx_word' id='word_1_259' title='bbox 664 3410 743 3469; x_wconf 89' lang='grc' dir='ltr'><strong>εἰς</strong></span> <span class='ocrx_word' id='word_1_260' title='bbox 764 3408 1009 3477; x_wconf 80' lang='grc' dir='ltr'>οὐρανὸν,</span> <span class='ocrx_word' id='word_1_261' title='bbox 1050 3407 1142 3459; x_wconf 65' lang='grc' dir='ltr'><strong>τὸν</strong></span> <span class='ocrx_word' id='word_1_262' title='bbox 1165 3407 1222 3459; x_wconf 65' lang='grc' dir='ltr'>δὲ</span> <span class='ocrx_word' id='word_1_263' title='bbox 1243 3407 1366 3461; x_wconf 87' lang='grc' dir='ltr'>νοῦν</span> <span class='ocrx_word' id='word_1_264' title='bbox 1400 3409 1538 3477; x_wconf 77' lang='grc' dir='ltr'>ἄρας</span> <span class='ocrx_word' id='word_1_265' title='bbox 1562 3411 1641 3471; x_wconf 87' lang='grc' dir='ltr'><strong>είς</strong></span> <span class='ocrx_word' id='word_1_266' title='bbox 1664 3412 1750 3461; x_wconf 82' lang='grc' dir='ltr'>τὸν</span> 
     </span>
    </p>
   </div>
   <div class='ocr_carea' id='block_1_38' title="bbox 200 3495 1748 3567">
    <p class='ocr_par' dir='ltr' id='par_1_38' title="bbox 200 3495 1748 3567">
     <span class='ocr_line' id='line_1_38' title="bbox 200 3495 1748 3567; baseline 0.003 -20"><span class='ocrx_word' id='word_1_267' title='bbox 200 3495 434 3567; x_wconf 69' lang='grc' dir='ltr'>οὐρανοῦ</span> <span class='ocrx_word' id='word_1_268' title='bbox 467 3500 697 3565; x_wconf 74' lang='grc' dir='ltr'>ποιητὴν</span> <span class='ocrx_word' id='word_1_269' title='bbox 754 3499 847 3549; x_wconf 79' lang='grc' dir='ltr'>καὶ</span> <span class='ocrx_word' id='word_1_270' title='bbox 880 3497 1058 3566; x_wconf 72' lang='grc' dir='ltr'>ἡσυχῆ</span> <span class='ocrx_word' id='word_1_271' title='bbox 1085 3496 1155 3550; x_wconf 80' lang='grc' dir='ltr'>τὰ</span> <span class='ocrx_word' id='word_1_272' title='bbox 1193 3498 1416 3566; x_wconf 80' lang='grc' dir='ltr'>καρδίας</span> <span class='ocrx_word' id='word_1_273' title='bbox 1460 3498 1613 3567; x_wconf 79' lang='grc' dir='ltr'>χείλη</span> <span class='ocrx_word' id='word_1_274' title='bbox 1668 3500 1748 3551; x_wconf 87' lang='grc' dir='ltr'>κί-</span> 
     </span>
    </p>
   </div>
   <div class='ocr_carea' id='block_1_39' title="bbox 203 3585 1753 3654">
    <p class='ocr_par' dir='ltr' id='par_1_39' title="bbox 203 3585 1753 3654">
     <span class='ocr_line' id='line_1_39' title="bbox 203 3585 1753 3654; baseline 0.004 -19"><span class='ocrx_word' id='word_1_275' title='bbox 203 3585 531 3646; x_wconf 75' lang='grc' dir='ltr'>νὼν,εδέετο</span> <span class='ocrx_word' id='word_1_276' title='bbox 572 3587 664 3636; x_wconf 81' lang='grc' dir='ltr'><strong>τοῦ</strong></span> <span class='ocrx_word' id='word_1_277' title='bbox 715 3585 850 3638; x_wconf 79' lang='grc' dir='ltr'>Θεοῦ</span> <span class='ocrx_word' id='word_1_278' title='bbox 895 3586 1037 3654; x_wconf 70' lang='grc' dir='ltr'>μίγα</span> <span class='ocrx_word' id='word_1_279' title='bbox 1082 3588 1373 3652; x_wconf 75' lang='grc' dir='ltr'>στενάζων,</span> <span class='ocrx_word' id='word_1_280' title='bbox 1426 3590 1520 3641; x_wconf 74' lang='grc' dir='ltr'>καὶ</span> <span class='ocrx_word' id='word_1_281' title='bbox 1581 3594 1753 3641; x_wconf 75' lang='grc' dir='ltr'>πάντα</span> 
     </span>
    </p>
   </div>
   <div class='ocr_carea' id='block_1_40' title="bbox 200 3676 1757 3748">
    <p class='ocr_par' dir='ltr' id='par_1_40' title="bbox 200 3676 1757 3748">
     <span class='ocr_line' id='line_1_40' title="bbox 200 3676 1757 3748; baseline 0.004 -23"><span class='ocrx_word' id='word_1_282' title='bbox 200 3677 449 3744; x_wconf 77' lang='grc' dir='ltr'>ητέν.ζον</span> <span class='ocrx_word' id='word_1_283' title='bbox 483 3676 558 3739; x_wconf 83' lang='grc' dir='ltr'><strong>ὡς</strong></span> <span class='ocrx_word' id='word_1_284' title='bbox 593 3677 774 3729; x_wconf 74' lang='grc' dir='ltr'>αὐτόν.</span> <span class='ocrx_word' id='word_1_285' title='bbox 813 3678 965 3729; x_wconf 75' lang='grc' dir='ltr'>Μετὰ</span> <span class='ocrx_word' id='word_1_286' title='bbox 997 3677 1053 3730; x_wconf 68' lang='grc' dir='ltr'>δὲ</span> <span class='ocrx_word' id='word_1_287' title='bbox 1077 3677 1174 3746; x_wconf 77' lang='grc' dir='ltr'>τὴν</span> <span class='ocrx_word' id='word_1_288' title='bbox 1206 3678 1368 3746; x_wconf 73' lang='grc' dir='ltr'>εὐχὴν</span> <span class='ocrx_word' id='word_1_289' title='bbox 1389 3680 1520 3747; x_wconf 79' lang='grc' dir='ltr'>πρὸς</span> <span class='ocrx_word' id='word_1_290' title='bbox 1537 3679 1636 3748; x_wconf 80' lang='grc' dir='ltr'>τὴν</span> <span class='ocrx_word' id='word_1_291' title='bbox 1666 3679 1757 3731; x_wconf 77' lang='grc' dir='ltr'>κό-</span> 
     </span>
    </p>
   </div>
   <div class='ocr_carea' id='block_1_41' title="bbox 202 3766 1751 3837">
    <p class='ocr_par' dir='ltr' id='par_1_41' title="bbox 202 3766 1751 3837">
     <span class='ocr_line' id='line_1_41' title="bbox 202 3766 1751 3837; baseline 0.003 -23"><span class='ocrx_word' id='word_1_292' title='bbox 202 3782 308 3833; x_wconf 88' lang='grc' dir='ltr'><strong>ρην</strong></span> <span class='ocrx_word' id='word_1_293' title='bbox 368 3766 606 3833; x_wconf 81' lang='grc' dir='ltr'>στρέψας</span> <span class='ocrx_word' id='word_1_294' title='bbox 647 3772 772 3827; x_wconf 81' lang='grc' dir='ltr'>το’.ς</span> <span class='ocrx_word' id='word_1_295' title='bbox 838 3766 1168 3836; x_wconf 76' lang='grc' dir='ltr'>ὀφθαλμοὺς,</span> <span class='ocrx_word' id='word_1_296' title='bbox 1231 3768 1318 3819; x_wconf 81' lang='grc' dir='ltr'>Ἐν</span> <span class='ocrx_word' id='word_1_297' title='bbox 1384 3768 1461 3836; x_wconf 82' lang='grc' dir='ltr'>τῷ</span> <span class='ocrx_word' id='word_1_298' title='bbox 1509 3768 1751 3837; x_wconf 74' lang='grc' dir='ltr'>ὀνόματι,</span> 
     </span>
    </p>
   </div>
   <div class='ocr_carea' id='block_1_42' title="bbox 200 3854 1755 3926">
    <p class='ocr_par' dir='ltr' id='par_1_42' title="bbox 200 3854 1755 3926">
     <span class='ocr_line' id='line_1_42' title="bbox 200 3854 1755 3926; baseline 0.001 -19"><span class='ocrx_word' id='word_1_299' title='bbox 200 3857 362 3924; x_wconf 66' lang='grc' dir='ltr'>φησι,</span> <span class='ocrx_word' id='word_1_300' title='bbox 393 3855 485 3907; x_wconf 72' lang='grc' dir='ltr'><strong>τοῦ</strong></span> <span class='ocrx_word' id='word_1_301' title='bbox 521 3855 725 3923; x_wconf 78' lang='grc' dir='ltr'>Κυρίου</span> <span class='ocrx_word' id='word_1_302' title='bbox 771 3857 864 3907; x_wconf 78' lang='grc' dir='ltr'>καὶ</span> <span class='ocrx_word' id='word_1_303' title='bbox 908 3854 1157 3923; x_wconf 81' lang='grc' dir='ltr'>Σωτῆρος</span> <span class='ocrx_word' id='word_1_304' title='bbox 1201 3856 1358 3923; x_wconf 78' lang='grc' dir='ltr'>ἡμῶν</span> <span class='ocrx_word' id='word_1_305' title='bbox 1408 3855 1578 3924; x_wconf 85' lang='grc' dir='ltr'>Ἰησοῦ</span> <span class='ocrx_word' id='word_1_306' title='bbox 1621 3857 1755 3926; x_wconf 87' lang='grc' dir='ltr'>Χρι-</span> 
     </span>
    </p>
   </div>
   <div class='ocr_carea' id='block_1_43' title="bbox 210 3942 1755 4014">
    <p class='ocr_par' dir='ltr' id='par_1_43' title="bbox 210 3942 1755 4014">
     <span class='ocr_line' id='line_1_43' title="bbox 210 3942 1755 4014; baseline 0.001 -16"><span class='ocrx_word' id='word_1_307' title='bbox 210 3942 338 3998; x_wconf 80' lang='grc' dir='ltr'>στοῦ</span> <span class='ocrx_word' id='word_1_308' title='bbox 365 3948 476 4006; x_wconf 81' lang='grc' dir='ltr'>τοῖς</span> <span class='ocrx_word' id='word_1_309' title='bbox 513 3944 675 3996; x_wconf 79' lang='grc' dir='ltr'>αὑτοῦ</span> <span class='ocrx_word' id='word_1_310' title='bbox 707 3944 1069 4011; x_wconf 80' lang='grc' dir='ltr'>κελεύσμασιν</span> <span class='ocrx_word' id='word_1_311' title='bbox 1098 3946 1262 3997; x_wconf 71' lang='grc' dir='ltr'>εἴκων</span> <span class='ocrx_word' id='word_1_312' title='bbox 1286 3944 1487 4008; x_wconf 68' lang='grc' dir='ltr'>ἔξελθε,</span> <span class='ocrx_word' id='word_1_313' title='bbox 1546 3944 1755 4014; x_wconf 77' lang='grc' dir='ltr'>δαίμων</span> 
     </span>
    </p>
   </div>
   <div class='ocr_carea' id='block_1_44' title="bbox 203 4036 1760 4107">
    <p class='ocr_par' dir='ltr' id='par_1_44' title="bbox 203 4036 1760 4107">
     <span class='ocr_line' id='line_1_44' title="bbox 203 4036 1760 4107; baseline 0.001 -17"><span class='ocrx_word' id='word_1_314' title='bbox 203 4037 504 4106; x_wconf 79' lang='grc' dir='ltr'>ακαθαρτε,</span> <span class='ocrx_word' id='word_1_315' title='bbox 537 4038 609 4099; x_wconf 79' lang='grc' dir='ltr'>ὡς</span> <span class='ocrx_word' id='word_1_316' title='bbox 633 4037 698 4089; x_wconf 79' lang='grc' dir='ltr'>ἂν</span> <span class='ocrx_word' id='word_1_317' title='bbox 746 4036 1093 4104; x_wconf 66' lang='grc' dir='ltr'>σωφρονοῦσα</span> <span class='ocrx_word' id='word_1_318' title='bbox 1127 4038 1160 4106; x_wconf 80' lang='grc' dir='ltr'>ἠ</span> <span class='ocrx_word' id='word_1_319' title='bbox 1193 4037 1328 4106; x_wconf 85' lang='grc' dir='ltr'>κόρη</span> <span class='ocrx_word' id='word_1_320' title='bbox 1355 4037 1583 4106; x_wconf 76' lang='grc' dir='ltr'>ταληθὶς</span> <span class='ocrx_word' id='word_1_321' title='bbox 1630 4043 1760 4107; x_wconf 79' lang='grc' dir='ltr'>περὶ</span> 
     </span>
    </p>
   </div>
   <div class='ocr_carea' id='block_1_45' title="bbox 206 4126 1755 4196">
    <p class='ocr_par' dir='ltr' id='par_1_45' title="bbox 206 4126 1755 4196">
     <span class='ocr_line' id='line_1_45' title="bbox 206 4126 1755 4196; baseline -0.001 -16"><span class='ocrx_word' id='word_1_322' title='bbox 206 4129 347 4195; x_wconf 69' lang='grc' dir='ltr'>ἐμοῦ</span> <span class='ocrx_word' id='word_1_323' title='bbox 439 4126 757 4195; x_wconf 74' lang='grc' dir='ltr'>φθέγξηται.</span> <span class='ocrx_word' id='word_1_324' title='bbox 864 4127 995 4196; x_wconf 72' lang='grc' dir='ltr'>[παρ’</span> <span class='ocrx_word' id='word_1_325' title='bbox 1055 4128 1248 4179; x_wconf 82' lang='grc' dir='ltr'>αὐτίκα</span> <span class='ocrx_word' id='word_1_326' title='bbox 1339 4127 1395 4179; x_wconf 78' lang='grc' dir='ltr'><strong>δι</strong></span> <span class='ocrx_word' id='word_1_327' title='bbox 1478 4127 1755 4195; x_wconf 77' lang='grc' dir='ltr'>σπαράξαν</span> 
     </span>
    </p>
   </div>
   <div class='ocr_carea' id='block_1_46' title="bbox 206 4212 1750 4287">
    <p class='ocr_par' dir='ltr' id='par_1_46' title="bbox 206 4212 1750 4287">
     <span class='ocr_line' id='line_1_46' title="bbox 206 4212 1750 4287; baseline -0.001 -16"><span class='ocrx_word' id='word_1_328' title='bbox 206 4219 380 4286; x_wconf 67' lang='grc' dir='ltr'>αὐτὴν</span> <span class='ocrx_word' id='word_1_329' title='bbox 409 4222 469 4269; x_wconf 80' lang='grc' dir='ltr'><strong>τί</strong></span> <span class='ocrx_word' id='word_1_330' title='bbox 496 4216 713 4286; x_wconf 82' lang='grc' dir='ltr'>πνεῦμα</span> <span class='ocrx_word' id='word_1_331' title='bbox 733 4216 945 4286; x_wconf 70' lang='grc' dir='ltr'>ἐξῆλθε,</span> <span class='ocrx_word' id='word_1_332' title='bbox 994 4221 1087 4269; x_wconf 80' lang='grc' dir='ltr'>καὶ</span> <span class='ocrx_word' id='word_1_333' title='bbox 1117 4218 1256 4286; x_wconf 80' lang='grc' dir='ltr'>αὑτὴ</span> <span class='ocrx_word' id='word_1_334' title='bbox 1285 4216 1414 4269; x_wconf 80' lang='grc' dir='ltr'>ὡσεὶ</span> <span class='ocrx_word' id='word_1_335' title='bbox 1441 4219 1606 4285; x_wconf 67' lang='grc' dir='ltr'>νεκρὰ</span> <span class='ocrx_word' id='word_1_336' title='bbox 1664 4212 1750 4287; x_wconf 80' lang='grc' dir='ltr'><strong>ἦν.</strong></span> 
     </span>
    </p>
   </div>
   <div class='ocr_carea' id='block_1_47' title="bbox 282 4302 1755 4374">
    <p class='ocr_par' dir='ltr' id='par_1_47' title="bbox 282 4302 1755 4374">
     <span class='ocr_line' id='line_1_47' title="bbox 282 4302 1755 4374; baseline 0.001 -18"><span class='ocrx_word' id='word_1_337' title='bbox 282 4302 411 4357; x_wconf 77' lang='lat' dir='ltr'><strong>NB‘.</strong></span> <span class='ocrx_word' id='word_1_338' title='bbox 448 4302 620 4364; x_wconf 80' lang='grc' dir='ltr'>Εὐθὺς</span> <span class='ocrx_word' id='word_1_339' title='bbox 674 4302 766 4355; x_wconf 77' lang='grc' dir='ltr'>οὖν</span> <span class='ocrx_word' id='word_1_340' title='bbox 829 4308 856 4357; x_wconf 86' lang='grc' dir='ltr'><strong>ό</strong></span> <span class='ocrx_word' id='word_1_341' title='bbox 891 4302 1186 4373; x_wconf 87' lang='grc' dir='ltr'>Γρηγόριος</span> <span class='ocrx_word' id='word_1_342' title='bbox 1238 4303 1531 4373; x_wconf 76' lang='grc' dir='ltr'>λαϐόμενος</span> <span class='ocrx_word' id='word_1_343' title='bbox 1587 4307 1755 4374; x_wconf 73' lang='grc' dir='ltr'>αὐτὴν</span> 
     </span>
    </p>
   </div>
   <div class='ocr_carea' id='block_1_48' title="bbox 208 4393 1759 4462">
    <p class='ocr_par' dir='ltr' id='par_1_48' title="bbox 208 4393 1759 4462">
     <span class='ocr_line' id='line_1_48' title="bbox 208 4393 1759 4462; baseline -0.001 -15"><span class='ocrx_word' id='word_1_344' title='bbox 208 4396 308 4462; x_wconf 76' lang='grc' dir='ltr'>τῆς</span> <span class='ocrx_word' id='word_1_345' title='bbox 332 4399 513 4462; x_wconf 82' lang='grc' dir='ltr'>χειρὸς</span> <span class='ocrx_word' id='word_1_346' title='bbox 540 4393 756 4461; x_wconf 79' lang='grc' dir='ltr'>ἁνιστᾷ,</span> <span class='ocrx_word' id='word_1_347' title='bbox 790 4394 882 4446; x_wconf 73' lang='grc' dir='ltr'>καὶ</span> <span class='ocrx_word' id='word_1_348' title='bbox 918 4393 1206 4445; x_wconf 86' lang='grc' dir='ltr'>σταθεῖσαν</span> <span class='ocrx_word' id='word_1_349' title='bbox 1236 4394 1483 4461; x_wconf 66' lang='grc' dir='ltr'>ἠρώτων,</span> <span class='ocrx_word' id='word_1_350' title='bbox 1542 4394 1635 4445; x_wconf 89' lang='grc' dir='ltr'><strong>τοῦ</strong></span> <span class='ocrx_word' id='word_1_351' title='bbox 1675 4395 1759 4445; x_wconf 73' lang='grc' dir='ltr'>λό-</span> 
     </span>
    </p>
   </div>
   <div class='ocr_carea' id='block_1_49' title="bbox 1860 598 3409 667">
    <p class='ocr_par' dir='ltr' id='par_1_49' title="bbox 1860 598 3409 667">
     <span class='ocr_line' id='line_1_49' title="bbox 1860 598 3409 667; baseline 0.005 -16"><span class='ocrx_word' id='word_1_352' title='bbox 1860 608 2045 667; x_wconf 86' lang='lat' dir='ltr'><strong>utpar</strong></span> <span class='ocrx_word' id='word_1_353' title='bbox 2088 608 2228 663; x_wconf 79' lang='lat' dir='ltr'><strong>crat,</strong></span> <span class='ocrx_word' id='word_1_354' title='bbox 2260 600 2503 667; x_wconf 68' lang='lat' dir='ltr'><strong>quaesita,</strong></span> <span class='ocrx_word' id='word_1_355' title='bbox 2547 614 2659 650; x_wconf 89' lang='lat' dir='ltr'><strong>rem</strong></span> <span class='ocrx_word' id='word_1_356' title='bbox 2696 598 2851 652; x_wconf 89' lang='lat' dir='ltr'><strong>nobis</strong></span> <span class='ocrx_word' id='word_1_357' title='bbox 2883 610 3045 667; x_wconf 86' lang='lat' dir='ltr'><strong>atque</strong></span> <span class='ocrx_word' id='word_1_358' title='bbox 3086 602 3225 655; x_wconf 86' lang='lat' dir='ltr'><strong>adeo</strong></span> <span class='ocrx_word' id='word_1_359' title='bbox 3254 619 3409 658; x_wconf 87' lang='lat' dir='ltr'><strong>exar—</strong></span> 
     </span>
    </p>
   </div>
   <div class='ocr_carea' id='block_1_50' title="bbox 1857 688 3411 758">
    <p class='ocr_par' dir='ltr' id='par_1_50' title="bbox 1857 688 3411 758">
     <span class='ocr_line' id='line_1_50' title="bbox 1857 688 3411 758; baseline 0.005 -18"><span class='ocrx_word' id='word_1_360' title='bbox 1857 688 1963 740; x_wconf 80' lang='lat' dir='ltr'><strong>cho</strong></span> <span class='ocrx_word' id='word_1_361' title='bbox 2008 689 2145 757; x_wconf 89' lang='lat' dir='ltr'><strong>ipsi,</strong></span> <span class='ocrx_word' id='word_1_362' title='bbox 2195 690 2381 743; x_wconf 88' lang='lat' dir='ltr'><strong>multis</strong></span> <span class='ocrx_word' id='word_1_363' title='bbox 2429 690 2822 757; x_wconf 76' lang='lat' dir='ltr'><strong>przcsentibus,</strong></span> <span class='ocrx_word' id='word_1_364' title='bbox 2872 691 3208 758; x_wconf 82' lang='lat' dir='ltr'><strong>perspicuam</strong></span> <span class='ocrx_word' id='word_1_365' title='bbox 3259 692 3411 747; x_wconf 77' lang='lat' dir='ltr'><strong>fecit.</strong></span> 
     </span>
    </p>
   </div>
   <div class='ocr_carea' id='block_1_51' title="bbox 1855 777 3414 849">
    <p class='ocr_par' dir='ltr' id='par_1_51' title="bbox 1855 777 3414 849">
     <span class='ocr_line' id='line_1_51' title="bbox 1855 777 3414 849; baseline 0.004 -20"><span class='ocrx_word' id='word_1_366' title='bbox 1855 777 2055 831; x_wconf 83' lang='lat' dir='ltr'><strong>Horum</strong></span> <span class='ocrx_word' id='word_1_367' title='bbox 2101 794 2202 831; x_wconf 91' lang='lat' dir='ltr'><strong>nos</strong></span> <span class='ocrx_word' id='word_1_368' title='bbox 2248 779 2380 830; x_wconf 83' lang='lat' dir='ltr'><strong>nihil</strong></span> <span class='ocrx_word' id='word_1_369' title='bbox 2415 780 2559 831; x_wconf 82' lang='lat' dir='ltr'><strong>aliud</strong></span> <span class='ocrx_word' id='word_1_370' title='bbox 2596 780 2821 840; x_wconf 84' lang='lat' dir='ltr'><strong>scimus.</strong></span> <span class='ocrx_word' id='word_1_371' title='bbox 2854 780 2957 832; x_wconf 87' lang='lat' dir='ltr'><strong>nisi</strong></span> <span class='ocrx_word' id='word_1_372' title='bbox 3003 782 3146 847; x_wconf 86' lang='lat' dir='ltr'><strong>quod</strong></span> <span class='ocrx_word' id='word_1_373' title='bbox 3192 798 3257 834; x_wconf 82' lang='lat' dir='ltr'><strong>ex</strong></span> <span class='ocrx_word' id='word_1_374' title='bbox 3304 798 3414 849; x_wconf 90' lang='lat' dir='ltr'><strong>quo</strong></span> 
     </span>
    </p>
   </div>
   <div class='ocr_carea' id='block_1_52' title="bbox 1857 867 3413 938">
    <p class='ocr_par' dir='ltr' id='par_1_52' title="bbox 1857 867 3413 938">
     <span class='ocr_line' id='line_1_52' title="bbox 1857 867 3413 938; baseline 0.006 -21"><span class='ocrx_word' id='word_1_375' title='bbox 1857 875 2099 935; x_wconf 89' lang='lat' dir='ltr'><strong>tempore</strong></span> <span class='ocrx_word' id='word_1_376' title='bbox 2134 877 2239 919; x_wconf 87' lang='lat' dir='ltr'><strong>tam</strong></span> <span class='ocrx_word' id='word_1_377' title='bbox 2274 867 2555 935; x_wconf 83' lang='lat' dir='ltr'><strong>indignum</strong></span> <span class='ocrx_word' id='word_1_378' title='bbox 2591 868 2769 921; x_wconf 79' lang='lat' dir='ltr'><strong>scelus</strong></span> <span class='ocrx_word' id='word_1_379' title='bbox 2810 867 3049 928; x_wconf 87' lang='lat' dir='ltr'><strong>admisit,</strong></span> <span class='ocrx_word' id='word_1_380' title='bbox 3096 870 3289 938; x_wconf 90' lang='lat' dir='ltr'><strong>spiritu</strong></span> <span class='ocrx_word' id='word_1_381' title='bbox 3325 874 3413 927; x_wconf 90' lang='lat' dir='ltr'><strong>illa</strong></span> 
     </span>
    </p>
   </div>
   <div class='ocr_carea' id='block_1_53' title="bbox 1856 959 3408 1030">
    <p class='ocr_par' dir='ltr' id='par_1_53' title="bbox 1856 959 3408 1030">
     <span class='ocr_line' id='line_1_53' title="bbox 1856 959 3408 1030; baseline 0.001 -20"><span class='ocrx_word' id='word_1_382' title='bbox 1856 973 2087 1027; x_wconf 85' lang='lat' dir='ltr'><strong>nequam</strong></span> <span class='ocrx_word' id='word_1_383' title='bbox 2134 960 2362 1026; x_wconf 85' lang='lat' dir='ltr'><strong>percita,</strong></span> <span class='ocrx_word' id='word_1_384' title='bbox 2407 959 2689 1026; x_wconf 86' lang='lat' dir='ltr'><strong>hucusque</strong></span> <span class='ocrx_word' id='word_1_385' title='bbox 2737 960 3052 1026; x_wconf 76' lang='lat' dir='ltr'><strong>gravissime</strong></span> <span class='ocrx_word' id='word_1_386' title='bbox 3106 972 3408 1030; x_wconf 71' lang='lat' dir='ltr'><strong>torquetur,</strong></span> 
     </span>
    </p>
   </div>
   <div class='ocr_carea' id='block_1_54' title="bbox 1859 1048 3415 1117">
    <p class='ocr_par' dir='ltr' id='par_1_54' title="bbox 1859 1048 3415 1117">
     <span class='ocr_line' id='line_1_54' title="bbox 1859 1048 3415 1117; baseline 0.004 -17"><span class='ocrx_word' id='word_1_387' title='bbox 1859 1048 1934 1101; x_wconf 87' lang='lat' dir='ltr'><strong>lta</strong></span> <span class='ocrx_word' id='word_1_388' title='bbox 1954 1049 2188 1102; x_wconf 85' lang='lat' dir='ltr'><strong>audaces</strong></span> <span class='ocrx_word' id='word_1_389' title='bbox 2209 1064 2269 1102; x_wconf 88' lang='lat' dir='ltr'><strong>ac</strong></span> <span class='ocrx_word' id='word_1_390' title='bbox 2294 1050 2551 1115; x_wconf 92' lang='lat' dir='ltr'><strong>protervi,</strong></span> <span class='ocrx_word' id='word_1_391' title='bbox 2572 1048 2897 1117; x_wconf 79' lang='lat' dir='ltr'><strong>subdolique</strong></span> <span class='ocrx_word' id='word_1_392' title='bbox 2921 1054 3125 1105; x_wconf 88' lang='lat' dir='ltr'><strong>versuti</strong></span> <span class='ocrx_word' id='word_1_393' title='bbox 3151 1053 3415 1107; x_wconf 69' lang='lat' dir='ltr'><strong>dmmonis</strong></span> 
     </span>
    </p>
   </div>
   <div class='ocr_carea' id='block_1_55' title="bbox 1854 1138 3415 1209">
    <p class='ocr_par' dir='ltr' id='par_1_55' title="bbox 1854 1138 3415 1209">
     <span class='ocr_line' id='line_1_55' title="bbox 1854 1138 3415 1209; baseline 0.006 -19"><span class='ocrx_word' id='word_1_394' title='bbox 1854 1138 2177 1201; x_wconf 89' lang='lat' dir='ltr'><strong>imitatores,</strong></span> <span class='ocrx_word' id='word_1_395' title='bbox 2206 1139 2404 1206; x_wconf 88' lang='lat' dir='ltr'><strong>quibus</strong></span> <span class='ocrx_word' id='word_1_396' title='bbox 2442 1142 2652 1194; x_wconf 90' lang='lat' dir='ltr'><strong>artibus</strong></span> <span class='ocrx_word' id='word_1_397' title='bbox 2681 1142 2782 1209; x_wconf 88' lang='lat' dir='ltr'><strong>ipsi</strong></span> <span class='ocrx_word' id='word_1_398' title='bbox 2814 1143 3136 1197; x_wconf 78' lang='lat' dir='ltr'><strong>calumniam</strong></span> <span class='ocrx_word' id='word_1_399' title='bbox 3172 1154 3415 1200; x_wconf 87' lang='lat' dir='ltr'><strong>texentes</strong></span> 
     </span>
    </p>
   </div>
   <div class='ocr_carea' id='block_1_56' title="bbox 1856 1228 3413 1300">
    <p class='ocr_par' dir='ltr' id='par_1_56' title="bbox 1856 1228 3413 1300">
     <span class='ocr_line' id='line_1_56' title="bbox 1856 1228 3413 1300; baseline 0.006 -20"><span class='ocrx_word' id='word_1_400' title='bbox 1856 1228 2152 1297; x_wconf 90' lang='lat' dir='ltr'><strong>plurimum</strong></span> <span class='ocrx_word' id='word_1_401' title='bbox 2191 1244 2385 1298; x_wconf 84' lang='lat' dir='ltr'><strong>capere</strong></span> <span class='ocrx_word' id='word_1_402' title='bbox 2410 1246 2473 1283; x_wconf 90' lang='lat' dir='ltr'><strong>ac</strong></span> <span class='ocrx_word' id='word_1_403' title='bbox 2518 1230 2733 1284; x_wconf 82' lang='lat' dir='ltr'><strong>irretirc</strong></span> <span class='ocrx_word' id='word_1_404' title='bbox 2774 1244 3189 1300; x_wconf 84' lang='lat' dir='ltr'><strong>consueverant,</strong></span> <span class='ocrx_word' id='word_1_405' title='bbox 3222 1235 3413 1290; x_wconf 80' lang='lat' dir='ltr'><strong>iisdem</strong></span> 
     </span>
    </p>
   </div>
   <div class='ocr_carea' id='block_1_57' title="bbox 1856 1317 3187 1389">
    <p class='ocr_par' dir='ltr' id='par_1_57' title="bbox 1856 1317 3187 1389">
     <span class='ocr_line' id='line_1_57' title="bbox 1856 1317 3187 1389; baseline 0.007 -21"><span class='ocrx_word' id='word_1_406' title='bbox 1856 1317 1958 1384; x_wconf 82' lang='lat' dir='ltr'><strong>ipsi</strong></span> <span class='ocrx_word' id='word_1_407' title='bbox 1993 1320 2333 1373; x_wconf 82' lang='lat' dir='ltr'><strong>mendacium</strong></span> <span class='ocrx_word' id='word_1_408' title='bbox 2366 1320 2581 1375; x_wconf 88' lang='lat' dir='ltr'><strong>munire</strong></span> <span class='ocrx_word' id='word_1_409' title='bbox 2613 1337 2768 1373; x_wconf 92' lang='lat' dir='ltr'><strong>suum</strong></span> <span class='ocrx_word' id='word_1_410' title='bbox 2800 1324 3187 1389; x_wconf 75' lang='lat' dir='ltr'><strong>cogitaverant.</strong></span> 
     </span>
    </p>
   </div>
   <div class='ocr_carea' id='block_1_58' title="bbox 1933 1410 3413 1484">
    <p class='ocr_par' dir='ltr' id='par_1_58' title="bbox 1933 1410 3413 1484">
     <span class='ocr_line' id='line_1_58' title="bbox 1933 1410 3413 1484; baseline 0.007 -21"><span class='ocrx_word' id='word_1_411' title='bbox 1933 1410 2017 1463; x_wconf 72' lang='grc' dir='ltr'>ιι.</span> <span class='ocrx_word' id='word_1_412' title='bbox 2055 1411 2118 1463; x_wconf 77' lang='lat' dir='ltr'><strong>At</strong></span> <span class='ocrx_word' id='word_1_413' title='bbox 2154 1412 2407 1478; x_wconf 70' lang='lat' dir='ltr'><strong>prmsules</strong></span> <span class='ocrx_word' id='word_1_414' title='bbox 2444 1413 2539 1472; x_wconf 84' lang='lat' dir='ltr'><strong>illi,</strong></span> <span class='ocrx_word' id='word_1_415' title='bbox 2578 1423 2892 1480; x_wconf 68' lang='lat' dir='ltr'><strong>praestantes</strong></span> <span class='ocrx_word' id='word_1_416' title='bbox 2930 1415 3221 1484; x_wconf 84' lang='lat' dir='ltr'><strong>invictique</strong></span> <span class='ocrx_word' id='word_1_417' title='bbox 3270 1421 3413 1473; x_wconf 54' lang='lat' dir='ltr'><strong>veris</strong></span> 
     </span>
    </p>
   </div>
   <div class='ocr_carea' id='block_1_59' title="bbox 1861 1500 3415 1572">
    <p class='ocr_par' dir='ltr' id='par_1_59' title="bbox 1861 1500 3415 1572">
     <span class='ocr_line' id='line_1_59' title="bbox 1861 1500 3415 1572; baseline 0.006 -18"><span class='ocrx_word' id='word_1_418' title='bbox 1861 1502 1987 1555; x_wconf 86' lang='lat' dir='ltr'><strong>tatis</strong></span> <span class='ocrx_word' id='word_1_419' title='bbox 2032 1509 2461 1569; x_wconf 81' lang='lat' dir='ltr'><strong>propugnatores</strong></span> <span class='ocrx_word' id='word_1_420' title='bbox 2492 1519 2504 1554; x_wconf 90' lang='lat'><strong>:</strong></span> <span class='ocrx_word' id='word_1_421' title='bbox 2540 1500 2661 1555; x_wconf 74' lang='lat' dir='ltr'><strong>llaec</strong></span> <span class='ocrx_word' id='word_1_422' title='bbox 2709 1503 2949 1569; x_wconf 71' lang='lat' dir='ltr'><strong>profecto</strong></span> <span class='ocrx_word' id='word_1_423' title='bbox 2976 1506 3021 1557; x_wconf 85' lang='lat' dir='ltr'><strong>si</strong></span> <span class='ocrx_word' id='word_1_424' title='bbox 3058 1510 3180 1560; x_wconf 73' lang='lat' dir='ltr'><strong>vera</strong></span> <span class='ocrx_word' id='word_1_425' title='bbox 3211 1520 3415 1572; x_wconf 87' lang='lat' dir='ltr'><strong>essent,</strong></span> 
     </span>
    </p>
   </div>
   <div class='ocr_carea' id='block_1_60' title="bbox 1859 1591 3415 1661">
    <p class='ocr_par' dir='ltr' id='par_1_60' title="bbox 1859 1591 3415 1661">
     <span class='ocr_line' id='line_1_60' title="bbox 1859 1591 3415 1661; baseline 0.006 -16"><span class='ocrx_word' id='word_1_426' title='bbox 1859 1593 2095 1655; x_wconf 86' lang='lat' dir='ltr'><strong>aiebant,</strong></span> <span class='ocrx_word' id='word_1_427' title='bbox 2122 1591 2450 1643; x_wconf 90' lang='lat' dir='ltr'><strong>contrarium</strong></span> <span class='ocrx_word' id='word_1_428' title='bbox 2474 1591 2641 1659; x_wconf 84' lang='lat' dir='ltr'><strong>magis</strong></span> <span class='ocrx_word' id='word_1_429' title='bbox 2663 1593 2810 1659; x_wconf 84' lang='lat' dir='ltr'><strong>sequi</strong></span> <span class='ocrx_word' id='word_1_430' title='bbox 2832 1596 3134 1661; x_wconf 86' lang='lat' dir='ltr'><strong>oportebat,</strong></span> <span class='ocrx_word' id='word_1_431' title='bbox 3158 1613 3218 1651; x_wconf 90' lang='lat' dir='ltr'><strong>ac</strong></span> <span class='ocrx_word' id='word_1_432' title='bbox 3241 1602 3415 1655; x_wconf 84' lang='lat' dir='ltr'><strong>scelus</strong></span> 
     </span>
    </p>
   </div>
   <div class='ocr_carea' id='block_1_61' title="bbox 1854 1682 3414 1751">
    <p class='ocr_par' dir='ltr' id='par_1_61' title="bbox 1854 1682 3414 1751">
     <span class='ocr_line' id='line_1_61' title="bbox 1854 1682 3414 1751; baseline 0.007 -16"><span class='ocrx_word' id='word_1_433' title='bbox 1854 1682 2072 1751; x_wconf 90' lang='lat' dir='ltr'><strong>quidctn</strong></span> <span class='ocrx_word' id='word_1_434' title='bbox 2106 1683 2369 1734; x_wconf 89' lang='lat' dir='ltr'><strong>celantem</strong></span> <span class='ocrx_word' id='word_1_435' title='bbox 2418 1692 2472 1735; x_wconf 89' lang='lat' dir='ltr'><strong>et</strong></span> <span class='ocrx_word' id='word_1_436' title='bbox 2527 1682 2857 1736; x_wconf 86' lang='lat' dir='ltr'><strong>inliciantcm</strong></span> <span class='ocrx_word' id='word_1_437' title='bbox 2910 1700 3047 1740; x_wconf 66' lang='lat' dir='ltr'><strong>saeve</strong></span> <span class='ocrx_word' id='word_1_438' title='bbox 3094 1704 3123 1740; x_wconf 91' lang='lat' dir='ltr'><strong>a</strong></span> <span class='ocrx_word' id='word_1_439' title='bbox 3172 1689 3414 1746; x_wconf 77' lang='lat' dir='ltr'><strong>dannone</strong></span> 
     </span>
    </p>
   </div>
   <div class='ocr_carea' id='block_1_62' title="bbox 1859 1771 3416 1841">
    <p class='ocr_par' dir='ltr' id='par_1_62' title="bbox 1859 1771 3416 1841">
     <span class='ocr_line' id='line_1_62' title="bbox 1859 1771 3416 1841; baseline 0.008 -20"><span class='ocrx_word' id='word_1_440' title='bbox 1859 1787 1959 1839; x_wconf 88' lang='lat' dir='ltr'><strong>pro</strong></span> <span class='ocrx_word' id='word_1_441' title='bbox 1995 1786 2151 1839; x_wconf 66' lang='lat' dir='ltr'><strong>pinna</strong></span> <span class='ocrx_word' id='word_1_442' title='bbox 2184 1771 2560 1840; x_wconf 87' lang='lat' dir='ltr'><strong>supplicioque</strong></span> <span class='ocrx_word' id='word_1_443' title='bbox 2594 1773 2857 1841; x_wconf 86' lang='lat' dir='ltr'><strong>torqueri,</strong></span> <span class='ocrx_word' id='word_1_444' title='bbox 2891 1790 2919 1827; x_wconf 89' lang='lat' dir='ltr'><strong>a</strong></span> <span class='ocrx_word' id='word_1_445' title='bbox 2964 1777 3254 1831; x_wconf 73' lang='lat' dir='ltr'><strong>confitente</strong></span> <span class='ocrx_word' id='word_1_446' title='bbox 3287 1796 3416 1833; x_wconf 83' lang='lat' dir='ltr'><strong>vero</strong></span> 
     </span>
    </p>
   </div>
   <div class='ocr_carea' id='block_1_63' title="bbox 1858 1860 3410 1929">
    <p class='ocr_par' dir='ltr' id='par_1_63' title="bbox 1858 1860 3410 1929">
     <span class='ocr_line' id='line_1_63' title="bbox 1858 1860 3410 1929; baseline 0.004 -14"><span class='ocrx_word' id='word_1_447' title='bbox 1858 1866 2172 1927; x_wconf 84' lang='lat' dir='ltr'><strong>crimenque</strong></span> <span class='ocrx_word' id='word_1_448' title='bbox 2201 1860 2547 1929; x_wconf 82' lang='lat' dir='ltr'><strong>deprecante,</strong></span> <span class='ocrx_word' id='word_1_449' title='bbox 2583 1870 2636 1914; x_wconf 89' lang='lat' dir='ltr'><strong>et</strong></span> <span class='ocrx_word' id='word_1_450' title='bbox 2666 1862 2832 1915; x_wconf 86' lang='lat' dir='ltr'><strong>Deum</strong></span> <span class='ocrx_word' id='word_1_451' title='bbox 2870 1863 3001 1916; x_wconf 90' lang='lat' dir='ltr'><strong>iram</strong></span> <span class='ocrx_word' id='word_1_452' title='bbox 3048 1866 3323 1929; x_wconf 88' lang='lat' dir='ltr'><strong>cohibere,</strong></span> <span class='ocrx_word' id='word_1_453' title='bbox 3355 1879 3410 1921; x_wconf 88' lang='lat' dir='ltr'><strong>et</strong></span> 
     </span>
    </p>
   </div>
   <div class='ocr_carea' id='block_1_64' title="bbox 1861 1951 3415 2022">
    <p class='ocr_par' dir='ltr' id='par_1_64' title="bbox 1861 1951 3415 2022">
     <span class='ocr_line' id='line_1_64' title="bbox 1861 1951 3415 2022; baseline 0.005 -18"><span class='ocrx_word' id='word_1_454' title='bbox 1861 1951 2125 2012; x_wconf 71' lang='lat' dir='ltr'><strong>daemona,</strong></span> <span class='ocrx_word' id='word_1_455' title='bbox 2169 1952 2381 2004; x_wconf 89' lang='lat' dir='ltr'><strong>etiamsi</strong></span> <span class='ocrx_word' id='word_1_456' title='bbox 2419 1952 2571 2019; x_wconf 93' lang='lat' dir='ltr'><strong>prior</strong></span> <span class='ocrx_word' id='word_1_457' title='bbox 2616 1952 2907 2015; x_wconf 75' lang='lat' dir='ltr'><strong>invaserat,</strong></span> <span class='ocrx_word' id='word_1_458' title='bbox 2945 1955 3085 2022; x_wconf 85' lang='lat' dir='ltr'><strong>abigi</strong></span> <span class='ocrx_word' id='word_1_459' title='bbox 3130 1970 3415 2011; x_wconf 82' lang='lat' dir='ltr'><strong>consenta-</strong></span> 
     </span>
    </p>
   </div>
   <div class='ocr_carea' id='block_1_65' title="bbox 1860 2042 3410 2113">
    <p class='ocr_par' dir='ltr' id='par_1_65' title="bbox 1860 2042 3410 2113">
     <span class='ocr_line' id='line_1_65' title="bbox 1860 2042 3410 2113; baseline 0.006 -19"><span class='ocrx_word' id='word_1_460' title='bbox 1860 2057 2019 2095; x_wconf 90' lang='lat' dir='ltr'><strong>neum</strong></span> <span class='ocrx_word' id='word_1_461' title='bbox 2054 2052 2191 2096; x_wconf 92' lang='lat' dir='ltr'><strong>crat.</strong></span> <span class='ocrx_word' id='word_1_462' title='bbox 2234 2042 2324 2094; x_wconf 73' lang='lat' dir='ltr'><strong>Sic</strong></span> <span class='ocrx_word' id='word_1_463' title='bbox 2366 2051 2489 2110; x_wconf 88' lang='lat' dir='ltr'><strong>apte</strong></span> <span class='ocrx_word' id='word_1_464' title='bbox 2529 2056 2690 2109; x_wconf 89' lang='lat' dir='ltr'><strong>porro</strong></span> <span class='ocrx_word' id='word_1_465' title='bbox 2732 2044 2859 2095; x_wconf 84' lang='lat' dir='ltr'><strong>dum</strong></span> <span class='ocrx_word' id='word_1_466' title='bbox 2906 2048 3120 2113; x_wconf 73' lang='lat' dir='ltr'><strong>aperire</strong></span> <span class='ocrx_word' id='word_1_467' title='bbox 3156 2063 3273 2102; x_wconf 88' lang='lat' dir='ltr'><strong>sese</strong></span> <span class='ocrx_word' id='word_1_468' title='bbox 3315 2065 3410 2102; x_wconf 89' lang='lat' dir='ltr'><strong>vo-</strong></span> 
     </span>
    </p>
   </div>
   <div class='ocr_carea' id='block_1_66' title="bbox 1859 2129 3411 2201">
    <p class='ocr_par' dir='ltr' id='par_1_66' title="bbox 1859 2129 3411 2201">
     <span class='ocr_line' id='line_1_66' title="bbox 1859 2129 3411 2201; baseline 0.008 -20"><span class='ocrx_word' id='word_1_469' title='bbox 1859 2130 1997 2193; x_wconf 90' lang='lat' dir='ltr'><strong>lunt,</strong></span> <span class='ocrx_word' id='word_1_470' title='bbox 2022 2144 2117 2182; x_wconf 89' lang='lat' dir='ltr'><strong>sua</strong></span> <span class='ocrx_word' id='word_1_471' title='bbox 2156 2129 2256 2197; x_wconf 88' lang='lat' dir='ltr'><strong>ipsi</strong></span> <span class='ocrx_word' id='word_1_472' title='bbox 2294 2129 2563 2182; x_wconf 86' lang='lat' dir='ltr'><strong>calumnia</strong></span> <span class='ocrx_word' id='word_1_473' title='bbox 2603 2131 2734 2198; x_wconf 89' lang='lat' dir='ltr'><strong>lapsi</strong></span> <span class='ocrx_word' id='word_1_474' title='bbox 2771 2133 2937 2201; x_wconf 75' lang='lat' dir='ltr'><strong>magis</strong></span> <span class='ocrx_word' id='word_1_475' title='bbox 2983 2134 3237 2189; x_wconf 91' lang='lat' dir='ltr'><strong>induunt.</strong></span> <span class='ocrx_word' id='word_1_476' title='bbox 3276 2136 3411 2193; x_wconf 86' lang='lat' dir='ltr'><strong>Tum</strong></span> 
     </span>
    </p>
   </div>
   <div class='ocr_carea' id='block_1_67' title="bbox 1860 2217 3413 2285">
    <p class='ocr_par' dir='ltr' id='par_1_67' title="bbox 1860 2217 3413 2285">
     <span class='ocr_line' id='line_1_67' title="bbox 1860 2217 3413 2285; baseline 0.006 -14"><span class='ocrx_word' id='word_1_477' title='bbox 1860 2218 2028 2283; x_wconf 82' lang='lat' dir='ltr'><strong>ipsam</strong></span> <span class='ocrx_word' id='word_1_478' title='bbox 2058 2217 2312 2285; x_wconf 90' lang='lat' dir='ltr'><strong>puellam,</strong></span> <span class='ocrx_word' id='word_1_479' title='bbox 2340 2232 2459 2285; x_wconf 73' lang='lat' dir='ltr'><strong>qua:</strong></span> <span class='ocrx_word' id='word_1_480' title='bbox 2496 2217 2673 2270; x_wconf 89' lang='lat' dir='ltr'><strong>adhuc</strong></span> <span class='ocrx_word' id='word_1_481' title='bbox 2699 2219 2894 2273; x_wconf 82' lang='lat' dir='ltr'><strong>facient</strong></span> <span class='ocrx_word' id='word_1_482' title='bbox 2928 2222 3212 2278; x_wconf 83' lang='lat' dir='ltr'><strong>immutata</strong></span> <span class='ocrx_word' id='word_1_483' title='bbox 3242 2239 3271 2277; x_wconf 89' lang='lat' dir='ltr'><strong>a</strong></span> <span class='ocrx_word' id='word_1_484' title='bbox 3302 2226 3413 2280; x_wconf 84' lang='lat' dir='ltr'><strong>dae-</strong></span> 
     </span>
    </p>
   </div>
   <div class='ocr_carea' id='block_1_68' title="bbox 1859 2307 3411 2369">
    <p class='ocr_par' dir='ltr' id='par_1_68' title="bbox 1859 2307 3411 2369">
     <span class='ocr_line' id='line_1_68' title="bbox 1859 2307 3411 2369; baseline 0.007 -11"><span class='ocrx_word' id='word_1_485' title='bbox 1859 2322 2018 2359; x_wconf 87' lang='lat' dir='ltr'><strong>mone</strong></span> <span class='ocrx_word' id='word_1_486' title='bbox 2067 2307 2364 2360; x_wconf 77' lang='lat' dir='ltr'><strong>vexabatur</strong></span> <span class='ocrx_word' id='word_1_487' title='bbox 2410 2309 2461 2359; x_wconf 90' lang='lat' dir='ltr'><strong>in</strong></span> <span class='ocrx_word' id='word_1_488' title='bbox 2512 2309 2748 2360; x_wconf 89' lang='lat' dir='ltr'><strong>medium</strong></span> <span class='ocrx_word' id='word_1_489' title='bbox 2782 2319 3049 2366; x_wconf 87' lang='lat' dir='ltr'><strong>statuunt.</strong></span> <span class='ocrx_word' id='word_1_490' title='bbox 3081 2313 3227 2367; x_wconf 88' lang='lat' dir='ltr'><strong>llanc</strong></span> <span class='ocrx_word' id='word_1_491' title='bbox 3265 2315 3411 2369; x_wconf 88' lang='lat' dir='ltr'><strong>dela-</strong></span> 
     </span>
    </p>
   </div>
   <div class='ocr_carea' id='block_1_69' title="bbox 1860 2396 3414 2468">
    <p class='ocr_par' dir='ltr' id='par_1_69' title="bbox 1860 2396 3414 2468">
     <span class='ocr_line' id='line_1_69' title="bbox 1860 2396 3414 2468; baseline 0.008 -21"><span class='ocrx_word' id='word_1_492' title='bbox 1860 2406 2004 2449; x_wconf 85' lang='lat' dir='ltr'><strong>tores</strong></span> <span class='ocrx_word' id='word_1_493' title='bbox 2037 2396 2359 2463; x_wconf 85' lang='lat' dir='ltr'><strong>intcrrogari</strong></span> <span class='ocrx_word' id='word_1_494' title='bbox 2411 2397 2806 2463; x_wconf 84' lang='lat' dir='ltr'><strong>permittentes,</strong></span> <span class='ocrx_word' id='word_1_495' title='bbox 2840 2400 2904 2451; x_wconf 85' lang='lat' dir='ltr'><strong>:id</strong></span> <span class='ocrx_word' id='word_1_496' title='bbox 2940 2401 3256 2468; x_wconf 79' lang='lat' dir='ltr'><strong>Gregorium</strong></span> <span class='ocrx_word' id='word_1_497' title='bbox 3296 2420 3414 2459; x_wconf 75' lang='lat' dir='ltr'><strong>sese</strong></span> 
     </span>
    </p>
   </div>
   <div class='ocr_carea' id='block_1_70' title="bbox 1861 2486 3412 2557">
    <p class='ocr_par' dir='ltr' id='par_1_70' title="bbox 1861 2486 3412 2557">
     <span class='ocr_line' id='line_1_70' title="bbox 1861 2486 3412 2557; baseline 0.006 -19"><span class='ocrx_word' id='word_1_498' title='bbox 1861 2486 2150 2554; x_wconf 85' lang='lat' dir='ltr'><strong>recipiunt,</strong></span> <span class='ocrx_word' id='word_1_499' title='bbox 2184 2495 2241 2538; x_wconf 91' lang='lat' dir='ltr'><strong>ut</strong></span> <span class='ocrx_word' id='word_1_500' title='bbox 2288 2488 2436 2540; x_wconf 91' lang='lat' dir='ltr'><strong>illum</strong></span> <span class='ocrx_word' id='word_1_501' title='bbox 2482 2489 2875 2554; x_wconf 66' lang='lat' dir='ltr'><strong>quaestionibus</strong></span> <span class='ocrx_word' id='word_1_502' title='bbox 2919 2492 3152 2557; x_wconf 81' lang='lat' dir='ltr'><strong>objectis</strong></span> <span class='ocrx_word' id='word_1_503' title='bbox 3184 2494 3412 2548; x_wconf 81' lang='lat' dir='ltr'><strong>confun-</strong></span> 
     </span>
    </p>
   </div>
   <div class='ocr_carea' id='block_1_71' title="bbox 1858 2577 3411 2647">
    <p class='ocr_par' dir='ltr' id='par_1_71' title="bbox 1858 2577 3411 2647">
     <span class='ocr_line' id='line_1_71' title="bbox 1858 2577 3411 2647; baseline 0.006 -18"><span class='ocrx_word' id='word_1_504' title='bbox 1858 2577 2067 2631; x_wconf 86' lang='lat' dir='ltr'><strong>derent.</strong></span> <span class='ocrx_word' id='word_1_505' title='bbox 2115 2578 2180 2629; x_wconf 84' lang='lat' dir='ltr'><strong>At</strong></span> <span class='ocrx_word' id='word_1_506' title='bbox 2236 2578 2321 2629; x_wconf 80' lang='lat' dir='ltr'><strong>ille</strong></span> <span class='ocrx_word' id='word_1_507' title='bbox 2385 2578 2611 2629; x_wconf 90' lang='lat' dir='ltr'><strong>multum</strong></span> <span class='ocrx_word' id='word_1_508' title='bbox 2670 2581 2989 2647; x_wconf 72' lang='lat' dir='ltr'><strong>suspirans,</strong></span> <span class='ocrx_word' id='word_1_509' title='bbox 3056 2581 3274 2637; x_wconf 85' lang='lat' dir='ltr'><strong>Davidis</strong></span> <span class='ocrx_word' id='word_1_510' title='bbox 3318 2585 3411 2638; x_wconf 85' lang='lat' dir='ltr'><strong>illa</strong></span> 
     </span>
    </p>
   </div>
   <div class='ocr_carea' id='block_1_72' title="bbox 1861 2665 3416 2735">
    <p class='ocr_par' dir='ltr' id='par_1_72' title="bbox 1861 2665 3416 2735">
     <span class='ocr_line' id='line_1_72' title="bbox 1861 2665 3416 2735; baseline 0.004 -16"><span class='ocrx_word' id='word_1_511' title='bbox 1861 2666 2021 2719; x_wconf 83' lang='lat' dir='ltr'><strong>verba</strong></span> <span class='ocrx_word' id='word_1_512' title='bbox 2050 2666 2329 2732; x_wconf 72' lang='lat' dir='ltr'><strong>reapondit</strong></span> <span class='ocrx_word' id='word_1_513' title='bbox 2354 2682 2367 2719; x_wconf 89' lang='lat'>:</span> <span class='ocrx_word' id='word_1_514' title='bbox 2400 2684 2417 2715; x_wconf 81' lang='grc' dir='ltr'><strong>ι</strong></span> <span class='ocrx_word' id='word_1_515' title='bbox 2453 2665 2799 2735; x_wconf 87' lang='lat' dir='ltr'><strong>lnsurgentes</strong></span> <span class='ocrx_word' id='word_1_516' title='bbox 2822 2669 3111 2721; x_wconf 85' lang='lat' dir='ltr'><strong>adversum</strong></span> <span class='ocrx_word' id='word_1_517' title='bbox 3139 2688 3222 2725; x_wconf 88' lang='lat' dir='ltr'><strong>me</strong></span> <span class='ocrx_word' id='word_1_518' title='bbox 3251 2682 3416 2725; x_wconf 87' lang='lat' dir='ltr'><strong>testes</strong></span> 
     </span>
    </p>
   </div>
   <div class='ocr_carea' id='block_1_73' title="bbox 1862 2756 3409 2826">
    <p class='ocr_par' dir='ltr' id='par_1_73' title="bbox 1862 2756 3409 2826">
     <span class='ocr_line' id='line_1_73' title="bbox 1862 2756 3409 2826; baseline 0.004 -17"><span class='ocrx_word' id='word_1_519' title='bbox 1862 2758 2056 2826; x_wconf 78' lang='lat' dir='ltr'><strong>iniqui,</strong></span> <span class='ocrx_word' id='word_1_520' title='bbox 2083 2772 2202 2825; x_wconf 72' lang='lat' dir='ltr'><strong>quae</strong></span> <span class='ocrx_word' id='word_1_521' title='bbox 2228 2756 2540 2825; x_wconf 77' lang='lat' dir='ltr'><strong>ignorabam</strong></span> <span class='ocrx_word' id='word_1_522' title='bbox 2568 2758 2882 2826; x_wconf 85' lang='lat' dir='ltr'><strong>objecerunt</strong></span> <span class='ocrx_word' id='word_1_523' title='bbox 2913 2759 3076 2826; x_wconf 89' lang='lat' dir='ltr'><strong>mihi;</strong></span> <span class='ocrx_word' id='word_1_524' title='bbox 3117 2762 3253 2815; x_wconf 80' lang='lat' dir='ltr'><strong>tnala</strong></span> <span class='ocrx_word' id='word_1_525' title='bbox 3277 2762 3409 2815; x_wconf 87' lang='lat' dir='ltr'><strong>mihi</strong></span> 
     </span>
    </p>
   </div>
   <div class='ocr_carea' id='block_1_74' title="bbox 1861 2847 3407 2916">
    <p class='ocr_par' dir='ltr' id='par_1_74' title="bbox 1861 2847 3407 2916">
     <span class='ocr_line' id='line_1_74' title="bbox 1861 2847 3407 2916; baseline 0.004 -17"><span class='ocrx_word' id='word_1_526' title='bbox 1861 2863 1960 2916; x_wconf 85' lang='lat' dir='ltr'><strong>pro</strong></span> <span class='ocrx_word' id='word_1_527' title='bbox 1987 2848 2145 2902; x_wconf 86' lang='lat' dir='ltr'><strong>bonis</strong></span> <span class='ocrx_word' id='word_1_528' title='bbox 2176 2847 2545 2916; x_wconf 88' lang='lat' dir='ltr'><strong>rependebant</strong></span> <span class='ocrx_word' id='word_1_529' title='bbox 2571 2849 2633 2901; x_wconf 85' lang='lat'><strong>”.</strong></span> <span class='ocrx_word' id='word_1_530' title='bbox 2673 2868 2691 2899; x_wconf 76' lang='grc' dir='ltr'><strong>ι</strong></span> <span class='ocrx_word' id='word_1_531' title='bbox 2727 2849 2855 2914; x_wconf 64' lang='lat' dir='ltr'><strong>Qui:</strong></span> <span class='ocrx_word' id='word_1_532' title='bbox 2885 2851 3047 2904; x_wconf 89' lang='lat' dir='ltr'><strong>simul</strong></span> <span class='ocrx_word' id='word_1_533' title='bbox 3072 2866 3135 2904; x_wconf 90' lang='lat' dir='ltr'><strong>ac</strong></span> <span class='ocrx_word' id='word_1_534' title='bbox 3161 2850 3407 2915; x_wconf 86' lang='lat' dir='ltr'><strong>dixisset,</strong></span> 
     </span>
    </p>
   </div>
   <div class='ocr_carea' id='block_1_75' title="bbox 1863 2936 3412 3005">
    <p class='ocr_par' dir='ltr' id='par_1_75' title="bbox 1863 2936 3412 3005">
     <span class='ocr_line' id='line_1_75' title="bbox 1863 2936 3412 3005; baseline 0.004 -16"><span class='ocrx_word' id='word_1_535' title='bbox 1863 2937 2039 3005; x_wconf 86' lang='lat' dir='ltr'><strong>puella</strong></span> <span class='ocrx_word' id='word_1_536' title='bbox 2070 2936 2216 2989; x_wconf 84' lang='lat' dir='ltr'><strong>humi</strong></span> <span class='ocrx_word' id='word_1_537' title='bbox 2250 2937 2506 3001; x_wconf 90' lang='lat' dir='ltr'><strong>trahitur,</strong></span> <span class='ocrx_word' id='word_1_538' title='bbox 2537 2947 2590 2991; x_wconf 88' lang='lat' dir='ltr'><strong>et</strong></span> <span class='ocrx_word' id='word_1_539' title='bbox 2614 2953 2642 2990; x_wconf 91' lang='lat' dir='ltr'><strong>a</strong></span> <span class='ocrx_word' id='word_1_540' title='bbox 2667 2938 2909 2993; x_wconf 73' lang='lat' dir='ltr'><strong>daemone</strong></span> <span class='ocrx_word' id='word_1_541' title='bbox 2939 2952 2995 2993; x_wconf 92' lang='lat' dir='ltr'><strong>ut</strong></span> <span class='ocrx_word' id='word_1_542' title='bbox 3026 2956 3148 2994; x_wconf 88' lang='lat' dir='ltr'><strong>cum</strong></span> <span class='ocrx_word' id='word_1_543' title='bbox 3181 2946 3412 2995; x_wconf 80' lang='lat' dir='ltr'><strong>maxime</strong></span> 
     </span>
    </p>
   </div>
   <div class='ocr_carea' id='block_1_76' title="bbox 1861 3028 3410 3099">
    <p class='ocr_par' dir='ltr' id='par_1_76' title="bbox 1861 3028 3410 3099">
     <span class='ocr_line' id='line_1_76' title="bbox 1861 3028 3410 3099; baseline 0.003 -19"><span class='ocrx_word' id='word_1_544' title='bbox 1861 3028 2077 3090; x_wconf 88' lang='lat' dir='ltr'><strong>laniata,</strong></span> <span class='ocrx_word' id='word_1_545' title='bbox 2123 3028 2274 3095; x_wconf 81' lang='lat' dir='ltr'><strong>juxta</strong></span> <span class='ocrx_word' id='word_1_546' title='bbox 2323 3028 2419 3079; x_wconf 88' lang='lat' dir='ltr'><strong>viri</strong></span> <span class='ocrx_word' id='word_1_547' title='bbox 2467 3029 2639 3082; x_wconf 83' lang='lat' dir='ltr'><strong>sancti</strong></span> <span class='ocrx_word' id='word_1_548' title='bbox 2691 3030 2853 3096; x_wconf 87' lang='lat' dir='ltr'><strong>pedes</strong></span> <span class='ocrx_word' id='word_1_549' title='bbox 2904 3032 3161 3099; x_wconf 86' lang='lat' dir='ltr'><strong>projeeta,</strong></span> <span class='ocrx_word' id='word_1_550' title='bbox 3206 3047 3271 3084; x_wconf 89' lang='lat' dir='ltr'><strong>ex</strong></span> <span class='ocrx_word' id='word_1_551' title='bbox 3315 3047 3410 3085; x_wconf 85' lang='lat' dir='ltr'><strong>ore</strong></span> 
     </span>
    </p>
   </div>
   <div class='ocr_carea' id='block_1_77' title="bbox 1862 3119 3411 3189">
    <p class='ocr_par' dir='ltr' id='par_1_77' title="bbox 1862 3119 3411 3189">
     <span class='ocr_line' id='line_1_77' title="bbox 1862 3119 3411 3189; baseline 0.003 -17"><span class='ocrx_word' id='word_1_552' title='bbox 1862 3120 2417 3187; x_wconf 85' lang='lat' dir='ltr'><strong>spumamemittcus,</strong></span> <span class='ocrx_word' id='word_1_553' title='bbox 2448 3119 2815 3173; x_wconf 74' lang='lat' dir='ltr'><strong>volutabatur.</strong></span> <span class='ocrx_word' id='word_1_554' title='bbox 2845 3121 3138 3189; x_wconf 83' lang='lat' dir='ltr'><strong>Gregorius</strong></span> <span class='ocrx_word' id='word_1_555' title='bbox 3173 3137 3317 3184; x_wconf 91' lang='lat' dir='ltr'><strong>vero,</strong></span> <span class='ocrx_word' id='word_1_556' title='bbox 3353 3136 3411 3176; x_wconf 91' lang='lat' dir='ltr'><strong>ut</strong></span> 
     </span>
    </p>
   </div>
   <div class='ocr_carea' id='block_1_78' title="bbox 1862 3209 3407 3282">
    <p class='ocr_par' dir='ltr' id='par_1_78' title="bbox 1862 3209 3407 3282">
     <span class='ocr_line' id='line_1_78' title="bbox 1862 3209 3407 3282; baseline 0.002 -20"><span class='ocrx_word' id='word_1_557' title='bbox 1862 3211 1955 3277; x_wconf 91' lang='lat' dir='ltr'><strong>qui</strong></span> <span class='ocrx_word' id='word_1_558' title='bbox 1986 3210 2121 3262; x_wconf 87' lang='lat' dir='ltr'><strong>bene</strong></span> <span class='ocrx_word' id='word_1_559' title='bbox 2148 3209 2383 3263; x_wconf 89' lang='lat' dir='ltr'><strong>inimicis</strong></span> <span class='ocrx_word' id='word_1_560' title='bbox 2410 3209 2619 3278; x_wconf 89' lang='lat' dir='ltr'><strong>precari</strong></span> <span class='ocrx_word' id='word_1_561' title='bbox 2653 3211 2937 3274; x_wconf 83' lang='lat' dir='ltr'><strong>didicerat,</strong></span> <span class='ocrx_word' id='word_1_562' title='bbox 2968 3213 3155 3266; x_wconf 90' lang='lat' dir='ltr'><strong>oculos</strong></span> <span class='ocrx_word' id='word_1_563' title='bbox 3184 3214 3407 3282; x_wconf 87' lang='lat' dir='ltr'><strong>quidem</strong></span> 
     </span>
    </p>
   </div>
   <div class='ocr_carea' id='block_1_79' title="bbox 1862 3302 3406 3371">
    <p class='ocr_par' dir='ltr' id='par_1_79' title="bbox 1862 3302 3406 3371">
     <span class='ocr_line' id='line_1_79' title="bbox 1862 3302 3406 3371; baseline 0.002 -17"><span class='ocrx_word' id='word_1_564' title='bbox 1862 3303 1916 3354; x_wconf 89' lang='lat' dir='ltr'><strong>in</strong></span> <span class='ocrx_word' id='word_1_565' title='bbox 1951 3303 2168 3362; x_wconf 73' lang='lat' dir='ltr'><strong>cmlum,</strong></span> <span class='ocrx_word' id='word_1_566' title='bbox 2205 3312 2437 3355; x_wconf 84' lang='lat' dir='ltr'><strong>mentem</strong></span> <span class='ocrx_word' id='word_1_567' title='bbox 2479 3318 2607 3356; x_wconf 75' lang='lat' dir='ltr'><strong>vero</strong></span> <span class='ocrx_word' id='word_1_568' title='bbox 2636 3302 2703 3355; x_wconf 87' lang='lat' dir='ltr'><strong>ad</strong></span> <span class='ocrx_word' id='word_1_569' title='bbox 2748 3302 2870 3355; x_wconf 66' lang='lat' dir='ltr'><strong>caeli</strong></span> <span class='ocrx_word' id='word_1_570' title='bbox 2898 3302 3160 3371; x_wconf 89' lang='lat' dir='ltr'><strong>Opiliccm</strong></span> <span class='ocrx_word' id='word_1_571' title='bbox 3197 3305 3406 3364; x_wconf 66' lang='lat' dir='ltr'><strong>tollens,</strong></span> 
     </span>
    </p>
   </div>
   <div class='ocr_carea' id='block_1_80' title="bbox 1860 3392 3398 3463">
    <p class='ocr_par' dir='ltr' id='par_1_80' title="bbox 1860 3392 3398 3463">
     <span class='ocr_line' id='line_1_80' title="bbox 1860 3392 3398 3463; baseline 0.001 -17"><span class='ocrx_word' id='word_1_572' title='bbox 1860 3407 1925 3446; x_wconf 87' lang='lat' dir='ltr'><strong>ac</strong></span> <span class='ocrx_word' id='word_1_573' title='bbox 1947 3393 2095 3445; x_wconf 85' lang='lat' dir='ltr'><strong>labra</strong></span> <span class='ocrx_word' id='word_1_574' title='bbox 2124 3392 2305 3445; x_wconf 91' lang='lat' dir='ltr'><strong>cordis</strong></span> <span class='ocrx_word' id='word_1_575' title='bbox 2333 3394 2547 3447; x_wconf 87' lang='lat' dir='ltr'><strong>silentio</strong></span> <span class='ocrx_word' id='word_1_576' title='bbox 2578 3408 2821 3453; x_wconf 86' lang='lat' dir='ltr'><strong>movens.</strong></span> <span class='ocrx_word' id='word_1_577' title='bbox 2857 3394 3023 3446; x_wconf 88' lang='lat' dir='ltr'><strong>Deum</strong></span> <span class='ocrx_word' id='word_1_578' title='bbox 3059 3396 3181 3448; x_wconf 91' lang='lat' dir='ltr'><strong>imis</strong></span> <span class='ocrx_word' id='word_1_579' title='bbox 3207 3398 3291 3449; x_wconf 88' lang='lat' dir='ltr'><strong>sin</strong></span> <span class='ocrx_word' id='word_1_580' title='bbox 3299 3400 3398 3463; x_wconf 63' lang='lat' dir='ltr'><strong>gul-</strong></span> 
     </span>
    </p>
   </div>
   <div class='ocr_carea' id='block_1_81' title="bbox 1863 3482 3411 3551">
    <p class='ocr_par' dir='ltr' id='par_1_81' title="bbox 1863 3482 3411 3551">
     <span class='ocr_line' id='line_1_81' title="bbox 1863 3482 3411 3551; baseline 0.001 -15"><span class='ocrx_word' id='word_1_581' title='bbox 1863 3482 2007 3536; x_wconf 88' lang='lat' dir='ltr'><strong>tibus</strong></span> <span class='ocrx_word' id='word_1_582' title='bbox 2038 3482 2378 3543; x_wconf 82' lang='lat' dir='ltr'><strong>obsecrabat,</strong></span> <span class='ocrx_word' id='word_1_583' title='bbox 2422 3491 2644 3551; x_wconf 86' lang='lat' dir='ltr'><strong>tumque</strong></span> <span class='ocrx_word' id='word_1_584' title='bbox 2701 3497 2891 3536; x_wconf 88' lang='lat' dir='ltr'><strong>omnes</strong></span> <span class='ocrx_word' id='word_1_585' title='bbox 2937 3484 2991 3535; x_wconf 93' lang='lat' dir='ltr'><strong>in</strong></span> <span class='ocrx_word' id='word_1_586' title='bbox 3036 3485 3186 3537; x_wconf 89' lang='lat' dir='ltr'><strong>illum</strong></span> <span class='ocrx_word' id='word_1_587' title='bbox 3223 3487 3411 3539; x_wconf 77' lang='lat' dir='ltr'><strong>oculos</strong></span> 
     </span>
    </p>
   </div>
   <div class='ocr_carea' id='block_1_82' title="bbox 1863 3572 3411 3643">
    <p class='ocr_par' dir='ltr' id='par_1_82' title="bbox 1863 3572 3411 3643">
     <span class='ocr_line' id='line_1_82' title="bbox 1863 3572 3411 3643; baseline 0.003 -18"><span class='ocrx_word' id='word_1_588' title='bbox 1863 3572 2236 3626; x_wconf 85' lang='lat' dir='ltr'><strong>intendebant.</strong></span> <span class='ocrx_word' id='word_1_589' title='bbox 2300 3573 2425 3626; x_wconf 81' lang='lat' dir='ltr'><strong>Post</strong></span> <span class='ocrx_word' id='word_1_590' title='bbox 2487 3588 2673 3641; x_wconf 85' lang='lat' dir='ltr'><strong>preces</strong></span> <span class='ocrx_word' id='word_1_591' title='bbox 2734 3585 2915 3627; x_wconf 90' lang='lat' dir='ltr'><strong>autem</strong></span> <span class='ocrx_word' id='word_1_592' title='bbox 2986 3577 3174 3643; x_wconf 69' lang='lat' dir='ltr'><strong>puetlie</strong></span> <span class='ocrx_word' id='word_1_593' title='bbox 3224 3579 3411 3630; x_wconf 79' lang='lat' dir='ltr'><strong>oculos</strong></span> 
     </span>
    </p>
   </div>
   <div class='ocr_carea' id='block_1_83' title="bbox 1862 3662 3410 3731">
    <p class='ocr_par' dir='ltr' id='par_1_83' title="bbox 1862 3662 3410 3731">
     <span class='ocr_line' id='line_1_83' title="bbox 1862 3662 3410 3731; baseline 0.001 -16"><span class='ocrx_word' id='word_1_594' title='bbox 1862 3662 2120 3730; x_wconf 87' lang='lat' dir='ltr'><strong>adjiciens</strong></span> <span class='ocrx_word' id='word_1_595' title='bbox 2153 3679 2167 3715; x_wconf 88' lang='lat'><strong>:</strong></span> <span class='ocrx_word' id='word_1_596' title='bbox 2205 3662 2262 3714; x_wconf 90' lang='lat' dir='ltr'><strong>In</strong></span> <span class='ocrx_word' id='word_1_597' title='bbox 2291 3662 2530 3725; x_wconf 88' lang='lat' dir='ltr'><strong>nomine,</strong></span> <span class='ocrx_word' id='word_1_598' title='bbox 2563 3663 2759 3731; x_wconf 89' lang='lat' dir='ltr'><strong>inquit,</strong></span> <span class='ocrx_word' id='word_1_599' title='bbox 2792 3663 2999 3715; x_wconf 87' lang='lat' dir='ltr'><strong>Domini</strong></span> <span class='ocrx_word' id='word_1_600' title='bbox 3028 3675 3082 3715; x_wconf 88' lang='lat' dir='ltr'><strong>et</strong></span> <span class='ocrx_word' id='word_1_601' title='bbox 3107 3665 3410 3717; x_wconf 75' lang='lat' dir='ltr'><strong>Servatoris</strong></span> 
     </span>
    </p>
   </div>
   <div class='ocr_carea' id='block_1_84' title="bbox 1867 3750 3407 3821">
    <p class='ocr_par' dir='ltr' id='par_1_84' title="bbox 1867 3750 3407 3821">
     <span class='ocr_line' id='line_1_84' title="bbox 1867 3750 3407 3821; baseline 0.003 -18"><span class='ocrx_word' id='word_1_602' title='bbox 1867 3752 2036 3805; x_wconf 90' lang='lat' dir='ltr'><strong>nostri</strong></span> <span class='ocrx_word' id='word_1_603' title='bbox 2082 3750 2208 3805; x_wconf 81' lang='lat' dir='ltr'><strong>Jesu</strong></span> <span class='ocrx_word' id='word_1_604' title='bbox 2254 3750 2476 3813; x_wconf 86' lang='lat' dir='ltr'><strong>Christi,</strong></span> <span class='ocrx_word' id='word_1_605' title='bbox 2525 3753 2642 3821; x_wconf 86' lang='lat' dir='ltr'><strong>ejus</strong></span> <span class='ocrx_word' id='word_1_606' title='bbox 2693 3753 2959 3806; x_wconf 87' lang='lat' dir='ltr'><strong>mandatis</strong></span> <span class='ocrx_word' id='word_1_607' title='bbox 3006 3753 3407 3821; x_wconf 84' lang='lat' dir='ltr'><strong>obtemperans,</strong></span> 
     </span>
    </p>
   </div>
   <div class='ocr_carea' id='block_1_85' title="bbox 1861 3841 3411 3910">
    <p class='ocr_par' dir='ltr' id='par_1_85' title="bbox 1861 3841 3411 3910">
     <span class='ocr_line' id='line_1_85' title="bbox 1861 3841 3411 3910; baseline 0.001 -15"><span class='ocrx_word' id='word_1_608' title='bbox 1861 3841 1969 3905; x_wconf 89' lang='lat' dir='ltr'><strong>cxi,</strong></span> <span class='ocrx_word' id='word_1_609' title='bbox 1994 3841 2200 3894; x_wconf 63' lang='lat' dir='ltr'><strong>damon</strong></span> <span class='ocrx_word' id='word_1_610' title='bbox 2227 3841 2609 3907; x_wconf 87' lang='lat' dir='ltr'><strong>impurissime,</strong></span> <span class='ocrx_word' id='word_1_611' title='bbox 2642 3849 2699 3892; x_wconf 93' lang='lat' dir='ltr'><strong>ut</strong></span> <span class='ocrx_word' id='word_1_612' title='bbox 2723 3841 2897 3908; x_wconf 87' lang='lat' dir='ltr'><strong>puella</strong></span> <span class='ocrx_word' id='word_1_613' title='bbox 2941 3842 3285 3910; x_wconf 86' lang='lat' dir='ltr'><strong>resipiscens,</strong></span> <span class='ocrx_word' id='word_1_614' title='bbox 3320 3860 3411 3897; x_wconf 79' lang='lat' dir='ltr'><strong>vc-</strong></span> 
     </span>
    </p>
   </div>
   <div class='ocr_carea' id='block_1_86' title="bbox 1867 3928 3411 4001">
    <p class='ocr_par' dir='ltr' id='par_1_86' title="bbox 1867 3928 3411 4001">
     <span class='ocr_line' id='line_1_86' title="bbox 1867 3928 3411 4001; baseline 0.003 -18"><span class='ocrx_word' id='word_1_615' title='bbox 1867 3945 1983 3983; x_wconf 89' lang='lat' dir='ltr'><strong>rum</strong></span> <span class='ocrx_word' id='word_1_616' title='bbox 2014 3930 2080 3983; x_wconf 89' lang='lat' dir='ltr'><strong>de</strong></span> <span class='ocrx_word' id='word_1_617' title='bbox 2106 3944 2190 3983; x_wconf 92' lang='lat' dir='ltr'><strong>mc</strong></span> <span class='ocrx_word' id='word_1_618' title='bbox 2216 3928 2467 3983; x_wconf 81' lang='lat' dir='ltr'><strong>iateatur.</strong></span> <span class='ocrx_word' id='word_1_619' title='bbox 2494 3930 2663 3983; x_wconf 86' lang='lat' dir='ltr'><strong>Porro</strong></span> <span class='ocrx_word' id='word_1_620' title='bbox 2690 3930 2935 3997; x_wconf 88' lang='lat' dir='ltr'><strong>spiritus,</strong></span> <span class='ocrx_word' id='word_1_621' title='bbox 2961 3946 3082 3984; x_wconf 91' lang='lat' dir='ltr'><strong>cum</strong></span> <span class='ocrx_word' id='word_1_622' title='bbox 3110 3947 3227 3985; x_wconf 89' lang='lat' dir='ltr'><strong>eam</strong></span> <span class='ocrx_word' id='word_1_623' title='bbox 3259 3936 3411 4001; x_wconf 79' lang='lat' dir='ltr'><strong>prius</strong></span> 
     </span>
    </p>
   </div>
   <div class='ocr_carea' id='block_1_87' title="bbox 1863 4020 3408 4089">
    <p class='ocr_par' dir='ltr' id='par_1_87' title="bbox 1863 4020 3408 4089">
     <span class='ocr_line' id='line_1_87' title="bbox 1863 4020 3408 4089; baseline 0.002 -15"><span class='ocrx_word' id='word_1_624' title='bbox 1863 4021 2205 4081; x_wconf 82' lang='lat' dir='ltr'><strong>dilaniasset,</strong></span> <span class='ocrx_word' id='word_1_625' title='bbox 2251 4020 2532 4073; x_wconf 77' lang='lat' dir='ltr'><strong>confestim</strong></span> <span class='ocrx_word' id='word_1_626' title='bbox 2580 4033 2828 4089; x_wconf 86' lang='lat' dir='ltr'><strong>egressus</strong></span> <span class='ocrx_word' id='word_1_627' title='bbox 2872 4030 2974 4082; x_wconf 89' lang='lat' dir='ltr'><strong>est,</strong></span> <span class='ocrx_word' id='word_1_628' title='bbox 3030 4023 3252 4089; x_wconf 83' lang='lat' dir='ltr'><strong>ipsaque</strong></span> <span class='ocrx_word' id='word_1_629' title='bbox 3298 4039 3408 4078; x_wconf 90' lang='lat' dir='ltr'><strong>non</strong></span> 
     </span>
    </p>
   </div>
   <div class='ocr_carea' id='block_1_88' title="bbox 1862 4109 2615 4177">
    <p class='ocr_par' dir='ltr' id='par_1_88' title="bbox 1862 4109 2615 4177">
     <span class='ocr_line' id='line_1_88' title="bbox 1862 4109 2615 4177; baseline -0.009 -11"><span class='ocrx_word' id='word_1_630' title='bbox 1862 4125 2021 4166; x_wconf 85' lang='lat' dir='ltr'><strong>secus</strong></span> <span class='ocrx_word' id='word_1_631' title='bbox 2048 4126 2109 4165; x_wconf 84' lang='lat' dir='ltr'><strong>ac</strong></span> <span class='ocrx_word' id='word_1_632' title='bbox 2142 4120 2349 4163; x_wconf 89' lang='lat' dir='ltr'><strong>mortua</strong></span> <span class='ocrx_word' id='word_1_633' title='bbox 2379 4109 2615 4177; x_wconf 71' lang='lat' dir='ltr'><strong>iacebat.</strong></span> 
     </span>
    </p>
   </div>
   <div class='ocr_carea' id='block_1_89' title="bbox 1933 4313 3406 4382">
    <p class='ocr_par' dir='ltr' id='par_1_89' title="bbox 1933 4313 3406 4382">
     <span class='ocr_line' id='line_1_89' title="bbox 1933 4313 3406 4382; baseline 0.001 -14"><span class='ocrx_word' id='word_1_634' title='bbox 1933 4314 2041 4369; x_wconf 72' lang='grc' dir='ltr'>ιιι.</span> <span class='ocrx_word' id='word_1_635' title='bbox 2073 4314 2364 4382; x_wconf 69' lang='grc' dir='ltr'>(ιτεεοτίιιε</span> <span class='ocrx_word' id='word_1_636' title='bbox 2400 4313 2563 4381; x_wconf 90' lang='lat' dir='ltr'><strong>igitur</strong></span> <span class='ocrx_word' id='word_1_637' title='bbox 2596 4315 2777 4366; x_wconf 85' lang='lat' dir='ltr'><strong>statim</strong></span> <span class='ocrx_word' id='word_1_638' title='bbox 2820 4329 2977 4366; x_wconf 89' lang='lat' dir='ltr'><strong>manu</strong></span> <span class='ocrx_word' id='word_1_639' title='bbox 3016 4320 3406 4382; x_wconf 68' lang='lat' dir='ltr'><strong>apprehensum</strong></span> 
     </span>
    </p>
   </div>
   <div class='ocr_carea' id='block_1_90' title="bbox 1862 4402 3403 4473">
    <p class='ocr_par' dir='ltr' id='par_1_90' title="bbox 1862 4402 3403 4473">
     <span class='ocr_line' id='line_1_90' title="bbox 1862 4402 3403 4473; baseline -0.001 -16"><span class='ocrx_word' id='word_1_640' title='bbox 1862 4404 2041 4473; x_wconf 85' lang='lat' dir='ltr'><strong>erigit,</strong></span> <span class='ocrx_word' id='word_1_641' title='bbox 2068 4419 2130 4456; x_wconf 88' lang='lat' dir='ltr'><strong>ac</strong></span> <span class='ocrx_word' id='word_1_642' title='bbox 2157 4412 2407 4465; x_wconf 88' lang='lat' dir='ltr'><strong>stantem,</strong></span> <span class='ocrx_word' id='word_1_643' title='bbox 2436 4402 2599 4455; x_wconf 79' lang='lat' dir='ltr'><strong>verba</strong></span> <span class='ocrx_word' id='word_1_644' title='bbox 2627 4418 2745 4469; x_wconf 54' lang='lat' dir='ltr'><strong>qute</strong></span> <span class='ocrx_word' id='word_1_645' title='bbox 2771 4404 3158 4455; x_wconf 63' lang='lat' dir='ltr'><strong>Constantinus</strong></span> <span class='ocrx_word' id='word_1_646' title='bbox 3188 4404 3403 4465; x_wconf 69' lang='lat' dir='ltr'><strong>fecirrat,</strong></span> 
     </span>
    </p>
   </div>
   <div class='ocr_carea' id='block_1_91' title="bbox 212 4480 1898 4562">
    <p class='ocr_par' dir='ltr' id='par_1_91' title="bbox 212 4480 1896 4553">
     <span class='ocr_line' id='line_1_91' title="bbox 212 4480 1896 4553; baseline -0.002 -16"><span class='ocrx_word' id='word_1_647' title='bbox 212 4503 310 4553; x_wconf 73' lang='grc' dir='ltr'><strong>γον</strong></span> <span class='ocrx_word' id='word_1_648' title='bbox 340 4486 427 4537; x_wconf 75' lang='grc' dir='ltr'>διὰ</span> <span class='ocrx_word' id='word_1_649' title='bbox 460 4484 553 4537; x_wconf 85' lang='grc' dir='ltr'><strong>τοῦ</strong></span> <span class='ocrx_word' id='word_1_650' title='bbox 606 4484 1014 4553; x_wconf 75' lang='grc' dir='ltr'>χαρτοφύλακος</span> <span class='ocrx_word' id='word_1_651' title='bbox 1079 4489 1384 4552; x_wconf 73' lang='grc' dir='ltr'>γινομένου,</span> <span class='ocrx_word' id='word_1_652' title='bbox 1427 4484 1651 4553; x_wconf 68' lang='grc' dir='ltr'>ἠρώτων</span> <span class='ocrx_word' id='word_1_653' title='bbox 1701 4485 1756 4536; x_wconf 80' lang='grc' dir='ltr'>δὲ</span> <span class='ocrx_word' id='word_1_654' title='bbox 1791 4480 1830 4534; x_wconf 90' lang='lat' dir='ltr'><strong>D</strong></span> <span class='ocrx_word' id='word_1_655' title='bbox 1862 4495 1896 4548; x_wconf 74' lang='grc' dir='ltr'><strong>ί,</strong></span> 
     </span>
    </p>
   </div>
   <div class='ocr_carea' id='block_1_92' title="bbox 1719 4480 3405 4562">
    <p class='ocr_par' dir='ltr' id='par_1_92' title="bbox 1719 4480 3405 4562">
     <span class='ocr_line' id='line_1_92' title="bbox 1719 4480 3405 4562; baseline -0.002 -14"><span class='ocrx_word' id='word_1_656' title='bbox 1719 4486 1756 4536; x_wconf 66' lang='grc' dir='ltr'><strong>ῖὲ</strong></span> <span class='ocrx_word' id='word_1_657' title='bbox 1791 4480 1830 4534; x_wconf 77' lang='grc' dir='ltr'><strong>θ</strong></span> <span class='ocrx_word' id='word_1_658' title='bbox 1862 4495 2228 4562; x_wconf 82' lang='lat' dir='ltr'><strong>interrogavit,</strong></span> <span class='ocrx_word' id='word_1_659' title='bbox 2274 4494 2544 4560; x_wconf 86' lang='lat' dir='ltr'><strong>quodnam</strong></span> <span class='ocrx_word' id='word_1_660' title='bbox 2576 4502 2721 4545; x_wconf 90' lang='lat' dir='ltr'><strong>esset</strong></span> <span class='ocrx_word' id='word_1_661' title='bbox 2772 4493 2849 4545; x_wconf 92' lang='lat' dir='ltr'><strong>illi</strong></span> <span class='ocrx_word' id='word_1_662' title='bbox 2882 4508 3098 4553; x_wconf 85' lang='lat' dir='ltr'><strong>nomen,</strong></span> <span class='ocrx_word' id='word_1_663' title='bbox 3136 4494 3285 4559; x_wconf 79' lang='lat' dir='ltr'><strong>isque</strong></span> <span class='ocrx_word' id='word_1_664' title='bbox 3332 4495 3405 4545; x_wconf 83' lang='lat' dir='ltr'><strong>illi</strong></span> 
     </span>
    </p>
   </div>
   <div class='ocr_carea' id='block_1_93' title="bbox 211 4572 1757 4645">
    <p class='ocr_par' dir='ltr' id='par_1_93' title="bbox 211 4572 1757 4645">
     <span class='ocr_line' id='line_1_93' title="bbox 211 4572 1757 4645; baseline 0 -17"><span class='ocrx_word' id='word_1_665' title='bbox 211 4581 264 4629; x_wconf 80' lang='grc' dir='ltr'><strong>τί</strong></span> <span class='ocrx_word' id='word_1_666' title='bbox 298 4577 466 4645; x_wconf 73' lang='grc' dir='ltr'><strong>δνομσ⁸</strong></span> <span class='ocrx_word' id='word_1_667' title='bbox 498 4576 691 4645; x_wconf 77' lang='grc' dir='ltr'>ταύτῃ,</span> <span class='ocrx_word' id='word_1_668' title='bbox 720 4575 881 4626; x_wconf 81' lang='grc' dir='ltr'><strong>καὶεί</strong></span> <span class='ocrx_word' id='word_1_669' title='bbox 920 4572 1192 4643; x_wconf 88' lang='grc' dir='ltr'>γνώριμος</span> <span class='ocrx_word' id='word_1_670' title='bbox 1225 4574 1358 4643; x_wconf 78' lang='grc' dir='ltr'>αὐτῇ</span> <span class='ocrx_word' id='word_1_671' title='bbox 1410 4576 1543 4635; x_wconf 84' lang='grc' dir='ltr'>ὅλως</span> <span class='ocrx_word' id='word_1_672' title='bbox 1576 4578 1604 4627; x_wconf 85' lang='grc' dir='ltr'><strong>ό</strong></span> <span class='ocrx_word' id='word_1_673' title='bbox 1661 4576 1757 4643; x_wconf 80' lang='grc' dir='ltr'>τῆς</span> 
     </span>
    </p>
   </div>
   <div class='ocr_carea' id='block_1_94' title="bbox 228 4664 1758 4738">
    <p class='ocr_par' dir='ltr' id='par_1_94' title="bbox 228 4664 1758 4738">
     <span class='ocr_line' id='line_1_94' title="bbox 228 4664 1758 4738; baseline -0.005 -16"><span class='ocrx_word' id='word_1_674' title='bbox 228 4667 667 4738; x_wconf 75' lang='grc' dir='ltr'>Ἀκραγαντίνων</span> <span class='ocrx_word' id='word_1_675' title='bbox 708 4666 1020 4727; x_wconf 73' lang='grc' dir='ltr'>ἐπίσκοπος.</span> <span class='ocrx_word' id='word_1_676' title='bbox 1069 4664 1209 4716; x_wconf 76' lang='grc' dir='ltr'><strong>Ἡδὲ</strong></span> <span class='ocrx_word' id='word_1_677' title='bbox 1242 4665 1464 4717; x_wconf 72' lang='grc' dir='ltr'>Εὺδοκία</span> <span class='ocrx_word' id='word_1_678' title='bbox 1520 4665 1615 4734; x_wconf 68' lang='grc' dir='ltr'>μιν</span> <span class='ocrx_word' id='word_1_679' title='bbox 1656 4666 1758 4733; x_wconf 71' lang='grc' dir='ltr'>εφη</span> 
     </span>
    </p>
   </div>
   <div class='ocr_carea' id='block_1_95' title="bbox 216 4756 1758 4827">
    <p class='ocr_par' dir='ltr' id='par_1_95' title="bbox 216 4756 1758 4827">
     <span class='ocr_line' id='line_1_95' title="bbox 216 4756 1758 4827; baseline -0.003 -14"><span class='ocrx_word' id='word_1_680' title='bbox 216 4760 522 4823; x_wconf 70' lang='grc' dir='ltr'>καλεῖσθαι,</span> <span class='ocrx_word' id='word_1_681' title='bbox 551 4756 838 4827; x_wconf 75' lang='grc' dir='ltr'>γνωρίζειν</span> <span class='ocrx_word' id='word_1_682' title='bbox 866 4757 921 4809; x_wconf 76' lang='grc' dir='ltr'>δι</span> <span class='ocrx_word' id='word_1_683' title='bbox 952 4758 1044 4810; x_wconf 78' lang='grc' dir='ltr'>καὶ</span> <span class='ocrx_word' id='word_1_684' title='bbox 1068 4757 1309 4826; x_wconf 72' lang='grc' dir='ltr'>ἀκριϐῶς</span> <span class='ocrx_word' id='word_1_685' title='bbox 1353 4758 1579 4810; x_wconf 71' lang='grc' dir='ltr'>ικείνον·</span> <span class='ocrx_word' id='word_1_686' title='bbox 1633 4758 1758 4809; x_wconf 68' lang='grc' dir='ltr'>πολ-</span> 
     </span>
    </p>
   </div>
   <div class='ocr_carea' id='block_1_96' title="bbox 217 4850 1762 4919">
    <p class='ocr_par' dir='ltr' id='par_1_96' title="bbox 217 4850 1762 4919">
     <span class='ocr_line' id='line_1_96' title="bbox 217 4850 1762 4919; baseline -0.001 -17"><span class='ocrx_word' id='word_1_687' title='bbox 217 4852 375 4912; x_wconf 79' lang='grc' dir='ltr'>λάκις</span> <span class='ocrx_word' id='word_1_688' title='bbox 410 4851 515 4919; x_wconf 80' lang='grc' dir='ltr'>γὰρ</span> <span class='ocrx_word' id='word_1_689' title='bbox 550 4851 676 4903; x_wconf 80' lang='grc' dir='ltr'>ἰδεῖν</span> <span class='ocrx_word' id='word_1_690' title='bbox 705 4850 865 4904; x_wconf 76' lang='grc' dir='ltr'>αὑτὸν</span> <span class='ocrx_word' id='word_1_691' title='bbox 899 4850 1103 4919; x_wconf 74' lang='grc' dir='ltr'>ἔφασκε</span> <span class='ocrx_word' id='word_1_692' title='bbox 1128 4850 1469 4918; x_wconf 80' lang='grc' dir='ltr'>διερχόμενον</span> <span class='ocrx_word' id='word_1_693' title='bbox 1500 4852 1591 4901; x_wconf 72' lang='grc' dir='ltr'>καὶ</span> <span class='ocrx_word' id='word_1_694' title='bbox 1639 4853 1762 4911; x_wconf 80' lang='grc' dir='ltr'>τοὺς</span> 
     </span>
    </p>
   </div>
   <div class='ocr_carea' id='block_1_97' title="bbox 218 4936 1759 5007">
    <p class='ocr_par' dir='ltr' id='par_1_97' title="bbox 218 4936 1759 5007">
     <span class='ocr_line' id='line_1_97' title="bbox 218 4936 1759 5007; baseline -0.003 -17"><span class='ocrx_word' id='word_1_695' title='bbox 218 4939 467 5007; x_wconf 75' lang='grc' dir='ltr'>πτωχοὺς</span> <span class='ocrx_word' id='word_1_696' title='bbox 488 4938 580 5003; x_wconf 83' lang='grc' dir='ltr'>τῆς</span> <span class='ocrx_word' id='word_1_697' title='bbox 600 4938 801 4998; x_wconf 82' lang='grc' dir='ltr'>πόλεως</span> <span class='ocrx_word' id='word_1_698' title='bbox 830 4937 921 4989; x_wconf 75' lang='grc' dir='ltr'>καὶ</span> <span class='ocrx_word' id='word_1_699' title='bbox 945 4936 1253 5005; x_wconf 57' lang='grc' dir='ltr'>ἀρρώστους</span> <span class='ocrx_word' id='word_1_700' title='bbox 1276 4936 1641 5002; x_wconf 68' lang='grc' dir='ltr'>ίιτισκεπτόμε</span> <span class='ocrx_word' id='word_1_701' title='bbox 1654 4952 1759 4999; x_wconf 90' lang='grc' dir='ltr'>νον,</span> 
     </span>
    </p>
   </div>
   <div class='ocr_carea' id='block_1_98' title="bbox 218 5026 1764 5098">
    <p class='ocr_par' dir='ltr' id='par_1_98' title="bbox 218 5026 1764 5098">
     <span class='ocr_line' id='line_1_98' title="bbox 218 5026 1764 5098; baseline -0.003 -17"><span class='ocrx_word' id='word_1_702' title='bbox 218 5034 338 5092; x_wconf 85' lang='grc' dir='ltr'>ταῖς</span> <span class='ocrx_word' id='word_1_703' title='bbox 369 5046 429 5082; x_wconf 87' lang='grc' dir='ltr'><strong>τε</strong></span> <span class='ocrx_word' id='word_1_704' title='bbox 460 5031 656 5098; x_wconf 80' lang='grc' dir='ltr'>χήραις</span> <span class='ocrx_word' id='word_1_705' title='bbox 690 5031 783 5081; x_wconf 74' lang='grc' dir='ltr'>καὶ</span> <span class='ocrx_word' id='word_1_706' title='bbox 817 5030 931 5090; x_wconf 85' lang='grc' dir='ltr'>τοῖς</span> <span class='ocrx_word' id='word_1_707' title='bbox 955 5029 1209 5097; x_wconf 81' lang='grc' dir='ltr'>ὀρφανοῖς</span> <span class='ocrx_word' id='word_1_708' title='bbox 1258 5028 1323 5080; x_wconf 71' lang='grc' dir='ltr'>τὰ</span> <span class='ocrx_word' id='word_1_709' title='bbox 1379 5028 1507 5094; x_wconf 60' lang='grc' dir='ltr'>προς</span> <span class='ocrx_word' id='word_1_710' title='bbox 1561 5026 1764 5096; x_wconf 71' lang='grc' dir='ltr'>τρσφὴν</span> 
     </span>
    </p>
   </div>
   <div class='ocr_carea' id='block_1_99' title="bbox 224 5118 1765 5190">
    <p class='ocr_par' dir='ltr' id='par_1_99' title="bbox 224 5118 1765 5190">
     <span class='ocr_line' id='line_1_99' title="bbox 224 5118 1765 5190; baseline -0.004 -17"><span class='ocrx_word' id='word_1_711' title='bbox 224 5122 617 5190; x_wconf 78' lang='grc' dir='ltr'>παρεχόμενον,</span> <span class='ocrx_word' id='word_1_712' title='bbox 659 5120 785 5172; x_wconf 84' lang='grc' dir='ltr'>Ὅτε</span> <span class='ocrx_word' id='word_1_713' title='bbox 816 5119 990 5187; x_wconf 77' lang='grc' dir='ltr'>κάγὼ,</span> <span class='ocrx_word' id='word_1_714' title='bbox 1016 5123 1199 5189; x_wconf 71' lang='grc' dir='ltr'>φησὶν,</span> <span class='ocrx_word' id='word_1_715' title='bbox 1225 5122 1257 5188; x_wconf 79' lang='grc' dir='ltr'><strong>ὴ</strong></span> <span class='ocrx_word' id='word_1_716' title='bbox 1291 5118 1466 5181; x_wconf 65' lang='grc' dir='ltr'>ἀθλία,</span> <span class='ocrx_word' id='word_1_717' title='bbox 1536 5119 1629 5185; x_wconf 87' lang='grc' dir='ltr'><strong>μία</strong></span> <span class='ocrx_word' id='word_1_718' title='bbox 1659 5121 1765 5167; x_wconf 83' lang='grc' dir='ltr'><strong>τών</strong></span> 
     </span>
    </p>
   </div>
   <div class='ocr_carea' id='block_1_100' title="bbox 226 5208 1767 5282">
    <p class='ocr_par' dir='ltr' id='par_1_100' title="bbox 226 5208 1767 5282">
     <span class='ocr_line' id='line_1_100' title="bbox 226 5208 1767 5282; baseline -0.004 -16"><span class='ocrx_word' id='word_1_719' title='bbox 226 5214 359 5282; x_wconf 77' lang='grc' dir='ltr'>παρ’</span> <span class='ocrx_word' id='word_1_720' title='bbox 388 5211 549 5264; x_wconf 80' lang='grc' dir='ltr'>αὑτοῦ</span> <span class='ocrx_word' id='word_1_721' title='bbox 579 5210 907 5280; x_wconf 73' lang='grc' dir='ltr'>ελεουμινων</span> <span class='ocrx_word' id='word_1_722' title='bbox 932 5209 1244 5277; x_wconf 76' lang='grc' dir='ltr'>ἰτύγχανον,</span> <span class='ocrx_word' id='word_1_723' title='bbox 1264 5208 1624 5277; x_wconf 73' lang='grc' dir='ltr'>Ἦὴρώτωνδὲ</span> <span class='ocrx_word' id='word_1_724' title='bbox 1662 5208 1767 5260; x_wconf 70' lang='grc' dir='ltr'><strong>πά-</strong></span> 
     </span>
    </p>
   </div>
   <div class='ocr_carea' id='block_1_101' title="bbox 223 5297 1767 5370">
    <p class='ocr_par' dir='ltr' id='par_1_101' title="bbox 223 5297 1767 5370">
     <span class='ocr_line' id='line_1_101' title="bbox 223 5297 1767 5370; baseline -0.005 -15"><span class='ocrx_word' id='word_1_725' title='bbox 223 5306 333 5364; x_wconf 84' lang='grc' dir='ltr'>λιν,</span> <span class='ocrx_word' id='word_1_726' title='bbox 358 5303 452 5355; x_wconf 82' lang='grc' dir='ltr'>καὶ</span> <span class='ocrx_word' id='word_1_727' title='bbox 489 5304 535 5354; x_wconf 85' lang='grc' dir='ltr'>ει</span> <span class='ocrx_word' id='word_1_728' title='bbox 586 5301 706 5353; x_wconf 80' lang='grc' dir='ltr'>καθ’</span> <span class='ocrx_word' id='word_1_729' title='bbox 757 5300 963 5370; x_wconf 72' lang='grc' dir='ltr'>ὴδωνὴν</span> <span class='ocrx_word' id='word_1_730' title='bbox 1021 5301 1161 5367; x_wconf 79' lang='grc' dir='ltr'>ιγνω</span> <span class='ocrx_word' id='word_1_731' title='bbox 1217 5298 1307 5350; x_wconf 74' lang='grc' dir='ltr'><strong>τὸν</strong></span> <span class='ocrx_word' id='word_1_732' title='bbox 1353 5298 1539 5366; x_wconf 74' lang='grc' dir='ltr'>ἄνδρα.</span> <span class='ocrx_word' id='word_1_733' title='bbox 1600 5297 1664 5348; x_wconf 82' lang='lat' dir='ltr'><strong>&#39;ll</strong></span> <span class='ocrx_word' id='word_1_734' title='bbox 1690 5298 1767 5359; x_wconf 74' lang='grc' dir='ltr'>δὲ,</span> 
     </span>
    </p>
   </div>
   <div class='ocr_carea' id='block_1_102' title="bbox 225 5387 1762 5461">
    <p class='ocr_par' dir='ltr' id='par_1_102' title="bbox 225 5387 1762 5461">
     <span class='ocr_line' id='line_1_102' title="bbox 225 5387 1762 5461; baseline -0.005 -14"><span class='ocrx_word' id='word_1_735' title='bbox 225 5392 456 5447; x_wconf 61' lang='grc' dir='ltr'>ἐνταῦθα</span> <span class='ocrx_word' id='word_1_736' title='bbox 487 5393 681 5461; x_wconf 85' lang='grc' dir='ltr'>πικρόν</span> <span class='ocrx_word' id='word_1_737' title='bbox 704 5407 761 5443; x_wconf 86' lang='grc' dir='ltr'><strong>τε</strong></span> <span class='ocrx_word' id='word_1_738' title='bbox 796 5392 916 5444; x_wconf 82' lang='grc' dir='ltr'>λίαν</span> <span class='ocrx_word' id='word_1_739' title='bbox 943 5392 1037 5443; x_wconf 78' lang='grc' dir='ltr'>καὶ</span> <span class='ocrx_word' id='word_1_740' title='bbox 1090 5390 1345 5457; x_wconf 73' lang='grc' dir='ltr'>ὀδυνηρὸν</span> <span class='ocrx_word' id='word_1_741' title='bbox 1397 5387 1762 5455; x_wconf 78' lang='grc' dir='ltr'>ἁνοιμώξασα,</span> 
     </span>
    </p>
   </div>
   <div class='ocr_carea' id='block_1_103' title="bbox 227 5481 1762 5553">
    <p class='ocr_par' dir='ltr' id='par_1_103' title="bbox 227 5481 1762 5553">
     <span class='ocr_line' id='line_1_103' title="bbox 227 5481 1762 5553; baseline -0.006 -16"><span class='ocrx_word' id='word_1_742' title='bbox 227 5490 324 5538; x_wconf 74' lang='grc' dir='ltr'>καὶ</span> <span class='ocrx_word' id='word_1_743' title='bbox 346 5484 589 5553; x_wconf 76' lang='grc' dir='ltr'>δακρύων</span> <span class='ocrx_word' id='word_1_744' title='bbox 620 5484 744 5545; x_wconf 81' lang='grc' dir='ltr'>τοὺς</span> <span class='ocrx_word' id='word_1_745' title='bbox 770 5483 1077 5551; x_wconf 71' lang='grc' dir='ltr'>ὀφθαλμοὺς</span> <span class='ocrx_word' id='word_1_746' title='bbox 1105 5481 1375 5549; x_wconf 82' lang='grc' dir='ltr'>πλήσασα,</span> <span class='ocrx_word' id='word_1_747' title='bbox 1409 5482 1486 5541; x_wconf 86' lang='grc' dir='ltr'>εἰς</span> <span class='ocrx_word' id='word_1_748' title='bbox 1530 5481 1762 5547; x_wconf 69' lang='grc' dir='ltr'>ἐπήκοον</span> 
     </span>
    </p>
   </div>
   <div class='ocr_carea' id='block_1_104' title="bbox 230 5564 1762 5640">
    <p class='ocr_par' dir='ltr' id='par_1_104' title="bbox 230 5564 1762 5640">
     <span class='ocr_line' id='line_1_104' title="bbox 230 5564 1762 5640; baseline -0.006 -15"><span class='ocrx_word' id='word_1_749' title='bbox 230 5575 446 5627; x_wconf 76' lang='grc' dir='ltr'>πάντων</span> <span class='ocrx_word' id='word_1_750' title='bbox 475 5571 761 5640; x_wconf 72' lang='grc' dir='ltr'>ἀνέκραγε·</span> <span class='ocrx_word' id='word_1_751' title='bbox 794 5571 865 5639; x_wconf 73' lang='grc' dir='ltr'><strong>Ζῃ</strong></span> <span class='ocrx_word' id='word_1_752' title='bbox 910 5564 1132 5638; x_wconf 83' lang='grc' dir='ltr'>Κύριος,</span> <span class='ocrx_word' id='word_1_753' title='bbox 1170 5570 1266 5620; x_wconf 74' lang='grc' dir='ltr'>οὐκ</span> <span class='ocrx_word' id='word_1_754' title='bbox 1298 5564 1409 5620; x_wconf 70' lang='grc' dir='ltr'>οἶδα</span> <span class='ocrx_word' id='word_1_755' title='bbox 1442 5566 1530 5619; x_wconf 80' lang='grc' dir='ltr'>τὸν</span> <span class='ocrx_word' id='word_1_756' title='bbox 1557 5566 1762 5633; x_wconf 74' lang='grc' dir='ltr'>ἄνθρω-</span> 
     </span>
    </p>
   </div>
   <div class='ocr_carea' id='block_1_105' title="bbox 305 5755 970 5823">
    <p class='ocr_par' dir='ltr' id='par_1_105' title="bbox 305 5755 970 5823">
     <span class='ocr_line' id='line_1_105' title="bbox 305 5755 970 5823; baseline -0.012 -5"><span class='ocrx_word' id='word_1_757' title='bbox 305 5770 346 5801; x_wconf 78' lang='grc' dir='ltr'>ι¹</span> <span class='ocrx_word' id='word_1_758' title='bbox 376 5762 511 5818; x_wconf 72' lang='lat' dir='ltr'><strong>l‘sal.</strong></span> <span class='ocrx_word' id='word_1_759' title='bbox 545 5774 720 5823; x_wconf 69' lang='lat' dir='ltr'><strong>xxxiv,</strong></span> <span class='ocrx_word' id='word_1_760' title='bbox 770 5758 851 5823; x_wconf 89' lang='lat' dir='ltr'><strong>ll,</strong></span> <span class='ocrx_word' id='word_1_761' title='bbox 886 5755 970 5809; x_wconf 76' lang='lat' dir='ltr'><strong>l2.</strong></span> 
     </span>
    </p>
   </div>
   <div class='ocr_carea' id='block_1_106' title="bbox 1856 4580 3404 4651">
    <p class='ocr_par' dir='ltr' id='par_1_106' title="bbox 1856 4580 3404 4651">
     <span class='ocr_line' id='line_1_106' title="bbox 1856 4580 3404 4651; baseline -0.004 -15"><span class='ocrx_word' id='word_1_762' title='bbox 1856 4584 2104 4651; x_wconf 87' lang='lat' dir='ltr'><strong>cognitus</strong></span> <span class='ocrx_word' id='word_1_763' title='bbox 2149 4583 2371 4634; x_wconf 90' lang='lat' dir='ltr'><strong>omnino</strong></span> <span class='ocrx_word' id='word_1_764' title='bbox 2410 4588 2553 4633; x_wconf 85' lang='lat' dir='ltr'><strong>esset</strong></span> <span class='ocrx_word' id='word_1_765' title='bbox 2582 4580 3051 4648; x_wconf 81' lang='lat' dir='ltr'><strong>Agrigentinorum</strong></span> <span class='ocrx_word' id='word_1_766' title='bbox 3103 4582 3253 4632; x_wconf 86' lang='lat' dir='ltr'><strong>urbis</strong></span> <span class='ocrx_word' id='word_1_767' title='bbox 3290 4584 3404 4647; x_wconf 68' lang='lat' dir='ltr'><strong>rp.-</strong></span> 
     </span>
    </p>
   </div>
   <div class='ocr_carea' id='block_1_107' title="bbox 1857 4670 3407 4740">
    <p class='ocr_par' dir='ltr' id='par_1_107' title="bbox 1857 4670 3407 4740">
     <span class='ocr_line' id='line_1_107' title="bbox 1857 4670 3407 4740; baseline -0.004 -14"><span class='ocrx_word' id='word_1_768' title='bbox 1857 4687 2073 4740; x_wconf 87' lang='lat' dir='ltr'><strong>scopus.</strong></span> <span class='ocrx_word' id='word_1_769' title='bbox 2126 4672 2217 4723; x_wconf 89' lang='lat' dir='ltr'><strong>llla</strong></span> <span class='ocrx_word' id='word_1_770' title='bbox 2270 4670 2564 4723; x_wconf 85' lang='lat' dir='ltr'><strong>Eudociam</strong></span> <span class='ocrx_word' id='word_1_771' title='bbox 2617 4670 2877 4737; x_wconf 87' lang='lat' dir='ltr'><strong>appellari</strong></span> <span class='ocrx_word' id='word_1_772' title='bbox 2928 4683 3021 4730; x_wconf 84' lang='lat' dir='ltr'><strong>se,</strong></span> <span class='ocrx_word' id='word_1_773' title='bbox 3079 4670 3227 4719; x_wconf 87' lang='lat' dir='ltr'><strong>illum</strong></span> <span class='ocrx_word' id='word_1_774' title='bbox 3282 4684 3407 4721; x_wconf 62' lang='grc' dir='ltr'>κει-ο</span> 
     </span>
    </p>
   </div>
   <div class='ocr_carea' id='block_1_108' title="bbox 1859 4758 3407 4831">
    <p class='ocr_par' dir='ltr' id='par_1_108' title="bbox 1859 4758 3407 4831">
     <span class='ocr_line' id='line_1_108' title="bbox 1859 4758 3407 4831; baseline -0.003 -18"><span class='ocrx_word' id='word_1_775' title='bbox 1859 4763 2025 4831; x_wconf 88' lang='lat' dir='ltr'><strong>probe</strong></span> <span class='ocrx_word' id='word_1_776' title='bbox 2056 4761 2331 4829; x_wconf 85' lang='lat' dir='ltr'><strong>cognitum</strong></span> <span class='ocrx_word' id='word_1_777' title='bbox 2359 4758 2556 4812; x_wconf 87' lang='lat' dir='ltr'><strong>habere</strong></span> <span class='ocrx_word' id='word_1_778' title='bbox 2584 4759 2738 4820; x_wconf 89' lang='lat' dir='ltr'><strong>dixit,</strong></span> <span class='ocrx_word' id='word_1_779' title='bbox 2768 4758 3210 4825; x_wconf 84' lang='lat' dir='ltr'><strong>quandoquidem</strong></span> <span class='ocrx_word' id='word_1_780' title='bbox 3243 4772 3407 4824; x_wconf 73' lang='lat' dir='ltr'><strong>saepe-</strong></span> 
     </span>
    </p>
   </div>
   <div class='ocr_carea' id='block_1_109' title="bbox 1859 4849 3405 4921">
    <p class='ocr_par' dir='ltr' id='par_1_109' title="bbox 1859 4849 3405 4921">
     <span class='ocr_line' id='line_1_109' title="bbox 1859 4849 3405 4921; baseline -0.005 -15"><span class='ocrx_word' id='word_1_781' title='bbox 1859 4866 2085 4907; x_wconf 87' lang='lat' dir='ltr'><strong>numero</strong></span> <span class='ocrx_word' id='word_1_782' title='bbox 2114 4850 2469 4921; x_wconf 88' lang='lat' dir='ltr'><strong>gradientem,</strong></span> <span class='ocrx_word' id='word_1_783' title='bbox 2502 4862 2565 4901; x_wconf 84' lang='lat' dir='ltr'><strong>ac</strong></span> <span class='ocrx_word' id='word_1_784' title='bbox 2595 4849 2872 4902; x_wconf 88' lang='lat' dir='ltr'><strong>mendicos</strong></span> <span class='ocrx_word' id='word_1_785' title='bbox 2900 4849 3133 4902; x_wconf 78' lang='lat' dir='ltr'><strong>civitatis</strong></span> <span class='ocrx_word' id='word_1_786' title='bbox 3167 4849 3405 4900; x_wconf 85' lang='lat' dir='ltr'><strong>invisen-</strong></span> 
     </span>
    </p>
   </div>
   <div class='ocr_carea' id='block_1_110' title="bbox 1859 4938 3403 5006">
    <p class='ocr_par' dir='ltr' id='par_1_110' title="bbox 1859 4938 3403 5006">
     <span class='ocr_line' id='line_1_110' title="bbox 1859 4938 3403 5006; baseline -0.006 -10"><span class='ocrx_word' id='word_1_787' title='bbox 1859 4952 1987 5006; x_wconf 87' lang='lat' dir='ltr'><strong>tem,</strong></span> <span class='ocrx_word' id='word_1_788' title='bbox 2040 4941 2216 4994; x_wconf 82' lang='lat' dir='ltr'><strong>viduis</strong></span> <span class='ocrx_word' id='word_1_789' title='bbox 2266 4939 2394 4991; x_wconf 90' lang='lat' dir='ltr'><strong>item</strong></span> <span class='ocrx_word' id='word_1_790' title='bbox 2446 4952 2507 4990; x_wconf 92' lang='lat' dir='ltr'><strong>ac</strong></span> <span class='ocrx_word' id='word_1_791' title='bbox 2561 4939 2817 5005; x_wconf 84' lang='lat' dir='ltr'><strong>orphanis</strong></span> <span class='ocrx_word' id='word_1_792' title='bbox 2882 4938 3048 4989; x_wconf 78' lang='lat' dir='ltr'><strong>victui</strong></span> <span class='ocrx_word' id='word_1_793' title='bbox 3099 4939 3403 4989; x_wconf 78' lang='lat' dir='ltr'><strong>necessaria</strong></span> 
     </span>
    </p>
   </div>
   <div class='ocr_carea' id='block_1_111' title="bbox 1858 5027 3403 5100">
    <p class='ocr_par' dir='ltr' id='par_1_111' title="bbox 1858 5027 3403 5100">
     <span class='ocr_line' id='line_1_111' title="bbox 1858 5027 3403 5100; baseline -0.005 -15"><span class='ocrx_word' id='word_1_794' title='bbox 1858 5032 2287 5100; x_wconf 85' lang='lat' dir='ltr'><strong>suppeditantem</strong></span> <span class='ocrx_word' id='word_1_795' title='bbox 2332 5029 2538 5081; x_wconf 79' lang='lat' dir='ltr'><strong>viderat</strong></span> <span class='ocrx_word' id='word_1_796' title='bbox 2585 5045 2597 5079; x_wconf 89' lang='lat'><strong>:</strong></span> <span class='ocrx_word' id='word_1_797' title='bbox 2643 5027 2871 5092; x_wconf 85' lang='lat' dir='ltr'><strong>Quando</strong></span> <span class='ocrx_word' id='word_1_798' title='bbox 2918 5037 2972 5080; x_wconf 89' lang='lat' dir='ltr'><strong>et</strong></span> <span class='ocrx_word' id='word_1_799' title='bbox 3021 5027 3155 5092; x_wconf 82' lang='lat' dir='ltr'><strong>ipsa,</strong></span> <span class='ocrx_word' id='word_1_800' title='bbox 3210 5027 3403 5093; x_wconf 83' lang='lat' dir='ltr'><strong>inquil,</strong></span> 
     </span>
    </p>
   </div>
   <div class='ocr_carea' id='block_1_112' title="bbox 1860 5116 3400 5196">
    <p class='ocr_par' dir='ltr' id='par_1_112' title="bbox 1860 5116 3400 5196">
     <span class='ocr_line' id='line_1_112' title="bbox 1860 5116 3400 5196; baseline -0.008 -18"><span class='ocrx_word' id='word_1_801' title='bbox 1860 5124 2042 5178; x_wconf 79' lang='lat' dir='ltr'><strong>infelix</strong></span> <span class='ocrx_word' id='word_1_802' title='bbox 2087 5138 2189 5175; x_wconf 90' lang='lat' dir='ltr'><strong>una</strong></span> <span class='ocrx_word' id='word_1_803' title='bbox 2231 5135 2296 5174; x_wconf 83' lang='lat' dir='ltr'><strong>ex</strong></span> <span class='ocrx_word' id='word_1_804' title='bbox 2346 5121 2433 5183; x_wconf 88' lang='lat' dir='ltr'><strong>iis,</strong></span> <span class='ocrx_word' id='word_1_805' title='bbox 2482 5120 2681 5188; x_wconf 90' lang='lat' dir='ltr'><strong>quibus</strong></span> <span class='ocrx_word' id='word_1_806' title='bbox 2726 5118 2794 5170; x_wconf 91' lang='lat' dir='ltr'><strong>ab</strong></span> <span class='ocrx_word' id='word_1_807' title='bbox 2842 5132 2908 5171; x_wconf 90' lang='lat' dir='ltr'><strong>eo</strong></span> <span class='ocrx_word' id='word_1_808' title='bbox 2954 5118 3182 5185; x_wconf 88' lang='lat' dir='ltr'><strong>benigne</strong></span> <span class='ocrx_word' id='word_1_809' title='bbox 3219 5116 3400 5196; x_wconf 76' lang='lat' dir='ltr'><strong>(iebat,</strong></span> 
     </span>
    </p>
   </div>
   <div class='ocr_carea' id='block_1_113' title="bbox 1858 5209 3402 5278">
    <p class='ocr_par' dir='ltr' id='par_1_113' title="bbox 1858 5209 3402 5278">
     <span class='ocr_line' id='line_1_113' title="bbox 1858 5209 3402 5278; baseline -0.007 -8"><span class='ocrx_word' id='word_1_810' title='bbox 1858 5214 2205 5270; x_wconf 86' lang='lat' dir='ltr'><strong>cxsistebam.</strong></span> <span class='ocrx_word' id='word_1_811' title='bbox 2264 5213 2477 5267; x_wconf 81' lang='lat' dir='ltr'><strong>Rursus</strong></span> <span class='ocrx_word' id='word_1_812' title='bbox 2531 5221 2713 5264; x_wconf 87' lang='lat' dir='ltr'><strong>autem</strong></span> <span class='ocrx_word' id='word_1_813' title='bbox 2772 5209 3220 5278; x_wconf 84' lang='lat' dir='ltr'><strong>interrogabant,</strong></span> <span class='ocrx_word' id='word_1_814' title='bbox 3274 5223 3402 5260; x_wconf 79' lang='lat' dir='ltr'><strong>nam</strong></span> 
     </span>
    </p>
   </div>
   <div class='ocr_carea' id='block_1_114' title="bbox 1861 5297 3407 5372">
    <p class='ocr_par' dir='ltr' id='par_1_114' title="bbox 1861 5297 3407 5372">
     <span class='ocr_line' id='line_1_114' title="bbox 1861 5297 3407 5372; baseline -0.006 -12"><span class='ocrx_word' id='word_1_815' title='bbox 1861 5308 2120 5360; x_wconf 88' lang='lat' dir='ltr'><strong>amatorie</strong></span> <span class='ocrx_word' id='word_1_816' title='bbox 2152 5305 2300 5358; x_wconf 90' lang='lat' dir='ltr'><strong>illum</strong></span> <span class='ocrx_word' id='word_1_817' title='bbox 2331 5303 2657 5372; x_wconf 83' lang='lat' dir='ltr'><strong>agnovisset.</strong></span> <span class='ocrx_word' id='word_1_818' title='bbox 2694 5300 2792 5353; x_wconf 90' lang='lat' dir='ltr'><strong>llic</strong></span> <span class='ocrx_word' id='word_1_819' title='bbox 2822 5298 2911 5352; x_wconf 88' lang='lat' dir='ltr'><strong>illa</strong></span> <span class='ocrx_word' id='word_1_820' title='bbox 2942 5313 3125 5351; x_wconf 85' lang='lat' dir='ltr'><strong>amare</strong></span> <span class='ocrx_word' id='word_1_821' title='bbox 3152 5312 3213 5350; x_wconf 82' lang='lat' dir='ltr'><strong>ac</strong></span> <span class='ocrx_word' id='word_1_822' title='bbox 3247 5297 3407 5351; x_wconf 82' lang='lat' dir='ltr'><strong>mise-</strong></span> 
     </span>
    </p>
   </div>
   <div class='ocr_carea' id='block_1_115' title="bbox 1865 5385 3403 5462">
    <p class='ocr_par' dir='ltr' id='par_1_115' title="bbox 1865 5385 3403 5462">
     <span class='ocr_line' id='line_1_115' title="bbox 1865 5385 3403 5462; baseline -0.005 -15"><span class='ocrx_word' id='word_1_823' title='bbox 1865 5395 2106 5448; x_wconf 85' lang='lat' dir='ltr'><strong>rabiliter</strong></span> <span class='ocrx_word' id='word_1_824' title='bbox 2168 5392 2544 5462; x_wconf 86' lang='lat' dir='ltr'><strong>ingemiscens,</strong></span> <span class='ocrx_word' id='word_1_825' title='bbox 2610 5388 2798 5441; x_wconf 90' lang='lat' dir='ltr'><strong>oculos</strong></span> <span class='ocrx_word' id='word_1_826' title='bbox 2861 5385 3065 5440; x_wconf 81' lang='lat' dir='ltr'><strong>sull&#39;usa</strong></span> <span class='ocrx_word' id='word_1_827' title='bbox 3130 5385 3403 5453; x_wconf 80' lang='lat' dir='ltr'><strong>lacrymis.</strong></span> 
     </span>
    </p>
   </div>
   <div class='ocr_carea' id='block_1_116' title="bbox 1868 5474 3406 5538">
    <p class='ocr_par' dir='ltr' id='par_1_116' title="bbox 1868 5474 3406 5538">
     <span class='ocr_line' id='line_1_116' title="bbox 1868 5474 3406 5538; baseline -0.007 -4"><span class='ocrx_word' id='word_1_828' title='bbox 1868 5497 1998 5536; x_wconf 87' lang='lat' dir='ltr'><strong>voce</strong></span> <span class='ocrx_word' id='word_1_829' title='bbox 2042 5482 2111 5535; x_wconf 82' lang='lat' dir='ltr'><strong>ita</strong></span> <span class='ocrx_word' id='word_1_830' title='bbox 2155 5490 2213 5533; x_wconf 90' lang='lat' dir='ltr'><strong>ut</strong></span> <span class='ocrx_word' id='word_1_831' title='bbox 2249 5493 2438 5533; x_wconf 87' lang='lat' dir='ltr'><strong>omnes</strong></span> <span class='ocrx_word' id='word_1_832' title='bbox 2483 5478 2826 5538; x_wconf 85' lang='lat' dir='ltr'><strong>exaudirent,</strong></span> <span class='ocrx_word' id='word_1_833' title='bbox 2868 5475 3177 5529; x_wconf 88' lang='lat' dir='ltr'><strong>inclamavit</strong></span> <span class='ocrx_word' id='word_1_834' title='bbox 3219 5491 3230 5525; x_wconf 87' lang='lat'><strong>:</strong></span> <span class='ocrx_word' id='word_1_835' title='bbox 3274 5474 3406 5525; x_wconf 80' lang='lat' dir='ltr'><strong>Juro</strong></span> 
     </span>
    </p>
   </div>
   <div class='ocr_carea' id='block_1_117' title="bbox 1869 5559 3408 5639">
    <p class='ocr_par' dir='ltr' id='par_1_117' title="bbox 1869 5559 3408 5639">
     <span class='ocr_line' id='line_1_117' title="bbox 1869 5559 3408 5639; baseline -0.005 -15"><span class='ocrx_word' id='word_1_836' title='bbox 1869 5572 1983 5635; x_wconf 89' lang='lat' dir='ltr'><strong>tibi,</strong></span> <span class='ocrx_word' id='word_1_837' title='bbox 2036 5586 2131 5639; x_wconf 85' lang='lat' dir='ltr'><strong>per</strong></span> <span class='ocrx_word' id='word_1_838' title='bbox 2168 5569 2445 5624; x_wconf 84' lang='lat' dir='ltr'><strong>Dominum</strong></span> <span class='ocrx_word' id='word_1_839' title='bbox 2499 5569 2687 5632; x_wconf 88' lang='lat' dir='ltr'><strong>Deum,</strong></span> <span class='ocrx_word' id='word_1_840' title='bbox 2739 5581 2821 5621; x_wconf 87' lang='lat' dir='ltr'><strong>me</strong></span> <span class='ocrx_word' id='word_1_841' title='bbox 2872 5579 3148 5633; x_wconf 89' lang='lat' dir='ltr'><strong>nunquam</strong></span> <span class='ocrx_word' id='word_1_842' title='bbox 3200 5559 3408 5618; x_wconf 77' lang='lat' dir='ltr'><strong>homini</strong></span> 
     </span>
    </p>
   </div>
  </div>
