4270 6428
891 403 1004 471 259

2077 403 2356 465 ΜΕΝὸιὸ
2397 404 2826 467 NOVEMBER.

3998 406 4101 470 260

885 515 962 572 illi
1000 515 1057 570 in
1091 514 1369 585 voluptate
1401 514 1590 568 fuisse.
1634 513 1740 568 Sed
1773 513 1861 568 isti
1892 512 2178 582 (Sabinum
2220 529 2283 568 ac
2306 513 2436 568 Cre-
2467 529 2510 580 Α
2539 531 2571 566 τι

2413 543 2436 552 -
2467 529 2510 580 Α
2539 531 2638 566 πον
2669 527 2858 578 ουτως,
2897 513 3011 566 ἀλλ’
3034 507 3180 567 οὗτοι
3208 513 3429 581 δείξασα
3456 515 3678 570 Σαϐῖνον
3710 519 3801 568 καὶ
3830 517 4099 586 Κρισκεν·

882 604 1191 662 scentinum
1226 602 1518 672 indicans),
1543 602 1652 666 isti,
1677 603 1918 671 inquam,
1945 616 2029 656 me
2057 617 2248 671 magna
2276 617 2439 670 pecu-

879 694 972 749 nia
1017 692 1373 762 decipientes,
1414 706 1514 762 pro
1545 691 1857 746 testimonio
1888 693 1940 746 in
1973 692 2147 744 virum
2191 702 2436 746 sanctum

881 785 1062 838 dicere
1111 791 1499 852 persuaserunt
1550 798 1564 832 :
1612 780 1814 850 quibus
1863 781 2127 835 Dominus
2183 780 2253 834 ob
2306 783 2434 844 hac,

881 887 1004 940 qua
1053 873 1198 928 circa
1246 883 1332 926 me
1377 870 1731 940 iniustissime
1784 871 2112 940 cogitarunt,
2165 870 2435 938 rependit,

886 971 946 1016 ut
989 961 1180 1015 anima:
1225 960 1448 1029 quidem
1483 959 1731 1025 interitu,
1766 973 1994 1028 corpore
2043 969 2174 1014 vero
2227 959 2436 1012 insania

883 1047 1144 1105 exitiabili
1193 1051 1334 1106 duos
1373 1052 1485 1120 jam
1529 1035 1728 1114 atinas,
1779 1062 1992 1106 menses
2031 1065 2125 1104 sex
2178 1050 2436 1118 implicati

887 1149 1222 1196 tenerentur.
1263 1141 1383 1196 Hac
1417 1142 1602 1208 effata,
1640 1143 1927 1212 episcopos
1971 1156 2160 1197 omnes
2204 1142 2439 1194 circum-

884 1232 1166 1300 spiciebat.
1229 1232 1428 1287 V'idens
1482 1244 1662 1287 autem
1735 1231 2052 1302 Gregorium
2081 1272 2096 1295 ,
2155 1234 2439 1302 ipsumque

887 1336 1239 1390 cognoscens,
1275 1324 1595 1378 festinanter
1645 1339 1761 1379 sese
1804 1325 1952 1378 illius
1999 1323 2065 1376 ad
2111 1322 2276 1390 pedes
2313 1337 2440 1392 pro-

882 1412 1033 1480 jecit.
1064 1412 1361 1480 Ingensque
1399 1413 1770 1477 vehementer,
1820 1425 1982 1467 voces
2017 1413 2248 1466 maxime
2279 1413 2440 1468 mise-

889 1503 1084 1554 rabiles
1117 1503 1414 1565 emittebat,
1462 1503 1860 1572 «teceptioncm,
1906 1502 2342 1568 calumniamque
2383 1502 2438 1554 in

884 1593 1062 1644 virum
1096 1601 1339 1645 sanetum
1388 1593 1616 1645 multum
1657 1593 1887 1656 deﬂens,
1930 1593 2142 1645 veniam
2188 1592 2292 1644 sibi
2321 1590 2438 1644 dari

889 1681 1178 1748 ﬂagitabat.
1223 1682 1316 1735 llle
1343 1684 1544 1735 luctum
1576 1683 1693 1750 ejus
1739 1683 2043 1739 miseratus.
2084 1682 2438 1749 eamdemque

885 1771 960 1823 illi
1011 1773 1172 1826 animi
1236 1773 1579 1826 affectionem
1626 1773 1810 1831 inesse
1870 1787 2103 1828 cernens
2152 1791 2165 1827 :
2217 1774 2437 1826 Peccata

2544 610 2706 669 τῖνον,
2733 601 2877 658 οὗτοί
2914 625 3001 674 με,
3036 608 3188 674 φησὶ,
3214 610 3725 679 χρήμασινίκανοῖς
3750 608 4101 668 δελεάσαντες

2542 695 2634 745 τοῦ
2668 693 2823 760 ἁγίου
2857 696 3134 747 κατειπεῖν
3160 695 3476 759 ἀνέπεισαν,
3508 691 3588 759 οἷς
3611 696 3933 764 ἁνταποδῴη
3994 696 4100 747 Κύο

2541 798 2655 849 pro;
2685 783 2989 835 ἀδικώτατα
3015 785 3145 853 περὶ
3164 785 3262 853 tut
3294 786 3643 854 διανοηθεῖσι,
3687 787 3781 840 καὶ
3836 787 3936 854 τὴν
4001 788 4100 854 μὲν

2537 869 2714 938 ψυχὴν
2740 871 3010 942 ἀπωλείᾳ,
3041 875 3100 926 τὸ
3129 874 3184 926 δὲ
3219 876 3380 941 σῶμα
3414 876 3702 945 δαιμονικῇ
3741 876 4096 945 περιϐαλοῦσι

2542 960 2706 1030 μανίᾳ
2734 963 2945 1030 χρόνοις
2971 963 3069 1033 ἢδη
3103 964 3226 1016 δυσὶ
3255 965 3392 1033 πρὸς
3425 968 3592 1034 μησὶν
3642 966 3724 1031 ἓξ.
3783 965 3974 1019 Ταῦτα.
4025 969 4099 1017 εί-

2539 1049 2713 1101 ποῦσα
2741 1053 2833 1102 καὶ
2873 1051 2988 1120 ἃμα
3015 1054 3223 1115 πάντας
3270 1054 3721 1123 περιϐλεψαμένη
3783 1055 3907 1116 τοὺς
3980 1057 4096 1107 im-

2541 1141 2792 1205 σκόπους,
2819 1143 3126 1213 Θεασαμένη
3151 1161 3208 1196 τε
3237 1146 3328 1198 τὸν
3359 1145 3664 1216 Γρηγόριον
3720 1149 3807 1197 καὶ
3839 1145 4099 1208 ἐπιγνοῦ-

2541 1248 2609 1284 σα
2637 1232 2820 1290 αὑτὸν,
2844 1231 3028 1302 δρόμῳ
3056 1235 3244 1285 πίπτει
3309 1235 3448 1302 πρὸς
3485 1236 3609 1294 τοὺς
3674 1232 3842 1285 αὐτοῦ
3905 1233 4096 1294 πόδας.

2536 1322 2843 1391 δακρύουσά
2873 1341 2931 1374 τε
2961 1325 3347 1393 ἀκατασχέτως
3377 1327 3470 1378 καὶ
3493 1326 3849 1394 οίκτρπάτας
3879 1327 4100 1389 ἀφιεῖσα

2539 1414 2720 1476 φωνὰς
2759 1415 2927 1466 πολλά
2959 1431 3016 1466 τε
3052 1415 3456 1484 μετακλαίουσα
3481 1417 3581 1485 τῆς
3612 1415 3824 1482 ἀπάτης
3857 1417 3954 1466 καὶ
4001 1415 4096 1481 τῆς

2537 1503 2614 1563 είς
2649 1502 2740 1552 τὸν
2771 1503 2925 1566 ᾰγιον
2957 1505 3321 1570 συκοφαντίας
3359 1505 3690 1572 συγγνώμην
3715 1503 4101 1569 ιξαιτουμένη.

2543 1589 2607 1640 '0
2637 1589 2693 1641 δὲ
2723 1593 2861 1660 πρὸς
2895 1588 3074 1643 ιῐκτον
3111 1590 3233 1644 ίδὼν
3274 1594 3368 1644 καὶ
3399 1591 3677 1659 συμπαθὲς
3706 1592 3842 1658 αὐτῇ
3871 1590 4098 1658 βλέψας,

2537 1679 2609 1730 Τὸ
2660 1680 2758 1747 μὲν
2785 1680 3023 1748 ἀφιέναι,
3059 1683 3189 1752 φησὶ
3236 1683 3508 1750 ἁμαρτίας
3563 1683 3659 1749 οὐχ
3719 1681 3895 1749 ἡμῶν,
3966 1681 4102 1732 ἀλλα

2539 1769 2725 1836 μόνου,
2761 1770 2948 1836 γύναι,
2975 1770 3131 1822 τοῦτο
3178 1769 3334 1822 Θεοῦ.
3368 1770 3535 1831 Αὐτὸς
3568 1766 3659 1821 οῦν
3701 1769 3925 1829 δυνατός
3986 1771 4101 1818 ἐστι

886 1861 1103 1926 quidem
1131 1862 1436 1916 condonare
1464 1863 1709 1932 (inquit),
1737 1879 1769 1915 ο
1794 1865 2005 1925 mulier,
2031 1879 2136 1918 non
2165 1868 2432 1926 nostrum,
2470 1869 2507 1923 Β
2540 1873 2572 1910 κ

2418 1903 2432 1926 ,
2470 1869 2507 1923 Β
2540 1858 2854 1910 καὶτούτων
2887 1859 2977 1910 καὶ
3011 1860 3230 1912 πάντων
3284 1859 3418 1928 ὁμοῦ
3475 1859 3657 1911 δοῦναί
3707 1873 3788 1908 σοι
3810 1857 3914 1924 τὴν
3972 1873 4099 1919 συγ-

885 1952 978 2004 scd
1025 1953 1193 2005 solius
1235 1963 1317 2005 est
1352 1953 1468 2005 Dei.
1503 1952 1703 2005 Horum
1738 1955 1901 2022 igitur
1931 1954 2017 2006 ille
2050 1953 2287 2021 itemque
2316 1965 2433 2005 om-

887 2044 1059 2101 nium,
1097 2042 1188 2095 tibi
1221 2043 1433 2096 veniam
1468 2043 1593 2096 dare
1627 2049 1818 2110 potest.
1848 2045 1955 2111 Ego
1978 2059 2128 2106 vero,
2159 2046 2276 2112 qua:
2304 2056 2434 2096 mem.

885 2137 1066 2199 partes
1099 2143 1246 2194 sunt,
1277 2149 1377 2200 pro
1409 2143 1459 2186 te
1485 2135 1670 2195 orabo,
1702 2146 1758 2188 et
1790 2135 1907 2196 tibi,
1943 2151 2063 2202 qua:
2095 2136 2147 2188 in
2193 2150 2277 2187 me
2314 2150 2436 2202 pec-

886 2221 1053 2279 casti,
1101 2221 1275 2273 libens
1324 2221 1619 2273 remittam.
1662 2222 1914 2289 Idemque
1966 2222 2107 2274 illico
2155 2222 2206 2272 in
2249 2235 2437 2288 preces

885 2311 1153 2371 incubuit.
1192 2309 1437 2378 Deus-que
1485 2311 1562 2364 illi
1611 2311 1878 2379 propitius
1917 2309 2055 2374 fuit,
2107 2324 2226 2363 mox
2274 2324 2434 2362 manu

889 2401 1032 2453 illam
1064 2415 1111 2452 ar
1135 2400 1497 2468 prehendens,
1529 2401 1723 2452 erexit.

954 2488 1090 2541 Llll.
1122 2486 1254 2541 Dum
1287 2489 1397 2540 hmc
1438 2498 1690 2556 aguntur,
1727 2490 2083 2543 admiratione
2115 2505 2303 2544 omnes
2329 2503 2438 2542 szu-

886 2581 1103 2646 peracti,
1124 2578 1386 2649 Gregorio
1408 2591 1662 2650 tanquam
1686 2596 1848 2650 supra
1871 2583 2158 2636 humanam
2191 2595 2435 2635 naturam

887 2682 1094 2726 cvecto.
1135 2672 1186 2722 in
1233 2677 1505 2738 posterum
1552 2672 1847 2725 haerebant.
1897 2673 2051 2726 llunc
2095 2674 2296 2726 exitum
2349 2670 2437 2723 illo

886 2759 976 2810 die
1008 2758 1075 2810 lis
1111 2769 1167 2810 et
1208 2759 1486 2812 contentio
1533 2767 1687 2812 nacta
1720 2771 1835 2826 est;
1875 2761 1928 2814 in
1973 2763 2163 2829 hisque
2207 2761 2438 2814 concilio

889 2848 1134 2911 dimisso,
1170 2849 1447 2902 mulierem
1488 2848 1773 2902 clementia
1809 2851 2050 2920 iudicum
2088 2852 2309 2905 inultam
2345 2853 2438 2904 ha-

891 2937 1042 2997 ltuit;
1083 2937 1352 2992 delatores
1390 2953 1518 2990 vero
1549 2939 1600 2990 in
1647 2940 1884 2994 medium
1927 2951 2192 3003 statuunt,
2232 2950 2290 2992 ut
2318 2957 2440 3009 grn-

889 3024 1010 3074 \-ius
1052 3023 1158 3076 illis
1191 3025 1514 3091 supplicium
1559 3027 1798 3093 pontifex
1842 3031 2107 3081 maximus
2151 3030 2430 3097 inrogaret.

891 3114 1275 3182 Indignabatur
1303 3115 1443 3167 enim
1467 3129 1524 3168 se
1546 3113 1613 3168 ab
1640 3117 1746 3169 illis
1771 3120 1973 3185 pariter
1991 3134 2108 3172 esse
2130 3121 2433 3188 decernunt.

2538 1948 2797 2017 χώρησιν.
2843 1950 2984 2015 Ἐγὼ
3018 1950 3073 2000 δὲ
3100 1951 3159 2000 τό
3195 1965 3257 2015 γε
3291 1949 3422 2016 ὲμδν
3475 1948 3640 2016 μέρος
3678 1949 3769 1999 καὶ
3801 1945 4099 2013 ὑπερεύξο-

2541 2040 2638 2107 μαί
2675 2056 2769 2090 σου
2811 2041 2902 2091 καὶ
2929 2039 3260 2107 συγγνώμην
3297 2040 3468 2106 νεμῶ,
3507 2040 3600 2090 καὶ
3653 2039 3771 2106 ἅμα
3828 2037 4100 2104 ἐπηύχετο

2541 2132 2638 2182 καὶ·
2669 2130 2873 2182 ίλεοῦτο
2894 2130 2952 2181 τὸ
2980 2129 3120 2182 θεῖον
3152 2123 3338 2198 ἑαυτῇέ
3369 2125 3487 2180 εἶτα
3517 2131 3607 2180 καὶ
3643 2128 3740 2195 τῆς
3771 2128 3953 2194 χειρὸς
4004 2129 4100 2178 λα-

2536 2221 2760 2289 ϐόμενος
2784 2221 3024 2289 ἢγειρεν.

2610 2485 2732 2536 NI“.
2801 2481 3092 2544 Ἐκστασις
3153 2484 3209 2534 δὲ
3290 2485 3493 2542 πάντας
3539 2481 3831 2551 ἐλάμϐανε,
3882 2483 3973 2534 καὶ
4023 2485 4093 2543 ὡς

2542 2574 2812 2640 κρείττονι
2842 2573 3023 2626 λοιπὸν
3044 2575 3076 2640 ἢ
3103 2573 3241 2626 κατὰ
3274 2573 3554 2642 ἄνθρωπον
3598 2574 3632 2623 Γ
3641 2574 3874 2641 ρηγορίῳ
3927 2591 4094 2642 προσ-

2545 2665 2708 2731 εῖχον.
2740 2665 2990 2715 Τοιοῦτον
3050 2664 3170 2716 κατ’
3232 2666 3448 2732 εκείνην
3495 2665 3707 2733 ἡμέραν
3754 2665 3846 2715 τοῦ
3889 2665 4095 2731 hinc;

2541 2754 2716 2820 πέρας
2749 2753 3029 2818 ).α66ντο;,
3063 2756 3158 2806 καὶ
3189 2755 3280 2806 ἐπὶ
3303 2754 3518 2817 τούτοις
3563 2754 3659 2806 τοῦ
3693 2755 3953 2819 συλλόγου
3984 2755 4095 2807 δια-

2539 2841 2808 2903 λυθέντος,
2860 2843 2958 2910 τὴν
3010 2842 3134 2906 ἑξῆς
3180 2844 3287 2895 τῶν
3345 2844 3631 2913 ἐπιτιμίων
3685 2846 3736 2895 oi
3788 2843 4097 2906 δικάζοντες

2536 2931 2840 2994 ἐποιοῦντο,
2862 2934 2957 2984 καὶ
2987 2933 3180 3000 ἄγουσι
3203 2935 3327 2995 τοὺς
3374 2934 3716 3003 κατηγόρους
3774 2935 3855 2994 εἰς
3907 2935 4096 3002 μέσον.

2541 3024 2646 3073 Καὶ
2673 3024 2700 3074 ὀ
2727 3025 2979 3087 πάππας,
3011 3026 3095 3077 ἵνα
3125 3041 3186 3092 γε
3214 3026 3305 3078 καὶ
3354 3026 3660 3094 βαρυτέραν
3681 3027 3954 3096 ἐπενέγκῃ
4002 3027 4098 3091 τὴν

2534 3117 2820 3185 τιμωρίαν,
2885 3117 3202 3184 ἐχαλέπαινε
3260 3118 3366 3186 γὰρ
3418 3119 3500 3182 ἐφ’
3553 3112 3632 3178 οἷς
3683 3117 3775 3169 καὶ
3825 3118 4096 3177 αὑτὸςύπ“

890 3203 1125 3257 Proinde
1151 3204 1275 3257 illos
1305 3206 1536 3271 primum
1565 3207 1786 3261 offensis
1813 3208 2006 3262 animis
2031 3217 2084 3262 et
2107 3210 2438 3277 gravissimis
2463 3190 2506 3251 (ἶ
2541 3219 2574 3254 α

2415 3228 2438 3264 s
2463 3190 2506 3251 (ἶ
2541 3203 2718 3254 αὐτῶν
2753 3205 3029 3273 ἠπατήθη,
3061 3206 3416 3274 σφοδρότερον
3441 3207 3531 3256 τὸν
3556 3207 3688 3275 πρὸς
3733 3207 3926 3266 αὐτοὺς
3964 3222 4092 3255 me

890 3295 1073 3348 verbis
1103 3294 1333 3362 excepit,
1365 3309 1427 3349 ac
1453 3309 1575 3349 cum
1607 3297 1709 3350 alia
1750 3298 1989 3365 ipsorum
2025 3309 2144 3352 acta
2185 3314 2437 3368 persecu-

891 3395 997 3448 tus,
1050 3393 1164 3437 tum
1200 3386 1252 3438 in
1293 3385 1483 3452 primis
1517 3388 1684 3440 multa
1713 3403 1775 3442 ac
1802 3390 1948 3444 varia
1986 3391 2232 3460 Gregorii
2275 3395 2437 3445 mira-

887 3477 1033 3540 cula,
1060 3491 1180 3543 quas
1207 3476 1422 3531 fuerant
1449 3479 1500 3531 in
1525 3478 1695 3532 oculis
1722 3493 1912 3532 eorum
1938 3480 2103 3542 edita,
2132 3483 2238 3537 il'is
2262 3486 2436 3552 gravi-

893 3574 973 3616 ter
995 3565 1387 3632 exprobrabat;
1422 3579 1486 3619 ac
1512 3579 1619 3620 uta
1645 3568 1914 3638 principio
1938 3570 2158 3636 quidem
2186 3581 2433 3625 sanctum

895 3655 1154 3722 Spiritum
1199 3657 1321 3724 ejus
1367 3666 1528 3724 caput
1574 3658 1984 3713 adumbrantem
2011 3699 2026 3722 ,
2075 3676 2258 3730 pauca
2308 3677 2434 3716 vero

891 3746 1054 3798 surdo
1087 3746 1372 3812 eidemque
1412 3757 1562 3802 muto
1602 3750 1885 3803 sanitatem
1928 3745 2243 3804 afferentem
2284 3752 2434 3807 vide-

892 3847 1034 3900 rant,
1077 3837 1180 3890 alia
1227 3849 1506 3907 prmterea,
1550 3852 1886 3911 quacunque
1930 3842 2014 3894 vir
2051 3847 2178 3897 vere
2219 3840 2433 3899 divinus

891 3928 1283 3982 admirabiliter
1325 3932 1591 3997 pmstitit,
1640 3931 2010 4000 percensebat,
2055 3933 2108 3984 in
2151 3934 2432 4002 ipsumque

891 4021 1194 4087 praesertim
1228 4019 1484 4074 Sabinum
1523 4022 1703 4074 acrius
1736 4021 2109 4084 invehebatur,
2141 4025 2225 4077 cui
2261 4039 2432 4093 neque

893 4108 1014 4160 lilia:
1039 4111 1249 4162 curatio
1274 4109 1471 4178 lignam
1500 4116 1854 4178 compescuit,
1886 4127 1984 4165 nec
2005 4128 2034 4165 a
2058 4114 2434 4168 maledicentia

890 4198 1204 4262 vindicavit,
1227 4199 1355 4266 quin
1377 4200 1558 4268 potius
1581 4209 1688 4251 tam
1717 4200 1926 4254 tulisset
1945 4202 2160 4265 acerbe,
2181 4212 2236 4254 ut
2258 4207 2433 4257 virum

891 4287 958 4341 de
977 4303 1034 4341 se
1054 4290 1256 4356 optime
1281 4291 1555 4351 meritum,
1579 4295 1765 4357 totque
1786 4292 2123 4345 curationum
2174 4292 2433 4347 beneficia

894 4380 1282 4447 ingratitudine
1309 4395 1370 4432 ac
1398 4381 1724 4433 contumelia
1762 4392 2154 4448 compensaret.
2187 4381 2307 4436 Haec
2346 4384 2432 4435 ille

891 4469 1126 4533 loeutus,
1145 4469 1307 4538 jussit
1329 4470 1559 4524 Felicem
1606 4472 1922 4540 episcopum
1945 4473 2145 4535 omnia,
2171 4487 2290 4541 qua:
2320 4481 2431 4526 turn

896 4557 1122 4619 viderat,
1143 4573 1265 4612 cum
1286 4560 1351 4613 ad
1374 4563 1549 4613 virum
1577 4571 1820 4615 sanctum
1843 4561 1898 4615 in
1919 4563 2046 4617 sede
2065 4563 2432 4617 collocandum

889 4653 978 4699 est
1009 4648 1226 4712 missus,
1258 4649 1565 4717 singulatim
1613 4666 1951 4719 percensere.
1985 4652 2215 4706 Felicem
2271 4653 2434 4723 igitur

893 4738 1074 4789 omnia
1107 4749 1414 4792 narrantem
1449 4755 1572 4794 cum
1599 4743 1835 4811 episcOpi
1895 4744 2190 4809 audissent,
2261 4745 2435 4798 admi-

894 4827 1033 4877 ratio
1090 4826 1209 4880 illos
1265 4842 1327 4881 ac
1373 4839 1559 4898 stupor
1609 4831 1841 4897 invasit;
1873 4834 2006 4887 nihil
2035 4834 2180 4888 enim
2235 4835 2426 4889 horum

890 4930 1132 4984 unquam
1171 4917 1473 4972 audierant.

965 5093 1094 5148 LIV.
1121 5093 1383 5150 Caeterum
1404 5095 1669 5152 delatores
1690 5099 1821 5153 nihil
1848 5101 2126 5165 habentes,
2152 5101 2202 5153 in
2221 5117 2327 5170 quo
2350 5104 2436 5157 vel

827 5183 835 5191 ’
888 5197 954 5237 os
976 5193 1193 5250 possent
1214 5184 1280 5237 ad
1308 5185 1425 5239 haec
1456 5187 1687 5255 aperire,
1737 5189 1805 5243 ad
1834 5191 2036 5245 luctum
2081 5207 2144 5245 ac
2171 5192 2434 5262 lacrymas

885 5275 1285 5344 confugientes,
1314 5278 1403 5332 illa
1429 5285 1623 5349 quovis
1678 5296 1929 5336 sermone
1956 5281 2187 5344 veriora.
2218 5283 2283 5349 ad
2319 5298 2432 5337 ma-

889 5365 1232 5421 tedicentiam
1258 5384 1321 5423 ac
1365 5374 1746 5427 contumeliam
1795 5374 2146 5444 detegendam
2202 5374 2433 5428 allirma-

886 5455 1044 5509 .baat.
1069 5457 1428 5521 Quamobrem
1460 5464 1755 5532 conscripti
1809 5466 1992 5519 Patres
2026 5466 2148 5518 illos
2201 5466 2343 5518 inter
2373 5480 2431 5518 se

885 5546 1220 5618 disgregant,
1251 5560 1306 5605 et
1328 5551 1462 5605 alios
1487 5554 1704 5618 quidem
1730 5570 1793 5608 ex
1815 5555 2062 5622 imperita
2088 5556 2429 5609 multitudine

883 5637 954 5690 ad
991 5639 1262 5707 octoginta
1293 5641 1358 5693 ab
1411 5657 1514 5693 una
1540 5653 1691 5709 parte
1744 5644 2105 5705 constituunt,
2174 5643 2427 5696 Ecclrsize

888 5743 1021 5782 vero
1050 5731 1343 5793 ministros,
1381 5736 1651 5801 sacrisque
1697 5736 1866 5787 solum
1902 5734 2157 5798 initiatos,
2211 5735 2275 5786 ad
2333 5737 2426 5788 tri-

2537 3292 2704 3344 έτεινε
2749 3293 2928 3358 λόγον,
2961 3294 3030 3346 τά
3079 3304 3137 3346 τε
3169 3294 3303 3347 ἄλλα
3357 3295 3537 3347 αὐτῶν
3598 3296 3948 3364 κατατρέχων
4001 3297 4096 3344 καί

2545 3385 2780 3450 μάλιστα
2808 3387 2877 3438 τὰ
2908 3385 3079 3438 πολλὰ
3113 3388 3293 3449 αὐτοῖς
3346 3387 3598 3455 θαύματα
3646 3389 3740 3439 του
3795 3387 4097 3454 Γρηγορίιυ

2540 3463 2985 3544 προσονειδίζων,
3013 3477 3159 3546 ἅπερ
3189 3478 3247 3529 ἐν
3303 3477 3599 3545 ὀφθαλμοῖς
3634 3477 3855 3529 ἐκείνων
3918 3493 4094 3544 πρατ-

2537 3565 2755 3632 τόμενα,
2789 3565 2885 3617 καὶ
2915 3566 3062 3627 ὅπως
3091 3567 3205 3616 κατ’
3236 3567 3407 3635 ἀρχὰς
3439 3567 3536 3634 μὲν
3567 3567 3627 3616 τὸ
3678 3565 3820 3616 θεῖον
3862 3565 4087 3631 Πνεῦμα

2537 3655 2635 3719 τὴν
2673 3654 2919 3725 κεφαλὴν
2946 3655 3111 3707 αὐτοῦ
3142 3656 3475 3708 ἑπεσκιάσαν
3501 3655 3705 3725 ἑώρων,
3741 3655 3877 3723 μετὰ
3917 3656 4093 3707 ταῦτα

2535 3744 2590 3796 δὲ
2613 3745 2687 3813 τῷ
2712 3744 2877 3814 κωφῷ
2911 3746 3004 3797 καὶ
3033 3745 3212 3814 ἁλὰλῳ
3237 3745 3379 3813 μάλα
3407 3745 3602 3814 ρκδίως
3637 3748 3735 3802 τὴν
3771 3745 3913 3798 ίασιν
3951 3761 4090 3812 πιρ-

2536 3835 2812 3902 εχὸμενον,
2875 3836 2967 3884 καὶ
3029 3832 3194 3885 τᾶλλα
3247 3833 3346 3885 ὅσα
3396 3832 3703 3901 παραδόξως
3739 3833 3814 3900 τῷ
3876 3833 4088 3899 ἀλγβώ,

2536 3923 2804 3992 ἀνθρώπῳ
2829 3921 2920 3974 τοῦ
2952 3921 3087 3974 Θεοῦ
3117 3922 3510 3989 διαπέπρακτο.
3551 3922 3796 3975 Μάλιστα
3828 3922 3884 3972 δὲ
3919 3925 4086 3981 πολὺς

2535 4009 2602 4081 ἦν
2632 4013 2722 4065 τοῦ
2751 4014 2981 4067 Σαϐίνου
3007 4014 3347 4082 κατηγορῶν,
3382 4015 3460 4064 ὄτι
3508 4012 3641 4081 μηδὲ
3679 4013 3711 4078 ἠ
3769 4011 3868 4078 τῆς
3912 4011 4083 4075 6:271-

2537 4104 2661 4172 τρὸς
2677 4102 2824 4167 αὐτῷ
2851 4105 3006 4171 ὑγεία
3021 4104 3118 4172 τὴν
3141 4105 3381 4170 γλῶτταν
3402 4105 3619 4170 ἐπέσχε,
3638 4102 3771 4170 μηδὲ
3797 4099 3886 4152 τοῦ
3915 4099 4052 4168 βλασ

2535 4196 2736 4262 φημείν
2788 4193 3043 4257 ἔκαυσεν,
3067 4193 3183 4246 ἀλλ’
3209 4193 3379 4256 οὕτως
3426 4193 3650 4262 ὠδίνησε
3683 4192 3892 4258 πικρῶς
3945 4195 4082 4259 μετὰ

2535 4287 2631 4353 τῆς
2661 4281 3055 4352 ἀγνωμοσύνης
3085 4285 3178 4335 καὶ
3215 4284 3311 4352 τὴν
3342 4279 3726 4350 συκοφαντίαν,
3774 4285 3865 4334 καὶ
3920 4283 4081 4351 θερα-

2539 4375 2717 4435 πείαις
2744 4374 3021 4434 τοιαύταις
3075 4373 3168 4426 τὸν
3192 4376 3485 4443 εὐεργέτην
3544 4374 3832 4442 ἠμείψατο.
3898 4373 4083 4424 Ταῦτα

2513 4466 2639 4532 ςμεν
2665 4465 2822 4526 αὐτὸς
2853 4465 3060 4532 ἔλεγενο
3106 4466 3349 4517 Ἐκέλευε
3406 4465 3462 4515 δέ
3518 4465 3612 4516 καὶ
3669 4465 3745 4533 τῷ
3797 4466 4085 4531 έπισκόπῳ

2538 4557 2730 4625 Φήλικι
2761 4559 2934 4609 πάντα
2963 4557 3105 4610 κατὰ
3126 4555 3294 4626 μέρος
3318 4557 3510 4616 είπεῖν,
3536 4557 3744 4624 ὅσαπερ
3765 4557 3922 4618 αὐτὸς
3955 4555 4084 4614 ἴδοι,

2538 4651 2699 4702 ὁπότε
2725 4649 2788 4719 δὴ
2814 4653 2906 4702 καὶ
2949 4648 3228 4716 ἀπεστάλη
3289 4647 3366 4717 τῷ
3412 4649 3512 4715 τῆς
3554 4647 3853 4716 ἐπισκοπῆς
3910 4647 4086 4714 Θρὸνῳ

2539 4740 2928 4810 ἐγκαθιδρύσαι
2954 4741 3043 4793 τὸν
3069 4739 3241 4806 ἆγιον.
3301 4737 3405 4790 Τοῦ
3453 4737 3580 4804 γοῦν
3622 4737 3850 4803 Φήλικος
3907 4739 4085 4788 πάντα

2539 4830 2892 4900 διηγουμένου
2919 4830 3206 4890 ἀκούοντες
3253 4829 3301 4879 οἱ
3356 4827 3644 4878 ἐπίσκοποι
3693 4825 3951 4893 ἐκπλήξει
3988 4827 4087 4877 καὶ

2539 4922 2741 4992 ἀπορία
2768 4923 3098 4990 κατείχοντο,
3137 4921 3300 4974 Οὐδὲν
3336 4920 3444 4985 γὰρ
3473 4918 3683 4969 οὐδέπω
3716 4917 3920 4967 τούτων
3948 4918 4088 4984 ἀκη-

2544 5013 2724 5074 κοότες
2751 5011 3058 5081 ἐτύγχανον.

2541 5114 2546 5120 ·
2610 5099 2733 5156 ΝΔ’.
2766 5105 2827 5153 0i
2849 5103 3141 5169 κατήγοροι
3173 5099 3251 5163 δὲ,
3287 5100 3421 5168 πρὸς
3446 5098 3626 5150 ταῦτα
3676 5098 3841 5165 μηδὲν
3864 5097 4085 5163 ἔχοντες

2536 5194 2620 5261 ἐφ’
2655 5187 2698 5258 ᾧ
2727 5193 2791 5243 ἂν
2821 5193 2917 5243 καὶ
2945 5192 3117 5258 στόμα
3149 5190 3435 5253 ἀνοίξαιεν,
3461 5187 3541 5249 είς
3563 5187 3792 5256 θρήνους
3812 5188 4085 5250 κατέφευ-

2537 5283 2632 5350 γόν
2676 5298 2733 5333 τε
2756 5282 2850 5333 καὶ
2875 5280 3104 5346 δάκρυα,
3139 5281 3432 5348 πιστότερα
3461 5276 3632 5329 ταῦτα
3659 5276 3850 5338 παντὸς
3892 5277 4082 5344 λόγου,

2536 5376 2669 5442 πρὸς
2696 5372 2793 5441 τὴν
2823 5371 2918 5438 τῆς
2954 5369 3316 5435 συκοφαντίας
3361 5366 3702 5428 ἀποδιδόντες
3763 5365 4080 5434 ὁμολογίαν.

2532 5463 2809 5532 Διαιροῦσι
2838 5463 3012 5513 τοίνυν
3036 5462 3229 5522 αὐτοὺς
3252 5459 3348 5512 ἀπ’
3374 5460 3615 5528 ἀλλήλων
3638 5459 3688 5510 0'.
3715 5458 3811 5525 τῆς
3833 5459 4080 5520 συνόδου,

2533 5558 2624 5606 καὶ
2661 5555 2786 5614 τοὺς
2809 5554 2906 5621 μὲν
2932 5551 3024 5603 τοῦ
3053 5551 3237 5603 λοιποῦ
3263 5551 3498 5618 πλήθους
3522 5550 3611 5611 εἰς’
3650 5551 3971 5617 ὀγδοήκοντα
3989 5552 4083 5602 τὸν

2534 5645 2764 5712 ἀριθμὸν
2797 5643 2955 5703 ὄντας
2988 5645 3043 5693 ὲν
3072 5643 3223 5710 μέρει
3253 5643 3439 5709 στῆναι
3500 5641 3800 5703 κελεύουσι,
3847 5643 3970 5701 τοὺς
4023 5643 4080 5693 δὲ

2531 5737 2623 5787 τοῦ
2655 5733 3102 5804 ἐκκλησιαστικοῦ
3139 5733 3340 5801 κλήρου
3367 5736 3443 5795 εἰς
3475 5735 3761 5802 τριάκοντα
3799 5735 3891 5784 καὶ
3918 5735 4018 5801 μάλ
4057 5752 4082 5783 ν
