4270 6428
186 429 291 497 ἳδι

1157 423 1329 483 νιΤΑ
1375 422 1431 482 S.
1477 416 1863 480 GREGORII
1910 410 2445 475 AGRIGENTINI.

3294 410 3401 475 262

176 533 471 597 τελοῦντας
522 528 769 601 ἑτέρωθι·
825 527 1050 583 Σαϐίνου
1110 530 1167 583 δὲ
1218 529 1746 599 καὶ.1(ρισκεντίνου
1777 533 1862 596 At

1713 546 1746 581 υ
1777 533 1820 591 Α
1852 527 1997 597 ginta
2027 525 2096 581 ab
2114 524 2283 578 altera
2308 532 2450 577 stare
2472 521 2681 590 jubent.
2720 518 2880 590 Atqui
2912 520 3115 577 Sabino
3156 535 3219 576 ac
3247 524 3399 578 Cres-

184 624 485 693 ὑπερορίαν
513 618 1007 690 καταψηφίζονται,
1040 620 1115 681 ῶς
1147 620 1239 672 τὸν
1269 619 1366 689 μὶν
1395 620 1472 681 είς
1497 618 1741 689 Θρᾴκην,

179 718 274 768 τὸν
299 714 357 767 δὲ
389 715 469 775 είς
520 713 795 765 Ἱσπανίαν
828 711 1317 779 παριπεμφθῆναι·
1343 711 1422 770 είς
1458 707 1747 762 Ῥάϐενναν

179 808 237 859 δι
276 806 403 866 τοὺς
437 803 529 856 τοῦ
560 803 763 873 κλήρου
799 804 1006 865 πάντας
1058 801 1453 869 διασπαρῆναι.
1519 802 1627 853 Καὶ
1680 801 1749 851 τὰ

186 899 284 965 μιν
310 896 419 948 τῶν
452 894 921 962 ἠκκλησιαστικῶν
947 892 1138 953 οὕτως·
1175 893 1240 944 τὰ
1272 893 1324 943 δέ
1356 908 1418 958 γε
1475 892 1583 943 τῶν
1631 891 1746 941 λαῖ-

184 986 297 1038 κῶν
335 987 362 1037 ὁ
387 984 689 1052 σπαθάριος
724 983 932 1050 ὑπῆρχε
978 982 1240 1045 κολάζων,
1274 980 1369 1033 νῦν
1398 982 1496 1049 μιν
1534 981 1746 1049 δεσμω·

182 1074 363 1141 τηρίῳ
394 1073 592 1133 αὐτοὺς
626 1072 1012 1139 ἑγκλεισθῆναι
1048 1071 1330 1132 κελεύσας,
1366 1072 1501 1139 μετὰ
1543 1071 1600 1123 δὲ
1622 1071 1747 1123 ’καὶ

182 1164 478 1232 τιμωρίαις
523 1164 796 1230 διαφόροις
831 1163 1217 1231 ὑποϐληθῆναι.
1254 1162 1373 1213 τῶν
1405 1160 1747 1231 στρατιωτῶν

184 1256 366 1305 τοίνυν
392 1252 776 1319 κατασχόντων
801 1252 1021 1312 αὐτοὺς.
1055 1254 1136 1313 εἰς
1171 1251 1385 1319 δάκρυα
1434 1251 1532 1300 καὶ
1582 1251 1748 1316 σίμω-

187 1346 289 1408 γάς
321 1344 480 1395 πάλιν
504 1342 825 1406 ἐτράποντο,
860 1342 952 1392 καὶ
983 1339 1202 1408 θερμῶς
1253 1337 1613 1392 ἀνεκαλοῦντο
1652 1337 1744 1388 τὸν

185 1433 366 1498 ἅγιον,
403 1430 569 1483 τονδὶ
608 1429 913 1483 ἀκούσαντα
981 1430 1073 1481 καὶ
1110 1428 1329 1498 πλέονῆ
1393 1430 1549 1497 είπερ
1588 1429 1748 1490 αὐτὸς

186 1520 258 1590 ἦν
293 1525 322 1573 ὁ
356 1520 529 1573 ταῦτα
555 1520 751 1571 παθεῖν
784 1520 993 1588 μέλλων
1024 1519 1121 1587 τὴν
1146 1520 1323 1588 ψυχὴν
1370 1518 1751 1587 διαταραχθέν-

186 1628 279 1671 τα,
322 1607 502 1663 οἰκ-,όν
528 1626 584 1660 τε
636 1609 836 1670 εὐθέως
889 1607 1183 1677 ελάμδανε,
1232 1611 1327 1661 καὶ
1371 1608 1598 1677 δάκρυσι
1650 1610 1749 1669 τὰς

189 1703 424 1768 παρειάς
461 1699 776 1767 κατέὸρεχε,
802 1699 977 1750 καὶτὸ
1006 1700 1297 1767 πρόσωπον
1326 1699 1566 1764 τύπτων,
1619 1700 1747 1751 ποτὶ

190 1794 291 1858 μὲν
318 1790 486 1843 αὑτοῦ
522 1790 618 1842 τοῦ
647 1791 847 1843 πάππα
881 1791 1206 1861 προσεκύνει
1235 1792 1360 1854 τοὺς
1394 1792 1749 1856 πόδας,άλλο-

186 1898 253 1965 τε
278 1882 436 1935 ἄλλον
472 1881 631 1949 ἐπῄει
659 1880 768 1933 τῶν
789 1882 1103 1934 ἐπισκόπων
1130 1884 1221 1934 καὶ
1254 1884 1367 1945 τοῖς
1408 1883 1563 1934 ποσὶν
1592 1881 1752 1933 ικθύ-
1778 1860 1824 1919 Β

192 1989 305 2038 μως
338 1972 517 2023 αὐτῶν
561 1972 1029 2037 ὑποκατεκλίνετο,
1077 1972 1374 2041 Μηδαμῶς,
1434 1972 1631 2039 λέγων,
1682 1973 1756 2042 μὴ

187 2063 256 2113 δι’
292 2063 412 2130 εμὲ,
451 2056 495 2114 ῶ
518 2065 771 2130 πατέρες,
805 2062 1039 2131 τοσαύτη
1072 2062 1450 2133 περιδληθεῖεν
1470 2064 1518 2115 οί
1546 2062 1753 2132 ἂνθρω-

192 2168 283 2202 ποι
328 2154 597 2222 συμφορᾷ·
628 2152 702 2215 ὼς
734 2152 907 2219 ἔγωγε
935 2153 1201 2222 τιμωρίαν
1234 2155 1388 2207 τοῦτο
1411 2155 1498 2206 καὶ
1542 2154 1640 2206 οὐκ
1665 2158 1753 2205 ικ-

191 2242 370 2294 δικίαν
398 2237 535 2295 εἶναι
571 2244 677 2295 τῶν
710 2244 1112 2311 πεπραγμένων
1150 2244 1457 2313 λογίζομαι,
1500 2244 1623 2313 spei
1648 2243 1755 2313 γὰρ

194 2330 355 2381 τοῦτο
381 2331 539 2399 μόνον
568 2331 793 2399 ὁρκοῦν,
827 2330 910 2383 δτι
945 2348 1011 2399 με
1040 2333 1068 2383 ό
1095 2330 1225 2394 Θεὸς
1290 2336 1496 2402 μυρίων
1557 2334 1754 2399 ιγκλη-

198 2422 385 2488 μάτων
431 2421 684 2474 ὑπόδικον
738 2420 864 2473 ὄντα
908 2420 1085 2489 ἀφῆκε
1133 2422 1230 2490 τῆς
1281 2421 1456 2491 δίκης,
1510 2421 1605 2475 καὶ
1655 2422 1755 2474 οὐκ

194 2512 545 2578 ἀπεκάλυψεν
577 2511 719 2564 οὕτω
748 2512 1175 2580 κατεστιγμένον
1206 2512 1513 2581 ὑπάρχοντα
1544 2515 1635 2565 καὶ
1678 2512 1750 2565 δι-

194 2600 481 2670 εφθορότα.

271 2774 396 2827 NE’.
438 2775 494 2827 ’Θ
528 2776 584 2827 6's
623 2775 725 2827 τῶν
754 2776 1084 2844 ἐκδικήσεων
1130 2775 1331 2847 Κύριος
1383 2776 1485 2843 οὐκ
1548 2777 1752 2845 ἀμελὴς

198 2861 265 2931 ἦν
304 2865 397 2915 τοῦ
432 2866 641 2917 διγαίου
674 2865 980 2935 έκδικητής.
1026 2865 1113 2927 Ὠς
1138 2870 1240 2933 γὰρ
1260 2869 1326 2935 τῇ
1375 2868 1465 2919 τοῦ
1516 2869 1751 2935 μεγάλου

200 2954 548 3022 παρακλήσει
608 2960 718 3016 τοῖς
762 2955 1116 3024 στρατιώταις
1177 2957 1495 3008 κεκέλευστο
1542 2960 1753 3024 ἀφεῖναι

202 3046 300 3113 τῆς
331 3046 626 3115 καταδίκης
650 3048 773 3107 τοὺς
810 3046 1161 3109 ὑπευθύνους,
1189 3048 1283 3101 καὶ
1308 3048 1459 3100 αὐτοὶ
1492 3048 1605 3117 άμα
1627 3066 1754 3103 συν-

198 3135 583 3202 αθροισθέντες
640 3135 893 3207 ιστησαν.
949 3138 1136 3205 Ἀφνω
1199 3137 1358 3190 ποθὲν
1414 3140 1611 3208 λαίλαψ
1658 3141 1751 3193 καὶ⁵

1850 621 2069 675 centino
2122 618 2301 673 exsilii
2378 617 2543 669 multa
2607 616 2776 677 stetit.
2832 625 2890 669 ut
2934 616 3025 670 hic
3076 616 3291 685 quidem
3349 619 3403 671 in

1850 710 2157 770 Thraciam.
2193 709 2282 762 ille
2308 722 2437 761 vero
2500 708 2552 760 in
2602 706 2914 774 Hispaniam
2950 708 3168 761 exsules
3220 708 3401 761 mitte-

1850 811 2059 856 rentur.
2089 799 2285 854 Ceteri
2315 812 2444 852 vero
2487 796 2739 851 Ecclesiae
2789 796 3022 850 ministri
3083 796 3396 850 Ravennam

1849 891 2072 960 relegati
2110 897 2255 942 sunt.
2306 888 2372 941 At
2404 901 2524 956 qum
2571 887 2639 939 ad
2694 886 2991 941 Ecclesium
3029 886 3397 955 pertinebant.

1850 983 1920 1037 ita
1944 989 2161 1050 peracta
2191 979 2363 1031 luere.
2394 980 2465 1031 De
2514 976 2759 1045 profanis
2818 992 2945 1029 vero
2976 990 3303 1045 cognoscere
3338 990 3399 1028 ac

1844 1072 2092 1143 judicare
2150 1070 2457 1124 Marcianus
2499 1080 2581 1123 est
2628 1072 2829 1138 jussus.
2862 1070 2962 1134 Qui
3016 1083 3109 1121 eos
3130 1068 3309 1121 atatim
3347 1068 3398 1120 in

1847 1178 2119 1218 carcerem
2152 1162 2547 1232 conjiciendos,
2577 1161 2849 1231 variisque
2906 1160 3242 1214 cruciatibus
3271 1159 3399 1214 sub-

1843 1254 2115 1327 jiciendos
2139 1254 2445 1322 imperavit.
2477 1251 2655 1317 Quare
2703 1260 2825 1306 eum
2856 1254 2977 1307 illos
3012 1252 3213 1305 milites
3238 1267 3402 1319 rape-

1848 1354 1989 1406 rent.
2022 1344 2272 1414 lacrymis
2303 1359 2365 1397 ac
2384 1343 2635 1396 lamentis
2666 1342 2844 1395 denuo
2876 1357 2932 1395 sc
2969 1342 3230 1395 dedentes
3260 1383 3270 1403 .
3299 1342 3401 1393 viri

1850 1435 2019 1489 sancti
2054 1436 2213 1488 enixe
2244 1434 2503 1487 auxilium
2560 1432 2945 1501 implorabant.
2988 1432 3093 1484 llos
3123 1446 3287 1499 porro
3316 1433 3403 1483 illc

1849 1524 2251 1587 vehementius.
2287 1538 2447 1592 quam
2472 1524 2563 1590 qui
2595 1524 2705 1576 haec
2729 1532 2884 1577 erant
2916 1524 3251 1591 perpessuri.
3279 1525 3394 1574 ani-

1851 1628 1941 1667 mo
1978 1615 2321 1669 conﬂictatur
2350 1630 2364 1666 :
2394 1614 2750 1682 protinusque
2790 1612 3164 1667 misericordia
3196 1624 3401 1671 motus,

1849 1706 2100 1774 lacrymis
2131 1720 2294 1773 genas
2348 1704 2626 1773 irrigabat,
2672 1704 2971 1770 faciemque
3042 1703 3400 1771 percnticbat.

1852 1794 1998 1849 Alias
2019 1794 2235 1862 quidem
2261 1794 2361 1862 ipsi
2388 1794 2647 1861 pontiﬁci,
2681 1807 2799 1848 sese
2835 1794 2978 1845 illius
3001 1792 3065 1845 ad
3105 1792 3404 1860 pedespro-

1853 1894 2125 1946 sternens,
2155 1883 2536 1951 supplicabat;
2570 1885 2705 1936 alias
2733 1884 2992 1951 epicopos
3044 1884 3195 1945 alios,
3236 1882 3405 1935 demi-

1855 1972 2066 2026 sissime
2133 1988 2191 2027 se
2266 1972 2551 2033 inclinans.
2612 1974 2951 2035 obsecrabat,
3012 1974 3199 2026 dicens
3252 1974 3401 2033 :Nc.

1853 2075 2036 2129 qun-so
2060 2102 2073 2123 ,
2110 2071 2313 2128 patres,
2350 2076 2415 2113 ne
2443 2061 2493 2113 id
2530 2062 2828 2129 contingat,
2880 2070 2938 2111 nt
2963 2070 3068 2112 tam
3092 2060 3223 2113 dira:
3256 2064 3403 2113 cala-

1854 2150 2023 2203 mitati
2050 2151 2298 2204 homines
2332 2166 2448 2204 mea
2497 2165 2661 2204 causa
2712 2150 3088 2219 subjiciuntur.
3135 2150 3267 2203 Nam
3302 2150 3403 2203 lmc

1854 2238 2069 2306 quidem
2097 2246 2297 2297 statuo.
2333 2252 2441 2290 nou
2470 2238 2867 2305 praeteritorum
2897 2253 3135 2306 poenam.
3159 2239 3251 2292 scd
3279 2255 3405 2305 snp-

1854 2324 2229 2397 plieiumesse.
2261 2330 2372 2397 Ego
2401 2330 2545 2382 enim
2602 2329 2735 2383 satis
2792 2329 2967 2383 babeo
3024 2330 3191 2383 Deum
3242 2345 3403 2391 amo.

1854 2433 1976 2470 cum
2037 2419 2341 2471 innumeris
2384 2419 2582 2486 alioqui
2646 2419 2747 2473 sim
2811 2419 3108 2473 obstrictus
3169 2420 3399 2478 delictis.

1853 2510 2029 2561 nullas
2053 2523 2241 2578 pmnas
2264 2522 2542 2576 expetere.
2566 2523 2743 2576 neque
2797 2518 2873 2562 tot
2896 2510 3132 2562 inustum
3158 2512 3402 2573 maculis.

1854 2597 2112 2651 fmdatum
2133 2607 2295 2665 atque
2320 2607 2636 2666 corruptum
2666 2599 2822 2666 vulgo
2845 2599 3129 2653 ostendere
3149 2601 3399 2654 voluisse.

1856 2686 1912 2738 El
1950 2688 2065 2741 haec
2098 2704 2261 2757 porro
2292 2689 2361 2742 ita
2395 2704 2451 2741 se
2498 2687 2716 2741 habent.

1921 2776 2028 2830 LV.
2052 2779 2117 2830 At
2146 2781 2408 2832 scelerum
2435 2780 2576 2833 ultor
2611 2782 2769 2843 Deus,
2806 2780 2944 2835 haud
2985 2784 3163 2857 segnis
3208 2784 3401 2838 vindex

1848 2864 1977 2932 justi
2010 2864 2134 2919 fuit.
2161 2866 2449 2933 Postquam
2473 2869 2618 2921 cnim
2646 2870 2745 2921 viri
2776 2874 2951 2937 magni
2987 2887 3145 2924 suasu
3175 2873 3405 2940 impera-

1856 2967 1967 3009 tum
1998 2964 2100 3019 est.
2131 2971 2197 3010 ne
2226 2958 2277 3010 in
2308 2972 2421 3019 eos.
2446 2959 2536 3025 qui
2588 2961 2667 3012 rei
2720 2960 2842 3014 facti
2877 2965 3153 3030 suppliciis
3205 2965 3402 3018 addicti

1857 3046 2089 3103 fuerant.
2126 3045 2266 3099 ultra
2286 3044 2653 3109 desaeviretur,
2684 3048 2896 3115 ipsique
2925 3062 3028 3100 una
3073 3049 3231 3102 simul
3264 3065 3396 3103 con-

1857 3134 2127 3195 sisterent,
2159 3142 2381 3199 repente
2411 3134 2644 3196 nimbus.
2677 3136 2911 3189 tenebrae
2933 3174 2945 3197 ,
2987 3150 3195 3189 necnon
3245 3147 3396 3191 atrox

202 3226 389 3286 σκότος
428 3226 517 3276 καὶ
545 3202 883 3295 άνεμοςντῆς
931 3202 1043 3297 γῆς.
1070 3228 1441 3297 άναφυσηθεὶς
1494 3202 1748 3303 περιέσχε
1780 3202 1821 3261 c
1857 3238 1885 3273 τ

1711 3244 1748 3303 ξι
1780 3202 1821 3261 ⁸)
1857 3231 2051 3275 ventus
2080 3230 2235 3276 terra:
2262 3223 2430 3276 nimio
2460 3221 2639 3276 ﬂantis
2670 3224 2879 3290 fragore
2925 3226 3151 3280 miseros
3183 3228 3397 3285 invasit,

200 3312 324 3375 τοὺς
359 3315 597 3377 ἀθλίους,
639 3317 730 3367 καὶ
762 3317 943 3385 γνόφῳ
976 3317 1129 3385 βαθεῖ
1175 3318 1273 3379 τὰς
1304 3317 1453 3385 ὄψεις
1491 3323 1748 3389 περιεκάο

200 3402 389 3470 λύψεν,
420 3401 559 3454 ὥστε
582 3403 673 3454 καὶ
699 3403 874 3454 δοκεῖν
897 3403 1191 3456 διαττᾱσαν
1216 3406 1313 3470 τὴν
1342 3406 1443 3471 γῆν
1471 3408 1529 3457 έν
1555 3408 1741 3474 ἑαυτῇ,

201 3490 345 3543 καθα
381 3491 546 3543 πάλαι
584 3491 760 3543 Δαθάν
783 3492 877 3543 καὶ
919 3491 1180 3561 Ἀὁηρὼν,
1228 3496 1319 3545 καὶ
1380 3495 1601 3556 τούτους
1630 3495 1753 3556 τοὺς

198 3579 478 3647 δυστυχεῖς
503 3582 797 3649 περισχεῖν.
821 3582 883 3633 Ol
904 3580 959 3631 δι
988 3582 1267 3650 παρόντες,
1300 3582 1469 3635 ταῦτα
1497 3584 1751 3653 δρῶντες,

202 3672 297 3731 τας
326 3672 509 3739 χεῖρας
547 3673 623 3732 είς
652 3670 879 3738 οὐρανὸν
932 3670 1159 3735 ἔτεινον,
1212 3671 1363 3725 οὺδλν
1422 3673 1613 3735 αὐτοὺς
1644 3674 1751 3726 τῶν

203 3758 509 3825 Σοδομιτῶν
540 3758 851 3821 ἐλπίζοντες
882 3759 1167 3813 πείσεσθαι
1205 3759 1585 3829 μετριώτερον.
1617 3760 1751 3813 Μετ’

202 3850 260 3900 ού
296 3851 428 3903 πολὺ
457 3851 512 3903 δὲ
541 3851 632 3903 τοῦ
666 3852 861 3918 γνόφου
888 3852 1095 3903 ἐκείνου
1123 3855 1215 3903 καὶ
1242 3853 1337 3920 τῆς
1364 3852 1587 3921 θυέλλης
1634 3854 1749 3905 δια-

198 3938 478 4007 λυθείσης,
524 3939 748 4007 μέλανες
804 3940 1002 4001 πάντες
1045 3941 1291 4010 ιωρῶντο
1323 3943 1383 3993 τὸ
1440 3943 1749 4011 πρόσωπον,

200 4029 345 4097 πλὴν
381 4032 442 4081 οὐ
473 4032 670 4091 πάντες
727 4029 811 4081 ἐπ’
842 4030 983 4099 ῖσης,
1014 4031 1128 4081 ἀλλ’
1154 4032 1203 4082 oi
1239 4031 1336 4098 μὲν
1368 4032 1485 4092 τῶν,
1510 4032 1748 4101 παρειῶν

201 4119 301 4187 τὴν
330 4120 539 4187 ἑτέραν,
571 4122 617 4170 οί
647 4120 703 4171 δὶ
738 4122 831 4172 καὶ
888 4122 1051 4188 ἄμφω
1114 4121 1469 4188 μελανθείσας
1529 4125 1751 4190 ὁμοίως,

202 4208 433 4261 Σαϐίνου
456 4210 509 4261 δὲ
535 4212 624 4260 καὶ
656 4211 1058 4279 Κρισκεντίνου,
1087 4211 1147 4262 οὐ
1171 4211 1237 4262 τά
1272 4212 1533 4280 πρόσωπα
1562 4216 1738 4281 μόνον,

202 4302 342 4356 ἀλλὰ
375 4300 438 4369 δὴ
479 4302 568 4352 καὶ
617 4301 683 4352 τὰ
733 4302 881 4369 χείλη
945 4299 1338 4355 πελιδνωθέντα
1389 4304 1645 4373 παρείθη.
1673 4305 1752 4369 ὡς

204 4396 346 4462 μήτε
380 4393 701 4461 συσφίγγειν
734 4393 868 4446 αὐτὸ
904 4393 1039 4461 μήτε
1074 4392 1179 4462 μὴν
1205 4393 1385 4448 λαλεῖν
1413 4394 1547 4458 ὅλως
1588 4396 1751 4451 δύνα-

1858 3317 2114 3378 tantaque
2128 3310 2364 3364 obducta
2381 3312 2605 3379 caligine
2628 3314 2837 3365 illorum
2852 3325 3102 3381 aspectus
3113 3318 3394 3384 Oppressit.

1859 3404 1916 3449 ut
1948 3407 2145 3450 terram
2182 3398 2235 3450 in
2274 3398 2502 3466 seipsam
2528 3413 2771 3453 eversam
2811 3411 2970 3468 atque
3008 3403 3273 3464 coliisam,
3300 3405 3401 3456 llos

1861 3500 1968 3539 non
1995 3486 2169 3548 aliter,
2200 3495 2360 3553 atque
2383 3487 2721 3541 Datbanolim
2776 3500 2830 3542 et
2870 3491 3095 3555 Abiron,
3134 3492 3399 3561 dcglutire

1861 3574 2109 3629 dixisses.
2183 3574 2287 3640 Qui
2329 3590 2459 3628 vero
2520 3588 2813 3642 pra-sentes
2866 3576 2993 3631 bare.
3033 3579 3397 3638 intuebantur.

1858 3678 2051 3718 manus
2073 3664 2124 3717 in
2142 3666 2338 3718 celum
2371 3664 2645 3728 tollebant,
2668 3666 2839 3719 nihilo
2865 3667 2969 3720 illis
2993 3668 3397 3729 secundiorem.

1859 3769 2019 3822 quam
2041 3770 2159 3823 qua:
2191 3753 2485 3808 Sodomitis
2506 3755 2636 3808 olim
2667 3756 2957 3820 acciderat,
2990 3758 3257 3812 fortunam
3284 3760 3397 3813 fore

1859 3845 2080 3899 ominati
2105 3854 2250 3898 sunt.
2288 3845 2404 3898 Non
2436 3845 2608 3900 multo
2635 3855 2755 3914 post
2794 3848 3025 3916 caligine
3076 3850 3396 3917 turbineque

1858 3935 2136 3989 desinente
2170 3950 2380 3999 omnes,
2410 3950 2717 4005 quanquam
2748 3952 2855 3990 non
2884 3952 3056 4006 teque,
3093 3940 3230 4007 nigri
3264 3940 3395 3994 facie

1856 4040 2173 4092 apparuere.
2228 4026 2330 4077 Alii
2378 4026 2642 4092 siqidem
2677 4028 2903 4081 alteram
2949 4043 3161 4097 genam.
3209 4032 3394 4084 ambas

1855 4100 1944 4169 alii
1985 4116 2163 4184 nigras
2181 4115 2406 4169 habent.
2436 4116 2636 4169 Sabino
2665 4131 2793 4170 vero
2823 4132 2884 4172 ac
2912 4118 3259 4174 Crescentino
3287 4136 3392 4174 non

1858 4204 2016 4257 modo
2038 4205 2220 4267 facies,
2254 4219 2442 4258 verum
2464 4206 2625 4259 etiam
2654 4206 2792 4259 labia
2818 4218 2939 4261 atro
2970 4210 3153 4262 colore
3180 4207 3376 4263 infecta

1855 4303 1983 4349 sunt
2009 4296 2223 4355 relicta.
2252 4305 2312 4349 ut
2341 4311 2444 4350 nec
2469 4296 2558 4350 illa
2586 4298 2978 4367 constringere.
3009 4314 3107 4353 nec
3165 4301 3231 4353 iis
3278 4316 3392 4353 om-

1855 4386 1987 4440 nino
2022 4388 2314 4454 quidquam
2368 4386 2514 4455 loqui
2563 4387 2770 4443 liceret.
2820 4388 2907 4443 Sic
2965 4388 3145 4443 divina
3183 4391 3391 4459 jnstitia

206 4480 355 4533 σθαι·
378 4479 523 4532 οὕτω
558 4479 762 4547 πικρῶς
798 4482 831 4548 ἠ
862 4479 984 4550 δίκη
1022 4482 1146 4544 τοὺς
1190 4482 1407 4545 ἀδίκους
1466 4483 1747 4553 μετῆλθεν.
1783 4496 1827 4551 υ
1858 4491 1892 4530 It

1703 4502 1747 4540 ν,
1783 4496 1827 4551 υ
1858 4476 2110 4531 acerbum
2136 4474 2203 4529 de
2229 4475 2442 4543 iniustis
2484 4476 2806 4545 supplicium
2838 4479 3088 4546 sumpsit.
3138 4479 3219 4531 Ad
3276 4479 3389 4531 hac

217 4572 281 4622 Ἦ
324 4570 380 4623 δέ
420 4586 480 4637 γε
518 4570 728 4631 σύνοδος
766 4570 1047 4639 περίφοδοι
1097 4572 1377 4638 γεγονότες
1432 4573 1753 4643 ἀνέκραγον·

204 4660 321 4712 Νῦν
348 4659 667 4727 ιγνώκαμιν
690 4661 768 4712 ὅτι
807 4662 977 4713 ἔσωσε
1036 4658 1234 4731 Κύριος
1268 4661 1358 4714 τὸν
1388 4661 1616 4731 Χριστὸν
1658 4666 1755 4716 αὑ-

205 4750 326 4812 τοῦ,
389 4750 481 4800 καί
518 4749 817 4817 ἐπήκουσεν
844 4751 903 4815 ἐξ
947 4750 1174 4819 οὐρανοῦ
1209 4751 1365 4819 ἡγίου
1410 4751 1572 4806 αὐτοῦ
1633 4770 1645 4783 ·
1695 4757 1752 4809 ιν

206 4841 551 4905 δυναστείαις
576 4844 610 4913 ὴ
637 4843 878 4913 σωτηρία
908 4845 1004 4913 τῆς
1028 4843 1209 4911 δεξιάς
1233 4845 1419 4899 αὑτοῦ.
1451 4844 1632 4901 Ταῦτα
1658 4850 1748 4901 sl-

206 4929 429 4995 πάντες,
454 4932 559 4983 τῶν
592 4931 685 4984 τοῦ
712 4932 1011 5001 Γρηγορίου
1070 4936 1309 4998 γονάτων
1368 4934 1599 5005 είχοντο,
1658 4940 1750 4993 καὶ

211 5018 353 5087 ὑπὲρ
400 5018 574 5074 αὐτῶν
621 5021 835 5091 θερμῶς
870 5022 1096 5077 ἐδέοντο·
1135 5025 1164 5076 ό
1186 5025 1242 5078 δὲ
1277 5028 1583 5081 τουναντίον
1611 5030 1749 5097 μάλ-

211 5107 301 5160 λον
335 5110 495 5173 αὐτὸς
525 5111 755 5165 ἑκάστου
786 5114 896 5177 τοῖς
925 5113 1053 5168 ποσὶ
1097 5117 1456 5184 προσπίπτων
1510 5116 1752 5171 ἁθλιότα-

210 5217 303 5255 τον
327 5203 542 5257 πάντων
580 5205 774 5259 ἑαυτὸν
798 5206 1081 5275 ἀπεκάλει,
1107 5208 1202 5262 καὶ
1245 5208 1382 5262 αὐτὰ
1422 5209 1487 5279 δὴ
1533 5211 1602 5263 τὰ
1658 5211 1748 5263 τοῦ

210 5293 373 5347 Δαυῖδ
392 5294 683 5365 εφθέγγετο
703 5300 945 5368 ῥήματα·
974 5316 993 5350 s
1015 5297 1156 5367 Ἐγώ
1170 5300 1287 5368 ειμι
1308 5298 1520 5371 σκώληξ
1539 5302 1631 5354 καὶ
1648 5302 1748 5354 ούκ

210 5383 518 5455 ἄνθρωπος,
543 5388 735 5451 δνειδος
762 5388 1062 5459 ἀνθρώπων
1084 5392 1177 5444 καὶ
1198 5391 1531 5461 δεουθένημα
1560 5392 1743 5445 locis

284 5472 427 5540 Νςο.
464 5475 677 5530 Τούτων
704 5476 844 5532 οὕτω
875 5479 1238 5535 τελεσθέντων
1268 5482 1361 5535 ὑπ’
1396 5482 1522 5551 Mm
1572 5499 1749 5551 παρα·-

216 5567 419 5636 στήσας
438 5569 560 5630 τοὺς
592 5570 924 5641 κατηγόρους
968 5574 999 5624 ό
1040 5572 1289 5641 πάππας,
1353 5574 1506 5639 Ἰδοὺ,
1560 5575 1743 5646 φησὶν,

323 5747 367 5777 ⁸³
400 5745 536 5801 Psal.
573 5761 676 5810 xx].
714 5747 770 5801 7.

1852 4574 2079 4620 cunctus
2100 4574 2319 4619 senatus
2344 4566 2657 4625 acclamavit
2686 4586 2697 4620 :
2731 4567 2884 4621 Nunc
2904 4568 3219 4636 agnovimus
3241 4570 3386 4637 quod

1850 4657 2109 4712 Dominus
2138 4665 2359 4710 unctum
2422 4671 2579 4711 suum
2608 4660 2925 4721 servaverit.
2980 4670 3036 4714 et
3083 4660 3389 4714 exaudierit

1850 4762 1993 4811 eum,
2026 4762 2057 4801 e
2080 4748 2218 4801 calo
2243 4762 2341 4801 suo
2360 4757 2570 4809 sancto.
2605 4749 2857 4819 quodque
2914 4750 2969 4804 in
3000 4752 3235 4820 potentia
3260 4751 3390 4805 dex-

1850 4847 1977 4891 tera:
1999 4838 2116 4904 ejus
2144 4846 2227 4891 est
2256 4838 2422 4892 salus.
2454 4838 2579 4893 Bac
2609 4854 2730 4892 cum
2764 4840 2929 4893 locuti
2956 4852 3157 4905 essent,
3188 4840 3389 4910 Grego-

1846 4927 1912 4981 rii
1940 4940 2112 4997 genua
2141 4928 2425 4996 conplexi,
2459 4928 2835 4982 ardentissime
2857 4944 2954 4997 pro
2981 4930 3085 4983 illis
3126 4930 3385 4983 obsecra-

1843 5016 1994 5071 bant.
2028 5016 2222 5071 Contra
2247 5031 2374 5071 vero
2420 5017 2508 5071 ille
2559 5018 2725 5086 magis
2750 5016 2815 5070 ad
2876 5019 3163 5086 cujuslibet
3222 5024 3387 5089 pedes

1849 5107 2254 5176 procumbebat.
2279 5121 2445 5175 seque
2478 5108 2839 5161 miserrimum
2873 5109 3137 5171 omnium,
3169 5109 3394 5165 Davidis

1848 5199 1940 5252 illa
1975 5198 2137 5252 verba
2157 5198 2389 5261 locutus.
2417 5198 2721 5267 appellabat
2756 5216 2770 5253 :
2812 5219 2829 5249 ι
2862 5199 2976 5269 Ego
3005 5216 3124 5255 sum
3160 5204 3381 5265 vermis.

1850 5301 1959 5341 non
2001 5287 2203 5341 homo:
2242 5288 2595 5356 cpprobrium
2651 5289 2950 5354 hominum,
2982 5300 3038 5346 et
3064 5292 3390 5359 contemptio

1853 5378 2132 5445 populi".
2164 5395 2182 5427 ι

1922 5485 2050 5540 LVI.
2081 5486 2174 5540 His
2204 5485 2454 5555 peractis.
2486 5500 2607 5538 cum
2658 5485 2897 5556 pontifex
2951 5501 3091 5539 max.
3127 5486 3399 5540 delatores

1853 5590 2035 5631 coram
2085 5591 2143 5630 se
2186 5576 2505 5632 statuisset:
2546 5574 2704 5642 Ecce,
2748 5576 2949 5644 inquit,
2978 5591 3083 5629 non
3104 5576 3280 5628 animo
3298 5589 3396 5627 su-
