4270 6428
897 418 1000 477 εω
2097 403 2378 462 MEXSIS
2415 403 2843 464 NOVEMBEIL
4010 403 4119 466 965

894 527 1031 584 lum,
1065 520 1158 573 sed
1186 519 1354 570 forma
1389 513 1524 580 patri
1585 518 1764 564 vestro
1797 510 2008 561 Sumne
2063 510 2268 561 similes
2327 511 2450 564 facti
2483 522 2523 570 Α
2553 530 2580 564 ο

2430 511 2450 561 ηἰ
2483 522 2523 570 Α
2553 514 2612 564 οὐ
2648 513 2745 581 τὴν
2777 513 2955 579 ψυχὴν
2989 511 3167 580 μόνον,
3206 511 3340 562 aut
3372 515 3462 561 καὶ
3513 512 3607 579 τὴν
3666 513 3881 579 μορφὴν
3941 514 4116 580 ὅμοιοι

895 613 1045 666 estis.
1081 609 1182 662 Sed
1209 608 1310 660 alia
1350 613 1607 673 pnetcrea
1663 615 1757 654 vos
1809 601 2152 653 miseriarum
2212 605 2450 657 accessio
2555 619 2581 652 τ

2431 620 2450 655 )
2555 603 2633 665 τῷ
2691 602 2861 670 πατρὶ
2911 601 3062 666 ὑ;;ὦν
3099 601 3178 670 τῷ
3236 602 3445 669 Σατανᾷ
3502 601 3784 666 γεγόνατε.
3845 600 4008 652 Ἀλλὰ
4058 618 4117 666 γε

896 710 1094 754 manet.
1127 699 1231 751 Vos
1253 697 1397 750 enim
1425 703 1474 748 et
1510 692 1710 762 posteri
1758 694 1942 753 vestri,
1992 692 2132 744 servi
2163 693 2317 746 eritis
2350 710 2361 752 ;
2397 704 2451 745 et
2552 711 2582 742 π

2433 704 2451 745 ι
2552 692 2685 757 πρὸς
2714 693 2886 760 τούτῳ
2912 693 3004 743 καὶ
3029 691 3214 759 ἕτερόν
3245 707 3296 741 τι
3329 693 3392 758 τῇ
3451 690 3577 757 δίκῃ
3621 690 3868 757 μελήσει,
3933 688 4115 741 δοῦλοι

895 799 1159 860 ιμιοιιμιοι
1186 789 1289 841 hoc
1318 787 1534 856 nigrore
1562 783 1777 851 sigillati
1814 781 2035 844 ﬁtcrint.
2072 784 2442 851 Agrigentinis
2554 800 2581 848 γ

2430 802 2442 836 s
2554 791 2662 851 γάρ
2710 783 2802 833 καὶ
2846 784 3002 849 ὑμεῖς
3063 785 3154 833 καὶ
3207 782 3268 832 τὸ
3308 780 3715 849 κέρμα-ὑμῶν
3763 779 3972 841 ἔσεσθε,
4026 783 4116 829 καὶ

893 878 1160 948 episcopis
1183 878 1386 944 absque
1423 873 1687 942 praefinito
1722 881 1965 940 tempore
1991 874 2259 926 servietis.
2292 873 2447 937 Quod
2547 875 2574 926 ὃ

2430 874 2447 926 Ι
2547 875 2659 926 ὅσοι
2691 873 2754 925 ἂν
2783 873 2924 922 οὕτω
2957 875 3365 940 σεσημασμένοι
3414 872 3672 936 γένωνται
3731 871 3939 924 οἰκέται
4007 873 4116 931 τοῖς

891 974 934 1025 si
963 972 1084 1039 quis
1110 969 1270 1022 vestri
1320 964 1532 1033 generis
1579 966 1811 1032 aliquem
1870 963 2156 1017 sacerdotii
2186 965 2446 1033 dignitate
2551 977 2577 1012 τι

2430 980 2446 1018 3
2551 961 3055 1029 προχειριζομένοις
3102 959 3532 1028 Ἀκραγαντίνων
3583 959 3899 1020 ἐπισκόποις
3953 960 4116 1028 μέχρι

891 1061 1194 1121 donaverit,
1218 1059 1296 1110 vel
1330 1056 1584 1110 Ecclesiae
1617 1053 1847 1122 quodvis
1873 1068 2070 1106 munus
2091 1053 2445 1108 concredide-
2548 1068 2577 1102 τ

2432 1081 2445 1091 -
2548 1052 2748 1112 παντὸς
2778 1051 3010 1105 ἔσονται.
3059 1050 3155 1111 Ὃς
3186 1049 3230 1102 δ’
3269 1049 3477 1102 ἅντινα
3517 1048 3611 1100 τοῦ
3648 1049 3834 1115 γένους
3867 1049 4022 1116 ὑμῶν
4045 1051 4118 1100 ἱε-

892 1156 981 1216 rit,
1043 1153 1205 1219 hujus
1243 1159 1404 1218 caput
1439 1149 1544 1204 diis
1595 1145 1784 1198 inferis
1833 1146 2076 1198 dicamus
2103 1160 2164 1198 ac
2211 1147 2444 1199 devovc-
2551 1161 2578 1213 ρ

2429 1176 2444 1185 -
2551 1143 2743 1213 ρατίας
2772 1143 2899 1211 ἀξία
2937 1141 3230 1210 περιϐάλῃ,
3273 1141 3306 1209 ἢ
3347 1141 3791 1208 ἐκκλησιαστηκῇ
3845 1141 4115 1207 πιστεύσῃ

892 1261 1030 1296 mus.
1062 1241 1183 1293 ll.ec
1208 1240 1295 1292 ille
1321 1235 1460 1290 haud
1488 1236 1634 1289 serio
1658 1249 1774 1286 mea
1792 1235 2059 1286 sententia
2078 1234 2232 1286 dixit.
2257 1233 2445 1300 Neque
2547 1235 2574 1285 δ

2431 1248 2445 1285 3
2547 1235 2812 1303 διακονίᾳ,
2849 1233 3038 1285 τοῦτον
3056 1234 3213 1301 ἡμεῖς
3245 1231 3663 1300 ἑκκηρύττομεν
3702 1233 3793 1283 καὶ
3811 1229 4117 1298 ἁναθέματι

887 1337 1035 1386 enim
1073 1335 1154 1384 liis
1206 1333 1256 1383 in
1285 1329 1470 1381 eadem
1512 1340 1670 1378 causa
1703 1325 2123 1392 pronuntiasset,
2156 1339 2276 1375 cum
2307 1324 2444 1376 Gre-

887 1427 1073 1494 gorius
1101 1421 1395 1491 praesertim
1428 1434 1534 1471 non
1574 1425 1876 1485 pateretur,
1913 1415 2006 1483 qui
2061 1415 2275 1466 illorum
2325 1413 2443 1466 ani-

888 1533 1004 1570 mos
1033 1516 1309 1576 territans,
1357 1508 1736 1578 desperatione
1792 1510 1982 1575 plenos
2034 1506 2442 1558 moderabatur.

888 1609 1074 1674 Neque
1125 1606 1296 1662 enim,
1332 1602 1434 1654 nisi
1473 1601 1656 1653 animo
1707 1601 1779 1652 ita
1807 1598 1986 1652 affecti
2013 1597 2264 1657 fuissent,
2302 1597 2442 1648 baud

887 1699 1023 1751 adeo
1081 1696 1376 1748 vehemens
1436 1693 1487 1744 in
1563 1705 1658 1744 cos
1703 1690 1794 1743 Dei
1847 1687 2122 1741 iracundia
2175 1687 2442 1740 concitata

889 1791 1102 1842 fuisset.
1136 1791 1209 1838 Ae
1236 1786 1271 1838 ii
1329 1783 1544 1852 quidem
1571 1782 1637 1835 iis
1659 1782 1749 1849 qui
1781 1789 2047 1848 prmerant
2088 1777 2290 1838 traditi,
2322 1793 2446 1844 pro-

890 1879 977 1932 cul
1014 1893 1042 1930 a
1067 1877 1180 1930 suis
1213 1875 1344 1926 locis
1372 1871 1589 1925 abducti
1615 1871 1786 1923 fuere.
1820 1871 1887 1920 At
1914 1867 2090 1936 puella
2149 1866 2234 1918 ilia
2280 1865 2438 1934 Agri-

885 1980 1104 2040 gentum
1135 1967 1407 2019 civitatem
1463 1978 1566 2014 non
1604 1964 1742 2014 ultra
1769 1960 1953 2013 videre
2012 1959 2287 2021 sustinuit,
2341 1957 2443 2012 sed

885 2059 1266 2114 omniornatui
1302 2055 1625 2115 valedicens,
1663 2067 1787 2106 cum
1850 2052 1998 2118 prius
2043 2050 2110 2103 ab
2164 2047 2437 2116 episcopis

888 2154 965 2206 uti
996 2168 1090 2220 pro
1118 2167 1172 2203 se
1193 2157 1430 2209 orarent,
1461 2150 1819 2214 impetrasset,
1855 2145 1908 2194 in
1930 2141 2212 2209 collegium
2242 2140 2301 2191 D.
2321 2139 2439 2193 Ca:-

888 2247 1026 2298 eilia:
1053 2242 1453 2310 cooptabatur:
1497 2241 1548 2292 in
1581 2253 1690 2306 quo
1741 2238 1879 2290 duos
1925 2250 1988 2288 ac
2034 2235 2222 2293 viginti
2271 2247 2440 2287 annos

887 2337 1104 2390 assidue
1139 2353 1201 2387 ac
1227 2334 1570 2386 continenter
1605 2333 1814 2390 vivens,
1841 2327 2235 2380 medicamento
2265 2324 2438 2391 [νωιιὶ-

890 2429 1091 2486 tentize.
1149 2436 1208 2478 ut
1235 2425 1465 2476 maxime
1498 2429 1730 2490 poterat,
1760 2417 1971 2486 priores
1993 2416 2280 2484 detergens
2325 2428 2438 2466 ma-

888 2520 1054 2577 culas,
1083 2517 1147 2569 ad
1190 2517 1464 2568 Ctelestem
1513 2528 1674 2578 quem
1731 2518 2013 2577 tantopere
2067 2506 2439 2573 concupierat,

888 2617 1182 2662 amatorem
1209 2607 1301 2658 Dei
1333 2605 1661 2673 benignitate
1688 2601 1957 2670 migravit.
1990 2599 2054 2652 Et
2082 2599 2193 2651 lucc
2217 2597 2435 2665 quidem

890 2700 989 2751 hac
1023 2699 1226 2752 ratione
1254 2696 1400 2748 finita
1433 2705 1575 2748 sunt.

965 2956 1116 3009 |.Vll.
1147 2955 1346 3008 Deinde
1383 2953 1618 3022 pontifex
1672 2967 1815 3006 mas.
1879 2949 2174 3011 mandavit,
2214 2960 2270 3002 ut
2309 2952 2437 3001 Gre-

892 3047 1078 3113 gorius
1111 3043 1361 3110 mysteria
1387 3057 1481 3094 sua
1512 3049 1813 3108 perageret.
1869 3038 1968 3092 Ubi
2007 3038 2096 3105 qui
2128 3038 2438 3090 divinorum

892 3133 1275 3187 sacrificiorum
1332 3131 1623 3198 participes
1649 3129 1823 3191 fuere,
1859 3128 2107 3181 convivio
2130 3130 2195 3180 ab
2248 3128 2437 3180 eodem

893 3222 1157 3290 pontifice
1184 3221 1550 3274 communiter
1586 3229 1716 3271 sunt
1739 3218 1949 3284 excepti
1989 3233 2003 3280 ;
2041 3231 2101 3269 ac
2157 3225 2268 3268 tum
2325 3219 2444 3284 qui-

893 3315 1016 3367 dem
1044 3315 1121 3366 sic
1155 3310 1568 3366 comitantibus
1594 3307 1836 3378 pontifex
1871 3306 2004 3360 uiltil
2035 3306 2180 3360 aliud
2208 3305 2438 3361 addidit.

893 3403 1158 3458 Ceterum
1204 3401 1464 3472 postridie
1495 3402 1611 3470 ejus
1643 3399 1750 3452 diei
1792 3398 2107 3467 Gregorium
2138 3401 2442 3463 accersivit,

897 3511 958 3548 ae
985 3496 1030 3546 ei
1065 3509 1174 3546 rem
1203 3493 1490 3562 quamdam
1517 3490 1757 3558 exponit,
1785 3503 1904 3556 qua:
1927 3489 2057 3543 solis
2107 3490 2223 3557 ejus
2265 3489 2447 3556 preci-

895 3585 1020 3647 bus,
1051 3584 1376 3650 fiduciaque,
1401 3596 1506 3649 qua
1558 3581 1610 3632 in
1641 3580 1808 3633 Deum
1879 3580 2112 3647 plurima
2165 3578 2441 3647 ﬂagrabat,

895 3675 1181 3742 indigi-ret.
1217 3673 1272 3725 id
1322 3680 1500 3724 autem
1535 3671 1636 3724 hoc
1663 3684 1833 3738 genus
1854 3677 1971 3722 erat
1997 3685 2010 3720 :
2035 3667 2201 3736 Ligna
2226 3669 2443 3737 quidam

893 3765 1122 3816 maxima
1156 3764 1210 3813 in
1239 3759 1441 3813 ﬂumen
1469 3759 1711 3822 immisit,
1741 3766 1798 3809 ut
1838 3770 2174 3810 summorum
2228 3767 2444 3826 aposto-

891 3857 1068 3908 lorqu
1113 3853 1311 3919 templo
1355 3850 1566 3903 ornatui
1597 3848 1755 3901 simul
1780 3862 1842 3900 ac
1886 3848 2163 3901 securitati
2218 3857 2419 3902 essent.

898 3943 1020 3995 ll;ec
1057 3957 1185 3994 vero
1211 3941 1280 3992 ita
1309 3941 1527 4007 oblique
1547 3940 1896 4000 circumacta,
1940 3953 2003 3990 ac
2024 3938 2280 4003 utrinque
2302 3941 2445 4005 ripas

895 4033 1175 4100 complexa
1207 4039 1355 4091 sunt,
1386 4037 1445 4081 ut
1497 4028 1662 4080 nullis
1710 4026 1877 4079 clavis
1923 4025 2021 4077 fisa
2055 4036 2171 4077 .aut
2225 4025 2444 4080 suffulta

894 4133 1096 4183 essent,
1146 4131 1258 4174 uta
1333 4119 1571 4180 nemine,
1619 4119 1865 4186 quamvis
1921 4116 2212 4168 multorum
2249 4118 2444 4185 sapius

896 4211 1145 4264 manibus
1201 4208 1398 4261 acriter
1448 4216 1773 4276 pertentata,
1826 4206 2089 4259 dimoveri
2145 4207 2437 4274 potuerint.

896 4299 1000 4351 Sed
1031 4312 1205 4365 neque
1230 4297 1500 4366 navigium
1529 4296 1769 4363 aliquod,
1795 4304 1889 4348 aut
1912 4295 2186 4348 mercibus
2206 4305 2298 4349 aut
2321 4298 2442 4349 aliis

897 4390 1084 4443 usibus
1110 4389 1600 4449 accommodatum,
1633 4401 1846 4439 sursum
1881 4395 1973 4438 aut
2009 4386 2257 4439 deorsum
2295 4389 2443 4439 navi-

2549 1325 3016 1391 παραπέμπομεν.
3046 1322 3231 1384 Οὕτως
3252 1323 3474 1382 ἐκεῖνος
3523 1323 3622 1372 οὐκ
3674 1322 3781 1372 ἀπὸ
3853 1321 4117 1387 σπουδῆς,

2548 1415 2621 1474 ὡς
2651 1415 2776 1482 ἐμοὶ
2795 1415 2960 1475 δοκεῖ,
2992 1413 3185 1481 λέγων,
3227 1413 3346 1465 οὐδὲ
3388 1413 3495 1482 γὰρ
3538 1413 3604 1466 ἂν
3630 1414 3878 1466 ἀπέδωκε
3911 1414 3994 1474 ὄις
4027 1417 4118 1465 ιπι

2548 1505 2611 1556 τὺ
2651 1507 2804 1570 αὐτὸ,
2839 1506 3013 1568 ἄλλως
3041 1522 3102 1558 τε
3146 1506 3232 1558 ὅτε
3262 1505 3396 1574 μηδὲ
3447 1507 3483 1556 Γ
3491 1507 3741 1573 ρηγόριος
3791 1505 4113 1574 συνεχώρει,

2549 1596 2686 1648 ἀλλὰ
2712 1596 2792 1664 τῷ
2821 1597 2972 1665 φόϐῳ
2997 1597 3306 1649 κατασείων
3330 1596 3509 1649 αὐτῶν
3547 1599 3643 1657 τὰς
3667 1596 3843 1663 ψυχὰς
3868 1598 3962 1646 καὶ
4013 1612 4114 1646 σωο

2549 1687 2819 1754 φρονίζων
2882 1690 2965 1740 ἑτι
3035 1688 3293 1750 ἀπονοίας
3335 1688 3490 1750 ὄντας
3539 1687 3786 1753 μεστούς.
3826 1687 3963 1739 Οὐδὲ
4010 1690 4115 1753 γὰρ

2553 1780 2602 1828 εί
2640 1777 2714 1844 μὴ
2738 1777 2830 1829 τὸν
2861 1779 2983 1830 γοῦν
3013 1779 3153 1830 οὕτω
3168 1777 3451 1838 διέκειντο,
3477 1779 3575 1829 ούκ
3619 1779 3684 1830 ἂν
3717 1779 3915 1839 αὐτοὺς
3941 1779 4113 1836 οὔτως

2551 1868 2722 1938 ούὸὶή
2750 1867 2867 1920 θεία
2891 1869 3015 1936 δίκη
3053 1870 3377 1937 μετὴρχετο.
3410 1863 3570 1920 Οὗτοι
3610 1868 3707 1936 μὶν
3739 1864 3854 1932 οὖν,
3878 1871 3992 1928 τοῖς
4017 1869 4109 1935 ἆρ-

2553 1977 2706 2027 χιιυσι
2732 1960 3148 2028 παραδοθέντες,
3170 1962 3288 2020 ταῖς
3317 1959 3475 2020 ίδίσις
3513 1959 3713 2021 οίκίαις
3735 1961 4113 2023 ἀποκατέστη-

2552 2065 2672 2102 σαν.
2717 2050 2780 2101 Ἦ
2810 2050 2868 2101 δέ
2899 2065 2961 2114 γε
2996 2050 3128 2118 κόρη
3159 2048 3362 2117 ἐκείνη,
3390 2049 3487 2117 τὴν
3543 2048 3640 2116 μὲν
3674 2049 4112 2116 ’Δκραγαντίνωι

2554 2139 2708 2191 πόλιν
2757 2138 2876 2192 οὐδὲ
2933 2139 3062 2190 ίδεῖν
3107 2140 3423 2208 ύπέμεινειν
3477 2140 3577 2190 έτι·
3621 2139 3808 2208 κόσμῳ
3859 2139 3918 2190 δὲ
3951 2140 4112 2190 παν.ὶ

2553 2230 2941 2300 ἀποταξαμένη
2975 2232 3067 2282 καὶ
3100 2231 3254 2299 παρὰ
3284 2230 3392 2282 τῶν
3427 2231 3740 2281 ἐπισκόπων
3775 2229 3966 2280 αὐτόθι
4006 2228 4112 2279 τῶν

2553 2321 2800 2390 συνήθων
2859 2323 3149 2387 ἀξιωθεῖσα
3189 2321 3388 2390 εὐχῶν,
3411 2323 3468 2373 ιν
3503 2323 3570 2391 τῇ
3617 2324 3752 2391 μονῇ
3796 2321 3897 2390 τῆς
3951 2323 4110 2388 ἁγίας

2553 2408 2821 2476 Κηκιλίας
2855 2409 3086 2476 φιλοθέῳ
3127 2409 3373 2478 λογισμῷ
3409 2411 3676 2477 κείρεται,
3727 2413 3784 2461 ὲν
3879 2411 3974 2461 δύο
4022 2415 4111 2461 καὶ

2549 2500 2754 2550 εἴκοσιν
2792 2499 2884 2563 [an
2921 2501 3058 2552 πάνυ
3091 2499 3375 2568 προσεχῶς
3404 2517 3462 2552 τε
3485 2502 3578 2553 καὶ
3614 2502 3904 2570 ἔγκρατώς
3938 2501 4109 2569 ζησα·

2554 2607 2642 2652 σα,
2684 2591 2780 2642 καὶ
2814 2591 3051 2660 ὑσσώπῳ
3080 2592 3364 2660 μετανοίας
3395 2592 3466 2653 ὠς
3488 2587 3599 2645 οἷόν
3629 2609 3686 2644 τε
3713 2594 3810 2654 τὰς
3834 2593 4109 2661 προτέρας

2555 2681 2775 2748 κηλῖδας
2811 2682 3230 2749 ἀποκαθάρασα,
3283 2683 3420 2750 πρὸς
3469 2683 3529 2733 δν
3575 2683 3801 2752 ἔσχατον
3872 2683 4108 2749 ὲπιθησε

2553 2770 2792 2838 ἐραστὴν
2823 2771 3088 2838 θεοφιλῶς
3128 2771 3484 2840 ἐξεδήμησεν.
3526 2772 3633 2824 Καὶ
3663 2771 3838 2825 ταῦτα
3866 2773 3966 2841 μὲν
3987 2774 4111 2824 τοῦ-

2552 2874 2640 2910 τον
2671 2859 2794 2927 ἔσχε
2823 2860 2914 2913 τδν
2943 2861 3162 2930 τρόπον.

2625 2949 2746 3001 ΝΖ’.
2779 2951 2857 3018 Τῇ
2889 2951 2944 3000 δὲ
2975 2951 3099 3018 ἑξῆς
3127 2953 3154 3002 ό
3200 2951 3426 3013 πάππας
3476 2953 3758 3020 ἐπιτρέπει
3787 2953 3864 3024 τῷ
3899 2955 4108 3022 Γρηγο-

2561 3039 2660 3106 ρέῳ
2689 3040 2786 3106 τὴν
2826 3041 2980 3107 ἱερὰν
3009 3041 3286 3094 ἐκτελέσαι
3332 3045 3745 3110 μυσταγωγίαν,
3813 3045 3871 3095 ιν
4004 3047 4112 3096 τῶν

2552 3128 2712 3180 θείων
2746 3131 3058 3198 μυστηρίων
3086 3131 3478 3198 μεταλαϐόντες
3511 3134 3607 3184 καὶ
3632 3133 3819 3201 κοινῆς
3860 3138 4111 3202 μετεῖχον

2546 3220 2846 3288 τραπέζης.
2879 3222 2983 3272 Καὶ
3009 3222 3072 3272 τό
3109 3238 3167 3273 τε
3198 3221 3298 3289 μὲν
3319 3221 3490 3285 οὕτως
3525 3225 3920 3292 εὐωχουμένοις
3956 3225 4110 3278 οὐδὲν

2548 3306 2736 3374 ιτερον
2765 3311 2792 3358 ό
2824 3308 3054 3369 πάππας
3086 3309 3434 3377 προστίθησι’
3461 3313 3525 3378 τῇ
3561 3311 3618 3362 δὲ
3645 3311 3906 3379 ὑστεραίᾳ
3935 3327 4108 3378 μετα-

2549 3397 2905 3468 πεμψάμενος
2928 3399 3019 3449 τὸν
3054 3397 3352 3466 Γρηγόριον
3381 3402 3614 3468 πρᾶγμά
3643 3417 3697 3451 τι
3729 3399 3877 3468 αὐτῷ
3896 3401 4108 3468 διηγεῖ-

2548 3503 2660 3551 ται,
2687 3488 2862 3556 μόνων
2899 3488 3006 3540 τῶν
3047 3488 3256 3541 ἑκείνου
3307 3489 3626 3560 προσευχῶν
3662 3491 3758 3541 καὶ
3808 3489 3905 3559 τῆς
3969 3491 4111 3558 πρὸς

2547 3579 2683 3630 θεὸν
2713 3579 3022 3649 παρρησίας
3049 3581 3243 3648 κομιδῆ
3266 3580 3539 3648 δεόμενονο
3580 3581 3642 3631 τὸ
3675 3579 3730 3632 δὲ
3765 3574 3836 3648 ἦν
3879 3580 4107 3631 τοιόνδευ

2551 3668 2686 3731 ξύλα
2707 3685 2791 3733 τις
2825 3673 3056 3739 μέγιστα
3087 3671 3352 3739 διαφῆκεν
3385 3672 3442 3721 ἐν
3490 3670 3568 3738 τῷ
3609 3670 3838 3740 ποταμῷ
3889 3673 3970 3734 είς
4012 3671 4107 3720 κέ-

2550 3777 2683 3829 σμον
2717 3761 2833 3828 ἃμα
2863 3763 2960 3812 καὶ
2991 3761 3292 3828 ἀσφάλειαν
3323 3762 3461 3814 αὐτὰ
3499 3762 3723 3830 πέμψας
3769 3760 3846 3828 τῷ
3871 3760 3980 3811 τῶν
4017 3777 4109 3811 κο-

2550 3851 2792 3918 ρυφαίων
2809 3850 2939 3921 ναῷ·
2960 3851 3027 3904 τὰ
3044 3852 3100 3904 δὲ
3122 3851 3262 3904 οὕτω
3283 3854 3440 3920 τυχὸν
3463 3852 3666 3919 πλάγια
3685 3854 4109 3922 περιενεχθέντα

2546 3944 2640 3994 καὶ
2666 3943 2932 4011 ἑκατέρας
2965 3943 3062 4004 τὰς
3094 3942 3261 4010 ὄχθας
3313 3941 3675 3995 διαλαϐόντων
3722 3943 3853 3996 ἄνευ
3903 3945 4106 4012 δεσμοῦ

2545 4031 2816 4099 ἐρήρειτο.
2872 4031 3056 4083 Ταῦτα
3105 4033 3202 4100 οὐχ
3242 4033 3365 4084 ὅσον
3409 4033 3839 4102 μετακινηθῆναι
3876 4035 4108 4096 πολλαῖς

2546 4121 2802 4182 πολλάκις
2829 4120 3160 4189 βιαζομένων
3191 4122 3373 4189 χερσὶν
3405 4121 3654 4189 οὐδαμῶς
3675 4122 3960 4190 ἠδύναντο,
3987 4125 4105 4177 ἀλλ·

2542 4208 2663 4260 οὔτε
2681 4227 2732 4261 τι
2755 4209 2860 4261 τῶν
2878 4213 2995 4262 κατ’
3013 4211 3281 4278 ἐμπορίαν
3301 4211 3546 4281 πλοίωνῆ
3567 4213 3730 4282 ἄλλην
3750 4216 3872 4267 τινὰ
3896 4218 4105 4284 χρείαν,

2544 4299 2668 4351 οὗτε
2691 4300 2958 4352 είσπλέειν
2977 4299 3096 4352 οὔτε
3119 4301 3216 4366 μὲν
3235 4301 3480 4354 ἐκπλέειν
3496 4303 3750 4356 ὃιάὺτῶν
3767 4305 3950 4374 ἴσχυον
3965 4307 4105 4359 ὥστε

2543 4392 2602 4442 ού
2637 4391 2840 4458 μικρὰν
2859 4391 2996 4442 αὐτὰ
3041 4392 3323 4460 συμφορὰν
3346 4395 3392 4444 οἱ
3419 4394 3516 4462 τῆς
3559 4394 3761 4457 πόλεως
3801 4397 4104 4454 ἐποιοῦντο.

896 4495 1022 4549 gare
1057 4478 1144 4532 bis
1167 4478 1418 4531 obicibus
1470 4487 1682 4544 poterat
1717 4495 1729 4538 ;
1771 4475 1977 4530 idcirco
2028 4491 2132 4529 non
2185 4477 2438 4546 exiguum
2469 4485 2522 4542 ι)
2550 4484 2574 4532 'l

2420 4493 2438 4529 ι
2469 4485 2522 4542 D
2550 4481 2716 4533 Ἰὀῦτο
2737 4480 2828 4533 οὖν
2847 4483 2874 4534 δ
2901 4483 3125 4544 πάππας
3137 4483 3280 4552 αὐτῷ
3301 4483 3536 4553 διηγεῖτο
3555 4487 3825 4540 καὶδεῐται
3843 4497 3991 4558 παρὶ
4011 4495 4060 4543 τ’
4081 4512 4106 4541 ν

899 4568 988 4620 illa
1023 4567 1226 4620 civitati
1252 4567 1636 4620 detrimentum
1673 4565 1996 4619 inferebant.
2029 4565 2140 4619 lloc
2171 4566 2331 4635 igitur
2366 4567 2441 4620 illi

899 4659 1134 4725 pontifex
1187 4667 1426 4717 enarrat,
1489 4666 1750 4724 rogatque
1790 4669 1909 4709 sese
1927 4665 1986 4709 ut
2006 4655 2070 4708 ad
2103 4655 2278 4708 locum
2309 4671 2444 4709 reei-

900 4747 1030 4812 piat,
1069 4744 1344 4798 communi
1375 4743 1427 4795 in
1463 4743 1630 4797 Deum
1678 4742 1875 4796 fiducia
1910 4744 2163 4797 omnibus
2221 4753 2441 4797 conten-

899 4839 1172 4898 dentibus,
1202 4846 1262 4888 ut
1303 4845 1359 4888 et
1419 4835 1463 4888 is
1515 4842 1697 4902 optata
1749 4834 2055 4902 perﬁceret.
2084 4835 2245 4888 Facto
2282 4837 2444 4904 igitur

899 4932 1072 4999 signo,
1093 4928 1343 4981 universa
1364 4928 1575 4985 civitas,
1601 4925 1847 4978 monachi
1878 4925 2036 4978 simul
2057 4936 2113 4979 et
2140 4929 2448 4980 sacerdotes

900 5021 1262 5085 confluebant,
1305 5036 1366 5074 ac
1406 5019 1650 5088 speciosa
1685 5033 1878 5086 pompa
1940 5020 2448 5088 supplicationeque

903 5109 967 5162 ad
992 5111 1187 5163 ﬂumen
1210 5109 1628 5163 descenderunt.
1653 5107 2083 5162 Procedentibus
2105 5120 2284 5162 autem
2319 5110 2444 5171 illis,

904 5201 1098 5255 mulier
1139 5201 1380 5268 quadam
1409 5201 1460 5252 in
1499 5202 1580 5252 via
1642 5199 1816 5268 ignem
1871 5200 2158 5254 accendit:
2189 5200 2253 5253 ad
2286 5217 2446 5268 quam

907 5296 988 5347 vir
1018 5303 1239 5348 sanctus
1275 5294 1552 5361 paululum
1589 5308 1647 5346 se
1681 5293 1975 5354 inclinans,
2017 5294 2152 5346 tradi
2183 5294 2284 5346 sibi
2322 5309 2450 5362 pru-

907 5402 1028 5440 nam
1063 5386 1370 5455 imperavit.
1399 5386 1488 5437 Illa
1519 5385 1621 5452 (ad
1651 5386 1769 5453 ejus
1796 5386 1940 5438 enim
1964 5384 2131 5436 solius
2166 5385 2450 5452 imperium

907 5476 1245 5543 attendebat)
1274 5477 1519 5543 protinus
1566 5473 1806 5527 tradidit.
1847 5473 1921 5526 Ac
1970 5473 2059 5526 ille
2119 5473 2173 5525 in
2207 5473 2448 5541 pallium.

905 5584 1011 5636 quo
1044 5577 1160 5622 erat
1194 5568 1431 5630 indutus,
1462 5570 1722 5619 carbones
1749 5565 1988 5628 immisit,
2016 5566 2215 5633 quibus
2255 5565 2450 5618 deinde

907 5660 1031 5710 thus
1056 5658 1334 5724 imposuit.
1366 5657 1527 5710 Acilli
1569 5656 1827 5722 deinceps
1857 5655 2000 5708 tliuri
2055 5654 2310 5723 impositi,
2360 5655 2452 5706 ad-

909 5749 1224 5801 mirabiliter
1268 5749 1528 5802 earbones
1557 5749 1768 5803 accensi
1800 5757 1975 5815 erant,
2013 5747 2186 5815 ipsum
2234 5745 2451 5801 adolen-

2545 4572 2707 4624 τόπον
2721 4571 2989 4638 γενέσθαι,
3007 4575 3157 4642 κοινῇ
3174 4589 3233 4624 τε
3251 4575 3381 4626 πᾶσι
3396 4575 3488 4627 τοῦ
3501 4575 3633 4628 Θεοῦ
3652 4578 3774 4646 περὶ
3797 4580 3978 4632 αὐτῶν
3991 4581 4110 4633 δετ-

2549 4667 2725 4733 μένοις
2749 4665 3101 4718 συλλαϐέσθαι
3121 4667 3213 4718 καὶ
3237 4669 3398 4720 αὐτὸν
3412 4668 3506 4736 τῆς
3530 4670 3715 4740 εὐχῆς.
3736 4672 4108 4740 Κρουσθέντος

2544 4753 2723 4804 τοίνυν
2735 4752 2824 4805 τοῦ
2843 4753 3020 4816 ξύλου,
3037 4754 3148 4822 ἥτε
3173 4756 3324 4817 πόλις
3352 4757 3499 4808 πᾶσα
3525 4761 3838 4826 συνήγοντο,
3883 4766 4108 4830 μοναχοί

2545 4859 2600 4894 τε
2625 4845 2716 4894 καὶ
2740 4845 2904 4913 ἱερεῖς
2921 4843 3015 4895 καὶ
3033 4845 3136 4896 ὑπὸ
3147 4845 3373 4915 λαμπρᾷ
3386 4849 3448 4915 τῇ
3473 4851 3664 4917 πομπῇ
3681 4850 3774 4900 καὶ
3788 4849 3996 4920 λιτανία
4014 4854 4108 4904 επὶ

2548 4933 2636 4981 τὸν
2666 4932 2906 4998 ποταμὸν
2929 4932 3220 5001 κατῄεσαν.
3250 4935 3620 5001 Διερχομένων
3633 4935 3689 4986 δι
3709 4937 3844 5005 γυνή
3867 4953 3951 4999 τις
3999 4939 4107 4991 ἀνὰ

2547 5028 2645 5096 τὴν
2673 5027 2788 5078 ὁδὸν
2822 5028 2929 5096 πίρ
2959 5028 3162 5080 ἔκαιεν.
3207 5028 3491 5089 Ἐκκλίνας
3531 5030 3586 5082 δὲ
3641 5031 3833 5098 μικρὸν
3868 5033 3894 5081 δ
3947 5032 4107 5098 ᾰγιες

2551 5118 2682 5184 πρὸς
2719 5118 2888 5186 αὐτὴν
2919 5117 3193 5170 ιπιδοῦναί
3219 5121 3267 5170 οἱ
3300 5119 3601 5188 ἀνθρακιὰν
3635 5121 3906 5173 ἐκέλευεν
3959 5125 3990 5190 ἡ
4024 5126 4104 5186 δὲ,

2554 5207 2688 5272 πρὸς
2728 5207 2890 5272 μόνον
2920 5206 3028 5274 γὰρ
3051 5206 3195 5275 ἑώρα
3223 5209 3283 5259 τὸ
3313 5209 3665 5276 κελευόμενον
3687 5248 3701 5269 ,
3727 5209 3889 5272 εὐθὺς
3921 5211 4107 5262 mea-

2551 5295 2664 5348 δου.
2704 5296 2886 5358 Καιδς
2912 5299 2989 5356 είς
3020 5297 3110 5348 τὸν
3156 5298 3394 5364 μανδύαν
3426 5299 3594 5366 ὅνπερ
3644 5299 3914 5368 ἠμφίεστο
3977 5303 4106 5360 τεὺς

2551 5385 2826 5453 ἄνθρακας
2855 5385 3152 5438 ἐπετίθετο·
3203 5385 3321 5439 εἶτα
3355 5387 3644 5440 λιϐανωτὸν
3690 5392 3870 5450 αὑτοῖς
3927 5391 4105 5439 {mrt-

2555 5475 2699 5543 θησι.
2734 5477 2990 5526 Κάκεῖνοι
3020 5477 3201 5528 λοιπὸν
3263 5477 3600 5544 παριὸὁξως,
3665 5479 3797 5546 πρὸς
3858 5480 3959 5546 μὲν
4014 5483 4109 5531 τὸν

2557 5566 2854 5618 λιϐανωτὸν
2882 5567 3149 5635 ἄνθρακες
3212 5564 3352 5635 ἦσαν
3383 5570 3633 5630 καίοντες
3684 5569 3848 5620 αὑτὸν
3904 5571 3996 5620 καὶ
4027 5573 4107 5630 εξς

2555 5655 2771 5706 κατινὸν
2801 5653 3125 5717 διαλύοντες,
3154 5655 3288 5723 πρὸς
3345 5656 3399 5706 δέ
3447 5672 3506 5722 γε
3562 5655 3660 5724 τὴν
3704 5657 3855 5723 ίερὰν
3911 5657 4108 5727 στολὴν

2554 5743 2875 5812 ψυχρότεροι
2905 5743 3068 5797 λίθων
3118 5747 3382 5813 ἑωρῶντο,
3423 5746 3601 5798 Ταῦτα
3645 5748 3691 5798 oi
3763 5747 3926 5814 ίερεῖς
3957 5757 4048 5800 και
4081 5750 4109 5801 ό
