  <div class='ocr_page' id='page_1' title='image "/cluster/home/n/w/nwhite01/storage/ocr_20150623/116/nnc1.0046980156/153.png"; bbox 0 0 4270 6428; ppageno 0'>
   <div class='ocr_carea' id='block_1_1' title="bbox 813 394 912 454">
    <p class='ocr_par' dir='ltr' id='par_1_1' title="bbox 813 394 912 454">
     <span class='ocr_line' id='line_1_1' title="bbox 813 394 912 454; baseline -0.01 0"><span class='ocrx_word' id='word_1_1' title='bbox 813 394 912 454; x_wconf 75' lang='lat'><strong>‘267</strong></span> 
     </span>
    </p>
   </div>
   <div class='ocr_carea' id='block_1_2' title="bbox 2002 396 2760 460">
    <p class='ocr_par' dir='ltr' id='par_1_2' title="bbox 2002 396 2760 460">
     <span class='ocr_line' id='line_1_2' title="bbox 2002 396 2760 460; baseline 0.007 -5"><span class='ocrx_word' id='word_1_2' title='bbox 2002 396 2280 456; x_wconf 77' lang='lat' dir='ltr'><strong>MENSIS</strong></span> <span class='ocrx_word' id='word_1_3' title='bbox 2324 397 2760 460; x_wconf 80' lang='lat' dir='ltr'><strong>NOVEMBER.</strong></span> 
     </span>
    </p>
   </div>
   <div class='ocr_carea' id='block_1_3' title="bbox 3831 378 4028 469">
    <p class='ocr_par' dir='ltr' id='par_1_3' title="bbox 3831 378 4028 469">
     <span class='ocr_line' id='line_1_3' title="bbox 3831 378 4028 469; baseline 0.01 -2"><span class='ocrx_word' id='word_1_4' title='bbox 3831 378 3839 385; x_wconf 82' lang='grc'><strong>’</strong></span> <span class='ocrx_word' id='word_1_5' title='bbox 3915 407 4028 469; x_wconf 76' lang='lat' dir='ltr'><strong>ses</strong></span> 
     </span>
    </p>
   </div>
   <div class='ocr_carea' id='block_1_4' title="bbox 811 500 2497 582">
    <p class='ocr_par' dir='ltr' id='par_1_4' title="bbox 811 500 2497 576">
     <span class='ocr_line' id='line_1_4' title="bbox 811 500 2497 576; baseline 0.005 -22"><span class='ocrx_word' id='word_1_6' title='bbox 811 504 979 555; x_wconf 85' lang='lat' dir='ltr'><strong>rahat.</strong></span> <span class='ocrx_word' id='word_1_7' title='bbox 1014 500 1201 553; x_wconf 74' lang='lat' dir='ltr'><strong>Postea</strong></span> <span class='ocrx_word' id='word_1_8' title='bbox 1231 515 1358 552; x_wconf 77' lang='grc' dir='ltr'>ιϊτο</span> <span class='ocrx_word' id='word_1_9' title='bbox 1418 517 1578 568; x_wconf 87' lang='lat' dir='ltr'><strong>quam</strong></span> <span class='ocrx_word' id='word_1_10' title='bbox 1637 502 1928 572; x_wconf 90' lang='lat' dir='ltr'><strong>Gregorius</strong></span> <span class='ocrx_word' id='word_1_11' title='bbox 1957 522 2058 559; x_wconf 89' lang='lat' dir='ltr'><strong>una</strong></span> <span class='ocrx_word' id='word_1_12' title='bbox 2098 523 2219 560; x_wconf 89' lang='lat' dir='ltr'><strong>eum</strong></span> <span class='ocrx_word' id='word_1_13' title='bbox 2253 508 2367 576; x_wconf 84' lang='lat' dir='ltr'><strong>epi-</strong></span> <span class='ocrx_word' id='word_1_14' title='bbox 2401 517 2442 568; x_wconf 85' lang='grc' dir='ltr'><strong>Α</strong></span> <span class='ocrx_word' id='word_1_15' title='bbox 2483 510 2497 527; x_wconf 93' lang='lat'>&#39;</span> 
     </span>
    </p>
   </div>
   <div class='ocr_carea' id='block_1_5' title="bbox 2314 500 4000 582">
    <p class='ocr_par' dir='ltr' id='par_1_5' title="bbox 2314 508 4000 582">
     <span class='ocr_line' id='line_1_5' title="bbox 2314 508 4000 582; baseline 0.009 -25"><span class='ocrx_word' id='word_1_16' title='bbox 2314 508 2367 560; x_wconf 80' lang='grc' dir='ltr'><strong>›ἰ-</strong></span> <span class='ocrx_word' id='word_1_17' title='bbox 2401 517 2442 568; x_wconf 85' lang='grc' dir='ltr'><strong>Α</strong></span> <span class='ocrx_word' id='word_1_18' title='bbox 2483 509 2713 563; x_wconf 79' lang='grc' dir='ltr'>Ἔπειτα</span> <span class='ocrx_word' id='word_1_19' title='bbox 2737 511 2829 564; x_wconf 78' lang='grc' dir='ltr'>καὶ</span> <span class='ocrx_word' id='word_1_20' title='bbox 2856 512 3156 582; x_wconf 78' lang='grc' dir='ltr'>Γρηγορίου</span> <span class='ocrx_word' id='word_1_21' title='bbox 3171 515 3284 576; x_wconf 79' lang='grc' dir='ltr'>τοῖς</span> <span class='ocrx_word' id='word_1_22' title='bbox 3311 515 3630 579; x_wconf 73' lang='grc' dir='ltr'><strong>ἐπισκόποις</strong></span> <span class='ocrx_word' id='word_1_23' title='bbox 3656 518 4000 572; x_wconf 78' lang='grc' dir='ltr'>συνεισελθόν</span> 
     </span>
    </p>
   </div>
   <div class='ocr_carea' id='block_1_6' title="bbox 810 588 2356 664">
    <p class='ocr_par' dir='ltr' id='par_1_6' title="bbox 810 588 2356 664">
     <span class='ocr_line' id='line_1_6' title="bbox 810 588 2356 664; baseline 0.005 -22"><span class='ocrx_word' id='word_1_24' title='bbox 810 589 991 655; x_wconf 87' lang='lat' dir='ltr'><strong>scopis</strong></span> <span class='ocrx_word' id='word_1_25' title='bbox 1015 589 1205 640; x_wconf 90' lang='lat' dir='ltr'><strong>urbem</strong></span> <span class='ocrx_word' id='word_1_26' title='bbox 1236 588 1512 657; x_wconf 86' lang='lat' dir='ltr'><strong>ingressus</strong></span> <span class='ocrx_word' id='word_1_27' title='bbox 1538 601 1641 655; x_wconf 92' lang='lat' dir='ltr'><strong>est,</strong></span> <span class='ocrx_word' id='word_1_28' title='bbox 1675 592 1909 646; x_wconf 88' lang='lat' dir='ltr'><strong>maxima</strong></span> <span class='ocrx_word' id='word_1_29' title='bbox 1939 594 1993 647; x_wconf 88' lang='lat' dir='ltr'><strong>in</strong></span> <span class='ocrx_word' id='word_1_30' title='bbox 2025 595 2174 648; x_wconf 91' lang='lat' dir='ltr'><strong>illum</strong></span> <span class='ocrx_word' id='word_1_31' title='bbox 2213 597 2356 664; x_wconf 79' lang='lat' dir='ltr'><strong>regis</strong></span> 
     </span>
    </p>
   </div>
   <div class='ocr_carea' id='block_1_7' title="bbox 811 678 2355 750">
    <p class='ocr_par' dir='ltr' id='par_1_7' title="bbox 811 678 2355 750">
     <span class='ocr_line' id='line_1_7' title="bbox 811 678 2355 750; baseline 0.003 -18"><span class='ocrx_word' id='word_1_32' title='bbox 811 678 1096 732; x_wconf 67' lang='lat' dir='ltr'><strong>hilaritatis</strong></span> <span class='ocrx_word' id='word_1_33' title='bbox 1125 692 1187 730; x_wconf 87' lang='lat' dir='ltr'><strong>ac</strong></span> <span class='ocrx_word' id='word_1_34' title='bbox 1215 678 1601 734; x_wconf 62' lang='lat' dir='ltr'><strong>benevolentia:</strong></span> <span class='ocrx_word' id='word_1_35' title='bbox 1627 681 1951 750; x_wconf 79' lang='lat' dir='ltr'><strong>signiﬁcatio</strong></span> <span class='ocrx_word' id='word_1_36' title='bbox 1975 684 2200 748; x_wconf 85' lang='lat' dir='ltr'><strong>exstitit,</strong></span> <span class='ocrx_word' id='word_1_37' title='bbox 2234 700 2355 737; x_wconf 91' lang='lat' dir='ltr'><strong>nam</strong></span> 
     </span>
    </p>
   </div>
   <div class='ocr_carea' id='block_1_8' title="bbox 807 768 2351 840">
    <p class='ocr_par' dir='ltr' id='par_1_8' title="bbox 807 768 2351 840">
     <span class='ocr_line' id='line_1_8' title="bbox 807 768 2351 840; baseline 0.003 -16"><span class='ocrx_word' id='word_1_38' title='bbox 807 781 864 824; x_wconf 83' lang='lat' dir='ltr'><strong>et</strong></span> <span class='ocrx_word' id='word_1_39' title='bbox 926 768 1063 823; x_wconf 91' lang='lat' dir='ltr'><strong>solio</strong></span> <span class='ocrx_word' id='word_1_40' title='bbox 1120 783 1369 837; x_wconf 87' lang='lat' dir='ltr'><strong>surgens,</strong></span> <span class='ocrx_word' id='word_1_41' title='bbox 1420 785 1548 824; x_wconf 90' lang='lat' dir='ltr'><strong>eum</strong></span> <span class='ocrx_word' id='word_1_42' title='bbox 1598 771 1916 840; x_wconf 77' lang='lat' dir='ltr'><strong>complexus</strong></span> <span class='ocrx_word' id='word_1_43' title='bbox 1976 774 2351 829; x_wconf 83' lang='lat' dir='ltr'><strong>osculabatur.</strong></span> 
     </span>
    </p>
   </div>
   <div class='ocr_carea' id='block_1_9' title="bbox 810 858 2359 931">
    <p class='ocr_par' dir='ltr' id='par_1_9' title="bbox 810 858 2359 931">
     <span class='ocr_line' id='line_1_9' title="bbox 810 858 2359 931; baseline 0.003 -17"><span class='ocrx_word' id='word_1_44' title='bbox 810 860 1007 915; x_wconf 74' lang='lat' dir='ltr'><strong>Verum</strong></span> <span class='ocrx_word' id='word_1_45' title='bbox 1045 858 1332 914; x_wconf 83' lang='lat' dir='ltr'><strong>enimvero</strong></span> <span class='ocrx_word' id='word_1_46' title='bbox 1358 873 1480 912; x_wconf 91' lang='lat' dir='ltr'><strong>cum</strong></span> <span class='ocrx_word' id='word_1_47' title='bbox 1510 859 1584 912; x_wconf 92' lang='lat' dir='ltr'><strong>illi</strong></span> <span class='ocrx_word' id='word_1_48' title='bbox 1639 875 1746 914; x_wconf 92' lang='lat' dir='ltr'><strong>non</strong></span> <span class='ocrx_word' id='word_1_49' title='bbox 1775 862 1974 916; x_wconf 89' lang='lat' dir='ltr'><strong>multos</strong></span> <span class='ocrx_word' id='word_1_50' title='bbox 2007 873 2126 931; x_wconf 90' lang='lat' dir='ltr'><strong>post</strong></span> <span class='ocrx_word' id='word_1_51' title='bbox 2159 863 2277 919; x_wconf 89' lang='lat' dir='ltr'><strong>dies</strong></span> <span class='ocrx_word' id='word_1_52' title='bbox 2305 865 2359 918; x_wconf 92' lang='lat' dir='ltr'><strong>in</strong></span> 
     </span>
    </p>
   </div>
   <div class='ocr_carea' id='block_1_10' title="bbox 809 951 2358 1023">
    <p class='ocr_par' dir='ltr' id='par_1_10' title="bbox 809 951 2358 1023">
     <span class='ocr_line' id='line_1_10' title="bbox 809 951 2358 1023; baseline 0.006 -20"><span class='ocrx_word' id='word_1_53' title='bbox 809 962 1045 1005; x_wconf 86' lang='lat' dir='ltr'><strong>mentem</strong></span> <span class='ocrx_word' id='word_1_54' title='bbox 1081 951 1322 1004; x_wconf 83' lang='lat' dir='ltr'><strong>venisset</strong></span> <span class='ocrx_word' id='word_1_55' title='bbox 1344 963 1515 1003; x_wconf 86' lang='lat' dir='ltr'><strong>novas</strong></span> <span class='ocrx_word' id='word_1_56' title='bbox 1553 951 1928 1007; x_wconf 84' lang='lat' dir='ltr'><strong>sacerdotibus</strong></span> <span class='ocrx_word' id='word_1_57' title='bbox 1952 954 2096 1023; x_wconf 81' lang='lat' dir='ltr'><strong>leges</strong></span> <span class='ocrx_word' id='word_1_58' title='bbox 2123 955 2358 1023; x_wconf 84' lang='lat' dir='ltr'><strong>sancire,</strong></span> 
     </span>
    </p>
   </div>
   <div class='ocr_carea' id='block_1_11' title="bbox 811 1041 2361 1114">
    <p class='ocr_par' dir='ltr' id='par_1_11' title="bbox 811 1041 2361 1114">
     <span class='ocr_line' id='line_1_11' title="bbox 811 1041 2361 1114; baseline 0.003 -16"><span class='ocrx_word' id='word_1_59' title='bbox 811 1060 932 1114; x_wconf 80' lang='lat' dir='ltr'><strong>qua:</strong></span> <span class='ocrx_word' id='word_1_60' title='bbox 956 1045 1118 1099; x_wconf 91' lang='lat' dir='ltr'><strong>etiam</strong></span> <span class='ocrx_word' id='word_1_61' title='bbox 1157 1041 1392 1113; x_wconf 89' lang='lat' dir='ltr'><strong>posteris</strong></span> <span class='ocrx_word' id='word_1_62' title='bbox 1417 1053 1529 1096; x_wconf 93' lang='lat' dir='ltr'><strong>tum</strong></span> <span class='ocrx_word' id='word_1_63' title='bbox 1558 1052 1705 1108; x_wconf 66' lang='lat' dir='ltr'><strong>tutae,</strong></span> <span class='ocrx_word' id='word_1_64' title='bbox 1742 1052 1856 1099; x_wconf 93' lang='lat' dir='ltr'><strong>tum</strong></span> <span class='ocrx_word' id='word_1_65' title='bbox 1915 1046 2077 1100; x_wconf 88' lang='lat' dir='ltr'><strong>utiles</strong></span> <span class='ocrx_word' id='word_1_66' title='bbox 2109 1047 2361 1103; x_wconf 88' lang='lat' dir='ltr'><strong>videren-</strong></span> 
     </span>
    </p>
   </div>
   <div class='ocr_carea' id='block_1_12' title="bbox 812 1134 2359 1206">
    <p class='ocr_par' dir='ltr' id='par_1_12' title="bbox 812 1134 2359 1206">
     <span class='ocr_line' id='line_1_12' title="bbox 812 1134 2359 1206; baseline 0.001 -18"><span class='ocrx_word' id='word_1_67' title='bbox 812 1149 917 1197; x_wconf 88' lang='lat' dir='ltr'><strong>tur,</strong></span> <span class='ocrx_word' id='word_1_68' title='bbox 952 1136 1309 1203; x_wconf 84' lang='lat' dir='ltr'><strong>patriarcham</strong></span> <span class='ocrx_word' id='word_1_69' title='bbox 1362 1145 1418 1188; x_wconf 91' lang='lat' dir='ltr'><strong>et</strong></span> <span class='ocrx_word' id='word_1_70' title='bbox 1441 1149 1563 1206; x_wconf 72' lang='lat' dir='ltr'><strong>eum</strong></span> <span class='ocrx_word' id='word_1_71' title='bbox 1605 1134 1776 1202; x_wconf 92' lang='lat' dir='ltr'><strong>ipsum</strong></span> <span class='ocrx_word' id='word_1_72' title='bbox 1809 1135 1991 1190; x_wconf 87' lang='lat' dir='ltr'><strong>divum</strong></span> <span class='ocrx_word' id='word_1_73' title='bbox 2044 1135 2359 1206; x_wconf 71' lang='lat' dir='ltr'><strong>Gregorium</strong></span> 
     </span>
    </p>
   </div>
   <div class='ocr_carea' id='block_1_13' title="bbox 810 1224 2356 1295">
    <p class='ocr_par' dir='ltr' id='par_1_13' title="bbox 810 1224 2356 1295">
     <span class='ocr_line' id='line_1_13' title="bbox 810 1224 2356 1295; baseline 0.002 -17"><span class='ocrx_word' id='word_1_74' title='bbox 810 1227 1117 1287; x_wconf 84' lang='lat' dir='ltr'><strong>accersitos,</strong></span> <span class='ocrx_word' id='word_1_75' title='bbox 1161 1224 1559 1278; x_wconf 90' lang='lat' dir='ltr'><strong>communicato</strong></span> <span class='ocrx_word' id='word_1_76' title='bbox 1589 1224 1837 1287; x_wconf 85' lang='lat' dir='ltr'><strong>consilio,</strong></span> <span class='ocrx_word' id='word_1_77' title='bbox 1871 1224 1998 1292; x_wconf 91' lang='lat' dir='ltr'><strong>quid</strong></span> <span class='ocrx_word' id='word_1_78' title='bbox 2033 1224 2175 1280; x_wconf 89' lang='lat' dir='ltr'><strong>facto</strong></span> <span class='ocrx_word' id='word_1_79' title='bbox 2220 1240 2356 1295; x_wconf 84' lang='lat' dir='ltr'><strong>Opus</strong></span> 
     </span>
    </p>
   </div>
   <div class='ocr_carea' id='block_1_14' title="bbox 809 1312 2358 1381">
    <p class='ocr_par' dir='ltr' id='par_1_14' title="bbox 809 1312 2358 1381">
     <span class='ocr_line' id='line_1_14' title="bbox 809 1312 2358 1381; baseline 0.003 -17"><span class='ocrx_word' id='word_1_80' title='bbox 809 1321 971 1374; x_wconf 81' lang='lat' dir='ltr'><strong>esset,</strong></span> <span class='ocrx_word' id='word_1_81' title='bbox 1010 1314 1247 1368; x_wconf 89' lang='lat' dir='ltr'><strong>consulit</strong></span> <span class='ocrx_word' id='word_1_82' title='bbox 1275 1331 1286 1366; x_wconf 90' lang='lat'>:</span> <span class='ocrx_word' id='word_1_83' title='bbox 1311 1313 1404 1380; x_wconf 89' lang='lat' dir='ltr'><strong>qui</strong></span> <span class='ocrx_word' id='word_1_84' title='bbox 1441 1327 1550 1365; x_wconf 90' lang='lat' dir='ltr'><strong>rem</strong></span> <span class='ocrx_word' id='word_1_85' title='bbox 1576 1326 1804 1380; x_wconf 89' lang='lat' dir='ltr'><strong>persane</strong></span> <span class='ocrx_word' id='word_1_86' title='bbox 1839 1312 2164 1366; x_wconf 85' lang='lat' dir='ltr'><strong>laudabilem</strong></span> <span class='ocrx_word' id='word_1_87' title='bbox 2225 1313 2358 1381; x_wconf 89' lang='lat' dir='ltr'><strong>fore,</strong></span> 
     </span>
    </p>
   </div>
   <div class='ocr_carea' id='block_1_15' title="bbox 813 1402 2358 1470">
    <p class='ocr_par' dir='ltr' id='par_1_15' title="bbox 813 1402 2358 1470">
     <span class='ocr_line' id='line_1_15' title="bbox 813 1402 2358 1470; baseline 0.003 -16"><span class='ocrx_word' id='word_1_88' title='bbox 813 1420 873 1457; x_wconf 76' lang='lat' dir='ltr'><strong>ac</strong></span> <span class='ocrx_word' id='word_1_89' title='bbox 897 1413 1043 1458; x_wconf 90' lang='lat' dir='ltr'><strong>recte</strong></span> <span class='ocrx_word' id='word_1_90' title='bbox 1075 1405 1140 1458; x_wconf 89' lang='lat' dir='ltr'><strong>de</strong></span> <span class='ocrx_word' id='word_1_91' title='bbox 1168 1404 1426 1470; x_wconf 86' lang='lat' dir='ltr'><strong>religione</strong></span> <span class='ocrx_word' id='word_1_92' title='bbox 1477 1402 1844 1458; x_wconf 86' lang='lat' dir='ltr'><strong>sentientibus</strong></span> <span class='ocrx_word' id='word_1_93' title='bbox 1906 1404 2094 1458; x_wconf 90' lang='lat' dir='ltr'><strong>utilem</strong></span> <span class='ocrx_word' id='word_1_94' title='bbox 2124 1403 2358 1460; x_wconf 81' lang='lat' dir='ltr'><strong>aﬂirma-</strong></span> 
     </span>
    </p>
   </div>
   <div class='ocr_carea' id='block_1_16' title="bbox 814 1493 2355 1565">
    <p class='ocr_par' dir='ltr' id='par_1_16' title="bbox 814 1493 2355 1565">
     <span class='ocr_line' id='line_1_16' title="bbox 814 1493 2355 1565; baseline 0.001 -19"><span class='ocrx_word' id='word_1_95' title='bbox 814 1504 956 1547; x_wconf 91' lang='lat' dir='ltr'><strong>runt.</strong></span> <span class='ocrx_word' id='word_1_96' title='bbox 984 1496 1133 1562; x_wconf 87' lang='lat' dir='ltr'><strong>lique</strong></span> <span class='ocrx_word' id='word_1_97' title='bbox 1164 1510 1287 1546; x_wconf 93' lang='lat' dir='ltr'><strong>cum</strong></span> <span class='ocrx_word' id='word_1_98' title='bbox 1318 1509 1532 1547; x_wconf 85' lang='lat' dir='ltr'><strong>sacrum</strong></span> <span class='ocrx_word' id='word_1_99' title='bbox 1558 1493 1750 1562; x_wconf 71' lang='lat' dir='ltr'><strong>ieiunii</strong></span> <span class='ocrx_word' id='word_1_100' title='bbox 1785 1505 1994 1565; x_wconf 89' lang='lat' dir='ltr'><strong>tempus</strong></span> <span class='ocrx_word' id='word_1_101' title='bbox 2024 1496 2355 1562; x_wconf 83' lang='lat' dir='ltr'><strong>advenisset,</strong></span> 
     </span>
    </p>
   </div>
   <div class='ocr_carea' id='block_1_17' title="bbox 814 1581 2356 1650">
    <p class='ocr_par' dir='ltr' id='par_1_17' title="bbox 814 1581 2356 1650">
     <span class='ocr_line' id='line_1_17' title="bbox 814 1581 2356 1650; baseline 0.001 -17"><span class='ocrx_word' id='word_1_102' title='bbox 814 1582 952 1634; x_wconf 88' lang='lat' dir='ltr'><strong>hanc</strong></span> <span class='ocrx_word' id='word_1_103' title='bbox 1010 1581 1368 1649; x_wconf 82' lang='lat' dir='ltr'><strong>provinciam,</strong></span> <span class='ocrx_word' id='word_1_104' title='bbox 1427 1581 1546 1650; x_wconf 91' lang='lat' dir='ltr'><strong>ipso</strong></span> <span class='ocrx_word' id='word_1_105' title='bbox 1603 1595 1726 1648; x_wconf 89' lang='lat' dir='ltr'><strong>rege</strong></span> <span class='ocrx_word' id='word_1_106' title='bbox 1775 1581 1828 1633; x_wconf 93' lang='lat' dir='ltr'><strong>in</strong></span> <span class='ocrx_word' id='word_1_107' title='bbox 1860 1583 2148 1635; x_wconf 87' lang='lat' dir='ltr'><strong>consilium</strong></span> <span class='ocrx_word' id='word_1_108' title='bbox 2175 1598 2356 1636; x_wconf 89' lang='lat' dir='ltr'><strong>secum</strong></span> 
     </span>
    </p>
   </div>
   <div class='ocr_carea' id='block_1_18' title="bbox 815 1668 2357 1738">
    <p class='ocr_par' dir='ltr' id='par_1_18' title="bbox 815 1668 2357 1738">
     <span class='ocr_line' id='line_1_18' title="bbox 815 1668 2357 1738; baseline 0.001 -18"><span class='ocrx_word' id='word_1_109' title='bbox 815 1668 1078 1730; x_wconf 85' lang='lat' dir='ltr'><strong>adhibito,</strong></span> <span class='ocrx_word' id='word_1_110' title='bbox 1114 1680 1423 1735; x_wconf 79' lang='lat' dir='ltr'><strong>suscepere,</strong></span> <span class='ocrx_word' id='word_1_111' title='bbox 1454 1679 1728 1734; x_wconf 90' lang='lat' dir='ltr'><strong>novasque</strong></span> <span class='ocrx_word' id='word_1_112' title='bbox 1777 1676 1833 1719; x_wconf 92' lang='lat' dir='ltr'><strong>et</strong></span> <span class='ocrx_word' id='word_1_113' title='bbox 1863 1681 2043 1720; x_wconf 88' lang='lat' dir='ltr'><strong>sacras</strong></span> <span class='ocrx_word' id='word_1_114' title='bbox 2105 1668 2250 1738; x_wconf 80' lang='lat' dir='ltr'><strong>leges</strong></span> <span class='ocrx_word' id='word_1_115' title='bbox 2281 1669 2357 1723; x_wconf 90' lang='lat' dir='ltr'><strong>illi</strong></span> 
     </span>
    </p>
   </div>
   <div class='ocr_carea' id='block_1_19' title="bbox 812 1767 1122 1811">
    <p class='ocr_par' dir='ltr' id='par_1_19' title="bbox 812 1767 1122 1811">
     <span class='ocr_line' id='line_1_19' title="bbox 812 1767 1122 1811; baseline -0.003 0"><span class='ocrx_word' id='word_1_116' title='bbox 812 1767 1122 1811; x_wconf 79' lang='lat' dir='ltr'><strong>sanxerunt.</strong></span> 
     </span>
    </p>
   </div>
   <div class='ocr_carea' id='block_1_20' title="bbox 815 1938 2352 2008">
    <p class='ocr_par' dir='ltr' id='par_1_20' title="bbox 815 1938 2352 2008">
     <span class='ocr_line' id='line_1_20' title="bbox 815 1938 2352 2008; baseline 0.001 -17"><span class='ocrx_word' id='word_1_117' title='bbox 815 1955 877 1992; x_wconf 87' lang='lat' dir='ltr'><strong>ac</strong></span> <span class='ocrx_word' id='word_1_118' title='bbox 908 1939 1107 2007; x_wconf 85' lang='lat' dir='ltr'><strong>pietate</strong></span> <span class='ocrx_word' id='word_1_119' title='bbox 1141 1939 1389 2000; x_wconf 85' lang='lat' dir='ltr'><strong>refertos,</strong></span> <span class='ocrx_word' id='word_1_120' title='bbox 1448 1939 1635 2007; x_wconf 86' lang='lat' dir='ltr'><strong>plures</strong></span> <span class='ocrx_word' id='word_1_121' title='bbox 1693 1938 1901 1992; x_wconf 90' lang='lat' dir='ltr'><strong>edidit:</strong></span> <span class='ocrx_word' id='word_1_122' title='bbox 1967 1940 2102 1993; x_wconf 89' lang='lat' dir='ltr'><strong>alios</strong></span> <span class='ocrx_word' id='word_1_123' title='bbox 2130 1941 2352 2008; x_wconf 90' lang='lat' dir='ltr'><strong>quidem</strong></span> 
     </span>
    </p>
   </div>
   <div class='ocr_carea' id='block_1_21' title="bbox 815 2030 2364 2099">
    <p class='ocr_par' dir='ltr' id='par_1_21' title="bbox 815 2030 2364 2099">
     <span class='ocr_line' id='line_1_21' title="bbox 815 2030 2364 2099; baseline 0.001 -14"><span class='ocrx_word' id='word_1_124' title='bbox 815 2034 867 2085; x_wconf 88' lang='lat' dir='ltr'><strong>in</strong></span> <span class='ocrx_word' id='word_1_125' title='bbox 925 2045 1130 2084; x_wconf 82' lang='lat' dir='ltr'><strong>sacram</strong></span> <span class='ocrx_word' id='word_1_126' title='bbox 1218 2030 1407 2099; x_wconf 84' lang='lat' dir='ltr'><strong>jejunii</strong></span> <span class='ocrx_word' id='word_1_127' title='bbox 1470 2030 1927 2096; x_wconf 88' lang='lat' dir='ltr'><strong>observationem,</strong></span> <span class='ocrx_word' id='word_1_128' title='bbox 1973 2031 2108 2084; x_wconf 87' lang='lat' dir='ltr'><strong>alios</strong></span> <span class='ocrx_word' id='word_1_129' title='bbox 2165 2031 2218 2084; x_wconf 90' lang='lat' dir='ltr'><strong>in</strong></span> <span class='ocrx_word' id='word_1_130' title='bbox 2261 2032 2364 2086; x_wconf 87' lang='lat' dir='ltr'><strong>Pe-</strong></span> 
     </span>
    </p>
   </div>
   <div class='ocr_carea' id='block_1_22' title="bbox 817 2122 2358 2191">
    <p class='ocr_par' dir='ltr' id='par_1_22' title="bbox 817 2122 2358 2191">
     <span class='ocr_line' id='line_1_22' title="bbox 817 2122 2358 2191; baseline 0.001 -17"><span class='ocrx_word' id='word_1_131' title='bbox 817 2137 959 2176; x_wconf 84' lang='lat' dir='ltr'><strong>trum</strong></span> <span class='ocrx_word' id='word_1_132' title='bbox 1007 2132 1063 2174; x_wconf 89' lang='lat' dir='ltr'><strong>et</strong></span> <span class='ocrx_word' id='word_1_133' title='bbox 1130 2122 1423 2184; x_wconf 78' lang='lat' dir='ltr'><strong>Andream,</strong></span> <span class='ocrx_word' id='word_1_134' title='bbox 1468 2136 1531 2175; x_wconf 86' lang='lat' dir='ltr'><strong>ac</strong></span> <span class='ocrx_word' id='word_1_135' title='bbox 1558 2123 1744 2191; x_wconf 81' lang='lat' dir='ltr'><strong>plures</strong></span> <span class='ocrx_word' id='word_1_136' title='bbox 1767 2124 1892 2175; x_wconf 86' lang='lat' dir='ltr'><strong>item</strong></span> <span class='ocrx_word' id='word_1_137' title='bbox 1951 2122 2089 2176; x_wconf 87' lang='lat' dir='ltr'><strong>alios</strong></span> <span class='ocrx_word' id='word_1_138' title='bbox 2135 2137 2358 2191; x_wconf 92' lang='lat' dir='ltr'><strong>compo-</strong></span> 
     </span>
    </p>
   </div>
   <div class='ocr_carea' id='block_1_23' title="bbox 814 2211 2362 2281">
    <p class='ocr_par' dir='ltr' id='par_1_23' title="bbox 814 2211 2362 2281">
     <span class='ocr_line' id='line_1_23' title="bbox 814 2211 2362 2281; baseline 0 -15"><span class='ocrx_word' id='word_1_139' title='bbox 814 2215 924 2266; x_wconf 87' lang='lat' dir='ltr'><strong>suit</strong></span> <span class='ocrx_word' id='word_1_140' title='bbox 958 2230 970 2265; x_wconf 93' lang='lat'><strong>:</strong></span> <span class='ocrx_word' id='word_1_141' title='bbox 1005 2212 1097 2280; x_wconf 92' lang='lat' dir='ltr'><strong>qui</strong></span> <span class='ocrx_word' id='word_1_142' title='bbox 1127 2222 1238 2264; x_wconf 92' lang='lat' dir='ltr'><strong>tum</strong></span> <span class='ocrx_word' id='word_1_143' title='bbox 1289 2211 1540 2273; x_wconf 82' lang='lat' dir='ltr'><strong>artificio,</strong></span> <span class='ocrx_word' id='word_1_144' title='bbox 1569 2220 1681 2264; x_wconf 88' lang='lat' dir='ltr'><strong>tum</strong></span> <span class='ocrx_word' id='word_1_145' title='bbox 1710 2213 1938 2266; x_wconf 88' lang='lat' dir='ltr'><strong>utilitate</strong></span> <span class='ocrx_word' id='word_1_146' title='bbox 1963 2213 2256 2281; x_wconf 89' lang='lat' dir='ltr'><strong>plurimum</strong></span> <span class='ocrx_word' id='word_1_147' title='bbox 2287 2214 2362 2267; x_wconf 91' lang='lat' dir='ltr'><strong>illi</strong></span> 
     </span>
    </p>
   </div>
   <div class='ocr_carea' id='block_1_24' title="bbox 817 2303 2364 2360">
    <p class='ocr_par' dir='ltr' id='par_1_24' title="bbox 817 2303 2364 2360">
     <span class='ocr_line' id='line_1_24' title="bbox 817 2303 2364 2360; baseline 0.001 -4"><span class='ocrx_word' id='word_1_148' title='bbox 817 2305 989 2358; x_wconf 88' lang='lat' dir='ltr'><strong>laudis</strong></span> <span class='ocrx_word' id='word_1_149' title='bbox 1020 2304 1338 2358; x_wconf 89' lang='lat' dir='ltr'><strong>attulerunt.</strong></span> <span class='ocrx_word' id='word_1_150' title='bbox 1396 2303 1497 2357; x_wconf 92' lang='lat' dir='ltr'><strong>Ubi</strong></span> <span class='ocrx_word' id='word_1_151' title='bbox 1546 2319 1674 2358; x_wconf 89' lang='lat' dir='ltr'><strong>vero</strong></span> <span class='ocrx_word' id='word_1_152' title='bbox 1720 2303 1940 2358; x_wconf 91' lang='lat' dir='ltr'><strong>domum</strong></span> <span class='ocrx_word' id='word_1_153' title='bbox 1971 2304 2254 2360; x_wconf 87' lang='lat' dir='ltr'><strong>discedere</strong></span> <span class='ocrx_word' id='word_1_154' title='bbox 2308 2307 2364 2358; x_wconf 91' lang='lat' dir='ltr'><strong>in</strong></span> 
     </span>
    </p>
   </div>
   <div class='ocr_carea' id='block_1_25' title="bbox 816 2394 2362 2466">
    <p class='ocr_par' dir='ltr' id='par_1_25' title="bbox 816 2394 2362 2466">
     <span class='ocr_line' id='line_1_25' title="bbox 816 2394 2362 2466; baseline 0.001 -17"><span class='ocrx_word' id='word_1_155' title='bbox 816 2399 1054 2450; x_wconf 83' lang='lat' dir='ltr'><strong>animum</strong></span> <span class='ocrx_word' id='word_1_156' title='bbox 1091 2395 1322 2457; x_wconf 84' lang='lat' dir='ltr'><strong>induxit,</strong></span> <span class='ocrx_word' id='word_1_157' title='bbox 1354 2394 1564 2463; x_wconf 91' lang='lat' dir='ltr'><strong>rogavit</strong></span> <span class='ocrx_word' id='word_1_158' title='bbox 1612 2395 1790 2448; x_wconf 89' lang='lat' dir='ltr'><strong>locum</strong></span> <span class='ocrx_word' id='word_1_159' title='bbox 1824 2396 1926 2449; x_wconf 83' lang='lat' dir='ltr'><strong>sibi</strong></span> <span class='ocrx_word' id='word_1_160' title='bbox 1976 2395 2031 2448; x_wconf 91' lang='lat' dir='ltr'><strong>in</strong></span> <span class='ocrx_word' id='word_1_161' title='bbox 2087 2395 2362 2466; x_wconf 83' lang='lat' dir='ltr'><strong>Agrigenti</strong></span> 
     </span>
    </p>
   </div>
   <div class='ocr_carea' id='block_1_26' title="bbox 815 2484 2363 2554">
    <p class='ocr_par' dir='ltr' id='par_1_26' title="bbox 815 2484 2363 2554">
     <span class='ocr_line' id='line_1_26' title="bbox 815 2484 2363 2554; baseline -0.001 -13"><span class='ocrx_word' id='word_1_162' title='bbox 815 2488 1051 2550; x_wconf 87' lang='lat' dir='ltr'><strong>civitate,</strong></span> <span class='ocrx_word' id='word_1_163' title='bbox 1080 2487 1131 2538; x_wconf 94' lang='lat' dir='ltr'><strong>in</strong></span> <span class='ocrx_word' id='word_1_164' title='bbox 1155 2500 1259 2554; x_wconf 89' lang='lat' dir='ltr'><strong>quo</strong></span> <span class='ocrx_word' id='word_1_165' title='bbox 1283 2485 1519 2554; x_wconf 89' lang='lat' dir='ltr'><strong>episcopi</strong></span> <span class='ocrx_word' id='word_1_166' title='bbox 1543 2484 1870 2539; x_wconf 87' lang='lat' dir='ltr'><strong>domicilium</strong></span> <span class='ocrx_word' id='word_1_167' title='bbox 1885 2497 2239 2549; x_wconf 89' lang='lat' dir='ltr'><strong>construeret,</strong></span> <span class='ocrx_word' id='word_1_168' title='bbox 2268 2489 2363 2539; x_wconf 86' lang='lat' dir='ltr'><strong>im-</strong></span> 
     </span>
    </p>
   </div>
   <div class='ocr_carea' id='block_1_27' title="bbox 818 2576 2361 2647">
    <p class='ocr_par' dir='ltr' id='par_1_27' title="bbox 818 2576 2361 2647">
     <span class='ocr_line' id='line_1_27' title="bbox 818 2576 2361 2647; baseline 0 -16"><span class='ocrx_word' id='word_1_169' title='bbox 818 2577 1023 2647; x_wconf 86' lang='lat' dir='ltr'><strong>pertiri.</strong></span> <span class='ocrx_word' id='word_1_170' title='bbox 1065 2576 1276 2631; x_wconf 86' lang='lat' dir='ltr'><strong>Cuirex</strong></span> <span class='ocrx_word' id='word_1_171' title='bbox 1302 2584 1553 2644; x_wconf 85' lang='lat' dir='ltr'><strong>tanquam</strong></span> <span class='ocrx_word' id='word_1_172' title='bbox 1610 2577 1901 2645; x_wconf 86' lang='lat' dir='ltr'><strong>acciperet,</strong></span> <span class='ocrx_word' id='word_1_173' title='bbox 1954 2591 2062 2630; x_wconf 92' lang='lat' dir='ltr'><strong>non</strong></span> <span class='ocrx_word' id='word_1_174' title='bbox 2098 2587 2361 2646; x_wconf 89' lang='lat' dir='ltr'><strong>erogaret,</strong></span> 
     </span>
    </p>
   </div>
   <div class='ocr_carea' id='block_1_28' title="bbox 819 2667 2363 2737">
    <p class='ocr_par' dir='ltr' id='par_1_28' title="bbox 819 2667 2363 2737">
     <span class='ocr_line' id='line_1_28' title="bbox 819 2667 2363 2737; baseline 0.001 -17"><span class='ocrx_word' id='word_1_175' title='bbox 819 2672 889 2722; x_wconf 89' lang='lat' dir='ltr'><strong>ita</strong></span> <span class='ocrx_word' id='word_1_176' title='bbox 921 2678 1168 2737; x_wconf 88' lang='lat' dir='ltr'><strong>prompte</strong></span> <span class='ocrx_word' id='word_1_177' title='bbox 1215 2681 1277 2719; x_wconf 91' lang='lat' dir='ltr'><strong>ac</strong></span> <span class='ocrx_word' id='word_1_178' title='bbox 1337 2667 1583 2719; x_wconf 90' lang='lat' dir='ltr'><strong>hilariter</strong></span> <span class='ocrx_word' id='word_1_179' title='bbox 1640 2667 1900 2735; x_wconf 82' lang='lat' dir='ltr'><strong>elargitus</strong></span> <span class='ocrx_word' id='word_1_180' title='bbox 1951 2676 2054 2730; x_wconf 84' lang='lat' dir='ltr'><strong>est,</strong></span> <span class='ocrx_word' id='word_1_181' title='bbox 2091 2676 2151 2720; x_wconf 92' lang='lat' dir='ltr'><strong>ut</strong></span> <span class='ocrx_word' id='word_1_182' title='bbox 2179 2678 2363 2736; x_wconf 84' lang='lat' dir='ltr'><strong>optata</strong></span> 
     </span>
    </p>
   </div>
   <div class='ocr_carea' id='block_1_29' title="bbox 819 2756 2365 2826">
    <p class='ocr_par' dir='ltr' id='par_1_29' title="bbox 819 2756 2365 2826">
     <span class='ocr_line' id='line_1_29' title="bbox 819 2756 2365 2826; baseline -0.001 -14"><span class='ocrx_word' id='word_1_183' title='bbox 819 2761 964 2812; x_wconf 87' lang='lat' dir='ltr'><strong>illius</strong></span> <span class='ocrx_word' id='word_1_184' title='bbox 996 2772 1401 2826; x_wconf 86' lang='lat' dir='ltr'><strong>supergressus,</strong></span> <span class='ocrx_word' id='word_1_185' title='bbox 1437 2756 1722 2809; x_wconf 88' lang='lat' dir='ltr'><strong>dimidium</strong></span> <span class='ocrx_word' id='word_1_186' title='bbox 1776 2757 1852 2809; x_wconf 88' lang='lat' dir='ltr'><strong>illi</strong></span> <span class='ocrx_word' id='word_1_187' title='bbox 1905 2756 2182 2826; x_wconf 80' lang='lat' dir='ltr'><strong>Agrigenti</strong></span> <span class='ocrx_word' id='word_1_188' title='bbox 2230 2757 2365 2810; x_wconf 86' lang='lat' dir='ltr'><strong>civi-</strong></span> 
     </span>
    </p>
   </div>
   <div class='ocr_carea' id='block_1_30' title="bbox 821 2847 2363 2918">
    <p class='ocr_par' dir='ltr' id='par_1_30' title="bbox 821 2847 2363 2918">
     <span class='ocr_line' id='line_1_30' title="bbox 821 2847 2363 2918; baseline -0.002 -13"><span class='ocrx_word' id='word_1_189' title='bbox 821 2852 942 2905; x_wconf 85' lang='lat' dir='ltr'><strong>tatis</strong></span> <span class='ocrx_word' id='word_1_190' title='bbox 964 2851 1077 2904; x_wconf 88' lang='lat' dir='ltr'><strong>dari</strong></span> <span class='ocrx_word' id='word_1_191' title='bbox 1125 2850 1368 2918; x_wconf 87' lang='lat' dir='ltr'><strong>jusserit,</strong></span> <span class='ocrx_word' id='word_1_192' title='bbox 1395 2863 1502 2916; x_wconf 90' lang='lat' dir='ltr'><strong>quo</strong></span> <span class='ocrx_word' id='word_1_193' title='bbox 1527 2862 1626 2916; x_wconf 93' lang='lat' dir='ltr'><strong>pro</strong></span> <span class='ocrx_word' id='word_1_194' title='bbox 1660 2847 1817 2901; x_wconf 91' lang='lat' dir='ltr'><strong>libito</strong></span> <span class='ocrx_word' id='word_1_195' title='bbox 1852 2856 2117 2901; x_wconf 89' lang='lat' dir='ltr'><strong>uteretur.</strong></span> <span class='ocrx_word' id='word_1_196' title='bbox 2160 2847 2363 2902; x_wconf 87' lang='lat' dir='ltr'><strong>Deinde</strong></span> 
     </span>
    </p>
   </div>
   <div class='ocr_carea' id='block_1_31' title="bbox 819 2936 2364 3008">
    <p class='ocr_par' dir='ltr' id='par_1_31' title="bbox 819 2936 2364 3008">
     <span class='ocr_line' id='line_1_31' title="bbox 819 2936 2364 3008; baseline -0.003 -16"><span class='ocrx_word' id='word_1_197' title='bbox 819 2939 1152 3008; x_wconf 77' lang='lat' dir='ltr'><strong>amplexatus</strong></span> <span class='ocrx_word' id='word_1_198' title='bbox 1200 2938 1372 2992; x_wconf 91' lang='lat' dir='ltr'><strong>illum.</strong></span> <span class='ocrx_word' id='word_1_199' title='bbox 1408 2950 1709 3002; x_wconf 87' lang='lat' dir='ltr'><strong>rogansque</strong></span> <span class='ocrx_word' id='word_1_200' title='bbox 1744 2952 1809 2988; x_wconf 91' lang='lat' dir='ltr'><strong>nc</strong></span> <span class='ocrx_word' id='word_1_201' title='bbox 1841 2936 1922 2990; x_wconf 89' lang='lat' dir='ltr'><strong>sui</strong></span> <span class='ocrx_word' id='word_1_202' title='bbox 1956 2936 2364 2988; x_wconf 90' lang='lat' dir='ltr'><strong>oblivisceretur</strong></span> 
     </span>
    </p>
   </div>
   <div class='ocr_carea' id='block_1_32' title="bbox 820 3024 2363 3098">
    <p class='ocr_par' dir='ltr' id='par_1_32' title="bbox 820 3024 2363 3098">
     <span class='ocr_line' id='line_1_32' title="bbox 820 3024 2363 3098; baseline -0.003 -16"><span class='ocrx_word' id='word_1_203' title='bbox 820 3045 952 3084; x_wconf 86' lang='lat' dir='ltr'><strong>neve</strong></span> <span class='ocrx_word' id='word_1_204' title='bbox 1007 3038 1317 3098; x_wconf 80' lang='lat' dir='ltr'><strong>gravaretur</strong></span> <span class='ocrx_word' id='word_1_205' title='bbox 1345 3041 1442 3094; x_wconf 88' lang='lat' dir='ltr'><strong>pro</strong></span> <span class='ocrx_word' id='word_1_206' title='bbox 1476 3040 1533 3078; x_wconf 90' lang='lat' dir='ltr'><strong>se</strong></span> <span class='ocrx_word' id='word_1_207' title='bbox 1560 3025 1727 3078; x_wconf 90' lang='lat' dir='ltr'><strong>Deum</strong></span> <span class='ocrx_word' id='word_1_208' title='bbox 1764 3025 1998 3094; x_wconf 88' lang='lat' dir='ltr'><strong>precari,</strong></span> <span class='ocrx_word' id='word_1_209' title='bbox 2037 3024 2269 3078; x_wconf 88' lang='lat' dir='ltr'><strong>dimisit.</strong></span> <span class='ocrx_word' id='word_1_210' title='bbox 2293 3025 2363 3078; x_wconf 78' lang='lat' dir='ltr'><strong>At</strong></span> 
     </span>
    </p>
   </div>
   <div class='ocr_carea' id='block_1_33' title="bbox 821 3115 2359 3186">
    <p class='ocr_par' dir='ltr' id='par_1_33' title="bbox 821 3115 2359 3186">
     <span class='ocr_line' id='line_1_33' title="bbox 821 3115 2359 3186; baseline -0.002 -15"><span class='ocrx_word' id='word_1_211' title='bbox 821 3135 948 3173; x_wconf 83' lang='lat' dir='ltr'><strong>vero</strong></span> <span class='ocrx_word' id='word_1_212' title='bbox 978 3135 1043 3172; x_wconf 90' lang='lat' dir='ltr'><strong>ne</strong></span> <span class='ocrx_word' id='word_1_213' title='bbox 1103 3119 1287 3186; x_wconf 89' lang='lat' dir='ltr'><strong>regina</strong></span> <span class='ocrx_word' id='word_1_214' title='bbox 1338 3115 1733 3184; x_wconf 5' lang='lat' dir='ltr'><strong>qiiidechirca</strong></span> <span class='ocrx_word' id='word_1_215' title='bbox 1788 3116 1965 3168; x_wconf 89' lang='lat' dir='ltr'><strong>virum</strong></span> <span class='ocrx_word' id='word_1_216' title='bbox 1991 3124 2237 3168; x_wconf 90' lang='lat' dir='ltr'><strong>sanctum</strong></span> <span class='ocrx_word' id='word_1_217' title='bbox 2271 3130 2359 3168; x_wconf 89' lang='lat' dir='ltr'><strong>se-</strong></span> 
     </span>
    </p>
   </div>
   <div class='ocr_carea' id='block_1_34' title="bbox 817 3205 2360 3280">
    <p class='ocr_par' dir='ltr' id='par_1_34' title="bbox 817 3205 2360 3280">
     <span class='ocr_line' id='line_1_34' title="bbox 817 3205 2360 3280; baseline -0.002 -18"><span class='ocrx_word' id='word_1_218' title='bbox 817 3213 975 3280; x_wconf 80' lang='lat' dir='ltr'><strong>gnius</strong></span> <span class='ocrx_word' id='word_1_219' title='bbox 1005 3209 1196 3262; x_wconf 72' lang='lat' dir='ltr'><strong>aﬂecta</strong></span> <span class='ocrx_word' id='word_1_220' title='bbox 1232 3210 1345 3261; x_wconf 87' lang='lat' dir='ltr'><strong>visa</strong></span> <span class='ocrx_word' id='word_1_221' title='bbox 1375 3217 1476 3260; x_wconf 90' lang='lat' dir='ltr'><strong>est.</strong></span> <span class='ocrx_word' id='word_1_222' title='bbox 1507 3206 1637 3259; x_wconf 89' lang='lat' dir='ltr'><strong>Nam</strong></span> <span class='ocrx_word' id='word_1_223' title='bbox 1671 3217 1726 3260; x_wconf 95' lang='lat' dir='ltr'><strong>et</strong></span> <span class='ocrx_word' id='word_1_224' title='bbox 1765 3207 1877 3274; x_wconf 90' lang='lat' dir='ltr'><strong>ipsa</strong></span> <span class='ocrx_word' id='word_1_225' title='bbox 1907 3221 2030 3259; x_wconf 90' lang='lat' dir='ltr'><strong>cum</strong></span> <span class='ocrx_word' id='word_1_226' title='bbox 2080 3205 2360 3259; x_wconf 88' lang='lat' dir='ltr'><strong>didicisset</strong></span> 
     </span>
    </p>
   </div>
   <div class='ocr_carea' id='block_1_35' title="bbox 817 3296 2356 3369">
    <p class='ocr_par' dir='ltr' id='par_1_35' title="bbox 817 3296 2356 3369">
     <span class='ocr_line' id='line_1_35' title="bbox 817 3296 2356 3369; baseline -0.006 -12"><span class='ocrx_word' id='word_1_227' title='bbox 817 3301 1132 3369; x_wconf 85' lang='lat' dir='ltr'><strong>Gregorium</strong></span> <span class='ocrx_word' id='word_1_228' title='bbox 1178 3299 1410 3352; x_wconf 91' lang='lat' dir='ltr'><strong>amicum</strong></span> <span class='ocrx_word' id='word_1_229' title='bbox 1466 3299 1574 3350; x_wconf 87' lang='lat' dir='ltr'><strong>Deo</strong></span> <span class='ocrx_word' id='word_1_230' title='bbox 1632 3312 1694 3350; x_wconf 88' lang='lat' dir='ltr'><strong>ac</strong></span> <span class='ocrx_word' id='word_1_231' title='bbox 1747 3296 2163 3364; x_wconf 79' lang='lat' dir='ltr'><strong>perfamiliarem</strong></span> <span class='ocrx_word' id='word_1_232' title='bbox 2213 3311 2356 3358; x_wconf 87' lang='lat' dir='ltr'><strong>esse,</strong></span> 
     </span>
    </p>
   </div>
   <div class='ocr_carea' id='block_1_36' title="bbox 820 3384 2357 3448">
    <p class='ocr_par' dir='ltr' id='par_1_36' title="bbox 820 3384 2357 3448">
     <span class='ocr_line' id='line_1_36' title="bbox 820 3384 2357 3448; baseline -0.005 -6"><span class='ocrx_word' id='word_1_233' title='bbox 820 3399 1237 3444; x_wconf 81' lang='lat' dir='ltr'><strong>consentaneam</strong></span> <span class='ocrx_word' id='word_1_234' title='bbox 1268 3387 1344 3439; x_wconf 90' lang='lat' dir='ltr'><strong>illi</strong></span> <span class='ocrx_word' id='word_1_235' title='bbox 1401 3385 1756 3438; x_wconf 84' lang='lat' dir='ltr'><strong>reverentiam</strong></span> <span class='ocrx_word' id='word_1_236' title='bbox 1808 3384 2024 3448; x_wconf 88' lang='lat' dir='ltr'><strong>detulit,</strong></span> <span class='ocrx_word' id='word_1_237' title='bbox 2068 3401 2130 3438; x_wconf 91' lang='lat' dir='ltr'><strong>ac</strong></span> <span class='ocrx_word' id='word_1_238' title='bbox 2199 3384 2357 3436; x_wconf 87' lang='lat' dir='ltr'><strong>donis</strong></span> 
     </span>
    </p>
   </div>
   <div class='ocr_carea' id='block_1_37' title="bbox 818 3476 2352 3551">
    <p class='ocr_par' dir='ltr' id='par_1_37' title="bbox 818 3476 2352 3551">
     <span class='ocr_line' id='line_1_37' title="bbox 818 3476 2352 3551; baseline -0.004 -17"><span class='ocrx_word' id='word_1_239' title='bbox 818 3497 981 3551; x_wconf 89' lang='lat' dir='ltr'><strong>quam</strong></span> <span class='ocrx_word' id='word_1_240' title='bbox 1025 3483 1201 3549; x_wconf 92' lang='lat' dir='ltr'><strong>potuit</strong></span> <span class='ocrx_word' id='word_1_241' title='bbox 1257 3477 1810 3546; x_wconf 84' lang='lat' dir='ltr'><strong>magnificentioribus</strong></span> <span class='ocrx_word' id='word_1_242' title='bbox 1864 3476 2132 3530; x_wconf 80' lang='lat' dir='ltr'><strong>demereri</strong></span> <span class='ocrx_word' id='word_1_243' title='bbox 2199 3477 2352 3529; x_wconf 93' lang='lat' dir='ltr'><strong>illum</strong></span> 
     </span>
    </p>
   </div>
   <div class='ocr_carea' id='block_1_38' title="bbox 819 3562 2352 3633">
    <p class='ocr_par' dir='ltr' id='par_1_38' title="bbox 819 3562 2352 3633">
     <span class='ocr_line' id='line_1_38' title="bbox 819 3562 2352 3633; baseline -0.007 -9"><span class='ocrx_word' id='word_1_244' title='bbox 819 3581 1013 3624; x_wconf 84' lang='lat' dir='ltr'><strong>conata</strong></span> <span class='ocrx_word' id='word_1_245' title='bbox 1044 3580 1143 3622; x_wconf 85' lang='lat' dir='ltr'><strong>est.</strong></span> <span class='ocrx_word' id='word_1_246' title='bbox 1173 3566 1512 3633; x_wconf 85' lang='lat' dir='ltr'><strong>Quapropter</strong></span> <span class='ocrx_word' id='word_1_247' title='bbox 1541 3578 1791 3632; x_wconf 90' lang='lat' dir='ltr'><strong>egressus</strong></span> <span class='ocrx_word' id='word_1_248' title='bbox 1825 3563 1957 3616; x_wconf 88' lang='lat' dir='ltr'><strong>urbe</strong></span> <span class='ocrx_word' id='word_1_249' title='bbox 2014 3562 2352 3616; x_wconf 86' lang='lat' dir='ltr'><strong>Constantini</strong></span> 
     </span>
    </p>
   </div>
   <div class='ocr_carea' id='block_1_39' title="bbox 820 3654 2356 3726">
    <p class='ocr_par' dir='ltr' id='par_1_39' title="bbox 820 3654 2356 3726">
     <span class='ocr_line' id='line_1_39' title="bbox 820 3654 2356 3726; baseline -0.005 -11"><span class='ocrx_word' id='word_1_250' title='bbox 820 3663 1044 3715; x_wconf 79' lang='lat' dir='ltr'><strong>Romam</strong></span> <span class='ocrx_word' id='word_1_251' title='bbox 1074 3658 1346 3726; x_wconf 87' lang='lat' dir='ltr'><strong>profectus</strong></span> <span class='ocrx_word' id='word_1_252' title='bbox 1377 3665 1479 3708; x_wconf 86' lang='lat' dir='ltr'><strong>est.</strong></span> <span class='ocrx_word' id='word_1_253' title='bbox 1504 3654 1603 3709; x_wconf 86' lang='lat' dir='ltr'><strong>Ubi</strong></span> <span class='ocrx_word' id='word_1_254' title='bbox 1640 3670 1669 3708; x_wconf 90' lang='lat' dir='ltr'><strong>a</strong></span> <span class='ocrx_word' id='word_1_255' title='bbox 1693 3655 1946 3722; x_wconf 87' lang='lat' dir='ltr'><strong>pontifice</strong></span> <span class='ocrx_word' id='word_1_256' title='bbox 1992 3670 2135 3708; x_wconf 86' lang='lat' dir='ltr'><strong>max.</strong></span> <span class='ocrx_word' id='word_1_257' title='bbox 2168 3671 2356 3724; x_wconf 87' lang='lat' dir='ltr'><strong>magna</strong></span> 
     </span>
    </p>
   </div>
   <div class='ocr_carea' id='block_1_40' title="bbox 822 3744 2359 3813">
    <p class='ocr_par' dir='ltr' id='par_1_40' title="bbox 822 3744 2359 3813">
     <span class='ocr_line' id='line_1_40' title="bbox 822 3744 2359 3813; baseline -0.003 -9"><span class='ocrx_word' id='word_1_258' title='bbox 822 3749 1123 3804; x_wconf 88' lang='lat' dir='ltr'><strong>reverentia</strong></span> <span class='ocrx_word' id='word_1_259' title='bbox 1157 3754 1472 3812; x_wconf 88' lang='lat' dir='ltr'><strong>susceptus,</strong></span> <span class='ocrx_word' id='word_1_260' title='bbox 1497 3744 1846 3812; x_wconf 80' lang='lat' dir='ltr'><strong>Agrigentum</strong></span> <span class='ocrx_word' id='word_1_261' title='bbox 1899 3758 2008 3797; x_wconf 90' lang='lat' dir='ltr'><strong>non</strong></span> <span class='ocrx_word' id='word_1_262' title='bbox 2034 3746 2204 3799; x_wconf 87' lang='lat' dir='ltr'><strong>multo</strong></span> <span class='ocrx_word' id='word_1_263' title='bbox 2237 3755 2359 3813; x_wconf 90' lang='lat' dir='ltr'><strong>post</strong></span> 
     </span>
    </p>
   </div>
   <div class='ocr_carea' id='block_1_41' title="bbox 820 3835 2358 3906">
    <p class='ocr_par' dir='ltr' id='par_1_41' title="bbox 820 3835 2358 3906">
     <span class='ocr_line' id='line_1_41' title="bbox 820 3835 2358 3906; baseline -0.004 -13"><span class='ocrx_word' id='word_1_264' title='bbox 820 3840 1125 3906; x_wconf 86' lang='lat' dir='ltr'><strong>adnavigat,</strong></span> <span class='ocrx_word' id='word_1_265' title='bbox 1181 3837 1400 3905; x_wconf 86' lang='lat' dir='ltr'><strong>quicum</strong></span> <span class='ocrx_word' id='word_1_266' title='bbox 1450 3835 1557 3888; x_wconf 92' lang='lat' dir='ltr'><strong>duo</strong></span> <span class='ocrx_word' id='word_1_267' title='bbox 1599 3835 1832 3897; x_wconf 81' lang='lat' dir='ltr'><strong>diaconi,</strong></span> <span class='ocrx_word' id='word_1_268' title='bbox 1887 3845 1946 3887; x_wconf 91' lang='lat' dir='ltr'><strong>ut</strong></span> <span class='ocrx_word' id='word_1_269' title='bbox 1982 3835 2034 3888; x_wconf 92' lang='lat' dir='ltr'><strong>in</strong></span> <span class='ocrx_word' id='word_1_270' title='bbox 2079 3837 2358 3904; x_wconf 89' lang='lat' dir='ltr'><strong>proprium</strong></span> 
     </span>
    </p>
   </div>
   <div class='ocr_carea' id='block_1_42' title="bbox 824 3925 2357 3996">
    <p class='ocr_par' dir='ltr' id='par_1_42' title="bbox 824 3925 2357 3996">
     <span class='ocr_line' id='line_1_42' title="bbox 824 3925 2357 3996; baseline 0 -14"><span class='ocrx_word' id='word_1_271' title='bbox 824 3933 970 3982; x_wconf 81' lang='lat' dir='ltr'><strong>illum</strong></span> <span class='ocrx_word' id='word_1_272' title='bbox 997 3930 1366 3996; x_wconf 84' lang='lat' dir='ltr'><strong>episcOpatum</strong></span> <span class='ocrx_word' id='word_1_273' title='bbox 1392 3925 1758 3988; x_wconf 85' lang='lat' dir='ltr'><strong>restituerent,</strong></span> <span class='ocrx_word' id='word_1_274' title='bbox 1785 3927 1934 3980; x_wconf 90' lang='lat' dir='ltr'><strong>missi</strong></span> <span class='ocrx_word' id='word_1_275' title='bbox 1971 3936 2121 3981; x_wconf 88' lang='lat' dir='ltr'><strong>sunt.</strong></span> <span class='ocrx_word' id='word_1_276' title='bbox 2185 3930 2357 3982; x_wconf 90' lang='lat' dir='ltr'><strong>Porro</strong></span> 
     </span>
    </p>
   </div>
   <div class='ocr_carea' id='block_1_43' title="bbox 822 4015 2356 4084">
    <p class='ocr_par' dir='ltr' id='par_1_43' title="bbox 822 4015 2356 4084">
     <span class='ocr_line' id='line_1_43' title="bbox 822 4015 2356 4084; baseline 0.001 -12"><span class='ocrx_word' id='word_1_277' title='bbox 822 4031 875 4072; x_wconf 80' lang='lat' dir='ltr'><strong>et</strong></span> <span class='ocrx_word' id='word_1_278' title='bbox 908 4021 1017 4072; x_wconf 89' lang='lat' dir='ltr'><strong>illic</strong></span> <span class='ocrx_word' id='word_1_279' title='bbox 1055 4027 1159 4070; x_wconf 91' lang='lat' dir='ltr'><strong>tam</strong></span> <span class='ocrx_word' id='word_1_280' title='bbox 1197 4017 1384 4084; x_wconf 86' lang='lat' dir='ltr'><strong>ingens</strong></span> <span class='ocrx_word' id='word_1_281' title='bbox 1415 4015 1516 4068; x_wconf 83' lang='lat' dir='ltr'><strong>viri</strong></span> <span class='ocrx_word' id='word_1_282' title='bbox 1544 4015 1712 4068; x_wconf 85' lang='lat' dir='ltr'><strong>sancti</strong></span> <span class='ocrx_word' id='word_1_283' title='bbox 1744 4017 1883 4084; x_wconf 90' lang='lat' dir='ltr'><strong>apud</strong></span> <span class='ocrx_word' id='word_1_284' title='bbox 1940 4032 2129 4074; x_wconf 91' lang='lat' dir='ltr'><strong>omnes</strong></span> <span class='ocrx_word' id='word_1_285' title='bbox 2155 4021 2356 4074; x_wconf 82' lang='lat' dir='ltr'><strong>conﬂa-</strong></span> 
     </span>
    </p>
   </div>
   <div class='ocr_carea' id='block_1_44' title="bbox 824 4105 2354 4170">
    <p class='ocr_par' dir='ltr' id='par_1_44' title="bbox 824 4105 2354 4170">
     <span class='ocr_line' id='line_1_44' title="bbox 824 4105 2354 4170; baseline 0.002 -9"><span class='ocrx_word' id='word_1_286' title='bbox 824 4123 911 4163; x_wconf 87' lang='lat' dir='ltr'><strong>tur</strong></span> <span class='ocrx_word' id='word_1_287' title='bbox 943 4107 1291 4170; x_wconf 87' lang='lat' dir='ltr'><strong>desiderium,</strong></span> <span class='ocrx_word' id='word_1_288' title='bbox 1341 4114 1398 4158; x_wconf 95' lang='lat' dir='ltr'><strong>ut</strong></span> <span class='ocrx_word' id='word_1_289' title='bbox 1454 4105 1596 4158; x_wconf 89' lang='lat' dir='ltr'><strong>illius</strong></span> <span class='ocrx_word' id='word_1_290' title='bbox 1644 4106 1842 4160; x_wconf 89' lang='lat' dir='ltr'><strong>virtute</strong></span> <span class='ocrx_word' id='word_1_291' title='bbox 1892 4123 2001 4162; x_wconf 88' lang='lat' dir='ltr'><strong>non</strong></span> <span class='ocrx_word' id='word_1_292' title='bbox 2061 4109 2354 4165; x_wconf 88' lang='lat' dir='ltr'><strong>obscurum</strong></span> 
     </span>
    </p>
   </div>
   <div class='ocr_carea' id='block_1_45' title="bbox 821 4195 2355 4266">
    <p class='ocr_par' dir='ltr' id='par_1_45' title="bbox 821 4195 2355 4266">
     <span class='ocr_line' id='line_1_45' title="bbox 821 4195 2355 4266; baseline 0 -13"><span class='ocrx_word' id='word_1_293' title='bbox 821 4200 1186 4253; x_wconf 83' lang='lat' dir='ltr'><strong>testimonium</strong></span> <span class='ocrx_word' id='word_1_294' title='bbox 1247 4195 1492 4257; x_wconf 80' lang='lat' dir='ltr'><strong>fecerint,</strong></span> <span class='ocrx_word' id='word_1_295' title='bbox 1542 4195 1668 4248; x_wconf 91' lang='lat' dir='ltr'><strong>dum</strong></span> <span class='ocrx_word' id='word_1_296' title='bbox 1724 4197 1811 4263; x_wconf 90' lang='lat' dir='ltr'><strong>pia</strong></span> <span class='ocrx_word' id='word_1_297' title='bbox 1877 4198 2029 4265; x_wconf 89' lang='lat' dir='ltr'><strong>plebs</strong></span> <span class='ocrx_word' id='word_1_298' title='bbox 2079 4200 2355 4266; x_wconf 85' lang='lat' dir='ltr'><strong>universa,</strong></span> 
     </span>
    </p>
   </div>
   <div class='ocr_carea' id='block_1_46' title="bbox 821 4279 2352 4352">
    <p class='ocr_par' dir='ltr' id='par_1_46' title="bbox 821 4279 2352 4352">
     <span class='ocr_line' id='line_1_46' title="bbox 821 4279 2352 4352; baseline 0.002 -15"><span class='ocrx_word' id='word_1_299' title='bbox 821 4293 1160 4351; x_wconf 84' lang='lat' dir='ltr'><strong>cunctosque</strong></span> <span class='ocrx_word' id='word_1_300' title='bbox 1195 4282 1427 4350; x_wconf 88' lang='lat' dir='ltr'><strong>populus</strong></span> <span class='ocrx_word' id='word_1_301' title='bbox 1458 4279 1610 4335; x_wconf 83' lang='lat' dir='ltr'><strong>extra</strong></span> <span class='ocrx_word' id='word_1_302' title='bbox 1676 4283 1948 4335; x_wconf 89' lang='lat' dir='ltr'><strong>civitatem</strong></span> <span class='ocrx_word' id='word_1_303' title='bbox 1981 4287 2207 4352; x_wconf 87' lang='lat' dir='ltr'><strong>egressi,</strong></span> <span class='ocrx_word' id='word_1_304' title='bbox 2239 4295 2352 4340; x_wconf 91' lang='lat' dir='ltr'><strong>tum</strong></span> 
     </span>
    </p>
   </div>
   <div class='ocr_carea' id='block_1_47' title="bbox 821 4370 2356 4437">
    <p class='ocr_par' dir='ltr' id='par_1_47' title="bbox 821 4370 2356 4437">
     <span class='ocr_line' id='line_1_47' title="bbox 821 4370 2356 4437; baseline 0.003 -10"><span class='ocrx_word' id='word_1_305' title='bbox 821 4373 1090 4437; x_wconf 87' lang='lat' dir='ltr'><strong>laudibus,</strong></span> <span class='ocrx_word' id='word_1_306' title='bbox 1138 4381 1250 4424; x_wconf 90' lang='lat' dir='ltr'><strong>tum</strong></span> <span class='ocrx_word' id='word_1_307' title='bbox 1306 4371 1476 4423; x_wconf 89' lang='lat' dir='ltr'><strong>sacris</strong></span> <span class='ocrx_word' id='word_1_308' title='bbox 1521 4370 1881 4435; x_wconf 82' lang='lat' dir='ltr'><strong>cantionibus,</strong></span> <span class='ocrx_word' id='word_1_309' title='bbox 1932 4383 1984 4427; x_wconf 88' lang='lat' dir='ltr'><strong>ut</strong></span> <span class='ocrx_word' id='word_1_310' title='bbox 2034 4391 2143 4429; x_wconf 91' lang='lat' dir='ltr'><strong>non</strong></span> <span class='ocrx_word' id='word_1_311' title='bbox 2199 4377 2356 4433; x_wconf 80' lang='lat' dir='ltr'><strong>facile</strong></span> 
     </span>
    </p>
   </div>
   <div class='ocr_carea' id='block_1_48' title="bbox 2470 599 4022 677">
    <p class='ocr_par' dir='ltr' id='par_1_48' title="bbox 2470 599 4022 677">
     <span class='ocr_line' id='line_1_48' title="bbox 2470 599 4022 677; baseline 0.009 -28"><span class='ocrx_word' id='word_1_312' title='bbox 2470 615 2583 661; x_wconf 88' lang='grc' dir='ltr'>τος,</span> <span class='ocrx_word' id='word_1_313' title='bbox 2607 601 2635 650; x_wconf 88' lang='grc' dir='ltr'>ὀ</span> <span class='ocrx_word' id='word_1_314' title='bbox 2663 599 2916 667; x_wconf 78' lang='grc' dir='ltr'>βασιλεὺς</span> <span class='ocrx_word' id='word_1_315' title='bbox 2946 602 3042 672; x_wconf 78' lang='grc' dir='ltr'>τὴν</span> <span class='ocrx_word' id='word_1_316' title='bbox 3072 603 3205 673; x_wconf 80' lang='grc' dir='ltr'>πρὸς</span> <span class='ocrx_word' id='word_1_317' title='bbox 3235 605 3399 657; x_wconf 80' lang='grc' dir='ltr'>αὐτὸν</span> <span class='ocrx_word' id='word_1_318' title='bbox 3430 606 3642 659; x_wconf 69' lang='grc' dir='ltr'>ἐδείκνυ</span> <span class='ocrx_word' id='word_1_319' title='bbox 3687 608 4022 677; x_wconf 79' lang='grc' dir='ltr'>φιλοφροσύ-</span> 
     </span>
    </p>
   </div>
   <div class='ocr_carea' id='block_1_49' title="bbox 2471 692 4034 767">
    <p class='ocr_par' dir='ltr' id='par_1_49' title="bbox 2471 692 4034 767">
     <span class='ocr_line' id='line_1_49' title="bbox 2471 692 4034 767; baseline 0.008 -25"><span class='ocrx_word' id='word_1_320' title='bbox 2471 708 2594 760; x_wconf 93' lang='grc' dir='ltr'>νην,</span> <span class='ocrx_word' id='word_1_321' title='bbox 2646 692 2738 743; x_wconf 86' lang='grc' dir='ltr'>καὶ</span> <span class='ocrx_word' id='word_1_322' title='bbox 2780 692 2877 744; x_wconf 89' lang='grc' dir='ltr'><strong>τοῦ</strong></span> <span class='ocrx_word' id='word_1_323' title='bbox 2915 693 3106 762; x_wconf 85' lang='grc' dir='ltr'>θρόνου</span> <span class='ocrx_word' id='word_1_324' title='bbox 3150 695 3447 761; x_wconf 74' lang='grc' dir='ltr'>ἐξαναστάς</span> <span class='ocrx_word' id='word_1_325' title='bbox 3493 699 3790 767; x_wconf 81' lang='grc' dir='ltr'>περιέϐαλέ</span> <span class='ocrx_word' id='word_1_326' title='bbox 3824 719 3883 753; x_wconf 89' lang='grc' dir='ltr'><strong>τε</strong></span> <span class='ocrx_word' id='word_1_327' title='bbox 3935 702 4034 754; x_wconf 77' lang='grc' dir='ltr'>καὶ</span> 
     </span>
    </p>
   </div>
   <div class='ocr_carea' id='block_1_50' title="bbox 2469 781 4032 858">
    <p class='ocr_par' dir='ltr' id='par_1_50' title="bbox 2469 781 4032 858">
     <span class='ocr_line' id='line_1_50' title="bbox 2469 781 4032 858; baseline 0.008 -27"><span class='ocrx_word' id='word_1_328' title='bbox 2469 781 2874 850; x_wconf 80' lang='grc' dir='ltr'>κατησπάζετο.</span> <span class='ocrx_word' id='word_1_329' title='bbox 2920 782 3170 854; x_wconf 84' lang='grc' dir='ltr'>Ἧμερῶν</span> <span class='ocrx_word' id='word_1_330' title='bbox 3199 785 3257 838; x_wconf 84' lang='grc' dir='ltr'><strong>δέ</strong></span> <span class='ocrx_word' id='word_1_331' title='bbox 3300 803 3460 840; x_wconf 87' lang='grc' dir='ltr'>τινων</span> <span class='ocrx_word' id='word_1_332' title='bbox 3485 788 3904 858; x_wconf 66' lang='grc' dir='ltr'><strong>διαγενομένων,</strong></span> <span class='ocrx_word' id='word_1_333' title='bbox 3947 793 4032 853; x_wconf 83' lang='grc' dir='ltr'><strong>είς</strong></span> 
     </span>
    </p>
   </div>
   <div class='ocr_carea' id='block_1_51' title="bbox 2468 871 4033 951">
    <p class='ocr_par' dir='ltr' id='par_1_51' title="bbox 2468 871 4033 951">
     <span class='ocr_line' id='line_1_51' title="bbox 2468 871 4033 951; baseline 0.009 -29"><span class='ocrx_word' id='word_1_334' title='bbox 2468 871 2595 924; x_wconf 84' lang='grc' dir='ltr'>νοῦν</span> <span class='ocrx_word' id='word_1_335' title='bbox 2618 873 2768 944; x_wconf 82' lang='grc' dir='ltr'>αὐτῷ</span> <span class='ocrx_word' id='word_1_336' title='bbox 2815 872 3073 943; x_wconf 84' lang='grc' dir='ltr'>βάλλεται</span> <span class='ocrx_word' id='word_1_337' title='bbox 3111 876 3266 940; x_wconf 87' lang='grc' dir='ltr'>νέους</span> <span class='ocrx_word' id='word_1_338' title='bbox 3311 879 3450 950; x_wconf 82' lang='grc' dir='ltr'>πρὸς</span> <span class='ocrx_word' id='word_1_339' title='bbox 3498 880 3609 934; x_wconf 88' lang='grc' dir='ltr'><strong>τῶν</strong></span> <span class='ocrx_word' id='word_1_340' title='bbox 3646 882 3836 951; x_wconf 76' lang='grc' dir='ltr'>ἱερέων</span> <span class='ocrx_word' id='word_1_341' title='bbox 3878 887 4033 936; x_wconf 70' lang='grc' dir='ltr'>εκτε-</span> 
     </span>
    </p>
   </div>
   <div class='ocr_carea' id='block_1_52' title="bbox 2467 960 4034 1044">
    <p class='ocr_par' dir='ltr' id='par_1_52' title="bbox 2467 960 4034 1044">
     <span class='ocr_line' id='line_1_52' title="bbox 2467 960 4034 1044; baseline 0.008 -30"><span class='ocrx_word' id='word_1_342' title='bbox 2467 960 2631 1032; x_wconf 80' lang='grc' dir='ltr'>θῆναι</span> <span class='ocrx_word' id='word_1_343' title='bbox 2656 965 2911 1030; x_wconf 80' lang='grc' dir='ltr'>κανόνας,</span> <span class='ocrx_word' id='word_1_344' title='bbox 2961 966 3015 1021; x_wconf 77' lang='grc' dir='ltr'><strong>οι</strong></span> <span class='ocrx_word' id='word_1_345' title='bbox 3063 969 3296 1032; x_wconf 72' lang='grc' dir='ltr'>καὶτοῖς</span> <span class='ocrx_word' id='word_1_346' title='bbox 3336 970 3476 1040; x_wconf 87' lang='grc' dir='ltr'><strong>μετά</strong></span> <span class='ocrx_word' id='word_1_347' title='bbox 3501 971 3694 1037; x_wconf 88' lang='grc' dir='ltr'>ταῦτα,</span> <span class='ocrx_word' id='word_1_348' title='bbox 3757 973 3896 1042; x_wconf 78' lang='grc' dir='ltr'>ὁμοῦ</span> <span class='ocrx_word' id='word_1_349' title='bbox 3933 977 4034 1044; x_wconf 81' lang='grc' dir='ltr'>μὲν</span> 
     </span>
    </p>
   </div>
   <div class='ocr_carea' id='block_1_53' title="bbox 2467 1052 4031 1132">
    <p class='ocr_par' dir='ltr' id='par_1_53' title="bbox 2467 1052 4031 1132">
     <span class='ocr_line' id='line_1_53' title="bbox 2467 1052 4031 1132; baseline 0.008 -28"><span class='ocrx_word' id='word_1_350' title='bbox 2467 1052 2754 1121; x_wconf 77' lang='grc' dir='ltr'><strong>ἀσφαλεῖς,</strong></span> <span class='ocrx_word' id='word_1_351' title='bbox 2808 1057 2945 1127; x_wconf 85' lang='grc' dir='ltr'>δμοῦ</span> <span class='ocrx_word' id='word_1_352' title='bbox 2968 1058 3025 1112; x_wconf 73' lang='grc' dir='ltr'>δδ</span> <span class='ocrx_word' id='word_1_353' title='bbox 3063 1060 3157 1113; x_wconf 77' lang='grc' dir='ltr'>καὶ</span> <span class='ocrx_word' id='word_1_354' title='bbox 3185 1060 3453 1132; x_wconf 80' lang='grc' dir='ltr'>ὠφέλιμοι</span> <span class='ocrx_word' id='word_1_355' title='bbox 3489 1063 3725 1128; x_wconf 76' lang='grc' dir='ltr'>δόξουσι.</span> <span class='ocrx_word' id='word_1_356' title='bbox 3780 1064 3885 1119; x_wconf 79' lang='grc' dir='ltr'><strong>Τὸν</strong></span> <span class='ocrx_word' id='word_1_357' title='bbox 3934 1065 4031 1118; x_wconf 83' lang='grc' dir='ltr'><strong>οῦν</strong></span> 
     </span>
    </p>
   </div>
   <div class='ocr_carea' id='block_1_54' title="bbox 2469 1143 4033 1224">
    <p class='ocr_par' dir='ltr' id='par_1_54' title="bbox 2469 1143 4033 1224">
     <span class='ocr_line' id='line_1_54' title="bbox 2469 1143 4033 1224; baseline 0.009 -31"><span class='ocrx_word' id='word_1_358' title='bbox 2469 1143 2819 1215; x_wconf 80' lang='grc' dir='ltr'>πατριάρχην</span> <span class='ocrx_word' id='word_1_359' title='bbox 2881 1149 3404 1220; x_wconf 78' lang='grc' dir='ltr'>μεταπεμψάμενος,</span> <span class='ocrx_word' id='word_1_360' title='bbox 3468 1155 3565 1206; x_wconf 80' lang='grc' dir='ltr'>καὶ</span> <span class='ocrx_word' id='word_1_361' title='bbox 3611 1153 3773 1206; x_wconf 78' lang='grc' dir='ltr'>αὑτὸν</span> <span class='ocrx_word' id='word_1_362' title='bbox 3820 1154 3883 1224; x_wconf 84' lang='grc' dir='ltr'>δὴ</span> <span class='ocrx_word' id='word_1_363' title='bbox 3936 1156 4033 1207; x_wconf 73' lang='grc' dir='ltr'>τὸν</span> 
     </span>
    </p>
   </div>
   <div class='ocr_carea' id='block_1_55' title="bbox 2469 1231 4032 1314">
    <p class='ocr_par' dir='ltr' id='par_1_55' title="bbox 2469 1231 4032 1314">
     <span class='ocr_line' id='line_1_55' title="bbox 2469 1231 4032 1314; baseline 0.01 -31"><span class='ocrx_word' id='word_1_364' title='bbox 2469 1231 2614 1286; x_wconf 79' lang='grc' dir='ltr'>θεῖον</span> <span class='ocrx_word' id='word_1_365' title='bbox 2637 1234 2953 1307; x_wconf 82' lang='grc' dir='ltr'>Γρηγόριον,</span> <span class='ocrx_word' id='word_1_366' title='bbox 2985 1240 3380 1308; x_wconf 60' lang='grc' dir='ltr'>κοινολογεὴαι</span> <span class='ocrx_word' id='word_1_367' title='bbox 3422 1244 3552 1311; x_wconf 72' lang='grc' dir='ltr'>περὶ</span> <span class='ocrx_word' id='word_1_368' title='bbox 3595 1243 3689 1297; x_wconf 90' lang='grc' dir='ltr'><strong>τοῦ</strong></span> <span class='ocrx_word' id='word_1_369' title='bbox 3727 1248 4032 1314; x_wconf 87' lang='grc' dir='ltr'>προκειμέ-</span> 
     </span>
    </p>
   </div>
   <div class='ocr_carea' id='block_1_56' title="bbox 2471 1325 4032 1403">
    <p class='ocr_par' dir='ltr' id='par_1_56' title="bbox 2471 1325 4032 1403">
     <span class='ocr_line' id='line_1_56' title="bbox 2471 1325 4032 1403; baseline 0.01 -30"><span class='ocrx_word' id='word_1_370' title='bbox 2471 1337 2594 1374; x_wconf 86' lang='grc' dir='ltr'>νου·</span> <span class='ocrx_word' id='word_1_371' title='bbox 2625 1325 2674 1376; x_wconf 77' lang='lat' dir='ltr'><strong>oi</strong></span> <span class='ocrx_word' id='word_1_372' title='bbox 2713 1327 2806 1379; x_wconf 79' lang='grc' dir='ltr'><strong>καὶ</strong></span> <span class='ocrx_word' id='word_1_373' title='bbox 2844 1329 2986 1382; x_wconf 88' lang='grc' dir='ltr'>πάνυ</span> <span class='ocrx_word' id='word_1_374' title='bbox 3009 1331 3245 1400; x_wconf 80' lang='grc' dir='ltr'>χρηστὸν</span> <span class='ocrx_word' id='word_1_375' title='bbox 3278 1328 3418 1386; x_wconf 75' lang='grc' dir='ltr'>εἶναι</span> <span class='ocrx_word' id='word_1_376' title='bbox 3449 1332 3512 1387; x_wconf 75' lang='grc' dir='ltr'><strong>τὸ</strong></span> <span class='ocrx_word' id='word_1_377' title='bbox 3546 1337 3779 1403; x_wconf 81' lang='grc' dir='ltr'>πρᾶγμα</span> <span class='ocrx_word' id='word_1_378' title='bbox 3797 1337 3896 1390; x_wconf 76' lang='grc' dir='ltr'>καὶ</span> <span class='ocrx_word' id='word_1_379' title='bbox 3917 1340 4032 1400; x_wconf 82' lang='grc' dir='ltr'>τοῖς</span> 
     </span>
    </p>
   </div>
   <div class='ocr_carea' id='block_1_57' title="bbox 2471 1416 4030 1496">
    <p class='ocr_par' dir='ltr' id='par_1_57' title="bbox 2471 1416 4030 1496">
     <span class='ocr_line' id='line_1_57' title="bbox 2471 1416 4030 1496; baseline 0.006 -28"><span class='ocrx_word' id='word_1_380' title='bbox 2471 1416 2778 1487; x_wconf 73' lang='grc' dir='ltr'>ὸρθοδόεοις</span> <span class='ocrx_word' id='word_1_381' title='bbox 2838 1419 3116 1487; x_wconf 81' lang='grc' dir='ltr'>ὠφέλιμον</span> <span class='ocrx_word' id='word_1_382' title='bbox 3182 1423 3512 1492; x_wconf 74' lang='grc' dir='ltr'><strong>εἰρηκότες,</strong></span> <span class='ocrx_word' id='word_1_383' title='bbox 3574 1425 3671 1478; x_wconf 86' lang='grc' dir='ltr'><strong>τοῦ</strong></span> <span class='ocrx_word' id='word_1_384' title='bbox 3729 1425 3874 1496; x_wconf 84' lang='grc' dir='ltr'>ίεροῦ</span> <span class='ocrx_word' id='word_1_385' title='bbox 3927 1428 4030 1492; x_wconf 75' lang='grc' dir='ltr'>τῆς</span> 
     </span>
    </p>
   </div>
   <div class='ocr_carea' id='block_1_58' title="bbox 2471 1508 4024 1586">
    <p class='ocr_par' dir='ltr' id='par_1_58' title="bbox 2471 1508 4024 1586">
     <span class='ocr_line' id='line_1_58' title="bbox 2471 1508 4024 1586; baseline 0.007 -28"><span class='ocrx_word' id='word_1_386' title='bbox 2471 1508 2727 1575; x_wconf 89' lang='grc' dir='ltr'>νηστείας</span> <span class='ocrx_word' id='word_1_387' title='bbox 2760 1509 3168 1573; x_wconf 83' lang='grc' dir='ltr'>καταλαϐόντος</span> <span class='ocrx_word' id='word_1_388' title='bbox 3200 1513 3421 1580; x_wconf 83' lang='grc' dir='ltr'>καιροῦ,</span> <span class='ocrx_word' id='word_1_389' title='bbox 3453 1513 3548 1566; x_wconf 89' lang='grc' dir='ltr'><strong>τοῦ</strong></span> <span class='ocrx_word' id='word_1_390' title='bbox 3582 1517 3746 1568; x_wconf 88' lang='grc' dir='ltr'>πόνου</span> <span class='ocrx_word' id='word_1_391' title='bbox 3794 1516 4024 1586; x_wconf 74' lang='grc' dir='ltr'>εἴχοντο,</span> 
     </span>
    </p>
   </div>
   <div class='ocr_carea' id='block_1_59' title="bbox 2473 1598 4030 1674">
    <p class='ocr_par' dir='ltr' id='par_1_59' title="bbox 2473 1598 4030 1674">
     <span class='ocr_line' id='line_1_59' title="bbox 2473 1598 4030 1674; baseline 0.006 -26"><span class='ocrx_word' id='word_1_392' title='bbox 2473 1598 3093 1668; x_wconf 63' lang='grc' dir='ltr'>συνεπιλαμϐαωμένου</span> <span class='ocrx_word' id='word_1_393' title='bbox 3123 1603 3304 1665; x_wconf 76' lang='grc' dir='ltr'>αὐτοῖς</span> <span class='ocrx_word' id='word_1_394' title='bbox 3336 1605 3433 1657; x_wconf 84' lang='grc' dir='ltr'>καὶ</span> <span class='ocrx_word' id='word_1_395' title='bbox 3458 1603 3553 1656; x_wconf 83' lang='grc' dir='ltr'><strong>τοῦ</strong></span> <span class='ocrx_word' id='word_1_396' title='bbox 3581 1605 3866 1674; x_wconf 77' lang='grc' dir='ltr'>βασιλέως.</span> <span class='ocrx_word' id='word_1_397' title='bbox 3919 1608 4030 1659; x_wconf 76' lang='grc' dir='ltr'><strong>Καὶ</strong></span> 
     </span>
    </p>
   </div>
   <div class='ocr_carea' id='block_1_60' title="bbox 2472 1688 4029 1766">
    <p class='ocr_par' dir='ltr' id='par_1_60' title="bbox 2472 1688 4029 1766">
     <span class='ocr_line' id='line_1_60' title="bbox 2472 1688 4029 1766; baseline 0.007 -26"><span class='ocrx_word' id='word_1_398' title='bbox 2472 1688 2646 1752; x_wconf 77' lang='grc' dir='ltr'>οὓτως</span> <span class='ocrx_word' id='word_1_399' title='bbox 2689 1691 2737 1742; x_wconf 85' lang='lat' dir='ltr'><strong>oi</strong></span> <span class='ocrx_word' id='word_1_400' title='bbox 2769 1691 2871 1760; x_wconf 74' lang='grc' dir='ltr'>μὲν</span> <span class='ocrx_word' id='word_1_401' title='bbox 2899 1694 3030 1756; x_wconf 81' lang='grc' dir='ltr'>τοὺς</span> <span class='ocrx_word' id='word_1_402' title='bbox 3071 1693 3228 1756; x_wconf 86' lang='grc' dir='ltr'>νέους</span> <span class='ocrx_word' id='word_1_403' title='bbox 3259 1695 3355 1749; x_wconf 81' lang='grc' dir='ltr'>καὶ</span> <span class='ocrx_word' id='word_1_404' title='bbox 3399 1696 3579 1766; x_wconf 74' lang='grc' dir='ltr'>ἱεροὺς</span> <span class='ocrx_word' id='word_1_405' title='bbox 3610 1698 3842 1760; x_wconf 78' lang='grc' dir='ltr'>κανόνας</span> <span class='ocrx_word' id='word_1_406' title='bbox 3877 1700 4029 1751; x_wconf 67' lang='grc' dir='ltr'>ἰκτί-</span> 
     </span>
    </p>
   </div>
   <div class='ocr_carea' id='block_1_61' title="bbox 2445 1778 2677 1833">
    <p class='ocr_par' dir='ltr' id='par_1_61' title="bbox 2445 1778 2677 1833">
     <span class='ocr_line' id='line_1_61' title="bbox 2445 1778 2677 1833; baseline 0.013 -3"><span class='ocrx_word' id='word_1_407' title='bbox 2445 1778 2677 1833; x_wconf 88' lang='grc' dir='ltr'>’θενται.</span> 
     </span>
    </p>
   </div>
   <div class='ocr_carea' id='block_1_62' title="bbox 883 1847 3064 1940">
    <p class='ocr_par' dir='ltr' id='par_1_62' title="bbox 883 1847 3064 1940">
     <span class='ocr_line' id='line_1_62' title="bbox 883 1847 3064 1940; baseline 0.001 -40"><span class='ocrx_word' id='word_1_408' title='bbox 883 1847 997 1900; x_wconf 73' lang='lat' dir='ltr'><strong>LX.</strong></span> <span class='ocrx_word' id='word_1_409' title='bbox 1030 1848 1240 1900; x_wconf 77' lang='lat' dir='ltr'><strong>Interea</strong></span> <span class='ocrx_word' id='word_1_410' title='bbox 1269 1862 1400 1901; x_wconf 91' lang='lat' dir='ltr'><strong>vero</strong></span> <span class='ocrx_word' id='word_1_411' title='bbox 1429 1847 1720 1914; x_wconf 85' lang='lat' dir='ltr'><strong>Gregorius</strong></span> <span class='ocrx_word' id='word_1_412' title='bbox 1775 1862 2056 1903; x_wconf 91' lang='lat' dir='ltr'><strong>sermones</strong></span> <span class='ocrx_word' id='word_1_413' title='bbox 2112 1848 2358 1903; x_wconf 83' lang='lat' dir='ltr'><strong>doctrina</strong></span> <span class='ocrx_word' id='word_1_414' title='bbox 2388 1854 2433 1914; x_wconf 74' lang='grc' dir='ltr'><strong><em>Β</em></strong></span> <span class='ocrx_word' id='word_1_415' title='bbox 2533 1868 2611 1923; x_wconf 55' lang='grc' dir='ltr'><strong>ει,</strong></span> <span class='ocrx_word' id='word_1_416' title='bbox 2655 1871 2715 1924; x_wconf 75' lang='grc' dir='ltr'><strong>σο</strong></span> <span class='ocrx_word' id='word_1_417' title='bbox 2746 1871 2800 1924; x_wconf 72' lang='grc' dir='ltr'><strong>δέ</strong></span> <span class='ocrx_word' id='word_1_418' title='bbox 2829 1889 2891 1940; x_wconf 62' lang='grc' dir='ltr'><strong>γε</strong></span> <span class='ocrx_word' id='word_1_419' title='bbox 2922 1873 3064 1937; x_wconf 48' lang='lat' dir='ltr'><strong>ego;</strong></span> 
     </span>
    </p>
   </div>
   <div class='ocr_carea' id='block_1_63' title="bbox 3114 1874 4028 1951">
    <p class='ocr_par' dir='ltr' id='par_1_63' title="bbox 3114 1874 4028 1951">
     <span class='ocr_line' id='line_1_63' title="bbox 3114 1874 4028 1951; baseline 0.015 -26"><span class='ocrx_word' id='word_1_420' title='bbox 3114 1874 3416 1945; x_wconf 80' lang='grc' dir='ltr'>Γρηγόριος</span> <span class='ocrx_word' id='word_1_421' title='bbox 3469 1878 3594 1943; x_wconf 83' lang='grc' dir='ltr'>τοὺς</span> <span class='ocrx_word' id='word_1_422' title='bbox 3648 1882 4028 1951; x_wconf 68' lang='grc' dir='ltr'>δογματικοὺς</span> 
     </span>
    </p>
   </div>
   <div class='ocr_carea' id='block_1_64' title="bbox 2464 1961 4028 2044">
    <p class='ocr_par' dir='ltr' id='par_1_64' title="bbox 2464 1961 4028 2044">
     <span class='ocr_line' id='line_1_64' title="bbox 2464 1961 4028 2044; baseline 0.012 -33"><span class='ocrx_word' id='word_1_423' title='bbox 2464 1961 2572 2013; x_wconf 92' lang='grc' dir='ltr'><strong>τῶν</strong></span> <span class='ocrx_word' id='word_1_424' title='bbox 2604 1962 2776 2029; x_wconf 75' lang='grc' dir='ltr'>λόγων</span> <span class='ocrx_word' id='word_1_425' title='bbox 2803 1965 3103 2030; x_wconf 86' lang='grc' dir='ltr'>συντάττει,</span> <span class='ocrx_word' id='word_1_426' title='bbox 3127 1968 3251 2031; x_wconf 81' lang='grc' dir='ltr'>τοὺς</span> <span class='ocrx_word' id='word_1_427' title='bbox 3277 1971 3356 2031; x_wconf 81' lang='grc' dir='ltr'><strong>είς</strong></span> <span class='ocrx_word' id='word_1_428' title='bbox 3375 1970 3474 2041; x_wconf 79' lang='grc' dir='ltr'>τὴν</span> <span class='ocrx_word' id='word_1_429' title='bbox 3501 1973 3659 2040; x_wconf 80' lang='grc' dir='ltr'>ἁγίαν</span> <span class='ocrx_word' id='word_1_430' title='bbox 3681 1991 4028 2044; x_wconf 81' lang='grc' dir='ltr'>τεσσαρακο-</span> 
     </span>
    </p>
   </div>
   <div class='ocr_carea' id='block_1_65' title="bbox 2466 2051 4028 2134">
    <p class='ocr_par' dir='ltr' id='par_1_65' title="bbox 2466 2051 4028 2134">
     <span class='ocr_line' id='line_1_65' title="bbox 2466 2051 4028 2134; baseline 0.012 -31"><span class='ocrx_word' id='word_1_431' title='bbox 2466 2051 2618 2121; x_wconf 79' lang='grc' dir='ltr'>στὴν,</span> <span class='ocrx_word' id='word_1_432' title='bbox 2658 2054 2752 2106; x_wconf 76' lang='grc' dir='ltr'><strong>καὶ</strong></span> <span class='ocrx_word' id='word_1_433' title='bbox 2782 2057 2907 2117; x_wconf 76' lang='grc' dir='ltr'>τοὺς</span> <span class='ocrx_word' id='word_1_434' title='bbox 2937 2057 3017 2119; x_wconf 87' lang='grc' dir='ltr'><strong>είς</strong></span> <span class='ocrx_word' id='word_1_435' title='bbox 3050 2057 3253 2127; x_wconf 81' lang='grc' dir='ltr'>Πέτρον</span> <span class='ocrx_word' id='word_1_436' title='bbox 3282 2061 3425 2128; x_wconf 77' lang='grc' dir='ltr'>φημὶ</span> <span class='ocrx_word' id='word_1_437' title='bbox 3461 2065 3552 2115; x_wconf 81' lang='grc' dir='ltr'>καὶ</span> <span class='ocrx_word' id='word_1_438' title='bbox 3591 2064 3868 2134; x_wconf 67' lang='grc' dir='ltr'>Ἀνδρέαν.</span> <span class='ocrx_word' id='word_1_439' title='bbox 3895 2083 4028 2121; x_wconf 81' lang='grc' dir='ltr'>συν-</span> 
     </span>
    </p>
   </div>
   <div class='ocr_carea' id='block_1_66' title="bbox 2463 2139 4028 2226">
    <p class='ocr_par' dir='ltr' id='par_1_66' title="bbox 2463 2139 4028 2226">
     <span class='ocr_line' id='line_1_66' title="bbox 2463 2139 4028 2226; baseline 0.012 -35"><span class='ocrx_word' id='word_1_440' title='bbox 2463 2139 2646 2209; x_wconf 83' lang='grc' dir='ltr'>τίθησι</span> <span class='ocrx_word' id='word_1_441' title='bbox 2668 2141 2724 2193; x_wconf 74' lang='grc' dir='ltr'>δὶ</span> <span class='ocrx_word' id='word_1_442' title='bbox 2744 2143 2840 2196; x_wconf 73' lang='grc' dir='ltr'>καὶ</span> <span class='ocrx_word' id='word_1_443' title='bbox 2863 2144 3089 2206; x_wconf 85' lang='grc' dir='ltr'>πολλοὺς</span> <span class='ocrx_word' id='word_1_444' title='bbox 3107 2146 3353 2218; x_wconf 64' lang='grc' dir='ltr'>ἑτέρους,</span> <span class='ocrx_word' id='word_1_445' title='bbox 3375 2149 3492 2219; x_wconf 73' lang='grc' dir='ltr'>ἅμα</span> <span class='ocrx_word' id='word_1_446' title='bbox 3520 2154 3619 2222; x_wconf 72' lang='grc' dir='ltr'>μὲν</span> <span class='ocrx_word' id='word_1_447' title='bbox 3646 2155 3779 2224; x_wconf 79' lang='grc' dir='ltr'>πρὸς</span> <span class='ocrx_word' id='word_1_448' title='bbox 3802 2157 4028 2226; x_wconf 80' lang='grc' dir='ltr'>τέχνην,</span> 
     </span>
    </p>
   </div>
   <div class='ocr_carea' id='block_1_67' title="bbox 2463 2231 4029 2314">
    <p class='ocr_par' dir='ltr' id='par_1_67' title="bbox 2463 2231 4029 2314">
     <span class='ocr_line' id='line_1_67' title="bbox 2463 2231 4029 2314; baseline 0.012 -30"><span class='ocrx_word' id='word_1_449' title='bbox 2463 2231 2577 2300; x_wconf 70' lang='grc' dir='ltr'>ἅμα</span> <span class='ocrx_word' id='word_1_450' title='bbox 2598 2231 2654 2285; x_wconf 81' lang='grc' dir='ltr'>δὲ</span> <span class='ocrx_word' id='word_1_451' title='bbox 2687 2233 2780 2286; x_wconf 77' lang='grc' dir='ltr'>καὶ</span> <span class='ocrx_word' id='word_1_452' title='bbox 2803 2234 2939 2302; x_wconf 78' lang='grc' dir='ltr'>πρὸς</span> <span class='ocrx_word' id='word_1_453' title='bbox 2966 2235 3234 2304; x_wconf 81' lang='grc' dir='ltr'>ὠφέλειαν</span> <span class='ocrx_word' id='word_1_454' title='bbox 3260 2239 3560 2305; x_wconf 76' lang='grc' dir='ltr'>ἑπαινετῶς</span> <span class='ocrx_word' id='word_1_455' title='bbox 3590 2243 3833 2314; x_wconf 68' lang='grc' dir='ltr'>ἔχοντας.</span> <span class='ocrx_word' id='word_1_456' title='bbox 3867 2247 4029 2302; x_wconf 78' lang='grc' dir='ltr'>Ἐπεὶ</span> 
     </span>
    </p>
   </div>
   <div class='ocr_carea' id='block_1_68' title="bbox 2463 2321 4026 2407">
    <p class='ocr_par' dir='ltr' id='par_1_68' title="bbox 2463 2321 4026 2407">
     <span class='ocr_line' id='line_1_68' title="bbox 2463 2321 4026 2407; baseline 0.013 -36"><span class='ocrx_word' id='word_1_457' title='bbox 2463 2321 2519 2373; x_wconf 77' lang='grc' dir='ltr'>δὲ</span> <span class='ocrx_word' id='word_1_458' title='bbox 2549 2321 2643 2373; x_wconf 78' lang='grc' dir='ltr'>καὶ</span> <span class='ocrx_word' id='word_1_459' title='bbox 2666 2323 2764 2390; x_wconf 84' lang='grc' dir='ltr'>τῆς</span> <span class='ocrx_word' id='word_1_460' title='bbox 2785 2325 2918 2393; x_wconf 80' lang='grc' dir='ltr'>πρὸς</span> <span class='ocrx_word' id='word_1_461' title='bbox 2941 2324 3009 2377; x_wconf 88' lang='grc' dir='ltr'><strong>τά</strong></span> <span class='ocrx_word' id='word_1_462' title='bbox 3027 2328 3202 2381; x_wconf 82' lang='grc' dir='ltr'>οίκεϊα</span> <span class='ocrx_word' id='word_1_463' title='bbox 3231 2329 3505 2400; x_wconf 81' lang='grc' dir='ltr'><strong>φερούσης</strong></span> <span class='ocrx_word' id='word_1_464' title='bbox 3528 2333 3827 2404; x_wconf 81' lang='grc' dir='ltr'>ἐμέμνητο,</span> <span class='ocrx_word' id='word_1_465' title='bbox 3851 2340 4026 2407; x_wconf 75' lang='grc' dir='ltr'>ᾔτησε</span> 
     </span>
    </p>
   </div>
   <div class='ocr_carea' id='block_1_69' title="bbox 2464 2409 4027 2494">
    <p class='ocr_par' dir='ltr' id='par_1_69' title="bbox 2464 2409 4027 2494">
     <span class='ocr_line' id='line_1_69' title="bbox 2464 2409 4027 2494; baseline 0.014 -34"><span class='ocrx_word' id='word_1_466' title='bbox 2464 2409 2554 2460; x_wconf 72' lang='grc' dir='ltr'><strong>τὸν</strong></span> <span class='ocrx_word' id='word_1_467' title='bbox 2582 2411 2888 2478; x_wconf 85' lang='grc' dir='ltr'>κρατοῦντα</span> <span class='ocrx_word' id='word_1_468' title='bbox 2918 2413 3116 2482; x_wconf 80' lang='grc' dir='ltr'>χωρίον</span> <span class='ocrx_word' id='word_1_469' title='bbox 3147 2417 3296 2485; x_wconf 86' lang='grc' dir='ltr'><strong>αὐτῷ</strong></span> <span class='ocrx_word' id='word_1_470' title='bbox 3348 2420 3406 2472; x_wconf 79' lang='grc' dir='ltr'>ὲν</span> <span class='ocrx_word' id='word_1_471' title='bbox 3458 2424 3525 2488; x_wconf 84' lang='grc' dir='ltr'>τῇ</span> <span class='ocrx_word' id='word_1_472' title='bbox 3582 2422 4027 2494; x_wconf 82' lang='grc' dir='ltr'>Ἀκραγαντίνων</span> 
     </span>
    </p>
   </div>
   <div class='ocr_carea' id='block_1_70' title="bbox 2462 2496 4027 2584">
    <p class='ocr_par' dir='ltr' id='par_1_70' title="bbox 2462 2496 4027 2584">
     <span class='ocr_line' id='line_1_70' title="bbox 2462 2496 4027 2584; baseline 0.013 -36"><span class='ocrx_word' id='word_1_473' title='bbox 2462 2496 2704 2564; x_wconf 81' lang='grc' dir='ltr'>δοθῆναι,</span> <span class='ocrx_word' id='word_1_474' title='bbox 2741 2501 2800 2551; x_wconf 76' lang='grc' dir='ltr'>ἐν</span> <span class='ocrx_word' id='word_1_475' title='bbox 2821 2496 2865 2567; x_wconf 84' lang='grc' dir='ltr'><strong>ᾧ</strong></span> <span class='ocrx_word' id='word_1_476' title='bbox 2892 2501 2954 2553; x_wconf 83' lang='grc' dir='ltr'><strong>τδ</strong></span> <span class='ocrx_word' id='word_1_477' title='bbox 2982 2503 3331 2558; x_wconf 79' lang='grc' dir='ltr'>ὲπισκοπείον</span> <span class='ocrx_word' id='word_1_478' title='bbox 3352 2508 3719 2579; x_wconf 83' lang='grc' dir='ltr'>οίκοδομήσει.</span> <span class='ocrx_word' id='word_1_479' title='bbox 3758 2515 3818 2567; x_wconf 89' lang='lat'><strong>&#39;0</strong></span> <span class='ocrx_word' id='word_1_480' title='bbox 3868 2515 4027 2584; x_wconf 86' lang='grc' dir='ltr'>βασι-</span> 
     </span>
    </p>
   </div>
   <div class='ocr_carea' id='block_1_71' title="bbox 2463 2586 4024 2671">
    <p class='ocr_par' dir='ltr' id='par_1_71' title="bbox 2463 2586 4024 2671">
     <span class='ocr_line' id='line_1_71' title="bbox 2463 2586 4024 2671; baseline 0.014 -34"><span class='ocrx_word' id='word_1_481' title='bbox 2463 2586 2588 2651; x_wconf 79' lang='grc' dir='ltr'>λεὺς</span> <span class='ocrx_word' id='word_1_482' title='bbox 2650 2588 2764 2654; x_wconf 81' lang='grc' dir='ltr'>οὖν,</span> <span class='ocrx_word' id='word_1_483' title='bbox 2812 2589 3003 2660; x_wconf 86' lang='grc' dir='ltr'>ῶσπερ</span> <span class='ocrx_word' id='word_1_484' title='bbox 3055 2592 3348 2662; x_wconf 87' lang='grc' dir='ltr'>λαμϐάνων</span> <span class='ocrx_word' id='word_1_485' title='bbox 3383 2597 3611 2666; x_wconf 77' lang='grc' dir='ltr'>μᾶλλον,</span> <span class='ocrx_word' id='word_1_486' title='bbox 3652 2603 3775 2671; x_wconf 75' lang='grc' dir='ltr'>οὐχὶ</span> <span class='ocrx_word' id='word_1_487' title='bbox 3823 2605 4024 2671; x_wconf 78' lang='grc' dir='ltr'>διδοὺς,</span> 
     </span>
    </p>
   </div>
   <div class='ocr_carea' id='block_1_72' title="bbox 2464 2677 4026 2764">
    <p class='ocr_par' dir='ltr' id='par_1_72' title="bbox 2464 2677 4026 2764">
     <span class='ocr_line' id='line_1_72' title="bbox 2464 2677 4026 2764; baseline 0.01 -34"><span class='ocrx_word' id='word_1_488' title='bbox 2464 2677 2606 2731; x_wconf 79' lang='grc' dir='ltr'>οὕτω</span> <span class='ocrx_word' id='word_1_489' title='bbox 2637 2680 2934 2749; x_wconf 85' lang='grc' dir='ltr'>προθύμως</span> <span class='ocrx_word' id='word_1_490' title='bbox 2963 2681 3080 2751; x_wconf 70' lang='grc' dir='ltr'>ἅμα</span> <span class='ocrx_word' id='word_1_491' title='bbox 3119 2683 3215 2736; x_wconf 76' lang='grc' dir='ltr'>καὶ</span> <span class='ocrx_word' id='word_1_492' title='bbox 3255 2685 3552 2756; x_wconf 79' lang='grc' dir='ltr'>φιλοτίμως</span> <span class='ocrx_word' id='word_1_493' title='bbox 3590 2688 3804 2744; x_wconf 87' lang='grc' dir='ltr'>δίδωσιν</span> <span class='ocrx_word' id='word_1_494' title='bbox 3852 2695 4026 2764; x_wconf 87' lang='grc' dir='ltr'>ὑπερ-</span> 
     </span>
    </p>
   </div>
   <div class='ocr_carea' id='block_1_73' title="bbox 2465 2768 4026 2851">
    <p class='ocr_par' dir='ltr' id='par_1_73' title="bbox 2465 2768 4026 2851">
     <span class='ocr_line' id='line_1_73' title="bbox 2465 2768 4026 2851; baseline 0.012 -33"><span class='ocrx_word' id='word_1_495' title='bbox 2465 2768 2564 2830; x_wconf 85' lang='grc' dir='ltr'><strong>ϐἀς</strong></span> <span class='ocrx_word' id='word_1_496' title='bbox 2587 2770 2678 2822; x_wconf 64' lang='grc' dir='ltr'><strong>καὶ⁵</strong></span> <span class='ocrx_word' id='word_1_497' title='bbox 2703 2770 2801 2837; x_wconf 81' lang='grc' dir='ltr'>τὴν</span> <span class='ocrx_word' id='word_1_498' title='bbox 2824 2773 3064 2842; x_wconf 75' lang='grc' dir='ltr'>αἴτησιν.</span> <span class='ocrx_word' id='word_1_499' title='bbox 3095 2773 3290 2827; x_wconf 86' lang='grc' dir='ltr'>Δίδωσι</span> <span class='ocrx_word' id='word_1_500' title='bbox 3319 2775 3425 2846; x_wconf 84' lang='grc' dir='ltr'>γὰρ</span> <span class='ocrx_word' id='word_1_501' title='bbox 3463 2778 3612 2847; x_wconf 86' lang='grc' dir='ltr'><strong>αύτῷ</strong></span> <span class='ocrx_word' id='word_1_502' title='bbox 3639 2782 3700 2831; x_wconf 81' lang='grc' dir='ltr'>τὸ</span> <span class='ocrx_word' id='word_1_503' title='bbox 3723 2782 3900 2850; x_wconf 72' lang='grc' dir='ltr'>ἥμισυ</span> <span class='ocrx_word' id='word_1_504' title='bbox 3925 2785 4026 2851; x_wconf 84' lang='grc' dir='ltr'>τῆς</span> 
     </span>
    </p>
   </div>
   <div class='ocr_carea' id='block_1_74' title="bbox 2463 2858 4021 2941">
    <p class='ocr_par' dir='ltr' id='par_1_74' title="bbox 2463 2858 4021 2941">
     <span class='ocr_line' id='line_1_74' title="bbox 2463 2858 4021 2941; baseline 0.011 -31"><span class='ocrx_word' id='word_1_505' title='bbox 2463 2858 2900 2927; x_wconf 83' lang='grc' dir='ltr'>Ἀκραγαντίνων</span> <span class='ocrx_word' id='word_1_506' title='bbox 2961 2863 3200 2930; x_wconf 84' lang='grc' dir='ltr'>πόλεως,</span> <span class='ocrx_word' id='word_1_507' title='bbox 3259 2867 3494 2921; x_wconf 80' lang='grc' dir='ltr'>κελεύων</span> <span class='ocrx_word' id='word_1_508' title='bbox 3565 2871 3712 2933; x_wconf 86' lang='grc' dir='ltr'>ὅπως</span> <span class='ocrx_word' id='word_1_509' title='bbox 3770 2874 4021 2941; x_wconf 79' lang='grc' dir='ltr'>βούλοιτο</span> 
     </span>
    </p>
   </div>
   <div class='ocr_carea' id='block_1_75' title="bbox 2462 2948 4024 3035">
    <p class='ocr_par' dir='ltr' id='par_1_75' title="bbox 2462 2948 4024 3035">
     <span class='ocr_line' id='line_1_75' title="bbox 2462 2948 4024 3035; baseline 0.012 -35"><span class='ocrx_word' id='word_1_510' title='bbox 2462 2952 2724 3020; x_wconf 80' lang='grc' dir='ltr'>χρῆσθαι.</span> <span class='ocrx_word' id='word_1_511' title='bbox 2765 2948 2903 3006; x_wconf 78' lang='grc' dir='ltr'>Εἶτα</span> <span class='ocrx_word' id='word_1_512' title='bbox 2938 2956 3034 3006; x_wconf 79' lang='grc' dir='ltr'>καὶ</span> <span class='ocrx_word' id='word_1_513' title='bbox 3065 2957 3450 3024; x_wconf 71' lang='grc' dir='ltr'>ἀσπασάμενος</span> <span class='ocrx_word' id='word_1_514' title='bbox 3468 2961 3629 3014; x_wconf 82' lang='grc' dir='ltr'>αὐτὸν</span> <span class='ocrx_word' id='word_1_515' title='bbox 3654 2966 3746 3017; x_wconf 81' lang='grc' dir='ltr'>καὶ</span> <span class='ocrx_word' id='word_1_516' title='bbox 3769 2967 4024 3035; x_wconf 78' lang='grc' dir='ltr'>αἰτήσας,</span> 
     </span>
    </p>
   </div>
   <div class='ocr_carea' id='block_1_76' title="bbox 2467 3042 4027 3126">
    <p class='ocr_par' dir='ltr' id='par_1_76' title="bbox 2467 3042 4027 3126">
     <span class='ocr_line' id='line_1_76' title="bbox 2467 3042 4027 3126; baseline 0.013 -36"><span class='ocrx_word' id='word_1_517' title='bbox 2467 3042 2688 3110; x_wconf 81' lang='grc' dir='ltr'>μνήμης</span> <span class='ocrx_word' id='word_1_518' title='bbox 2737 3059 2796 3093; x_wconf 89' lang='grc' dir='ltr'><strong>τε</strong></span> <span class='ocrx_word' id='word_1_519' title='bbox 2844 3044 2936 3095; x_wconf 73' lang='grc' dir='ltr'>καὶ</span> <span class='ocrx_word' id='word_1_520' title='bbox 2966 3045 3139 3112; x_wconf 85' lang='grc' dir='ltr'>εὐχῶν</span> <span class='ocrx_word' id='word_1_521' title='bbox 3178 3046 3289 3100; x_wconf 89' lang='grc' dir='ltr'><strong>τῶν</strong></span> <span class='ocrx_word' id='word_1_522' title='bbox 3331 3048 3468 3118; x_wconf 76' lang='grc' dir='ltr'>ὑπὲρ</span> <span class='ocrx_word' id='word_1_523' title='bbox 3495 3051 3659 3104; x_wconf 85' lang='grc' dir='ltr'>αὐτοῦ</span> <span class='ocrx_word' id='word_1_524' title='bbox 3691 3056 3764 3123; x_wconf 81' lang='grc' dir='ltr'>μὴ</span> <span class='ocrx_word' id='word_1_525' title='bbox 3803 3058 4027 3126; x_wconf 84' lang='grc' dir='ltr'>ἀμελῶς</span> 
     </span>
    </p>
   </div>
   <div class='ocr_carea' id='block_1_77' title="bbox 2463 3130 4025 3217">
    <p class='ocr_par' dir='ltr' id='par_1_77' title="bbox 2463 3130 4025 3217">
     <span class='ocr_line' id='line_1_77' title="bbox 2463 3130 4025 3217; baseline 0.012 -35"><span class='ocrx_word' id='word_1_526' title='bbox 2463 3130 2611 3199; x_wconf 76' lang='grc' dir='ltr'>ἔχειν</span> <span class='ocrx_word' id='word_1_527' title='bbox 2636 3133 2870 3200; x_wconf 79' lang='grc' dir='ltr'>ἀφῆκεν.</span> <span class='ocrx_word' id='word_1_528' title='bbox 2916 3133 3051 3186; x_wconf 74' lang='grc' dir='ltr'><strong>Οὐδὶ</strong></span> <span class='ocrx_word' id='word_1_529' title='bbox 3087 3136 3120 3204; x_wconf 77' lang='grc' dir='ltr'><strong>ἡ</strong></span> <span class='ocrx_word' id='word_1_530' title='bbox 3164 3135 3374 3204; x_wconf 78' lang='grc' dir='ltr'>βασιλὶς</span> <span class='ocrx_word' id='word_1_531' title='bbox 3409 3139 3782 3210; x_wconf 75' lang='grc' dir='ltr'>ῥᾳθυμότερον</span> <span class='ocrx_word' id='word_1_532' title='bbox 3816 3163 3862 3199; x_wconf 87' lang='grc' dir='ltr'><strong>τι</strong></span> <span class='ocrx_word' id='word_1_533' title='bbox 3893 3151 4025 3217; x_wconf 78' lang='grc' dir='ltr'>περὶ</span> 
     </span>
    </p>
   </div>
   <div class='ocr_carea' id='block_1_78' title="bbox 2475 3221 4022 3306">
    <p class='ocr_par' dir='ltr' id='par_1_78' title="bbox 2475 3221 4022 3306">
     <span class='ocr_line' id='line_1_78' title="bbox 2475 3221 4022 3306; baseline 0.014 -34"><span class='ocrx_word' id='word_1_534' title='bbox 2475 3223 2566 3273; x_wconf 82' lang='grc' dir='ltr'>τὸν</span> <span class='ocrx_word' id='word_1_535' title='bbox 2595 3221 2750 3289; x_wconf 74' lang='grc' dir='ltr'>ἅγιον</span> <span class='ocrx_word' id='word_1_536' title='bbox 2779 3223 2952 3292; x_wconf 82' lang='grc' dir='ltr'>ὲφάνη</span> <span class='ocrx_word' id='word_1_537' title='bbox 2982 3224 3298 3297; x_wconf 74' lang='grc' dir='ltr'>διακειμένη</span> <span class='ocrx_word' id='word_1_538' title='bbox 3326 3244 3343 3260; x_wconf 85' lang='grc'>⁶</span> <span class='ocrx_word' id='word_1_539' title='bbox 3375 3230 3512 3284; x_wconf 88' lang='grc' dir='ltr'><strong>ἀλλά</strong></span> <span class='ocrx_word' id='word_1_540' title='bbox 3547 3234 3642 3286; x_wconf 77' lang='grc' dir='ltr'>καὶ</span> <span class='ocrx_word' id='word_1_541' title='bbox 3665 3236 3804 3305; x_wconf 82' lang='grc' dir='ltr'>αὑτὴ</span> <span class='ocrx_word' id='word_1_542' title='bbox 3849 3238 4022 3306; x_wconf 78' lang='grc' dir='ltr'>ἄνδρα</span> 
     </span>
    </p>
   </div>
   <div class='ocr_carea' id='block_1_79' title="bbox 2469 3311 4012 3395">
    <p class='ocr_par' dir='ltr' id='par_1_79' title="bbox 2469 3311 4012 3395">
     <span class='ocr_line' id='line_1_79' title="bbox 2469 3311 4012 3395; baseline 0.012 -32"><span class='ocrx_word' id='word_1_543' title='bbox 2469 3311 2722 3382; x_wconf 86' lang='grc' dir='ltr'>μαθοῦσα</span> <span class='ocrx_word' id='word_1_544' title='bbox 2775 3314 2868 3366; x_wconf 83' lang='grc' dir='ltr'>τὸν</span> <span class='ocrx_word' id='word_1_545' title='bbox 2913 3316 2953 3367; x_wconf 87' lang='grc' dir='ltr'><strong><em>Γ</em></strong></span> <span class='ocrx_word' id='word_1_546' title='bbox 2957 3317 3216 3386; x_wconf 89' lang='grc' dir='ltr'>ρηγόριον</span> <span class='ocrx_word' id='word_1_547' title='bbox 3243 3318 3323 3386; x_wconf 83' lang='grc' dir='ltr'><strong>τῷ</strong></span> <span class='ocrx_word' id='word_1_548' title='bbox 3352 3319 3470 3390; x_wconf 86' lang='grc' dir='ltr'><strong>Θεῷ</strong></span> <span class='ocrx_word' id='word_1_549' title='bbox 3501 3329 4012 3395; x_wconf 85' lang='grc' dir='ltr'>προσῳκειωμένον,</span> 
     </span>
    </p>
   </div>
   <div class='ocr_carea' id='block_1_80' title="bbox 2468 3403 4015 3484">
    <p class='ocr_par' dir='ltr' id='par_1_80' title="bbox 2468 3403 4015 3484">
     <span class='ocr_line' id='line_1_80' title="bbox 2468 3403 4015 3484; baseline 0.012 -30"><span class='ocrx_word' id='word_1_550' title='bbox 2468 3403 2633 3466; x_wconf 88' lang='grc' dir='ltr'>σέϐας</span> <span class='ocrx_word' id='word_1_551' title='bbox 2656 3421 2714 3456; x_wconf 90' lang='grc' dir='ltr'><strong>τε</strong></span> <span class='ocrx_word' id='word_1_552' title='bbox 2736 3404 2797 3457; x_wconf 80' lang='grc' dir='ltr'><strong>τὸ</strong></span> <span class='ocrx_word' id='word_1_553' title='bbox 2817 3407 3095 3476; x_wconf 77' lang='grc' dir='ltr'>προσῆκον</span> <span class='ocrx_word' id='word_1_554' title='bbox 3127 3410 3412 3478; x_wconf 80' lang='grc' dir='ltr'>ἀπονέμει,</span> <span class='ocrx_word' id='word_1_555' title='bbox 3445 3414 3538 3464; x_wconf 76' lang='grc' dir='ltr'>καὶ</span> <span class='ocrx_word' id='word_1_556' title='bbox 3561 3414 3754 3484; x_wconf 74' lang='grc' dir='ltr'>δώροις</span> <span class='ocrx_word' id='word_1_557' title='bbox 3791 3418 3867 3480; x_wconf 84' lang='grc' dir='ltr'><strong>ῶς</strong></span> <span class='ocrx_word' id='word_1_558' title='bbox 3902 3415 4015 3473; x_wconf 80' lang='grc' dir='ltr'>οἷόν</span> 
     </span>
    </p>
   </div>
   <div class='ocr_carea' id='block_1_81' title="bbox 2463 3494 4021 3576">
    <p class='ocr_par' dir='ltr' id='par_1_81' title="bbox 2463 3494 4021 3576">
     <span class='ocr_line' id='line_1_81' title="bbox 2463 3494 4021 3576; baseline 0.013 -31"><span class='ocrx_word' id='word_1_559' title='bbox 2463 3510 2525 3545; x_wconf 89' lang='grc' dir='ltr'><strong>τε</strong></span> <span class='ocrx_word' id='word_1_560' title='bbox 2563 3494 2858 3564; x_wconf 76' lang='grc' dir='ltr'>θεραπεύει</span> <span class='ocrx_word' id='word_1_561' title='bbox 2885 3497 3307 3568; x_wconf 80' lang='grc' dir='ltr'>μεγαλοψύχως.</span> <span class='ocrx_word' id='word_1_562' title='bbox 3357 3502 3620 3565; x_wconf 81' lang='grc' dir='ltr'>Ἐξελθὼν</span> <span class='ocrx_word' id='word_1_563' title='bbox 3654 3506 3711 3559; x_wconf 65' lang='grc' dir='ltr'>δὲ</span> <span class='ocrx_word' id='word_1_564' title='bbox 3739 3509 3836 3576; x_wconf 84' lang='grc' dir='ltr'><strong>τῆς</strong></span> <span class='ocrx_word' id='word_1_565' title='bbox 3866 3511 4021 3564; x_wconf 80' lang='grc' dir='ltr'>Κων-</span> 
     </span>
    </p>
   </div>
   <div class='ocr_carea' id='block_1_82' title="bbox 2467 3584 4020 3669">
    <p class='ocr_par' dir='ltr' id='par_1_82' title="bbox 2467 3584 4020 3669">
     <span class='ocr_line' id='line_1_82' title="bbox 2467 3584 4020 3669; baseline 0.012 -35"><span class='ocrx_word' id='word_1_566' title='bbox 2467 3584 2769 3648; x_wconf 85' lang='grc' dir='ltr'>σταντίνου,</span> <span class='ocrx_word' id='word_1_567' title='bbox 2802 3587 2898 3639; x_wconf 78' lang='grc' dir='ltr'>καὶ</span> <span class='ocrx_word' id='word_1_568' title='bbox 2935 3589 3036 3656; x_wconf 83' lang='grc' dir='ltr'>τὴν</span> <span class='ocrx_word' id='word_1_569' title='bbox 3075 3587 3296 3659; x_wconf 84' lang='grc' dir='ltr'>Ῥώμην</span> <span class='ocrx_word' id='word_1_570' title='bbox 3337 3593 3682 3660; x_wconf 84' lang='grc' dir='ltr'>καταλαϐὼν,</span> <span class='ocrx_word' id='word_1_571' title='bbox 3735 3600 3830 3651; x_wconf 79' lang='grc' dir='ltr'>καὶ</span> <span class='ocrx_word' id='word_1_572' title='bbox 3861 3601 4020 3669; x_wconf 79' lang='grc' dir='ltr'><strong>παρά</strong></span> 
     </span>
    </p>
   </div>
   <div class='ocr_carea' id='block_1_83' title="bbox 2461 3673 4016 3757">
    <p class='ocr_par' dir='ltr' id='par_1_83' title="bbox 2461 3673 4016 3757">
     <span class='ocr_line' id='line_1_83' title="bbox 2461 3673 4016 3757; baseline 0.012 -32"><span class='ocrx_word' id='word_1_573' title='bbox 2461 3673 2557 3725; x_wconf 86' lang='grc' dir='ltr'><strong>τοῦ</strong></span> <span class='ocrx_word' id='word_1_574' title='bbox 2599 3675 2799 3727; x_wconf 82' lang='grc' dir='ltr'>πάππα</span> <span class='ocrx_word' id='word_1_575' title='bbox 2843 3678 2940 3728; x_wconf 81' lang='grc' dir='ltr'>καὶ</span> <span class='ocrx_word' id='word_1_576' title='bbox 2976 3676 3135 3740; x_wconf 77' lang='grc' dir='ltr'>αὖθις</span> <span class='ocrx_word' id='word_1_577' title='bbox 3183 3679 3499 3749; x_wconf 80' lang='grc' dir='ltr'>σεϐασμίως</span> <span class='ocrx_word' id='word_1_578' title='bbox 3546 3685 3891 3757; x_wconf 77' lang='grc' dir='ltr'>ὑποδεχθεὶς,</span> <span class='ocrx_word' id='word_1_579' title='bbox 3933 3693 4016 3753; x_wconf 80' lang='grc' dir='ltr'><strong>εἰς</strong></span> 
     </span>
    </p>
   </div>
   <div class='ocr_carea' id='block_1_84' title="bbox 2475 3763 4017 3848">
    <p class='ocr_par' dir='ltr' id='par_1_84' title="bbox 2475 3763 4017 3848">
     <span class='ocr_line' id='line_1_84' title="bbox 2475 3763 4017 3848; baseline 0.012 -35"><span class='ocrx_word' id='word_1_580' title='bbox 2475 3763 2822 3831; x_wconf 82' lang='grc' dir='ltr'>’Δκράγαντα</span> <span class='ocrx_word' id='word_1_581' title='bbox 2849 3765 3190 3835; x_wconf 78' lang='grc' dir='ltr'>περαιοῦται.</span> <span class='ocrx_word' id='word_1_582' title='bbox 3241 3770 3732 3840; x_wconf 82' lang='grc' dir='ltr'>Συνεκπέμπονται</span> <span class='ocrx_word' id='word_1_583' title='bbox 3765 3777 3822 3828; x_wconf 66' lang='grc' dir='ltr'>δὲ</span> <span class='ocrx_word' id='word_1_584' title='bbox 3865 3779 4017 3848; x_wconf 82' lang='grc' dir='ltr'>αὐτῷ</span> 
     </span>
    </p>
   </div>
   <div class='ocr_carea' id='block_1_85' title="bbox 2463 3853 4015 3930">
    <p class='ocr_par' dir='ltr' id='par_1_85' title="bbox 2463 3853 4015 3930">
     <span class='ocr_line' id='line_1_85' title="bbox 2463 3853 4015 3930; baseline 0.012 -26"><span class='ocrx_word' id='word_1_585' title='bbox 2463 3853 2558 3904; x_wconf 81' lang='grc' dir='ltr'>καὶ</span> <span class='ocrx_word' id='word_1_586' title='bbox 2589 3853 2682 3905; x_wconf 86' lang='grc' dir='ltr'><strong>δύο</strong></span> <span class='ocrx_word' id='word_1_587' title='bbox 2710 3854 2819 3906; x_wconf 89' lang='grc' dir='ltr'><strong>τῶν</strong></span> <span class='ocrx_word' id='word_1_588' title='bbox 2840 3854 3125 3921; x_wconf 83' lang='grc' dir='ltr'>διακόνων,</span> <span class='ocrx_word' id='word_1_589' title='bbox 3160 3858 3235 3920; x_wconf 85' lang='grc' dir='ltr'><strong>ὡς</strong></span> <span class='ocrx_word' id='word_1_590' title='bbox 3267 3861 3348 3921; x_wconf 84' lang='grc' dir='ltr'><strong>είς</strong></span> <span class='ocrx_word' id='word_1_591' title='bbox 3378 3861 3478 3930; x_wconf 81' lang='grc' dir='ltr'><strong>τὴν</strong></span> <span class='ocrx_word' id='word_1_592' title='bbox 3515 3862 3653 3917; x_wconf 85' lang='grc' dir='ltr'>ίδίαν</span> <span class='ocrx_word' id='word_1_593' title='bbox 3693 3867 3856 3920; x_wconf 83' lang='grc' dir='ltr'>αὐτὸν</span> <span class='ocrx_word' id='word_1_594' title='bbox 3891 3871 4015 3921; x_wconf 69' lang='grc' dir='ltr'><strong>ἑπι-</strong></span> 
     </span>
    </p>
   </div>
   <div class='ocr_carea' id='block_1_86' title="bbox 2465 3943 4011 4027">
    <p class='ocr_par' dir='ltr' id='par_1_86' title="bbox 2465 3943 4011 4027">
     <span class='ocr_line' id='line_1_86' title="bbox 2465 3943 4011 4027; baseline 0.012 -33"><span class='ocrx_word' id='word_1_595' title='bbox 2465 3943 2675 4012; x_wconf 82' lang='grc' dir='ltr'>σκοπὴν</span> <span class='ocrx_word' id='word_1_596' title='bbox 2721 3945 3192 4014; x_wconf 77' lang='grc' dir='ltr'>ἀποκαταστῆσαι.</span> <span class='ocrx_word' id='word_1_597' title='bbox 3249 3950 3463 4004; x_wconf 86' lang='grc' dir='ltr'>Γίνεται</span> <span class='ocrx_word' id='word_1_598' title='bbox 3495 3949 3589 4006; x_wconf 84' lang='grc' dir='ltr'>οὖν</span> <span class='ocrx_word' id='word_1_599' title='bbox 3621 3956 3715 4008; x_wconf 80' lang='grc' dir='ltr'>καὶ</span> <span class='ocrx_word' id='word_1_600' title='bbox 3751 3960 3783 4027; x_wconf 77' lang='grc' dir='ltr'>ἡ</span> <span class='ocrx_word' id='word_1_601' title='bbox 3827 3961 4011 4013; x_wconf 66' lang='grc' dir='ltr'>ἐκεῖσε</span> 
     </span>
    </p>
   </div>
   <div class='ocr_carea' id='block_1_87' title="bbox 2462 4031 4013 4118">
    <p class='ocr_par' dir='ltr' id='par_1_87' title="bbox 2462 4031 4013 4118">
     <span class='ocr_line' id='line_1_87' title="bbox 2462 4031 4013 4118; baseline 0.012 -35"><span class='ocrx_word' id='word_1_602' title='bbox 2462 4031 2558 4083; x_wconf 87' lang='grc' dir='ltr'><strong>τοῦ</strong></span> <span class='ocrx_word' id='word_1_603' title='bbox 2595 4033 2867 4101; x_wconf 85' lang='grc' dir='ltr'>μακαρίου</span> <span class='ocrx_word' id='word_1_604' title='bbox 2884 4034 3067 4101; x_wconf 72' lang='grc' dir='ltr'>ἄφιξις</span> <span class='ocrx_word' id='word_1_605' title='bbox 3088 4035 3232 4088; x_wconf 78' lang='grc' dir='ltr'>οὕτω</span> <span class='ocrx_word' id='word_1_606' title='bbox 3266 4039 3466 4105; x_wconf 88' lang='grc' dir='ltr'>καλῶς,</span> <span class='ocrx_word' id='word_1_607' title='bbox 3495 4041 3572 4105; x_wconf 83' lang='grc' dir='ltr'><strong>ῶς</strong></span> <span class='ocrx_word' id='word_1_608' title='bbox 3595 4046 3674 4106; x_wconf 82' lang='grc' dir='ltr'><strong>είς</strong></span> <span class='ocrx_word' id='word_1_609' title='bbox 3707 4050 4013 4118; x_wconf 86' lang='grc' dir='ltr'>μαρτύριον</span> 
     </span>
    </p>
   </div>
   <div class='ocr_carea' id='block_1_88' title="bbox 2464 4122 4011 4209">
    <p class='ocr_par' dir='ltr' id='par_1_88' title="bbox 2464 4122 4011 4209">
     <span class='ocr_line' id='line_1_88' title="bbox 2464 4122 4011 4209; baseline 0.014 -36"><span class='ocrx_word' id='word_1_610' title='bbox 2464 4122 2723 4188; x_wconf 84' lang='grc' dir='ltr'>γενέσθαι</span> <span class='ocrx_word' id='word_1_611' title='bbox 2752 4124 2854 4192; x_wconf 83' lang='grc' dir='ltr'><strong>τῆς</strong></span> <span class='ocrx_word' id='word_1_612' title='bbox 2889 4126 3090 4193; x_wconf 83' lang='grc' dir='ltr'>ἀρετῆς</span> <span class='ocrx_word' id='word_1_613' title='bbox 3123 4127 3338 4180; x_wconf 75' lang='grc' dir='ltr'>ἐκείνου</span> <span class='ocrx_word' id='word_1_614' title='bbox 3380 4133 3476 4184; x_wconf 79' lang='grc' dir='ltr'><strong>καὶ</strong></span> <span class='ocrx_word' id='word_1_615' title='bbox 3505 4135 3603 4200; x_wconf 87' lang='grc' dir='ltr'>τῆς</span> <span class='ocrx_word' id='word_1_616' title='bbox 3647 4138 3740 4188; x_wconf 87' lang='grc' dir='ltr'><strong>τοῦ</strong></span> <span class='ocrx_word' id='word_1_617' title='bbox 3771 4139 4011 4209; x_wconf 76' lang='grc' dir='ltr'>πλήθους</span> 
     </span>
    </p>
   </div>
   <div class='ocr_carea' id='block_1_89' title="bbox 2469 4209 4012 4294">
    <p class='ocr_par' dir='ltr' id='par_1_89' title="bbox 2469 4209 4012 4294">
     <span class='ocr_line' id='line_1_89' title="bbox 2469 4209 4012 4294; baseline 0.015 -35"><span class='ocrx_word' id='word_1_618' title='bbox 2469 4209 2772 4278; x_wconf 78' lang='grc' dir='ltr'>φιλοθετας,</span> <span class='ocrx_word' id='word_1_619' title='bbox 2829 4212 2927 4266; x_wconf 75' lang='grc' dir='ltr'><strong>άτε</strong></span> <span class='ocrx_word' id='word_1_620' title='bbox 2972 4213 3066 4264; x_wconf 84' lang='grc' dir='ltr'><strong>τοῦ</strong></span> <span class='ocrx_word' id='word_1_621' title='bbox 3113 4215 3242 4266; x_wconf 89' lang='grc' dir='ltr'>λαοῦ</span> <span class='ocrx_word' id='word_1_622' title='bbox 3297 4219 3491 4282; x_wconf 77' lang='grc' dir='ltr'>παντὸς</span> <span class='ocrx_word' id='word_1_623' title='bbox 3539 4222 3768 4294; x_wconf 76' lang='grc' dir='ltr'>πρὸτῆς</span> <span class='ocrx_word' id='word_1_624' title='bbox 3806 4227 4012 4290; x_wconf 83' lang='grc' dir='ltr'>πόλεως</span> 
     </span>
    </p>
   </div>
   <div class='ocr_carea' id='block_1_90' title="bbox 2464 4297 4009 4386">
    <p class='ocr_par' dir='ltr' id='par_1_90' title="bbox 2464 4297 4009 4386">
     <span class='ocr_line' id='line_1_90' title="bbox 2464 4297 4009 4386; baseline 0.016 -38"><span class='ocrx_word' id='word_1_625' title='bbox 2464 4297 2883 4386; x_wconf 52' lang='grc' dir='ltr'>ἐξεληλυθότων,</span> <span class='ocrx_word' id='word_1_626' title='bbox 2919 4302 3014 4354; x_wconf 79' lang='grc' dir='ltr'>καὶ</span> <span class='ocrx_word' id='word_1_627' title='bbox 3042 4302 3274 4371; x_wconf 79' lang='grc' dir='ltr'>ψαλμοῖς</span> <span class='ocrx_word' id='word_1_628' title='bbox 3310 4306 3427 4373; x_wconf 75' lang='grc' dir='ltr'>ἅμα</span> <span class='ocrx_word' id='word_1_629' title='bbox 3456 4311 3549 4361; x_wconf 83' lang='grc' dir='ltr'><strong>καὶ</strong></span> <span class='ocrx_word' id='word_1_630' title='bbox 3601 4313 3765 4378; x_wconf 75' lang='grc' dir='ltr'>ἱεροῖς</span> <span class='ocrx_word' id='word_1_631' title='bbox 3795 4317 4009 4386; x_wconf 68' lang='grc' dir='ltr'>ᾆσμασι</span> 
     </span>
    </p>
   </div>
   <div class='ocr_carea' id='block_1_91' title="bbox 2469 4383 4011 4476">
    <p class='ocr_par' dir='ltr' id='par_1_91' title="bbox 2469 4383 4011 4476">
     <span class='ocr_line' id='line_1_91' title="bbox 2469 4383 4011 4476; baseline 0.016 -43"><span class='ocrx_word' id='word_1_632' title='bbox 2469 4383 2619 4476; x_wconf 61' lang='grc' dir='ltr'>μεθἈ</span> <span class='ocrx_word' id='word_1_633' title='bbox 2640 4385 2773 4453; x_wconf 81' lang='grc' dir='ltr'>ὅσης</span> <span class='ocrx_word' id='word_1_634' title='bbox 2817 4387 2916 4439; x_wconf 83' lang='grc' dir='ltr'>οὐκ</span> <span class='ocrx_word' id='word_1_635' title='bbox 2959 4388 3026 4440; x_wconf 78' lang='grc' dir='ltr'>ἂν</span> <span class='ocrx_word' id='word_1_636' title='bbox 3072 4389 3243 4452; x_wconf 75' lang='grc' dir='ltr'>εἴποις</span> <span class='ocrx_word' id='word_1_637' title='bbox 3267 4395 3364 4461; x_wconf 78' lang='grc' dir='ltr'>τῆς</span> <span class='ocrx_word' id='word_1_638' title='bbox 3390 4394 3583 4464; x_wconf 78' lang='grc' dir='ltr'>ἡδονῆς</span> <span class='ocrx_word' id='word_1_639' title='bbox 3610 4401 3710 4469; x_wconf 76' lang='grc' dir='ltr'>τὴν</span> <span class='ocrx_word' id='word_1_640' title='bbox 3765 4383 4011 4476; x_wconf 51' lang='lat' dir='ltr'><strong>saiqu</strong></span> 
     </span>
    </p>
   </div>
   <div class='ocr_carea' id='block_1_92' title="bbox 822 4456 2508 4551">
    <p class='ocr_par' dir='ltr' id='par_1_92' title="bbox 822 4456 2508 4551">
     <span class='ocr_line' id='line_1_92' title="bbox 822 4456 2508 4551; baseline 0.004 -38"><span class='ocrx_word' id='word_1_641' title='bbox 822 4471 1020 4530; x_wconf 89' lang='lat' dir='ltr'><strong>quanta</strong></span> <span class='ocrx_word' id='word_1_642' title='bbox 1049 4475 1169 4514; x_wconf 89' lang='lat' dir='ltr'><strong>cum</strong></span> <span class='ocrx_word' id='word_1_643' title='bbox 1196 4459 1468 4526; x_wconf 88' lang='lat' dir='ltr'><strong>voluptate</strong></span> <span class='ocrx_word' id='word_1_644' title='bbox 1493 4456 1712 4522; x_wconf 83' lang='lat' dir='ltr'><strong>dixeris,</strong></span> <span class='ocrx_word' id='word_1_645' title='bbox 1736 4460 1950 4512; x_wconf 88' lang='lat' dir='ltr'><strong>obviam</strong></span> <span class='ocrx_word' id='word_1_646' title='bbox 1984 4461 2058 4515; x_wconf 92' lang='lat' dir='ltr'><strong>illi</strong></span> <span class='ocrx_word' id='word_1_647' title='bbox 2085 4464 2352 4530; x_wconf 87' lang='lat' dir='ltr'><strong>prodiere.</strong></span> <span class='ocrx_word' id='word_1_648' title='bbox 2391 4498 2432 4551; x_wconf 68' lang='grc' dir='ltr'>ο</span> <span class='ocrx_word' id='word_1_649' title='bbox 2463 4476 2508 4525; x_wconf 75' lang='lat' dir='ltr'><strong>ai</strong></span> 
     </span>
    </p>
   </div>
   <div class='ocr_carea' id='block_1_93' title="bbox 1331 4456 3017 4551">
    <p class='ocr_par' dir='ltr' id='par_1_93' title="bbox 1331 4456 3017 4551">
     <span class='ocr_line' id='line_1_93' title="bbox 1331 4456 3017 4551; baseline 0.012 -40"><span class='ocrx_word' id='word_1_650' title='bbox 1331 4468 1468 4526; x_wconf 82' lang='lat' dir='ltr'><strong>ptate</strong></span> <span class='ocrx_word' id='word_1_651' title='bbox 1493 4456 1712 4551; x_wconf 62' lang='lat' dir='ltr'><strong>dixeris,</strong></span> <span class='ocrx_word' id='word_1_652' title='bbox 1736 4460 1950 4512; x_wconf 88' lang='lat' dir='ltr'><strong>obviam</strong></span> <span class='ocrx_word' id='word_1_653' title='bbox 1984 4461 2058 4515; x_wconf 91' lang='lat' dir='ltr'><strong>illi</strong></span> <span class='ocrx_word' id='word_1_654' title='bbox 2085 4464 2352 4530; x_wconf 86' lang='lat' dir='ltr'><strong>prodiere.</strong></span> <span class='ocrx_word' id='word_1_655' title='bbox 2391 4498 2432 4551; x_wconf 69' lang='grc' dir='ltr'>ο</span> <span class='ocrx_word' id='word_1_656' title='bbox 2463 4473 2625 4526; x_wconf 84' lang='grc' dir='ltr'>αὐτοῦ</span> <span class='ocrx_word' id='word_1_657' title='bbox 2659 4481 3017 4545; x_wconf 81' lang='grc' dir='ltr'>ποιουμένων.</span> 
     </span>
    </p>
   </div>
   <div class='ocr_carea' id='block_1_94' title="bbox 893 4545 2357 4616">
    <p class='ocr_par' dir='ltr' id='par_1_94' title="bbox 893 4545 2357 4616">
     <span class='ocr_line' id='line_1_94' title="bbox 893 4545 2357 4616; baseline 0.003 -14"><span class='ocrx_word' id='word_1_658' title='bbox 893 4549 1028 4603; x_wconf 80' lang='lat' dir='ltr'><strong>LXI.</strong></span> <span class='ocrx_word' id='word_1_659' title='bbox 1054 4547 1193 4612; x_wconf 87' lang='lat' dir='ltr'><strong>Quid</strong></span> <span class='ocrx_word' id='word_1_660' title='bbox 1224 4545 1288 4598; x_wconf 91' lang='lat' dir='ltr'><strong>ad</strong></span> <span class='ocrx_word' id='word_1_661' title='bbox 1327 4547 1438 4598; x_wconf 72' lang='lat' dir='ltr'><strong>hinc</strong></span> <span class='ocrx_word' id='word_1_662' title='bbox 1467 4545 1624 4599; x_wconf 90' lang='lat' dir='ltr'><strong>divus</strong></span> <span class='ocrx_word' id='word_1_663' title='bbox 1640 4545 1976 4616; x_wconf 88' lang='lat' dir='ltr'><strong>Gregorius?</strong></span> <span class='ocrx_word' id='word_1_664' title='bbox 2016 4550 2141 4605; x_wconf 86' lang='lat' dir='ltr'><strong>illos</strong></span> <span class='ocrx_word' id='word_1_665' title='bbox 2167 4568 2357 4608; x_wconf 89' lang='lat' dir='ltr'><strong>omnes</strong></span> 
     </span>
    </p>
   </div>
   <div class='ocr_carea' id='block_1_95' title="bbox 820 4636 2360 4708">
    <p class='ocr_par' dir='ltr' id='par_1_95' title="bbox 820 4636 2360 4708">
     <span class='ocr_line' id='line_1_95' title="bbox 820 4636 2360 4708; baseline 0.004 -17"><span class='ocrx_word' id='word_1_666' title='bbox 820 4641 1004 4692; x_wconf 68' lang='lat' dir='ltr'><strong>osculo</strong></span> <span class='ocrx_word' id='word_1_667' title='bbox 1032 4647 1218 4690; x_wconf 84' lang='lat' dir='ltr'><strong>saneto</strong></span> <span class='ocrx_word' id='word_1_668' title='bbox 1245 4636 1556 4687; x_wconf 86' lang='lat' dir='ltr'><strong>humaniter</strong></span> <span class='ocrx_word' id='word_1_669' title='bbox 1590 4636 1779 4700; x_wconf 89' lang='lat' dir='ltr'><strong>ambit,</strong></span> <span class='ocrx_word' id='word_1_670' title='bbox 1835 4653 1897 4691; x_wconf 91' lang='lat' dir='ltr'><strong>ac</strong></span> <span class='ocrx_word' id='word_1_671' title='bbox 1919 4639 2144 4708; x_wconf 88' lang='lat' dir='ltr'><strong>singulis</strong></span> <span class='ocrx_word' id='word_1_672' title='bbox 2169 4659 2360 4698; x_wconf 89' lang='lat' dir='ltr'><strong>manus</strong></span> 
     </span>
    </p>
   </div>
   <div class='ocr_carea' id='block_1_96' title="bbox 823 4723 2355 4800">
    <p class='ocr_par' dir='ltr' id='par_1_96' title="bbox 823 4723 2355 4800">
     <span class='ocr_line' id='line_1_96' title="bbox 823 4723 2355 4800; baseline 0.005 -20"><span class='ocrx_word' id='word_1_673' title='bbox 823 4733 1122 4795; x_wconf 87' lang='lat' dir='ltr'><strong>imponens,</strong></span> <span class='ocrx_word' id='word_1_674' title='bbox 1180 4723 1318 4776; x_wconf 89' lang='lat' dir='ltr'><strong>bene</strong></span> <span class='ocrx_word' id='word_1_675' title='bbox 1377 4723 1632 4777; x_wconf 88' lang='lat' dir='ltr'><strong>omnibus</strong></span> <span class='ocrx_word' id='word_1_676' title='bbox 1686 4727 2030 4792; x_wconf 87' lang='lat' dir='ltr'><strong>precabatur.</strong></span> <span class='ocrx_word' id='word_1_677' title='bbox 2090 4732 2159 4783; x_wconf 76' lang='lat' dir='ltr'><strong>At</strong></span> <span class='ocrx_word' id='word_1_678' title='bbox 2215 4735 2355 4800; x_wconf 87' lang='lat' dir='ltr'><strong>patri</strong></span> 
     </span>
    </p>
   </div>
   <div class='ocr_carea' id='block_1_97' title="bbox 819 4813 2362 4886">
    <p class='ocr_par' dir='ltr' id='par_1_97' title="bbox 819 4813 2362 4886">
     <span class='ocr_line' id='line_1_97' title="bbox 819 4813 2362 4886; baseline 0.003 -16"><span class='ocrx_word' id='word_1_679' title='bbox 819 4816 1228 4877; x_wconf 84' lang='lat' dir='ltr'><strong>obviusfaetus,</strong></span> <span class='ocrx_word' id='word_1_680' title='bbox 1266 4813 1499 4881; x_wconf 92' lang='lat' dir='ltr'><strong>primum</strong></span> <span class='ocrx_word' id='word_1_681' title='bbox 1555 4814 1776 4880; x_wconf 91' lang='lat' dir='ltr'><strong>quidem</strong></span> <span class='ocrx_word' id='word_1_682' title='bbox 1821 4817 1939 4885; x_wconf 86' lang='lat' dir='ltr'><strong>ejus</strong></span> <span class='ocrx_word' id='word_1_683' title='bbox 1989 4819 2217 4886; x_wconf 88' lang='lat' dir='ltr'><strong>pedibus</strong></span> <span class='ocrx_word' id='word_1_684' title='bbox 2273 4837 2362 4875; x_wconf 87' lang='lat' dir='ltr'><strong>se-</strong></span> 
     </span>
    </p>
   </div>
   <div class='ocr_carea' id='block_1_98' title="bbox 820 4903 2359 4976">
    <p class='ocr_par' dir='ltr' id='par_1_98' title="bbox 820 4903 2359 4976">
     <span class='ocr_line' id='line_1_98' title="bbox 820 4903 2359 4976; baseline 0.001 -14"><span class='ocrx_word' id='word_1_685' title='bbox 820 4913 996 4976; x_wconf 86' lang='lat' dir='ltr'><strong>ipsum</strong></span> <span class='ocrx_word' id='word_1_686' title='bbox 1031 4905 1246 4976; x_wconf 87' lang='lat' dir='ltr'><strong>abjecit,</strong></span> <span class='ocrx_word' id='word_1_687' title='bbox 1278 4920 1399 4958; x_wconf 87' lang='lat' dir='ltr'><strong>mox</strong></span> <span class='ocrx_word' id='word_1_688' title='bbox 1425 4919 1728 4973; x_wconf 88' lang='lat' dir='ltr'><strong>assurgens,</strong></span> <span class='ocrx_word' id='word_1_689' title='bbox 1781 4903 2122 4975; x_wconf 79' lang='lat' dir='ltr'><strong>brachiisque</strong></span> <span class='ocrx_word' id='word_1_690' title='bbox 2166 4912 2359 4964; x_wconf 89' lang='lat' dir='ltr'><strong>collum</strong></span> 
     </span>
    </p>
   </div>
   <div class='ocr_carea' id='block_1_99' title="bbox 819 4993 2359 5066">
    <p class='ocr_par' dir='ltr' id='par_1_99' title="bbox 819 4993 2359 5066">
     <span class='ocr_line' id='line_1_99' title="bbox 819 4993 2359 5066; baseline 0.005 -19"><span class='ocrx_word' id='word_1_691' title='bbox 819 5000 936 5066; x_wconf 73' lang='lat' dir='ltr'><strong>eius</strong></span> <span class='ocrx_word' id='word_1_692' title='bbox 951 4993 1314 5058; x_wconf 86' lang='lat' dir='ltr'><strong>circumdans,</strong></span> <span class='ocrx_word' id='word_1_693' title='bbox 1342 4995 1741 5063; x_wconf 86' lang='lat' dir='ltr'><strong>amplexabatur</strong></span> <span class='ocrx_word' id='word_1_694' title='bbox 1772 5012 1786 5050; x_wconf 86' lang='lat'><strong>:</strong></span> <span class='ocrx_word' id='word_1_695' title='bbox 1813 5006 1872 5048; x_wconf 95' lang='lat' dir='ltr'><strong>ut</strong></span> <span class='ocrx_word' id='word_1_696' title='bbox 1896 4997 2141 5066; x_wconf 73' lang='lat' dir='ltr'><strong>lacryma:</strong></span> <span class='ocrx_word' id='word_1_697' title='bbox 2167 5002 2359 5054; x_wconf 84' lang='lat' dir='ltr'><strong>utrius-</strong></span> 
     </span>
    </p>
   </div>
   <div class='ocr_carea' id='block_1_100' title="bbox 821 5083 2353 5156">
    <p class='ocr_par' dir='ltr' id='par_1_100' title="bbox 821 5083 2353 5156">
     <span class='ocr_line' id='line_1_100' title="bbox 821 5083 2353 5156; baseline 0.001 -15"><span class='ocrx_word' id='word_1_698' title='bbox 821 5103 928 5156; x_wconf 88' lang='lat' dir='ltr'><strong>que</strong></span> <span class='ocrx_word' id='word_1_699' title='bbox 1016 5086 1187 5139; x_wconf 89' lang='lat' dir='ltr'><strong>oculis</strong></span> <span class='ocrx_word' id='word_1_700' title='bbox 1241 5084 1456 5145; x_wconf 68' lang='lat' dir='ltr'><strong>elicitaa,</strong></span> <span class='ocrx_word' id='word_1_701' title='bbox 1514 5083 1840 5151; x_wconf 87' lang='lat' dir='ltr'><strong>agendarum</strong></span> <span class='ocrx_word' id='word_1_702' title='bbox 1897 5085 2006 5139; x_wconf 88' lang='lat' dir='ltr'><strong>Deo</strong></span> <span class='ocrx_word' id='word_1_703' title='bbox 2063 5089 2353 5156; x_wconf 86' lang='lat' dir='ltr'><strong>gratiarum</strong></span> 
     </span>
    </p>
   </div>
   <div class='ocr_carea' id='block_1_101' title="bbox 823 5171 2357 5247">
    <p class='ocr_par' dir='ltr' id='par_1_101' title="bbox 823 5171 2357 5247">
     <span class='ocr_line' id='line_1_101' title="bbox 823 5171 2357 5247; baseline -0.007 -16"><span class='ocrx_word' id='word_1_704' title='bbox 823 5176 1185 5230; x_wconf 83' lang='lat' dir='ltr'><strong>communiter</strong></span> <span class='ocrx_word' id='word_1_705' title='bbox 1209 5173 1425 5229; x_wconf 87' lang='lat' dir='ltr'><strong>occasio</strong></span> <span class='ocrx_word' id='word_1_706' title='bbox 1447 5173 1658 5226; x_wconf 81' lang='lat' dir='ltr'><strong>fierent.</strong></span> <span class='ocrx_word' id='word_1_707' title='bbox 1687 5171 1800 5227; x_wconf 86' lang='lat' dir='ltr'><strong>Hoc</strong></span> <span class='ocrx_word' id='word_1_708' title='bbox 1853 5175 2028 5243; x_wconf 92' lang='lat' dir='ltr'><strong>ipsum</strong></span> <span class='ocrx_word' id='word_1_709' title='bbox 2085 5194 2208 5247; x_wconf 84' lang='lat' dir='ltr'><strong>erga</strong></span> <span class='ocrx_word' id='word_1_710' title='bbox 2246 5196 2357 5233; x_wconf 88' lang='lat' dir='ltr'><strong>ma.</strong></span> 
     </span>
    </p>
   </div>
   <div class='ocr_carea' id='block_1_102' title="bbox 823 5262 2358 5339">
    <p class='ocr_par' dir='ltr' id='par_1_102' title="bbox 823 5262 2358 5339">
     <span class='ocr_line' id='line_1_102' title="bbox 823 5262 2358 5339; baseline 0.005 -20"><span class='ocrx_word' id='word_1_711' title='bbox 823 5277 961 5320; x_wconf 88' lang='lat' dir='ltr'><strong>trem</strong></span> <span class='ocrx_word' id='word_1_712' title='bbox 1001 5279 1100 5319; x_wconf 92' lang='lat' dir='ltr'><strong>usu</strong></span> <span class='ocrx_word' id='word_1_713' title='bbox 1128 5264 1231 5317; x_wconf 86' lang='lat' dir='ltr'><strong>sibi</strong></span> <span class='ocrx_word' id='word_1_714' title='bbox 1271 5263 1482 5317; x_wconf 86' lang='lat' dir='ltr'><strong>venisse</strong></span> <span class='ocrx_word' id='word_1_715' title='bbox 1511 5263 1792 5331; x_wconf 81' lang='lat' dir='ltr'><strong>comperit.</strong></span> <span class='ocrx_word' id='word_1_716' title='bbox 1826 5262 2024 5319; x_wconf 82' lang='lat' dir='ltr'><strong>Verum</strong></span> <span class='ocrx_word' id='word_1_717' title='bbox 2071 5270 2214 5321; x_wconf 90' lang='lat' dir='ltr'><strong>enim</strong></span> <span class='ocrx_word' id='word_1_718' title='bbox 2242 5274 2358 5339; x_wconf 87' lang='lat' dir='ltr'><strong>ejus</strong></span> 
     </span>
    </p>
   </div>
   <div class='ocr_carea' id='block_1_103' title="bbox 823 5352 2356 5424">
    <p class='ocr_par' dir='ltr' id='par_1_103' title="bbox 823 5352 2356 5424">
     <span class='ocr_line' id='line_1_103' title="bbox 823 5352 2356 5424; baseline 0.004 -16"><span class='ocrx_word' id='word_1_719' title='bbox 823 5354 1127 5424; x_wconf 83' lang='lat' dir='ltr'><strong>discipulus</strong></span> <span class='ocrx_word' id='word_1_720' title='bbox 1150 5361 1291 5418; x_wconf 78' lang='lat' dir='ltr'><strong>erat,</strong></span> <span class='ocrx_word' id='word_1_721' title='bbox 1313 5352 1405 5420; x_wconf 94' lang='lat' dir='ltr'><strong>qui</strong></span> <span class='ocrx_word' id='word_1_722' title='bbox 1440 5361 1692 5421; x_wconf 88' lang='lat' dir='ltr'><strong>parentes</strong></span> <span class='ocrx_word' id='word_1_723' title='bbox 1739 5368 1848 5422; x_wconf 65' lang='lat' dir='ltr'><strong>pre</strong></span> <span class='ocrx_word' id='word_1_724' title='bbox 1900 5357 2356 5415; x_wconf 74' lang='lat' dir='ltr'><strong>omnibuscolen-</strong></span> 
     </span>
    </p>
   </div>
   <div class='ocr_carea' id='block_1_104' title="bbox 819 5443 2356 5518">
    <p class='ocr_par' dir='ltr' id='par_1_104' title="bbox 819 5443 2356 5518">
     <span class='ocr_line' id='line_1_104' title="bbox 819 5443 2356 5518; baseline 0.005 -20"><span class='ocrx_word' id='word_1_725' title='bbox 819 5448 919 5501; x_wconf 89' lang='lat' dir='ltr'><strong>dos</strong></span> <span class='ocrx_word' id='word_1_726' title='bbox 945 5445 1218 5514; x_wconf 61' lang='lat' dir='ltr'><strong>praecepit.</strong></span> <span class='ocrx_word' id='word_1_727' title='bbox 1249 5444 1474 5497; x_wconf 90' lang='lat' dir='ltr'><strong>Demum</strong></span> <span class='ocrx_word' id='word_1_728' title='bbox 1512 5443 1699 5496; x_wconf 87' lang='lat' dir='ltr'><strong>urbem</strong></span> <span class='ocrx_word' id='word_1_729' title='bbox 1730 5447 2022 5514; x_wconf 83' lang='lat' dir='ltr'><strong>ingressus,</strong></span> <span class='ocrx_word' id='word_1_730' title='bbox 2070 5463 2177 5502; x_wconf 95' lang='lat' dir='ltr'><strong>non</strong></span> <span class='ocrx_word' id='word_1_731' title='bbox 2209 5453 2356 5518; x_wconf 87' lang='lat' dir='ltr'><strong>prius</strong></span> 
     </span>
    </p>
   </div>
   <div class='ocr_carea' id='block_1_105' title="bbox 819 5534 2350 5607">
    <p class='ocr_par' dir='ltr' id='par_1_105' title="bbox 819 5534 2350 5607">
     <span class='ocr_line' id='line_1_105' title="bbox 819 5534 2350 5607; baseline 0.004 -18"><span class='ocrx_word' id='word_1_732' title='bbox 819 5534 1151 5590; x_wconf 87' lang='lat' dir='ltr'><strong>domicilium</strong></span> <span class='ocrx_word' id='word_1_733' title='bbox 1171 5535 1344 5600; x_wconf 90' lang='lat' dir='ltr'><strong>petiit,</strong></span> <span class='ocrx_word' id='word_1_734' title='bbox 1389 5548 1495 5585; x_wconf 90' lang='lat' dir='ltr'><strong>non</strong></span> <span class='ocrx_word' id='word_1_735' title='bbox 1522 5534 1779 5600; x_wconf 81' lang='lat' dir='ltr'><strong>templum</strong></span> <span class='ocrx_word' id='word_1_736' title='bbox 1823 5536 2007 5590; x_wconf 85' lang='lat' dir='ltr'><strong>videre</strong></span> <span class='ocrx_word' id='word_1_737' title='bbox 2071 5542 2350 5607; x_wconf 88' lang='lat' dir='ltr'><strong>sustinuit,</strong></span> 
     </span>
    </p>
   </div>
   <div class='ocr_carea' id='block_1_106' title="bbox 820 5623 2354 5694">
    <p class='ocr_par' dir='ltr' id='par_1_106' title="bbox 820 5623 2354 5694">
     <span class='ocr_line' id='line_1_106' title="bbox 820 5623 2354 5694; baseline 0.006 -15"><span class='ocrx_word' id='word_1_738' title='bbox 820 5641 919 5680; x_wconf 89' lang='lat' dir='ltr'><strong>nce</strong></span> <span class='ocrx_word' id='word_1_739' title='bbox 965 5625 1051 5678; x_wconf 88' lang='lat' dir='ltr'><strong>vix</strong></span> <span class='ocrx_word' id='word_1_740' title='bbox 1095 5623 1321 5676; x_wconf 82' lang='lat' dir='ltr'><strong>alterum</strong></span> <span class='ocrx_word' id='word_1_741' title='bbox 1373 5625 1588 5677; x_wconf 87' lang='lat' dir='ltr'><strong>oculum</strong></span> <span class='ocrx_word' id='word_1_742' title='bbox 1649 5627 1884 5694; x_wconf 79' lang='lat' dir='ltr'><strong>adjecit:</strong></span> <span class='ocrx_word' id='word_1_743' title='bbox 1941 5630 2034 5682; x_wconf 88' lang='lat' dir='ltr'><strong>sed</strong></span> <span class='ocrx_word' id='word_1_744' title='bbox 2075 5633 2354 5688; x_wconf 81' lang='lat' dir='ltr'><strong>confestim</strong></span> 
     </span>
    </p>
   </div>
   <div class='ocr_carea' id='block_1_107' title="bbox 825 5714 2353 5792">
    <p class='ocr_par' dir='ltr' id='par_1_107' title="bbox 825 5714 2353 5792">
     <span class='ocr_line' id='line_1_107' title="bbox 825 5714 2353 5792; baseline 0.008 -22"><span class='ocrx_word' id='word_1_745' title='bbox 825 5718 1034 5782; x_wconf 76' lang='lat' dir='ltr'><strong>abiens,</strong></span> <span class='ocrx_word' id='word_1_746' title='bbox 1065 5714 1473 5770; x_wconf 82' lang='lat' dir='ltr'><strong>tabernaculum</strong></span> <span class='ocrx_word' id='word_1_747' title='bbox 1523 5731 1679 5770; x_wconf 84' lang='lat' dir='ltr'><strong>suum</strong></span> <span class='ocrx_word' id='word_1_748' title='bbox 1731 5734 1887 5774; x_wconf 82' lang='lat' dir='ltr'><strong>muro</strong></span> <span class='ocrx_word' id='word_1_749' title='bbox 1929 5733 2138 5792; x_wconf 84' lang='lat' dir='ltr'><strong>septum</strong></span> <span class='ocrx_word' id='word_1_750' title='bbox 2202 5741 2353 5783; x_wconf 79' lang='lat' dir='ltr'><strong>extra</strong></span> 
     </span>
    </p>
   </div>
   <div class='ocr_carea' id='block_1_108' title="bbox 2528 4565 4006 4654">
    <p class='ocr_par' dir='ltr' id='par_1_108' title="bbox 2528 4565 4006 4654">
     <span class='ocr_line' id='line_1_108' title="bbox 2528 4565 4006 4654; baseline 0.016 -35"><span class='ocrx_word' id='word_1_751' title='bbox 2528 4565 2648 4622; x_wconf 67' lang='grc' dir='ltr'>ΞΝ.</span> <span class='ocrx_word' id='word_1_752' title='bbox 2694 4569 2757 4620; x_wconf 85' lang='grc' dir='ltr'>Τί</span> <span class='ocrx_word' id='word_1_753' title='bbox 2790 4568 2882 4623; x_wconf 79' lang='grc' dir='ltr'>οὖν</span> <span class='ocrx_word' id='word_1_754' title='bbox 2924 4573 2952 4624; x_wconf 82' lang='grc' dir='ltr'><strong>ὁ</strong></span> <span class='ocrx_word' id='word_1_755' title='bbox 2985 4573 3124 4635; x_wconf 78' lang='grc' dir='ltr'>θεῖος</span> <span class='ocrx_word' id='word_1_756' title='bbox 3155 4575 3484 4648; x_wconf 84' lang='grc' dir='ltr'>Γρηγόριος;</span> <span class='ocrx_word' id='word_1_757' title='bbox 3521 4581 3658 4647; x_wconf 80' lang='grc' dir='ltr'>Τοὺς</span> <span class='ocrx_word' id='word_1_758' title='bbox 3688 4586 3785 4654; x_wconf 86' lang='grc' dir='ltr'>μὲν</span> <span class='ocrx_word' id='word_1_759' title='bbox 3813 4588 4006 4652; x_wconf 77' lang='grc' dir='ltr'>ἄλλους</span> 
     </span>
    </p>
   </div>
   <div class='ocr_carea' id='block_1_109' title="bbox 2467 4657 4004 4742">
    <p class='ocr_par' dir='ltr' id='par_1_109' title="bbox 2467 4657 4004 4742">
     <span class='ocr_line' id='line_1_109' title="bbox 2467 4657 4004 4742; baseline 0.016 -35"><span class='ocrx_word' id='word_1_760' title='bbox 2467 4657 2671 4720; x_wconf 79' lang='grc' dir='ltr'>πάντας</span> <span class='ocrx_word' id='word_1_761' title='bbox 2712 4660 2992 4729; x_wconf 72' lang='grc' dir='ltr'>φιλήματί</span> <span class='ocrx_word' id='word_1_762' title='bbox 3038 4679 3098 4714; x_wconf 89' lang='grc' dir='ltr'><strong>τε</strong></span> <span class='ocrx_word' id='word_1_763' title='bbox 3127 4665 3267 4735; x_wconf 87' lang='grc' dir='ltr'>ἀγίῳ</span> <span class='ocrx_word' id='word_1_764' title='bbox 3293 4668 3732 4738; x_wconf 77' lang='grc' dir='ltr'>φιλοφρονεῖται,</span> <span class='ocrx_word' id='word_1_765' title='bbox 3767 4679 3864 4730; x_wconf 81' lang='grc' dir='ltr'>καὶ</span> <span class='ocrx_word' id='word_1_766' title='bbox 3905 4680 4004 4742; x_wconf 59' lang='lat' dir='ltr'><strong>te;</strong></span> 
     </span>
    </p>
   </div>
   <div class='ocr_carea' id='block_1_110' title="bbox 2463 4749 4006 4839">
    <p class='ocr_par' dir='ltr' id='par_1_110' title="bbox 2463 4749 4006 4839">
     <span class='ocr_line' id='line_1_110' title="bbox 2463 4749 4006 4839; baseline 0.016 -42"><span class='ocrx_word' id='word_1_767' title='bbox 2463 4749 2650 4839; x_wconf 81' lang='grc' dir='ltr'>χεῖρας</span> <span class='ocrx_word' id='word_1_768' title='bbox 2692 4749 2902 4812; x_wconf 72' lang='grc' dir='ltr'>επιθεὶς</span> <span class='ocrx_word' id='word_1_769' title='bbox 2948 4752 3185 4823; x_wconf 72' lang='grc' dir='ltr'>ἑκάστῳ,</span> <span class='ocrx_word' id='word_1_770' title='bbox 3240 4757 3340 4824; x_wconf 79' lang='grc' dir='ltr'>τὴν</span> <span class='ocrx_word' id='word_1_771' title='bbox 3385 4761 3634 4829; x_wconf 86' lang='grc' dir='ltr'>εὐλογίαν</span> <span class='ocrx_word' id='word_1_772' title='bbox 3675 4765 3893 4819; x_wconf 84' lang='grc' dir='ltr'>δίδωσι·</span> <span class='ocrx_word' id='word_1_773' title='bbox 3925 4773 4006 4839; x_wconf 83' lang='grc' dir='ltr'><strong>τῷ</strong></span> 
     </span>
    </p>
   </div>
   <div class='ocr_carea' id='block_1_111' title="bbox 2466 4837 4006 4915">
    <p class='ocr_par' dir='ltr' id='par_1_111' title="bbox 2466 4837 4006 4915">
     <span class='ocr_line' id='line_1_111' title="bbox 2466 4837 4006 4915; baseline 0.018 -29"><span class='ocrx_word' id='word_1_774' title='bbox 2466 4837 2522 4888; x_wconf 84' lang='grc' dir='ltr'>δὲ</span> <span class='ocrx_word' id='word_1_775' title='bbox 2555 4839 2721 4906; x_wconf 76' lang='grc' dir='ltr'>πατρὶ</span> <span class='ocrx_word' id='word_1_776' title='bbox 2753 4840 3062 4908; x_wconf 85' lang='grc' dir='ltr'>προσελθὼν</span> <span class='ocrx_word' id='word_1_777' title='bbox 3093 4845 3282 4910; x_wconf 88' lang='grc' dir='ltr'>πρῶτα</span> <span class='ocrx_word' id='word_1_778' title='bbox 3315 4849 3415 4915; x_wconf 84' lang='grc' dir='ltr'>μὲν</span> <span class='ocrx_word' id='word_1_779' title='bbox 3464 4852 3572 4914; x_wconf 82' lang='grc' dir='ltr'>τοῖς</span> <span class='ocrx_word' id='word_1_780' title='bbox 3608 4857 3762 4907; x_wconf 80' lang='grc' dir='ltr'>ποσὶν</span> <span class='ocrx_word' id='word_1_781' title='bbox 3792 4837 4006 4913; x_wconf 76' lang='grc' dir='ltr'>ἐκείνου</span> 
     </span>
    </p>
   </div>
   <div class='ocr_carea' id='block_1_112' title="bbox 2462 4925 4004 5012">
    <p class='ocr_par' dir='ltr' id='par_1_112' title="bbox 2462 4925 4004 5012">
     <span class='ocr_line' id='line_1_112' title="bbox 2462 4925 4004 5012; baseline 0.017 -38"><span class='ocrx_word' id='word_1_782' title='bbox 2462 4925 2652 4976; x_wconf 81' lang='grc' dir='ltr'>ἑαυτὸν</span> <span class='ocrx_word' id='word_1_783' title='bbox 2682 4926 3030 4994; x_wconf 88' lang='grc' dir='ltr'>καταϐάλλει,</span> <span class='ocrx_word' id='word_1_784' title='bbox 3065 4926 3181 4982; x_wconf 76' lang='grc' dir='ltr'>εἶτα</span> <span class='ocrx_word' id='word_1_785' title='bbox 3223 4934 3509 5000; x_wconf 79' lang='grc' dir='ltr'>διαναστάς</span> <span class='ocrx_word' id='word_1_786' title='bbox 3534 4941 3624 4992; x_wconf 82' lang='grc' dir='ltr'>τὸν</span> <span class='ocrx_word' id='word_1_787' title='bbox 3653 4943 3920 5012; x_wconf 66' lang='grc' dir='ltr'>τράχηλόν</span> <span class='ocrx_word' id='word_1_788' title='bbox 3944 4965 4004 5000; x_wconf 87' lang='grc' dir='ltr'><strong>τε</strong></span> 
     </span>
    </p>
   </div>
   <div class='ocr_carea' id='block_1_113' title="bbox 2462 5012 4006 5104">
    <p class='ocr_par' dir='ltr' id='par_1_113' title="bbox 2462 5012 4006 5104">
     <span class='ocr_line' id='line_1_113' title="bbox 2462 5012 4006 5104; baseline 0.016 -44"><span class='ocrx_word' id='word_1_789' title='bbox 2462 5012 2775 5104; x_wconf 77' lang='grc' dir='ltr'>περιϐάλλει</span> <span class='ocrx_word' id='word_1_790' title='bbox 2827 5017 2921 5068; x_wconf 73' lang='grc' dir='ltr'>καὶ</span> <span class='ocrx_word' id='word_1_791' title='bbox 2976 5020 3410 5088; x_wconf 77' lang='grc' dir='ltr'>κατασπάζεται,</span> <span class='ocrx_word' id='word_1_792' title='bbox 3461 5025 3536 5087; x_wconf 87' lang='grc' dir='ltr'><strong>ῶς</strong></span> <span class='ocrx_word' id='word_1_793' title='bbox 3587 5028 3914 5100; x_wconf 78' lang='grc' dir='ltr'>ἀμφοτέροις</span> <span class='ocrx_word' id='word_1_794' title='bbox 3945 5039 4006 5104; x_wconf 76' lang='grc' dir='ltr'><strong>ή-</strong></span> 
     </span>
    </p>
   </div>
   <div class='ocr_carea' id='block_1_114' title="bbox 2460 5102 4004 5195">
    <p class='ocr_par' dir='ltr' id='par_1_114' title="bbox 2460 5102 4004 5195">
     <span class='ocr_line' id='line_1_114' title="bbox 2460 5102 4004 5195; baseline 0.015 -42"><span class='ocrx_word' id='word_1_795' title='bbox 2460 5102 2881 5195; x_wconf 42' lang='grc' dir='ltr'>δονῇς-δάκρυον</span> <span class='ocrx_word' id='word_1_796' title='bbox 2909 5107 3018 5160; x_wconf 91' lang='grc' dir='ltr'><strong>τῶν</strong></span> <span class='ocrx_word' id='word_1_797' title='bbox 3047 5109 3337 5180; x_wconf 82' lang='grc' dir='ltr'>ὀφθαλμῶν</span> <span class='ocrx_word' id='word_1_798' title='bbox 3403 5117 3655 5169; x_wconf 73' lang='grc' dir='ltr'>ἐκπεσεῖν</span> <span class='ocrx_word' id='word_1_799' title='bbox 3683 5123 3775 5173; x_wconf 75' lang='grc' dir='ltr'><strong>καὶ</strong></span> <span class='ocrx_word' id='word_1_800' title='bbox 3817 5102 4004 5195; x_wconf 78' lang='grc' dir='ltr'>κοινὴν</span> 
     </span>
    </p>
   </div>
   <div class='ocr_carea' id='block_1_115' title="bbox 2460 5192 4001 5271">
    <p class='ocr_par' dir='ltr' id='par_1_115' title="bbox 2460 5192 4001 5271">
     <span class='ocr_line' id='line_1_115' title="bbox 2460 5192 4001 5271; baseline 0.017 -30"><span class='ocrx_word' id='word_1_801' title='bbox 2460 5192 2708 5254; x_wconf 76' lang='grc' dir='ltr'>γενέσθαι</span> <span class='ocrx_word' id='word_1_802' title='bbox 2741 5195 2872 5263; x_wconf 82' lang='grc' dir='ltr'>πρὸς</span> <span class='ocrx_word' id='word_1_803' title='bbox 2903 5195 3034 5250; x_wconf 81' lang='grc' dir='ltr'>Θεὸν</span> <span class='ocrx_word' id='word_1_804' title='bbox 3067 5199 3165 5268; x_wconf 82' lang='grc' dir='ltr'>τὴν</span> <span class='ocrx_word' id='word_1_805' title='bbox 3228 5202 3598 5271; x_wconf 81' lang='grc' dir='ltr'>εὐχαριστίαν.</span> <span class='ocrx_word' id='word_1_806' title='bbox 3649 5209 3720 5260; x_wconf 83' lang='grc' dir='ltr'><strong>Τὸ</strong></span> <span class='ocrx_word' id='word_1_807' title='bbox 3765 5212 3896 5263; x_wconf 76' lang='grc' dir='ltr'>αὐτὸ</span> <span class='ocrx_word' id='word_1_808' title='bbox 3944 5192 4001 5267; x_wconf 84' lang='grc' dir='ltr'>δὲ</span> 
     </span>
    </p>
   </div>
   <div class='ocr_carea' id='block_1_116' title="bbox 2459 5281 4001 5370">
    <p class='ocr_par' dir='ltr' id='par_1_116' title="bbox 2459 5281 4001 5370">
     <span class='ocr_line' id='line_1_116' title="bbox 2459 5281 4001 5370; baseline 0.015 -39"><span class='ocrx_word' id='word_1_809' title='bbox 2459 5282 2549 5332; x_wconf 81' lang='grc' dir='ltr'>καὶ</span> <span class='ocrx_word' id='word_1_810' title='bbox 2579 5281 2671 5333; x_wconf 78' lang='grc' dir='ltr'><strong>ἐπὶ</strong></span> <span class='ocrx_word' id='word_1_811' title='bbox 2700 5286 2764 5352; x_wconf 79' lang='grc' dir='ltr'><strong>τῇ</strong></span> <span class='ocrx_word' id='word_1_812' title='bbox 2805 5287 2974 5354; x_wconf 79' lang='grc' dir='ltr'>μητρὶ</span> <span class='ocrx_word' id='word_1_813' title='bbox 3006 5287 3232 5354; x_wconf 90' lang='grc' dir='ltr'>γίνεται.</span> <span class='ocrx_word' id='word_1_814' title='bbox 3264 5291 3528 5362; x_wconf 75' lang='grc' dir='ltr'>Μαθητὴς</span> <span class='ocrx_word' id='word_1_815' title='bbox 3559 5297 3665 5365; x_wconf 77' lang='grc' dir='ltr'><strong>γὰρ</strong></span> <span class='ocrx_word' id='word_1_816' title='bbox 3697 5296 3762 5366; x_wconf 81' lang='grc' dir='ltr'>ἦν</span> <span class='ocrx_word' id='word_1_817' title='bbox 3785 5301 4001 5370; x_wconf 80' lang='grc' dir='ltr'>ἀληθῶς</span> 
     </span>
    </p>
   </div>
   <div class='ocr_carea' id='block_1_117' title="bbox 2457 5372 4000 5454">
    <p class='ocr_par' dir='ltr' id='par_1_117' title="bbox 2457 5372 4000 5454">
     <span class='ocr_line' id='line_1_117' title="bbox 2457 5372 4000 5454; baseline 0.014 -31"><span class='ocrx_word' id='word_1_818' title='bbox 2457 5372 2664 5424; x_wconf 77' lang='grc' dir='ltr'>ἐκείνου</span> <span class='ocrx_word' id='word_1_819' title='bbox 2717 5376 2809 5426; x_wconf 88' lang='grc' dir='ltr'><strong>τοῦ</strong></span> <span class='ocrx_word' id='word_1_820' title='bbox 2854 5378 3061 5444; x_wconf 79' lang='grc' dir='ltr'>πατέρα</span> <span class='ocrx_word' id='word_1_821' title='bbox 3123 5395 3181 5432; x_wconf 87' lang='grc' dir='ltr'><strong>τε</strong></span> <span class='ocrx_word' id='word_1_822' title='bbox 3228 5383 3322 5434; x_wconf 72' lang='grc' dir='ltr'>καὶ</span> <span class='ocrx_word' id='word_1_823' title='bbox 3376 5387 3586 5454; x_wconf 87' lang='grc' dir='ltr'>μητέρα</span> <span class='ocrx_word' id='word_1_824' title='bbox 3646 5391 4000 5452; x_wconf 73' lang='grc' dir='ltr'>κελεύσαντος</span> 
     </span>
    </p>
   </div>
   <div class='ocr_carea' id='block_1_118' title="bbox 2455 5462 3998 5540">
    <p class='ocr_par' dir='ltr' id='par_1_118' title="bbox 2455 5462 3998 5540">
     <span class='ocr_line' id='line_1_118' title="bbox 2455 5462 3998 5540; baseline 0.013 -27"><span class='ocrx_word' id='word_1_825' title='bbox 2455 5462 2812 5530; x_wconf 81' lang='grc' dir='ltr'>διαφερόντως</span> <span class='ocrx_word' id='word_1_826' title='bbox 2841 5467 3025 5534; x_wconf 81' lang='grc' dir='ltr'>τιμᾷν.</span> <span class='ocrx_word' id='word_1_827' title='bbox 3077 5466 3206 5519; x_wconf 82' lang='grc' dir='ltr'>Εἶτα</span> <span class='ocrx_word' id='word_1_828' title='bbox 3251 5469 3349 5538; x_wconf 82' lang='grc' dir='ltr'>τὴν</span> <span class='ocrx_word' id='word_1_829' title='bbox 3391 5473 3544 5525; x_wconf 83' lang='grc' dir='ltr'>πόλιν</span> <span class='ocrx_word' id='word_1_830' title='bbox 3580 5477 3855 5540; x_wconf 74' lang='grc' dir='ltr'>εἰσελθὼν,</span> <span class='ocrx_word' id='word_1_831' title='bbox 3897 5483 3998 5532; x_wconf 82' lang='grc' dir='ltr'>οὐκ</span> 
     </span>
    </p>
   </div>
   <div class='ocr_carea' id='block_1_119' title="bbox 2455 5555 3996 5635">
    <p class='ocr_par' dir='ltr' id='par_1_119' title="bbox 2455 5555 3996 5635">
     <span class='ocr_line' id='line_1_119' title="bbox 2455 5555 3996 5635; baseline 0.013 -31"><span class='ocrx_word' id='word_1_832' title='bbox 2455 5555 2532 5616; x_wconf 73' lang='grc' dir='ltr'>εἰς</span> <span class='ocrx_word' id='word_1_833' title='bbox 2562 5555 2620 5608; x_wconf 85' lang='grc' dir='ltr'>τὸ</span> <span class='ocrx_word' id='word_1_834' title='bbox 2646 5556 2987 5610; x_wconf 73' lang='grc' dir='ltr'>ὲπισκοπεῖον</span> <span class='ocrx_word' id='word_1_835' title='bbox 3010 5559 3258 5627; x_wconf 85' lang='grc' dir='ltr'>ἀνῆλθεν,</span> <span class='ocrx_word' id='word_1_836' title='bbox 3282 5563 3404 5614; x_wconf 80' lang='grc' dir='ltr'>οὐδὲ</span> <span class='ocrx_word' id='word_1_837' title='bbox 3454 5567 3514 5617; x_wconf 71' lang='grc' dir='ltr'>τὸ</span> <span class='ocrx_word' id='word_1_838' title='bbox 3565 5569 3690 5621; x_wconf 85' lang='grc' dir='ltr'>ναὸν</span> <span class='ocrx_word' id='word_1_839' title='bbox 3717 5573 3996 5635; x_wconf 77' lang='grc' dir='ltr'>ἐθεάσατ),</span> 
     </span>
    </p>
   </div>
   <div class='ocr_carea' id='block_1_120' title="bbox 2455 5645 3997 5725">
    <p class='ocr_par' dir='ltr' id='par_1_120' title="bbox 2455 5645 3997 5725">
     <span class='ocr_line' id='line_1_120' title="bbox 2455 5645 3997 5725; baseline 0.014 -31"><span class='ocrx_word' id='word_1_840' title='bbox 2455 5645 2549 5713; x_wconf 85' lang='grc' dir='ltr'>οὐχ</span> <span class='ocrx_word' id='word_1_841' title='bbox 2607 5645 2777 5716; x_wconf 73' lang='grc' dir='ltr'>ἑτέρῳ</span> <span class='ocrx_word' id='word_1_842' title='bbox 2815 5650 2920 5700; x_wconf 76' lang='grc' dir='ltr'>τινὶ</span> <span class='ocrx_word' id='word_1_843' title='bbox 2978 5649 3163 5717; x_wconf 78' lang='grc' dir='ltr'>σχεδὸν</span> <span class='ocrx_word' id='word_1_844' title='bbox 3212 5654 3302 5705; x_wconf 66' lang='grc' dir='ltr'><strong>τὸν</strong></span> <span class='ocrx_word' id='word_1_845' title='bbox 3348 5656 3501 5724; x_wconf 73' lang='grc' dir='ltr'>ὄμμα</span> <span class='ocrx_word' id='word_1_846' title='bbox 3539 5659 3815 5725; x_wconf 77' lang='grc' dir='ltr'>ἐπέϐαλεν,</span> <span class='ocrx_word' id='word_1_847' title='bbox 3861 5663 3997 5716; x_wconf 74' lang='grc' dir='ltr'><strong>ἀλλά</strong></span> 
     </span>
    </p>
   </div>
   <div class='ocr_carea' id='block_1_121' title="bbox 2455 5735 3993 5821">
    <p class='ocr_par' dir='ltr' id='par_1_121' title="bbox 2455 5735 3993 5821">
     <span class='ocr_line' id='line_1_121' title="bbox 2455 5735 3993 5821; baseline 0.01 -31"><span class='ocrx_word' id='word_1_848' title='bbox 2455 5735 2706 5790; x_wconf 85' lang='grc' dir='ltr'>ἀπελθὼν</span> <span class='ocrx_word' id='word_1_849' title='bbox 2734 5738 2952 5803; x_wconf 81' lang='grc' dir='ltr'>εὐθέως,</span> <span class='ocrx_word' id='word_1_850' title='bbox 2976 5742 3208 5811; x_wconf 79' lang='grc' dir='ltr'>πήγνυσι</span> <span class='ocrx_word' id='word_1_851' title='bbox 3230 5745 3324 5813; x_wconf 82' lang='grc' dir='ltr'>τὴν</span> <span class='ocrx_word' id='word_1_852' title='bbox 3353 5748 3516 5800; x_wconf 84' lang='grc' dir='ltr'>αὐτοῦ</span> <span class='ocrx_word' id='word_1_853' title='bbox 3547 5751 3747 5821; x_wconf 78' lang='grc' dir='ltr'>σκηνὴν</span> <span class='ocrx_word' id='word_1_854' title='bbox 3773 5751 3877 5817; x_wconf 68' lang='grc' dir='ltr'><strong>ἔξω</strong></span> <span class='ocrx_word' id='word_1_855' title='bbox 3901 5753 3993 5804; x_wconf 62' lang='lat' dir='ltr'><strong>rei)</strong></span> 
     </span>
    </p>
   </div>
  </div>
