  <div class='ocr_page' id='page_1' title='image "/cluster/home/n/w/nwhite01/storage/ocr_20150623/116/nnc1.0046980156/154.png"; bbox 0 0 4270 6428; ppageno 0'>
   <div class='ocr_carea' id='block_1_1' title="bbox 309 406 418 466">
    <p class='ocr_par' dir='ltr' id='par_1_1' title="bbox 309 406 418 466">
     <span class='ocr_line' id='line_1_1' title="bbox 309 406 418 466; baseline 0.009 -2"><span class='ocrx_word' id='word_1_1' title='bbox 309 406 418 466; x_wconf 64' lang='lat'><strong>269</strong></span> 
     </span>
    </p>
   </div>
   <div class='ocr_carea' id='block_1_2' title="bbox 1398 410 2391 472">
    <p class='ocr_par' dir='ltr' id='par_1_2' title="bbox 1398 410 2391 472">
     <span class='ocr_line' id='line_1_2' title="bbox 1398 410 2391 472; baseline 0.003 -3"><span class='ocrx_word' id='word_1_2' title='bbox 1398 410 1858 471; x_wconf 74' lang='lat' dir='ltr'><strong>MARTYBIUM</strong></span> <span class='ocrx_word' id='word_1_3' title='bbox 1899 412 1952 471; x_wconf 83' lang='lat' dir='ltr'><strong>S.</strong></span> <span class='ocrx_word' id='word_1_4' title='bbox 1998 411 2391 472; x_wconf 74' lang='lat' dir='ltr'><strong>MERCURH.</strong></span> 
     </span>
    </p>
   </div>
   <div class='ocr_carea' id='block_1_3' title="bbox 3390 413 3493 474">
    <p class='ocr_par' dir='ltr' id='par_1_3' title="bbox 3390 413 3493 474">
     <span class='ocr_line' id='line_1_3' title="bbox 3390 413 3493 474; baseline 0 -1"><span class='ocrx_word' id='word_1_5' title='bbox 3390 413 3493 474; x_wconf 73' lang='grc' dir='ltr'><strong>2Ἰο</strong></span> 
     </span>
    </p>
   </div>
   <div class='ocr_carea' id='block_1_4' title="bbox 311 516 1997 593">
    <p class='ocr_par' dir='ltr' id='par_1_4' title="bbox 311 516 1997 592">
     <span class='ocr_line' id='line_1_4' title="bbox 311 516 1997 592; baseline 0.005 -26"><span class='ocrx_word' id='word_1_6' title='bbox 311 516 597 568; x_wconf 77' lang='grc' dir='ltr'>είδωλικοῦ</span> <span class='ocrx_word' id='word_1_7' title='bbox 633 518 768 570; x_wconf 76' lang='grc' dir='ltr'>ναοῦ</span> <span class='ocrx_word' id='word_1_8' title='bbox 811 521 1043 587; x_wconf 74' lang='grc' dir='ltr'>ἐχόμενα</span> <span class='ocrx_word' id='word_1_9' title='bbox 1098 524 1190 576; x_wconf 82' lang='grc' dir='ltr'>τοῦ</span> <span class='ocrx_word' id='word_1_10' title='bbox 1243 526 1472 590; x_wconf 69' lang='grc' dir='ltr'>τείχους,</span> <span class='ocrx_word' id='word_1_11' title='bbox 1527 526 1617 577; x_wconf 77' lang='grc' dir='ltr'>καὶ</span> <span class='ocrx_word' id='word_1_12' title='bbox 1648 517 1713 592; x_wconf 77' lang='grc' dir='ltr'>ἦν</span> <span class='ocrx_word' id='word_1_13' title='bbox 1748 525 1864 573; x_wconf 79' lang='grc' dir='ltr'>ἐκεῖ</span> <span class='ocrx_word' id='word_1_14' title='bbox 1896 527 1936 583; x_wconf 79' lang='grc' dir='ltr'>Α</span> <span class='ocrx_word' id='word_1_15' title='bbox 1964 538 1997 575; x_wconf 64' lang='lat' dir='ltr'><strong>Si</strong></span> 
     </span>
    </p>
   </div>
   <div class='ocr_carea' id='block_1_5' title="bbox 1815 516 3501 593">
    <p class='ocr_par' dir='ltr' id='par_1_5' title="bbox 1816 524 3501 593">
     <span class='ocr_line' id='line_1_5' title="bbox 1816 524 3501 593; baseline 0.004 -20"><span class='ocrx_word' id='word_1_16' title='bbox 1816 525 1864 573; x_wconf 79' lang='grc' dir='ltr'><strong>εἴ</strong></span> <span class='ocrx_word' id='word_1_17' title='bbox 1896 527 1936 583; x_wconf 78' lang='grc' dir='ltr'>Α</span> <span class='ocrx_word' id='word_1_18' title='bbox 1964 524 2377 577; x_wconf 81' lang='lat' dir='ltr'><strong>sinutmcrorum</strong></span> <span class='ocrx_word' id='word_1_19' title='bbox 2443 527 2697 593; x_wconf 86' lang='lat' dir='ltr'><strong>templum</strong></span> <span class='ocrx_word' id='word_1_20' title='bbox 2732 524 2864 588; x_wconf 75' lang='lat' dir='ltr'><strong>ﬁxit,</strong></span> <span class='ocrx_word' id='word_1_21' title='bbox 2920 524 3010 579; x_wconf 88' lang='lat' dir='ltr'><strong>ubi</strong></span> <span class='ocrx_word' id='word_1_22' title='bbox 3046 540 3167 579; x_wconf 88' lang='lat' dir='ltr'><strong>cum</strong></span> <span class='ocrx_word' id='word_1_23' title='bbox 3199 528 3501 581; x_wconf 86' lang='lat' dir='ltr'><strong>multitudi-</strong></span> 
     </span>
    </p>
   </div>
   <div class='ocr_carea' id='block_1_6' title="bbox 310 606 1859 684">
    <p class='ocr_par' dir='ltr' id='par_1_6' title="bbox 310 606 1859 684">
     <span class='ocr_line' id='line_1_6' title="bbox 310 606 1859 684; baseline 0.008 -31"><span class='ocrx_word' id='word_1_24' title='bbox 310 606 743 673; x_wconf 70' lang='grc' dir='ltr'><strong>διανυκτερεύων</strong></span> <span class='ocrx_word' id='word_1_25' title='bbox 815 611 907 662; x_wconf 82' lang='grc' dir='ltr'>καὶ</span> <span class='ocrx_word' id='word_1_26' title='bbox 954 616 1385 683; x_wconf 74' lang='grc' dir='ltr'><strong>προσευχόμενος</strong></span> <span class='ocrx_word' id='word_1_27' title='bbox 1433 618 1528 666; x_wconf 66' lang='grc' dir='ltr'><strong>σὺν</strong></span> <span class='ocrx_word' id='word_1_28' title='bbox 1562 616 1724 667; x_wconf 81' lang='grc' dir='ltr'>παντὶ</span> <span class='ocrx_word' id='word_1_29' title='bbox 1783 616 1859 684; x_wconf 82' lang='grc' dir='ltr'>τῷ</span> 
     </span>
    </p>
   </div>
   <div class='ocr_carea' id='block_1_7' title="bbox 312 693 1899 774">
    <p class='ocr_par' dir='ltr' id='par_1_7' title="bbox 312 693 1899 774">
     <span class='ocr_line' id='line_1_7' title="bbox 312 693 1899 774; baseline 0.014 -29"><span class='ocrx_word' id='word_1_30' title='bbox 312 697 532 764; x_wconf 76' lang='grc' dir='ltr'>πλήθει.</span> <span class='ocrx_word' id='word_1_31' title='bbox 569 693 698 751; x_wconf 78' lang='grc' dir='ltr'>Εἶτα</span> <span class='ocrx_word' id='word_1_32' title='bbox 731 701 1017 755; x_wconf 79' lang='grc' dir='ltr'><strong>ἀντίτυπον</strong></span> <span class='ocrx_word' id='word_1_33' title='bbox 1054 708 1331 774; x_wconf 74' lang='grc' dir='ltr'><strong>τραπέζης</strong></span> <span class='ocrx_word' id='word_1_34' title='bbox 1362 706 1519 773; x_wconf 78' lang='grc' dir='ltr'>ἁγίας</span> <span class='ocrx_word' id='word_1_35' title='bbox 1549 706 1853 773; x_wconf 76' lang='grc' dir='ltr'><strong>σχεδιὰσας.</strong></span> <span class='ocrx_word' id='word_1_36' title='bbox 1895 772 1899 774; x_wconf 27' lang='grc' dir='ltr'><strong>ν</strong></span> 
     </span>
    </p>
   </div>
   <div class='ocr_carea' id='block_1_8' title="bbox 309 785 1860 867">
    <p class='ocr_par' dir='ltr' id='par_1_8' title="bbox 309 785 1860 867">
     <span class='ocr_line' id='line_1_8' title="bbox 309 785 1860 867; baseline 0.007 -29"><span class='ocrx_word' id='word_1_37' title='bbox 309 787 385 848; x_wconf 75' lang='grc' dir='ltr'>ὡς</span> <span class='ocrx_word' id='word_1_38' title='bbox 408 785 519 857; x_wconf 77' lang='grc' dir='ltr'><strong>εἶχε</strong></span> <span class='ocrx_word' id='word_1_39' title='bbox 551 790 641 842; x_wconf 76' lang='grc' dir='ltr'><strong>τὸν</strong></span> <span class='ocrx_word' id='word_1_40' title='bbox 663 793 841 856; x_wconf 88' lang='grc' dir='ltr'>τίμιον</span> <span class='ocrx_word' id='word_1_41' title='bbox 866 796 1040 847; x_wconf 70' lang='grc' dir='ltr'><strong>ἐκεῖσε</strong></span> <span class='ocrx_word' id='word_1_42' title='bbox 1067 799 1299 866; x_wconf 86' lang='grc' dir='ltr'>σταυρὸν</span> <span class='ocrx_word' id='word_1_43' title='bbox 1330 800 1535 867; x_wconf 73' lang='grc' dir='ltr'>ἀνυψοϊ.</span> <span class='ocrx_word' id='word_1_44' title='bbox 1582 800 1691 851; x_wconf 78' lang='grc' dir='ltr'><strong>Καὶ</strong></span> <span class='ocrx_word' id='word_1_45' title='bbox 1722 798 1860 851; x_wconf 73' lang='grc' dir='ltr'>οὕτω</span> 
     </span>
    </p>
   </div>
   <div class='ocr_carea' id='block_1_9' title="bbox 310 882 1859 959">
    <p class='ocr_par' dir='ltr' id='par_1_9' title="bbox 310 882 1859 959">
     <span class='ocr_line' id='line_1_9' title="bbox 310 882 1859 959; baseline 0.006 -29"><span class='ocrx_word' id='word_1_46' title='bbox 310 883 435 941; x_wconf 82' lang='grc' dir='ltr'>ταῖς</span> <span class='ocrx_word' id='word_1_47' title='bbox 477 882 612 951; x_wconf 79' lang='grc' dir='ltr'>πρὸς</span> <span class='ocrx_word' id='word_1_48' title='bbox 643 884 776 937; x_wconf 79' lang='grc' dir='ltr'>Θεὸν</span> <span class='ocrx_word' id='word_1_49' title='bbox 809 892 1143 957; x_wconf 80' lang='grc' dir='ltr'>προσευχαῖς</span> <span class='ocrx_word' id='word_1_50' title='bbox 1184 892 1309 953; x_wconf 84' lang='grc' dir='ltr'>τοὺς</span> <span class='ocrx_word' id='word_1_51' title='bbox 1346 890 1426 959; x_wconf 86' lang='grc' dir='ltr'>τῷ</span> <span class='ocrx_word' id='word_1_52' title='bbox 1457 891 1722 959; x_wconf 81' lang='grc' dir='ltr'>είδωλικῲ</span> <span class='ocrx_word' id='word_1_53' title='bbox 1748 890 1859 958; x_wconf 81' lang='grc' dir='ltr'>ναῷ</span> 
     </span>
    </p>
   </div>
   <div class='ocr_carea' id='block_1_10' title="bbox 306 972 1858 1051">
    <p class='ocr_par' dir='ltr' id='par_1_10' title="bbox 306 972 1858 1051">
     <span class='ocr_line' id='line_1_10' title="bbox 306 972 1858 1051; baseline 0.008 -30"><span class='ocrx_word' id='word_1_54' title='bbox 306 972 699 1040; x_wconf 76' lang='grc' dir='ltr'><strong>ἐφεδρεύοντας</strong></span> <span class='ocrx_word' id='word_1_55' title='bbox 728 977 988 1046; x_wconf 87' lang='grc' dir='ltr'>δαίμονας</span> <span class='ocrx_word' id='word_1_56' title='bbox 1018 979 1302 1045; x_wconf 67' lang='grc' dir='ltr'><strong>ἐξελάσας,</strong></span> <span class='ocrx_word' id='word_1_57' title='bbox 1343 980 1726 1051; x_wconf 75' lang='grc' dir='ltr'><strong>ἀνῳκοδόμησε</strong></span> <span class='ocrx_word' id='word_1_58' title='bbox 1767 983 1858 1034; x_wconf 74' lang='grc' dir='ltr'>καὶ</span> 
     </span>
    </p>
   </div>
   <div class='ocr_carea' id='block_1_11' title="bbox 307 1065 1858 1141">
    <p class='ocr_par' dir='ltr' id='par_1_11' title="bbox 307 1065 1858 1141">
     <span class='ocr_line' id='line_1_11' title="bbox 307 1065 1858 1141; baseline 0.009 -29"><span class='ocrx_word' id='word_1_59' title='bbox 307 1065 713 1135; x_wconf 78' lang='grc' dir='ltr'><strong>περιεκόσμησε</strong></span> <span class='ocrx_word' id='word_1_60' title='bbox 784 1070 875 1121; x_wconf 79' lang='grc' dir='ltr'>τὸν</span> <span class='ocrx_word' id='word_1_61' title='bbox 933 1070 1086 1134; x_wconf 83' lang='grc' dir='ltr'>ναδν,</span> <span class='ocrx_word' id='word_1_62' title='bbox 1153 1074 1243 1124; x_wconf 78' lang='grc' dir='ltr'>καὶ</span> <span class='ocrx_word' id='word_1_63' title='bbox 1300 1072 1469 1141; x_wconf 77' lang='grc' dir='ltr'>ὄνομα</span> <span class='ocrx_word' id='word_1_64' title='bbox 1523 1073 1668 1141; x_wconf 72' lang='grc' dir='ltr'>αὐτῷ</span> <span class='ocrx_word' id='word_1_65' title='bbox 1748 1073 1858 1126; x_wconf 85' lang='grc' dir='ltr'><strong>τῶν</strong></span> 
     </span>
    </p>
   </div>
   <div class='ocr_carea' id='block_1_12' title="bbox 310 1154 1859 1232">
    <p class='ocr_par' dir='ltr' id='par_1_12' title="bbox 310 1154 1859 1232">
     <span class='ocr_line' id='line_1_12' title="bbox 310 1154 1859 1232; baseline 0.01 -30"><span class='ocrx_word' id='word_1_66' title='bbox 310 1154 587 1219; x_wconf 77' lang='grc' dir='ltr'><strong>μεγίστων</strong></span> <span class='ocrx_word' id='word_1_67' title='bbox 616 1158 709 1209; x_wconf 81' lang='grc' dir='ltr'>καὶ</span> <span class='ocrx_word' id='word_1_68' title='bbox 744 1161 1056 1229; x_wconf 79' lang='grc' dir='ltr'>κορυφαίων</span> <span class='ocrx_word' id='word_1_69' title='bbox 1102 1162 1371 1232; x_wconf 76' lang='grc' dir='ltr'>ἐπέθηκεν</span> <span class='ocrx_word' id='word_1_70' title='bbox 1407 1165 1721 1218; x_wconf 71' lang='grc' dir='ltr'><strong>ἀποστόλων</strong></span> <span class='ocrx_word' id='word_1_71' title='bbox 1745 1206 1759 1229; x_wconf 86' lang='lat'><strong>,</strong></span> <span class='ocrx_word' id='word_1_72' title='bbox 1802 1166 1859 1217; x_wconf 73' lang='grc' dir='ltr'>ὲν</span> 
     </span>
    </p>
   </div>
   <div class='ocr_carea' id='block_1_13' title="bbox 304 1237 1859 1324">
    <p class='ocr_par' dir='ltr' id='par_1_13' title="bbox 304 1237 1859 1324">
     <span class='ocr_line' id='line_1_13' title="bbox 304 1237 1859 1324; baseline 0.008 -29"><span class='ocrx_word' id='word_1_73' title='bbox 304 1237 352 1309; x_wconf 76' lang='grc' dir='ltr'>ᾧ</span> <span class='ocrx_word' id='word_1_74' title='bbox 383 1245 591 1309; x_wconf 78' lang='grc' dir='ltr'>καὶτὰς</span> <span class='ocrx_word' id='word_1_75' title='bbox 620 1253 886 1316; x_wconf 78' lang='grc' dir='ltr'>μυστικὰς</span> <span class='ocrx_word' id='word_1_76' title='bbox 924 1253 1169 1307; x_wconf 69' lang='grc' dir='ltr'>ἐπετέλει</span> <span class='ocrx_word' id='word_1_77' title='bbox 1197 1254 1465 1324; x_wconf 77' lang='grc' dir='ltr'><strong>λατρείας,</strong></span> <span class='ocrx_word' id='word_1_78' title='bbox 1496 1256 1589 1309; x_wconf 74' lang='grc' dir='ltr'>καὶ</span> <span class='ocrx_word' id='word_1_79' title='bbox 1616 1256 1859 1324; x_wconf 82' lang='grc' dir='ltr'>γλῶτταν</span> 
     </span>
    </p>
   </div>
   <div class='ocr_carea' id='block_1_14' title="bbox 306 1334 1857 1417">
    <p class='ocr_par' dir='ltr' id='par_1_14' title="bbox 306 1334 1857 1417">
     <span class='ocr_line' id='line_1_14' title="bbox 306 1334 1857 1417; baseline 0.007 -30"><span class='ocrx_word' id='word_1_80' title='bbox 306 1334 427 1401; x_wconf 74' lang='grc' dir='ltr'>ἅμα</span> <span class='ocrx_word' id='word_1_81' title='bbox 468 1340 558 1389; x_wconf 81' lang='grc' dir='ltr'>καὶ</span> <span class='ocrx_word' id='word_1_82' title='bbox 594 1343 747 1411; x_wconf 86' lang='grc' dir='ltr'>χεῖρα</span> <span class='ocrx_word' id='word_1_83' title='bbox 779 1342 1032 1411; x_wconf 76' lang='grc' dir='ltr'>δαψηλῶς</span> <span class='ocrx_word' id='word_1_84' title='bbox 1066 1347 1318 1415; x_wconf 85' lang='grc' dir='ltr'>ἀνοίγων,</span> <span class='ocrx_word' id='word_1_85' title='bbox 1350 1347 1442 1399; x_wconf 74' lang='grc' dir='ltr'>καὶ</span> <span class='ocrx_word' id='word_1_86' title='bbox 1475 1346 1649 1408; x_wconf 72' lang='grc' dir='ltr'>διδοὺς</span> <span class='ocrx_word' id='word_1_87' title='bbox 1694 1348 1857 1417; x_wconf 81' lang='grc' dir='ltr'>ἄρτον</span> 
     </span>
    </p>
   </div>
   <div class='ocr_carea' id='block_1_15' title="bbox 304 1428 1858 1509">
    <p class='ocr_par' dir='ltr' id='par_1_15' title="bbox 304 1428 1858 1509">
     <span class='ocr_line' id='line_1_15' title="bbox 304 1428 1858 1509; baseline 0.009 -31"><span class='ocrx_word' id='word_1_88' title='bbox 304 1428 399 1478; x_wconf 84' lang='grc' dir='ltr'>τὸν</span> <span class='ocrx_word' id='word_1_89' title='bbox 431 1431 531 1492; x_wconf 85' lang='grc' dir='ltr'>τὰς</span> <span class='ocrx_word' id='word_1_90' title='bbox 577 1432 806 1501; x_wconf 80' lang='grc' dir='ltr'>καρδίας</span> <span class='ocrx_word' id='word_1_91' title='bbox 854 1436 1178 1503; x_wconf 75' lang='grc' dir='ltr'>στηρίζοντα</span> <span class='ocrx_word' id='word_1_92' title='bbox 1230 1438 1324 1491; x_wconf 76' lang='grc' dir='ltr'>καὶ</span> <span class='ocrx_word' id='word_1_93' title='bbox 1366 1438 1609 1505; x_wconf 81' lang='grc' dir='ltr'>ἀγγέλων</span> <span class='ocrx_word' id='word_1_94' title='bbox 1644 1439 1858 1509; x_wconf 77' lang='grc' dir='ltr'><strong>ἀληθῶς</strong></span> 
     </span>
    </p>
   </div>
   <div class='ocr_carea' id='block_1_16' title="bbox 304 1518 1859 1597">
    <p class='ocr_par' dir='ltr' id='par_1_16' title="bbox 304 1518 1859 1597">
     <span class='ocr_line' id='line_1_16' title="bbox 304 1518 1859 1597; baseline 0.008 -30"><span class='ocrx_word' id='word_1_95' title='bbox 304 1518 474 1585; x_wconf 83' lang='grc' dir='ltr'>ἄρτον</span> <span class='ocrx_word' id='word_1_96' title='bbox 525 1518 651 1572; x_wconf 83' lang='grc' dir='ltr'>ὅντα</span> <span class='ocrx_word' id='word_1_97' title='bbox 692 1539 749 1573; x_wconf 89' lang='grc' dir='ltr'>τε</span> <span class='ocrx_word' id='word_1_98' title='bbox 799 1525 892 1575; x_wconf 73' lang='grc' dir='ltr'>καὶ</span> <span class='ocrx_word' id='word_1_99' title='bbox 937 1526 1339 1594; x_wconf 77' lang='grc' dir='ltr'>ὀνομαζόμενον</span> <span class='ocrx_word' id='word_1_100' title='bbox 1384 1529 1475 1579; x_wconf 79' lang='grc' dir='ltr'>καὶ</span> <span class='ocrx_word' id='word_1_101' title='bbox 1525 1528 1633 1581; x_wconf 86' lang='grc' dir='ltr'><strong>τῶν</strong></span> <span class='ocrx_word' id='word_1_102' title='bbox 1681 1528 1859 1597; x_wconf 72' lang='grc' dir='ltr'>ψυχὰς</span> 
     </span>
    </p>
   </div>
   <div class='ocr_carea' id='block_1_17' title="bbox 310 1607 1856 1689">
    <p class='ocr_par' dir='ltr' id='par_1_17' title="bbox 310 1607 1856 1689">
     <span class='ocr_line' id='line_1_17' title="bbox 310 1607 1856 1689; baseline 0.008 -32"><span class='ocrx_word' id='word_1_103' title='bbox 310 1607 624 1662; x_wconf 80' lang='grc' dir='ltr'>πεινώντων</span> <span class='ocrx_word' id='word_1_104' title='bbox 694 1614 1052 1680; x_wconf 77' lang='grc' dir='ltr'>ἐμπιπλῶντα</span> <span class='ocrx_word' id='word_1_105' title='bbox 1098 1617 1185 1667; x_wconf 81' lang='grc' dir='ltr'>καὶ</span> <span class='ocrx_word' id='word_1_106' title='bbox 1225 1616 1291 1668; x_wconf 80' lang='grc' dir='ltr'>δι’</span> <span class='ocrx_word' id='word_1_107' title='bbox 1341 1619 1660 1689; x_wconf 79' lang='grc' dir='ltr'>ἀμφοτέρων</span> <span class='ocrx_word' id='word_1_108' title='bbox 1694 1621 1856 1686; x_wconf 83' lang='grc' dir='ltr'>θερα-</span> 
     </span>
    </p>
   </div>
   <div class='ocr_carea' id='block_1_18' title="bbox 308 1697 937 1756">
    <p class='ocr_par' dir='ltr' id='par_1_18' title="bbox 308 1697 937 1756">
     <span class='ocr_line' id='line_1_18' title="bbox 308 1697 937 1756; baseline 0.016 -10"><span class='ocrx_word' id='word_1_109' title='bbox 308 1714 374 1747; x_wconf 79' lang='grc' dir='ltr'>πε</span> <span class='ocrx_word' id='word_1_110' title='bbox 386 1697 493 1749; x_wconf 83' lang='grc' dir='ltr'>ύων</span> <span class='ocrx_word' id='word_1_111' title='bbox 526 1700 615 1751; x_wconf 66' lang='grc' dir='ltr'>τὶν</span> <span class='ocrx_word' id='word_1_112' title='bbox 646 1703 937 1756; x_wconf 71' lang='grc' dir='ltr'>κτίσαντα.</span> 
     </span>
    </p>
   </div>
   <div class='ocr_carea' id='block_1_19' title="bbox 389 1788 1855 1865">
    <p class='ocr_par' dir='ltr' id='par_1_19' title="bbox 389 1788 1855 1865">
     <span class='ocr_line' id='line_1_19' title="bbox 389 1788 1855 1865; baseline 0.011 -27"><span class='ocrx_word' id='word_1_113' title='bbox 389 1788 478 1839; x_wconf 83' lang='grc' dir='ltr'>Ἐν</span> <span class='ocrx_word' id='word_1_114' title='bbox 508 1789 716 1852; x_wconf 77' lang='grc' dir='ltr'>τούτοις</span> <span class='ocrx_word' id='word_1_115' title='bbox 748 1794 913 1845; x_wconf 76' lang='grc' dir='ltr'>αὑτοῦ</span> <span class='ocrx_word' id='word_1_116' title='bbox 941 1796 1333 1864; x_wconf 83' lang='grc' dir='ltr'>διαπρέποντος</span> <span class='ocrx_word' id='word_1_117' title='bbox 1356 1802 1447 1851; x_wconf 69' lang='grc' dir='ltr'>καὶ</span> <span class='ocrx_word' id='word_1_118' title='bbox 1470 1801 1631 1853; x_wconf 82' lang='grc' dir='ltr'>καλοῦ</span> <span class='ocrx_word' id='word_1_119' title='bbox 1662 1804 1855 1865; x_wconf 76' lang='grc' dir='ltr'>παντὸς</span> 
     </span>
    </p>
   </div>
   <div class='ocr_carea' id='block_1_20' title="bbox 302 1874 1855 1959">
    <p class='ocr_par' dir='ltr' id='par_1_20' title="bbox 302 1874 1855 1959">
     <span class='ocr_line' id='line_1_20' title="bbox 302 1874 1855 1959; baseline 0.01 -30"><span class='ocrx_word' id='word_1_120' title='bbox 302 1874 415 1931; x_wconf 74' lang='grc' dir='ltr'>οἷον</span> <span class='ocrx_word' id='word_1_121' title='bbox 445 1882 750 1948; x_wconf 69' lang='grc' dir='ltr'>ἀρχέτυπον</span> <span class='ocrx_word' id='word_1_122' title='bbox 806 1887 895 1935; x_wconf 75' lang='grc' dir='ltr'><strong>τὸν</strong></span> <span class='ocrx_word' id='word_1_123' title='bbox 925 1885 1116 1937; x_wconf 83' lang='grc' dir='ltr'>ἑαυτοῦ</span> <span class='ocrx_word' id='word_1_124' title='bbox 1152 1888 1532 1955; x_wconf 72' lang='grc' dir='ltr'>προστιθέντος</span> <span class='ocrx_word' id='word_1_125' title='bbox 1578 1890 1690 1959; x_wconf 86' lang='grc' dir='ltr'>βίον</span> <span class='ocrx_word' id='word_1_126' title='bbox 1725 1893 1855 1944; x_wconf 63' lang='grc' dir='ltr'><strong>ὑπου</strong></span> 
     </span>
    </p>
   </div>
   <div class='ocr_carea' id='block_1_21' title="bbox 307 1970 1856 2047">
    <p class='ocr_par' dir='ltr' id='par_1_21' title="bbox 307 1970 1856 2047">
     <span class='ocr_line' id='line_1_21' title="bbox 307 1970 1856 2047; baseline 0.01 -28"><span class='ocrx_word' id='word_1_127' title='bbox 307 1970 473 2038; x_wconf 78' lang='grc' dir='ltr'>μονῆς</span> <span class='ocrx_word' id='word_1_128' title='bbox 503 1988 559 2021; x_wconf 87' lang='grc' dir='ltr'>τε</span> <span class='ocrx_word' id='word_1_129' title='bbox 602 1974 692 2023; x_wconf 69' lang='grc' dir='ltr'>καὶ</span> <span class='ocrx_word' id='word_1_130' title='bbox 726 1974 1109 2044; x_wconf 73' lang='grc' dir='ltr'>μακροθυμίας</span> <span class='ocrx_word' id='word_1_131' title='bbox 1163 1979 1335 2047; x_wconf 83' lang='grc' dir='ltr'>μέτρα</span> <span class='ocrx_word' id='word_1_132' title='bbox 1368 1979 1736 2045; x_wconf 81' lang='grc' dir='ltr'><strong>διδάσκοντος,</strong></span> <span class='ocrx_word' id='word_1_133' title='bbox 1779 1982 1856 2034; x_wconf 70' lang='grc' dir='ltr'>ἔτι</span> 
     </span>
    </p>
   </div>
   <div class='ocr_carea' id='block_1_22' title="bbox 301 2061 1856 2141">
    <p class='ocr_par' dir='ltr' id='par_1_22' title="bbox 301 2061 1856 2141">
     <span class='ocr_line' id='line_1_22' title="bbox 301 2061 1856 2141; baseline 0.009 -31"><span class='ocrx_word' id='word_1_134' title='bbox 301 2061 359 2111; x_wconf 81' lang='grc' dir='ltr'>δὲ</span> <span class='ocrx_word' id='word_1_135' title='bbox 425 2065 517 2114; x_wconf 76' lang='grc' dir='ltr'>καὶ</span> <span class='ocrx_word' id='word_1_136' title='bbox 562 2066 880 2134; x_wconf 80' lang='grc' dir='ltr'>πειρασμῶν</span> <span class='ocrx_word' id='word_1_137' title='bbox 927 2068 1020 2120; x_wconf 79' lang='grc' dir='ltr'>καὶ</span> <span class='ocrx_word' id='word_1_138' title='bbox 1062 2071 1356 2139; x_wconf 81' lang='grc' dir='ltr'>καρτερίας</span> <span class='ocrx_word' id='word_1_139' title='bbox 1390 2072 1465 2141; x_wconf 83' lang='grc' dir='ltr'><strong>τῷ</strong></span> <span class='ocrx_word' id='word_1_140' title='bbox 1495 2074 1614 2126; x_wconf 82' lang='grc' dir='ltr'>καθ’</span> <span class='ocrx_word' id='word_1_141' title='bbox 1670 2075 1856 2127; x_wconf 72' lang='grc' dir='ltr'>ἑαυτὸν</span> 
     </span>
    </p>
   </div>
   <div class='ocr_carea' id='block_1_23' title="bbox 307 2154 1855 2231">
    <p class='ocr_par' dir='ltr' id='par_1_23' title="bbox 307 2154 1855 2231">
     <span class='ocr_line' id='line_1_23' title="bbox 307 2154 1855 2231; baseline 0.009 -26"><span class='ocrx_word' id='word_1_142' title='bbox 307 2154 684 2221; x_wconf 82' lang='grc' dir='ltr'>ὑποδείγματι,</span> <span class='ocrx_word' id='word_1_143' title='bbox 710 2157 768 2207; x_wconf 80' lang='grc' dir='ltr'>ἐν</span> <span class='ocrx_word' id='word_1_144' title='bbox 795 2158 926 2211; x_wconf 79' lang='grc' dir='ltr'>πᾶσι</span> <span class='ocrx_word' id='word_1_145' title='bbox 956 2160 1136 2221; x_wconf 77' lang='grc' dir='ltr'>καλοῖς</span> <span class='ocrx_word' id='word_1_146' title='bbox 1155 2162 1465 2215; x_wconf 84' lang='grc' dir='ltr'>κατακλείει</span> <span class='ocrx_word' id='word_1_147' title='bbox 1492 2164 1583 2216; x_wconf 79' lang='grc' dir='ltr'>τὸν</span> <span class='ocrx_word' id='word_1_148' title='bbox 1611 2163 1725 2231; x_wconf 88' lang='grc' dir='ltr'>βίον</span> <span class='ocrx_word' id='word_1_149' title='bbox 1762 2167 1855 2219; x_wconf 80' lang='grc' dir='ltr'>καὶ</span> 
     </span>
    </p>
   </div>
   <div class='ocr_carea' id='block_1_24' title="bbox 306 2246 1851 2321">
    <p class='ocr_par' dir='ltr' id='par_1_24' title="bbox 306 2246 1851 2321">
     <span class='ocr_line' id='line_1_24' title="bbox 306 2246 1851 2321; baseline 0.007 -26"><span class='ocrx_word' id='word_1_150' title='bbox 306 2247 443 2311; x_wconf 72' lang='grc' dir='ltr'>πρὸς</span> <span class='ocrx_word' id='word_1_151' title='bbox 468 2246 559 2296; x_wconf 80' lang='grc' dir='ltr'>τὸν</span> <span class='ocrx_word' id='word_1_152' title='bbox 594 2246 928 2315; x_wconf 80' lang='grc' dir='ltr'>ποθούμενον</span> <span class='ocrx_word' id='word_1_153' title='bbox 986 2250 1219 2318; x_wconf 83' lang='grc' dir='ltr'>Χριστὸν</span> <span class='ocrx_word' id='word_1_154' title='bbox 1274 2251 1517 2320; x_wconf 79' lang='grc' dir='ltr'><strong>ὲκδημεῐ,</strong></span> <span class='ocrx_word' id='word_1_155' title='bbox 1570 2250 1614 2320; x_wconf 85' lang='grc' dir='ltr'>ᾧ</span> <span class='ocrx_word' id='word_1_156' title='bbox 1654 2255 1851 2321; x_wconf 86' lang='grc' dir='ltr'><strong>πρέπει</strong></span> 
     </span>
    </p>
   </div>
   <div class='ocr_carea' id='block_1_25' title="bbox 318 2336 1848 2409">
    <p class='ocr_par' dir='ltr' id='par_1_25' title="bbox 318 2336 1848 2409">
     <span class='ocr_line' id='line_1_25' title="bbox 318 2336 1848 2409; baseline 0.006 -23"><span class='ocrx_word' id='word_1_157' title='bbox 318 2338 477 2403; x_wconf 77' lang='grc' dir='ltr'>τιμὴ.</span> <span class='ocrx_word' id='word_1_158' title='bbox 502 2336 645 2399; x_wconf 79' lang='grc' dir='ltr'>δόξα,</span> <span class='ocrx_word' id='word_1_159' title='bbox 674 2338 1012 2408; x_wconf 81' lang='grc' dir='ltr'>μεγαλοσύνη</span> <span class='ocrx_word' id='word_1_160' title='bbox 1042 2355 1099 2390; x_wconf 81' lang='grc' dir='ltr'><strong>τε</strong></span> <span class='ocrx_word' id='word_1_161' title='bbox 1142 2341 1237 2392; x_wconf 81' lang='grc' dir='ltr'>καὶ</span> <span class='ocrx_word' id='word_1_162' title='bbox 1275 2340 1714 2409; x_wconf 77' lang='grc' dir='ltr'>μεγαλοπρέπεια</span> <span class='ocrx_word' id='word_1_163' title='bbox 1754 2341 1848 2395; x_wconf 78' lang='grc' dir='ltr'>νῦν</span> 
     </span>
    </p>
   </div>
   <div class='ocr_carea' id='block_1_26' title="bbox 305 2428 1536 2500">
    <p class='ocr_par' dir='ltr' id='par_1_26' title="bbox 305 2428 1536 2500">
     <span class='ocr_line' id='line_1_26' title="bbox 305 2428 1536 2500; baseline 0.006 -22"><span class='ocrx_word' id='word_1_164' title='bbox 305 2429 401 2480; x_wconf 79' lang='grc' dir='ltr'>καὶ</span> <span class='ocrx_word' id='word_1_165' title='bbox 442 2429 525 2490; x_wconf 86' lang='grc' dir='ltr'><strong>είς</strong></span> <span class='ocrx_word' id='word_1_166' title='bbox 554 2428 678 2490; x_wconf 80' lang='grc' dir='ltr'>τοὺς</span> <span class='ocrx_word' id='word_1_167' title='bbox 717 2429 917 2493; x_wconf 75' lang='grc' dir='ltr'>αἰῶνας</span> <span class='ocrx_word' id='word_1_168' title='bbox 950 2431 1059 2482; x_wconf 83' lang='grc' dir='ltr'><strong>τῶν</strong></span> <span class='ocrx_word' id='word_1_169' title='bbox 1080 2432 1307 2484; x_wconf 76' lang='grc' dir='ltr'>αίώνων.</span> <span class='ocrx_word' id='word_1_170' title='bbox 1345 2434 1536 2500; x_wconf 82' lang='grc' dir='ltr'>Ἀμήν.</span> 
     </span>
    </p>
   </div>
   <div class='ocr_carea' id='block_1_27' title="bbox 1964 615 3506 685">
    <p class='ocr_par' dir='ltr' id='par_1_27' title="bbox 1964 615 3506 685">
     <span class='ocr_line' id='line_1_27' title="bbox 1964 615 3506 685; baseline 0.002 -21"><span class='ocrx_word' id='word_1_171' title='bbox 1964 630 2025 666; x_wconf 89' lang='lat' dir='ltr'><strong>nc</strong></span> <span class='ocrx_word' id='word_1_172' title='bbox 2064 616 2114 665; x_wconf 89' lang='lat' dir='ltr'><strong>in</strong></span> <span class='ocrx_word' id='word_1_173' title='bbox 2144 629 2331 682; x_wconf 86' lang='lat' dir='ltr'><strong>preces</strong></span> <span class='ocrx_word' id='word_1_174' title='bbox 2386 616 2725 680; x_wconf 83' lang='lat' dir='ltr'><strong>incumbens,</strong></span> <span class='ocrx_word' id='word_1_175' title='bbox 2756 615 2876 685; x_wconf 84' lang='lat' dir='ltr'><strong>vigil</strong></span> <span class='ocrx_word' id='word_1_176' title='bbox 2901 617 3269 684; x_wconf 88' lang='lat' dir='ltr'><strong>pernoctabat.</strong></span> <span class='ocrx_word' id='word_1_177' title='bbox 3304 620 3506 671; x_wconf 50' lang='lat' dir='ltr'><strong>Deinde</strong></span> 
     </span>
    </p>
   </div>
   <div class='ocr_carea' id='block_1_28' title="bbox 1963 707 3504 777">
    <p class='ocr_par' dir='ltr' id='par_1_28' title="bbox 1963 707 3504 777">
     <span class='ocr_line' id='line_1_28' title="bbox 1963 707 3504 777; baseline 0.003 -18"><span class='ocrx_word' id='word_1_178' title='bbox 1963 707 2179 759; x_wconf 74' lang='lat' dir='ltr'><strong>cmleste</strong></span> <span class='ocrx_word' id='word_1_179' title='bbox 2233 708 2566 771; x_wconf 84' lang='lat' dir='ltr'><strong>convivium,</strong></span> <span class='ocrx_word' id='word_1_180' title='bbox 2606 717 2765 776; x_wconf 90' lang='lat' dir='ltr'><strong>prout</strong></span> <span class='ocrx_word' id='word_1_181' title='bbox 2823 711 3020 777; x_wconf 85' lang='lat' dir='ltr'><strong>potuit,</strong></span> <span class='ocrx_word' id='word_1_182' title='bbox 3092 720 3504 777; x_wconf 61' lang='lat' dir='ltr'><strong>reprasentans,</strong></span> 
     </span>
    </p>
   </div>
   <div class='ocr_carea' id='block_1_29' title="bbox 1963 794 3504 865">
    <p class='ocr_par' dir='ltr' id='par_1_29' title="bbox 1963 794 3504 865">
     <span class='ocr_line' id='line_1_29' title="bbox 1963 794 3504 865; baseline 0.003 -19"><span class='ocrx_word' id='word_1_183' title='bbox 1963 794 2322 849; x_wconf 79' lang='lat' dir='ltr'><strong>venerandam</strong></span> <span class='ocrx_word' id='word_1_184' title='bbox 2353 796 2465 849; x_wconf 90' lang='lat' dir='ltr'><strong>illic</strong></span> <span class='ocrx_word' id='word_1_185' title='bbox 2512 810 2730 851; x_wconf 88' lang='lat' dir='ltr'><strong>crucem</strong></span> <span class='ocrx_word' id='word_1_186' title='bbox 2782 797 2977 850; x_wconf 81' lang='lat' dir='ltr'><strong>erexit.</strong></span> <span class='ocrx_word' id='word_1_187' title='bbox 3030 795 3209 865; x_wconf 84' lang='lat' dir='ltr'><strong>Itaque</strong></span> <span class='ocrx_word' id='word_1_188' title='bbox 3244 798 3504 851; x_wconf 56' lang='lat' dir='ltr'><strong>d;cmoni-</strong></span> 
     </span>
    </p>
   </div>
   <div class='ocr_carea' id='block_1_30' title="bbox 1962 886 3507 957">
    <p class='ocr_par' dir='ltr' id='par_1_30' title="bbox 1962 886 3507 957">
     <span class='ocr_line' id='line_1_30' title="bbox 1962 886 3507 957; baseline 0.003 -18"><span class='ocrx_word' id='word_1_189' title='bbox 1962 887 2083 947; x_wconf 88' lang='lat' dir='ltr'><strong>bus,</strong></span> <span class='ocrx_word' id='word_1_190' title='bbox 2112 886 2203 953; x_wconf 91' lang='lat' dir='ltr'><strong>qui</strong></span> <span class='ocrx_word' id='word_1_191' title='bbox 2234 886 2653 941; x_wconf 89' lang='lat' dir='ltr'><strong>simulacrorum</strong></span> <span class='ocrx_word' id='word_1_192' title='bbox 2710 888 2909 954; x_wconf 90' lang='lat' dir='ltr'><strong>templo</strong></span> <span class='ocrx_word' id='word_1_193' title='bbox 2966 887 3347 954; x_wconf 70' lang='lat' dir='ltr'><strong>praesidebant,</strong></span> <span class='ocrx_word' id='word_1_194' title='bbox 3402 891 3507 957; x_wconf 85' lang='lat' dir='ltr'><strong>piis</strong></span> 
     </span>
    </p>
   </div>
   <div class='ocr_carea' id='block_1_31' title="bbox 1959 973 3509 1043">
    <p class='ocr_par' dir='ltr' id='par_1_31' title="bbox 1959 973 3509 1043">
     <span class='ocr_line' id='line_1_31' title="bbox 1959 973 3509 1043; baseline 0.001 -15"><span class='ocrx_word' id='word_1_195' title='bbox 1959 991 2082 1043; x_wconf 76' lang='lat' dir='ltr'><strong>erga</strong></span> <span class='ocrx_word' id='word_1_196' title='bbox 2116 976 2284 1029; x_wconf 91' lang='lat' dir='ltr'><strong>Deum</strong></span> <span class='ocrx_word' id='word_1_197' title='bbox 2346 976 2601 1042; x_wconf 84' lang='lat' dir='ltr'><strong>precibus</strong></span> <span class='ocrx_word' id='word_1_198' title='bbox 2642 973 2960 1043; x_wconf 78' lang='lat' dir='ltr'><strong>proﬂigatis,</strong></span> <span class='ocrx_word' id='word_1_199' title='bbox 3014 976 3270 1043; x_wconf 77' lang='lat' dir='ltr'><strong>templum</strong></span> <span class='ocrx_word' id='word_1_200' title='bbox 3320 978 3509 1030; x_wconf 63' lang='lat' dir='ltr'><strong>readi—</strong></span> 
     </span>
    </p>
   </div>
   <div class='ocr_carea' id='block_1_32' title="bbox 1962 1064 3506 1134">
    <p class='ocr_par' dir='ltr' id='par_1_32' title="bbox 1962 1064 3506 1134">
     <span class='ocr_line' id='line_1_32' title="bbox 1962 1064 3506 1134; baseline 0 -16"><span class='ocrx_word' id='word_1_201' title='bbox 1962 1065 2163 1128; x_wconf 89' lang='lat' dir='ltr'><strong>ﬁcavit,</strong></span> <span class='ocrx_word' id='word_1_202' title='bbox 2193 1081 2257 1119; x_wconf 89' lang='lat' dir='ltr'><strong>ac</strong></span> <span class='ocrx_word' id='word_1_203' title='bbox 2282 1065 2532 1134; x_wconf 83' lang='lat' dir='ltr'><strong>plurimis</strong></span> <span class='ocrx_word' id='word_1_204' title='bbox 2566 1065 2905 1119; x_wconf 78' lang='lat' dir='ltr'><strong>ornamentis</strong></span> <span class='ocrx_word' id='word_1_205' title='bbox 2925 1064 3199 1126; x_wconf 80' lang='lat' dir='ltr'><strong>decorata.</strong></span> <span class='ocrx_word' id='word_1_206' title='bbox 3224 1067 3273 1119; x_wconf 87' lang='lat' dir='ltr'><strong>ei</strong></span> <span class='ocrx_word' id='word_1_207' title='bbox 3334 1067 3506 1119; x_wconf 75' lang='lat' dir='ltr'><strong>maxi-</strong></span> 
     </span>
    </p>
   </div>
   <div class='ocr_carea' id='block_1_33' title="bbox 1961 1160 3504 1227">
    <p class='ocr_par' dir='ltr' id='par_1_33' title="bbox 1961 1160 3504 1227">
     <span class='ocr_line' id='line_1_33' title="bbox 1961 1160 3504 1227; baseline 0 -14"><span class='ocrx_word' id='word_1_208' title='bbox 1961 1175 2170 1213; x_wconf 92' lang='lat' dir='ltr'><strong>morum</strong></span> <span class='ocrx_word' id='word_1_209' title='bbox 2193 1175 2254 1213; x_wconf 89' lang='lat' dir='ltr'><strong>ac</strong></span> <span class='ocrx_word' id='word_1_210' title='bbox 2279 1160 2585 1227; x_wconf 90' lang='lat' dir='ltr'><strong>principum</strong></span> <span class='ocrx_word' id='word_1_211' title='bbox 2606 1160 2973 1226; x_wconf 85' lang='lat' dir='ltr'><strong>apostolorum</strong></span> <span class='ocrx_word' id='word_1_212' title='bbox 3005 1174 3204 1213; x_wconf 88' lang='lat' dir='ltr'><strong>nomen</strong></span> <span class='ocrx_word' id='word_1_213' title='bbox 3268 1161 3461 1214; x_wconf 88' lang='lat' dir='ltr'><strong>indidit</strong></span> <span class='ocrx_word' id='word_1_214' title='bbox 3491 1179 3504 1221; x_wconf 88' lang='lat'><strong>;</strong></span> 
     </span>
    </p>
   </div>
   <div class='ocr_carea' id='block_1_34' title="bbox 1958 1249 3506 1319">
    <p class='ocr_par' dir='ltr' id='par_1_34' title="bbox 1958 1249 3506 1319">
     <span class='ocr_line' id='line_1_34' title="bbox 1958 1249 3506 1319; baseline 0 -16"><span class='ocrx_word' id='word_1_215' title='bbox 1958 1261 2013 1304; x_wconf 89' lang='lat' dir='ltr'><strong>et</strong></span> <span class='ocrx_word' id='word_1_216' title='bbox 2040 1252 2091 1303; x_wconf 92' lang='lat' dir='ltr'><strong>in</strong></span> <span class='ocrx_word' id='word_1_217' title='bbox 2118 1266 2227 1319; x_wconf 89' lang='lat' dir='ltr'><strong>quo</strong></span> <span class='ocrx_word' id='word_1_218' title='bbox 2256 1252 2481 1319; x_wconf 86' lang='lat' dir='ltr'><strong>mystica</strong></span> <span class='ocrx_word' id='word_1_219' title='bbox 2512 1249 2777 1303; x_wconf 90' lang='lat' dir='ltr'><strong>sacriﬁcia</strong></span> <span class='ocrx_word' id='word_1_220' title='bbox 2803 1250 3093 1313; x_wconf 84' lang='lat' dir='ltr'><strong>oﬁerebat,</strong></span> <span class='ocrx_word' id='word_1_221' title='bbox 3162 1250 3395 1319; x_wconf 75' lang='lat' dir='ltr'><strong>linguam</strong></span> <span class='ocrx_word' id='word_1_222' title='bbox 3430 1251 3506 1304; x_wconf 88' lang='lat' dir='ltr'><strong>si-</strong></span> 
     </span>
    </p>
   </div>
   <div class='ocr_carea' id='block_1_35' title="bbox 1960 1342 3507 1411">
    <p class='ocr_par' dir='ltr' id='par_1_35' title="bbox 1960 1342 3507 1411">
     <span class='ocr_line' id='line_1_35' title="bbox 1960 1342 3507 1411; baseline 0 -16"><span class='ocrx_word' id='word_1_223' title='bbox 1960 1343 2071 1395; x_wconf 90' lang='lat' dir='ltr'><strong>mul</strong></span> <span class='ocrx_word' id='word_1_224' title='bbox 2107 1350 2163 1395; x_wconf 91' lang='lat' dir='ltr'><strong>et</strong></span> <span class='ocrx_word' id='word_1_225' title='bbox 2216 1358 2433 1395; x_wconf 89' lang='lat' dir='ltr'><strong>manum</strong></span> <span class='ocrx_word' id='word_1_226' title='bbox 2461 1343 2681 1410; x_wconf 83' lang='lat' dir='ltr'><strong>opipare</strong></span> <span class='ocrx_word' id='word_1_227' title='bbox 2708 1342 2977 1409; x_wconf 90' lang='lat' dir='ltr'><strong>aperiens,</strong></span> <span class='ocrx_word' id='word_1_228' title='bbox 3029 1344 3382 1411; x_wconf 76' lang='lat' dir='ltr'><strong>przebensquc</strong></span> <span class='ocrx_word' id='word_1_229' title='bbox 3413 1357 3507 1410; x_wconf 86' lang='lat' dir='ltr'><strong>pa-</strong></span> 
     </span>
    </p>
   </div>
   <div class='ocr_carea' id='block_1_36' title="bbox 1961 1430 3504 1500">
    <p class='ocr_par' dir='ltr' id='par_1_36' title="bbox 1961 1430 3504 1500">
     <span class='ocr_line' id='line_1_36' title="bbox 1961 1430 3504 1500; baseline 0 -15"><span class='ocrx_word' id='word_1_230' title='bbox 1961 1448 2104 1494; x_wconf 89' lang='lat' dir='ltr'><strong>nem,</strong></span> <span class='ocrx_word' id='word_1_231' title='bbox 2136 1448 2245 1500; x_wconf 90' lang='lat' dir='ltr'><strong>quo</strong></span> <span class='ocrx_word' id='word_1_232' title='bbox 2275 1432 2440 1485; x_wconf 84' lang='lat' dir='ltr'><strong>corda</strong></span> <span class='ocrx_word' id='word_1_233' title='bbox 2482 1430 2799 1485; x_wconf 89' lang='lat' dir='ltr'><strong>reﬁciuntur</strong></span> <span class='ocrx_word' id='word_1_234' title='bbox 2825 1448 2840 1497; x_wconf 88' lang='lat'><strong>;</strong></span> <span class='ocrx_word' id='word_1_235' title='bbox 2888 1446 3108 1500; x_wconf 89' lang='lat' dir='ltr'><strong>panem,</strong></span> <span class='ocrx_word' id='word_1_236' title='bbox 3138 1432 3380 1500; x_wconf 88' lang='lat' dir='ltr'><strong>inquam,</strong></span> <span class='ocrx_word' id='word_1_237' title='bbox 3411 1434 3504 1499; x_wconf 86' lang='lat' dir='ltr'><strong>qui</strong></span> 
     </span>
    </p>
   </div>
   <div class='ocr_carea' id='block_1_37' title="bbox 1962 1522 3507 1591">
    <p class='ocr_par' dir='ltr' id='par_1_37' title="bbox 1962 1522 3507 1591">
     <span class='ocr_line' id='line_1_37' title="bbox 1962 1522 3507 1591; baseline -0.001 -17"><span class='ocrx_word' id='word_1_238' title='bbox 1962 1537 2018 1575; x_wconf 91' lang='lat' dir='ltr'><strong>re</strong></span> <span class='ocrx_word' id='word_1_239' title='bbox 2054 1524 2215 1575; x_wconf 89' lang='lat' dir='ltr'><strong>simul</strong></span> <span class='ocrx_word' id='word_1_240' title='bbox 2239 1532 2294 1576; x_wconf 91' lang='lat' dir='ltr'><strong>et</strong></span> <span class='ocrx_word' id='word_1_241' title='bbox 2315 1522 2535 1576; x_wconf 87' lang='lat' dir='ltr'><strong>nomine</strong></span> <span class='ocrx_word' id='word_1_242' title='bbox 2579 1522 2895 1591; x_wconf 75' lang='lat' dir='ltr'><strong>angelorum</strong></span> <span class='ocrx_word' id='word_1_243' title='bbox 2914 1522 3134 1584; x_wconf 90' lang='lat' dir='ltr'><strong>dicitur,</strong></span> <span class='ocrx_word' id='word_1_244' title='bbox 3163 1537 3355 1590; x_wconf 88' lang='lat' dir='ltr'><strong>panem</strong></span> <span class='ocrx_word' id='word_1_245' title='bbox 3382 1537 3507 1575; x_wconf 85' lang='lat' dir='ltr'><strong>csu-</strong></span> 
     </span>
    </p>
   </div>
   <div class='ocr_carea' id='block_1_38' title="bbox 1962 1613 3505 1681">
    <p class='ocr_par' dir='ltr' id='par_1_38' title="bbox 1962 1613 3505 1681">
     <span class='ocr_line' id='line_1_38' title="bbox 1962 1613 3505 1681; baseline -0.002 -14"><span class='ocrx_word' id='word_1_246' title='bbox 1962 1616 2163 1667; x_wconf 90' lang='lat' dir='ltr'><strong>rientes</strong></span> <span class='ocrx_word' id='word_1_247' title='bbox 2221 1614 2429 1668; x_wconf 88' lang='lat' dir='ltr'><strong>animas</strong></span> <span class='ocrx_word' id='word_1_248' title='bbox 2459 1621 2817 1677; x_wconf 86' lang='lat' dir='ltr'><strong>saturantem,</strong></span> <span class='ocrx_word' id='word_1_249' title='bbox 2848 1615 3104 1681; x_wconf 86' lang='lat' dir='ltr'><strong>utrinque</strong></span> <span class='ocrx_word' id='word_1_250' title='bbox 3131 1613 3317 1667; x_wconf 90' lang='lat' dir='ltr'><strong>mundi</strong></span> <span class='ocrx_word' id='word_1_251' title='bbox 3342 1613 3505 1667; x_wconf 74' lang='lat' dir='ltr'><strong>Cren-</strong></span> 
     </span>
    </p>
   </div>
   <div class='ocr_carea' id='block_1_39' title="bbox 1964 1705 2538 1757">
    <p class='ocr_par' dir='ltr' id='par_1_39' title="bbox 1964 1705 2538 1757">
     <span class='ocr_line' id='line_1_39' title="bbox 1964 1705 2538 1757; baseline -0.002 -1"><span class='ocrx_word' id='word_1_252' title='bbox 1964 1713 2133 1757; x_wconf 91' lang='lat' dir='ltr'><strong>torem</strong></span> <span class='ocrx_word' id='word_1_253' title='bbox 2160 1705 2538 1757; x_wconf 83' lang='lat' dir='ltr'><strong>venerabatur.</strong></span> 
     </span>
    </p>
   </div>
   <div class='ocr_carea' id='block_1_40' title="bbox 2029 1792 3500 1847">
    <p class='ocr_par' dir='ltr' id='par_1_40' title="bbox 2029 1792 3500 1847">
     <span class='ocr_line' id='line_1_40' title="bbox 2029 1792 3500 1847; baseline 0 -2"><span class='ocrx_word' id='word_1_254' title='bbox 2029 1793 2085 1846; x_wconf 90' lang='lat' dir='ltr'><strong>In</strong></span> <span class='ocrx_word' id='word_1_255' title='bbox 2123 1792 2206 1846; x_wconf 87' lang='lat' dir='ltr'><strong>his</strong></span> <span class='ocrx_word' id='word_1_256' title='bbox 2258 1803 2439 1847; x_wconf 90' lang='lat' dir='ltr'><strong>autem</strong></span> <span class='ocrx_word' id='word_1_257' title='bbox 2472 1794 2563 1847; x_wconf 89' lang='lat' dir='ltr'><strong>ille</strong></span> <span class='ocrx_word' id='word_1_258' title='bbox 2623 1792 2895 1845; x_wconf 85' lang='lat' dir='ltr'><strong>honestis</strong></span> <span class='ocrx_word' id='word_1_259' title='bbox 2929 1792 3172 1846; x_wconf 77' lang='lat' dir='ltr'><strong>moribus</strong></span> <span class='ocrx_word' id='word_1_260' title='bbox 3228 1807 3291 1846; x_wconf 91' lang='lat' dir='ltr'><strong>ac</strong></span> <span class='ocrx_word' id='word_1_261' title='bbox 3352 1804 3500 1847; x_wconf 81' lang='lat' dir='ltr'><strong>recte</strong></span> 
     </span>
    </p>
   </div>
   <div class='ocr_carea' id='block_1_41' title="bbox 1888 1852 3499 1953">
    <p class='ocr_par' dir='ltr' id='par_1_41' title="bbox 1888 1852 3499 1953">
     <span class='ocr_line' id='line_1_41' title="bbox 1888 1852 3499 1953; baseline 0 -16"><span class='ocrx_word' id='word_1_262' title='bbox 1888 1852 1928 1907; x_wconf 74' lang='grc' dir='ltr'>Β</span> <span class='ocrx_word' id='word_1_263' title='bbox 1958 1884 2112 1938; x_wconf 81' lang='lat' dir='ltr'><strong>factis</strong></span> <span class='ocrx_word' id='word_1_264' title='bbox 2133 1899 2509 1953; x_wconf 87' lang='lat' dir='ltr'><strong>perseverans,</strong></span> <span class='ocrx_word' id='word_1_265' title='bbox 2541 1884 2705 1936; x_wconf 86' lang='lat' dir='ltr'><strong>vitam</strong></span> <span class='ocrx_word' id='word_1_266' title='bbox 2770 1898 2921 1937; x_wconf 89' lang='lat' dir='ltr'><strong>suam</strong></span> <span class='ocrx_word' id='word_1_267' title='bbox 2977 1883 3161 1937; x_wconf 91' lang='lat' dir='ltr'><strong>decori</strong></span> <span class='ocrx_word' id='word_1_268' title='bbox 3195 1898 3258 1937; x_wconf 91' lang='lat' dir='ltr'><strong>ac</strong></span> <span class='ocrx_word' id='word_1_269' title='bbox 3287 1884 3499 1937; x_wconf 78' lang='lat' dir='ltr'><strong>honesti</strong></span> 
     </span>
    </p>
   </div>
   <div class='ocr_carea' id='block_1_42' title="bbox 1954 1973 3502 2042">
    <p class='ocr_par' dir='ltr' id='par_1_42' title="bbox 1954 1973 3502 2042">
     <span class='ocr_line' id='line_1_42' title="bbox 1954 1973 3502 2042; baseline -0.001 -14"><span class='ocrx_word' id='word_1_270' title='bbox 1954 1984 2209 2042; x_wconf 85' lang='lat' dir='ltr'><strong>tanquam</strong></span> <span class='ocrx_word' id='word_1_271' title='bbox 2264 1974 2537 2042; x_wconf 82' lang='lat' dir='ltr'><strong>exemplar</strong></span> <span class='ocrx_word' id='word_1_272' title='bbox 2584 1973 2869 2035; x_wconf 75' lang='lat' dir='ltr'><strong>exhibens,</strong></span> <span class='ocrx_word' id='word_1_273' title='bbox 2923 1974 3163 2029; x_wconf 85' lang='lat' dir='ltr'><strong>lenitatis</strong></span> <span class='ocrx_word' id='word_1_274' title='bbox 3222 1975 3385 2026; x_wconf 82' lang='lat' dir='ltr'><strong>animi</strong></span> <span class='ocrx_word' id='word_1_275' title='bbox 3439 1991 3502 2027; x_wconf 83' lang='lat' dir='ltr'><strong>ac</strong></span> 
     </span>
    </p>
   </div>
   <div class='ocr_carea' id='block_1_43' title="bbox 1955 2065 3502 2133">
    <p class='ocr_par' dir='ltr' id='par_1_43' title="bbox 1955 2065 3502 2133">
     <span class='ocr_line' id='line_1_43' title="bbox 1955 2065 3502 2133; baseline -0.001 -16"><span class='ocrx_word' id='word_1_276' title='bbox 1955 2066 2247 2133; x_wconf 65' lang='lat' dir='ltr'><strong>patientiae,</strong></span> <span class='ocrx_word' id='word_1_277' title='bbox 2279 2065 2417 2119; x_wconf 83' lang='lat' dir='ltr'><strong>addo</strong></span> <span class='ocrx_word' id='word_1_278' title='bbox 2439 2066 2603 2119; x_wconf 89' lang='lat' dir='ltr'><strong>etiam</strong></span> <span class='ocrx_word' id='word_1_279' title='bbox 2668 2066 2721 2119; x_wconf 92' lang='lat' dir='ltr'><strong>in</strong></span> <span class='ocrx_word' id='word_1_280' title='bbox 2745 2065 2991 2120; x_wconf 82' lang='lat' dir='ltr'><strong>adversis</strong></span> <span class='ocrx_word' id='word_1_281' title='bbox 3045 2067 3373 2126; x_wconf 66' lang='lat' dir='ltr'><strong>tolerantur.</strong></span> <span class='ocrx_word' id='word_1_282' title='bbox 3400 2083 3502 2119; x_wconf 78' lang='lat' dir='ltr'><strong>suo</strong></span> 
     </span>
    </p>
   </div>
   <div class='ocr_carea' id='block_1_44' title="bbox 1954 2156 3499 2226">
    <p class='ocr_par' dir='ltr' id='par_1_44' title="bbox 1954 2156 3499 2226">
     <span class='ocr_line' id='line_1_44' title="bbox 1954 2156 3499 2226; baseline -0.001 -17"><span class='ocrx_word' id='word_1_283' title='bbox 1954 2156 2122 2225; x_wconf 86' lang='lat' dir='ltr'><strong>ipsius</strong></span> <span class='ocrx_word' id='word_1_284' title='bbox 2152 2156 2483 2211; x_wconf 86' lang='lat' dir='ltr'><strong>documento</strong></span> <span class='ocrx_word' id='word_1_285' title='bbox 2508 2158 2680 2226; x_wconf 79' lang='lat' dir='ltr'><strong>legem</strong></span> <span class='ocrx_word' id='word_1_286' title='bbox 2738 2157 2993 2211; x_wconf 89' lang='lat' dir='ltr'><strong>omnibus</strong></span> <span class='ocrx_word' id='word_1_287' title='bbox 3039 2158 3250 2211; x_wconf 81' lang='lat' dir='ltr'><strong>indixit.</strong></span> <span class='ocrx_word' id='word_1_288' title='bbox 3303 2158 3499 2226; x_wconf 76' lang='lat' dir='ltr'><strong>Sicque</strong></span> 
     </span>
    </p>
   </div>
   <div class='ocr_carea' id='block_1_45' title="bbox 1952 2246 3499 2316">
    <p class='ocr_par' dir='ltr' id='par_1_45' title="bbox 1952 2246 3499 2316">
     <span class='ocr_line' id='line_1_45' title="bbox 1952 2246 3499 2316; baseline 0.001 -16"><span class='ocrx_word' id='word_1_289' title='bbox 1952 2248 2142 2301; x_wconf 91' lang='lat' dir='ltr'><strong>diebus</strong></span> <span class='ocrx_word' id='word_1_290' title='bbox 2168 2261 2233 2300; x_wconf 91' lang='lat' dir='ltr'><strong>ac</strong></span> <span class='ocrx_word' id='word_1_291' title='bbox 2276 2246 2569 2300; x_wconf 89' lang='lat' dir='ltr'><strong>virtutibus</strong></span> <span class='ocrx_word' id='word_1_292' title='bbox 2611 2256 2821 2309; x_wconf 88' lang='lat' dir='ltr'><strong>auctus,</strong></span> <span class='ocrx_word' id='word_1_293' title='bbox 2856 2248 3066 2302; x_wconf 85' lang='lat' dir='ltr'><strong>mortali</strong></span> <span class='ocrx_word' id='word_1_294' title='bbox 3106 2249 3217 2300; x_wconf 87' lang='lat' dir='ltr'><strong>vita</strong></span> <span class='ocrx_word' id='word_1_295' title='bbox 3280 2250 3499 2316; x_wconf 79' lang='lat' dir='ltr'><strong>perfun—</strong></span> 
     </span>
    </p>
   </div>
   <div class='ocr_carea' id='block_1_46' title="bbox 1955 2336 3496 2406">
    <p class='ocr_par' dir='ltr' id='par_1_46' title="bbox 1955 2336 3496 2406">
     <span class='ocr_line' id='line_1_46' title="bbox 1955 2336 3496 2406; baseline -0.001 -16"><span class='ocrx_word' id='word_1_296' title='bbox 1955 2346 2094 2401; x_wconf 87' lang='lat' dir='ltr'><strong>ctus,</strong></span> <span class='ocrx_word' id='word_1_297' title='bbox 2124 2337 2189 2391; x_wconf 90' lang='lat' dir='ltr'><strong>ad</strong></span> <span class='ocrx_word' id='word_1_298' title='bbox 2215 2338 2615 2404; x_wconf 81' lang='lat' dir='ltr'><strong>optatissimum</strong></span> <span class='ocrx_word' id='word_1_299' title='bbox 2640 2336 2918 2391; x_wconf 81' lang='lat' dir='ltr'><strong>Christum</strong></span> <span class='ocrx_word' id='word_1_300' title='bbox 2968 2338 3259 2405; x_wconf 74' lang='lat' dir='ltr'><strong>emigravit</strong></span> <span class='ocrx_word' id='word_1_301' title='bbox 3292 2354 3303 2387; x_wconf 86' lang='lat'>:</span> <span class='ocrx_word' id='word_1_302' title='bbox 3335 2353 3496 2406; x_wconf 87' lang='lat' dir='ltr'><strong>quem</strong></span> 
     </span>
    </p>
   </div>
   <div class='ocr_carea' id='block_1_47' title="bbox 1955 2426 3499 2497">
    <p class='ocr_par' dir='ltr' id='par_1_47' title="bbox 1955 2426 3499 2497">
     <span class='ocr_line' id='line_1_47' title="bbox 1955 2426 3499 2497; baseline 0.001 -17"><span class='ocrx_word' id='word_1_303' title='bbox 1955 2426 2111 2480; x_wconf 86' lang='lat' dir='ltr'><strong>decet</strong></span> <span class='ocrx_word' id='word_1_304' title='bbox 2137 2428 2329 2490; x_wconf 87' lang='lat' dir='ltr'><strong>honor,</strong></span> <span class='ocrx_word' id='word_1_305' title='bbox 2344 2427 2537 2497; x_wconf 77' lang='lat' dir='ltr'><strong>gloria,</strong></span> <span class='ocrx_word' id='word_1_306' title='bbox 2561 2428 2810 2497; x_wconf 72' lang='lat' dir='ltr'><strong>maiestas</strong></span> <span class='ocrx_word' id='word_1_307' title='bbox 2821 2437 2877 2481; x_wconf 89' lang='lat' dir='ltr'><strong>et</strong></span> <span class='ocrx_word' id='word_1_308' title='bbox 2897 2426 3314 2496; x_wconf 76' lang='lat' dir='ltr'><strong>magniﬁcentia,</strong></span> <span class='ocrx_word' id='word_1_309' title='bbox 3356 2444 3499 2481; x_wconf 88' lang='lat' dir='ltr'><strong>nunc</strong></span> 
     </span>
    </p>
   </div>
   <div class='ocr_carea' id='block_1_48' title="bbox 1955 2516 2889 2572">
    <p class='ocr_par' dir='ltr' id='par_1_48' title="bbox 1955 2516 2889 2572">
     <span class='ocr_line' id='line_1_48' title="bbox 1955 2516 2889 2572; baseline 0.003 -4"><span class='ocrx_word' id='word_1_310' title='bbox 1955 2526 2009 2569; x_wconf 90' lang='lat' dir='ltr'><strong>et</strong></span> <span class='ocrx_word' id='word_1_311' title='bbox 2037 2517 2090 2571; x_wconf 91' lang='lat' dir='ltr'><strong>in</strong></span> <span class='ocrx_word' id='word_1_312' title='bbox 2117 2518 2311 2571; x_wconf 69' lang='lat' dir='ltr'><strong>saecula</strong></span> <span class='ocrx_word' id='word_1_313' title='bbox 2331 2516 2670 2571; x_wconf 71' lang='lat' dir='ltr'><strong>saeculorum.</strong></span> <span class='ocrx_word' id='word_1_314' title='bbox 2696 2518 2889 2572; x_wconf 81' lang='lat' dir='ltr'><strong>Amen.</strong></span> 
     </span>
    </p>
   </div>
   <div class='ocr_carea' id='block_1_49' title="bbox 1532 2856 2292 2968">
    <p class='ocr_par' dir='ltr' id='par_1_49' title="bbox 1532 2856 2292 2968">
     <span class='ocr_line' id='line_1_49' title="bbox 1532 2856 2292 2968; baseline 0.004 -3"><span class='ocrx_word' id='word_1_315' title='bbox 1532 2856 2292 2968; x_wconf 81' lang='lat' dir='ltr'><strong>CERTAMEN</strong></span> 
     </span>
    </p>
   </div>
   <div class='ocr_carea' id='block_1_50' title="bbox 730 3096 3059 3256">
    <p class='ocr_par' dir='ltr' id='par_1_50' title="bbox 730 3096 3059 3256">
     <span class='ocr_line' id='line_1_50' title="bbox 730 3096 3059 3256; baseline 0.003 -11"><span class='ocrx_word' id='word_1_316' title='bbox 730 3096 884 3246; x_wconf 87' lang='lat' dir='ltr'><strong>S.</strong></span> <span class='ocrx_word' id='word_1_317' title='bbox 1006 3096 1985 3252; x_wconf 81' lang='lat' dir='ltr'><strong>MARTYRIS</strong></span> <span class='ocrx_word' id='word_1_318' title='bbox 2098 3103 3059 3256; x_wconf 79' lang='lat' dir='ltr'><strong>MERCURII.</strong></span> 
     </span>
    </p>
   </div>
   <div class='ocr_carea' id='block_1_51' title="bbox 845 3367 2954 3437">
    <p class='ocr_par' dir='ltr' id='par_1_51' title="bbox 845 3367 2954 3437">
     <span class='ocr_line' id='line_1_51' title="bbox 845 3367 2954 3437; baseline 0.008 -26"><span class='ocrx_word' id='word_1_319' title='bbox 845 3367 937 3427; x_wconf 66' lang='lat' dir='ltr'><strong>(.lp</strong></span> <span class='ocrx_word' id='word_1_320' title='bbox 990 3368 1184 3418; x_wconf 76' lang='lat' dir='ltr'><strong>Surium</strong></span> <span class='ocrx_word' id='word_1_321' title='bbox 1214 3374 1268 3418; x_wconf 84' lang='lat' dir='ltr'><strong>ad</strong></span> <span class='ocrx_word' id='word_1_322' title='bbox 1295 3373 1423 3418; x_wconf 69' lang='lat' dir='ltr'><strong>diem</strong></span> <span class='ocrx_word' id='word_1_323' title='bbox 1449 3374 1509 3419; x_wconf 72' lang='lat'><strong>25</strong></span> <span class='ocrx_word' id='word_1_324' title='bbox 1530 3372 1843 3429; x_wconf 75' lang='lat' dir='ltr'><strong>Novembris;</strong></span> <span class='ocrx_word' id='word_1_325' title='bbox 1870 3378 2032 3419; x_wconf 68' lang='lat' dir='ltr'><strong>textus</strong></span> <span class='ocrx_word' id='word_1_326' title='bbox 2059 3374 2254 3421; x_wconf 68' lang='lat' dir='ltr'><strong>Graecus</strong></span> <span class='ocrx_word' id='word_1_327' title='bbox 2276 3390 2370 3423; x_wconf 88' lang='lat' dir='ltr'><strong>non</strong></span> <span class='ocrx_word' id='word_1_328' title='bbox 2397 3387 2551 3426; x_wconf 69' lang='lat' dir='ltr'><strong>exstat</strong></span> <span class='ocrx_word' id='word_1_329' title='bbox 2580 3382 2625 3426; x_wconf 86' lang='lat' dir='ltr'><strong>in</strong></span> <span class='ocrx_word' id='word_1_330' title='bbox 2647 3396 2739 3427; x_wconf 82' lang='lat' dir='ltr'><strong>mss</strong></span> <span class='ocrx_word' id='word_1_331' title='bbox 2784 3382 2954 3437; x_wconf 82' lang='lat' dir='ltr'><strong>l‘uris.)</strong></span> 
     </span>
    </p>
   </div>
   <div class='ocr_carea' id='block_1_52' title="bbox 376 3673 3489 3756">
    <p class='ocr_par' dir='ltr' id='par_1_52' title="bbox 376 3673 3489 3756">
     <span class='ocr_line' id='line_1_52' title="bbox 376 3673 3489 3756; baseline 0.005 -31"><span class='ocrx_word' id='word_1_332' title='bbox 376 3674 415 3726; x_wconf 93' lang='lat' dir='ltr'><strong>l.</strong></span> <span class='ocrx_word' id='word_1_333' title='bbox 460 3673 764 3742; x_wconf 89' lang='lat' dir='ltr'><strong>lmpcrante</strong></span> <span class='ocrx_word' id='word_1_334' title='bbox 801 3675 892 3727; x_wconf 89' lang='lat' dir='ltr'><strong>illo</strong></span> <span class='ocrx_word' id='word_1_335' title='bbox 931 3685 1173 3741; x_wconf 82' lang='lat' dir='ltr'><strong>tempore</strong></span> <span class='ocrx_word' id='word_1_336' title='bbox 1206 3673 1363 3727; x_wconf 89' lang='lat' dir='ltr'><strong>Decio</strong></span> <span class='ocrx_word' id='word_1_337' title='bbox 1394 3686 1447 3728; x_wconf 88' lang='lat' dir='ltr'><strong>et</strong></span> <span class='ocrx_word' id='word_1_338' title='bbox 1476 3675 1754 3728; x_wconf 83' lang='lat' dir='ltr'><strong>Valeriano</strong></span> <span class='ocrx_word' id='word_1_339' title='bbox 1790 3677 1843 3729; x_wconf 89' lang='lat' dir='ltr'><strong>in</strong></span> <span class='ocrx_word' id='word_1_340' title='bbox 1872 3687 1911 3742; x_wconf 70' lang='grc' dir='ltr'>(ζ</span> <span class='ocrx_word' id='word_1_341' title='bbox 1942 3680 2034 3747; x_wconf 56' lang='grc' dir='ltr'>λιιι</span> <span class='ocrx_word' id='word_1_342' title='bbox 2070 3684 2122 3731; x_wconf 90' lang='lat' dir='ltr'><strong>m</strong></span> <span class='ocrx_word' id='word_1_343' title='bbox 2151 3680 2385 3741; x_wconf 82' lang='lat' dir='ltr'><strong>vincula,</strong></span> <span class='ocrx_word' id='word_1_344' title='bbox 2420 3682 2616 3735; x_wconf 74' lang='lat' dir='ltr'><strong>deinde</strong></span> <span class='ocrx_word' id='word_1_345' title='bbox 2651 3684 2817 3737; x_wconf 87' lang='lat' dir='ltr'><strong>variis</strong></span> <span class='ocrx_word' id='word_1_346' title='bbox 2864 3688 3147 3741; x_wconf 84' lang='lat' dir='ltr'><strong>tormentis</strong></span> <span class='ocrx_word' id='word_1_347' title='bbox 3188 3688 3408 3756; x_wconf 80' lang='lat' dir='ltr'><strong>snhjici,</strong></span> <span class='ocrx_word' id='word_1_348' title='bbox 3436 3700 3489 3741; x_wconf 77' lang='lat' dir='ltr'><strong>et</strong></span> 
     </span>
    </p>
   </div>
   <div class='ocr_carea' id='block_1_53' title="bbox 300 3762 1841 3831">
    <p class='ocr_par' dir='ltr' id='par_1_53' title="bbox 300 3762 1841 3831">
     <span class='ocr_line' id='line_1_53' title="bbox 300 3762 1841 3831; baseline 0.001 -16"><span class='ocrx_word' id='word_1_349' title='bbox 300 3778 491 3831; x_wconf 82' lang='lat' dir='ltr'><strong>magna</strong></span> <span class='ocrx_word' id='word_1_350' title='bbox 528 3764 660 3817; x_wconf 88' lang='lat' dir='ltr'><strong>urbe</strong></span> <span class='ocrx_word' id='word_1_351' title='bbox 696 3765 863 3817; x_wconf 78' lang='lat' dir='ltr'><strong>Roma</strong></span> <span class='ocrx_word' id='word_1_352' title='bbox 893 3764 928 3816; x_wconf 93' lang='lat' dir='ltr'><strong>ii</strong></span> <span class='ocrx_word' id='word_1_353' title='bbox 959 3762 1232 3817; x_wconf 89' lang='lat' dir='ltr'><strong>communi</strong></span> <span class='ocrx_word' id='word_1_354' title='bbox 1259 3762 1479 3817; x_wconf 87' lang='lat' dir='ltr'><strong>decreto</strong></span> <span class='ocrx_word' id='word_1_355' title='bbox 1511 3773 1841 3823; x_wconf 86' lang='lat' dir='ltr'><strong>statuerunt,</strong></span> 
     </span>
    </p>
   </div>
   <div class='ocr_carea' id='block_1_54' title="bbox 302 3852 1844 3907">
    <p class='ocr_par' dir='ltr' id='par_1_54' title="bbox 302 3852 1844 3907">
     <span class='ocr_line' id='line_1_54' title="bbox 302 3852 1844 3907; baseline 0.003 -5"><span class='ocrx_word' id='word_1_356' title='bbox 302 3864 358 3904; x_wconf 87' lang='lat' dir='ltr'><strong>ul</strong></span> <span class='ocrx_word' id='word_1_357' title='bbox 389 3868 574 3906; x_wconf 91' lang='lat' dir='ltr'><strong>omnes</strong></span> <span class='ocrx_word' id='word_1_358' title='bbox 613 3854 983 3907; x_wconf 77' lang='lat' dir='ltr'><strong>sacriﬁcarent</strong></span> <span class='ocrx_word' id='word_1_359' title='bbox 1010 3863 1064 3907; x_wconf 91' lang='lat' dir='ltr'><strong>et</strong></span> <span class='ocrx_word' id='word_1_360' title='bbox 1104 3852 1208 3906; x_wconf 89' lang='lat' dir='ltr'><strong>diis</strong></span> <span class='ocrx_word' id='word_1_361' title='bbox 1249 3854 1501 3907; x_wconf 86' lang='lat' dir='ltr'><strong>libarent.</strong></span> <span class='ocrx_word' id='word_1_362' title='bbox 1538 3854 1844 3907; x_wconf 76' lang='lat' dir='ltr'><strong>Convocato</strong></span> 
     </span>
    </p>
   </div>
   <div class='ocr_carea' id='block_1_55' title="bbox 299 3945 1845 4012">
    <p class='ocr_par' dir='ltr' id='par_1_55' title="bbox 299 3945 1845 4012">
     <span class='ocr_line' id='line_1_55' title="bbox 299 3945 1845 4012; baseline 0.001 -17"><span class='ocrx_word' id='word_1_363' title='bbox 299 3957 431 4010; x_wconf 78' lang='lat' dir='ltr'><strong>ergo</strong></span> <span class='ocrx_word' id='word_1_364' title='bbox 486 3952 596 3995; x_wconf 87' lang='lat' dir='ltr'><strong>toto</strong></span> <span class='ocrx_word' id='word_1_365' title='bbox 641 3951 855 4003; x_wconf 88' lang='lat' dir='ltr'><strong>senatu,</strong></span> <span class='ocrx_word' id='word_1_366' title='bbox 900 3945 949 3997; x_wconf 91' lang='lat' dir='ltr'><strong>ei</strong></span> <span class='ocrx_word' id='word_1_367' title='bbox 984 3953 1369 4012; x_wconf 78' lang='lat' dir='ltr'><strong>exposuerunt,</strong></span> <span class='ocrx_word' id='word_1_368' title='bbox 1404 3958 1525 4011; x_wconf 74' lang='lat' dir='ltr'><strong>qua:</strong></span> <span class='ocrx_word' id='word_1_369' title='bbox 1572 3945 1845 3998; x_wconf 92' lang='lat' dir='ltr'><strong>communi</strong></span> 
     </span>
    </p>
   </div>
   <div class='ocr_carea' id='block_1_56' title="bbox 300 4034 1843 4089">
    <p class='ocr_par' dir='ltr' id='par_1_56' title="bbox 300 4034 1843 4089">
     <span class='ocr_line' id='line_1_56' title="bbox 300 4034 1843 4089; baseline 0.002 -4"><span class='ocrx_word' id='word_1_370' title='bbox 300 4048 569 4085; x_wconf 85' lang='lat' dir='ltr'><strong>consensu</strong></span> <span class='ocrx_word' id='word_1_371' title='bbox 625 4048 653 4085; x_wconf 87' lang='lat' dir='ltr'><strong>a</strong></span> <span class='ocrx_word' id='word_1_372' title='bbox 698 4049 754 4087; x_wconf 90' lang='lat' dir='ltr'><strong>se</strong></span> <span class='ocrx_word' id='word_1_373' title='bbox 789 4034 1001 4086; x_wconf 86' lang='lat' dir='ltr'><strong>decreta</strong></span> <span class='ocrx_word' id='word_1_374' title='bbox 1050 4037 1302 4088; x_wconf 80' lang='lat' dir='ltr'><strong>fuerant:</strong></span> <span class='ocrx_word' id='word_1_375' title='bbox 1332 4044 1386 4087; x_wconf 91' lang='lat' dir='ltr'><strong>et</strong></span> <span class='ocrx_word' id='word_1_376' title='bbox 1415 4049 1535 4087; x_wconf 89' lang='lat' dir='ltr'><strong>cum</strong></span> <span class='ocrx_word' id='word_1_377' title='bbox 1568 4049 1661 4088; x_wconf 92' lang='lat' dir='ltr'><strong>eos</strong></span> <span class='ocrx_word' id='word_1_378' title='bbox 1690 4035 1843 4089; x_wconf 83' lang='lat' dir='ltr'><strong>inve-</strong></span> 
     </span>
    </p>
   </div>
   <div class='ocr_carea' id='block_1_57' title="bbox 301 4120 1846 4189">
    <p class='ocr_par' dir='ltr' id='par_1_57' title="bbox 301 4120 1846 4189">
     <span class='ocr_line' id='line_1_57' title="bbox 301 4120 1846 4189; baseline -0.001 -16"><span class='ocrx_word' id='word_1_379' title='bbox 301 4124 511 4174; x_wconf 90' lang='lat' dir='ltr'><strong>nissent</strong></span> <span class='ocrx_word' id='word_1_380' title='bbox 544 4137 653 4175; x_wconf 76' lang='lat' dir='ltr'><strong>sua:</strong></span> <span class='ocrx_word' id='word_1_381' title='bbox 690 4122 939 4174; x_wconf 83' lang='lat' dir='ltr'><strong>assentiri</strong></span> <span class='ocrx_word' id='word_1_382' title='bbox 965 4122 1262 4184; x_wconf 42' lang='lat' dir='ltr'><strong>sententias,</strong></span> <span class='ocrx_word' id='word_1_383' title='bbox 1295 4134 1482 4189; x_wconf 76' lang='lat' dir='ltr'><strong>magna</strong></span> <span class='ocrx_word' id='word_1_384' title='bbox 1512 4120 1688 4173; x_wconf 84' lang='lat' dir='ltr'><strong>aﬁ&#39;ecti</strong></span> <span class='ocrx_word' id='word_1_385' title='bbox 1719 4128 1846 4173; x_wconf 89' lang='lat' dir='ltr'><strong>sunt</strong></span> 
     </span>
    </p>
   </div>
   <div class='ocr_carea' id='block_1_58' title="bbox 301 4209 1843 4279">
    <p class='ocr_par' dir='ltr' id='par_1_58' title="bbox 301 4209 1843 4279">
     <span class='ocr_line' id='line_1_58' title="bbox 301 4209 1843 4279; baseline 0 -18"><span class='ocrx_word' id='word_1_386' title='bbox 301 4210 503 4263; x_wconf 67' lang='lat' dir='ltr'><strong>la-titia.</strong></span> <span class='ocrx_word' id='word_1_387' title='bbox 540 4210 729 4263; x_wconf 86' lang='lat' dir='ltr'><strong>Statim</strong></span> <span class='ocrx_word' id='word_1_388' title='bbox 768 4225 897 4279; x_wconf 68' lang='lat' dir='ltr'><strong>ergo</strong></span> <span class='ocrx_word' id='word_1_389' title='bbox 938 4210 1135 4263; x_wconf 86' lang='lat' dir='ltr'><strong>litteris</strong></span> <span class='ocrx_word' id='word_1_390' title='bbox 1171 4210 1534 4277; x_wconf 83' lang='lat' dir='ltr'><strong>imperatoriis</strong></span> <span class='ocrx_word' id='word_1_391' title='bbox 1564 4223 1684 4261; x_wconf 90' lang='lat' dir='ltr'><strong>cum</strong></span> <span class='ocrx_word' id='word_1_392' title='bbox 1713 4209 1843 4261; x_wconf 81' lang='lat' dir='ltr'><strong>sub-</strong></span> 
     </span>
    </p>
   </div>
   <div class='ocr_carea' id='block_1_59' title="bbox 304 4300 1845 4367">
    <p class='ocr_par' dir='ltr' id='par_1_59' title="bbox 304 4300 1845 4367">
     <span class='ocr_line' id='line_1_59' title="bbox 304 4300 1845 4367; baseline 0.001 -16"><span class='ocrx_word' id='word_1_393' title='bbox 304 4300 597 4367; x_wconf 89' lang='lat' dir='ltr'><strong>scriptione</strong></span> <span class='ocrx_word' id='word_1_394' title='bbox 627 4309 865 4362; x_wconf 86' lang='lat' dir='ltr'><strong>senatus,</strong></span> <span class='ocrx_word' id='word_1_395' title='bbox 894 4300 1173 4367; x_wconf 86' lang='lat' dir='ltr'><strong>jusserunt</strong></span> <span class='ocrx_word' id='word_1_396' title='bbox 1199 4314 1263 4353; x_wconf 89' lang='lat' dir='ltr'><strong>ea</strong></span> <span class='ocrx_word' id='word_1_397' title='bbox 1301 4302 1519 4367; x_wconf 79' lang='lat' dir='ltr'><strong>exponi,</strong></span> <span class='ocrx_word' id='word_1_398' title='bbox 1550 4314 1668 4367; x_wconf 69' lang='lat' dir='ltr'><strong>qua:</strong></span> <span class='ocrx_word' id='word_1_399' title='bbox 1700 4316 1845 4356; x_wconf 85' lang='lat' dir='ltr'><strong>com-</strong></span> 
     </span>
    </p>
   </div>
   <div class='ocr_carea' id='block_1_60' title="bbox 303 4393 1841 4462">
    <p class='ocr_par' dir='ltr' id='par_1_60' title="bbox 303 4393 1841 4462">
     <span class='ocr_line' id='line_1_60' title="bbox 303 4393 1841 4462; baseline 0.003 -18"><span class='ocrx_word' id='word_1_400' title='bbox 303 4394 543 4446; x_wconf 88' lang='lat' dir='ltr'><strong>muniter</strong></span> <span class='ocrx_word' id='word_1_401' title='bbox 583 4393 662 4447; x_wconf 93' lang='lat' dir='ltr'><strong>eis</strong></span> <span class='ocrx_word' id='word_1_402' title='bbox 690 4394 803 4448; x_wconf 87' lang='lat' dir='ltr'><strong>visa</strong></span> <span class='ocrx_word' id='word_1_403' title='bbox 848 4393 1063 4447; x_wconf 78' lang='lat' dir='ltr'><strong>fuerant</strong></span> <span class='ocrx_word' id='word_1_404' title='bbox 1096 4402 1151 4447; x_wconf 92' lang='lat' dir='ltr'><strong>et</strong></span> <span class='ocrx_word' id='word_1_405' title='bbox 1188 4394 1415 4462; x_wconf 89' lang='lat' dir='ltr'><strong>proponi</strong></span> <span class='ocrx_word' id='word_1_406' title='bbox 1462 4394 1512 4444; x_wconf 89' lang='lat' dir='ltr'><strong>in</strong></span> <span class='ocrx_word' id='word_1_407' title='bbox 1558 4393 1841 4462; x_wconf 84' lang='lat' dir='ltr'><strong>Capitolio,</strong></span> 
     </span>
    </p>
   </div>
   <div class='ocr_carea' id='block_1_61' title="bbox 301 4483 1153 4551">
    <p class='ocr_par' dir='ltr' id='par_1_61' title="bbox 301 4483 1153 4551">
     <span class='ocr_line' id='line_1_61' title="bbox 301 4483 1153 4551; baseline 0 -16"><span class='ocrx_word' id='word_1_408' title='bbox 301 4497 529 4551; x_wconf 86' lang='lat' dir='ltr'><strong>quarum</strong></span> <span class='ocrx_word' id='word_1_409' title='bbox 569 4483 672 4537; x_wconf 86' lang='lat' dir='ltr'><strong>hoc</strong></span> <span class='ocrx_word' id='word_1_410' title='bbox 699 4493 781 4537; x_wconf 91' lang='lat' dir='ltr'><strong>est</strong></span> <span class='ocrx_word' id='word_1_411' title='bbox 807 4484 1108 4551; x_wconf 80' lang='lat' dir='ltr'><strong>exemplum</strong></span> <span class='ocrx_word' id='word_1_412' title='bbox 1141 4502 1153 4535; x_wconf 91' lang='lat'><strong>:</strong></span> 
     </span>
    </p>
   </div>
   <div class='ocr_carea' id='block_1_62' title="bbox 370 4574 1840 4642">
    <p class='ocr_par' dir='ltr' id='par_1_62' title="bbox 370 4574 1840 4642">
     <span class='ocr_line' id='line_1_62' title="bbox 370 4574 1840 4642; baseline 0.002 -16"><span class='ocrx_word' id='word_1_413' title='bbox 370 4574 732 4641; x_wconf 85' lang='lat' dir='ltr'><strong>Imperatores</strong></span> <span class='ocrx_word' id='word_1_414' title='bbox 795 4574 1231 4642; x_wconf 85' lang='lat' dir='ltr'><strong>triumphatores,</strong></span> <span class='ocrx_word' id='word_1_415' title='bbox 1287 4574 1541 4638; x_wconf 87' lang='lat' dir='ltr'><strong>victores,</strong></span> <span class='ocrx_word' id='word_1_416' title='bbox 1594 4576 1840 4642; x_wconf 75' lang='lat' dir='ltr'><strong>Augusti,</strong></span> 
     </span>
    </p>
   </div>
   <div class='ocr_carea' id='block_1_63' title="bbox 298 4664 1842 4734">
    <p class='ocr_par' dir='ltr' id='par_1_63' title="bbox 298 4664 1842 4734">
     <span class='ocr_line' id='line_1_63' title="bbox 298 4664 1842 4734; baseline 0.001 -15"><span class='ocrx_word' id='word_1_417' title='bbox 298 4666 374 4734; x_wconf 84' lang='lat' dir='ltr'><strong>pii</strong></span> <span class='ocrx_word' id='word_1_418' title='bbox 421 4664 613 4719; x_wconf 87' lang='lat' dir='ltr'><strong>Decius</strong></span> <span class='ocrx_word' id='word_1_419' title='bbox 646 4674 701 4719; x_wconf 90' lang='lat' dir='ltr'><strong>et</strong></span> <span class='ocrx_word' id='word_1_420' title='bbox 744 4665 1059 4718; x_wconf 77' lang='lat' dir='ltr'><strong>Valerianus</strong></span> <span class='ocrx_word' id='word_1_421' title='bbox 1103 4665 1263 4718; x_wconf 84' lang='lat' dir='ltr'><strong>simul</strong></span> <span class='ocrx_word' id='word_1_422' title='bbox 1311 4680 1433 4718; x_wconf 91' lang='lat' dir='ltr'><strong>cum</strong></span> <span class='ocrx_word' id='word_1_423' title='bbox 1490 4673 1676 4719; x_wconf 84' lang='lat' dir='ltr'><strong>senatu</strong></span> <span class='ocrx_word' id='word_1_424' title='bbox 1732 4667 1842 4720; x_wconf 62' lang='lat' dir='ltr'><strong>hac</strong></span> 
     </span>
    </p>
   </div>
   <div class='ocr_carea' id='block_1_64' title="bbox 297 4755 1834 4811">
    <p class='ocr_par' dir='ltr' id='par_1_64' title="bbox 297 4755 1834 4811">
     <span class='ocr_line' id='line_1_64' title="bbox 297 4755 1834 4811; baseline -0.001 -1"><span class='ocrx_word' id='word_1_425' title='bbox 297 4758 571 4810; x_wconf 89' lang='lat' dir='ltr'><strong>communi</strong></span> <span class='ocrx_word' id='word_1_426' title='bbox 605 4756 830 4809; x_wconf 91' lang='lat' dir='ltr'><strong>consilio</strong></span> <span class='ocrx_word' id='word_1_427' title='bbox 859 4773 870 4806; x_wconf 89' lang='lat'><strong>:</strong></span> <span class='ocrx_word' id='word_1_428' title='bbox 904 4757 1036 4809; x_wconf 82' lang='lat' dir='ltr'><strong>Cum</strong></span> <span class='ocrx_word' id='word_1_429' title='bbox 1084 4755 1308 4811; x_wconf 88' lang='lat' dir='ltr'><strong>deorum</strong></span> <span class='ocrx_word' id='word_1_430' title='bbox 1344 4756 1605 4811; x_wconf 87' lang='lat' dir='ltr'><strong>beneﬁcia</strong></span> <span class='ocrx_word' id='word_1_431' title='bbox 1634 4765 1685 4811; x_wconf 92' lang='lat' dir='ltr'><strong>et</strong></span> <span class='ocrx_word' id='word_1_432' title='bbox 1721 4772 1834 4809; x_wconf 87' lang='lat' dir='ltr'><strong>mu-</strong></span> 
     </span>
    </p>
   </div>
   <div class='ocr_carea' id='block_1_65' title="bbox 299 4845 1839 4909">
    <p class='ocr_par' dir='ltr' id='par_1_65' title="bbox 299 4845 1839 4909">
     <span class='ocr_line' id='line_1_65' title="bbox 299 4845 1839 4909; baseline -0.001 -9"><span class='ocrx_word' id='word_1_433' title='bbox 299 4863 432 4900; x_wconf 89' lang='lat' dir='ltr'><strong>nera</strong></span> <span class='ocrx_word' id='word_1_434' title='bbox 457 4848 820 4905; x_wconf 89' lang='lat' dir='ltr'><strong>didicerimus.</strong></span> <span class='ocrx_word' id='word_1_435' title='bbox 846 4854 901 4898; x_wconf 91' lang='lat' dir='ltr'><strong>et</strong></span> <span class='ocrx_word' id='word_1_436' title='bbox 924 4846 1083 4899; x_wconf 87' lang='lat' dir='ltr'><strong>simul</strong></span> <span class='ocrx_word' id='word_1_437' title='bbox 1112 4846 1272 4900; x_wconf 89' lang='lat' dir='ltr'><strong>etiam</strong></span> <span class='ocrx_word' id='word_1_438' title='bbox 1304 4845 1548 4900; x_wconf 76' lang='lat' dir='ltr'><strong>fruamur</strong></span> <span class='ocrx_word' id='word_1_439' title='bbox 1596 4847 1839 4909; x_wconf 79' lang='lat' dir='ltr'><strong>victoria,</strong></span> 
     </span>
    </p>
   </div>
   <div class='ocr_carea' id='block_1_66' title="bbox 297 4936 1833 5005">
    <p class='ocr_par' dir='ltr' id='par_1_66' title="bbox 297 4936 1833 5005">
     <span class='ocr_line' id='line_1_66' title="bbox 297 4936 1833 5005; baseline -0.001 -14"><span class='ocrx_word' id='word_1_440' title='bbox 297 4954 418 5005; x_wconf 74' lang='lat' dir='ltr'><strong>qu;e</strong></span> <span class='ocrx_word' id='word_1_441' title='bbox 462 4938 618 4990; x_wconf 87' lang='lat' dir='ltr'><strong>nobis</strong></span> <span class='ocrx_word' id='word_1_442' title='bbox 661 4938 727 4991; x_wconf 86' lang='lat' dir='ltr'><strong>ab</strong></span> <span class='ocrx_word' id='word_1_443' title='bbox 762 4936 892 5005; x_wconf 88' lang='lat' dir='ltr'><strong>ipsis</strong></span> <span class='ocrx_word' id='word_1_444' title='bbox 936 4936 1057 4990; x_wconf 82' lang='lat' dir='ltr'><strong>data</strong></span> <span class='ocrx_word' id='word_1_445' title='bbox 1106 4949 1187 4990; x_wconf 88' lang='lat' dir='ltr'><strong>est</strong></span> <span class='ocrx_word' id='word_1_446' title='bbox 1238 4938 1497 4991; x_wconf 83' lang='lat' dir='ltr'><strong>adversus</strong></span> <span class='ocrx_word' id='word_1_447' title='bbox 1551 4937 1833 4991; x_wconf 89' lang='lat' dir='ltr'><strong>inimicos:</strong></span> 
     </span>
    </p>
   </div>
   <div class='ocr_carea' id='block_1_67' title="bbox 1948 3768 3489 3839">
    <p class='ocr_par' dir='ltr' id='par_1_67' title="bbox 1948 3768 3489 3839">
     <span class='ocr_line' id='line_1_67' title="bbox 1948 3768 3489 3839; baseline 0.008 -21"><span class='ocrx_word' id='word_1_448' title='bbox 1948 3768 1990 3819; x_wconf 85' lang='lat' dir='ltr'><strong>si</strong></span> <span class='ocrx_word' id='word_1_449' title='bbox 2022 3769 2098 3819; x_wconf 90' lang='lat' dir='ltr'><strong>sic</strong></span> <span class='ocrx_word' id='word_1_450' title='bbox 2128 3769 2347 3835; x_wconf 84' lang='lat' dir='ltr'><strong>quidem</strong></span> <span class='ocrx_word' id='word_1_451' title='bbox 2396 3768 2561 3823; x_wconf 77' lang='lat' dir='ltr'><strong>fuerit</strong></span> <span class='ocrx_word' id='word_1_452' title='bbox 2596 3788 2905 3839; x_wconf 88' lang='lat' dir='ltr'><strong>persuasus,</strong></span> <span class='ocrx_word' id='word_1_453' title='bbox 2958 3792 3064 3830; x_wconf 88' lang='lat' dir='ltr'><strong>non</strong></span> <span class='ocrx_word' id='word_1_454' title='bbox 3099 3778 3243 3830; x_wconf 84' lang='lat' dir='ltr'><strong>leves</strong></span> <span class='ocrx_word' id='word_1_455' title='bbox 3272 3792 3302 3831; x_wconf 89' lang='lat' dir='ltr'><strong>a</strong></span> <span class='ocrx_word' id='word_1_456' title='bbox 3334 3782 3489 3830; x_wconf 76' lang='lat' dir='ltr'><strong>nobis</strong></span> 
     </span>
    </p>
   </div>
   <div class='ocr_carea' id='block_1_68' title="bbox 1948 3858 3484 3927">
    <p class='ocr_par' dir='ltr' id='par_1_68' title="bbox 1948 3858 3484 3927">
     <span class='ocr_line' id='line_1_68' title="bbox 1948 3858 3484 3927; baseline 0.008 -18"><span class='ocrx_word' id='word_1_457' title='bbox 1948 3858 2181 3913; x_wconf 81' lang='lat' dir='ltr'><strong>honores</strong></span> <span class='ocrx_word' id='word_1_458' title='bbox 2229 3870 2606 3927; x_wconf 85' lang='lat' dir='ltr'><strong>consequetur.</strong></span> <span class='ocrx_word' id='word_1_459' title='bbox 2674 3864 2769 3917; x_wconf 90' lang='lat' dir='ltr'><strong>Sin</strong></span> <span class='ocrx_word' id='word_1_460' title='bbox 2836 3876 3014 3920; x_wconf 87' lang='lat' dir='ltr'><strong>autem</strong></span> <span class='ocrx_word' id='word_1_461' title='bbox 3079 3870 3484 3926; x_wconf 71' lang='lat' dir='ltr'><strong>cautraibserit.</strong></span> 
     </span>
    </p>
   </div>
   <div class='ocr_carea' id='block_1_69' title="bbox 1948 3952 3487 4030">
    <p class='ocr_par' dir='ltr' id='par_1_69' title="bbox 1948 3952 3487 4030">
     <span class='ocr_line' id='line_1_69' title="bbox 1948 3952 3487 4030; baseline 0.006 -26"><span class='ocrx_word' id='word_1_462' title='bbox 1948 3961 2069 4019; x_wconf 87' lang='lat' dir='ltr'><strong>post</strong></span> <span class='ocrx_word' id='word_1_463' title='bbox 2098 3952 2263 4006; x_wconf 89' lang='lat' dir='ltr'><strong>multa</strong></span> <span class='ocrx_word' id='word_1_464' title='bbox 2293 3962 2578 4021; x_wconf 88' lang='lat' dir='ltr'><strong>tormenta,</strong></span> <span class='ocrx_word' id='word_1_465' title='bbox 2612 3971 2741 4011; x_wconf 88' lang='lat' dir='ltr'><strong>ense</strong></span> <span class='ocrx_word' id='word_1_466' title='bbox 2786 3959 2992 4013; x_wconf 86' lang='lat' dir='ltr'><strong>subibit</strong></span> <span class='ocrx_word' id='word_1_467' title='bbox 3016 3962 3363 4030; x_wconf 75' lang='lat' dir='ltr'><strong>supplicium,</strong></span> <span class='ocrx_word' id='word_1_468' title='bbox 3394 3973 3487 4014; x_wconf 83' lang='lat' dir='ltr'><strong>aut</strong></span> 
     </span>
    </p>
   </div>
   <div class='ocr_carea' id='block_1_70' title="bbox 1928 4042 3484 4113">
    <p class='ocr_par' dir='ltr' id='par_1_70' title="bbox 1928 4042 3484 4113">
     <span class='ocr_line' id='line_1_70' title="bbox 1928 4042 3484 4113; baseline 0.008 -22"><span class='ocrx_word' id='word_1_469' title='bbox 1928 4042 1999 4105; x_wconf 87' lang='lat' dir='ltr'><strong>.in</strong></span> <span class='ocrx_word' id='word_1_470' title='bbox 2036 4059 2197 4097; x_wconf 81' lang='lat' dir='ltr'><strong>maris</strong></span> <span class='ocrx_word' id='word_1_471' title='bbox 2216 4044 2542 4111; x_wconf 78' lang='lat' dir='ltr'><strong>profundum</strong></span> <span class='ocrx_word' id='word_1_472' title='bbox 2563 4047 2818 4113; x_wconf 88' lang='lat' dir='ltr'><strong>jacietur.</strong></span> <span class='ocrx_word' id='word_1_473' title='bbox 2850 4060 2945 4103; x_wconf 90' lang='lat' dir='ltr'><strong>aut</strong></span> <span class='ocrx_word' id='word_1_474' title='bbox 2971 4052 3163 4104; x_wconf 88' lang='lat' dir='ltr'><strong>avibus</strong></span> <span class='ocrx_word' id='word_1_475' title='bbox 3183 4065 3234 4103; x_wconf 87' lang='lat' dir='ltr'><strong>et</strong></span> <span class='ocrx_word' id='word_1_476' title='bbox 3259 4052 3484 4104; x_wconf 77' lang='lat' dir='ltr'><strong>canibus</strong></span> 
     </span>
    </p>
   </div>
   <div class='ocr_carea' id='block_1_71' title="bbox 1945 4134 3487 4207">
    <p class='ocr_par' dir='ltr' id='par_1_71' title="bbox 1945 4134 3487 4207">
     <span class='ocr_line' id='line_1_71' title="bbox 1945 4134 3487 4207; baseline 0.005 -22"><span class='ocrx_word' id='word_1_477' title='bbox 1945 4134 2161 4187; x_wconf 86' lang='lat' dir='ltr'><strong>dabitur</strong></span> <span class='ocrx_word' id='word_1_478' title='bbox 2196 4136 2574 4190; x_wconf 78' lang='lat' dir='ltr'><strong>devorandas:</strong></span> <span class='ocrx_word' id='word_1_479' title='bbox 2606 4139 2875 4207; x_wconf 64' lang='lat' dir='ltr'><strong>praecipue</strong></span> <span class='ocrx_word' id='word_1_480' title='bbox 2913 4155 3043 4193; x_wconf 84' lang='lat' dir='ltr'><strong>vero</strong></span> <span class='ocrx_word' id='word_1_481' title='bbox 3071 4142 3112 4192; x_wconf 87' lang='lat' dir='ltr'><strong>si</strong></span> <span class='ocrx_word' id='word_1_482' title='bbox 3148 4141 3352 4193; x_wconf 78' lang='lat' dir='ltr'><strong>fuerint</strong></span> <span class='ocrx_word' id='word_1_483' title='bbox 3405 4142 3487 4193; x_wconf 89' lang='lat' dir='ltr'><strong>in-</strong></span> 
     </span>
    </p>
   </div>
   <div class='ocr_carea' id='block_1_72' title="bbox 1947 4225 3483 4296">
    <p class='ocr_par' dir='ltr' id='par_1_72' title="bbox 1947 4225 3483 4296">
     <span class='ocr_line' id='line_1_72' title="bbox 1947 4225 3483 4296; baseline 0.005 -21"><span class='ocrx_word' id='word_1_484' title='bbox 1947 4225 2090 4277; x_wconf 88' lang='lat' dir='ltr'><strong>venti</strong></span> <span class='ocrx_word' id='word_1_485' title='bbox 2122 4226 2287 4293; x_wconf 88' lang='lat' dir='ltr'><strong>aliqui</strong></span> <span class='ocrx_word' id='word_1_486' title='bbox 2316 4241 2382 4279; x_wconf 78' lang='lat' dir='ltr'><strong>ex</strong></span> <span class='ocrx_word' id='word_1_487' title='bbox 2418 4228 2674 4296; x_wconf 74' lang='lat' dir='ltr'><strong>religione</strong></span> <span class='ocrx_word' id='word_1_488' title='bbox 2702 4228 3151 4283; x_wconf 81' lang='lat' dir='ltr'><strong>Christianorum.</strong></span> <span class='ocrx_word' id='word_1_489' title='bbox 3179 4231 3279 4295; x_wconf 88' lang='lat' dir='ltr'><strong>Qui</strong></span> <span class='ocrx_word' id='word_1_490' title='bbox 3304 4243 3483 4284; x_wconf 77' lang='lat' dir='ltr'><strong>auzem</strong></span> 
     </span>
    </p>
   </div>
   <div class='ocr_carea' id='block_1_73' title="bbox 1947 4311 3485 4377">
    <p class='ocr_par' dir='ltr' id='par_1_73' title="bbox 1947 4311 3485 4377">
     <span class='ocr_line' id='line_1_73' title="bbox 1947 4311 3485 4377; baseline 0.003 -13"><span class='ocrx_word' id='word_1_491' title='bbox 1947 4311 2143 4365; x_wconf 81' lang='lat' dir='ltr'><strong>divinis</strong></span> <span class='ocrx_word' id='word_1_492' title='bbox 2172 4316 2372 4368; x_wconf 81' lang='lat' dir='ltr'><strong>nostris</strong></span> <span class='ocrx_word' id='word_1_493' title='bbox 2397 4316 2629 4371; x_wconf 87' lang='lat' dir='ltr'><strong>decretis</strong></span> <span class='ocrx_word' id='word_1_494' title='bbox 2660 4317 2982 4377; x_wconf 87' lang='lat' dir='ltr'><strong>obedierint.</strong></span> <span class='ocrx_word' id='word_1_495' title='bbox 3018 4320 3277 4373; x_wconf 64' lang='lat' dir='ltr'><strong>maximos</strong></span> <span class='ocrx_word' id='word_1_496' title='bbox 3312 4321 3485 4373; x_wconf 82' lang='lat' dir='ltr'><strong>hono-</strong></span> 
     </span>
    </p>
   </div>
   <div class='ocr_carea' id='block_1_74' title="bbox 1948 4402 3303 4473">
    <p class='ocr_par' dir='ltr' id='par_1_74' title="bbox 1948 4402 3303 4473">
     <span class='ocr_line' id='line_1_74' title="bbox 1948 4402 3303 4473; baseline 0.007 -22"><span class='ocrx_word' id='word_1_497' title='bbox 1948 4416 2032 4453; x_wconf 86' lang='lat' dir='ltr'><strong>res</strong></span> <span class='ocrx_word' id='word_1_498' title='bbox 2059 4411 2114 4455; x_wconf 94' lang='lat' dir='ltr'><strong>et</strong></span> <span class='ocrx_word' id='word_1_499' title='bbox 2144 4402 2285 4456; x_wconf 89' lang='lat' dir='ltr'><strong>dona</strong></span> <span class='ocrx_word' id='word_1_500' title='bbox 2317 4416 2739 4473; x_wconf 90' lang='lat' dir='ltr'><strong>consequentur.</strong></span> <span class='ocrx_word' id='word_1_501' title='bbox 2768 4406 2949 4460; x_wconf 83' lang='lat' dir='ltr'><strong>Valete</strong></span> <span class='ocrx_word' id='word_1_502' title='bbox 2973 4406 3303 4461; x_wconf 76' lang='lat' dir='ltr'><strong>felicissime.</strong></span> 
     </span>
    </p>
   </div>
   <div class='ocr_carea' id='block_1_75' title="bbox 2014 4492 3487 4565">
    <p class='ocr_par' dir='ltr' id='par_1_75' title="bbox 2014 4492 3487 4565">
     <span class='ocr_line' id='line_1_75' title="bbox 2014 4492 3487 4565; baseline 0.007 -21"><span class='ocrx_word' id='word_1_503' title='bbox 2014 4492 2076 4545; x_wconf 92' lang='lat' dir='ltr'><strong>ll.</strong></span> <span class='ocrx_word' id='word_1_504' title='bbox 2120 4493 2402 4561; x_wconf 83' lang='lat' dir='ltr'><strong>Proposito</strong></span> <span class='ocrx_word' id='word_1_505' title='bbox 2438 4512 2565 4565; x_wconf 77' lang='lat' dir='ltr'><strong>ergo</strong></span> <span class='ocrx_word' id='word_1_506' title='bbox 2614 4498 2792 4551; x_wconf 90' lang='lat' dir='ltr'><strong>edicto</strong></span> <span class='ocrx_word' id='word_1_507' title='bbox 2846 4499 3213 4565; x_wconf 90' lang='lat' dir='ltr'><strong>imperatorio,</strong></span> <span class='ocrx_word' id='word_1_508' title='bbox 3267 4511 3487 4555; x_wconf 90' lang='lat' dir='ltr'><strong>contur-</strong></span> 
     </span>
    </p>
   </div>
   <div class='ocr_carea' id='block_1_76' title="bbox 1948 4582 3486 4656">
    <p class='ocr_par' dir='ltr' id='par_1_76' title="bbox 1948 4582 3486 4656">
     <span class='ocr_line' id='line_1_76' title="bbox 1948 4582 3486 4656; baseline 0.01 -23"><span class='ocrx_word' id='word_1_509' title='bbox 1948 4582 2067 4636; x_wconf 87' lang='lat' dir='ltr'><strong>hata</strong></span> <span class='ocrx_word' id='word_1_510' title='bbox 2101 4583 2201 4636; x_wconf 79' lang='lat' dir='ltr'><strong>fuit</strong></span> <span class='ocrx_word' id='word_1_511' title='bbox 2237 4594 2347 4637; x_wconf 88' lang='lat' dir='ltr'><strong>tota</strong></span> <span class='ocrx_word' id='word_1_512' title='bbox 2372 4587 2583 4650; x_wconf 90' lang='lat' dir='ltr'><strong>civitas,</strong></span> <span class='ocrx_word' id='word_1_513' title='bbox 2627 4592 2769 4656; x_wconf 90' lang='lat' dir='ltr'><strong>quod</strong></span> <span class='ocrx_word' id='word_1_514' title='bbox 2803 4592 2856 4643; x_wconf 92' lang='lat' dir='ltr'><strong>in</strong></span> <span class='ocrx_word' id='word_1_515' title='bbox 2894 4598 3001 4644; x_wconf 86' lang='lat' dir='ltr'><strong>tota</strong></span> <span class='ocrx_word' id='word_1_516' title='bbox 3048 4594 3264 4646; x_wconf 82' lang='lat' dir='ltr'><strong>civitate</strong></span> <span class='ocrx_word' id='word_1_517' title='bbox 3298 4595 3486 4648; x_wconf 68' lang='lat' dir='ltr'><strong>fuisset</strong></span> 
     </span>
    </p>
   </div>
   <div class='ocr_carea' id='block_1_77' title="bbox 1945 4676 3481 4746">
    <p class='ocr_par' dir='ltr' id='par_1_77' title="bbox 1945 4676 3481 4746">
     <span class='ocr_line' id='line_1_77' title="bbox 1945 4676 3481 4746; baseline 0.007 -20"><span class='ocrx_word' id='word_1_518' title='bbox 1945 4676 2273 4742; x_wconf 89' lang='lat' dir='ltr'><strong>propositum</strong></span> <span class='ocrx_word' id='word_1_519' title='bbox 2299 4678 2522 4746; x_wconf 87' lang='lat' dir='ltr'><strong>impium</strong></span> <span class='ocrx_word' id='word_1_520' title='bbox 2556 4680 2659 4733; x_wconf 89' lang='lat' dir='ltr'><strong>hoc</strong></span> <span class='ocrx_word' id='word_1_521' title='bbox 2682 4682 2939 4735; x_wconf 87' lang='lat' dir='ltr'><strong>edictum.</strong></span> <span class='ocrx_word' id='word_1_522' title='bbox 2965 4684 3173 4737; x_wconf 79' lang='lat' dir='ltr'><strong>Accidit</strong></span> <span class='ocrx_word' id='word_1_523' title='bbox 3199 4695 3375 4737; x_wconf 86' lang='lat' dir='ltr'><strong>autem</strong></span> <span class='ocrx_word' id='word_1_524' title='bbox 3405 4696 3481 4743; x_wconf 88' lang='lat' dir='ltr'><strong>ut,</strong></span> 
     </span>
    </p>
   </div>
   <div class='ocr_carea' id='block_1_78' title="bbox 1943 4768 3481 4835">
    <p class='ocr_par' dir='ltr' id='par_1_78' title="bbox 1943 4768 3481 4835">
     <span class='ocr_line' id='line_1_78' title="bbox 1943 4768 3481 4835; baseline 0.006 -19"><span class='ocrx_word' id='word_1_525' title='bbox 1943 4779 2063 4817; x_wconf 90' lang='lat' dir='ltr'><strong>cum</strong></span> <span class='ocrx_word' id='word_1_526' title='bbox 2099 4768 2189 4818; x_wconf 90' lang='lat' dir='ltr'><strong>illo</strong></span> <span class='ocrx_word' id='word_1_527' title='bbox 2218 4775 2457 4835; x_wconf 89' lang='lat' dir='ltr'><strong>tempore</strong></span> <span class='ocrx_word' id='word_1_528' title='bbox 2486 4770 2681 4823; x_wconf 85' lang='lat' dir='ltr'><strong>bellum</strong></span> <span class='ocrx_word' id='word_1_529' title='bbox 2706 4771 2893 4824; x_wconf 77' lang='lat' dir='ltr'><strong>fuisset</strong></span> <span class='ocrx_word' id='word_1_530' title='bbox 2924 4788 2951 4824; x_wconf 92' lang='lat' dir='ltr'><strong>a</strong></span> <span class='ocrx_word' id='word_1_531' title='bbox 2993 4772 3244 4826; x_wconf 82' lang='lat' dir='ltr'><strong>Bur&#39;naris</strong></span> <span class='ocrx_word' id='word_1_532' title='bbox 3276 4785 3481 4826; x_wconf 88' lang='lat' dir='ltr'><strong>motum</strong></span> 
     </span>
    </p>
   </div>
   <div class='ocr_carea' id='block_1_79' title="bbox 1943 4857 3481 4928">
    <p class='ocr_par' dir='ltr' id='par_1_79' title="bbox 1943 4857 3481 4928">
     <span class='ocr_line' id='line_1_79' title="bbox 1943 4857 3481 4928; baseline 0.007 -21"><span class='ocrx_word' id='word_1_533' title='bbox 1943 4857 2200 4910; x_wconf 89' lang='lat' dir='ltr'><strong>adversus</strong></span> <span class='ocrx_word' id='word_1_534' title='bbox 2258 4858 2546 4922; x_wconf 78' lang='lat' dir='ltr'><strong>Romanos,</strong></span> <span class='ocrx_word' id='word_1_535' title='bbox 2598 4871 2847 4926; x_wconf 85' lang='lat' dir='ltr'><strong>pararent</strong></span> <span class='ocrx_word' id='word_1_536' title='bbox 2913 4862 3263 4928; x_wconf 88' lang='lat' dir='ltr'><strong>imperatores</strong></span> <span class='ocrx_word' id='word_1_537' title='bbox 3326 4880 3481 4918; x_wconf 65' lang='lat' dir='ltr'><strong>suum</strong></span> 
     </span>
    </p>
   </div>
   <div class='ocr_carea' id='block_1_80' title="bbox 1943 4948 3477 5020">
    <p class='ocr_par' dir='ltr' id='par_1_80' title="bbox 1943 4948 3477 5020">
     <span class='ocr_line' id='line_1_80' title="bbox 1943 4948 3477 5020; baseline 0.007 -23"><span class='ocrx_word' id='word_1_538' title='bbox 1943 4948 2259 5006; x_wconf 77' lang='lat' dir='ltr'><strong>exercitum,</strong></span> <span class='ocrx_word' id='word_1_539' title='bbox 2312 4956 2370 4998; x_wconf 91' lang='lat' dir='ltr'><strong>ut</strong></span> <span class='ocrx_word' id='word_1_540' title='bbox 2415 4948 2531 5001; x_wconf 89' lang='lat' dir='ltr'><strong>acie</strong></span> <span class='ocrx_word' id='word_1_541' title='bbox 2570 4962 2691 5001; x_wconf 91' lang='lat' dir='ltr'><strong>cum</strong></span> <span class='ocrx_word' id='word_1_542' title='bbox 2726 4950 2807 5002; x_wconf 91' lang='lat' dir='ltr'><strong>eis</strong></span> <span class='ocrx_word' id='word_1_543' title='bbox 2834 4949 3203 5018; x_wconf 76' lang='lat' dir='ltr'><strong>conﬂigerent,</strong></span> <span class='ocrx_word' id='word_1_544' title='bbox 3228 4954 3477 5020; x_wconf 72' lang='lat' dir='ltr'><strong>jutentes</strong></span> 
     </span>
    </p>
   </div>
   <div class='ocr_carea' id='block_1_81' title="bbox 298 5014 3475 5105">
    <p class='ocr_par' dir='ltr' id='par_1_81' title="bbox 298 5014 3475 5105">
     <span class='ocr_line' id='line_1_81' title="bbox 298 5014 3475 5105; baseline 0.004 -22"><span class='ocrx_word' id='word_1_545' title='bbox 298 5032 431 5099; x_wconf 88' lang='lat' dir='ltr'><strong>quin</strong></span> <span class='ocrx_word' id='word_1_546' title='bbox 457 5032 619 5084; x_wconf 84' lang='lat' dir='ltr'><strong>etiam</strong></span> <span class='ocrx_word' id='word_1_547' title='bbox 650 5031 796 5084; x_wconf 88' lang='lat' dir='ltr'><strong>aeris</strong></span> <span class='ocrx_word' id='word_1_548' title='bbox 830 5031 1235 5098; x_wconf 86' lang='lat' dir='ltr'><strong>temperatione,</strong></span> <span class='ocrx_word' id='word_1_549' title='bbox 1265 5039 1321 5084; x_wconf 90' lang='lat' dir='ltr'><strong>et</strong></span> <span class='ocrx_word' id='word_1_550' title='bbox 1343 5045 1501 5085; x_wconf 91' lang='lat' dir='ltr'><strong>omne</strong></span> <span class='ocrx_word' id='word_1_551' title='bbox 1529 5046 1698 5100; x_wconf 73' lang='lat' dir='ltr'><strong>genus</strong></span> <span class='ocrx_word' id='word_1_552' title='bbox 1725 5030 1835 5084; x_wconf 79' lang='lat' dir='ltr'><strong>iru—</strong></span> <span class='ocrx_word' id='word_1_553' title='bbox 1870 5014 1912 5067; x_wconf 79' lang='grc' dir='ltr'><strong>Ῑ)</strong></span> <span class='ocrx_word' id='word_1_554' title='bbox 1945 5038 2179 5089; x_wconf 87' lang='lat' dir='ltr'><strong>numeris</strong></span> <span class='ocrx_word' id='word_1_555' title='bbox 2211 5037 2460 5097; x_wconf 90' lang='lat' dir='ltr'><strong>militum,</strong></span> <span class='ocrx_word' id='word_1_556' title='bbox 2488 5038 2579 5105; x_wconf 91' lang='lat' dir='ltr'><strong>qui</strong></span> <span class='ocrx_word' id='word_1_557' title='bbox 2610 5047 2765 5091; x_wconf 83' lang='lat' dir='ltr'><strong>erant</strong></span> <span class='ocrx_word' id='word_1_558' title='bbox 2799 5039 2851 5090; x_wconf 92' lang='lat' dir='ltr'><strong>in</strong></span> <span class='ocrx_word' id='word_1_559' title='bbox 2875 5014 3126 5094; x_wconf 78' lang='lat' dir='ltr'><strong>omnibus</strong></span> <span class='ocrx_word' id='word_1_560' title='bbox 3146 5014 3475 5103; x_wconf 62' lang='lat' dir='ltr'><strong>civitatibus,</strong></span> 
     </span>
    </p>
   </div>
   <div class='ocr_carea' id='block_1_82' title="bbox 298 5122 1834 5192">
    <p class='ocr_par' dir='ltr' id='par_1_82' title="bbox 298 5122 1834 5192">
     <span class='ocr_line' id='line_1_82' title="bbox 298 5122 1834 5192; baseline 0 -17"><span class='ocrx_word' id='word_1_561' title='bbox 298 5134 483 5175; x_wconf 89' lang='lat' dir='ltr'><strong>ctuum</strong></span> <span class='ocrx_word' id='word_1_562' title='bbox 512 5122 859 5175; x_wconf 86' lang='lat' dir='ltr'><strong>abundantia.</strong></span> <span class='ocrx_word' id='word_1_563' title='bbox 891 5124 1023 5175; x_wconf 79' lang='lat' dir='ltr'><strong>Cum</strong></span> <span class='ocrx_word' id='word_1_564' title='bbox 1051 5138 1143 5176; x_wconf 87' lang='lat' dir='ltr'><strong>cos</strong></span> <span class='ocrx_word' id='word_1_565' title='bbox 1171 5136 1299 5192; x_wconf 77' lang='lat' dir='ltr'><strong>ergo</strong></span> <span class='ocrx_word' id='word_1_566' title='bbox 1332 5122 1687 5177; x_wconf 89' lang='lat' dir='ltr'><strong>didicerimus</strong></span> <span class='ocrx_word' id='word_1_567' title='bbox 1715 5136 1834 5175; x_wconf 86' lang='lat' dir='ltr'><strong>esse</strong></span> 
     </span>
    </p>
   </div>
   <div class='ocr_carea' id='block_1_83' title="bbox 301 5214 1835 5282">
    <p class='ocr_par' dir='ltr' id='par_1_83' title="bbox 301 5214 1835 5282">
     <span class='ocr_line' id='line_1_83' title="bbox 301 5214 1835 5282; baseline -0.002 -15"><span class='ocrx_word' id='word_1_568' title='bbox 301 5214 672 5267; x_wconf 81' lang='lat' dir='ltr'><strong>benefactores</strong></span> <span class='ocrx_word' id='word_1_569' title='bbox 702 5223 755 5267; x_wconf 86' lang='lat' dir='ltr'><strong>et</strong></span> <span class='ocrx_word' id='word_1_570' title='bbox 782 5228 845 5267; x_wconf 90' lang='lat' dir='ltr'><strong>ea</strong></span> <span class='ocrx_word' id='word_1_571' title='bbox 899 5214 1241 5280; x_wconf 88' lang='lat' dir='ltr'><strong>suppeditare</strong></span> <span class='ocrx_word' id='word_1_572' title='bbox 1270 5229 1387 5282; x_wconf 71' lang='lat' dir='ltr'><strong>qua:</strong></span> <span class='ocrx_word' id='word_1_573' title='bbox 1429 5223 1556 5267; x_wconf 90' lang='lat' dir='ltr'><strong>sunt</strong></span> <span class='ocrx_word' id='word_1_574' title='bbox 1587 5215 1639 5266; x_wconf 92' lang='lat' dir='ltr'><strong>in</strong></span> <span class='ocrx_word' id='word_1_575' title='bbox 1684 5228 1835 5266; x_wconf 78' lang='lat' dir='ltr'><strong>com-</strong></span> 
     </span>
    </p>
   </div>
   <div class='ocr_carea' id='block_1_84' title="bbox 300 5304 1832 5365">
    <p class='ocr_par' dir='ltr' id='par_1_84' title="bbox 300 5304 1832 5365">
     <span class='ocr_line' id='line_1_84' title="bbox 300 5304 1832 5365; baseline -0.001 -8"><span class='ocrx_word' id='word_1_576' title='bbox 300 5320 459 5358; x_wconf 85' lang='lat' dir='ltr'><strong>mune</strong></span> <span class='ocrx_word' id='word_1_577' title='bbox 492 5306 640 5358; x_wconf 82' lang='lat' dir='ltr'><strong>utilia</strong></span> <span class='ocrx_word' id='word_1_578' title='bbox 673 5323 683 5356; x_wconf 89' lang='lat'><strong>:</strong></span> <span class='ocrx_word' id='word_1_579' title='bbox 715 5319 777 5357; x_wconf 82' lang='lat' dir='ltr'><strong>ea</strong></span> <span class='ocrx_word' id='word_1_580' title='bbox 802 5305 868 5357; x_wconf 91' lang='lat' dir='ltr'><strong>de</strong></span> <span class='ocrx_word' id='word_1_581' title='bbox 897 5318 1057 5357; x_wconf 85' lang='lat' dir='ltr'><strong>causa</strong></span> <span class='ocrx_word' id='word_1_582' title='bbox 1087 5320 1195 5358; x_wconf 89' lang='lat' dir='ltr'><strong>uno</strong></span> <span class='ocrx_word' id='word_1_583' title='bbox 1224 5305 1442 5358; x_wconf 89' lang='lat' dir='ltr'><strong>decreto</strong></span> <span class='ocrx_word' id='word_1_584' title='bbox 1470 5304 1832 5365; x_wconf 87' lang='lat' dir='ltr'><strong>decernimus,</strong></span> 
     </span>
    </p>
   </div>
   <div class='ocr_carea' id='block_1_85' title="bbox 300 5394 1833 5459">
    <p class='ocr_par' dir='ltr' id='par_1_85' title="bbox 300 5394 1833 5459">
     <span class='ocr_line' id='line_1_85' title="bbox 300 5394 1833 5459; baseline -0.005 -9"><span class='ocrx_word' id='word_1_585' title='bbox 300 5408 360 5450; x_wconf 89' lang='lat' dir='ltr'><strong>ut</strong></span> <span class='ocrx_word' id='word_1_586' title='bbox 387 5398 566 5449; x_wconf 90' lang='lat' dir='ltr'><strong>omnis</strong></span> <span class='ocrx_word' id='word_1_587' title='bbox 591 5396 829 5449; x_wconf 88' lang='lat' dir='ltr'><strong>conditio</strong></span> <span class='ocrx_word' id='word_1_588' title='bbox 859 5396 1152 5449; x_wconf 90' lang='lat' dir='ltr'><strong>liberorum</strong></span> <span class='ocrx_word' id='word_1_589' title='bbox 1189 5405 1243 5448; x_wconf 92' lang='lat' dir='ltr'><strong>et</strong></span> <span class='ocrx_word' id='word_1_590' title='bbox 1270 5409 1570 5459; x_wconf 87' lang='lat' dir='ltr'><strong>servorum,</strong></span> <span class='ocrx_word' id='word_1_591' title='bbox 1603 5394 1833 5446; x_wconf 91' lang='lat' dir='ltr'><strong>militum</strong></span> 
     </span>
    </p>
   </div>
   <div class='ocr_carea' id='block_1_86' title="bbox 296 5484 1839 5553">
    <p class='ocr_par' dir='ltr' id='par_1_86' title="bbox 296 5484 1839 5553">
     <span class='ocr_line' id='line_1_86' title="bbox 296 5484 1839 5553; baseline -0.002 -15"><span class='ocrx_word' id='word_1_592' title='bbox 296 5497 353 5538; x_wconf 88' lang='lat' dir='ltr'><strong>et</strong></span> <span class='ocrx_word' id='word_1_593' title='bbox 405 5488 753 5553; x_wconf 89' lang='lat' dir='ltr'><strong>privatorum,</strong></span> <span class='ocrx_word' id='word_1_594' title='bbox 801 5485 905 5537; x_wconf 91' lang='lat' dir='ltr'><strong>diis</strong></span> <span class='ocrx_word' id='word_1_595' title='bbox 952 5485 1223 5553; x_wconf 79' lang='lat' dir='ltr'><strong>expiantia</strong></span> <span class='ocrx_word' id='word_1_596' title='bbox 1283 5486 1513 5539; x_wconf 75' lang='lat' dir='ltr'><strong>oﬁ‘crant</strong></span> <span class='ocrx_word' id='word_1_597' title='bbox 1559 5484 1839 5548; x_wconf 87' lang='lat' dir='ltr'><strong>sacriﬁcia,</strong></span> 
     </span>
    </p>
   </div>
   <div class='ocr_carea' id='block_1_87' title="bbox 299 5574 1842 5643">
    <p class='ocr_par' dir='ltr' id='par_1_87' title="bbox 299 5574 1842 5643">
     <span class='ocr_line' id='line_1_87' title="bbox 299 5574 1842 5643; baseline -0.002 -15"><span class='ocrx_word' id='word_1_598' title='bbox 299 5577 640 5643; x_wconf 86' lang='lat' dir='ltr'><strong>procidentes</strong></span> <span class='ocrx_word' id='word_1_599' title='bbox 665 5586 720 5628; x_wconf 87' lang='lat' dir='ltr'><strong>et</strong></span> <span class='ocrx_word' id='word_1_600' title='bbox 757 5576 1140 5643; x_wconf 75' lang='lat' dir='ltr'><strong>supplicantes.</strong></span> <span class='ocrx_word' id='word_1_601' title='bbox 1175 5576 1227 5629; x_wconf 89' lang='lat' dir='ltr'><strong>Si</strong></span> <span class='ocrx_word' id='word_1_602' title='bbox 1256 5576 1376 5643; x_wconf 88' lang='lat' dir='ltr'><strong>quis</strong></span> <span class='ocrx_word' id='word_1_603' title='bbox 1404 5584 1581 5628; x_wconf 84' lang='lat' dir='ltr'><strong>autem</strong></span> <span class='ocrx_word' id='word_1_604' title='bbox 1613 5574 1842 5627; x_wconf 88' lang='lat' dir='ltr'><strong>voluerit</strong></span> 
     </span>
    </p>
   </div>
   <div class='ocr_carea' id='block_1_88' title="bbox 299 5666 1837 5735">
    <p class='ocr_par' dir='ltr' id='par_1_88' title="bbox 299 5666 1837 5735">
     <span class='ocr_line' id='line_1_88' title="bbox 299 5666 1837 5735; baseline 0.001 -18"><span class='ocrx_word' id='word_1_605' title='bbox 299 5667 541 5718; x_wconf 82' lang='lat' dir='ltr'><strong>divinum</strong></span> <span class='ocrx_word' id='word_1_606' title='bbox 596 5675 836 5718; x_wconf 89' lang='lat' dir='ltr'><strong>nostrqu</strong></span> <span class='ocrx_word' id='word_1_607' title='bbox 884 5669 1088 5735; x_wconf 85' lang='lat' dir='ltr'><strong>jussum</strong></span> <span class='ocrx_word' id='word_1_608' title='bbox 1143 5668 1362 5725; x_wconf 79' lang='lat' dir='ltr'><strong>violare,</strong></span> <span class='ocrx_word' id='word_1_609' title='bbox 1426 5670 1516 5733; x_wconf 89' lang='lat' dir='ltr'><strong>qui</strong></span> <span class='ocrx_word' id='word_1_610' title='bbox 1567 5666 1837 5719; x_wconf 88' lang='lat' dir='ltr'><strong>communi</strong></span> 
     </span>
    </p>
   </div>
   <div class='ocr_carea' id='block_1_89' title="bbox 298 5756 1840 5826">
    <p class='ocr_par' dir='ltr' id='par_1_89' title="bbox 298 5756 1840 5826">
     <span class='ocr_line' id='line_1_89' title="bbox 298 5756 1840 5826; baseline -0.001 -17"><span class='ocrx_word' id='word_1_611' title='bbox 298 5758 565 5809; x_wconf 71' lang='lat' dir='ltr'><strong>sententia</strong></span> <span class='ocrx_word' id='word_1_612' title='bbox 603 5767 681 5809; x_wconf 90' lang='lat' dir='ltr'><strong>est</strong></span> <span class='ocrx_word' id='word_1_613' title='bbox 709 5772 735 5809; x_wconf 87' lang='lat' dir='ltr'><strong>a</strong></span> <span class='ocrx_word' id='word_1_614' title='bbox 766 5757 918 5810; x_wconf 84' lang='lat' dir='ltr'><strong>nobis</strong></span> <span class='ocrx_word' id='word_1_615' title='bbox 953 5759 1243 5826; x_wconf 66' lang='lat' dir='ltr'><strong>CXpnsillIS,</strong></span> <span class='ocrx_word' id='word_1_616' title='bbox 1276 5772 1395 5809; x_wconf 90' lang='lat' dir='ltr'><strong>cum</strong></span> <span class='ocrx_word' id='word_1_617' title='bbox 1429 5756 1676 5826; x_wconf 73' lang='lat' dir='ltr'><strong>jubemus</strong></span> <span class='ocrx_word' id='word_1_618' title='bbox 1708 5771 1840 5809; x_wconf 88' lang='lat' dir='ltr'><strong>con-</strong></span> 
     </span>
    </p>
   </div>
   <div class='ocr_carea' id='block_1_90' title="bbox 1934 5128 3475 5197">
    <p class='ocr_par' dir='ltr' id='par_1_90' title="bbox 1934 5128 3475 5197">
     <span class='ocr_line' id='line_1_90' title="bbox 1934 5128 3475 5197; baseline 0.003 -18"><span class='ocrx_word' id='word_1_619' title='bbox 1934 5137 1992 5179; x_wconf 92' lang='lat' dir='ltr'><strong>ut</strong></span> <span class='ocrx_word' id='word_1_620' title='bbox 2024 5128 2334 5181; x_wconf 90' lang='lat' dir='ltr'><strong>venirentin</strong></span> <span class='ocrx_word' id='word_1_621' title='bbox 2368 5128 2643 5181; x_wconf 74' lang='lat' dir='ltr'><strong>auxilium.</strong></span> <span class='ocrx_word' id='word_1_622' title='bbox 2677 5128 2750 5181; x_wconf 80' lang='lat' dir='ltr'><strong>Ex</strong></span> <span class='ocrx_word' id='word_1_623' title='bbox 2784 5129 2849 5182; x_wconf 85' lang='lat' dir='ltr'><strong>iis</strong></span> <span class='ocrx_word' id='word_1_624' title='bbox 2877 5140 3077 5192; x_wconf 89' lang='lat' dir='ltr'><strong>autem,</strong></span> <span class='ocrx_word' id='word_1_625' title='bbox 3121 5130 3212 5197; x_wconf 92' lang='lat' dir='ltr'><strong>qui</strong></span> <span class='ocrx_word' id='word_1_626' title='bbox 3246 5130 3313 5182; x_wconf 91' lang='lat' dir='ltr'><strong>ab</strong></span> <span class='ocrx_word' id='word_1_627' title='bbox 3345 5147 3475 5183; x_wconf 85' lang='lat' dir='ltr'><strong>uua-</strong></span> 
     </span>
    </p>
   </div>
   <div class='ocr_carea' id='block_1_91' title="bbox 1935 5216 3477 5283">
    <p class='ocr_par' dir='ltr' id='par_1_91' title="bbox 1935 5216 3477 5283">
     <span class='ocr_line' id='line_1_91' title="bbox 1935 5216 3477 5283; baseline 0.003 -16"><span class='ocrx_word' id='word_1_628' title='bbox 1935 5231 2146 5283; x_wconf 89' lang='lat' dir='ltr'><strong>quaque</strong></span> <span class='ocrx_word' id='word_1_629' title='bbox 2172 5218 2390 5269; x_wconf 82' lang='lat' dir='ltr'><strong>civitate</strong></span> <span class='ocrx_word' id='word_1_630' title='bbox 2428 5226 2479 5269; x_wconf 90' lang='lat' dir='ltr'><strong>et</strong></span> <span class='ocrx_word' id='word_1_631' title='bbox 2515 5218 2729 5283; x_wconf 80' lang='lat' dir='ltr'><strong>regione</strong></span> <span class='ocrx_word' id='word_1_632' title='bbox 2760 5216 3051 5270; x_wconf 90' lang='lat' dir='ltr'><strong>veniebant</strong></span> <span class='ocrx_word' id='word_1_633' title='bbox 3078 5217 3144 5268; x_wconf 91' lang='lat' dir='ltr'><strong>ad</strong></span> <span class='ocrx_word' id='word_1_634' title='bbox 3187 5219 3330 5271; x_wconf 88' lang='lat' dir='ltr'><strong>hunc</strong></span> <span class='ocrx_word' id='word_1_635' title='bbox 3358 5220 3439 5272; x_wconf 85' lang='lat' dir='ltr'><strong>hei</strong></span> <span class='ocrx_word' id='word_1_636' title='bbox 3466 5221 3477 5271; x_wconf 93' lang='lat' dir='ltr'><strong>i</strong></span> 
     </span>
    </p>
   </div>
   <div class='ocr_carea' id='block_1_92' title="bbox 1935 5306 3473 5375">
    <p class='ocr_par' dir='ltr' id='par_1_92' title="bbox 1935 5306 3473 5375">
     <span class='ocr_line' id='line_1_92' title="bbox 1935 5306 3473 5375; baseline 0.001 -17"><span class='ocrx_word' id='word_1_637' title='bbox 1935 5316 2268 5374; x_wconf 85' lang='lat' dir='ltr'><strong>apparatum,</strong></span> <span class='ocrx_word' id='word_1_638' title='bbox 2294 5307 2440 5360; x_wconf 87' lang='lat' dir='ltr'><strong>venit</strong></span> <span class='ocrx_word' id='word_1_639' title='bbox 2462 5307 2624 5360; x_wconf 90' lang='lat' dir='ltr'><strong>ctiam</strong></span> <span class='ocrx_word' id='word_1_640' title='bbox 2650 5306 2789 5375; x_wconf 77' lang='lat' dir='ltr'><strong>legio</strong></span> <span class='ocrx_word' id='word_1_641' title='bbox 2818 5320 3006 5359; x_wconf 88' lang='lat' dir='ltr'><strong>eorum</strong></span> <span class='ocrx_word' id='word_1_642' title='bbox 3031 5307 3121 5375; x_wconf 90' lang='lat' dir='ltr'><strong>qui</strong></span> <span class='ocrx_word' id='word_1_643' title='bbox 3153 5307 3473 5361; x_wconf 81' lang='lat' dir='ltr'><strong>dicebantur</strong></span> 
     </span>
    </p>
   </div>
   <div class='ocr_carea' id='block_1_93' title="bbox 1933 5396 3480 5467">
    <p class='ocr_par' dir='ltr' id='par_1_93' title="bbox 1933 5396 3480 5467">
     <span class='ocr_line' id='line_1_93' title="bbox 1933 5396 3480 5467; baseline 0.001 -20"><span class='ocrx_word' id='word_1_644' title='bbox 1933 5396 2227 5449; x_wconf 69' lang='grc' dir='ltr'>Μαι-ωηερε</span> <span class='ocrx_word' id='word_1_645' title='bbox 2265 5397 2362 5465; x_wconf 70' lang='lat' dir='ltr'><strong>[aL</strong></span> <span class='ocrx_word' id='word_1_646' title='bbox 2396 5396 2723 5467; x_wconf 82' lang='lat' dir='ltr'><strong>Fretenscs],</strong></span> <span class='ocrx_word' id='word_1_647' title='bbox 2757 5399 2849 5465; x_wconf 89' lang='lat' dir='ltr'><strong>qui</strong></span> <span class='ocrx_word' id='word_1_648' title='bbox 2893 5407 3017 5449; x_wconf 90' lang='lat' dir='ltr'><strong>sunt</strong></span> <span class='ocrx_word' id='word_1_649' title='bbox 3050 5397 3150 5451; x_wconf 86' lang='lat' dir='ltr'><strong>sub</strong></span> <span class='ocrx_word' id='word_1_650' title='bbox 3173 5399 3344 5465; x_wconf 89' lang='lat' dir='ltr'><strong>prima</strong></span> <span class='ocrx_word' id='word_1_651' title='bbox 3378 5400 3480 5449; x_wconf 84' lang='lat' dir='ltr'><strong>Ar-</strong></span> 
     </span>
    </p>
   </div>
   <div class='ocr_carea' id='block_1_94' title="bbox 1939 5484 3479 5552">
    <p class='ocr_par' dir='ltr' id='par_1_94' title="bbox 1939 5484 3479 5552">
     <span class='ocr_line' id='line_1_94' title="bbox 1939 5484 3479 5552; baseline 0.002 -16"><span class='ocrx_word' id='word_1_652' title='bbox 1939 5486 2140 5545; x_wconf 89' lang='lat' dir='ltr'><strong>menia,</strong></span> <span class='ocrx_word' id='word_1_653' title='bbox 2172 5486 2273 5536; x_wconf 89' lang='lat' dir='ltr'><strong>sub</strong></span> <span class='ocrx_word' id='word_1_654' title='bbox 2307 5486 2524 5537; x_wconf 91' lang='lat' dir='ltr'><strong>tribuno</strong></span> <span class='ocrx_word' id='word_1_655' title='bbox 2554 5487 2771 5538; x_wconf 89' lang='lat' dir='ltr'><strong>nomine</strong></span> <span class='ocrx_word' id='word_1_656' title='bbox 2802 5484 3114 5537; x_wconf 89' lang='lat' dir='ltr'><strong>Saturnino.</strong></span> <span class='ocrx_word' id='word_1_657' title='bbox 3153 5486 3479 5552; x_wconf 77' lang='lat' dir='ltr'><strong>Egrediente</strong></span> 
     </span>
    </p>
   </div>
   <div class='ocr_carea' id='block_1_95' title="bbox 1940 5573 3473 5641">
    <p class='ocr_par' dir='ltr' id='par_1_95' title="bbox 1940 5573 3473 5641">
     <span class='ocr_line' id='line_1_95' title="bbox 1940 5573 3473 5641; baseline 0 -14"><span class='ocrx_word' id='word_1_658' title='bbox 1940 5587 2117 5628; x_wconf 86' lang='lat' dir='ltr'><strong>autem</strong></span> <span class='ocrx_word' id='word_1_659' title='bbox 2154 5576 2217 5625; x_wconf 89' lang='lat' dir='ltr'><strong>ad</strong></span> <span class='ocrx_word' id='word_1_660' title='bbox 2249 5575 2444 5626; x_wconf 84' lang='lat' dir='ltr'><strong>bellum</strong></span> <span class='ocrx_word' id='word_1_661' title='bbox 2472 5575 2652 5633; x_wconf 88' lang='lat' dir='ltr'><strong>Decio,</strong></span> <span class='ocrx_word' id='word_1_662' title='bbox 2676 5573 2903 5641; x_wconf 79' lang='lat' dir='ltr'><strong>degebat</strong></span> <span class='ocrx_word' id='word_1_663' title='bbox 2931 5574 3110 5627; x_wconf 80' lang='lat' dir='ltr'><strong>Roma:</strong></span> <span class='ocrx_word' id='word_1_664' title='bbox 3139 5575 3473 5628; x_wconf 72' lang='lat' dir='ltr'><strong>Valerianus.</strong></span> 
     </span>
    </p>
   </div>
   <div class='ocr_carea' id='block_1_96' title="bbox 1939 5664 3476 5732">
    <p class='ocr_par' dir='ltr' id='par_1_96' title="bbox 1939 5664 3476 5732">
     <span class='ocr_line' id='line_1_96' title="bbox 1939 5664 3476 5732; baseline -0.001 -15"><span class='ocrx_word' id='word_1_665' title='bbox 1939 5664 2238 5717; x_wconf 70' lang='lat' dir='ltr'><strong>Commisso</strong></span> <span class='ocrx_word' id='word_1_666' title='bbox 2274 5680 2399 5714; x_wconf 78' lang='lat' dir='ltr'><strong>vero</strong></span> <span class='ocrx_word' id='word_1_667' title='bbox 2433 5665 2572 5716; x_wconf 89' lang='lat' dir='ltr'><strong>inter</strong></span> <span class='ocrx_word' id='word_1_668' title='bbox 2601 5666 2869 5715; x_wconf 77' lang='lat' dir='ltr'><strong>Romanos</strong></span> <span class='ocrx_word' id='word_1_669' title='bbox 2903 5672 2957 5717; x_wconf 90' lang='lat' dir='ltr'><strong>et</strong></span> <span class='ocrx_word' id='word_1_670' title='bbox 2986 5664 3247 5715; x_wconf 72' lang='lat' dir='ltr'><strong>Barbaros</strong></span> <span class='ocrx_word' id='word_1_671' title='bbox 3276 5669 3476 5732; x_wconf 74' lang='lat' dir='ltr'><strong>pra&#39;lio,</strong></span> 
     </span>
    </p>
   </div>
   <div class='ocr_carea' id='block_1_97' title="bbox 1943 5756 3478 5823">
    <p class='ocr_par' dir='ltr' id='par_1_97' title="bbox 1943 5756 3478 5823">
     <span class='ocr_line' id='line_1_97' title="bbox 1943 5756 3478 5823; baseline 0.002 -18"><span class='ocrx_word' id='word_1_672' title='bbox 1943 5756 2153 5807; x_wconf 74' lang='lat' dir='ltr'><strong>duravit</strong></span> <span class='ocrx_word' id='word_1_673' title='bbox 2190 5757 2469 5807; x_wconf 71' lang='lat' dir='ltr'><strong>conﬂictus</strong></span> <span class='ocrx_word' id='word_1_674' title='bbox 2518 5757 2672 5823; x_wconf 79' lang='lat' dir='ltr'><strong>longo</strong></span> <span class='ocrx_word' id='word_1_675' title='bbox 2723 5766 2980 5822; x_wconf 79' lang='lat' dir='ltr'><strong>tempore.</strong></span> <span class='ocrx_word' id='word_1_676' title='bbox 3036 5756 3478 5808; x_wconf 77' lang='lat' dir='ltr'><strong>Permancnlibns</strong></span> 
     </span>
    </p>
   </div>
  </div>
