  <div class='ocr_page' id='page_1' title='image "/cluster/home/n/w/nwhite01/storage/ocr_20150623/116/nnc1.0046980156/155.png"; bbox 0 0 4270 6428; ppageno 0'>
   <div class='ocr_carea' id='block_1_1' title="bbox 773 363 872 426">
    <p class='ocr_par' dir='ltr' id='par_1_1' title="bbox 773 363 872 426">
     <span class='ocr_line' id='line_1_1' title="bbox 773 363 872 426; baseline -0.04 1"><span class='ocrx_word' id='word_1_1' title='bbox 773 363 872 426; x_wconf 65' lang='lat' dir='ltr'><strong>TN</strong></span> 
     </span>
    </p>
   </div>
   <div class='ocr_carea' id='block_1_2' title="bbox 1985 357 2736 423">
    <p class='ocr_par' dir='ltr' id='par_1_2' title="bbox 1985 357 2736 423">
     <span class='ocr_line' id='line_1_2' title="bbox 1985 357 2736 423; baseline -0.001 0"><span class='ocrx_word' id='word_1_2' title='bbox 1985 357 2263 423; x_wconf 79' lang='lat' dir='ltr'><strong>MENSIS</strong></span> <span class='ocrx_word' id='word_1_3' title='bbox 2300 363 2736 422; x_wconf 73' lang='lat' dir='ltr'><strong>NOVEMBER.</strong></span> 
     </span>
    </p>
   </div>
   <div class='ocr_carea' id='block_1_3' title="bbox 3874 367 3984 430">
    <p class='ocr_par' dir='ltr' id='par_1_3' title="bbox 3874 367 3984 430">
     <span class='ocr_line' id='line_1_3' title="bbox 3874 367 3984 430; baseline 0.027 -3"><span class='ocrx_word' id='word_1_4' title='bbox 3874 367 3984 430; x_wconf 77' lang='lat'><strong>27‘2</strong></span> 
     </span>
    </p>
   </div>
   <div class='ocr_carea' id='block_1_4' title="bbox 770 472 3987 544">
    <p class='ocr_par' dir='ltr' id='par_1_4' title="bbox 770 472 3987 544">
     <span class='ocr_line' id='line_1_4' title="bbox 770 472 3987 544; baseline 0.001 -13"><span class='ocrx_word' id='word_1_5' title='bbox 770 490 949 531; x_wconf 85' lang='lat' dir='ltr'><strong>autem</strong></span> <span class='ocrx_word' id='word_1_6' title='bbox 990 479 1054 530; x_wconf 82' lang='lat' dir='ltr'><strong>iis</strong></span> <span class='ocrx_word' id='word_1_7' title='bbox 1085 479 1136 529; x_wconf 89' lang='lat' dir='ltr'><strong>in</strong></span> <span class='ocrx_word' id='word_1_8' title='bbox 1185 477 1269 528; x_wconf 77' lang='lat' dir='ltr'><strong>ille</strong></span> <span class='ocrx_word' id='word_1_9' title='bbox 1308 476 1706 540; x_wconf 72' lang='lat' dir='ltr'><strong>congressione,</strong></span> <span class='ocrx_word' id='word_1_10' title='bbox 1743 476 1993 542; x_wconf 85' lang='lat' dir='ltr'><strong>apparuit</strong></span> <span class='ocrx_word' id='word_1_11' title='bbox 2039 475 2175 529; x_wconf 81' lang='lat' dir='ltr'><strong>visio</strong></span> <span class='ocrx_word' id='word_1_12' title='bbox 2205 475 2393 534; x_wconf 68' lang='lat' dir='ltr'><strong>cui.,\</strong></span> <span class='ocrx_word' id='word_1_13' title='bbox 2423 488 2580 526; x_wconf 85' lang='lat' dir='ltr'><strong>suum</strong></span> <span class='ocrx_word' id='word_1_14' title='bbox 2634 472 2968 542; x_wconf 66' lang='lat' dir='ltr'><strong>pratorium.</strong></span> <span class='ocrx_word' id='word_1_15' title='bbox 3020 474 3251 540; x_wconf 82' lang='lat' dir='ltr'><strong>Quidam</strong></span> <span class='ocrx_word' id='word_1_16' title='bbox 3309 485 3490 529; x_wconf 88' lang='lat' dir='ltr'><strong>autem</strong></span> <span class='ocrx_word' id='word_1_17' title='bbox 3546 491 3610 529; x_wconf 77' lang='lat' dir='ltr'><strong>ex</strong></span> <span class='ocrx_word' id='word_1_18' title='bbox 3668 481 3987 544; x_wconf 84' lang='lat' dir='ltr'><strong>proceribus</strong></span> 
     </span>
    </p>
   </div>
   <div class='ocr_carea' id='block_1_5' title="bbox 774 564 2319 636">
    <p class='ocr_par' dir='ltr' id='par_1_5' title="bbox 774 564 2319 636">
     <span class='ocr_line' id='line_1_5' title="bbox 774 564 2319 636; baseline -0.001 -17"><span class='ocrx_word' id='word_1_19' title='bbox 774 571 896 621; x_wconf 82' lang='lat' dir='ltr'><strong>dam</strong></span> <span class='ocrx_word' id='word_1_20' title='bbox 924 583 986 620; x_wconf 81' lang='lat' dir='ltr'><strong>ex</strong></span> <span class='ocrx_word' id='word_1_21' title='bbox 1034 569 1239 636; x_wconf 77' lang='lat' dir='ltr'><strong>legione</strong></span> <span class='ocrx_word' id='word_1_22' title='bbox 1281 565 1648 630; x_wconf 75' lang='lat' dir='ltr'><strong>Martensium,</strong></span> <span class='ocrx_word' id='word_1_23' title='bbox 1698 567 1791 633; x_wconf 87' lang='lat' dir='ltr'><strong>qui</strong></span> <span class='ocrx_word' id='word_1_24' title='bbox 1843 573 1968 618; x_wconf 90' lang='lat' dir='ltr'><strong>sunt</strong></span> <span class='ocrx_word' id='word_1_25' title='bbox 2013 564 2114 618; x_wconf 88' lang='lat' dir='ltr'><strong>sub</strong></span> <span class='ocrx_word' id='word_1_26' title='bbox 2151 567 2319 633; x_wconf 88' lang='lat' dir='ltr'><strong>prima</strong></span> 
     </span>
    </p>
   </div>
   <div class='ocr_carea' id='block_1_6' title="bbox 781 655 2321 726">
    <p class='ocr_par' dir='ltr' id='par_1_6' title="bbox 781 655 2321 726">
     <span class='ocr_line' id='line_1_6' title="bbox 781 655 2321 726; baseline -0.003 -14"><span class='ocrx_word' id='word_1_27' title='bbox 781 662 1060 721; x_wconf 78' lang='lat' dir='ltr'><strong>Armenia,</strong></span> <span class='ocrx_word' id='word_1_28' title='bbox 1096 661 1314 711; x_wconf 84' lang='lat' dir='ltr'><strong>nomine</strong></span> <span class='ocrx_word' id='word_1_29' title='bbox 1342 656 1641 720; x_wconf 80' lang='lat' dir='ltr'><strong>Mercurio;</strong></span> <span class='ocrx_word' id='word_1_30' title='bbox 1670 656 1940 726; x_wconf 83' lang='lat' dir='ltr'><strong>apparuit,</strong></span> <span class='ocrx_word' id='word_1_31' title='bbox 1971 656 2208 722; x_wconf 80' lang='lat' dir='ltr'><strong>inquam,</strong></span> <span class='ocrx_word' id='word_1_32' title='bbox 2239 655 2321 707; x_wconf 91' lang='lat' dir='ltr'><strong>vir</strong></span> 
     </span>
    </p>
   </div>
   <div class='ocr_carea' id='block_1_7' title="bbox 777 744 2324 816">
    <p class='ocr_par' dir='ltr' id='par_1_7' title="bbox 777 744 2324 816">
     <span class='ocr_line' id='line_1_7' title="bbox 777 744 2324 816; baseline -0.001 -17"><span class='ocrx_word' id='word_1_33' title='bbox 777 751 994 816; x_wconf 74' lang='lat' dir='ltr'><strong>quidam</strong></span> <span class='ocrx_word' id='word_1_34' title='bbox 1032 749 1259 816; x_wconf 73' lang='lat' dir='ltr'><strong>ingentis</strong></span> <span class='ocrx_word' id='word_1_35' title='bbox 1285 747 1692 816; x_wconf 72' lang='lat' dir='ltr'><strong>magnitudinis,</strong></span> <span class='ocrx_word' id='word_1_36' title='bbox 1741 745 1962 799; x_wconf 90' lang='lat' dir='ltr'><strong>indutus</strong></span> <span class='ocrx_word' id='word_1_37' title='bbox 1990 744 2128 798; x_wconf 89' lang='lat' dir='ltr'><strong>albis</strong></span> <span class='ocrx_word' id='word_1_38' title='bbox 2161 748 2324 799; x_wconf 83' lang='lat' dir='ltr'><strong>vesti-</strong></span> 
     </span>
    </p>
   </div>
   <div class='ocr_carea' id='block_1_8' title="bbox 779 837 2324 905">
    <p class='ocr_par' dir='ltr' id='par_1_8' title="bbox 779 837 2324 905">
     <span class='ocr_line' id='line_1_8' title="bbox 779 837 2324 905; baseline -0.001 -14"><span class='ocrx_word' id='word_1_39' title='bbox 779 847 895 901; x_wconf 48' lang='lat' dir='ltr'><strong>lius,</strong></span> <span class='ocrx_word' id='word_1_40' title='bbox 941 841 992 892; x_wconf 92' lang='lat' dir='ltr'><strong>in</strong></span> <span class='ocrx_word' id='word_1_41' title='bbox 1023 841 1244 893; x_wconf 88' lang='lat' dir='ltr'><strong>dextera</strong></span> <span class='ocrx_word' id='word_1_42' title='bbox 1264 855 1420 893; x_wconf 92' lang='lat' dir='ltr'><strong>manu</strong></span> <span class='ocrx_word' id='word_1_43' title='bbox 1450 849 1639 892; x_wconf 88' lang='lat' dir='ltr'><strong>tenens</strong></span> <span class='ocrx_word' id='word_1_44' title='bbox 1664 837 2052 905; x_wconf 71' lang='lat' dir='ltr'><strong>rhompbteam,</strong></span> <span class='ocrx_word' id='word_1_45' title='bbox 2085 837 2212 891; x_wconf 90' lang='lat' dir='ltr'><strong>etei</strong></span> <span class='ocrx_word' id='word_1_46' title='bbox 2242 837 2324 890; x_wconf 88' lang='lat' dir='ltr'><strong>di-</strong></span> 
     </span>
    </p>
   </div>
   <div class='ocr_carea' id='block_1_9' title="bbox 774 929 2320 994">
    <p class='ocr_par' dir='ltr' id='par_1_9' title="bbox 774 929 2320 994">
     <span class='ocr_line' id='line_1_9' title="bbox 774 929 2320 994; baseline 0 -12"><span class='ocrx_word' id='word_1_47' title='bbox 774 948 938 982; x_wconf 70' lang='lat' dir='ltr'><strong>cens:</strong></span> <span class='ocrx_word' id='word_1_48' title='bbox 979 932 1052 983; x_wconf 60' lang='lat' dir='ltr'><strong>Ne</strong></span> <span class='ocrx_word' id='word_1_49' title='bbox 1082 935 1288 994; x_wconf 83' lang='lat' dir='ltr'><strong>timeas,</strong></span> <span class='ocrx_word' id='word_1_50' title='bbox 1332 945 1398 983; x_wconf 92' lang='lat' dir='ltr'><strong>ne</strong></span> <span class='ocrx_word' id='word_1_51' title='bbox 1432 930 1722 992; x_wconf 79' lang='lat' dir='ltr'><strong>forinides;</strong></span> <span class='ocrx_word' id='word_1_52' title='bbox 1758 944 1874 981; x_wconf 92' lang='lat' dir='ltr'><strong>sum</strong></span> <span class='ocrx_word' id='word_1_53' title='bbox 1925 931 2068 982; x_wconf 87' lang='lat' dir='ltr'><strong>enim</strong></span> <span class='ocrx_word' id='word_1_54' title='bbox 2103 929 2320 990; x_wconf 74' lang='lat' dir='ltr'><strong>missus,</strong></span> 
     </span>
    </p>
   </div>
   <div class='ocr_carea' id='block_1_10' title="bbox 777 1019 2323 1090">
    <p class='ocr_par' dir='ltr' id='par_1_10' title="bbox 777 1019 2323 1090">
     <span class='ocr_line' id='line_1_10' title="bbox 777 1019 2323 1090; baseline -0.002 -17"><span class='ocrx_word' id='word_1_55' title='bbox 777 1033 833 1075; x_wconf 97' lang='grc' dir='ltr'><strong>ιιι</strong></span> <span class='ocrx_word' id='word_1_56' title='bbox 867 1024 960 1075; x_wconf 91' lang='lat' dir='ltr'><strong>tibi</strong></span> <span class='ocrx_word' id='word_1_57' title='bbox 990 1039 1144 1090; x_wconf 80' lang='lat' dir='ltr'><strong>Opem</strong></span> <span class='ocrx_word' id='word_1_58' title='bbox 1175 1025 1360 1086; x_wconf 82' lang='lat' dir='ltr'><strong>feram,</strong></span> <span class='ocrx_word' id='word_1_59' title='bbox 1391 1033 1441 1075; x_wconf 89' lang='lat' dir='ltr'><strong>et</strong></span> <span class='ocrx_word' id='word_1_60' title='bbox 1470 1035 1518 1074; x_wconf 88' lang='lat' dir='ltr'><strong>te</strong></span> <span class='ocrx_word' id='word_1_61' title='bbox 1551 1021 1770 1074; x_wconf 80' lang='lat' dir='ltr'><strong>reddam</strong></span> <span class='ocrx_word' id='word_1_62' title='bbox 1816 1021 2097 1075; x_wconf 90' lang='lat' dir='ltr'><strong>victorem.</strong></span> <span class='ocrx_word' id='word_1_63' title='bbox 2129 1019 2323 1088; x_wconf 78' lang='lat' dir='ltr'><strong>Accipe</strong></span> 
     </span>
    </p>
   </div>
   <div class='ocr_carea' id='block_1_11' title="bbox 774 1112 2321 1182">
    <p class='ocr_par' dir='ltr' id='par_1_11' title="bbox 774 1112 2321 1182">
     <span class='ocr_line' id='line_1_11' title="bbox 774 1112 2321 1182; baseline -0.005 -14"><span class='ocrx_word' id='word_1_64' title='bbox 774 1131 900 1182; x_wconf 65' lang='lat' dir='ltr'><strong>ergo</strong></span> <span class='ocrx_word' id='word_1_65' title='bbox 931 1115 1069 1169; x_wconf 91' lang='lat' dir='ltr'><strong>hanc</strong></span> <span class='ocrx_word' id='word_1_66' title='bbox 1090 1115 1547 1182; x_wconf 67' lang='lat' dir='ltr'><strong>rhomphatam,et</strong></span> <span class='ocrx_word' id='word_1_67' title='bbox 1565 1112 1776 1167; x_wconf 72' lang='lat' dir='ltr'><strong>irruein</strong></span> <span class='ocrx_word' id='word_1_68' title='bbox 1803 1113 2099 1173; x_wconf 87' lang='lat' dir='ltr'><strong>Barbaros;</strong></span> <span class='ocrx_word' id='word_1_69' title='bbox 2125 1121 2321 1165; x_wconf 91' lang='lat' dir='ltr'><strong>etcum</strong></span> 
     </span>
    </p>
   </div>
   <div class='ocr_carea' id='block_1_12' title="bbox 774 1205 2319 1270">
    <p class='ocr_par' dir='ltr' id='par_1_12' title="bbox 774 1205 2319 1270">
     <span class='ocr_line' id='line_1_12' title="bbox 774 1205 2319 1270; baseline -0.003 -10"><span class='ocrx_word' id='word_1_70' title='bbox 774 1209 993 1270; x_wconf 78' lang='lat' dir='ltr'><strong>viceris,</strong></span> <span class='ocrx_word' id='word_1_71' title='bbox 1027 1223 1092 1260; x_wconf 93' lang='lat' dir='ltr'><strong>ne</strong></span> <span class='ocrx_word' id='word_1_72' title='bbox 1123 1206 1459 1260; x_wconf 69' lang='lat' dir='ltr'><strong>obliviscaris</strong></span> <span class='ocrx_word' id='word_1_73' title='bbox 1491 1206 1699 1261; x_wconf 87' lang='lat' dir='ltr'><strong>Domini</strong></span> <span class='ocrx_word' id='word_1_74' title='bbox 1726 1206 1819 1260; x_wconf 89' lang='lat' dir='ltr'><strong>Dei</strong></span> <span class='ocrx_word' id='word_1_75' title='bbox 1868 1205 1967 1259; x_wconf 93' lang='lat' dir='ltr'><strong>tui.</strong></span> <span class='ocrx_word' id='word_1_76' title='bbox 1997 1205 2089 1259; x_wconf 88' lang='lat' dir='ltr'><strong>Ille</strong></span> <span class='ocrx_word' id='word_1_77' title='bbox 2118 1214 2319 1266; x_wconf 89' lang='lat' dir='ltr'><strong>autem,</strong></span> 
     </span>
    </p>
   </div>
   <div class='ocr_carea' id='block_1_13' title="bbox 773 1297 2322 1366">
    <p class='ocr_par' dir='ltr' id='par_1_13' title="bbox 773 1297 2322 1366">
     <span class='ocr_line' id='line_1_13' title="bbox 773 1297 2322 1366; baseline -0.003 -13"><span class='ocrx_word' id='word_1_78' title='bbox 773 1314 826 1353; x_wconf 85' lang='lat' dir='ltr'><strong>ut</strong></span> <span class='ocrx_word' id='word_1_79' title='bbox 860 1300 948 1366; x_wconf 85' lang='lat' dir='ltr'><strong>qui</strong></span> <span class='ocrx_word' id='word_1_80' title='bbox 992 1315 1019 1352; x_wconf 90' lang='lat' dir='ltr'><strong>a</strong></span> <span class='ocrx_word' id='word_1_81' title='bbox 1051 1313 1108 1353; x_wconf 89' lang='lat' dir='ltr'><strong>se</strong></span> <span class='ocrx_word' id='word_1_82' title='bbox 1147 1298 1504 1361; x_wconf 77' lang='lat' dir='ltr'><strong>discessisset,</strong></span> <span class='ocrx_word' id='word_1_83' title='bbox 1533 1297 1873 1351; x_wconf 69' lang='lat' dir='ltr'><strong>existimabat</strong></span> <span class='ocrx_word' id='word_1_84' title='bbox 1909 1311 2028 1351; x_wconf 80' lang='lat' dir='ltr'><strong>esse</strong></span> <span class='ocrx_word' id='word_1_85' title='bbox 2061 1312 2226 1350; x_wconf 90' lang='lat' dir='ltr'><strong>unum</strong></span> <span class='ocrx_word' id='word_1_86' title='bbox 2257 1311 2322 1349; x_wconf 85' lang='lat' dir='ltr'><strong>ex</strong></span> 
     </span>
    </p>
   </div>
   <div class='ocr_carea' id='block_1_14' title="bbox 774 1388 2322 1460">
    <p class='ocr_par' dir='ltr' id='par_1_14' title="bbox 774 1388 2322 1460">
     <span class='ocr_line' id='line_1_14' title="bbox 774 1388 2322 1460; baseline -0.003 -17"><span class='ocrx_word' id='word_1_87' title='bbox 774 1393 1114 1460; x_wconf 75' lang='lat' dir='ltr'><strong>principibus</strong></span> <span class='ocrx_word' id='word_1_88' title='bbox 1157 1390 1514 1459; x_wconf 82' lang='lat' dir='ltr'><strong>imperatoris.</strong></span> <span class='ocrx_word' id='word_1_89' title='bbox 1548 1388 1718 1453; x_wconf 90' lang='lat' dir='ltr'><strong>Quam</strong></span> <span class='ocrx_word' id='word_1_90' title='bbox 1751 1405 1872 1443; x_wconf 91' lang='lat' dir='ltr'><strong>cum</strong></span> <span class='ocrx_word' id='word_1_91' title='bbox 1918 1391 2231 1457; x_wconf 80' lang='lat' dir='ltr'><strong>accepisset,</strong></span> <span class='ocrx_word' id='word_1_92' title='bbox 2268 1395 2322 1439; x_wconf 86' lang='lat' dir='ltr'><strong>et</strong></span> 
     </span>
    </p>
   </div>
   <div class='ocr_carea' id='block_1_15' title="bbox 777 1477 2319 1546">
    <p class='ocr_par' dir='ltr' id='par_1_15' title="bbox 777 1477 2319 1546">
     <span class='ocr_line' id='line_1_15' title="bbox 777 1477 2319 1546; baseline -0.001 -16"><span class='ocrx_word' id='word_1_93' title='bbox 777 1498 830 1534; x_wconf 61' lang='lat' dir='ltr'><strong>se</strong></span> <span class='ocrx_word' id='word_1_94' title='bbox 883 1483 1175 1543; x_wconf 84' lang='lat' dir='ltr'><strong>incitasset,</strong></span> <span class='ocrx_word' id='word_1_95' title='bbox 1232 1480 1492 1546; x_wconf 89' lang='lat' dir='ltr'><strong>impetum</strong></span> <span class='ocrx_word' id='word_1_96' title='bbox 1544 1479 1672 1531; x_wconf 81' lang='lat' dir='ltr'><strong>l&#39;ecit</strong></span> <span class='ocrx_word' id='word_1_97' title='bbox 1713 1479 1764 1530; x_wconf 90' lang='lat' dir='ltr'><strong>in</strong></span> <span class='ocrx_word' id='word_1_98' title='bbox 1809 1477 2096 1536; x_wconf 86' lang='lat' dir='ltr'><strong>Barbaros,</strong></span> <span class='ocrx_word' id='word_1_99' title='bbox 2146 1478 2319 1544; x_wconf 77' lang='lat' dir='ltr'><strong>iisque</strong></span> 
     </span>
    </p>
   </div>
   <div class='ocr_carea' id='block_1_16' title="bbox 775 1566 2321 1632">
    <p class='ocr_par' dir='ltr' id='par_1_16' title="bbox 775 1566 2321 1632">
     <span class='ocr_line' id='line_1_16' title="bbox 775 1566 2321 1632; baseline -0.002 -11"><span class='ocrx_word' id='word_1_100' title='bbox 775 1572 980 1630; x_wconf 77' lang='lat' dir='ltr'><strong>tractis,</strong></span> <span class='ocrx_word' id='word_1_101' title='bbox 1018 1584 1206 1621; x_wconf 91' lang='lat' dir='ltr'><strong>eorum</strong></span> <span class='ocrx_word' id='word_1_102' title='bbox 1242 1583 1419 1632; x_wconf 81' lang='lat' dir='ltr'><strong>regem</strong></span> <span class='ocrx_word' id='word_1_103' title='bbox 1452 1567 1670 1629; x_wconf 91' lang='lat' dir='ltr'><strong>occidit,</strong></span> <span class='ocrx_word' id='word_1_104' title='bbox 1702 1575 1756 1620; x_wconf 93' lang='lat' dir='ltr'><strong>et</strong></span> <span class='ocrx_word' id='word_1_105' title='bbox 1781 1566 1976 1619; x_wconf 90' lang='lat' dir='ltr'><strong>multos</strong></span> <span class='ocrx_word' id='word_1_106' title='bbox 2000 1566 2155 1628; x_wconf 90' lang='lat' dir='ltr'><strong>alios,</strong></span> <span class='ocrx_word' id='word_1_107' title='bbox 2187 1566 2321 1619; x_wconf 89' lang='lat' dir='ltr'><strong>adeo</strong></span> 
     </span>
    </p>
   </div>
   <div class='ocr_carea' id='block_1_17' title="bbox 777 1657 2322 1725">
    <p class='ocr_par' dir='ltr' id='par_1_17' title="bbox 777 1657 2322 1725">
     <span class='ocr_line' id='line_1_17' title="bbox 777 1657 2322 1725; baseline 0.001 -16"><span class='ocrx_word' id='word_1_108' title='bbox 777 1671 832 1712; x_wconf 89' lang='lat' dir='ltr'><strong>ut</strong></span> <span class='ocrx_word' id='word_1_109' title='bbox 865 1659 1134 1712; x_wconf 75' lang='lat' dir='ltr'><strong>defessum</strong></span> <span class='ocrx_word' id='word_1_110' title='bbox 1165 1670 1305 1711; x_wconf 88' lang='lat' dir='ltr'><strong>esset</strong></span> <span class='ocrx_word' id='word_1_111' title='bbox 1335 1657 1383 1710; x_wconf 92' lang='lat' dir='ltr'><strong>ei</strong></span> <span class='ocrx_word' id='word_1_112' title='bbox 1414 1657 1714 1719; x_wconf 82' lang='lat' dir='ltr'><strong>brachium,</strong></span> <span class='ocrx_word' id='word_1_113' title='bbox 1746 1664 1800 1709; x_wconf 91' lang='lat' dir='ltr'><strong>et</strong></span> <span class='ocrx_word' id='word_1_114' title='bbox 1821 1672 1887 1710; x_wconf 89' lang='lat' dir='ltr'><strong>ex</strong></span> <span class='ocrx_word' id='word_1_115' title='bbox 1921 1659 2180 1724; x_wconf 72' lang='lat' dir='ltr'><strong>sanguine</strong></span> <span class='ocrx_word' id='word_1_116' title='bbox 2205 1659 2322 1725; x_wconf 86' lang='lat' dir='ltr'><strong>ejus</strong></span> 
     </span>
    </p>
   </div>
   <div class='ocr_carea' id='block_1_18' title="bbox 777 1747 2316 1817">
    <p class='ocr_par' dir='ltr' id='par_1_18' title="bbox 777 1747 2316 1817">
     <span class='ocr_line' id='line_1_18' title="bbox 777 1747 2316 1817; baseline -0.003 -15"><span class='ocrx_word' id='word_1_117' title='bbox 777 1752 956 1802; x_wconf 86' lang='lat' dir='ltr'><strong>manui</strong></span> <span class='ocrx_word' id='word_1_118' title='bbox 998 1751 1292 1802; x_wconf 68' lang='lat' dir='ltr'><strong>adhaereret</strong></span> <span class='ocrx_word' id='word_1_119' title='bbox 1331 1748 1656 1817; x_wconf 73' lang='lat' dir='ltr'><strong>rhomphtea.</strong></span> <span class='ocrx_word' id='word_1_120' title='bbox 1719 1747 1916 1816; x_wconf 88' lang='lat' dir='ltr'><strong>Sicque</strong></span> <span class='ocrx_word' id='word_1_121' title='bbox 1953 1747 2055 1801; x_wconf 82' lang='lat' dir='ltr'><strong>fusi</strong></span> <span class='ocrx_word' id='word_1_122' title='bbox 2075 1757 2125 1801; x_wconf 88' lang='lat' dir='ltr'><strong>et</strong></span> <span class='ocrx_word' id='word_1_123' title='bbox 2154 1747 2316 1817; x_wconf 79' lang='lat' dir='ltr'><strong>fugati</strong></span> 
     </span>
    </p>
   </div>
   <div class='ocr_carea' id='block_1_19' title="bbox 776 1840 1515 1895">
    <p class='ocr_par' dir='ltr' id='par_1_19' title="bbox 776 1840 1515 1895">
     <span class='ocr_line' id='line_1_19' title="bbox 776 1840 1515 1895; baseline -0.001 0"><span class='ocrx_word' id='word_1_124' title='bbox 776 1853 900 1895; x_wconf 83' lang='lat' dir='ltr'><strong>sunt</strong></span> <span class='ocrx_word' id='word_1_125' title='bbox 930 1841 1145 1894; x_wconf 80' lang='lat' dir='ltr'><strong>Barbari</strong></span> <span class='ocrx_word' id='word_1_126' title='bbox 1177 1855 1206 1894; x_wconf 88' lang='lat' dir='ltr'><strong>a</strong></span> <span class='ocrx_word' id='word_1_127' title='bbox 1237 1840 1515 1894; x_wconf 75' lang='lat' dir='ltr'><strong>Romanis.</strong></span> 
     </span>
    </p>
   </div>
   <div class='ocr_carea' id='block_1_20' title="bbox 848 1929 2324 1998">
    <p class='ocr_par' dir='ltr' id='par_1_20' title="bbox 848 1929 2324 1998">
     <span class='ocr_line' id='line_1_20' title="bbox 848 1929 2324 1998; baseline -0.003 -14"><span class='ocrx_word' id='word_1_128' title='bbox 848 1933 933 1984; x_wconf 92' lang='grc'><strong>111.</strong></span> <span class='ocrx_word' id='word_1_129' title='bbox 977 1931 1127 1984; x_wconf 91' lang='lat' dir='ltr'><strong>Tunc</strong></span> <span class='ocrx_word' id='word_1_130' title='bbox 1154 1930 1374 1993; x_wconf 82' lang='lat' dir='ltr'><strong>Decius,</strong></span> <span class='ocrx_word' id='word_1_131' title='bbox 1413 1946 1534 1983; x_wconf 91' lang='lat' dir='ltr'><strong>cum</strong></span> <span class='ocrx_word' id='word_1_132' title='bbox 1564 1930 1872 1985; x_wconf 89' lang='lat' dir='ltr'><strong>reseivisset</strong></span> <span class='ocrx_word' id='word_1_133' title='bbox 1899 1929 2164 1998; x_wconf 76' lang='lat' dir='ltr'><strong>singulare</strong></span> <span class='ocrx_word' id='word_1_134' title='bbox 2209 1929 2324 1996; x_wconf 87' lang='lat' dir='ltr'><strong>ejus</strong></span> 
     </span>
    </p>
   </div>
   <div class='ocr_carea' id='block_1_21' title="bbox 777 2019 2325 2090">
    <p class='ocr_par' dir='ltr' id='par_1_21' title="bbox 777 2019 2325 2090">
     <span class='ocr_line' id='line_1_21' title="bbox 777 2019 2325 2090; baseline -0.001 -16"><span class='ocrx_word' id='word_1_135' title='bbox 777 2033 1072 2081; x_wconf 71' lang='lat' dir='ltr'><strong>tertamcn,</strong></span> <span class='ocrx_word' id='word_1_136' title='bbox 1100 2037 1223 2075; x_wconf 93' lang='lat' dir='ltr'><strong>eum</strong></span> <span class='ocrx_word' id='word_1_137' title='bbox 1262 2023 1580 2074; x_wconf 86' lang='lat' dir='ltr'><strong>accersitum</strong></span> <span class='ocrx_word' id='word_1_138' title='bbox 1609 2021 1828 2074; x_wconf 83' lang='lat' dir='ltr'><strong>donavit</strong></span> <span class='ocrx_word' id='word_1_139' title='bbox 1855 2021 2114 2090; x_wconf 87' lang='lat' dir='ltr'><strong>dignitate</strong></span> <span class='ocrx_word' id='word_1_140' title='bbox 2138 2019 2325 2074; x_wconf 85' lang='lat' dir='ltr'><strong>ducto-</strong></span> 
     </span>
    </p>
   </div>
   <div class='ocr_carea' id='block_1_22' title="bbox 776 2108 2325 2178">
    <p class='ocr_par' dir='ltr' id='par_1_22' title="bbox 776 2108 2325 2178">
     <span class='ocr_line' id='line_1_22' title="bbox 776 2108 2325 2178; baseline 0.001 -18"><span class='ocrx_word' id='word_1_141' title='bbox 776 2112 847 2164; x_wconf 89' lang='lat' dir='ltr'><strong>ris</strong></span> <span class='ocrx_word' id='word_1_142' title='bbox 889 2114 1178 2171; x_wconf 83' lang='lat' dir='ltr'><strong>exercitus,</strong></span> <span class='ocrx_word' id='word_1_143' title='bbox 1229 2110 1566 2163; x_wconf 86' lang='lat' dir='ltr'><strong>constituens</strong></span> <span class='ocrx_word' id='word_1_144' title='bbox 1616 2118 1675 2163; x_wconf 95' lang='lat' dir='ltr'><strong>ut</strong></span> <span class='ocrx_word' id='word_1_145' title='bbox 1716 2119 1972 2178; x_wconf 52' lang='lat' dir='ltr'><strong>praeesset</strong></span> <span class='ocrx_word' id='word_1_146' title='bbox 2023 2108 2236 2174; x_wconf 86' lang='lat' dir='ltr'><strong>castris,</strong></span> <span class='ocrx_word' id='word_1_147' title='bbox 2271 2117 2325 2162; x_wconf 91' lang='lat' dir='ltr'><strong>et</strong></span> 
     </span>
    </p>
   </div>
   <div class='ocr_carea' id='block_1_23' title="bbox 774 2197 2326 2268">
    <p class='ocr_par' dir='ltr' id='par_1_23' title="bbox 774 2197 2326 2268">
     <span class='ocr_line' id='line_1_23' title="bbox 774 2197 2326 2268; baseline -0.001 -16"><span class='ocrx_word' id='word_1_148' title='bbox 774 2204 1069 2255; x_wconf 62' lang='lat' dir='ltr'><strong>arbitratus</strong></span> <span class='ocrx_word' id='word_1_149' title='bbox 1113 2202 1307 2255; x_wconf 89' lang='lat' dir='ltr'><strong>Decius</strong></span> <span class='ocrx_word' id='word_1_150' title='bbox 1353 2215 1410 2254; x_wconf 89' lang='lat' dir='ltr'><strong>se</strong></span> <span class='ocrx_word' id='word_1_151' title='bbox 1453 2199 1676 2254; x_wconf 88' lang='lat' dir='ltr'><strong>deorum</strong></span> <span class='ocrx_word' id='word_1_152' title='bbox 1723 2199 2063 2268; x_wconf 83' lang='lat' dir='ltr'><strong>providentia</strong></span> <span class='ocrx_word' id='word_1_153' title='bbox 2105 2213 2136 2251; x_wconf 87' lang='lat' dir='ltr'><strong>a</strong></span> <span class='ocrx_word' id='word_1_154' title='bbox 2184 2197 2326 2251; x_wconf 88' lang='lat' dir='ltr'><strong>bello</strong></span> 
     </span>
    </p>
   </div>
   <div class='ocr_carea' id='block_1_24' title="bbox 773 2286 2324 2359">
    <p class='ocr_par' dir='ltr' id='par_1_24' title="bbox 773 2286 2324 2359">
     <span class='ocr_line' id='line_1_24' title="bbox 773 2286 2324 2359; baseline -0.005 -12"><span class='ocrx_word' id='word_1_155' title='bbox 773 2299 939 2347; x_wconf 73' lang='lat' dir='ltr'><strong>lu:sse</strong></span> <span class='ocrx_word' id='word_1_156' title='bbox 1002 2293 1356 2359; x_wconf 87' lang='lat' dir='ltr'><strong>superiorem,</strong></span> <span class='ocrx_word' id='word_1_157' title='bbox 1393 2290 1546 2345; x_wconf 80' lang='lat' dir='ltr'><strong>valde</strong></span> <span class='ocrx_word' id='word_1_158' title='bbox 1593 2291 1907 2352; x_wconf 67' lang='lat' dir='ltr'><strong>laetabatur;</strong></span> <span class='ocrx_word' id='word_1_159' title='bbox 1939 2299 2141 2342; x_wconf 89' lang='lat' dir='ltr'><strong>etcum</strong></span> <span class='ocrx_word' id='word_1_160' title='bbox 2182 2286 2324 2340; x_wconf 87' lang='lat' dir='ltr'><strong>mili-</strong></span> 
     </span>
    </p>
   </div>
   <div class='ocr_carea' id='block_1_25' title="bbox 781 2380 2326 2450">
    <p class='ocr_par' dir='ltr' id='par_1_25' title="bbox 781 2380 2326 2450">
     <span class='ocr_line' id='line_1_25' title="bbox 781 2380 2326 2450; baseline -0.002 -17"><span class='ocrx_word' id='word_1_161' title='bbox 781 2385 924 2436; x_wconf 82' lang='lat' dir='ltr'><strong>tibus</strong></span> <span class='ocrx_word' id='word_1_162' title='bbox 977 2382 1201 2434; x_wconf 88' lang='lat' dir='ltr'><strong>multum</strong></span> <span class='ocrx_word' id='word_1_163' title='bbox 1269 2380 1836 2450; x_wconf 65' lang='lat' dir='ltr'><strong>erogassetpecuuia,</strong></span> <span class='ocrx_word' id='word_1_164' title='bbox 1887 2391 2326 2448; x_wconf 83' lang='lat' dir='ltr'><strong>unumquemque</strong></span> 
     </span>
    </p>
   </div>
   <div class='ocr_carea' id='block_1_26' title="bbox 778 2469 2328 2539">
    <p class='ocr_par' dir='ltr' id='par_1_26' title="bbox 778 2469 2328 2539">
     <span class='ocr_line' id='line_1_26' title="bbox 778 2469 2328 2539; baseline -0.002 -14"><span class='ocrx_word' id='word_1_165' title='bbox 778 2474 922 2526; x_wconf 61' lang='lat' dir='ltr'><strong>lltiril</strong></span> <span class='ocrx_word' id='word_1_166' title='bbox 955 2474 1007 2526; x_wconf 90' lang='lat' dir='ltr'><strong>in</strong></span> <span class='ocrx_word' id='word_1_167' title='bbox 1033 2473 1208 2527; x_wconf 90' lang='lat' dir='ltr'><strong>locum</strong></span> <span class='ocrx_word' id='word_1_168' title='bbox 1230 2486 1386 2525; x_wconf 90' lang='lat' dir='ltr'><strong>suum</strong></span> <span class='ocrx_word' id='word_1_169' title='bbox 1415 2488 1426 2522; x_wconf 93' lang='lat'><strong>:</strong></span> <span class='ocrx_word' id='word_1_170' title='bbox 1461 2470 1574 2539; x_wconf 89' lang='lat' dir='ltr'><strong>ipse</strong></span> <span class='ocrx_word' id='word_1_171' title='bbox 1600 2479 1778 2524; x_wconf 88' lang='lat' dir='ltr'><strong>autem</strong></span> <span class='ocrx_word' id='word_1_172' title='bbox 1802 2469 2108 2539; x_wconf 77' lang='lat' dir='ltr'><strong>ingrediens</strong></span> <span class='ocrx_word' id='word_1_173' title='bbox 2141 2484 2328 2522; x_wconf 90' lang='lat' dir='ltr'><strong>unam-</strong></span> 
     </span>
    </p>
   </div>
   <div class='ocr_carea' id='block_1_27' title="bbox 775 2561 2327 2633">
    <p class='ocr_par' dir='ltr' id='par_1_27' title="bbox 775 2561 2327 2633">
     <span class='ocr_line' id='line_1_27' title="bbox 775 2561 2327 2633; baseline 0 -19"><span class='ocrx_word' id='word_1_174' title='bbox 775 2579 1044 2633; x_wconf 77' lang='lat' dir='ltr'><strong>quamque</strong></span> <span class='ocrx_word' id='word_1_175' title='bbox 1079 2564 1381 2626; x_wconf 88' lang='lat' dir='ltr'><strong>civitatem,</strong></span> <span class='ocrx_word' id='word_1_176' title='bbox 1424 2576 1618 2630; x_wconf 84' lang='lat' dir='ltr'><strong>magna</strong></span> <span class='ocrx_word' id='word_1_177' title='bbox 1656 2561 1887 2614; x_wconf 78' lang='lat' dir='ltr'><strong>faciebat</strong></span> <span class='ocrx_word' id='word_1_178' title='bbox 1915 2561 2180 2624; x_wconf 80' lang='lat' dir='ltr'><strong>convivia,</strong></span> <span class='ocrx_word' id='word_1_179' title='bbox 2221 2561 2327 2614; x_wconf 79' lang='lat' dir='ltr'><strong>Ro-</strong></span> 
     </span>
    </p>
   </div>
   <div class='ocr_carea' id='block_1_28' title="bbox 776 2647 2328 2722">
    <p class='ocr_par' dir='ltr' id='par_1_28' title="bbox 776 2647 2328 2722">
     <span class='ocr_line' id='line_1_28' title="bbox 776 2647 2328 2722; baseline -0.003 -17"><span class='ocrx_word' id='word_1_180' title='bbox 776 2669 914 2705; x_wconf 84' lang='lat' dir='ltr'><strong>mam</strong></span> <span class='ocrx_word' id='word_1_181' title='bbox 948 2651 1316 2722; x_wconf 85' lang='lat' dir='ltr'><strong>proﬁciscens.</strong></span> <span class='ocrx_word' id='word_1_182' title='bbox 1354 2648 1470 2704; x_wconf 86' lang='lat' dir='ltr'><strong>Una</strong></span> <span class='ocrx_word' id='word_1_183' title='bbox 1516 2657 1695 2703; x_wconf 89' lang='lat' dir='ltr'><strong>autem</strong></span> <span class='ocrx_word' id='word_1_184' title='bbox 1727 2659 1882 2703; x_wconf 89' lang='lat' dir='ltr'><strong>nocte</strong></span> <span class='ocrx_word' id='word_1_185' title='bbox 1910 2663 2030 2701; x_wconf 92' lang='lat' dir='ltr'><strong>cum</strong></span> <span class='ocrx_word' id='word_1_186' title='bbox 2065 2647 2328 2701; x_wconf 90' lang='lat' dir='ltr'><strong>dormiret</strong></span> 
     </span>
    </p>
   </div>
   <div class='ocr_carea' id='block_1_29' title="bbox 775 2739 2325 2809">
    <p class='ocr_par' dir='ltr' id='par_1_29' title="bbox 775 2739 2325 2809">
     <span class='ocr_line' id='line_1_29' title="bbox 775 2739 2325 2809; baseline -0.004 -12"><span class='ocrx_word' id='word_1_187' title='bbox 775 2745 881 2797; x_wconf 84' lang='lat' dir='ltr'><strong>dux</strong></span> <span class='ocrx_word' id='word_1_188' title='bbox 909 2744 1203 2804; x_wconf 89' lang='lat' dir='ltr'><strong>exercitus,</strong></span> <span class='ocrx_word' id='word_1_189' title='bbox 1237 2742 1300 2794; x_wconf 91' lang='lat' dir='ltr'><strong>ad</strong></span> <span class='ocrx_word' id='word_1_190' title='bbox 1327 2755 1454 2794; x_wconf 92' lang='lat' dir='ltr'><strong>eum</strong></span> <span class='ocrx_word' id='word_1_191' title='bbox 1480 2739 1689 2794; x_wconf 87' lang='lat' dir='ltr'><strong>accedit</strong></span> <span class='ocrx_word' id='word_1_192' title='bbox 1713 2741 1932 2809; x_wconf 83' lang='lat' dir='ltr'><strong>angelus</strong></span> <span class='ocrx_word' id='word_1_193' title='bbox 1964 2741 2013 2791; x_wconf 91' lang='lat' dir='ltr'><strong>in</strong></span> <span class='ocrx_word' id='word_1_194' title='bbox 2049 2740 2240 2808; x_wconf 90' lang='lat' dir='ltr'><strong>prima,</strong></span> <span class='ocrx_word' id='word_1_195' title='bbox 2273 2739 2325 2792; x_wconf 90' lang='lat' dir='ltr'><strong>in</strong></span> 
     </span>
    </p>
   </div>
   <div class='ocr_carea' id='block_1_30' title="bbox 775 2830 2325 2903">
    <p class='ocr_par' dir='ltr' id='par_1_30' title="bbox 775 2830 2325 2903">
     <span class='ocr_line' id='line_1_30' title="bbox 775 2830 2325 2903; baseline -0.002 -18"><span class='ocrx_word' id='word_1_196' title='bbox 775 2851 879 2903; x_wconf 84' lang='lat' dir='ltr'><strong>qua</strong></span> <span class='ocrx_word' id='word_1_197' title='bbox 912 2841 1255 2901; x_wconf 81' lang='lat' dir='ltr'><strong>apparuerat,</strong></span> <span class='ocrx_word' id='word_1_198' title='bbox 1288 2830 1456 2899; x_wconf 88' lang='lat' dir='ltr'><strong>ﬁgura</strong></span> <span class='ocrx_word' id='word_1_199' title='bbox 1485 2847 1499 2884; x_wconf 90' lang='lat'><strong>:</strong></span> <span class='ocrx_word' id='word_1_200' title='bbox 1529 2841 1585 2883; x_wconf 95' lang='lat' dir='ltr'><strong>et</strong></span> <span class='ocrx_word' id='word_1_201' title='bbox 1606 2838 1808 2898; x_wconf 93' lang='lat' dir='ltr'><strong>puncto</strong></span> <span class='ocrx_word' id='word_1_202' title='bbox 1835 2831 1956 2898; x_wconf 82' lang='lat' dir='ltr'><strong>ejus</strong></span> <span class='ocrx_word' id='word_1_203' title='bbox 1986 2830 2174 2892; x_wconf 83' lang='lat' dir='ltr'><strong>latere,</strong></span> <span class='ocrx_word' id='word_1_204' title='bbox 2201 2843 2325 2882; x_wconf 89' lang='lat' dir='ltr'><strong>eum</strong></span> 
     </span>
    </p>
   </div>
   <div class='ocr_carea' id='block_1_31' title="bbox 777 2917 2326 2984">
    <p class='ocr_par' dir='ltr' id='par_1_31' title="bbox 777 2917 2326 2984">
     <span class='ocr_line' id='line_1_31' title="bbox 777 2917 2326 2984; baseline -0.003 -7"><span class='ocrx_word' id='word_1_205' title='bbox 777 2925 1052 2978; x_wconf 66' lang='lat' dir='ltr'><strong>excitavit.</strong></span> <span class='ocrx_word' id='word_1_206' title='bbox 1087 2922 1179 2976; x_wconf 89' lang='lat' dir='ltr'><strong>Ille</strong></span> <span class='ocrx_word' id='word_1_207' title='bbox 1209 2934 1356 2984; x_wconf 90' lang='lat' dir='ltr'><strong>vero,</strong></span> <span class='ocrx_word' id='word_1_208' title='bbox 1410 2935 1531 2974; x_wconf 87' lang='lat' dir='ltr'><strong>cum</strong></span> <span class='ocrx_word' id='word_1_209' title='bbox 1562 2935 1685 2974; x_wconf 90' lang='lat' dir='ltr'><strong>eum</strong></span> <span class='ocrx_word' id='word_1_210' title='bbox 1709 2920 1951 2982; x_wconf 89' lang='lat' dir='ltr'><strong>vidisset,</strong></span> <span class='ocrx_word' id='word_1_211' title='bbox 1979 2920 2167 2971; x_wconf 90' lang='lat' dir='ltr'><strong>timore</strong></span> <span class='ocrx_word' id='word_1_212' title='bbox 2197 2917 2326 2972; x_wconf 77' lang='lat' dir='ltr'><strong>aﬂe-</strong></span> 
     </span>
    </p>
   </div>
   <div class='ocr_carea' id='block_1_32' title="bbox 775 3008 2324 3078">
    <p class='ocr_par' dir='ltr' id='par_1_32' title="bbox 775 3008 2324 3078">
     <span class='ocr_line' id='line_1_32' title="bbox 775 3008 2324 3078; baseline -0.003 -12"><span class='ocrx_word' id='word_1_213' title='bbox 775 3026 914 3078; x_wconf 85' lang='lat' dir='ltr'><strong>ctus,</strong></span> <span class='ocrx_word' id='word_1_214' title='bbox 972 3014 1167 3066; x_wconf 81' lang='lat' dir='ltr'><strong>mansit</strong></span> <span class='ocrx_word' id='word_1_215' title='bbox 1211 3022 1416 3065; x_wconf 88' lang='lat' dir='ltr'><strong>mutus.</strong></span> <span class='ocrx_word' id='word_1_216' title='bbox 1470 3011 1609 3065; x_wconf 89' lang='lat' dir='ltr'><strong>Dicit</strong></span> <span class='ocrx_word' id='word_1_217' title='bbox 1657 3011 1707 3066; x_wconf 89' lang='lat' dir='ltr'><strong>ei</strong></span> <span class='ocrx_word' id='word_1_218' title='bbox 1757 3010 2016 3078; x_wconf 85' lang='lat' dir='ltr'><strong>angelus;</strong></span> <span class='ocrx_word' id='word_1_219' title='bbox 2074 3008 2324 3071; x_wconf 79' lang='lat' dir='ltr'><strong>Mercuri,</strong></span> 
     </span>
    </p>
   </div>
   <div class='ocr_carea' id='block_1_33' title="bbox 780 3100 2398 3193">
    <p class='ocr_par' dir='ltr' id='par_1_33' title="bbox 780 3100 2398 3193">
     <span class='ocr_line' id='line_1_33' title="bbox 780 3100 2398 3193; baseline -0.002 -36"><span class='ocrx_word' id='word_1_220' title='bbox 780 3119 1048 3157; x_wconf 81' lang='lat' dir='ltr'><strong>uremento</strong></span> <span class='ocrx_word' id='word_1_221' title='bbox 1083 3104 1211 3173; x_wconf 91' lang='lat' dir='ltr'><strong>quid</strong></span> <span class='ocrx_word' id='word_1_222' title='bbox 1265 3103 1360 3158; x_wconf 86' lang='lat' dir='ltr'><strong>tibi</strong></span> <span class='ocrx_word' id='word_1_223' title='bbox 1418 3103 1647 3157; x_wconf 78' lang='lat' dir='ltr'><strong>dixerim</strong></span> <span class='ocrx_word' id='word_1_224' title='bbox 1703 3103 1757 3156; x_wconf 89' lang='lat' dir='ltr'><strong>in</strong></span> <span class='ocrx_word' id='word_1_225' title='bbox 1805 3100 2063 3193; x_wconf 79' lang='lat' dir='ltr'><strong>conﬂictu</strong></span> <span class='ocrx_word' id='word_1_226' title='bbox 2111 3100 2318 3193; x_wconf 70' lang='lat' dir='ltr'><strong>praelii:</strong></span> <span class='ocrx_word' id='word_1_227' title='bbox 2354 3132 2398 3193; x_wconf 67' lang='grc' dir='ltr'>ο</span> 
     </span>
    </p>
   </div>
   <div class='ocr_carea' id='block_1_34' title="bbox 787 3191 2324 3261">
    <p class='ocr_par' dir='ltr' id='par_1_34' title="bbox 787 3191 2324 3261">
     <span class='ocr_line' id='line_1_34' title="bbox 787 3191 2324 3261; baseline -0.003 -11"><span class='ocrx_word' id='word_1_228' title='bbox 787 3197 915 3250; x_wconf 69' lang='lat' dir='ltr'><strong>Vide</strong></span> <span class='ocrx_word' id='word_1_229' title='bbox 962 3213 1026 3250; x_wconf 91' lang='lat' dir='ltr'><strong>nc</strong></span> <span class='ocrx_word' id='word_1_230' title='bbox 1061 3195 1396 3250; x_wconf 87' lang='lat' dir='ltr'><strong>obliviscaris</strong></span> <span class='ocrx_word' id='word_1_231' title='bbox 1430 3193 1638 3248; x_wconf 84' lang='lat' dir='ltr'><strong>Domini</strong></span> <span class='ocrx_word' id='word_1_232' title='bbox 1669 3193 1760 3247; x_wconf 88' lang='lat' dir='ltr'><strong>Dei</strong></span> <span class='ocrx_word' id='word_1_233' title='bbox 1796 3192 1892 3246; x_wconf 90' lang='lat' dir='ltr'><strong>tui.</strong></span> <span class='ocrx_word' id='word_1_234' title='bbox 1927 3191 2152 3261; x_wconf 87' lang='lat' dir='ltr'><strong>Oportet</strong></span> <span class='ocrx_word' id='word_1_235' title='bbox 2180 3192 2324 3245; x_wconf 86' lang='lat' dir='ltr'><strong>enim</strong></span> 
     </span>
    </p>
   </div>
   <div class='ocr_carea' id='block_1_35' title="bbox 781 3284 2328 3356">
    <p class='ocr_par' dir='ltr' id='par_1_35' title="bbox 781 3284 2328 3356">
     <span class='ocr_line' id='line_1_35' title="bbox 781 3284 2328 3356; baseline -0.002 -16"><span class='ocrx_word' id='word_1_236' title='bbox 781 3305 830 3343; x_wconf 84' lang='lat' dir='ltr'><strong>te</strong></span> <span class='ocrx_word' id='word_1_237' title='bbox 867 3305 961 3355; x_wconf 90' lang='lat' dir='ltr'><strong>pro</strong></span> <span class='ocrx_word' id='word_1_238' title='bbox 996 3288 1110 3356; x_wconf 90' lang='lat' dir='ltr'><strong>ipso</strong></span> <span class='ocrx_word' id='word_1_239' title='bbox 1158 3297 1366 3340; x_wconf 88' lang='lat' dir='ltr'><strong>certare</strong></span> <span class='ocrx_word' id='word_1_240' title='bbox 1416 3286 1673 3355; x_wconf 85' lang='lat' dir='ltr'><strong>legitime,</strong></span> <span class='ocrx_word' id='word_1_241' title='bbox 1720 3295 1776 3338; x_wconf 90' lang='lat' dir='ltr'><strong>et</strong></span> <span class='ocrx_word' id='word_1_242' title='bbox 1806 3299 2059 3337; x_wconf 91' lang='lat' dir='ltr'><strong>coronam</strong></span> <span class='ocrx_word' id='word_1_243' title='bbox 2090 3284 2328 3337; x_wconf 70' lang='lat' dir='ltr'><strong>victoria:</strong></span> 
     </span>
    </p>
   </div>
   <div class='ocr_carea' id='block_1_36' title="bbox 780 3376 2323 3448">
    <p class='ocr_par' dir='ltr' id='par_1_36' title="bbox 780 3376 2323 3448">
     <span class='ocr_line' id='line_1_36' title="bbox 780 3376 2323 3448; baseline -0.001 -18"><span class='ocrx_word' id='word_1_244' title='bbox 780 3382 1026 3448; x_wconf 74' lang='lat' dir='ltr'><strong>accipere</strong></span> <span class='ocrx_word' id='word_1_245' title='bbox 1063 3379 1115 3431; x_wconf 92' lang='lat' dir='ltr'><strong>in</strong></span> <span class='ocrx_word' id='word_1_246' title='bbox 1143 3378 1376 3446; x_wconf 90' lang='lat' dir='ltr'><strong>glorioso</strong></span> <span class='ocrx_word' id='word_1_247' title='bbox 1425 3390 1590 3446; x_wconf 86' lang='lat' dir='ltr'><strong>regno</strong></span> <span class='ocrx_word' id='word_1_248' title='bbox 1637 3390 1759 3430; x_wconf 91' lang='lat' dir='ltr'><strong>cum</strong></span> <span class='ocrx_word' id='word_1_249' title='bbox 1805 3376 2005 3429; x_wconf 83' lang='lat' dir='ltr'><strong>sanetis</strong></span> <span class='ocrx_word' id='word_1_250' title='bbox 2052 3376 2323 3430; x_wconf 88' lang='lat' dir='ltr'><strong>omnibus.</strong></span> 
     </span>
    </p>
   </div>
   <div class='ocr_carea' id='block_1_37' title="bbox 783 3465 2326 3534">
    <p class='ocr_par' dir='ltr' id='par_1_37' title="bbox 783 3465 2326 3534">
     <span class='ocr_line' id='line_1_37' title="bbox 783 3465 2326 3534; baseline -0.003 -11"><span class='ocrx_word' id='word_1_251' title='bbox 783 3470 906 3524; x_wconf 70' lang='lat' dir='ltr'><strong>llaec</strong></span> <span class='ocrx_word' id='word_1_252' title='bbox 940 3483 1058 3523; x_wconf 82' lang='lat' dir='ltr'><strong>eum</strong></span> <span class='ocrx_word' id='word_1_253' title='bbox 1088 3466 1330 3530; x_wconf 80' lang='lat' dir='ltr'><strong>dixisset,</strong></span> <span class='ocrx_word' id='word_1_254' title='bbox 1360 3467 1577 3520; x_wconf 90' lang='lat' dir='ltr'><strong>evanuit</strong></span> <span class='ocrx_word' id='word_1_255' title='bbox 1598 3465 1840 3534; x_wconf 85' lang='lat' dir='ltr'><strong>angelus.</strong></span> <span class='ocrx_word' id='word_1_256' title='bbox 1866 3465 1958 3519; x_wconf 90' lang='lat' dir='ltr'><strong>llle</strong></span> <span class='ocrx_word' id='word_1_257' title='bbox 1978 3473 2178 3529; x_wconf 84' lang='lat' dir='ltr'><strong>autem,</strong></span> <span class='ocrx_word' id='word_1_258' title='bbox 2204 3480 2326 3518; x_wconf 89' lang='lat' dir='ltr'><strong>cum</strong></span> 
     </span>
    </p>
   </div>
   <div class='ocr_carea' id='block_1_38' title="bbox 787 3555 2324 3625">
    <p class='ocr_par' dir='ltr' id='par_1_38' title="bbox 787 3555 2324 3625">
     <span class='ocr_line' id='line_1_38' title="bbox 787 3555 2324 3625; baseline -0.003 -12"><span class='ocrx_word' id='word_1_259' title='bbox 787 3561 850 3613; x_wconf 84' lang='lat' dir='ltr'><strong>ad</strong></span> <span class='ocrx_word' id='word_1_260' title='bbox 889 3575 946 3614; x_wconf 85' lang='lat' dir='ltr'><strong>se</strong></span> <span class='ocrx_word' id='word_1_261' title='bbox 1015 3559 1266 3612; x_wconf 89' lang='lat' dir='ltr'><strong>rediisset</strong></span> <span class='ocrx_word' id='word_1_262' title='bbox 1305 3567 1360 3611; x_wconf 93' lang='lat' dir='ltr'><strong>et</strong></span> <span class='ocrx_word' id='word_1_263' title='bbox 1391 3567 1532 3611; x_wconf 87' lang='lat' dir='ltr'><strong>esset</strong></span> <span class='ocrx_word' id='word_1_264' title='bbox 1562 3555 1898 3621; x_wconf 80' lang='lat' dir='ltr'><strong>recordatus,</strong></span> <span class='ocrx_word' id='word_1_265' title='bbox 1932 3556 2040 3608; x_wconf 90' lang='lat' dir='ltr'><strong>Deo</strong></span> <span class='ocrx_word' id='word_1_266' title='bbox 2068 3556 2175 3624; x_wconf 88' lang='lat' dir='ltr'><strong>egit</strong></span> <span class='ocrx_word' id='word_1_267' title='bbox 2203 3571 2324 3625; x_wconf 85' lang='lat' dir='ltr'><strong>gra-</strong></span> 
     </span>
    </p>
   </div>
   <div class='ocr_carea' id='block_1_39' title="bbox 783 3645 2328 3716">
    <p class='ocr_par' dir='ltr' id='par_1_39' title="bbox 783 3645 2328 3716">
     <span class='ocr_line' id='line_1_39' title="bbox 783 3645 2328 3716; baseline -0.004 -14"><span class='ocrx_word' id='word_1_268' title='bbox 783 3650 904 3704; x_wconf 86' lang='lat' dir='ltr'><strong>tias.</strong></span> <span class='ocrx_word' id='word_1_269' title='bbox 947 3649 1162 3702; x_wconf 87' lang='lat' dir='ltr'><strong>Sciebat</strong></span> <span class='ocrx_word' id='word_1_270' title='bbox 1204 3648 1345 3702; x_wconf 89' lang='lat' dir='ltr'><strong>enim</strong></span> <span class='ocrx_word' id='word_1_271' title='bbox 1391 3662 1420 3700; x_wconf 92' lang='lat' dir='ltr'><strong>a</strong></span> <span class='ocrx_word' id='word_1_272' title='bbox 1461 3647 1758 3716; x_wconf 88' lang='lat' dir='ltr'><strong>majoribus</strong></span> <span class='ocrx_word' id='word_1_273' title='bbox 1789 3645 1948 3700; x_wconf 86' lang='lat' dir='ltr'><strong>ﬁdem</strong></span> <span class='ocrx_word' id='word_1_274' title='bbox 1991 3645 2328 3700; x_wconf 83' lang='lat' dir='ltr'><strong>Christiano-</strong></span> 
     </span>
    </p>
   </div>
   <div class='ocr_carea' id='block_1_40' title="bbox 785 3736 2324 3808">
    <p class='ocr_par' dir='ltr' id='par_1_40' title="bbox 785 3736 2324 3808">
     <span class='ocr_line' id='line_1_40' title="bbox 785 3736 2324 3808; baseline -0.003 -16"><span class='ocrx_word' id='word_1_275' title='bbox 785 3758 926 3794; x_wconf 84' lang='lat' dir='ltr'><strong>rum.</strong></span> <span class='ocrx_word' id='word_1_276' title='bbox 959 3740 1089 3792; x_wconf 87' lang='lat' dir='ltr'><strong>Nam</strong></span> <span class='ocrx_word' id='word_1_277' title='bbox 1118 3748 1269 3808; x_wconf 88' lang='lat' dir='ltr'><strong>pater</strong></span> <span class='ocrx_word' id='word_1_278' title='bbox 1295 3739 1412 3807; x_wconf 90' lang='lat' dir='ltr'><strong>ejus</strong></span> <span class='ocrx_word' id='word_1_279' title='bbox 1449 3737 1772 3800; x_wconf 84' lang='lat' dir='ltr'><strong>Gordianus,</strong></span> <span class='ocrx_word' id='word_1_280' title='bbox 1803 3752 1924 3790; x_wconf 91' lang='lat' dir='ltr'><strong>eum</strong></span> <span class='ocrx_word' id='word_1_281' title='bbox 1968 3747 2112 3791; x_wconf 86' lang='lat' dir='ltr'><strong>esset</strong></span> <span class='ocrx_word' id='word_1_282' title='bbox 2142 3736 2324 3806; x_wconf 88' lang='lat' dir='ltr'><strong>primi-</strong></span> 
     </span>
    </p>
   </div>
   <div class='ocr_carea' id='block_1_41' title="bbox 781 3827 2325 3899">
    <p class='ocr_par' dir='ltr' id='par_1_41' title="bbox 781 3827 2325 3899">
     <span class='ocr_line' id='line_1_41' title="bbox 781 3827 2325 3899; baseline -0.002 -16"><span class='ocrx_word' id='word_1_283' title='bbox 781 3833 961 3884; x_wconf 75' lang='lat' dir='ltr'><strong>cerius</strong></span> <span class='ocrx_word' id='word_1_284' title='bbox 988 3832 1106 3899; x_wconf 87' lang='lat' dir='ltr'><strong>ejus</strong></span> <span class='ocrx_word' id='word_1_285' title='bbox 1136 3831 1382 3899; x_wconf 86' lang='lat' dir='ltr'><strong>legionis,</strong></span> <span class='ocrx_word' id='word_1_286' title='bbox 1411 3844 1550 3897; x_wconf 69' lang='lat' dir='ltr'><strong>saepe</strong></span> <span class='ocrx_word' id='word_1_287' title='bbox 1587 3829 1798 3882; x_wconf 88' lang='lat' dir='ltr'><strong>dicebat</strong></span> <span class='ocrx_word' id='word_1_288' title='bbox 1824 3846 1835 3880; x_wconf 91' lang='lat'>:</span> <span class='ocrx_word' id='word_1_289' title='bbox 1872 3827 2067 3881; x_wconf 88' lang='lat' dir='ltr'><strong>Beatus</strong></span> <span class='ocrx_word' id='word_1_290' title='bbox 2091 3836 2192 3889; x_wconf 85' lang='lat' dir='ltr'><strong>est,</strong></span> <span class='ocrx_word' id='word_1_291' title='bbox 2238 3829 2325 3896; x_wconf 86' lang='lat' dir='ltr'><strong>qui</strong></span> 
     </span>
    </p>
   </div>
   <div class='ocr_carea' id='block_1_42' title="bbox 787 3917 2324 3988">
    <p class='ocr_par' dir='ltr' id='par_1_42' title="bbox 787 3917 2324 3988">
     <span class='ocr_line' id='line_1_42' title="bbox 787 3917 2324 3988; baseline -0.003 -12"><span class='ocrx_word' id='word_1_292' title='bbox 787 3921 917 3988; x_wconf 68' lang='lat' dir='ltr'><strong>Regi</strong></span> <span class='ocrx_word' id='word_1_293' title='bbox 951 3935 1033 3973; x_wconf 79' lang='lat' dir='ltr'><strong>ea:</strong></span> <span class='ocrx_word' id='word_1_294' title='bbox 1056 3919 1160 3972; x_wconf 82' lang='lat' dir='ltr'><strong>esti</strong></span> <span class='ocrx_word' id='word_1_295' title='bbox 1197 3919 1424 3983; x_wconf 87' lang='lat' dir='ltr'><strong>militat;</strong></span> <span class='ocrx_word' id='word_1_296' title='bbox 1457 3919 1507 3972; x_wconf 92' lang='lat' dir='ltr'><strong>ei</strong></span> <span class='ocrx_word' id='word_1_297' title='bbox 1541 3918 1684 3971; x_wconf 88' lang='lat' dir='ltr'><strong>enim</strong></span> <span class='ocrx_word' id='word_1_298' title='bbox 1723 3917 1886 3972; x_wconf 92' lang='lat' dir='ltr'><strong>donat</strong></span> <span class='ocrx_word' id='word_1_299' title='bbox 1915 3933 2136 3986; x_wconf 83' lang='lat' dir='ltr'><strong>regnum</strong></span> <span class='ocrx_word' id='word_1_300' title='bbox 2160 3920 2324 3972; x_wconf 60' lang='lat' dir='ltr'><strong>caelo-</strong></span> 
     </span>
    </p>
   </div>
   <div class='ocr_carea' id='block_1_43' title="bbox 787 4007 2326 4064">
    <p class='ocr_par' dir='ltr' id='par_1_43' title="bbox 787 4007 2326 4064">
     <span class='ocr_line' id='line_1_43' title="bbox 787 4007 2326 4064; baseline 0 -3"><span class='ocrx_word' id='word_1_301' title='bbox 787 4027 927 4063; x_wconf 86' lang='lat' dir='ltr'><strong>rum.</strong></span> <span class='ocrx_word' id='word_1_302' title='bbox 964 4009 1054 4064; x_wconf 91' lang='lat' dir='ltr'><strong>llle</strong></span> <span class='ocrx_word' id='word_1_303' title='bbox 1086 4009 1229 4063; x_wconf 92' lang='lat' dir='ltr'><strong>enim</strong></span> <span class='ocrx_word' id='word_1_304' title='bbox 1260 4009 1370 4062; x_wconf 85' lang='lat' dir='ltr'><strong>Rex</strong></span> <span class='ocrx_word' id='word_1_305' title='bbox 1397 4008 1564 4062; x_wconf 90' lang='lat' dir='ltr'><strong>verbo</strong></span> <span class='ocrx_word' id='word_1_306' title='bbox 1593 4009 1772 4060; x_wconf 90' lang='lat' dir='ltr'><strong>omnia</strong></span> <span class='ocrx_word' id='word_1_307' title='bbox 1799 4015 1880 4061; x_wconf 90' lang='lat' dir='ltr'><strong>est</strong></span> <span class='ocrx_word' id='word_1_308' title='bbox 1910 4007 2201 4062; x_wconf 80' lang='lat' dir='ltr'><strong>fabricatus</strong></span> <span class='ocrx_word' id='word_1_309' title='bbox 2229 4027 2241 4061; x_wconf 86' lang='lat'><strong>:</strong></span> <span class='ocrx_word' id='word_1_310' title='bbox 2270 4018 2326 4061; x_wconf 90' lang='lat' dir='ltr'><strong>et</strong></span> 
     </span>
    </p>
   </div>
   <div class='ocr_carea' id='block_1_44' title="bbox 787 4098 2328 4168">
    <p class='ocr_par' dir='ltr' id='par_1_44' title="bbox 787 4098 2328 4168">
     <span class='ocr_line' id='line_1_44' title="bbox 787 4098 2328 4168; baseline 0.001 -18"><span class='ocrx_word' id='word_1_311' title='bbox 787 4102 874 4152; x_wconf 73' lang='lat' dir='ltr'><strong>ille</strong></span> <span class='ocrx_word' id='word_1_312' title='bbox 912 4109 1013 4161; x_wconf 83' lang='lat' dir='ltr'><strong>est,</strong></span> <span class='ocrx_word' id='word_1_313' title='bbox 1059 4098 1150 4167; x_wconf 92' lang='lat' dir='ltr'><strong>qui</strong></span> <span class='ocrx_word' id='word_1_314' title='bbox 1189 4107 1271 4151; x_wconf 88' lang='lat' dir='ltr'><strong>est</strong></span> <span class='ocrx_word' id='word_1_315' title='bbox 1317 4100 1468 4152; x_wconf 89' lang='lat' dir='ltr'><strong>vivos</strong></span> <span class='ocrx_word' id='word_1_316' title='bbox 1502 4108 1555 4151; x_wconf 87' lang='lat' dir='ltr'><strong>et</strong></span> <span class='ocrx_word' id='word_1_317' title='bbox 1597 4108 1842 4151; x_wconf 89' lang='lat' dir='ltr'><strong>mortuos</strong></span> <span class='ocrx_word' id='word_1_318' title='bbox 1881 4099 2244 4168; x_wconf 84' lang='lat' dir='ltr'><strong>judicaturus,</strong></span> <span class='ocrx_word' id='word_1_319' title='bbox 2274 4109 2328 4153; x_wconf 92' lang='lat' dir='ltr'><strong>ct</strong></span> 
     </span>
    </p>
   </div>
   <div class='ocr_carea' id='block_1_45' title="bbox 786 4187 2325 4256">
    <p class='ocr_par' dir='ltr' id='par_1_45' title="bbox 786 4187 2325 4256">
     <span class='ocr_line' id='line_1_45' title="bbox 786 4187 2325 4256; baseline -0.001 -15"><span class='ocrx_word' id='word_1_320' title='bbox 786 4191 1079 4256; x_wconf 81' lang='lat' dir='ltr'><strong>unicuique</strong></span> <span class='ocrx_word' id='word_1_321' title='bbox 1124 4188 1434 4240; x_wconf 85' lang='lat' dir='ltr'><strong>redditurus</strong></span> <span class='ocrx_word' id='word_1_322' title='bbox 1469 4187 1763 4240; x_wconf 84' lang='lat' dir='ltr'><strong>secundum</strong></span> <span class='ocrx_word' id='word_1_323' title='bbox 1800 4202 1894 4240; x_wconf 88' lang='lat' dir='ltr'><strong>sua</strong></span> <span class='ocrx_word' id='word_1_324' title='bbox 1930 4202 2090 4256; x_wconf 84' lang='lat' dir='ltr'><strong>opera</strong></span> <span class='ocrx_word' id='word_1_325' title='bbox 2119 4191 2154 4240; x_wconf 80' lang='lat'><strong>‘.</strong></span> <span class='ocrx_word' id='word_1_326' title='bbox 2191 4188 2325 4243; x_wconf 89' lang='lat' dir='ltr'><strong>Cum</strong></span> 
     </span>
    </p>
   </div>
   <div class='ocr_carea' id='block_1_46' title="bbox 784 4277 2328 4346">
    <p class='ocr_par' dir='ltr' id='par_1_46' title="bbox 784 4277 2328 4346">
     <span class='ocr_line' id='line_1_46' title="bbox 784 4277 2328 4346; baseline 0.001 -16"><span class='ocrx_word' id='word_1_327' title='bbox 784 4281 848 4332; x_wconf 74' lang='lat' dir='ltr'><strong>ad</strong></span> <span class='ocrx_word' id='word_1_328' title='bbox 895 4296 950 4333; x_wconf 90' lang='lat' dir='ltr'><strong>se</strong></span> <span class='ocrx_word' id='word_1_329' title='bbox 1003 4294 1131 4346; x_wconf 76' lang='lat' dir='ltr'><strong>ergo</strong></span> <span class='ocrx_word' id='word_1_330' title='bbox 1185 4278 1451 4340; x_wconf 86' lang='lat' dir='ltr'><strong>rediisset,</strong></span> <span class='ocrx_word' id='word_1_331' title='bbox 1501 4288 1552 4330; x_wconf 91' lang='lat' dir='ltr'><strong>et</strong></span> <span class='ocrx_word' id='word_1_332' title='bbox 1599 4277 1767 4346; x_wconf 84' lang='lat' dir='ltr'><strong>patris</strong></span> <span class='ocrx_word' id='word_1_333' title='bbox 1814 4279 2100 4332; x_wconf 83' lang='lat' dir='ltr'><strong>verborum</strong></span> <span class='ocrx_word' id='word_1_334' title='bbox 2140 4279 2328 4332; x_wconf 88' lang='lat' dir='ltr'><strong>memi-</strong></span> 
     </span>
    </p>
   </div>
   <div class='ocr_carea' id='block_1_47' title="bbox 787 4367 2326 4439">
    <p class='ocr_par' dir='ltr' id='par_1_47' title="bbox 787 4367 2326 4439">
     <span class='ocr_line' id='line_1_47' title="bbox 787 4367 2326 4439; baseline 0 -17"><span class='ocrx_word' id='word_1_335' title='bbox 787 4375 975 4432; x_wconf 85' lang='lat' dir='ltr'><strong>nisset,</strong></span> <span class='ocrx_word' id='word_1_336' title='bbox 1012 4379 1064 4423; x_wconf 88' lang='lat' dir='ltr'><strong>et</strong></span> <span class='ocrx_word' id='word_1_337' title='bbox 1111 4368 1506 4422; x_wconf 83' lang='lat' dir='ltr'><strong>considerasset</strong></span> <span class='ocrx_word' id='word_1_338' title='bbox 1541 4367 1821 4430; x_wconf 83' lang='lat' dir='ltr'><strong>visionem,</strong></span> <span class='ocrx_word' id='word_1_339' title='bbox 1860 4384 1978 4437; x_wconf 74' lang='lat' dir='ltr'><strong>qua:</strong></span> <span class='ocrx_word' id='word_1_340' title='bbox 2020 4369 2121 4422; x_wconf 87' lang='lat' dir='ltr'><strong>sibi</strong></span> <span class='ocrx_word' id='word_1_341' title='bbox 2161 4384 2326 4439; x_wconf 88' lang='lat' dir='ltr'><strong>appa-</strong></span> 
     </span>
    </p>
   </div>
   <div class='ocr_carea' id='block_1_48' title="bbox 2424 564 3986 634">
    <p class='ocr_par' dir='ltr' id='par_1_48' title="bbox 2424 564 3986 634">
     <span class='ocr_line' id='line_1_48' title="bbox 2424 564 3986 634; baseline 0.001 -16"><span class='ocrx_word' id='word_1_342' title='bbox 2424 581 2547 618; x_wconf 91' lang='lat' dir='ltr'><strong>eum</strong></span> <span class='ocrx_word' id='word_1_343' title='bbox 2573 573 2789 619; x_wconf 88' lang='lat' dir='ltr'><strong>accusat</strong></span> <span class='ocrx_word' id='word_1_344' title='bbox 2811 565 2954 634; x_wconf 89' lang='lat' dir='ltr'><strong>apud</strong></span> <span class='ocrx_word' id='word_1_345' title='bbox 2981 564 3382 634; x_wconf 87' lang='lat' dir='ltr'><strong>imperatorem,</strong></span> <span class='ocrx_word' id='word_1_346' title='bbox 3414 568 3636 620; x_wconf 85' lang='lat' dir='ltr'><strong>dicens:</strong></span> <span class='ocrx_word' id='word_1_347' title='bbox 3671 568 3762 622; x_wconf 64' lang='lat' dir='ltr'><strong>Pte</strong></span> <span class='ocrx_word' id='word_1_348' title='bbox 3795 571 3986 621; x_wconf 85' lang='lat' dir='ltr'><strong>trium-</strong></span> 
     </span>
    </p>
   </div>
   <div class='ocr_carea' id='block_1_49' title="bbox 2424 655 3984 725">
    <p class='ocr_par' dir='ltr' id='par_1_49' title="bbox 2424 655 3984 725">
     <span class='ocr_line' id='line_1_49' title="bbox 2424 655 3984 725; baseline 0.004 -18"><span class='ocrx_word' id='word_1_349' title='bbox 2424 655 2618 723; x_wconf 88' lang='lat' dir='ltr'><strong>phator</strong></span> <span class='ocrx_word' id='word_1_350' title='bbox 2667 665 2722 710; x_wconf 83' lang='lat' dir='ltr'><strong>et</strong></span> <span class='ocrx_word' id='word_1_351' title='bbox 2765 657 2957 719; x_wconf 87' lang='lat' dir='ltr'><strong>victor,</strong></span> <span class='ocrx_word' id='word_1_352' title='bbox 2993 672 3020 709; x_wconf 86' lang='lat' dir='ltr'><strong>a</strong></span> <span class='ocrx_word' id='word_1_353' title='bbox 3055 656 3160 710; x_wconf 93' lang='lat' dir='ltr'><strong>diis</strong></span> <span class='ocrx_word' id='word_1_354' title='bbox 3210 657 3457 725; x_wconf 87' lang='lat' dir='ltr'><strong>probate,</strong></span> <span class='ocrx_word' id='word_1_355' title='bbox 3513 668 3570 711; x_wconf 93' lang='lat' dir='ltr'><strong>ut</strong></span> <span class='ocrx_word' id='word_1_356' title='bbox 3629 659 3984 713; x_wconf 86' lang='lat' dir='ltr'><strong>adininistrcs</strong></span> 
     </span>
    </p>
   </div>
   <div class='ocr_carea' id='block_1_50' title="bbox 2424 743 3983 813">
    <p class='ocr_par' dir='ltr' id='par_1_50' title="bbox 2424 743 3983 813">
     <span class='ocr_line' id='line_1_50' title="bbox 2424 743 3983 813; baseline 0.003 -17"><span class='ocrx_word' id='word_1_357' title='bbox 2424 743 2736 812; x_wconf 84' lang='lat' dir='ltr'><strong>imperium,</strong></span> <span class='ocrx_word' id='word_1_358' title='bbox 2765 744 2986 813; x_wconf 87' lang='lat' dir='ltr'><strong>dignare</strong></span> <span class='ocrx_word' id='word_1_359' title='bbox 3010 744 3219 812; x_wconf 89' lang='lat' dir='ltr'><strong>placide</strong></span> <span class='ocrx_word' id='word_1_360' title='bbox 3249 761 3333 800; x_wconf 81' lang='lat' dir='ltr'><strong>me</strong></span> <span class='ocrx_word' id='word_1_361' title='bbox 3364 747 3573 801; x_wconf 84' lang='lat' dir='ltr'><strong>audire.</strong></span> <span class='ocrx_word' id='word_1_362' title='bbox 3605 748 3706 813; x_wconf 85' lang='lat' dir='ltr'><strong>Qui</strong></span> <span class='ocrx_word' id='word_1_363' title='bbox 3741 763 3770 800; x_wconf 94' lang='lat' dir='ltr'><strong>a</strong></span> <span class='ocrx_word' id='word_1_364' title='bbox 3801 760 3983 802; x_wconf 83' lang='lat' dir='ltr'><strong>vestra</strong></span> 
     </span>
    </p>
   </div>
   <div class='ocr_carea' id='block_1_51' title="bbox 2426 834 3984 908">
    <p class='ocr_par' dir='ltr' id='par_1_51' title="bbox 2426 834 3984 908">
     <span class='ocr_line' id='line_1_51' title="bbox 2426 834 3984 908; baseline 0.003 -22"><span class='ocrx_word' id='word_1_365' title='bbox 2426 834 2772 902; x_wconf 86' lang='lat' dir='ltr'><strong>imperatoria</strong></span> <span class='ocrx_word' id='word_1_366' title='bbox 2813 847 2896 890; x_wconf 90' lang='lat' dir='ltr'><strong>est</strong></span> <span class='ocrx_word' id='word_1_367' title='bbox 2947 836 3243 891; x_wconf 86' lang='lat' dir='ltr'><strong>honoratus</strong></span> <span class='ocrx_word' id='word_1_368' title='bbox 3282 838 3522 900; x_wconf 89' lang='lat' dir='ltr'><strong>dextera,</strong></span> <span class='ocrx_word' id='word_1_369' title='bbox 3569 851 3626 893; x_wconf 89' lang='lat' dir='ltr'><strong>et</strong></span> <span class='ocrx_word' id='word_1_370' title='bbox 3675 840 3762 893; x_wconf 85' lang='lat' dir='ltr'><strong>cui</strong></span> <span class='ocrx_word' id='word_1_371' title='bbox 3809 839 3984 908; x_wconf 88' lang='lat' dir='ltr'><strong>gloria</strong></span> 
     </span>
    </p>
   </div>
   <div class='ocr_carea' id='block_1_52' title="bbox 2426 926 3983 997">
    <p class='ocr_par' dir='ltr' id='par_1_52' title="bbox 2426 926 3983 997">
     <span class='ocr_line' id='line_1_52' title="bbox 2426 926 3983 997; baseline 0.001 -18"><span class='ocrx_word' id='word_1_372' title='bbox 2426 926 2530 979; x_wconf 76' lang='lat' dir='ltr'><strong>fuit</strong></span> <span class='ocrx_word' id='word_1_373' title='bbox 2554 928 2754 980; x_wconf 90' lang='lat' dir='ltr'><strong>tributa</strong></span> <span class='ocrx_word' id='word_1_374' title='bbox 2789 944 2816 981; x_wconf 92' lang='lat' dir='ltr'><strong>a</strong></span> <span class='ocrx_word' id='word_1_375' title='bbox 2847 939 3026 981; x_wconf 90' lang='lat' dir='ltr'><strong>vestro</strong></span> <span class='ocrx_word' id='word_1_376' title='bbox 3052 928 3300 996; x_wconf 87' lang='lat' dir='ltr'><strong>imperio,</strong></span> <span class='ocrx_word' id='word_1_377' title='bbox 3326 929 3470 997; x_wconf 93' lang='lat' dir='ltr'><strong>quod</strong></span> <span class='ocrx_word' id='word_1_378' title='bbox 3501 945 3585 983; x_wconf 81' lang='lat' dir='ltr'><strong>res</strong></span> <span class='ocrx_word' id='word_1_379' title='bbox 3611 929 3983 983; x_wconf 74' lang='lat' dir='ltr'><strong>Romanorum</strong></span> 
     </span>
    </p>
   </div>
   <div class='ocr_carea' id='block_1_53' title="bbox 2426 1015 3989 1086">
    <p class='ocr_par' dir='ltr' id='par_1_53' title="bbox 2426 1015 3989 1086">
     <span class='ocr_line' id='line_1_53' title="bbox 2426 1015 3989 1086; baseline 0.003 -18"><span class='ocrx_word' id='word_1_380' title='bbox 2426 1015 2633 1082; x_wconf 89' lang='lat' dir='ltr'><strong>placide</strong></span> <span class='ocrx_word' id='word_1_381' title='bbox 2668 1027 2721 1070; x_wconf 92' lang='lat' dir='ltr'><strong>et</strong></span> <span class='ocrx_word' id='word_1_382' title='bbox 2769 1018 3057 1086; x_wconf 86' lang='lat' dir='ltr'><strong>tranquille</strong></span> <span class='ocrx_word' id='word_1_383' title='bbox 3093 1017 3453 1081; x_wconf 75' lang='lat' dir='ltr'><strong>administrat,</strong></span> <span class='ocrx_word' id='word_1_384' title='bbox 3500 1018 3544 1071; x_wconf 92' lang='lat' dir='ltr'><strong>is</strong></span> <span class='ocrx_word' id='word_1_385' title='bbox 3591 1019 3835 1072; x_wconf 79' lang='lat' dir='ltr'><strong>nonfuit</strong></span> <span class='ocrx_word' id='word_1_386' title='bbox 3887 1035 3989 1073; x_wconf 63' lang='lat' dir='ltr'><strong>no.</strong></span> 
     </span>
    </p>
   </div>
   <div class='ocr_carea' id='block_1_54' title="bbox 2424 1103 3991 1175">
    <p class='ocr_par' dir='ltr' id='par_1_54' title="bbox 2424 1103 3991 1175">
     <span class='ocr_line' id='line_1_54' title="bbox 2424 1103 3991 1175; baseline 0.003 -18"><span class='ocrx_word' id='word_1_387' title='bbox 2424 1103 2631 1158; x_wconf 90' lang='lat' dir='ltr'><strong>hiscum</strong></span> <span class='ocrx_word' id='word_1_388' title='bbox 2649 1107 2701 1158; x_wconf 94' lang='lat' dir='ltr'><strong>in</strong></span> <span class='ocrx_word' id='word_1_389' title='bbox 2720 1107 2918 1174; x_wconf 87' lang='lat' dir='ltr'><strong>templo</strong></span> <span class='ocrx_word' id='word_1_390' title='bbox 2937 1121 3138 1175; x_wconf 79' lang='lat' dir='ltr'><strong>magna:</strong></span> <span class='ocrx_word' id='word_1_391' title='bbox 3155 1105 3351 1168; x_wconf 57' lang='lat' dir='ltr'><strong>Diana,</strong></span> <span class='ocrx_word' id='word_1_392' title='bbox 3368 1109 3687 1161; x_wconf 82' lang='lat' dir='ltr'><strong>sacriﬁcium</strong></span> <span class='ocrx_word' id='word_1_393' title='bbox 3703 1107 3991 1162; x_wconf 62' lang='lat' dir='ltr'><strong>oblaturus</strong></span> 
     </span>
    </p>
   </div>
   <div class='ocr_carea' id='block_1_55' title="bbox 2424 1195 3989 1264">
    <p class='ocr_par' dir='ltr' id='par_1_55' title="bbox 2424 1195 3989 1264">
     <span class='ocr_line' id='line_1_55' title="bbox 2424 1195 3989 1264; baseline 0 -20"><span class='ocrx_word' id='word_1_394' title='bbox 2424 1208 2524 1262; x_wconf 90' lang='lat' dir='ltr'><strong>pro</strong></span> <span class='ocrx_word' id='word_1_395' title='bbox 2563 1207 2738 1249; x_wconf 90' lang='lat' dir='ltr'><strong>vestra</strong></span> <span class='ocrx_word' id='word_1_396' title='bbox 2761 1196 3021 1263; x_wconf 88' lang='lat' dir='ltr'><strong>potentia.</strong></span> <span class='ocrx_word' id='word_1_397' title='bbox 3056 1195 3200 1248; x_wconf 85' lang='lat' dir='ltr'><strong>Dixit</strong></span> <span class='ocrx_word' id='word_1_398' title='bbox 3230 1197 3530 1264; x_wconf 87' lang='lat' dir='ltr'><strong>imperator</strong></span> <span class='ocrx_word' id='word_1_399' title='bbox 3557 1215 3570 1250; x_wconf 86' lang='lat'><strong>:</strong></span> <span class='ocrx_word' id='word_1_400' title='bbox 3596 1195 3725 1262; x_wconf 86' lang='lat' dir='ltr'><strong>Quis</strong></span> <span class='ocrx_word' id='word_1_401' title='bbox 3755 1196 3844 1250; x_wconf 86' lang='lat' dir='ltr'><strong>hic</strong></span> <span class='ocrx_word' id='word_1_402' title='bbox 3864 1195 3989 1249; x_wconf 87' lang='lat' dir='ltr'><strong>est?</strong></span> 
     </span>
    </p>
   </div>
   <div class='ocr_carea' id='block_1_56' title="bbox 2427 1286 3988 1357">
    <p class='ocr_par' dir='ltr' id='par_1_56' title="bbox 2427 1286 3988 1357">
     <span class='ocr_line' id='line_1_56' title="bbox 2427 1286 3988 1357; baseline 0.003 -19"><span class='ocrx_word' id='word_1_403' title='bbox 2427 1286 2569 1339; x_wconf 74' lang='lat' dir='ltr'><strong>Dixit</strong></span> <span class='ocrx_word' id='word_1_404' title='bbox 2597 1286 2820 1340; x_wconf 86' lang='lat' dir='ltr'><strong>Catulus</strong></span> <span class='ocrx_word' id='word_1_405' title='bbox 2868 1287 3212 1341; x_wconf 88' lang='lat' dir='ltr'><strong>consularis:</strong></span> <span class='ocrx_word' id='word_1_406' title='bbox 3254 1288 3562 1343; x_wconf 73' lang='lat' dir='ltr'><strong>Mercurius</strong></span> <span class='ocrx_word' id='word_1_407' title='bbox 3603 1305 3765 1357; x_wconf 88' lang='lat' dir='ltr'><strong>quem</strong></span> <span class='ocrx_word' id='word_1_408' title='bbox 3804 1290 3988 1356; x_wconf 85' lang='lat' dir='ltr'><strong>magni</strong></span> 
     </span>
    </p>
   </div>
   <div class='ocr_carea' id='block_1_57' title="bbox 2425 1375 3989 1448">
    <p class='ocr_par' dir='ltr' id='par_1_57' title="bbox 2425 1375 3989 1448">
     <span class='ocr_line' id='line_1_57' title="bbox 2425 1375 3989 1448; baseline 0.002 -20"><span class='ocrx_word' id='word_1_409' title='bbox 2425 1375 2631 1429; x_wconf 66' lang='lat' dir='ltr'><strong>let-istis</strong></span> <span class='ocrx_word' id='word_1_410' title='bbox 2677 1387 2730 1429; x_wconf 90' lang='lat' dir='ltr'><strong>et</strong></span> <span class='ocrx_word' id='word_1_411' title='bbox 2761 1377 2996 1432; x_wconf 88' lang='lat' dir='ltr'><strong>ornastis</strong></span> <span class='ocrx_word' id='word_1_412' title='bbox 3047 1378 3278 1432; x_wconf 89' lang='lat' dir='ltr'><strong>diversis</strong></span> <span class='ocrx_word' id='word_1_413' title='bbox 3329 1379 3706 1448; x_wconf 73' lang='lat' dir='ltr'><strong>dignitatibus.</strong></span> <span class='ocrx_word' id='word_1_414' title='bbox 3760 1378 3808 1432; x_wconf 86' lang='lat' dir='ltr'><strong>ls</strong></span> <span class='ocrx_word' id='word_1_415' title='bbox 3848 1381 3989 1431; x_wconf 83' lang='lat' dir='ltr'><strong>alios</strong></span> 
     </span>
    </p>
   </div>
   <div class='ocr_carea' id='block_1_58' title="bbox 2423 1468 3989 1535">
    <p class='ocr_par' dir='ltr' id='par_1_58' title="bbox 2423 1468 3989 1535">
     <span class='ocr_line' id='line_1_58' title="bbox 2423 1468 3989 1535; baseline 0.003 -17"><span class='ocrx_word' id='word_1_416' title='bbox 2423 1482 2639 1535; x_wconf 87' lang='lat' dir='ltr'><strong>quoque</strong></span> <span class='ocrx_word' id='word_1_417' title='bbox 2671 1469 2892 1528; x_wconf 83' lang='lat' dir='ltr'><strong>evertit,</strong></span> <span class='ocrx_word' id='word_1_418' title='bbox 2937 1483 3004 1522; x_wconf 92' lang='lat' dir='ltr'><strong>ne</strong></span> <span class='ocrx_word' id='word_1_419' title='bbox 3037 1468 3169 1523; x_wconf 86' lang='lat' dir='ltr'><strong>deos</strong></span> <span class='ocrx_word' id='word_1_420' title='bbox 3197 1470 3412 1524; x_wconf 84' lang='lat' dir='ltr'><strong>colant:</strong></span> <span class='ocrx_word' id='word_1_421' title='bbox 3443 1471 3646 1524; x_wconf 87' lang='lat' dir='ltr'><strong>exitum</strong></span> <span class='ocrx_word' id='word_1_422' title='bbox 3674 1480 3860 1524; x_wconf 88' lang='lat' dir='ltr'><strong>autem</strong></span> <span class='ocrx_word' id='word_1_423' title='bbox 3893 1486 3989 1523; x_wconf 83' lang='lat' dir='ltr'><strong>ve-</strong></span> 
     </span>
    </p>
   </div>
   <div class='ocr_carea' id='block_1_59' title="bbox 2425 1559 3982 1630">
    <p class='ocr_par' dir='ltr' id='par_1_59' title="bbox 2425 1559 3982 1630">
     <span class='ocr_line' id='line_1_59' title="bbox 2425 1559 3982 1630; baseline 0 -18"><span class='ocrx_word' id='word_1_424' title='bbox 2425 1559 2507 1613; x_wconf 91' lang='lat' dir='ltr'><strong>bis</strong></span> <span class='ocrx_word' id='word_1_425' title='bbox 2541 1561 2788 1614; x_wconf 87' lang='lat' dir='ltr'><strong>ostendet</strong></span> <span class='ocrx_word' id='word_1_426' title='bbox 2815 1564 2932 1630; x_wconf 92' lang='lat' dir='ltr'><strong>ejus</strong></span> <span class='ocrx_word' id='word_1_427' title='bbox 2981 1564 3046 1615; x_wconf 91' lang='lat' dir='ltr'><strong>ad</strong></span> <span class='ocrx_word' id='word_1_428' title='bbox 3096 1577 3193 1616; x_wconf 88' lang='lat' dir='ltr'><strong>vos</strong></span> <span class='ocrx_word' id='word_1_429' title='bbox 3230 1563 3532 1630; x_wconf 86' lang='lat' dir='ltr'><strong>responsio.</strong></span> <span class='ocrx_word' id='word_1_430' title='bbox 3569 1561 3704 1615; x_wconf 80' lang='lat' dir='ltr'><strong>Dixit</strong></span> <span class='ocrx_word' id='word_1_431' title='bbox 3737 1560 3935 1614; x_wconf 90' lang='lat' dir='ltr'><strong>Decius</strong></span> <span class='ocrx_word' id='word_1_432' title='bbox 3971 1580 3982 1612; x_wconf 85' lang='lat'><strong>:</strong></span> 
     </span>
    </p>
   </div>
   <div class='ocr_carea' id='block_1_60' title="bbox 2422 1652 3970 1720">
    <p class='ocr_par' dir='ltr' id='par_1_60' title="bbox 2422 1652 3970 1720">
     <span class='ocr_line' id='line_1_60' title="bbox 2422 1652 3970 1720; baseline 0 -16"><span class='ocrx_word' id='word_1_433' title='bbox 2422 1652 2613 1720; x_wconf 79' lang='lat' dir='ltr'><strong>Aliqua</strong></span> <span class='ocrx_word' id='word_1_434' title='bbox 2649 1652 2870 1705; x_wconf 74' lang='lat' dir='ltr'><strong>fortasse</strong></span> <span class='ocrx_word' id='word_1_435' title='bbox 2904 1653 2956 1704; x_wconf 89' lang='lat' dir='ltr'><strong>in</strong></span> <span class='ocrx_word' id='word_1_436' title='bbox 2981 1667 3105 1705; x_wconf 89' lang='lat' dir='ltr'><strong>eum</strong></span> <span class='ocrx_word' id='word_1_437' title='bbox 3153 1663 3329 1705; x_wconf 90' lang='lat' dir='ltr'><strong>motus</strong></span> <span class='ocrx_word' id='word_1_438' title='bbox 3355 1652 3580 1716; x_wconf 86' lang='lat' dir='ltr'><strong>invidia,</strong></span> <span class='ocrx_word' id='word_1_439' title='bbox 3618 1652 3731 1706; x_wconf 61' lang='lat' dir='ltr'><strong>haec</strong></span> <span class='ocrx_word' id='word_1_440' title='bbox 3760 1654 3813 1705; x_wconf 93' lang='lat' dir='ltr'><strong>in</strong></span> <span class='ocrx_word' id='word_1_441' title='bbox 3842 1667 3970 1706; x_wconf 90' lang='lat' dir='ltr'><strong>eum</strong></span> 
     </span>
    </p>
   </div>
   <div class='ocr_carea' id='block_1_61' title="bbox 2424 1741 3986 1810">
    <p class='ocr_par' dir='ltr' id='par_1_61' title="bbox 2424 1741 3986 1810">
     <span class='ocr_line' id='line_1_61' title="bbox 2424 1741 3986 1810; baseline 0.001 -16"><span class='ocrx_word' id='word_1_442' title='bbox 2424 1741 2638 1796; x_wconf 82' lang='lat' dir='ltr'><strong>locutus</strong></span> <span class='ocrx_word' id='word_1_443' title='bbox 2679 1758 2773 1804; x_wconf 85' lang='lat' dir='ltr'><strong>es;</strong></span> <span class='ocrx_word' id='word_1_444' title='bbox 2812 1744 2906 1797; x_wconf 86' lang='lat' dir='ltr'><strong>sed</strong></span> <span class='ocrx_word' id='word_1_445' title='bbox 2962 1753 3011 1796; x_wconf 90' lang='lat' dir='ltr'><strong>te</strong></span> <span class='ocrx_word' id='word_1_446' title='bbox 3051 1755 3159 1797; x_wconf 92' lang='lat' dir='ltr'><strong>non</strong></span> <span class='ocrx_word' id='word_1_447' title='bbox 3194 1743 3432 1807; x_wconf 88' lang='lat' dir='ltr'><strong>audiam,</strong></span> <span class='ocrx_word' id='word_1_448' title='bbox 3469 1743 3571 1795; x_wconf 90' lang='lat' dir='ltr'><strong>nisi</strong></span> <span class='ocrx_word' id='word_1_449' title='bbox 3617 1757 3682 1796; x_wconf 92' lang='lat' dir='ltr'><strong>eo</strong></span> <span class='ocrx_word' id='word_1_450' title='bbox 3715 1752 3986 1810; x_wconf 61' lang='lat' dir='ltr'><strong>prasente</strong></span> 
     </span>
    </p>
   </div>
   <div class='ocr_carea' id='block_1_62' title="bbox 2358 1821 3984 1903">
    <p class='ocr_par' dir='ltr' id='par_1_62' title="bbox 2358 1821 3984 1903">
     <span class='ocr_line' id='line_1_62' title="bbox 2358 1821 3984 1903; baseline 0.001 -18"><span class='ocrx_word' id='word_1_451' title='bbox 2358 1821 2394 1873; x_wconf 76' lang='grc' dir='ltr'>υ</span> <span class='ocrx_word' id='word_1_452' title='bbox 2428 1849 2551 1888; x_wconf 86' lang='lat' dir='ltr'><strong>vera</strong></span> <span class='ocrx_word' id='word_1_453' title='bbox 2604 1849 2930 1902; x_wconf 84' lang='lat' dir='ltr'><strong>cognovero,</strong></span> <span class='ocrx_word' id='word_1_454' title='bbox 2997 1833 3099 1887; x_wconf 90' lang='lat' dir='ltr'><strong>ﬁde</strong></span> <span class='ocrx_word' id='word_1_455' title='bbox 3159 1846 3339 1886; x_wconf 88' lang='lat' dir='ltr'><strong>autem</strong></span> <span class='ocrx_word' id='word_1_456' title='bbox 3401 1834 3679 1903; x_wconf 88' lang='lat' dir='ltr'><strong>dgniorcs</strong></span> <span class='ocrx_word' id='word_1_457' title='bbox 3723 1833 3984 1902; x_wconf 88' lang='lat' dir='ltr'><strong>judicabo</strong></span> 
     </span>
    </p>
   </div>
   <div class='ocr_carea' id='block_1_63' title="bbox 2430 1924 3984 1994">
    <p class='ocr_par' dir='ltr' id='par_1_63' title="bbox 2430 1924 3984 1994">
     <span class='ocr_line' id='line_1_63' title="bbox 2430 1924 3984 1994; baseline 0.001 -17"><span class='ocrx_word' id='word_1_458' title='bbox 2430 1925 2719 1978; x_wconf 87' lang='lat' dir='ltr'><strong>testimonii</strong></span> <span class='ocrx_word' id='word_1_459' title='bbox 2747 1925 2954 1987; x_wconf 83' lang='lat' dir='ltr'><strong>oculos,</strong></span> <span class='ocrx_word' id='word_1_460' title='bbox 2991 1941 3151 1992; x_wconf 90' lang='lat' dir='ltr'><strong>quam</strong></span> <span class='ocrx_word' id='word_1_461' title='bbox 3182 1939 3361 1978; x_wconf 89' lang='lat' dir='ltr'><strong>aures.</strong></span> <span class='ocrx_word' id='word_1_462' title='bbox 3398 1924 3535 1978; x_wconf 89' lang='lat' dir='ltr'><strong>Tace</strong></span> <span class='ocrx_word' id='word_1_463' title='bbox 3580 1940 3727 1994; x_wconf 82' lang='lat' dir='ltr'><strong>ergo,</strong></span> <span class='ocrx_word' id='word_1_464' title='bbox 3777 1936 3984 1980; x_wconf 88' lang='lat' dir='ltr'><strong>etcum</strong></span> 
     </span>
    </p>
   </div>
   <div class='ocr_carea' id='block_1_64' title="bbox 2425 2016 3984 2085">
    <p class='ocr_par' dir='ltr' id='par_1_64' title="bbox 2425 2016 3984 2085">
     <span class='ocr_line' id='line_1_64' title="bbox 2425 2016 3984 2085; baseline 0.001 -16"><span class='ocrx_word' id='word_1_465' title='bbox 2425 2029 2490 2069; x_wconf 88' lang='lat' dir='ltr'><strong>eo</strong></span> <span class='ocrx_word' id='word_1_466' title='bbox 2522 2016 2730 2069; x_wconf 89' lang='lat' dir='ltr'><strong>tmllum</strong></span> <span class='ocrx_word' id='word_1_467' title='bbox 2759 2017 2984 2068; x_wconf 83' lang='lat' dir='ltr'><strong>verbum</strong></span> <span class='ocrx_word' id='word_1_468' title='bbox 3024 2018 3278 2084; x_wconf 85' lang='lat' dir='ltr'><strong>loquere.</strong></span> <span class='ocrx_word' id='word_1_469' title='bbox 3310 2025 3365 2070; x_wconf 94' lang='lat' dir='ltr'><strong>et</strong></span> <span class='ocrx_word' id='word_1_470' title='bbox 3398 2017 3442 2069; x_wconf 90' lang='lat' dir='ltr'><strong>si</strong></span> <span class='ocrx_word' id='word_1_471' title='bbox 3475 2016 3839 2070; x_wconf 88' lang='lat' dir='ltr'><strong>calumniandi</strong></span> <span class='ocrx_word' id='word_1_472' title='bbox 3867 2020 3984 2085; x_wconf 85' lang='lat' dir='ltr'><strong>qui-</strong></span> 
     </span>
    </p>
   </div>
   <div class='ocr_carea' id='block_1_65' title="bbox 2427 2105 3980 2169">
    <p class='ocr_par' dir='ltr' id='par_1_65' title="bbox 2427 2105 3980 2169">
     <span class='ocr_line' id='line_1_65' title="bbox 2427 2105 3980 2169; baseline 0.001 -11"><span class='ocrx_word' id='word_1_473' title='bbox 2427 2105 2545 2158; x_wconf 90' lang='lat' dir='ltr'><strong>dem</strong></span> <span class='ocrx_word' id='word_1_474' title='bbox 2581 2107 2761 2159; x_wconf 91' lang='lat' dir='ltr'><strong>animo</strong></span> <span class='ocrx_word' id='word_1_475' title='bbox 2796 2120 2925 2159; x_wconf 89' lang='lat' dir='ltr'><strong>usus</strong></span> <span class='ocrx_word' id='word_1_476' title='bbox 2955 2107 3008 2158; x_wconf 90' lang='lat' dir='ltr'><strong>in</strong></span> <span class='ocrx_word' id='word_1_477' title='bbox 3032 2121 3155 2159; x_wconf 91' lang='lat' dir='ltr'><strong>eum</strong></span> <span class='ocrx_word' id='word_1_478' title='bbox 3195 2107 3307 2159; x_wconf 39' lang='lat' dir='ltr'><strong>hare</strong></span> <span class='ocrx_word' id='word_1_479' title='bbox 3337 2107 3560 2169; x_wconf 79' lang='lat' dir='ltr'><strong>dixeris,</strong></span> <span class='ocrx_word' id='word_1_480' title='bbox 3595 2124 3703 2162; x_wconf 91' lang='lat' dir='ltr'><strong>non</strong></span> <span class='ocrx_word' id='word_1_481' title='bbox 3734 2109 3850 2163; x_wconf 86' lang='lat' dir='ltr'><strong>leve</strong></span> <span class='ocrx_word' id='word_1_482' title='bbox 3881 2111 3980 2162; x_wconf 82' lang='lat' dir='ltr'><strong>da-</strong></span> 
     </span>
    </p>
   </div>
   <div class='ocr_carea' id='block_1_66' title="bbox 2426 2195 3976 2266">
    <p class='ocr_par' dir='ltr' id='par_1_66' title="bbox 2426 2195 3976 2266">
     <span class='ocr_line' id='line_1_66' title="bbox 2426 2195 3976 2266; baseline 0.002 -17"><span class='ocrx_word' id='word_1_483' title='bbox 2426 2195 2510 2250; x_wconf 89' lang='lat' dir='ltr'><strong>bis</strong></span> <span class='ocrx_word' id='word_1_484' title='bbox 2558 2195 2901 2265; x_wconf 89' lang='lat' dir='ltr'><strong>supplicium.</strong></span> <span class='ocrx_word' id='word_1_485' title='bbox 2953 2195 3048 2250; x_wconf 88' lang='lat' dir='ltr'><strong>Sin</strong></span> <span class='ocrx_word' id='word_1_486' title='bbox 3101 2209 3280 2251; x_wconf 90' lang='lat' dir='ltr'><strong>autem</strong></span> <span class='ocrx_word' id='word_1_487' title='bbox 3330 2213 3458 2251; x_wconf 89' lang='lat' dir='ltr'><strong>vera</strong></span> <span class='ocrx_word' id='word_1_488' title='bbox 3509 2201 3864 2266; x_wconf 89' lang='lat' dir='ltr'><strong>apparuerint</strong></span> <span class='ocrx_word' id='word_1_489' title='bbox 3915 2217 3976 2252; x_wconf 79' lang='lat' dir='ltr'><strong>ea</strong></span> 
     </span>
    </p>
   </div>
   <div class='ocr_carea' id='block_1_67' title="bbox 2426 2287 3982 2354">
    <p class='ocr_par' dir='ltr' id='par_1_67' title="bbox 2426 2287 3982 2354">
     <span class='ocr_line' id='line_1_67' title="bbox 2426 2287 3982 2354; baseline 0.003 -16"><span class='ocrx_word' id='word_1_490' title='bbox 2426 2301 2546 2354; x_wconf 70' lang='lat' dir='ltr'><strong>quae</strong></span> <span class='ocrx_word' id='word_1_491' title='bbox 2575 2301 2604 2338; x_wconf 94' lang='lat' dir='ltr'><strong>a</strong></span> <span class='ocrx_word' id='word_1_492' title='bbox 2637 2296 2688 2340; x_wconf 92' lang='lat' dir='ltr'><strong>te</strong></span> <span class='ocrx_word' id='word_1_493' title='bbox 2715 2287 2857 2340; x_wconf 88' lang='lat' dir='ltr'><strong>dicta</strong></span> <span class='ocrx_word' id='word_1_494' title='bbox 2904 2295 3052 2348; x_wconf 90' lang='lat' dir='ltr'><strong>sunt,</strong></span> <span class='ocrx_word' id='word_1_495' title='bbox 3080 2301 3110 2338; x_wconf 88' lang='lat' dir='ltr'><strong>a</strong></span> <span class='ocrx_word' id='word_1_496' title='bbox 3142 2303 3225 2340; x_wconf 90' lang='lat' dir='ltr'><strong>me</strong></span> <span class='ocrx_word' id='word_1_497' title='bbox 3268 2287 3502 2342; x_wconf 90' lang='lat' dir='ltr'><strong>honores</strong></span> <span class='ocrx_word' id='word_1_498' title='bbox 3533 2297 3587 2341; x_wconf 89' lang='lat' dir='ltr'><strong>et</strong></span> <span class='ocrx_word' id='word_1_499' title='bbox 3620 2289 3758 2341; x_wconf 90' lang='lat' dir='ltr'><strong>dona</strong></span> <span class='ocrx_word' id='word_1_500' title='bbox 3788 2305 3982 2343; x_wconf 82' lang='lat' dir='ltr'><strong>COIIS(-</strong></span> 
     </span>
    </p>
   </div>
   <div class='ocr_carea' id='block_1_68' title="bbox 2425 2374 3978 2443">
    <p class='ocr_par' dir='ltr' id='par_1_68' title="bbox 2425 2374 3978 2443">
     <span class='ocr_line' id='line_1_68' title="bbox 2425 2374 3978 2443; baseline 0 -17"><span class='ocrx_word' id='word_1_501' title='bbox 2425 2375 2629 2443; x_wconf 89' lang='lat' dir='ltr'><strong>queris.</strong></span> <span class='ocrx_word' id='word_1_502' title='bbox 2663 2384 2721 2427; x_wconf 92' lang='lat' dir='ltr'><strong>ut</strong></span> <span class='ocrx_word' id='word_1_503' title='bbox 2747 2375 2838 2443; x_wconf 93' lang='lat' dir='ltr'><strong>qui</strong></span> <span class='ocrx_word' id='word_1_504' title='bbox 2871 2374 3188 2427; x_wconf 89' lang='lat' dir='ltr'><strong>benevolum</strong></span> <span class='ocrx_word' id='word_1_505' title='bbox 3216 2375 3270 2428; x_wconf 92' lang='lat' dir='ltr'><strong>in</strong></span> <span class='ocrx_word' id='word_1_506' title='bbox 3301 2375 3431 2427; x_wconf 88' lang='lat' dir='ltr'><strong>deos</strong></span> <span class='ocrx_word' id='word_1_507' title='bbox 3455 2385 3508 2428; x_wconf 90' lang='lat' dir='ltr'><strong>et</strong></span> <span class='ocrx_word' id='word_1_508' title='bbox 3535 2378 3587 2427; x_wconf 94' lang='lat' dir='ltr'><strong>in</strong></span> <span class='ocrx_word' id='word_1_509' title='bbox 3618 2391 3716 2428; x_wconf 91' lang='lat' dir='ltr'><strong>nos</strong></span> <span class='ocrx_word' id='word_1_510' title='bbox 3737 2376 3978 2429; x_wconf 86' lang='lat' dir='ltr'><strong>animum</strong></span> 
     </span>
    </p>
   </div>
   <div class='ocr_carea' id='block_1_69' title="bbox 2426 2465 3980 2536">
    <p class='ocr_par' dir='ltr' id='par_1_69' title="bbox 2426 2465 3980 2536">
     <span class='ocr_line' id='line_1_69' title="bbox 2426 2465 3980 2536; baseline 0.001 -17"><span class='ocrx_word' id='word_1_511' title='bbox 2426 2465 2746 2519; x_wconf 86' lang='lat' dir='ltr'><strong>ostenderis.</strong></span> <span class='ocrx_word' id='word_1_512' title='bbox 2779 2465 3076 2533; x_wconf 85' lang='lat' dir='ltr'><strong>Imperator</strong></span> <span class='ocrx_word' id='word_1_513' title='bbox 3109 2474 3289 2518; x_wconf 90' lang='lat' dir='ltr'><strong>autem</strong></span> <span class='ocrx_word' id='word_1_514' title='bbox 3316 2466 3620 2536; x_wconf 90' lang='lat' dir='ltr'><strong>jussiteum</strong></span> <span class='ocrx_word' id='word_1_515' title='bbox 3644 2470 3827 2522; x_wconf 86' lang='lat' dir='ltr'><strong>venire</strong></span> <span class='ocrx_word' id='word_1_516' title='bbox 3857 2483 3980 2522; x_wconf 88' lang='lat' dir='ltr'><strong>cum</strong></span> 
     </span>
    </p>
   </div>
   <div class='ocr_carea' id='block_1_70' title="bbox 2426 2556 3200 2623">
    <p class='ocr_par' dir='ltr' id='par_1_70' title="bbox 2426 2556 3200 2623">
     <span class='ocr_line' id='line_1_70' title="bbox 2426 2556 3200 2623; baseline -0.003 -13"><span class='ocrx_word' id='word_1_517' title='bbox 2426 2571 2512 2619; x_wconf 91' lang='lat' dir='ltr'><strong>eo,</strong></span> <span class='ocrx_word' id='word_1_518' title='bbox 2551 2571 2658 2623; x_wconf 79' lang='lat' dir='ltr'><strong>quo</strong></span> <span class='ocrx_word' id='word_1_519' title='bbox 2695 2572 2790 2621; x_wconf 84' lang='lat' dir='ltr'><strong>par</strong></span> <span class='ocrx_word' id='word_1_520' title='bbox 2825 2564 2940 2609; x_wconf 90' lang='lat' dir='ltr'><strong>erat</strong></span> <span class='ocrx_word' id='word_1_521' title='bbox 2975 2556 3200 2610; x_wconf 84' lang='lat' dir='ltr'><strong>honore.</strong></span> 
     </span>
    </p>
   </div>
   <div class='ocr_carea' id='block_1_71' title="bbox 2499 2647 3976 2714">
    <p class='ocr_par' dir='ltr' id='par_1_71' title="bbox 2499 2647 3976 2714">
     <span class='ocr_line' id='line_1_71' title="bbox 2499 2647 3976 2714; baseline 0.001 -14"><span class='ocrx_word' id='word_1_522' title='bbox 2499 2647 2560 2700; x_wconf 82' lang='lat' dir='ltr'><strong>V.</strong></span> <span class='ocrx_word' id='word_1_523' title='bbox 2602 2647 2736 2699; x_wconf 80' lang='lat' dir='ltr'><strong>Cum</strong></span> <span class='ocrx_word' id='word_1_524' title='bbox 2791 2648 2835 2700; x_wconf 92' lang='lat' dir='ltr'><strong>is</strong></span> <span class='ocrx_word' id='word_1_525' title='bbox 2862 2663 3042 2702; x_wconf 86' lang='lat' dir='ltr'><strong>autem</strong></span> <span class='ocrx_word' id='word_1_526' title='bbox 3097 2651 3432 2714; x_wconf 88' lang='lat' dir='ltr'><strong>accessisset,</strong></span> <span class='ocrx_word' id='word_1_527' title='bbox 3479 2651 3612 2704; x_wconf 72' lang='lat' dir='ltr'><strong>dixit</strong></span> <span class='ocrx_word' id='word_1_528' title='bbox 3643 2652 3691 2705; x_wconf 93' lang='lat' dir='ltr'><strong>ei</strong></span> <span class='ocrx_word' id='word_1_529' title='bbox 3740 2652 3976 2706; x_wconf 86' lang='lat' dir='ltr'><strong>Decius:</strong></span> 
     </span>
    </p>
   </div>
   <div class='ocr_carea' id='block_1_72' title="bbox 2426 2735 3978 2808">
    <p class='ocr_par' dir='ltr' id='par_1_72' title="bbox 2426 2735 3978 2808">
     <span class='ocr_line' id='line_1_72' title="bbox 2426 2735 3978 2808; baseline 0.005 -18"><span class='ocrx_word' id='word_1_530' title='bbox 2426 2735 2541 2790; x_wconf 81' lang='lat' dir='ltr'><strong>Non</strong></span> <span class='ocrx_word' id='word_1_531' title='bbox 2572 2752 2671 2806; x_wconf 90' lang='lat' dir='ltr'><strong>ego</strong></span> <span class='ocrx_word' id='word_1_532' title='bbox 2713 2747 2760 2791; x_wconf 90' lang='lat' dir='ltr'><strong>te</strong></span> <span class='ocrx_word' id='word_1_533' title='bbox 2793 2738 2891 2792; x_wconf 89' lang='lat' dir='ltr'><strong>hac</strong></span> <span class='ocrx_word' id='word_1_534' title='bbox 2936 2741 3120 2792; x_wconf 84' lang='lat' dir='ltr'><strong>ornavi</strong></span> <span class='ocrx_word' id='word_1_535' title='bbox 3155 2741 3434 2808; x_wconf 81' lang='lat' dir='ltr'><strong>dignitate,</strong></span> <span class='ocrx_word' id='word_1_536' title='bbox 3476 2752 3526 2794; x_wconf 90' lang='lat' dir='ltr'><strong>te</strong></span> <span class='ocrx_word' id='word_1_537' title='bbox 3572 2745 3849 2797; x_wconf 90' lang='lat' dir='ltr'><strong>exercitus</strong></span> <span class='ocrx_word' id='word_1_538' title='bbox 3880 2745 3978 2796; x_wconf 85' lang='lat' dir='ltr'><strong>du-</strong></span> 
     </span>
    </p>
   </div>
   <div class='ocr_carea' id='block_1_73' title="bbox 2428 2830 3951 2903">
    <p class='ocr_par' dir='ltr' id='par_1_73' title="bbox 2428 2830 3951 2903">
     <span class='ocr_line' id='line_1_73' title="bbox 2428 2830 3951 2903; baseline 0.005 -24"><span class='ocrx_word' id='word_1_539' title='bbox 2428 2833 2630 2880; x_wconf 72' lang='lat' dir='ltr'><strong>ctorem</strong></span> <span class='ocrx_word' id='word_1_540' title='bbox 2660 2830 2997 2882; x_wconf 88' lang='lat' dir='ltr'><strong>constituens</strong></span> <span class='ocrx_word' id='word_1_541' title='bbox 3030 2845 3208 2883; x_wconf 90' lang='lat' dir='ltr'><strong>coram</strong></span> <span class='ocrx_word' id='word_1_542' title='bbox 3245 2834 3500 2886; x_wconf 89' lang='lat' dir='ltr'><strong>omnibus</strong></span> <span class='ocrx_word' id='word_1_543' title='bbox 3536 2835 3670 2886; x_wconf 89' lang='lat' dir='ltr'><strong>meis</strong></span> <span class='ocrx_word' id='word_1_544' title='bbox 3721 2835 3951 2903; x_wconf 85' lang='lat' dir='ltr'><strong>principi</strong></span> 
     </span>
    </p>
   </div>
   <div class='ocr_carea' id='block_1_74' title="bbox 2427 2914 3980 2988">
    <p class='ocr_par' dir='ltr' id='par_1_74' title="bbox 2427 2914 3980 2988">
     <span class='ocr_line' id='line_1_74' title="bbox 2427 2914 3980 2988; baseline 0.007 -20"><span class='ocrx_word' id='word_1_545' title='bbox 2427 2914 2547 2980; x_wconf 92' lang='lat' dir='ltr'><strong>bus,</strong></span> <span class='ocrx_word' id='word_1_546' title='bbox 2581 2928 2863 2985; x_wconf 86' lang='lat' dir='ltr'><strong>propterea</strong></span> <span class='ocrx_word' id='word_1_547' title='bbox 2893 2921 3035 2988; x_wconf 94' lang='lat' dir='ltr'><strong>quod</strong></span> <span class='ocrx_word' id='word_1_548' title='bbox 3071 2921 3161 2974; x_wconf 91' lang='lat' dir='ltr'><strong>Dei</strong></span> <span class='ocrx_word' id='word_1_549' title='bbox 3187 2923 3461 2975; x_wconf 87' lang='lat' dir='ltr'><strong>voluntate</strong></span> <span class='ocrx_word' id='word_1_550' title='bbox 3485 2938 3513 2976; x_wconf 93' lang='lat' dir='ltr'><strong>a</strong></span> <span class='ocrx_word' id='word_1_551' title='bbox 3552 2936 3601 2977; x_wconf 92' lang='lat' dir='ltr'><strong>te</strong></span> <span class='ocrx_word' id='word_1_552' title='bbox 3633 2925 3836 2977; x_wconf 89' lang='lat' dir='ltr'><strong>victum</strong></span> <span class='ocrx_word' id='word_1_553' title='bbox 3866 2926 3980 2979; x_wconf 88' lang='lat' dir='ltr'><strong>tue-</strong></span> 
     </span>
    </p>
   </div>
   <div class='ocr_carea' id='block_1_75' title="bbox 2429 3005 3978 3075">
    <p class='ocr_par' dir='ltr' id='par_1_75' title="bbox 2429 3005 3978 3075">
     <span class='ocr_line' id='line_1_75' title="bbox 2429 3005 3978 3075; baseline 0.006 -18"><span class='ocrx_word' id='word_1_554' title='bbox 2429 3005 2498 3059; x_wconf 91' lang='lat' dir='ltr'><strong>rit</strong></span> <span class='ocrx_word' id='word_1_555' title='bbox 2550 3009 2852 3075; x_wconf 68' lang='lat' dir='ltr'><strong>praalium?</strong></span> <span class='ocrx_word' id='word_1_556' title='bbox 2901 3009 3181 3075; x_wconf 86' lang='lat' dir='ltr'><strong>Quomodo</strong></span> <span class='ocrx_word' id='word_1_557' title='bbox 3221 3023 3422 3074; x_wconf 71' lang='lat' dir='ltr'><strong>autem,</strong></span> <span class='ocrx_word' id='word_1_558' title='bbox 3479 3029 3654 3066; x_wconf 86' lang='lat' dir='ltr'><strong>nicum</strong></span> <span class='ocrx_word' id='word_1_559' title='bbox 3713 3014 3978 3066; x_wconf 86' lang='lat' dir='ltr'><strong>honorem</strong></span> 
     </span>
    </p>
   </div>
   <div class='ocr_carea' id='block_1_76' title="bbox 2429 3094 3980 3174">
    <p class='ocr_par' dir='ltr' id='par_1_76' title="bbox 2429 3094 3980 3174">
     <span class='ocr_line' id='line_1_76' title="bbox 2429 3094 3980 3174; baseline 0.008 -27"><span class='ocrx_word' id='word_1_560' title='bbox 2429 3094 2583 3148; x_wconf 85' lang='lat' dir='ltr'><strong>nihili</strong></span> <span class='ocrx_word' id='word_1_561' title='bbox 2612 3097 2838 3160; x_wconf 88' lang='lat' dir='ltr'><strong>ducens,</strong></span> <span class='ocrx_word' id='word_1_562' title='bbox 2881 3101 3135 3168; x_wconf 88' lang='lat' dir='ltr'><strong>accepisti</strong></span> <span class='ocrx_word' id='word_1_563' title='bbox 3169 3101 3385 3154; x_wconf 92' lang='lat' dir='ltr'><strong>modum</strong></span> <span class='ocrx_word' id='word_1_564' title='bbox 3413 3103 3700 3171; x_wconf 88' lang='lat' dir='ltr'><strong>quemdam</strong></span> <span class='ocrx_word' id='word_1_565' title='bbox 3733 3107 3980 3174; x_wconf 69' lang='lat' dir='ltr'><strong>maligni-</strong></span> 
     </span>
    </p>
   </div>
   <div class='ocr_carea' id='block_1_77' title="bbox 2431 3189 3976 3260">
    <p class='ocr_par' dir='ltr' id='par_1_77' title="bbox 2431 3189 3976 3260">
     <span class='ocr_line' id='line_1_77' title="bbox 2431 3189 3976 3260; baseline 0.008 -23"><span class='ocrx_word' id='word_1_566' title='bbox 2431 3189 2577 3250; x_wconf 87' lang='lat' dir='ltr'><strong>tatis,</strong></span> <span class='ocrx_word' id='word_1_567' title='bbox 2613 3197 2666 3241; x_wconf 86' lang='lat' dir='ltr'><strong>et</strong></span> <span class='ocrx_word' id='word_1_568' title='bbox 2702 3189 2780 3242; x_wconf 86' lang='lat' dir='ltr'><strong>vis</strong></span> <span class='ocrx_word' id='word_1_569' title='bbox 2810 3203 2959 3243; x_wconf 89' lang='lat' dir='ltr'><strong>meos</strong></span> <span class='ocrx_word' id='word_1_570' title='bbox 2982 3189 3219 3245; x_wconf 85' lang='lat' dir='ltr'><strong>honores</strong></span> <span class='ocrx_word' id='word_1_571' title='bbox 3249 3192 3401 3246; x_wconf 85' lang='lat' dir='ltr'><strong>nihili</strong></span> <span class='ocrx_word' id='word_1_572' title='bbox 3436 3195 3690 3260; x_wconf 89' lang='lat' dir='ltr'><strong>pendere,</strong></span> <span class='ocrx_word' id='word_1_573' title='bbox 3717 3198 3844 3250; x_wconf 89' lang='lat' dir='ltr'><strong>deos</strong></span> <span class='ocrx_word' id='word_1_574' title='bbox 3870 3214 3976 3250; x_wconf 90' lang='lat' dir='ltr'><strong>non</strong></span> 
     </span>
    </p>
   </div>
   <div class='ocr_carea' id='block_1_78' title="bbox 2429 3275 3980 3351">
    <p class='ocr_par' dir='ltr' id='par_1_78' title="bbox 2429 3275 3980 3351">
     <span class='ocr_line' id='line_1_78' title="bbox 2429 3275 3980 3351; baseline 0.008 -23"><span class='ocrx_word' id='word_1_575' title='bbox 2429 3275 2678 3339; x_wconf 86' lang='lat' dir='ltr'><strong>adorans,</strong></span> <span class='ocrx_word' id='word_1_576' title='bbox 2709 3278 2977 3348; x_wconf 86' lang='lat' dir='ltr'><strong>sicutjam</strong></span> <span class='ocrx_word' id='word_1_577' title='bbox 3007 3281 3188 3334; x_wconf 78' lang='lat' dir='ltr'><strong>audivi</strong></span> <span class='ocrx_word' id='word_1_578' title='bbox 3223 3281 3292 3335; x_wconf 90' lang='lat' dir='ltr'><strong>ab</strong></span> <span class='ocrx_word' id='word_1_579' title='bbox 3317 3283 3633 3351; x_wconf 88' lang='lat' dir='ltr'><strong>aliquibus?</strong></span> <span class='ocrx_word' id='word_1_580' title='bbox 3665 3283 3980 3340; x_wconf 71' lang='lat' dir='ltr'><strong>Genera-us</strong></span> 
     </span>
    </p>
   </div>
   <div class='ocr_carea' id='block_1_79' title="bbox 2429 3369 3976 3448">
    <p class='ocr_par' dir='ltr' id='par_1_79' title="bbox 2429 3369 3976 3448">
     <span class='ocr_line' id='line_1_79' title="bbox 2429 3369 3976 3448; baseline 0.009 -29"><span class='ocrx_word' id='word_1_581' title='bbox 2429 3379 2606 3420; x_wconf 88' lang='lat' dir='ltr'><strong>autem</strong></span> <span class='ocrx_word' id='word_1_582' title='bbox 2653 3369 2856 3423; x_wconf 77' lang='lat' dir='ltr'><strong>Christi</strong></span> <span class='ocrx_word' id='word_1_583' title='bbox 2905 3371 3082 3436; x_wconf 83' lang='lat' dir='ltr'><strong>miles,</strong></span> <span class='ocrx_word' id='word_1_584' title='bbox 3115 3388 3239 3426; x_wconf 91' lang='lat' dir='ltr'><strong>cum</strong></span> <span class='ocrx_word' id='word_1_585' title='bbox 3288 3377 3675 3429; x_wconf 87' lang='lat' dir='ltr'><strong>convenienter</strong></span> <span class='ocrx_word' id='word_1_586' title='bbox 3703 3378 3776 3439; x_wconf 86' lang='lat' dir='ltr'><strong>ei,</strong></span> <span class='ocrx_word' id='word_1_587' title='bbox 3831 3381 3976 3448; x_wconf 91' lang='lat' dir='ltr'><strong>quod</strong></span> 
     </span>
    </p>
   </div>
   <div class='ocr_carea' id='block_1_80' title="bbox 2430 3460 3976 3529">
    <p class='ocr_par' dir='ltr' id='par_1_80' title="bbox 2430 3460 3976 3529">
     <span class='ocr_line' id='line_1_80' title="bbox 2430 3460 3976 3529; baseline 0.007 -16"><span class='ocrx_word' id='word_1_588' title='bbox 2430 3460 2562 3513; x_wconf 88' lang='lat' dir='ltr'><strong>dicit</strong></span> <span class='ocrx_word' id='word_1_589' title='bbox 2591 3463 2883 3529; x_wconf 79' lang='lat' dir='ltr'><strong>Apostolus</strong></span> <span class='ocrx_word' id='word_1_590' title='bbox 2904 3465 2948 3527; x_wconf 81' lang='lat'><strong>’,</strong></span> <span class='ocrx_word' id='word_1_591' title='bbox 2977 3475 3215 3520; x_wconf 88' lang='lat' dir='ltr'><strong>veterem</strong></span> <span class='ocrx_word' id='word_1_592' title='bbox 3263 3468 3505 3521; x_wconf 76' lang='lat' dir='ltr'><strong>exuisset</strong></span> <span class='ocrx_word' id='word_1_593' title='bbox 3548 3469 3822 3523; x_wconf 86' lang='lat' dir='ltr'><strong>hominem</strong></span> <span class='ocrx_word' id='word_1_594' title='bbox 3854 3489 3976 3526; x_wconf 91' lang='lat' dir='ltr'><strong>cum</strong></span> 
     </span>
    </p>
   </div>
   <div class='ocr_carea' id='block_1_81' title="bbox 2428 3556 3976 3630">
    <p class='ocr_par' dir='ltr' id='par_1_81' title="bbox 2428 3556 3976 3630">
     <span class='ocr_line' id='line_1_81' title="bbox 2428 3556 3976 3630; baseline 0.01 -24"><span class='ocrx_word' id='word_1_595' title='bbox 2428 3556 2541 3606; x_wconf 91' lang='lat' dir='ltr'><strong>suis</strong></span> <span class='ocrx_word' id='word_1_596' title='bbox 2571 3556 2896 3621; x_wconf 88' lang='lat' dir='ltr'><strong>actionibus,</strong></span> <span class='ocrx_word' id='word_1_597' title='bbox 2933 3558 3108 3612; x_wconf 91' lang='lat' dir='ltr'><strong>induit</strong></span> <span class='ocrx_word' id='word_1_598' title='bbox 3139 3575 3360 3623; x_wconf 88' lang='lat' dir='ltr'><strong>novum,</strong></span> <span class='ocrx_word' id='word_1_599' title='bbox 3392 3563 3484 3630; x_wconf 91' lang='lat' dir='ltr'><strong>qui</strong></span> <span class='ocrx_word' id='word_1_600' title='bbox 3516 3571 3598 3616; x_wconf 91' lang='lat' dir='ltr'><strong>est</strong></span> <span class='ocrx_word' id='word_1_601' title='bbox 3646 3575 3859 3618; x_wconf 84' lang='lat' dir='ltr'><strong>creatus</strong></span> <span class='ocrx_word' id='word_1_602' title='bbox 3891 3581 3976 3621; x_wconf 79' lang='lat' dir='ltr'><strong>se-</strong></span> 
     </span>
    </p>
   </div>
   <div class='ocr_carea' id='block_1_82' title="bbox 2427 3645 3972 3718">
    <p class='ocr_par' dir='ltr' id='par_1_82' title="bbox 2427 3645 3972 3718">
     <span class='ocr_line' id='line_1_82' title="bbox 2427 3645 3972 3718; baseline 0.008 -20"><span class='ocrx_word' id='word_1_603' title='bbox 2427 3645 2666 3699; x_wconf 90' lang='lat' dir='ltr'><strong>cundum</strong></span> <span class='ocrx_word' id='word_1_604' title='bbox 2712 3647 2879 3701; x_wconf 88' lang='lat' dir='ltr'><strong>Deum</strong></span> <span class='ocrx_word' id='word_1_605' title='bbox 2926 3663 3027 3718; x_wconf 86' lang='lat' dir='ltr'><strong>per</strong></span> <span class='ocrx_word' id='word_1_606' title='bbox 3063 3649 3409 3718; x_wconf 88' lang='lat' dir='ltr'><strong>baptismum,</strong></span> <span class='ocrx_word' id='word_1_607' title='bbox 3455 3664 3511 3707; x_wconf 89' lang='lat' dir='ltr'><strong>et</strong></span> <span class='ocrx_word' id='word_1_608' title='bbox 3557 3654 3893 3710; x_wconf 78' lang='lat' dir='ltr'><strong>confidenter</strong></span> <span class='ocrx_word' id='word_1_609' title='bbox 3923 3659 3972 3710; x_wconf 92' lang='lat' dir='ltr'><strong>ei</strong></span> 
     </span>
    </p>
   </div>
   <div class='ocr_carea' id='block_1_83' title="bbox 2428 3733 3973 3816">
    <p class='ocr_par' dir='ltr' id='par_1_83' title="bbox 2428 3733 3973 3816">
     <span class='ocr_line' id='line_1_83' title="bbox 2428 3733 3973 3816; baseline 0.009 -30"><span class='ocrx_word' id='word_1_610' title='bbox 2428 3733 2600 3788; x_wconf 86' lang='lat' dir='ltr'><strong>dixit:</strong></span> <span class='ocrx_word' id='word_1_611' title='bbox 2642 3736 2687 3790; x_wconf 84' lang='lat' dir='ltr'><strong>A</strong></span> <span class='ocrx_word' id='word_1_612' title='bbox 2715 3753 2800 3791; x_wconf 87' lang='lat' dir='ltr'><strong>me</strong></span> <span class='ocrx_word' id='word_1_613' title='bbox 2825 3739 2950 3792; x_wconf 85' lang='lat' dir='ltr'><strong>tolle</strong></span> <span class='ocrx_word' id='word_1_614' title='bbox 2986 3740 3133 3793; x_wconf 91' lang='lat' dir='ltr'><strong>hunc</strong></span> <span class='ocrx_word' id='word_1_615' title='bbox 3163 3750 3316 3795; x_wconf 93' lang='lat' dir='ltr'><strong>tuum</strong></span> <span class='ocrx_word' id='word_1_616' title='bbox 3367 3743 3648 3799; x_wconf 87' lang='lat' dir='ltr'><strong>honorem.</strong></span> <span class='ocrx_word' id='word_1_617' title='bbox 3697 3745 3806 3816; x_wconf 81' lang='lat' dir='ltr'><strong>Ego</strong></span> <span class='ocrx_word' id='word_1_618' title='bbox 3831 3750 3973 3800; x_wconf 84' lang='lat' dir='ltr'><strong>enim</strong></span> 
     </span>
    </p>
   </div>
   <div class='ocr_carea' id='block_1_84' title="bbox 2429 3828 3974 3904">
    <p class='ocr_par' dir='ltr' id='par_1_84' title="bbox 2429 3828 3974 3904">
     <span class='ocr_line' id='line_1_84' title="bbox 2429 3828 3974 3904; baseline 0.01 -28"><span class='ocrx_word' id='word_1_619' title='bbox 2429 3837 2558 3887; x_wconf 93' lang='lat' dir='ltr'><strong>non,</strong></span> <span class='ocrx_word' id='word_1_620' title='bbox 2590 3835 2649 3878; x_wconf 92' lang='lat' dir='ltr'><strong>ut</strong></span> <span class='ocrx_word' id='word_1_621' title='bbox 2697 3828 2953 3886; x_wconf 87' lang='lat' dir='ltr'><strong>arbitror.</strong></span> <span class='ocrx_word' id='word_1_622' title='bbox 2990 3831 3056 3882; x_wconf 90' lang='lat' dir='ltr'><strong>ad</strong></span> <span class='ocrx_word' id='word_1_623' title='bbox 3110 3832 3159 3883; x_wconf 85' lang='lat' dir='ltr'><strong>id</strong></span> <span class='ocrx_word' id='word_1_624' title='bbox 3210 3834 3329 3885; x_wconf 85' lang='lat' dir='ltr'><strong>veni</strong></span> <span class='ocrx_word' id='word_1_625' title='bbox 3365 3849 3428 3886; x_wconf 92' lang='lat' dir='ltr'><strong>ex</strong></span> <span class='ocrx_word' id='word_1_626' title='bbox 3470 3835 3674 3901; x_wconf 91' lang='lat' dir='ltr'><strong>debito,</strong></span> <span class='ocrx_word' id='word_1_627' title='bbox 3701 3839 3814 3904; x_wconf 88' lang='lat' dir='ltr'><strong>qui,</strong></span> <span class='ocrx_word' id='word_1_628' title='bbox 3849 3838 3974 3891; x_wconf 83' lang='lat' dir='ltr'><strong>Bar-</strong></span> 
     </span>
    </p>
   </div>
   <div class='ocr_carea' id='block_1_85' title="bbox 2427 3914 3972 3988">
    <p class='ocr_par' dir='ltr' id='par_1_85' title="bbox 2427 3914 3972 3988">
     <span class='ocr_line' id='line_1_85' title="bbox 2427 3914 3972 3988; baseline 0.006 -21"><span class='ocrx_word' id='word_1_629' title='bbox 2427 3914 2586 3968; x_wconf 88' lang='lat' dir='ltr'><strong>baros</strong></span> <span class='ocrx_word' id='word_1_630' title='bbox 2621 3917 2673 3968; x_wconf 92' lang='lat' dir='ltr'><strong>in</strong></span> <span class='ocrx_word' id='word_1_631' title='bbox 2707 3917 2847 3970; x_wconf 86' lang='lat' dir='ltr'><strong>bello</strong></span> <span class='ocrx_word' id='word_1_632' title='bbox 2874 3921 3096 3971; x_wconf 87' lang='lat' dir='ltr'><strong>vicerim</strong></span> <span class='ocrx_word' id='word_1_633' title='bbox 3135 3936 3227 3988; x_wconf 86' lang='lat' dir='ltr'><strong>per</strong></span> <span class='ocrx_word' id='word_1_634' title='bbox 3268 3923 3552 3974; x_wconf 88' lang='lat' dir='ltr'><strong>Dominum</strong></span> <span class='ocrx_word' id='word_1_635' title='bbox 3588 3939 3766 3977; x_wconf 90' lang='lat' dir='ltr'><strong>meum</strong></span> <span class='ocrx_word' id='word_1_636' title='bbox 3790 3926 3972 3978; x_wconf 80' lang='lat' dir='ltr'><strong>Jesum</strong></span> 
     </span>
    </p>
   </div>
   <div class='ocr_carea' id='block_1_86' title="bbox 2427 4003 3973 4078">
    <p class='ocr_par' dir='ltr' id='par_1_86' title="bbox 2427 4003 3973 4078">
     <span class='ocr_line' id='line_1_86' title="bbox 2427 4003 3973 4078; baseline 0.007 -22"><span class='ocrx_word' id='word_1_637' title='bbox 2427 4003 2725 4058; x_wconf 84' lang='lat' dir='ltr'><strong>Christum.</strong></span> <span class='ocrx_word' id='word_1_638' title='bbox 2778 4008 2880 4060; x_wconf 85' lang='lat' dir='ltr'><strong>Sed</strong></span> <span class='ocrx_word' id='word_1_639' title='bbox 2916 4009 3097 4077; x_wconf 89' lang='lat' dir='ltr'><strong>accipe</strong></span> <span class='ocrx_word' id='word_1_640' title='bbox 3125 4025 3243 4077; x_wconf 73' lang='lat' dir='ltr'><strong>qua:</strong></span> <span class='ocrx_word' id='word_1_641' title='bbox 3293 4027 3321 4062; x_wconf 90' lang='lat' dir='ltr'><strong>a</strong></span> <span class='ocrx_word' id='word_1_642' title='bbox 3371 4022 3440 4070; x_wconf 90' lang='lat' dir='ltr'><strong>te.</strong></span> <span class='ocrx_word' id='word_1_643' title='bbox 3491 4023 3551 4066; x_wconf 91' lang='lat' dir='ltr'><strong>ut</strong></span> <span class='ocrx_word' id='word_1_644' title='bbox 3598 4013 3804 4078; x_wconf 83' lang='lat' dir='ltr'><strong>dixisti,</strong></span> <span class='ocrx_word' id='word_1_645' title='bbox 3845 4016 3973 4067; x_wconf 90' lang='lat' dir='ltr'><strong>mihi</strong></span> 
     </span>
    </p>
   </div>
   <div class='ocr_carea' id='block_1_87' title="bbox 2427 4094 3975 4168">
    <p class='ocr_par' dir='ltr' id='par_1_87' title="bbox 2427 4094 3975 4168">
     <span class='ocr_line' id='line_1_87' title="bbox 2427 4094 3975 4168; baseline 0.006 -20"><span class='ocrx_word' id='word_1_646' title='bbox 2427 4094 2550 4148; x_wconf 86' lang='lat' dir='ltr'><strong>data</strong></span> <span class='ocrx_word' id='word_1_647' title='bbox 2578 4107 2723 4149; x_wconf 86' lang='lat' dir='ltr'><strong>sunt.</strong></span> <span class='ocrx_word' id='word_1_648' title='bbox 2785 4117 2801 4148; x_wconf 79' lang='grc' dir='ltr'><strong>ι</strong></span> <span class='ocrx_word' id='word_1_649' title='bbox 2833 4098 3020 4152; x_wconf 83' lang='lat' dir='ltr'><strong>Nudus</strong></span> <span class='ocrx_word' id='word_1_650' title='bbox 3047 4100 3191 4154; x_wconf 90' lang='lat' dir='ltr'><strong>enim</strong></span> <span class='ocrx_word' id='word_1_651' title='bbox 3242 4116 3491 4168; x_wconf 86' lang='lat' dir='ltr'><strong>egressus</strong></span> <span class='ocrx_word' id='word_1_652' title='bbox 3537 4117 3656 4156; x_wconf 87' lang='lat' dir='ltr'><strong>sum</strong></span> <span class='ocrx_word' id='word_1_653' title='bbox 3705 4120 3768 4157; x_wconf 89' lang='lat' dir='ltr'><strong>ex</strong></span> <span class='ocrx_word' id='word_1_654' title='bbox 3819 4115 3975 4158; x_wconf 87' lang='lat' dir='ltr'><strong>utero</strong></span> 
     </span>
    </p>
   </div>
   <div class='ocr_carea' id='block_1_88' title="bbox 2431 4187 3974 4252">
    <p class='ocr_par' dir='ltr' id='par_1_88' title="bbox 2431 4187 3974 4252">
     <span class='ocr_line' id='line_1_88' title="bbox 2431 4187 3974 4252; baseline 0.006 -13"><span class='ocrx_word' id='word_1_655' title='bbox 2431 4187 2617 4241; x_wconf 89' lang='lat' dir='ltr'><strong>matris</strong></span> <span class='ocrx_word' id='word_1_656' title='bbox 2650 4203 2799 4252; x_wconf 71' lang='lat' dir='ltr'><strong>meae,</strong></span> <span class='ocrx_word' id='word_1_657' title='bbox 2831 4190 3008 4243; x_wconf 88' lang='lat' dir='ltr'><strong>nudus</strong></span> <span class='ocrx_word' id='word_1_658' title='bbox 3031 4191 3196 4244; x_wconf 82' lang='lat' dir='ltr'><strong>etiam</strong></span> <span class='ocrx_word' id='word_1_659' title='bbox 3233 4206 3473 4246; x_wconf 81' lang='lat' dir='ltr'><strong>revertar</strong></span> <span class='ocrx_word' id='word_1_660' title='bbox 3518 4195 3570 4246; x_wconf 89' lang='lat' dir='ltr'><strong>in</strong></span> <span class='ocrx_word' id='word_1_661' title='bbox 3620 4195 3768 4248; x_wconf 90' lang='lat' dir='ltr'><strong>illum</strong></span> <span class='ocrx_word' id='word_1_662' title='bbox 3813 4212 3974 4249; x_wconf 86' lang='lat' dir='ltr'><strong>mut.-</strong></span> 
     </span>
    </p>
   </div>
   <div class='ocr_carea' id='block_1_89' title="bbox 2429 4275 2672 4329">
    <p class='ocr_par' dir='ltr' id='par_1_89' title="bbox 2429 4275 2672 4329">
     <span class='ocr_line' id='line_1_89' title="bbox 2429 4275 2672 4329; baseline -0.004 0"><span class='ocrx_word' id='word_1_663' title='bbox 2429 4275 2556 4329; x_wconf 90' lang='lat' dir='ltr'><strong>dum</strong></span> <span class='ocrx_word' id='word_1_664' title='bbox 2581 4279 2619 4329; x_wconf 84' lang='grc'><strong><em>⁸.</em></strong></span> <span class='ocrx_word' id='word_1_665' title='bbox 2654 4297 2672 4328; x_wconf 80' lang='grc' dir='ltr'><strong>ι</strong></span> 
     </span>
    </p>
   </div>
   <div class='ocr_carea' id='block_1_90' title="bbox 2503 4366 3976 4438">
    <p class='ocr_par' dir='ltr' id='par_1_90' title="bbox 2503 4366 3976 4438">
     <span class='ocr_line' id='line_1_90' title="bbox 2503 4366 3976 4438; baseline 0.007 -20"><span class='ocrx_word' id='word_1_666' title='bbox 2503 4366 2727 4424; x_wconf 77' lang='lat' dir='ltr'><strong>\‘l.Cum</strong></span> <span class='ocrx_word' id='word_1_667' title='bbox 2753 4369 2932 4438; x_wconf 84' lang='lat' dir='ltr'><strong>itaque</strong></span> <span class='ocrx_word' id='word_1_668' title='bbox 2952 4373 3473 4438; x_wconf 85' lang='lat' dir='ltr'><strong>exuissetlenam,et</strong></span> <span class='ocrx_word' id='word_1_669' title='bbox 3488 4375 3734 4429; x_wconf 85' lang='lat' dir='ltr'><strong>solvisset</strong></span> <span class='ocrx_word' id='word_1_670' title='bbox 3761 4390 3976 4437; x_wconf 81' lang='lat' dir='ltr'><strong>zonam.</strong></span> 
     </span>
    </p>
   </div>
   <div class='ocr_carea' id='block_1_91' title="bbox 786 4455 3976 4528">
    <p class='ocr_par' dir='ltr' id='par_1_91' title="bbox 786 4455 3976 4528">
     <span class='ocr_line' id='line_1_91' title="bbox 786 4455 3976 4528; baseline 0.002 -16"><span class='ocrx_word' id='word_1_671' title='bbox 786 4469 990 4522; x_wconf 86' lang='lat' dir='ltr'><strong>ruerat,</strong></span> <span class='ocrx_word' id='word_1_672' title='bbox 1029 4467 1383 4527; x_wconf 86' lang='lat' dir='ltr'><strong>compunctus</strong></span> <span class='ocrx_word' id='word_1_673' title='bbox 1420 4473 1448 4510; x_wconf 91' lang='lat' dir='ltr'><strong>a</strong></span> <span class='ocrx_word' id='word_1_674' title='bbox 1493 4466 1681 4511; x_wconf 85' lang='lat' dir='ltr'><strong>sancto</strong></span> <span class='ocrx_word' id='word_1_675' title='bbox 1725 4459 1952 4527; x_wconf 84' lang='lat' dir='ltr'><strong>Spiritu,</strong></span> <span class='ocrx_word' id='word_1_676' title='bbox 2001 4459 2165 4528; x_wconf 67' lang='lat' dir='ltr'><strong>erepit</strong></span> <span class='ocrx_word' id='word_1_677' title='bbox 2201 4474 2322 4513; x_wconf 92' lang='lat' dir='ltr'><strong>eum</strong></span> <span class='ocrx_word' id='word_1_678' title='bbox 2361 4469 2401 4524; x_wconf 81' lang='grc' dir='ltr'>ι)</span> <span class='ocrx_word' id='word_1_679' title='bbox 2426 4455 2552 4525; x_wconf 88' lang='lat' dir='ltr'><strong>jeeit</strong></span> <span class='ocrx_word' id='word_1_680' title='bbox 2583 4456 2648 4508; x_wconf 89' lang='lat' dir='ltr'><strong>ad</strong></span> <span class='ocrx_word' id='word_1_681' title='bbox 2682 4457 2845 4524; x_wconf 89' lang='lat' dir='ltr'><strong>pedes</strong></span> <span class='ocrx_word' id='word_1_682' title='bbox 2876 4460 3234 4528; x_wconf 82' lang='lat' dir='ltr'><strong>imperatoria,</strong></span> <span class='ocrx_word' id='word_1_683' title='bbox 3255 4466 3491 4518; x_wconf 85' lang='lat' dir='ltr'><strong>clamans</strong></span> <span class='ocrx_word' id='word_1_684' title='bbox 3512 4475 3566 4518; x_wconf 87' lang='lat' dir='ltr'><strong>et</strong></span> <span class='ocrx_word' id='word_1_685' title='bbox 3595 4465 3816 4519; x_wconf 87' lang='lat' dir='ltr'><strong>dicens:</strong></span> <span class='ocrx_word' id='word_1_686' title='bbox 3845 4465 3976 4519; x_wconf 78' lang='lat' dir='ltr'><strong>Sum</strong></span> 
     </span>
    </p>
   </div>
   <div class='ocr_carea' id='block_1_92' title="bbox 784 4548 2335 4620">
    <p class='ocr_par' dir='ltr' id='par_1_92' title="bbox 784 4548 2335 4620">
     <span class='ocr_line' id='line_1_92' title="bbox 784 4548 2335 4620; baseline -0.002 -14"><span class='ocrx_word' id='word_1_687' title='bbox 784 4552 1032 4620; x_wconf 83' lang='lat' dir='ltr'><strong>lacrymis</strong></span> <span class='ocrx_word' id='word_1_688' title='bbox 1058 4548 1298 4602; x_wconf 87' lang='lat' dir='ltr'><strong>conﬁteri</strong></span> <span class='ocrx_word' id='word_1_689' title='bbox 1330 4557 1383 4601; x_wconf 92' lang='lat' dir='ltr'><strong>et</strong></span> <span class='ocrx_word' id='word_1_690' title='bbox 1431 4548 1659 4605; x_wconf 86' lang='lat' dir='ltr'><strong>dicere:</strong></span> <span class='ocrx_word' id='word_1_691' title='bbox 1711 4551 1806 4604; x_wconf 86' lang='lat' dir='ltr'><strong>Hei</strong></span> <span class='ocrx_word' id='word_1_692' title='bbox 1859 4550 1989 4603; x_wconf 85' lang='lat' dir='ltr'><strong>mihi</strong></span> <span class='ocrx_word' id='word_1_693' title='bbox 2040 4552 2335 4618; x_wconf 86' lang='lat' dir='ltr'><strong>peecatori,</strong></span> 
     </span>
    </p>
   </div>
   <div class='ocr_carea' id='block_1_93' title="bbox 785 4640 2330 4710">
    <p class='ocr_par' dir='ltr' id='par_1_93' title="bbox 785 4640 2330 4710">
     <span class='ocr_line' id='line_1_93' title="bbox 785 4640 2330 4710; baseline 0.002 -18"><span class='ocrx_word' id='word_1_694' title='bbox 785 4641 926 4710; x_wconf 64' lang='lat' dir='ltr'><strong>quod</strong></span> <span class='ocrx_word' id='word_1_695' title='bbox 955 4656 1076 4694; x_wconf 91' lang='lat' dir='ltr'><strong>cum</strong></span> <span class='ocrx_word' id='word_1_696' title='bbox 1101 4653 1275 4693; x_wconf 89' lang='lat' dir='ltr'><strong>essem</strong></span> <span class='ocrx_word' id='word_1_697' title='bbox 1306 4654 1485 4692; x_wconf 87' lang='lat' dir='ltr'><strong>ramus</strong></span> <span class='ocrx_word' id='word_1_698' title='bbox 1509 4640 1865 4708; x_wconf 80' lang='lat' dir='ltr'><strong>germinanlis</strong></span> <span class='ocrx_word' id='word_1_699' title='bbox 1895 4640 2119 4703; x_wconf 86' lang='lat' dir='ltr'><strong>arboris,</strong></span> <span class='ocrx_word' id='word_1_700' title='bbox 2145 4642 2330 4695; x_wconf 85' lang='lat' dir='ltr'><strong>exarui</strong></span> 
     </span>
    </p>
   </div>
   <div class='ocr_carea' id='block_1_94' title="bbox 786 4731 1886 4801">
    <p class='ocr_par' dir='ltr' id='par_1_94' title="bbox 786 4731 1886 4801">
     <span class='ocr_line' id='line_1_94' title="bbox 786 4731 1886 4801; baseline -0.007 -11"><span class='ocrx_word' id='word_1_701' title='bbox 786 4754 889 4790; x_wconf 92' lang='lat' dir='ltr'><strong>non</strong></span> <span class='ocrx_word' id='word_1_702' title='bbox 918 4736 1121 4789; x_wconf 82' lang='lat' dir='ltr'><strong>habens</strong></span> <span class='ocrx_word' id='word_1_703' title='bbox 1157 4733 1390 4787; x_wconf 88' lang='lat' dir='ltr'><strong>radicem</strong></span> <span class='ocrx_word' id='word_1_704' title='bbox 1423 4733 1516 4787; x_wconf 90' lang='lat' dir='ltr'><strong>Dei</strong></span> <span class='ocrx_word' id='word_1_705' title='bbox 1548 4731 1886 4801; x_wconf 91' lang='lat' dir='ltr'><strong>cognitionis.</strong></span> 
     </span>
    </p>
   </div>
   <div class='ocr_carea' id='block_1_95' title="bbox 853 4821 2329 4893">
    <p class='ocr_par' dir='ltr' id='par_1_95' title="bbox 853 4821 2329 4893">
     <span class='ocr_line' id='line_1_95' title="bbox 853 4821 2329 4893; baseline -0.003 -14"><span class='ocrx_word' id='word_1_706' title='bbox 853 4827 941 4880; x_wconf 83' lang='lat' dir='ltr'><strong>IV.</strong></span> <span class='ocrx_word' id='word_1_707' title='bbox 987 4827 1121 4878; x_wconf 93' lang='lat' dir='ltr'><strong>Dum</strong></span> <span class='ocrx_word' id='word_1_708' title='bbox 1165 4825 1277 4893; x_wconf 91' lang='lat' dir='ltr'><strong>ipse</strong></span> <span class='ocrx_word' id='word_1_709' title='bbox 1307 4833 1485 4876; x_wconf 85' lang='lat' dir='ltr'><strong>autem</strong></span> <span class='ocrx_word' id='word_1_710' title='bbox 1519 4823 1631 4876; x_wconf 71' lang='lat' dir='ltr'><strong>haec</strong></span> <span class='ocrx_word' id='word_1_711' title='bbox 1664 4824 1891 4887; x_wconf 89' lang='lat' dir='ltr'><strong>diceret,</strong></span> <span class='ocrx_word' id='word_1_712' title='bbox 1923 4821 2120 4875; x_wconf 80' lang='lat' dir='ltr'><strong>missus</strong></span> <span class='ocrx_word' id='word_1_713' title='bbox 2147 4829 2229 4875; x_wconf 88' lang='lat' dir='ltr'><strong>est</strong></span> <span class='ocrx_word' id='word_1_714' title='bbox 2262 4821 2329 4874; x_wconf 88' lang='lat' dir='ltr'><strong>ab</strong></span> 
     </span>
    </p>
   </div>
   <div class='ocr_carea' id='block_1_96' title="bbox 784 4911 2328 4985">
    <p class='ocr_par' dir='ltr' id='par_1_96' title="bbox 784 4911 2328 4985">
     <span class='ocr_line' id='line_1_96' title="bbox 784 4911 2328 4985; baseline -0.006 -14"><span class='ocrx_word' id='word_1_715' title='bbox 784 4919 1110 4985; x_wconf 87' lang='lat' dir='ltr'><strong>imperatore</strong></span> <span class='ocrx_word' id='word_1_716' title='bbox 1156 4916 1487 4968; x_wconf 84' lang='lat' dir='ltr'><strong>silentiarius</strong></span> <span class='ocrx_word' id='word_1_717' title='bbox 1514 4928 1635 4966; x_wconf 90' lang='lat' dir='ltr'><strong>cum</strong></span> <span class='ocrx_word' id='word_1_718' title='bbox 1671 4913 1923 4982; x_wconf 84' lang='lat' dir='ltr'><strong>plurimis</strong></span> <span class='ocrx_word' id='word_1_719' title='bbox 1953 4911 2093 4974; x_wconf 88' lang='lat' dir='ltr'><strong>aliis,</strong></span> <span class='ocrx_word' id='word_1_720' title='bbox 2125 4921 2182 4963; x_wconf 93' lang='lat' dir='ltr'><strong>ut</strong></span> <span class='ocrx_word' id='word_1_721' title='bbox 2205 4926 2328 4964; x_wconf 90' lang='lat' dir='ltr'><strong>eum</strong></span> 
     </span>
    </p>
   </div>
   <div class='ocr_carea' id='block_1_97' title="bbox 785 5001 2333 5072">
    <p class='ocr_par' dir='ltr' id='par_1_97' title="bbox 785 5001 2333 5072">
     <span class='ocr_line' id='line_1_97' title="bbox 785 5001 2333 5072; baseline -0.002 -17"><span class='ocrx_word' id='word_1_722' title='bbox 785 5014 1038 5059; x_wconf 86' lang='lat' dir='ltr'><strong>vocarent</strong></span> <span class='ocrx_word' id='word_1_723' title='bbox 1078 5003 1143 5056; x_wconf 91' lang='lat' dir='ltr'><strong>ad</strong></span> <span class='ocrx_word' id='word_1_724' title='bbox 1199 5006 1597 5072; x_wconf 88' lang='lat' dir='ltr'><strong>imperatorem.</strong></span> <span class='ocrx_word' id='word_1_725' title='bbox 1635 5001 1768 5055; x_wconf 90' lang='lat' dir='ltr'><strong>Cum</strong></span> <span class='ocrx_word' id='word_1_726' title='bbox 1819 5003 1865 5055; x_wconf 80' lang='lat' dir='ltr'><strong>is</strong></span> <span class='ocrx_word' id='word_1_727' title='bbox 1910 5015 2035 5054; x_wconf 85' lang='lat' dir='ltr'><strong>vero</strong></span> <span class='ocrx_word' id='word_1_728' title='bbox 2070 5015 2126 5054; x_wconf 86' lang='lat' dir='ltr'><strong>se</strong></span> <span class='ocrx_word' id='word_1_729' title='bbox 2169 5015 2333 5053; x_wconf 79' lang='lat' dir='ltr'><strong>excu~</strong></span> 
     </span>
    </p>
   </div>
   <div class='ocr_carea' id='block_1_98' title="bbox 784 5091 2331 5162">
    <p class='ocr_par' dir='ltr' id='par_1_98' title="bbox 784 5091 2331 5162">
     <span class='ocr_line' id='line_1_98' title="bbox 784 5091 2331 5162; baseline -0.005 -12"><span class='ocrx_word' id='word_1_730' title='bbox 784 5103 978 5156; x_wconf 75' lang='lat' dir='ltr'><strong>sasset,</strong></span> <span class='ocrx_word' id='word_1_731' title='bbox 1022 5096 1310 5162; x_wconf 85' lang='lat' dir='ltr'><strong>imperator</strong></span> <span class='ocrx_word' id='word_1_732' title='bbox 1333 5092 1544 5146; x_wconf 89' lang='lat' dir='ltr'><strong>distulit</strong></span> <span class='ocrx_word' id='word_1_733' title='bbox 1571 5092 1878 5144; x_wconf 89' lang='lat' dir='ltr'><strong>concilium.</strong></span> <span class='ocrx_word' id='word_1_734' title='bbox 1912 5091 2005 5144; x_wconf 92' lang='lat' dir='ltr'><strong>Die</strong></span> <span class='ocrx_word' id='word_1_735' title='bbox 2037 5098 2214 5142; x_wconf 88' lang='lat' dir='ltr'><strong>autem</strong></span> <span class='ocrx_word' id='word_1_736' title='bbox 2244 5104 2331 5142; x_wconf 89' lang='lat' dir='ltr'><strong>se-</strong></span> 
     </span>
    </p>
   </div>
   <div class='ocr_carea' id='block_1_99' title="bbox 786 5180 2332 5252">
    <p class='ocr_par' dir='ltr' id='par_1_99' title="bbox 786 5180 2332 5252">
     <span class='ocr_line' id='line_1_99' title="bbox 786 5180 2332 5252; baseline -0.002 -18"><span class='ocrx_word' id='word_1_737' title='bbox 786 5186 969 5252; x_wconf 75' lang='lat' dir='ltr'><strong>quenti</strong></span> <span class='ocrx_word' id='word_1_738' title='bbox 1008 5199 1131 5238; x_wconf 91' lang='lat' dir='ltr'><strong>cum</strong></span> <span class='ocrx_word' id='word_1_739' title='bbox 1181 5197 1368 5236; x_wconf 87' lang='lat' dir='ltr'><strong>rursus</strong></span> <span class='ocrx_word' id='word_1_740' title='bbox 1396 5180 1629 5235; x_wconf 90' lang='lat' dir='ltr'><strong>accersit</strong></span> <span class='ocrx_word' id='word_1_741' title='bbox 1678 5180 1990 5249; x_wconf 87' lang='lat' dir='ltr'><strong>imperator,</strong></span> <span class='ocrx_word' id='word_1_742' title='bbox 2026 5190 2082 5233; x_wconf 93' lang='lat' dir='ltr'><strong>ut</strong></span> <span class='ocrx_word' id='word_1_743' title='bbox 2127 5181 2332 5232; x_wconf 90' lang='lat' dir='ltr'><strong>veniret</strong></span> 
     </span>
    </p>
   </div>
   <div class='ocr_carea' id='block_1_100' title="bbox 787 5269 2332 5342">
    <p class='ocr_par' dir='ltr' id='par_1_100' title="bbox 787 5269 2332 5342">
     <span class='ocr_line' id='line_1_100' title="bbox 787 5269 2332 5342; baseline -0.003 -15"><span class='ocrx_word' id='word_1_744' title='bbox 787 5290 906 5328; x_wconf 86' lang='lat' dir='ltr'><strong>cum</strong></span> <span class='ocrx_word' id='word_1_745' title='bbox 943 5292 1025 5336; x_wconf 80' lang='lat' dir='ltr'><strong>ro,</strong></span> <span class='ocrx_word' id='word_1_746' title='bbox 1058 5291 1164 5342; x_wconf 89' lang='lat' dir='ltr'><strong>quo</strong></span> <span class='ocrx_word' id='word_1_747' title='bbox 1194 5289 1290 5342; x_wconf 91' lang='lat' dir='ltr'><strong>par</strong></span> <span class='ocrx_word' id='word_1_748' title='bbox 1319 5282 1420 5332; x_wconf 86' lang='lat' dir='ltr'><strong>est,</strong></span> <span class='ocrx_word' id='word_1_749' title='bbox 1455 5273 1677 5324; x_wconf 90' lang='lat' dir='ltr'><strong>honore.</strong></span> <span class='ocrx_word' id='word_1_750' title='bbox 1703 5269 1836 5324; x_wconf 88' lang='lat' dir='ltr'><strong>Cum</strong></span> <span class='ocrx_word' id='word_1_751' title='bbox 1865 5271 1907 5323; x_wconf 91' lang='lat' dir='ltr'><strong>is</strong></span> <span class='ocrx_word' id='word_1_752' title='bbox 1942 5279 2119 5322; x_wconf 91' lang='lat' dir='ltr'><strong>autem</strong></span> <span class='ocrx_word' id='word_1_753' title='bbox 2150 5284 2332 5326; x_wconf 86' lang='lat' dir='ltr'><strong>acces-</strong></span> 
     </span>
    </p>
   </div>
   <div class='ocr_carea' id='block_1_101' title="bbox 821 5361 2322 5432">
    <p class='ocr_par' dir='ltr' id='par_1_101' title="bbox 821 5361 2322 5432">
     <span class='ocr_line' id='line_1_101' title="bbox 821 5361 2322 5432; baseline -0.004 -13"><span class='ocrx_word' id='word_1_754' title='bbox 821 5366 972 5428; x_wconf 62' lang='lat' dir='ltr'><strong>isset,</strong></span> <span class='ocrx_word' id='word_1_755' title='bbox 1005 5365 1229 5418; x_wconf 85' lang='lat' dir='ltr'><strong>dimisso</strong></span> <span class='ocrx_word' id='word_1_756' title='bbox 1269 5365 1377 5432; x_wconf 87' lang='lat' dir='ltr'><strong>jam</strong></span> <span class='ocrx_word' id='word_1_757' title='bbox 1436 5364 1686 5425; x_wconf 84' lang='lat' dir='ltr'><strong>concilio,</strong></span> <span class='ocrx_word' id='word_1_758' title='bbox 1728 5361 1857 5414; x_wconf 89' lang='lat' dir='ltr'><strong>dicit</strong></span> <span class='ocrx_word' id='word_1_759' title='bbox 1905 5362 1953 5414; x_wconf 93' lang='lat' dir='ltr'><strong>ei</strong></span> <span class='ocrx_word' id='word_1_760' title='bbox 1995 5361 2322 5427; x_wconf 86' lang='lat' dir='ltr'><strong>imperator:</strong></span> 
     </span>
    </p>
   </div>
   <div class='ocr_carea' id='block_1_102' title="bbox 787 5450 2322 5520">
    <p class='ocr_par' dir='ltr' id='par_1_102' title="bbox 787 5450 2322 5520">
     <span class='ocr_line' id='line_1_102' title="bbox 787 5450 2322 5520; baseline -0.003 -13"><span class='ocrx_word' id='word_1_761' title='bbox 787 5459 982 5507; x_wconf 65' lang='lat' dir='ltr'><strong>i-Lamus</strong></span> <span class='ocrx_word' id='word_1_762' title='bbox 1028 5455 1186 5507; x_wconf 61' lang='lat' dir='ltr'><strong>simul</strong></span> <span class='ocrx_word' id='word_1_763' title='bbox 1229 5453 1279 5504; x_wconf 94' lang='lat' dir='ltr'><strong>in</strong></span> <span class='ocrx_word' id='word_1_764' title='bbox 1317 5453 1572 5520; x_wconf 89' lang='lat' dir='ltr'><strong>templum</strong></span> <span class='ocrx_word' id='word_1_765' title='bbox 1613 5452 1810 5513; x_wconf 65' lang='lat' dir='ltr'><strong>Dia-nm,</strong></span> <span class='ocrx_word' id='word_1_766' title='bbox 1842 5459 1896 5503; x_wconf 89' lang='lat' dir='ltr'><strong>et</strong></span> <span class='ocrx_word' id='word_1_767' title='bbox 1941 5451 2228 5502; x_wconf 80' lang='lat' dir='ltr'><strong>otIeramus</strong></span> <span class='ocrx_word' id='word_1_768' title='bbox 2274 5450 2322 5502; x_wconf 87' lang='lat' dir='ltr'><strong>ei</strong></span> 
     </span>
    </p>
   </div>
   <div class='ocr_carea' id='block_1_103' title="bbox 787 5537 2320 5606">
    <p class='ocr_par' dir='ltr' id='par_1_103' title="bbox 787 5537 2320 5606">
     <span class='ocr_line' id='line_1_103' title="bbox 787 5537 2320 5606; baseline -0.003 -10"><span class='ocrx_word' id='word_1_769' title='bbox 787 5545 1129 5596; x_wconf 66' lang='lat' dir='ltr'><strong>sacriﬁcium.</strong></span> <span class='ocrx_word' id='word_1_770' title='bbox 1183 5547 1412 5594; x_wconf 61' lang='lat' dir='ltr'><strong>Sanctus</strong></span> <span class='ocrx_word' id='word_1_771' title='bbox 1454 5557 1582 5592; x_wconf 68' lang='lat' dir='ltr'><strong>vero</strong></span> <span class='ocrx_word' id='word_1_772' title='bbox 1636 5556 1692 5591; x_wconf 78' lang='lat' dir='ltr'><strong>se</strong></span> <span class='ocrx_word' id='word_1_773' title='bbox 1751 5539 2070 5606; x_wconf 81' lang='lat' dir='ltr'><strong>reprimens,</strong></span> <span class='ocrx_word' id='word_1_774' title='bbox 2125 5537 2219 5589; x_wconf 82' lang='lat' dir='ltr'><strong>ivit</strong></span> <span class='ocrx_word' id='word_1_775' title='bbox 2270 5539 2320 5591; x_wconf 89' lang='lat' dir='ltr'><strong>in</strong></span> 
     </span>
    </p>
   </div>
   <div class='ocr_carea' id='block_1_104' title="bbox 858 5735 1230 5796">
    <p class='ocr_par' dir='ltr' id='par_1_104' title="bbox 858 5735 1230 5796">
     <span class='ocr_line' id='line_1_104' title="bbox 858 5735 1230 5796; baseline -0.003 -9"><span class='ocrx_word' id='word_1_776' title='bbox 858 5740 867 5767; x_wconf 83' lang='lat'>&#39;</span> <span class='ocrx_word' id='word_1_777' title='bbox 908 5735 1058 5788; x_wconf 68' lang='lat' dir='ltr'><strong>Itoni.</strong></span> <span class='ocrx_word' id='word_1_778' title='bbox 1089 5752 1144 5796; x_wconf 85' lang='grc' dir='ltr'>ιι,</span> <span class='ocrx_word' id='word_1_779' title='bbox 1181 5735 1230 5786; x_wconf 84' lang='grc' dir='ltr'><strong>ϐ.</strong></span> 
     </span>
    </p>
   </div>
   <div class='ocr_carea' id='block_1_105' title="bbox 2427 4544 3980 4617">
    <p class='ocr_par' dir='ltr' id='par_1_105' title="bbox 2427 4544 3980 4617">
     <span class='ocr_line' id='line_1_105' title="bbox 2427 4544 3980 4617; baseline 0.01 -19"><span class='ocrx_word' id='word_1_780' title='bbox 2427 4544 2766 4603; x_wconf 84' lang='lat' dir='ltr'><strong>Christianus</strong></span> <span class='ocrx_word' id='word_1_781' title='bbox 2787 4566 2799 4613; x_wconf 91' lang='lat'><strong>;</strong></span> <span class='ocrx_word' id='word_1_782' title='bbox 2824 4551 3028 4617; x_wconf 84' lang='lat' dir='ltr'><strong>audite,</strong></span> <span class='ocrx_word' id='word_1_783' title='bbox 3054 4569 3241 4608; x_wconf 89' lang='lat' dir='ltr'><strong>omnes</strong></span> <span class='ocrx_word' id='word_1_784' title='bbox 3276 4571 3290 4607; x_wconf 93' lang='lat'><strong>:</strong></span> <span class='ocrx_word' id='word_1_785' title='bbox 3321 4555 3450 4608; x_wconf 88' lang='lat' dir='ltr'><strong>Sum</strong></span> <span class='ocrx_word' id='word_1_786' title='bbox 3480 4555 3839 4611; x_wconf 88' lang='lat' dir='ltr'><strong>Christianus.</strong></span> <span class='ocrx_word' id='word_1_787' title='bbox 3877 4557 3980 4612; x_wconf 87' lang='lat' dir='ltr'><strong>De-</strong></span> 
     </span>
    </p>
   </div>
   <div class='ocr_carea' id='block_1_106' title="bbox 2427 4637 3974 4712">
    <p class='ocr_par' dir='ltr' id='par_1_106' title="bbox 2427 4637 3974 4712">
     <span class='ocr_line' id='line_1_106' title="bbox 2427 4637 3974 4712; baseline 0.01 -26"><span class='ocrx_word' id='word_1_788' title='bbox 2427 4637 2545 4689; x_wconf 73' lang='lat' dir='ltr'><strong>cius</strong></span> <span class='ocrx_word' id='word_1_789' title='bbox 2571 4651 2751 4692; x_wconf 88' lang='lat' dir='ltr'><strong>autem</strong></span> <span class='ocrx_word' id='word_1_790' title='bbox 2781 4640 2942 4693; x_wconf 87' lang='lat' dir='ltr'><strong>simul</strong></span> <span class='ocrx_word' id='word_1_791' title='bbox 2976 4650 3031 4694; x_wconf 90' lang='lat' dir='ltr'><strong>et</strong></span> <span class='ocrx_word' id='word_1_792' title='bbox 3075 4644 3157 4696; x_wconf 90' lang='lat' dir='ltr'><strong>ira</strong></span> <span class='ocrx_word' id='word_1_793' title='bbox 3189 4644 3340 4697; x_wconf 88' lang='lat' dir='ltr'><strong>valde</strong></span> <span class='ocrx_word' id='word_1_794' title='bbox 3382 4645 3640 4712; x_wconf 82' lang='lat' dir='ltr'><strong>percitus,</strong></span> <span class='ocrx_word' id='word_1_795' title='bbox 3671 4657 3724 4699; x_wconf 89' lang='lat' dir='ltr'><strong>et</strong></span> <span class='ocrx_word' id='word_1_796' title='bbox 3756 4648 3974 4702; x_wconf 87' lang='lat' dir='ltr'><strong>dicendi</strong></span> 
     </span>
    </p>
   </div>
   <div class='ocr_carea' id='block_1_107' title="bbox 2426 4726 3978 4803">
    <p class='ocr_par' dir='ltr' id='par_1_107' title="bbox 2426 4726 3978 4803">
     <span class='ocr_line' id='line_1_107' title="bbox 2426 4726 3978 4803; baseline 0.009 -24"><span class='ocrx_word' id='word_1_797' title='bbox 2426 4726 2730 4781; x_wconf 84' lang='lat' dir='ltr'><strong>libertatein</strong></span> <span class='ocrx_word' id='word_1_798' title='bbox 2755 4730 3074 4798; x_wconf 88' lang='lat' dir='ltr'><strong>admiratus,</strong></span> <span class='ocrx_word' id='word_1_799' title='bbox 3095 4735 3320 4802; x_wconf 86' lang='lat' dir='ltr'><strong>ejusque</strong></span> <span class='ocrx_word' id='word_1_800' title='bbox 3346 4737 3749 4803; x_wconf 88' lang='lat' dir='ltr'><strong>pulchritudine</strong></span> <span class='ocrx_word' id='word_1_801' title='bbox 3776 4748 3830 4791; x_wconf 94' lang='lat' dir='ltr'><strong>ct</strong></span> <span class='ocrx_word' id='word_1_802' title='bbox 3861 4755 3978 4792; x_wconf 79' lang='lat' dir='ltr'><strong>ina-</strong></span> 
     </span>
    </p>
   </div>
   <div class='ocr_carea' id='block_1_108' title="bbox 2427 4815 3973 4895">
    <p class='ocr_par' dir='ltr' id='par_1_108' title="bbox 2427 4815 3973 4895">
     <span class='ocr_line' id='line_1_108' title="bbox 2427 4815 3973 4895; baseline 0.009 -27"><span class='ocrx_word' id='word_1_803' title='bbox 2427 4815 2706 4885; x_wconf 87' lang='lat' dir='ltr'><strong>gnitudine</strong></span> <span class='ocrx_word' id='word_1_804' title='bbox 2759 4819 3207 4889; x_wconf 71' lang='lat' dir='ltr'><strong>obstupefactus,</strong></span> <span class='ocrx_word' id='word_1_805' title='bbox 3262 4826 3425 4894; x_wconf 87' lang='lat' dir='ltr'><strong>jussit</strong></span> <span class='ocrx_word' id='word_1_806' title='bbox 3497 4844 3620 4880; x_wconf 91' lang='lat' dir='ltr'><strong>eum</strong></span> <span class='ocrx_word' id='word_1_807' title='bbox 3671 4830 3864 4895; x_wconf 88' lang='lat' dir='ltr'><strong>conjici</strong></span> <span class='ocrx_word' id='word_1_808' title='bbox 3919 4830 3973 4882; x_wconf 92' lang='lat' dir='ltr'><strong>in</strong></span> 
     </span>
    </p>
   </div>
   <div class='ocr_carea' id='block_1_109' title="bbox 2428 4907 3980 4973">
    <p class='ocr_par' dir='ltr' id='par_1_109' title="bbox 2428 4907 3980 4973">
     <span class='ocr_line' id='line_1_109' title="bbox 2428 4907 3980 4973; baseline 0.008 -15"><span class='ocrx_word' id='word_1_809' title='bbox 2428 4907 2749 4968; x_wconf 87' lang='lat' dir='ltr'><strong>custodiam,</strong></span> <span class='ocrx_word' id='word_1_810' title='bbox 2808 4911 3029 4964; x_wconf 90' lang='lat' dir='ltr'><strong>dicens:</strong></span> <span class='ocrx_word' id='word_1_811' title='bbox 3086 4914 3182 4968; x_wconf 91' lang='lat' dir='ltr'><strong>Hie</strong></span> <span class='ocrx_word' id='word_1_812' title='bbox 3243 4917 3404 4970; x_wconf 86' lang='lat' dir='ltr'><strong>homo</strong></span> <span class='ocrx_word' id='word_1_813' title='bbox 3451 4934 3556 4970; x_wconf 94' lang='lat' dir='ltr'><strong>non</strong></span> <span class='ocrx_word' id='word_1_814' title='bbox 3609 4921 3980 4973; x_wconf 78' lang='lat' dir='ltr'><strong>consideravit</strong></span> 
     </span>
    </p>
   </div>
   <div class='ocr_carea' id='block_1_110' title="bbox 2430 4997 3974 5077">
    <p class='ocr_par' dir='ltr' id='par_1_110' title="bbox 2430 4997 3974 5077">
     <span class='ocr_line' id='line_1_110' title="bbox 2430 4997 3974 5077; baseline 0.01 -31"><span class='ocrx_word' id='word_1_815' title='bbox 2430 5009 2530 5048; x_wconf 91' lang='lat' dir='ltr'><strong>nec</strong></span> <span class='ocrx_word' id='word_1_816' title='bbox 2565 4997 2833 5053; x_wconf 86' lang='lat' dir='ltr'><strong>intellexit</strong></span> <span class='ocrx_word' id='word_1_817' title='bbox 2867 5000 3149 5057; x_wconf 88' lang='lat' dir='ltr'><strong>honorem.</strong></span> <span class='ocrx_word' id='word_1_818' title='bbox 3200 5007 3302 5058; x_wconf 77' lang='lat' dir='ltr'><strong>Sed</strong></span> <span class='ocrx_word' id='word_1_819' title='bbox 3339 5009 3382 5060; x_wconf 85' lang='lat' dir='ltr'><strong>si</strong></span> <span class='ocrx_word' id='word_1_820' title='bbox 3429 5010 3660 5062; x_wconf 87' lang='lat' dir='ltr'><strong>senserit</strong></span> <span class='ocrx_word' id='word_1_821' title='bbox 3712 5013 3974 5077; x_wconf 88' lang='lat' dir='ltr'><strong>probrum</strong></span> 
     </span>
    </p>
   </div>
   <div class='ocr_carea' id='block_1_111' title="bbox 2431 5087 3975 5168">
    <p class='ocr_par' dir='ltr' id='par_1_111' title="bbox 2431 5087 3975 5168">
     <span class='ocr_line' id='line_1_111' title="bbox 2431 5087 3975 5168; baseline 0.011 -31"><span class='ocrx_word' id='word_1_822' title='bbox 2431 5093 2487 5137; x_wconf 90' lang='lat' dir='ltr'><strong>et</strong></span> <span class='ocrx_word' id='word_1_823' title='bbox 2520 5087 2893 5155; x_wconf 87' lang='lat' dir='ltr'><strong>ignominiam,</strong></span> <span class='ocrx_word' id='word_1_824' title='bbox 2931 5103 3062 5160; x_wconf 92' lang='lat' dir='ltr'><strong>puto</strong></span> <span class='ocrx_word' id='word_1_825' title='bbox 3095 5095 3228 5158; x_wconf 82' lang='lat' dir='ltr'><strong>fore,</strong></span> <span class='ocrx_word' id='word_1_826' title='bbox 3263 5109 3465 5151; x_wconf 90' lang='lat' dir='ltr'><strong>uteum</strong></span> <span class='ocrx_word' id='word_1_827' title='bbox 3497 5100 3562 5152; x_wconf 90' lang='lat' dir='ltr'><strong>ad</strong></span> <span class='ocrx_word' id='word_1_828' title='bbox 3605 5102 3742 5168; x_wconf 86' lang='lat' dir='ltr'><strong>piam</strong></span> <span class='ocrx_word' id='word_1_829' title='bbox 3786 5103 3975 5154; x_wconf 80' lang='lat' dir='ltr'><strong>tradu-</strong></span> 
     </span>
    </p>
   </div>
   <div class='ocr_carea' id='block_1_112' title="bbox 2432 5181 3972 5247">
    <p class='ocr_par' dir='ltr' id='par_1_112' title="bbox 2432 5181 3972 5247">
     <span class='ocr_line' id='line_1_112' title="bbox 2432 5181 3972 5247; baseline 0.011 -19"><span class='ocrx_word' id='word_1_830' title='bbox 2432 5192 2548 5229; x_wconf 90' lang='lat' dir='ltr'><strong>cam</strong></span> <span class='ocrx_word' id='word_1_831' title='bbox 2596 5181 2999 5247; x_wconf 75' lang='lat' dir='ltr'><strong>cogitationem.</strong></span> <span class='ocrx_word' id='word_1_832' title='bbox 3033 5185 3164 5237; x_wconf 90' lang='lat' dir='ltr'><strong>Cum</strong></span> <span class='ocrx_word' id='word_1_833' title='bbox 3218 5187 3262 5238; x_wconf 81' lang='lat' dir='ltr'><strong>is</strong></span> <span class='ocrx_word' id='word_1_834' title='bbox 3292 5198 3468 5241; x_wconf 89' lang='lat' dir='ltr'><strong>autem</strong></span> <span class='ocrx_word' id='word_1_835' title='bbox 3518 5191 3877 5244; x_wconf 83' lang='lat' dir='ltr'><strong>abduceretur</strong></span> <span class='ocrx_word' id='word_1_836' title='bbox 3915 5194 3972 5245; x_wconf 90' lang='lat' dir='ltr'><strong>in</strong></span> 
     </span>
    </p>
   </div>
   <div class='ocr_carea' id='block_1_113' title="bbox 2431 5267 3971 5344">
    <p class='ocr_par' dir='ltr' id='par_1_113' title="bbox 2431 5267 3971 5344">
     <span class='ocr_line' id='line_1_113' title="bbox 2431 5267 3971 5344; baseline 0.011 -27"><span class='ocrx_word' id='word_1_837' title='bbox 2431 5267 2754 5328; x_wconf 88' lang='lat' dir='ltr'><strong>custodiam,</strong></span> <span class='ocrx_word' id='word_1_838' title='bbox 2789 5270 3068 5324; x_wconf 67' lang='lat' dir='ltr'><strong>laetabatur</strong></span> <span class='ocrx_word' id='word_1_839' title='bbox 3112 5289 3311 5344; x_wconf 72' lang='lat' dir='ltr'><strong>martyr</strong></span> <span class='ocrx_word' id='word_1_840' title='bbox 3339 5287 3395 5329; x_wconf 89' lang='lat' dir='ltr'><strong>et</strong></span> <span class='ocrx_word' id='word_1_841' title='bbox 3436 5279 3759 5342; x_wconf 79' lang='lat' dir='ltr'><strong>exsultabat,</strong></span> <span class='ocrx_word' id='word_1_842' title='bbox 3795 5281 3971 5334; x_wconf 82' lang='lat' dir='ltr'><strong>Deum</strong></span> 
     </span>
    </p>
   </div>
   <div class='ocr_carea' id='block_1_114' title="bbox 2431 5357 3980 5429">
    <p class='ocr_par' dir='ltr' id='par_1_114' title="bbox 2431 5357 3980 5429">
     <span class='ocr_line' id='line_1_114' title="bbox 2431 5357 3980 5429; baseline 0.012 -20"><span class='ocrx_word' id='word_1_843' title='bbox 2431 5357 2657 5412; x_wconf 80' lang='lat' dir='ltr'><strong>laudans</strong></span> <span class='ocrx_word' id='word_1_844' title='bbox 2684 5369 2738 5413; x_wconf 92' lang='lat' dir='ltr'><strong>et</strong></span> <span class='ocrx_word' id='word_1_845' title='bbox 2790 5362 3012 5429; x_wconf 88' lang='lat' dir='ltr'><strong>gloriam</strong></span> <span class='ocrx_word' id='word_1_846' title='bbox 3045 5365 3092 5416; x_wconf 91' lang='lat' dir='ltr'><strong>ei</strong></span> <span class='ocrx_word' id='word_1_847' title='bbox 3143 5367 3401 5420; x_wconf 89' lang='lat' dir='ltr'><strong>tribuens.</strong></span> <span class='ocrx_word' id='word_1_848' title='bbox 3455 5369 3620 5424; x_wconf 82' lang='lat' dir='ltr'><strong>Nocte</strong></span> <span class='ocrx_word' id='word_1_849' title='bbox 3673 5383 3851 5425; x_wconf 81' lang='lat' dir='ltr'><strong>autem</strong></span> <span class='ocrx_word' id='word_1_850' title='bbox 3886 5375 3980 5427; x_wconf 86' lang='lat' dir='ltr'><strong>illa</strong></span> 
     </span>
    </p>
   </div>
   <div class='ocr_carea' id='block_1_115' title="bbox 2435 5448 3977 5521">
    <p class='ocr_par' dir='ltr' id='par_1_115' title="bbox 2435 5448 3977 5521">
     <span class='ocr_line' id='line_1_115' title="bbox 2435 5448 3977 5521; baseline 0.011 -22"><span class='ocrx_word' id='word_1_851' title='bbox 2435 5448 2659 5515; x_wconf 88' lang='lat' dir='ltr'><strong>angelus</strong></span> <span class='ocrx_word' id='word_1_852' title='bbox 2695 5450 2903 5505; x_wconf 90' lang='lat' dir='ltr'><strong>Domini</strong></span> <span class='ocrx_word' id='word_1_853' title='bbox 2935 5455 2984 5506; x_wconf 94' lang='lat' dir='ltr'><strong>ci</strong></span> <span class='ocrx_word' id='word_1_854' title='bbox 3012 5467 3250 5521; x_wconf 88' lang='lat' dir='ltr'><strong>apparet.</strong></span> <span class='ocrx_word' id='word_1_855' title='bbox 3287 5459 3507 5512; x_wconf 85' lang='lat' dir='ltr'><strong>dicens:</strong></span> <span class='ocrx_word' id='word_1_856' title='bbox 3545 5461 3792 5521; x_wconf 78' lang='lat' dir='ltr'><strong>Conﬁdo,</strong></span> <span class='ocrx_word' id='word_1_857' title='bbox 3831 5463 3977 5515; x_wconf 80' lang='lat' dir='ltr'><strong>Mer-</strong></span> 
     </span>
    </p>
   </div>
   <div class='ocr_carea' id='block_1_116' title="bbox 2429 5542 3980 5621">
    <p class='ocr_par' dir='ltr' id='par_1_116' title="bbox 2429 5542 3980 5621">
     <span class='ocr_line' id='line_1_116' title="bbox 2429 5542 3980 5621; baseline 0.012 -30"><span class='ocrx_word' id='word_1_858' title='bbox 2429 5542 2570 5602; x_wconf 91' lang='lat' dir='ltr'><strong>curi,</strong></span> <span class='ocrx_word' id='word_1_859' title='bbox 2606 5553 2658 5594; x_wconf 88' lang='lat' dir='ltr'><strong>et</strong></span> <span class='ocrx_word' id='word_1_860' title='bbox 2696 5559 2760 5595; x_wconf 86' lang='lat' dir='ltr'><strong>ne</strong></span> <span class='ocrx_word' id='word_1_861' title='bbox 2819 5544 3040 5607; x_wconf 86' lang='lat' dir='ltr'><strong>timeas;</strong></span> <span class='ocrx_word' id='word_1_862' title='bbox 3086 5549 3244 5601; x_wconf 89' lang='lat' dir='ltr'><strong>crede</strong></span> <span class='ocrx_word' id='word_1_863' title='bbox 3287 5551 3336 5601; x_wconf 86' lang='lat' dir='ltr'><strong>iu</strong></span> <span class='ocrx_word' id='word_1_864' title='bbox 3374 5551 3679 5613; x_wconf 85' lang='lat' dir='ltr'><strong>Dominum,</strong></span> <span class='ocrx_word' id='word_1_865' title='bbox 3714 5570 3875 5621; x_wconf 85' lang='lat' dir='ltr'><strong>quem</strong></span> <span class='ocrx_word' id='word_1_866' title='bbox 3911 5572 3980 5609; x_wconf 78' lang='lat' dir='ltr'><strong>es</strong></span> 
     </span>
    </p>
   </div>
  </div>
