4270 6428
319 423 427 483 2'73

1409 411 1870 477 MARTYRIUM
1913 412 1971 470 ς.
2019 411 2429 474 MERUURII.

3411 420 3515 480 27$

317 536 620 593 confessus.
657 533 773 600 Ipse
828 535 969 586 enim
1028 542 1206 601 potest
1245 542 1294 585 te
1335 532 1599 583 reditu-re
1631 545 1690 580 ex
1726 521 1871 577 omni
1908 522 1945 576 Α
1980 522 2169 576 fuisset
2201 526 2418 592 quidem
2449 534 2667 579 tactum.
2717 527 2856 580 Dixit
2889 528 3080 581 Decius
3111 548 3120 581 :
3181 530 3271 582 Est
3313 534 3542 583 omnino

317 628 627 681 aﬂlictione.
666 624 884 678 Visione
920 634 1099 677 autem
1146 623 1319 692 angeli
1357 622 1511 674 valde
1542 622 1641 672 fuit
1678 619 1873 669 νομῆι-ο

318 730 521 771 multis.

398 809 505 863 \‘ll.
558 812 650 864 Die
689 826 816 863 vero
842 807 1087 877 sequenti
1119 821 1239 858 cum
1274 802 1615 873 praesedisset
1643 800 1872 866 impera-

320 908 407 949 tor
441 899 489 950 in
530 902 808 963 tribunali,
847 900 1009 968 jussit
1046 912 1174 951 eum
1215 896 1354 953 sisti.
1389 904 1439 944 et
1491 892 1622 945 dicit
1652 891 1739 942 ei:
1778 887 1871 938 llic

324 990 499 1040 honor
530 999 579 1041 te
618 991 775 1041 decet
832 998 1054 1056 propter
1086 1000 1234 1038 tuum
1273 984 1565 1052 pessimum
1608 980 1870 1033 animum.

322 1080 467 1133 Dixit
498 1090 699 1149 martyr
730 1099 739 1132 :
782 1081 860 1133 Ille
891 1080 1045 1131 decet
1080 1077 1167 1129 hic
1198 1077 1403 1137 honor;
1445 1072 1696 1140 accepisti
1729 1071 1872 1123 enim

319 1185 383 1221 ea
415 1185 535 1237 quze
571 1179 935 1237 prtetereunt:
975 1183 1070 1236 pro
1104 1167 1168 1220 iis
1215 1178 1392 1217 autem
1444 1163 1724 1230 accipiam.
1756 1175 1875 1226 qure

323 1272 645 1328 permanent
692 1262 741 1313 in
778 1272 1057 1314 :eternum.
1095 1257 1232 1309 Dixit
1266 1258 1589 1321 imperator:
1627 1252 1718 1303 Dic
1747 1249 1874 1300 mihi

321 1365 493 1418 genus
526 1361 675 1402 tuum
725 1361 777 1404 et
830 1350 1086 1417 patriam.
1123 1347 1263 1399 Dixit
1316 1343 1655 1398 Mercurius:
1708 1340 1762 1393 Si
1800 1340 1875 1391 vis

324 1444 460 1496 scire
504 1458 669 1511 genus
723 1458 896 1494 meum
942 1454 995 1495 et
1046 1442 1298 1509 patriam,
1331 1438 1505 1490 dicam
1547 1434 1679 1486 tibi:
1719 1433 1877 1484 Pater

325 1548 478 1586 meus
504 1534 790 1586 vocabatur
816 1532 1138 1592 Gordianus,
1165 1530 1361 1599 Scytha
1411 1543 1644 1596 genere;
1685 1526 1878 1578 milita-

326 1626 414 1677 bat
471 1640 601 1675 vero
659 1627 708 1675 in
766 1626 975 1687 legione
1038 1622 1407 1674 Martensium.
1474 1619 1650 1671 Patria
1700 1625 1877 1668 autem

328 1730 465 1771 mea.
498 1716 561 1765 all
590 1730 749 1781 quam
784 1729 1028 1781 propero,
1056 1722 1137 1765 est
1160 1711 1395 1764 caelestis
1423 1708 1736 1766 Jerusalem,
1763 1721 1881 1773 qua:

325 1813 408 1855 est
444 1804 639 1855 civitas
676 1803 834 1869 Regis
854 1801 1111 1854 etelestis.
1142 1800 1279 1851 Dixit
1306 1808 1480 1849 autem
1514 1796 1737 1848 Decius:
1771 1792 1880 1845 Hoc

1980 616 2245 675 dicturus,
2278 618 2527 671 Christus
2573 635 2722 673 meus
2761 635 2843 672 me
2874 623 3103 673 curavit.
3143 622 3421 676 Neminem
3458 628 3537 677 iu-

1984 707 2298 761 troduxistis
2330 710 2418 777 qui
2455 725 2575 762 eum
2604 722 2817 764 curaret
2844 713 2893 763 in
2933 713 3216 767 eusmdia?
3248 714 3323 766 Illi
3354 726 3535 768 autem

1981 800 2027 849 ei
2078 800 2371 853 dixerunt:
2420 801 2520 852 Per
2572 814 2803 853 vestram
2862 802 3175 869 potentiam.
3236 819 3355 870 qua:
3404 807 3540 871 regit

1982 890 2294 941 universum
2348 890 2531 942 orbein
2584 898 2758 944 terrm.
2824 907 2981 943 nemo
3039 908 3161 944 eum
3214 909 3279 945 ne
3334 897 3540 961 aspexit

1981 976 2220 1042 quidem,
2280 978 2599 1043 putabamus
2648 979 2790 1030 enim
2854 994 2975 1031 eum
3026 995 3145 1034 esse
3197 982 3539 1051 utoriturutu_

1980 1066 2263 1129 Quomodo
2316 1078 2491 1120 autem
2552 1083 2714 1120 sanus
2761 1078 2812 1120 et
2874 1072 3059 1123 valens
3110 1087 3254 1124 nunc
3300 1072 3542 1129 assistat.

1984 1154 2274 1206 nescimus.
2320 1154 2458 1207 Dixit
2490 1156 2781 1221 imperator
2812 1176 2823 1209 :
2855 1158 3040 1212 Videte
3070 1170 3241 1212 artem
3275 1160 3537 1228 magicam

1981 1247 2438 1300 Christianorum.
2492 1249 2589 1312 Qui
2652 1250 2765 1302 heri
2816 1251 3032 1316 quidem
3079 1252 3366 1318 putabatur
3421 1268 3541 1306 esse

1983 1352 2247 1395 mortuus.
2286 1339 2445 1392 hodie
2515 1339 2687 1393 adstat
2732 1357 2913 1394 sanus.
2965 1344 3135 1395 Iratus
3183 1344 3359 1409 itaque
3408 1344 3549 1396 dixit

1984 1430 2031 1480 ei
2063 1447 2075 1480 :
2108 1429 2238 1492 Quis
2288 1439 2335 1481 te
2370 1432 2619 1481 curavit?
2652 1430 2739 1481 die
2796 1446 2914 1483 cum
2956 1433 3201 1483 veritate.
3255 1431 3386 1485 Nam
3422 1432 3539 1483 sine

1986 1518 2267 1586 praestigiis
2297 1528 2347 1569 et
2378 1529 2490 1569 arte
2527 1521 2727 1583 magica
2777 1536 2877 1571 non
2918 1532 3044 1587 puto
3092 1531 3140 1571 te
3176 1522 3337 1573 fuiSse
3385 1536 3541 1572 cura—

1988 1618 2119 1660 tttm.
2171 1608 2312 1659 Dixit
2340 1618 2560 1660 sanctus
2596 1611 2932 1661 Mercurius:
2983 1610 3133 1663 Sicut
3171 1611 3321 1676 prius
3354 1610 3535 1669 dix'sti

1990 1700 2197 1758 nolens.
2234 1700 2493 1751 Dominus
2544 1709 2723 1751 noster
2755 1700 2908 1753 Iesus
2937 1700 3202 1761 Christus,
3238 1716 3398 1752 verus
3429 1714 3539 1751 tne-

1990 1791 2144 1843 dicns
2182 1792 2481 1842 animarum
2511 1800 2562 1843 et
2587 1806 2892 1857 corporum,
2929 1791 3039 1858 ipse
3073 1806 3153 1843 mc
3179 1794 3407 1843 curavit.
3444 1793 3542 1841 Ve-

328 1910 393 1945 ne
425 1896 639 1946 nomine
669 1903 886 1945 vocatus
914 1908 971 1945 es
1004 1908 1031 1944 a
1060 1890 1395 1959 parentibus.
1425 1903 1490 1939 an
1534 1888 1586 1938 iu
1620 1885 1858 1937 exercitu
1915 1862 1955 1915 Β
1989 1883 2187 1933 neﬂcos
2233 1892 2432 1937 autem.
2484 1894 2538 1935 et
2586 1883 2963 1943 ineantatores,
3014 1892 3063 1934 et
3113 1883 3349 1934 sortibus
3400 1883 3538 1937 divi-

325 1984 624 2050 appellatus
659 1983 803 2035 fuisti
836 1981 1168 2035 Mercurius?
1210 1980 1355 2032 Dixit
1395 1989 1597 2045 martyr
1624 1974 1886 2028 :‘Militia:

328 2086 355 2120 a
386 2070 602 2122 tribuno
632 2080 857 2122 vocatus
886 2085 1002 2122 sum
1028 2069 1345 2122 Mercurius.
1381 2068 1521 2119 Dixit
1550 2066 1841 2132 imperator
1870 2081 1880 2113 :

327 2160 437 2212 Cur
482 2177 586 2212 non
636 2159 769 2213 facis
805 2160 945 2213 sicut
985 2162 1194 2229 jussum
1226 2159 1327 2211 fuit
1372 2156 1623 2209 omnibus
1654 2153 1885 2206 homini-

331 2252 451 2310 bus.
486 2260 537 2303 et
574 2250 705 2303 deos
736 2249 954 2311 adoras,
1006 2251 1237 2317 priorem
1273 2259 1420 2300 tuum
1453 2248 1712 2298 honorent
1750 2242 1887 2294 reci-

331 2342 524 2407 piens?
559 2341 797 2394 mavisne
844 2340 977 2393 mori
1003 2340 1055 2391 in
1085 2339 1405 2392 tormentis?
1435 2338 1528 2387 Die
1553 2337 1680 2395 cito,
1714 2335 1889 2387 sciens

329 2441 382 2485 te
408 2446 525 2483 esse
562 2440 806 2482 vocatum
841 2438 1142 2498 propterea.
1192 2428 1333 2481 Dixit
1381 2426 1715 2478 Mercurius:
1750 2424 1884 2489 Ego,

332 2530 390 2572 ut
420 2520 624 2579 dixisti,
674 2522 794 2573 ideo
832 2520 973 2581 veni,
1012 2528 1070 2571 ut
1105 2530 1156 2573 te
1200 2519 1489 2577 vincerem,
1526 2527 1579 2568 et
1610 2514 1884 2566 diabolum

336 2612 517 2664 omnis
547 2613 660 2664 vitii
694 2613 1062 2672 inventorem;
1099 2620 1153 2662 et
1191 2624 1447 2662 coronam
1486 2608 1722 2659 victoria:
1751 2605 1891 2657 acci-

333 2704 475 2769 piam
508 2706 572 2754 ab
603 2706 921 2770 agouotlteta
951 2702 1076 2755 Iesu
1102 2701 1319 2754 Christo
1344 2700 1571 2751 Domino
1604 2712 1741 2749 meo.
1770 2696 1887 2748 Noli

332 2807 464 2858 ergo
492 2793 699 2843 tardare
728 2806 825 2843 nec
851 2789 1105 2844 diﬂ‘erre:
1139 2789 1231 2842 sed
1264 2790 1313 2840 in
1348 2803 1429 2841 me
1462 2788 1765 2854 imple,qute
1795 2785 1889 2834 tibi

336 2882 564 2933 veniunt
607 2885 657 2933 in
712 2892 966 2933 mentem.
1017 2879 1198 2931 llaheo
1234 2879 1378 2930 enim
1425 2874 1643 2928 loricam
1678 2874 1797 2926 lldei
1838 2882 1890 2924 et

335 2974 602 3040 clypeum,
637 2987 732 3038 per
756 2986 872 3037 quae
898 2970 1105 3021 vincam
1129 2982 1342 3021 omnem
1377 2966 1740 3019 inventionem
1770 2978 1887 3029 qua:

342 3063 600 3113 adversus
628 3078 709 3114 mc
737 3061 1037 3129 excogitata
1065 3068 1119 3111 et
1147 3068 1287 3111 mota
1323 3057 1501 3108 fuerit.

411 3152 541 3207 VIII.
589 3152 737 3203 Tunc
771 3152 905 3203 dixit
936 3152 1228 3218 imperator
1259 3149 1336 3200 ira
1371 3147 1596 3213 plenus:
1627 3144 1890 3208 Quoniam

338 3243 476 3296 dicis
510 3253 557 3296 te
594 3243 788 3294 habere
841 3241 1060 3293 loricam
1095 3239 1217 3291 ﬂdei
1257 3246 1310 3291 et
1343 3238 1607 3305 clypeum,
1650 3236 1811 3304 jubeo
1843 3244 1891 3287 te

341 3334 546 3386 nudum
577 3332 792 3385 extendi
827 3332 890 3383 ad
922 3342 1155 3399 quatuor
1186 3328 1352 3395 palos,
1384 3340 1436 3379 et
1470 3326 1752 3379 sublimem
1783 3324 1893 3376 tolli

340 3440 367 3473 a
408 3433 569 3474 terra.
600 3424 731 3472 (Inui
769 3422 869 3473 hoc
905 3430 1081 3472 autem
1113 3418 1311 3471 factum
1357 3425 1517 3475 esset.
1559 3416 1688 3467 dicit
1731 3416 1896 3481 impe-

344 3524 528 3562 raur:
565 3510 662 3563 Ubi
698 3519 820 3559 sunt
847 3523 993 3559 arma
1020 3516 1108 3558 tua
1137 3505 1364 3559 bellica?
1391 3505 1491 3556 Per
1512 3504 1696 3557 Jovem
1728 3502 1894 3553 niaxi—

343 3617 488 3653 tnutn
528 3602 750 3651 deorum
782 3598 936 3649 valde
972 3596 1118 3649 fuisti
1148 3606 1424 3649 extensus.
1456 3593 1685 3647 Sanctus
1714 3601 1893 3644 autem

348 3690 663 3752 Mercurius,
703 3692 754 3740 in
786 3688 981 3740 cadum
1001 3687 1289 3754 aspiciens.
1318 3686 1486 3738 dixit:
1522 3683 1741 3736 Domine
1770 3683 1895 3735 Jesu

343 3783 573 3839 Christe,
617 3782 697 3832 fer
724 3793 879 3845 opem
930 3793 1088 3831 servo
1122 3787 1232 3829 tuo.
1274 3777 1483 3828 Rursus
1518 3774 1676 3841 jussit
1726 3773 1896 3837 impe-

347 3882 491 3925 rator
539 3880 698 3924 acuto
745 3870 923 3939 gladio
971 3866 1144 3920 scindi
1202 3868 1320 3933 ejus
1366 3879 1580 3931 corpus.
1612 3872 1663 3915 et
1715 3872 1897 3929 po;tea

344 3966 519 4033 ignem
567 3963 840 4015 substerni
878 3968 936 4012 ut
985 3962 1097 4026 ipse
1133 3957 1385 4025 paulatim
1440 3964 1711 4007 ureretur.
1763 3953 1899 4004 Sau-

343 4050 521 4117 guinis
574 4059 754 4100 autem
816 4046 1161 4101 multitudine
1228 4058 1390 4111 rogus
1437 4044 1539 4095 fuit
1579 4042 1895 4095 exstinctus.

346 4142 576 4193 Sanctus
602 4154 732 4191 vero
781 4139 904 4190 forti
935 4148 991 4190 et
1038 4150 1299 4205 generoso
1343 4135 1523 4188 animo
1549 4133 1757 4185 ferebat
1794 4137 1891 4184 hoc

346 4238 698 4280 tormentum.
730 4228 922 4279 Decius
952 4237 1129 4279 autem
1161 4225 1321 4292 jussit
1351 4238 1477 4277 eum
1508 4224 1669 4284 solvi,
1711 4237 1777 4275 ne
1817 4222 1896 4273 ci-

348 4322 454 4372 tius
490 4328 812 4379 moreretur,
863 4328 914 4371 et
948 4318 999 4370 in
1030 4317 1258 4385 quadam
1304 4315 1533 4367 obscura
1578 4313 1740 4365 domo
1779 4320 1895 4363 tuto

347 4408 575 4461 includi.
621 4407 751 4458 Eum
786 4410 965 4473 itaque
1007 4415 1309 4473 portantes,
1342 4404 1684 4471 projecerunt
1719 4402 1770 4453 in
1802 4404 1893 4453 do-

1986 1983 2173 2027 nantes
2203 1974 2360 2026 simul
2392 1989 2513 2025 cum
2562 1974 2623 2025 iis
2657 1975 2746 2041 qui
2783 1975 3008 2026 adorant
3048 1974 3357 2031 simulacra.
3389 1974 3543 2025 ain-

1985 2077 2089 2123 cat.
2125 2081 2323 2132 eosque
2366 2067 2594 2117 vini'ulis
2643 2066 2853 2132 ligatos,
2902 2065 3061 2117 tradit
3094 2068 3196 2132 igni
3245 2067 3530 2129 gehennam

1987 2165 2271 2223 propterea
2300 2156 2440 2222 quod
2476 2171 2580 2207 non
2616 2169 2952 2223 agnoverunt
2980 2171 3166 2208 verum
3220 2156 3407 2215 Deum,
3448 2158 3537 2221 qui

1988 2247 2112 2300 fecit
2160 2248 2323 2315 ipsos.
2358 2248 2498 2299 Dixit
2533 2248 2859 2314 imperator:
2892 2246 3099 2313 Corpus
3148 2258 3294 2298 tuum
3351 2264 3538 2300 rursus

1988 2356 2298 2395 consumam
2327 2342 2623 2407 suppliciis.
2659 2340 2949 2391 Videamus
2972 2350 3172 2399 autem.
3202 2355 3265 2390 an
3306 2349 3353 2390 te
3386 2348 3541 2391 curet

1988 2430 2235 2484 Christus
2270 2439 2413 2491 tuus,
2462 2444 2621 2496 quem
2652 2429 2944 2480 conﬁteris.
3003 2429 3143 2479 Dixit
3196 2429 3531 2481 Mercurius:

1987 2520 2159 2573 Credo
2200 2521 2249 2571 in
2287 2520 2571 2571 Dominum
2611 2534 2788 2570 meum
2842 2518 3023 2569 Jesum
3055 2516 3348 2577 Christum,
3396 2520 3539 2583 quml

1991 2624 2323 2677 quaecunque
2360 2609 2489 2661 mihi
2524 2610 2772 2661 intuleris
2805 2608 3089 2674 supplicia,
3132 2623 3235 2658 non
3273 2618 3425 2674 potes
3456 2624 3537 2657 me

1993 2703 2189 2769 injuria
2224 2701 2453 2753 allicere.
2504 2700 2618 2767 Ipse
2668 2701 2807 2751 enim
2858 2700 3033 2751 dixit:
3072 2718 3089 2748 ι
3126 2699 3301 2752 Nolite
3354 2700 3539 2751 limere.

1991 2805 2104 2850 eos,
2146 2793 2236 2857 qui
2264 2804 2460 2855 corpus
2491 2790 2786 2841 occidunt:
2821 2789 3051 2840 animam
3087 2801 3263 2842 autem
3295 2804 3397 2842 non
3425 2806 3544 2856 pos-

1992 2881 2426 2938 suntoccidere;
2468 2879 2559 2930 sed
2591 2892 2712 2930 eum
2768 2879 2951 2931 timete
3000 2880 3197 2943 potius,
3249 2882 3337 2945 qui
3371 2890 3546 2946 potest

1993 2973 2225 3024 animam
2251 2979 2302 3021 et
2324 2983 2520 3033 corpus
2549 2968 2773 3035 perdere
2804 2968 2854 3019 in
2882 2969 3122 3037 gehenna
3144 2972 3203 3023 δε
3242 2990 3257 3019 ι
3291 2971 3381 3037 qui
3414 2983 3533 3035 post

1994 3073 2221 3115 mortem
2255 3073 2340 3112 me
2384 3071 2571 3110 rursus
2598 3057 2879 3110 suscitabit
2917 3058 2967 3109 in
3002 3059 3228 3112 terribili
3280 3058 3369 3111 die
3397 3062 3525 3127 justi

1992 3154 2203 3226 judicii.

2070 3246 2133 3299 X.
2172 3247 2304 3300 Cum
2342 3258 2520 3301 autem
2546 3256 2887 3313 torqueretur
2907 3256 2959 3299 et
2983 3252 3227 3298 ureretur
3252 3258 3544 3313 generosus

1998 3346 2215 3403 martyr,
2247 3351 2341 3401 pro
2374 3336 2562 3387 nidore
2613 3336 2793 3387 suavis
2826 3335 3041 3401 quidam
3074 3334 3206 3385 odor
3241 3342 3539 3384 aromatum

1996 3426 2247 3479 manabat
2279 3442 2341 3478 ex
2372 3426 2489 3493 ejus
2522 3441 2765 3492 corpore.
2798 3426 2931 3478 Cum
2968 3426 3011 3477 is
3041 3440 3168 3475 vero
3205 3424 3393 3475 fuisset
3423 3439 3546 3475 cru-

1996 3516 2189 3578 ciatus,
2244 3526 2295 3567 et
2350 3530 2416 3567 ne
2459 3514 2805 3582 ingemuisset
2844 3515 3083 3580 quidem,
3132 3513 3268 3565 dixit
3309 3512 3540 3563 Decius:

1998 3607 2099 3661 Ubi
2143 3616 2222 3659 est
2271 3616 2392 3659 tuus
2442 3606 2720 3657 medicus?
2753 3606 2903 3658 Nunc
2933 3605 3128 3663 veniat,
3174 3612 3226 3656 et
3272 3612 3319 3653 te
3370 3612 3540 3653 curet.

1996 3699 2183 3750 Dixisti
2230 3698 2397 3759 enim,
2434 3697 2575 3764 quod
2626 3699 2785 3748 et‘am
2834 3703 2951 3762 post
3006 3702 3231 3746 mortem
3286 3700 3542 3758 potestte

1996 3788 2280 3839 suscitare.
2315 3787 2460 3838 Dixit
2492 3795 2709 3838 sanctus
2740 3784 3039 3837 Mercurius
3067 3803 3078 3836 :
3120 3783 3240 3839 Far.
3270 3782 3412 3849 quod
3449 3796 3544 3831 ve-

1997 3876 2082 3928 lis.
2122 3876 2295 3928 habes
2323 3885 2642 3943 potestatem
2688 3875 2934 3941 e0rporis
2963 3874 3088 3937 mei,
3126 3873 3319 3925 anima:
3364 3882 3542 3926 autem

1999 3968 2156 4018 Deus.
2194 3966 2347 4028 Nam,
2376 3966 2476 4017 etsi
2506 3980 2702 4031 cei-pus
2722 3980 2898 4017 meum
2931 3963 3219 4025 interierit,
3263 3972 3545 4029 permanet

1997 4057 2176 4108 anima
2230 4070 2369 4119 mea,
2415 4056 2466 4106 in
2498 4070 2667 4122 quam
2694 4070 2799 4106 non
2848 4054 2993 4107 cadit
3033 4053 3302 4106 interitus.
3337 4051 3546 4103 Rursus

1990 4143 2143 4210 jubet
2175 4144 2466 4208 imperator
2507 4157 2629 4193 eum
2665 4142 2919 4208 suspendi
2958 4141 3310 4209 prtecipitem,
3342 4150 3396 4193 et
3425 4141 3544 4207 ejus

1995 4234 2134 4285 collo
2182 4232 2383 4297 alligari
2437 4232 2815 4299 gravissimum
2852 4232 3123 4298 lapidem:
3179 4239 3235 4282 ut
3283 4245 3310 4281 a
3363 4230 3539 4296 lapide

1996 4320 2308 4383 suﬂoeatus,
2341 4322 2450 4374 cito
2483 4332 2804 4375 moreretur.
2835 4322 2891 4374 In
2921 4322 3086 4389 gratia
3116 4327 3295 4373 autent
3334 4319 3544 4373 Domini

1999 4412 2350 4467 confirmatus
2396 4424 2617 4482 martyr,
2652 4415 2810 4481 longo
2840 4424 3078 4479 tempore
3106 4413 3303 4464 mansit
3340 4414 3390 4464 in
3432 4421 3544 4462 lor-

347 4497 679 4556 "uncnhm,
732 4510 850 4562 (ἶυίὲ
899 4509 1117 4561 Parum
1177 4492 1409 4544 habebat
1459 4491 1890 4557 τεερίτ²ίίοηθ¹¹¹ν
1930 4510 1969 4562 D
2003 4513 2199 4556 mento.
2238 4504 2370 4557 Cum
2404 4504 2628 4556 vidisset
2657 4519 2787 4556 vero
2826 4505 3015 4556 Decius
3045 4518 3168 4555 eum
3197 4503 3316 4555 forti
3352 4511 3403 4553 et
3431 4520 3541 4552 uia-

344 4588 717 4640 existimantes
756 4586 867 4638 fore
901 4593 956 4637 ut
990 4585 1148 4652 paulo
1177 4594 1296 4651 post
1328 4591 1651 4635 moreretur.
1685 4581 1777 4633 Illa
1802 4597 1897 4631 au-

346 4689 454 4732 tem
495 4688 651 4731 nocte
686 4678 735 4729 ei
758 4685 977 4745 apparet
1012 4675 1234 4744 angelus
1265 4672 1497 4735 Domini,
1533 4672 1758 4724 dicens:
1793 4671 1897 4721 Pax

345 4770 464 4831 tibi,
495 4782 753 4835 generose
780 4767 1010 4828 athleta;
1042 4775 1098 4819 et
1119 4780 1243 4818 eum
1280 4763 1515 4816 reddidit
1542 4777 1754 4822 sanum,
1782 4777 1881 4813 cu-

345 4872 473 4910 rans
495 4858 711 4909 vulnera
740 4857 856 4924 ejus
884 4855 1144 4922 corporis,
1173 4852 1306 4905 adeo
1331 4860 1389 4905 ut
1420 4861 1683 4919 surgeret,
1710 4859 1763 4903 ct
1790 4851 1901 4916 glo-

347 4950 481 5001 riam
513 4946 768 4999 redderet
800 4946 927 5007 Deo,
962 4946 1052 5012 qui
1092 4943 1141 4995 ei
1174 4950 1517 5010 apparuerat.

416 5038 505 5091 IX.
552 5040 753 5091 Rursus
780 5052 907 5103 ergo
938 5035 1128 5089 Decius
1150 5034 1310 5102 jussit
1346 5050 1469 5086 eum
1488 5034 1603 5086 sisti
1626 5050 1639 5097 ;
1666 5045 1735 5093 et,
1772 5048 1891 5083 eum

344 5146 470 5184 eum
527 5132 767 5192 vidisset,
823 5130 997 5181 dixit:
1050 5126 1152 5192 Qui
1206 5138 1454 5179 mortuus
1503 5125 1603 5175 fuit
1656 5141 1682 5175 a
1737 5124 1894 5174 nobis

346 5226 577 5286 ablatus,
611 5224 882 5290 quomodo
915 5238 1057 5275 nunc
1089 5237 1183 5289 per
1209 5236 1266 5274 se
1310 5220 1589 5273 ambulat?
1624 5219 1761 5271 forte
1798 5234 1894 5271 nec

348 5313 579 5364 vibicem
605 5312 820 5379 quidem
856 5313 1015 5364 habet
1048 5312 1098 5363 in
1124 5326 1220 5363 suo
1248 5325 1489 5372 corpore.
1520 5309 1686 5362 Jussit
1718 5319 1894 5359 autent

346 5405 695 5463 satellitibus,
735 5416 792 5455 ut
847 5403 1112 5456 viderent.
1165 5402 1243 5453 Illi
1276 5416 1403 5452 vero
1448 5400 1496 5452 ei
1542 5401 1761 5452 dicunt:
1801 5400 1898 5451 l‘er

346 5494 741 5544 divinissintam
801 5503 943 5544 tuaut
993 5493 1269 5560 pietatem,
1318 5505 1511 5557 corpus
1559 5490 1714 5540 halet
1760 5488 1892 5539 adeo

346 5584 660 5647 delicatum,
679 5595 731 5635 et
758 5587 899 5636 omni
924 5584 1393 5653 maculajvaeuum,
1423 5581 1645 5651 perinde
1672 5598 1730 5633 ac
1754 5582 1793 5633 si
1828 5598 1887 5633 ne

464 5768 477 5791 ⁵
511 5764 694 5814 .‘iI.t'tlt.
731 5780 773 5821 λλ
814 5762 898 5815 '28.

1996 4608 2099 4659 gno
2128 4592 2309 4643 animo
2346 4594 2601 4644 resistere
2640 4591 2943 4645 tormentis.
2973 4598 3027 4641 et
3058 4589 3192 4642 nihil
3224 4605 3383 4657 grave
3417 4604 3541 4640 cum

1994 4691 2234 4742 tangere,
2286 4681 2447 4746 jussit
2494 4678 2713 4745 quidem
2764 4677 2999 4744 lapidem
3047 4677 3260 4729 devolvi
3322 4678 3387 4727 ab
3427 4678 3545 4744 ejus

1993 4770 2172 4821 collo:
2230 4766 2408 4818 aﬂerri
2456 4775 2635 4817 autem
2690 4764 2956 4833 ﬂagellum
3005 4764 3097 4816 aeri
3154 4764 3451 4829 alligatum,
3488 4778 3537 4813 e:

1995 4872 2117 4909 eum
2176 4856 2357 4907 taudiu
2413 4855 2687 4922 ﬂagellari,
2740 4854 2913 4905 donec
2960 4854 3079 4921 ejus
3121 4854 3336 4919 sanguis
3373 4853 3543 4904 solum

1998 4949 2262 5015 impleret.
2300 4947 2389 4997 Ille
2422 4955 2599 4995 autem
2631 4946 2783 5009 plane
2813 4944 3029 4995 adamas
3064 4945 3317 5009 perstitit,
3348 4958 3405 4994 se
3439 4948 3519 4993 Iut‘

1995 5043 2117 5091 titur
2147 5050 2356 5104 gerens,
2401 5045 2455 5086 et
2495 5034 2719 5085 dicens:
2762 5033 2873 5098 Ago
2921 5030 3013 5083 tibi
3046 5033 3263 5099 gratias,
3298 5032 3537 5092 Domine.

1992 5131 2133 5197 quod
2168 5143 2251 5179 ine
2281 5142 2376 5192 pro
2409 5136 2500 5177 ttto
2531 5124 2746 5176 nomine
2774 5122 3025 5189 dignatus
3066 5122 3139 5173 sis
3174 5121 3354 5190 ﬂagris
3385 5126 3535 5175 caedi.

2064 5221 2128 5272 XI
2152 5259 2164 5269 .
2207 5218 2341 5271 Cum
2375 5227 2550 5269 autem
2581 5216 2919 5281 cognovisset
2950 5215 3238 5279 imperator
3274 5210 3395 5263 eum
3420 5229 3540 5267 esse

1995 5311 2147 5378 plane
2190 5306 2534 5360 immobilem.
2582 5314 2635 5354 et
2680 5301 2994 5367 persuaderi
3033 5316 3139 5352 non
3190 5316 3366 5368 posse,
3406 5313 3463 5353 ut
3510 5320 3536 5354 a

1995 5420 2088 5453 sua
2114 5403 2479 5452 ditnoveretur
2502 5395 2785 5455 sententia,
2818 5403 3114 5444 convocato
3138 5392 3366 5445 conefl'io
3391 5396 3537 5459 (pro-

2002 5493 2219 5561 perabat
2268 5487 2409 5538 enim
2457 5486 2532 5537 ire
2602 5484 2867 5550 Romam),
2904 5483 3023 5533 tulit
3073 5483 3121 5532 in
3160 5496 3281 5533 eum
3329 5494 3539 5535 senten-

2002 5584 2149 5644 tiam,
2188 5577 2408 5631 dicens:
2446 5573 2787 5633 Mercurium,
2822 5571 2911 5637 qui
2961 5571 3088 5624 deos
3134 5569 3265 5623 nihil
3308 5569 3457 5629 fecit,
3484 5580 3543 5625 et
