4270 6428
780 366 885 428 975

1997 364 2282 426 MENSIS
2320 364 2758 427 NOVEMDER.

3871 360 3974 422 276

778 473 1143 531 venerandum
1171 472 1449 528 decretum
1485 482 1683 529 nostra:
1709 474 2142 530 mansuetudinis
2172 476 2323 530 nihili
2356 485 2395 541 Α
2432 475 2612 532 Facite
2638 475 2781 546 quod
2817 474 2970 530 vobis
3009 475 3111 530 fuit
3165 475 3508 544 imperatum,
3543 475 3677 529 nihil
3711 484 3972 528 cunctan-

782 570 1002 634 putavit,
1025 567 1175 635 jubet
1205 565 1291 633 pia
1326 573 1510 619 nostra
1543 565 1779 632 potentia
1806 565 1929 621 duci
1962 566 2015 620 in
2045 567 2338 632 regionem:

779 656 1174 723 Cappadocum,
1203 664 1259 708 et
1303 656 1353 710 ei
1401 664 1562 722 caput
1596 655 1871 723 amputari
1917 655 1980 708 ad
2015 656 2320 724 exemplum

783 746 1091 797 multorum.
1123 744 1254 797 Nam
1275 744 1582 813 quicunque
1613 745 1816 798 resistit
1837 746 2169 815 imperatori,
2203 754 2322 814 post

783 839 948 891 multa
997 847 1261 892 tormenta
1306 836 1625 906 subjicietur
1672 836 1831 904 gladii
1868 838 2151 906 supplicio.
2186 838 2320 892 Cum

779 935 961 998 itaque
982 945 1103 983 eum
1133 931 1463 998 accepissent
1493 930 1528 982 ii
1561 928 1760 998 quibus
1786 929 1957 984 fuerat
1987 930 2320 993 mandatum,

782 1024 1051 1075 duxerunt
1098 1022 1315 1084 animal,
1352 1032 1405 1074 et
1459 1030 1734 1090 portantes
1764 1037 1910 1086 eum,
1951 1023 2322 1092 imposuerunt

787 1117 1022 1164 vinctum
1066 1113 1315 1180 utrinque
1370 1111 1562 1174 valide,
1614 1119 1731 1165 erat
1762 1113 1906 1165 enim
1940 1127 2136 1181 corpus
2177 1128 2320 1166 mar-

781 1217 830 1270 ι)-
850 1205 911 1255 ‘is
943 1202 1230 1255 admodum
1271 1203 1614 1260 dissolutum.
1644 1202 1710 1256 Et
1740 1204 2018 1257 venientes
2060 1204 2112 1256 in
2140 1204 2320 1258 diver-

778 1295 1003 1352 sorium.
1041 1308 1166 1346 eum
1198 1293 1395 1346 sensim
1438 1293 1793 1360 deponentes,
1849 1292 2117 1347 faciebant
2165 1293 2318 1362 quie-

777 1397 947 1434 scere.
977 1381 1173 1450 Sicque
1208 1394 1329 1435 cum
1371 1379 1557 1448 paucis
1593 1379 1784 1434 diebus
1815 1381 2030 1448 longum
2060 1382 2162 1434 iter
2196 1396 2324 1435 con-

777 1473 1050 1532 fecissent,
1082 1480 1346 1525 venerunt
1367 1469 1686 1525 Caesaream.
1719 1471 1795 1523 Ad
1821 1486 1942 1524 cum
1967 1480 2145 1525 autem
2171 1486 2323 1526 acce-

776 1569 906 1614 dens
935 1562 1209 1625 Dominus,
1237 1561 1372 1614 dixit
1398 1579 1410 1614 :
1439 1560 1693 1620 Mercuri,
1717 1561 1973 1614 adesdum
2003 1571 2056 1615 et
2080 1563 2318 1629 quiesce.

776 1655 1006 1705 (Lursum
1034 1652 1451 1716 eonsummasti,
1493 1651 1650 1704 [idem
1682 1651 1930 1714 servasti,
1961 1652 2143 1721 accipe
2167 1667 2321 1706 coro-

2427 578 2523 623 tes.
2558 567 2819 622 Dominus
2852 573 3054 630 autem,
3084 566 3176 636 qui
3218 575 3373 620 vocat
3401 578 3589 619 omnes
3615 564 3677 617 ad
3709 563 3948 632 pceniten

2426 658 2574 722 tiam,
2610 671 2705 709 vos
2733 670 2948 725 quoque
2977 670 3076 709 sua
3114 657 3282 724 gratia
3315 654 3644 722 dignabitur.
3678 655 3809 706 Nam
3849 667 3974 706 eum

2421 748 2492 800 sit
2527 747 2697 808 dives,
2740 745 2943 800 affatim
2976 745 3144 801 donat
3174 746 3312 799 bona
3344 760 3441 797 sua
3471 745 3536 798 iis
3566 745 3657 812 qui
3685 742 3971 797 accedunt.

2423 836 2545 892 Ilaec
2579 851 2700 891 cum
2734 835 2977 901 dixisset,
3018 845 3182 906 caput
3226 836 3326 889 fuit
3367 835 3416 889 ei
3449 842 3806 903 amputatum,
3844 848 3978 886 con-

2424 937 2831 996 summatusque
2878 926 2980 980 fuit
3012 929 3064 979 in
3096 925 3435 980 confessione
3469 924 3774 979 Scrvatoris
3801 924 3976 976 nostri

2425 1020 2536 1073 Dei.

2493 1109 2607 1164 XII.
2651 1110 2871 1165 Factum
2901 1119 2984 1166 est
3012 1119 3215 1174 autem,
3245 1108 3388 1179 quod
3431 1119 3629 1179 praeter
3660 1108 3976 1178 Opinionem

2423 1212 2524 1263 est,
2588 1201 2681 1256 Dei
2737 1201 3057 1256 miraculum
3105 1201 3308 1255 mensis
3350 1199 3670 1254 Novembris
3715 1197 3978 1252 vicesimo

2423 1291 2632 1360 quinto.
2660 1291 2788 1346 Post
2815 1293 2929 1362 ejus
2959 1291 3484 1346 consummationem
3515 1291 3715 1343 factum
3750 1297 3831 1342 est
3853 1302 3978 1342 cor-

2426 1399 2524 1453 pus
2573 1387 2822 1453 martyris
2862 1384 3044 1438 album
3094 1383 3234 1436 sicut
3285 1383 3399 1444 nix,
3449 1382 3701 1436 emittens
3753 1395 3978 1434 suavem

2424 1477 2642 1529 odorem
2678 1485 3074 1543 unguentorum
3112 1485 3166 1529 et
3198 1474 3470 1530 sulﬁtuum
3496 1512 3511 1536 ,
3545 1481 3599 1526 et
3624 1481 3840 1541 promer
3874 1471 3980 1523 huc

2423 1566 2634 1634 signum
2684 1565 2838 1619 ntulti
2889 1565 3012 1619 facti
3059 1574 3184 1619 sunt
3223 1564 3532 1620 Christiani.
3601 1563 3980 1631 Deposuerunt

2424 1665 2603 1709 autem
2630 1665 2876 1709 sanctum
2900 1655 2953 1709 in
2989 1656 3108 1709 loco
3139 1655 3356 1724 insigni,
3391 1655 3480 1707 ubi
3509 1653 3643 1707 fiunt
3676 1653 3856 1706 multm
3882 1668 3979 1704 (u-

780 1756 896 1794 nam
945 1753 1046 1796 tua:
1078 1742 1478 1797 decertationis.
1511 1741 1878 1796 Constitutum
1926 1740 2069 1794 enim
2121 1753 2225 1804 est,
2263 1753 2321 1796 ut
2426 1747 2657 1800 rationes
2693 1746 2760 1798 ad
2802 1747 3024 1815 gloriam
3066 1747 3157 1799 Dei
3199 1746 3396 1809 Patris,
3448 1757 3502 1799 et
3549 1745 3757 1798 Domini
3799 1744 3975 1796 nostri

780 1844 835 1883 tu
870 1831 955 1884 hic
986 1834 1395 1887 consummeris.
1431 1832 1627 1902 Martyr
1673 1843 1851 1886 autem
1890 1831 2194 1887 Servatoris
2245 1836 2320 1888 vi-
2358 1815 2397 1868 Β
2425 1835 2550 1888 Jesu
2578 1833 2801 1897 Christi,
2851 1834 3008 1888 simul
3042 1849 3163 1887 cum
3197 1842 3384 1887 saneto
3430 1833 3659 1903 Spiritu,
3694 1834 3746 1886 in
3778 1834 3978 1888 saecula

789 1933 930 1974 Itone
964 1922 1362 1986 corroboratus,
1404 1923 1534 1976 dicit
1565 1923 1649 1985 iis,
1693 1926 1782 1990 qui
1821 1933 1976 1977 erant
2004 1939 2125 1978 cum
2156 1923 2273 1992 ipso
2306 1941 2319 1978 :

2137 2077 2315 2091 ιι-ο

2429 1926 2770 1980 saeculorum.
2805 1927 2997 1981 Amen.

2052 2239 2678 2326 ΜΑΡΤΥΡΙΟΝ

1273 2421 1405 2474 ΤΗΣ
1445 2421 1640 2473 ΑΓῙΑΣ
1680 2420 1796 2474 ΚΑΙ
1832 2421 2265 2476 ΚΑΛΛΙΝΙΚΟΥ
2320 2421 2975 2477 ΜΕΓΑΛΟΜΑΡΤΥΡΟΣ
3013 2420 3149 2473 ΤΟΥ
3187 2419 3486 2474 ΧΡΙΣΤΟΥ

1799 2561 2951 2698 ΑΙΚΑΤΕΡΙΝΗΣ.

1033 2939 1748 3066 MARTYBIUM
1825 2937 2299 3028 SANCTIE
2371 2938 2520 3025 ET
2598 2936 3039 3025 MAGNIE
3113 2937 3720 3026 MARTYRIS

1802 3133 3034 3289 fECATERINfE.

1665 3386 1856 3446 (Surius
1877 3387 1932 3435 ad
1970 3386 2098 3434 diem
2123 3385 2182 3433 25
2202 3383 2319 3433 Nov.
2340 3398 2351 3441 ;
2375 3385 2540 3434 Grare
2567 3399 2628 3432 ex
2668 3386 2776 3433 cod.
2802 3397 2887 3432 ms.
2928 3385 3046 3432 1525
3075 3386 3090 3443 )

855 3674 1226 3744 l.lmperante
1283 3672 1448 3743 impio
1498 3670 1765 3725 Maxentio
1824 3672 1927 3740 (i),
1985 3671 2299 3726 universum
2356 3667 2400 3729 C
2498 3667 2540 3717 Α

2291 3686 2299 3722 ι
2356 3667 2400 3729 C
2498 3667 2575 3718 Ν.
2647 3664 3030 3728 Βασιλεύοντος
3094 3665 3188 3720 τοῦ
3235 3666 3597 3720 ἀσεϐεστάτου
3657 3667 3977 3731 Μαξεντίου.

786 3767 1070 3835 imperium
1111 3765 1473 3819 Romanorum
1505 3762 1932 3830 amplectebatur
1956 3761 2180 3831 impium
2212 3761 2329 3815 cul-

784 3868 898 3910 tum
937 3856 1260 3910 daemonum.
1293 3855 1343 3910 ls
1375 3854 1520 3909 enim
1562 3853 1894 3907 Alexandriae
1934 3850 2246 3921 pmsidens}
2272 3852 2325 3904 in

782 3948 997 4000 excelso
1046 3958 1101 4000 et
1125 3944 1340 3999 sublimi
1385 3944 1663 4006 tribunali,
1707 3943 1888 3997 emisit
1942 3942 2046 3996 hoc
2101 3941 2324 4010 impium

782 4037 1045 4094 edictum.
1081 4043 1140 4087 ut
1173 4048 1362 4088 omnes
1407 4031 1590 4094 simul,
1630 4031 1721 4100 qui
1749 4039 1905 4085 erant
1947 4031 1999 4083 in
2030 4030 2149 4099 ejus
2178 4037 2330 4096 pote-

785 4138 921 4180 state
969 4141 1031 4180 ac
1079 4126 1324 4188 ditione,
1385 4123 1688 4177 simulacris
1737 4120 2127 4176 sacriﬁcarent.
2177 4116 2328 4172 Unde

785 4220 947 4270 etiam
985 4231 1079 4282 per
1112 4216 1425 4269 universum
1464 4213 1764 4266 Romanum
1815 4210 2102 4279 imperium
2155 4208 2330 4261 maui-

785 4310 918 4359 festa
951 4306 1192 4367 fuerunt,
1225 4319 1344 4373 qua:
1389 4303 1602 4357 decreta
1640 4300 1877 4364 fuerant,
1921 4298 2118 4352 litteris
2163 4297 2238 4350 ita
2269 4311 2328 4350 se

783 4396 1157 4451 habentibus:
1207 4395 1505 4462 Imperator
1555 4390 1854 4445 Maxentius
1898 4387 2184 4450 omnibus,
2236 4387 2327 4456 qui

784 4486 995 4538 suntin
1026 4499 1141 4538 mea
1166 4483 1390 4545 ditione,
1443 4481 1694 4537 salutem.
1750 4478 1995 4549 Magnum
2049 4477 2327 4532 consecuti

786 4574 1106 4630 beneﬁcium
1133 4589 1162 4626 a
1187 4573 1413 4626 deorum
1443 4569 1796 4637 benignitate,
1836 4567 2005 4620 veluti
2035 4565 2324 4635 quamdam

786 4669 949 4734 hujus
998 4662 1374 4717 munificentia‘
1439 4660 1970 4723 remunerationem,
2020 4657 2330 4712 censuimus

787 4773 886 4811 nos
915 4757 998 4810 cis
1025 4765 1276 4823 oportere
1303 4752 1498 4808 oil‘erre
1533 4751 1818 4807 sacriﬁcia.
1865 4753 2064 4804 Omnes
2091 4763 2240 4817 ergo,
2282 4748 2326 4801 si

789 4851 902 4904 fieri
943 4857 1140 4916 potest,
1171 4845 1237 4901 ad
1272 4861 1370 4900 nos
1392 4845 1691 4907 venientes,
1717 4841 1986 4897 ostendite
2015 4849 2248 4894 vestram
2274 4838 2327 4892 in

790 4955 1009 5007 magnos
1064 4941 1193 4993 deos
1236 4936 1698 4999 benevolentiam;
1752 4935 1983 4990 scientes
2038 4931 2181 5000 quod
2234 4929 2327 4999 qui

790 5033 890 5083 hoc
922 5039 1166 5082 nostrum
1197 5028 1432 5082 edictum
1483 5024 1893 5093 contempserit,
1915 5033 1970 5077 et
2018 5022 2084 5076 ad
2111 5022 2271 5076 aliam
2301 5037 2330 5075 a

792 5121 944 5174 nobis
976 5118 1299 5189 prohibitam
1335 5116 1604 5186 aspexerit
1660 5115 1994 5185 religionem,
2038 5121 2094 5167 et
2123 5112 2338 5167 excidet

794 5210 863 5262 ab
894 5212 1005 5279 ipsa
1038 5223 1226 5278 magna
1256 5208 1481 5262 deorum
1505 5207 1901 5273 benevolentia,
1931 5215 1986 5260 et
2020 5203 2336 5273 subjicietur

792 5321 819 5354 a
858 5303 1012 5356 nobis
1040 5300 1192 5354 malis
1221 5298 1494 5354 extremis.

863 5564 926 5617 li.
962 5562 1095 5618 (tum
1126 5565 1205 5617 lue
1241 5564 1430 5616 litterae
1461 5560 1511 5615 in
1550 5573 1764 5613 omnem
1813 5565 2024 5625 partem
2060 5558 2330 5624 pet-vasis-

2451 3755 2599 3807 πᾶσα
2635 3757 2668 3825 ὴ
2707 3757 2816 3809 τῶν
2872 3755 3157 3825 Ῥωμαίων
3217 3756 3359 3828 ἀρχὴ
3409 3757 3509 3826 τῆς
3558 3755 3823 3826 βδελυρᾶς
3871 3760 3982 3812 τῶν

2446 3845 2716 3914 δαιμόνων
2740 3845 3073 3900 ἀντεποιεῖτο
3105 3847 3422 3916 θρησκείας.
3457 3839 3627 3912 οὗτος
3660 3849 3790 3917 γὰρ,
3846 3867 3980 3918 προ-

2440 3936 2670 3998 καθίσας
2722 3939 2803 3998 είς
2831 3937 3238 4006 ’Δλεξάνδρειαν
3265 3940 3356 3991 ἐπὶ
3387 3939 3628 4008 βήματος
3669 3940 3872 4010 ὑψηλοῦ
3922 3959 3980 3994 τε

2438 4029 2530 4078 καὶ
2565 4024 2838 4095 μετεώρου
2871 4025 3028 4078 τοῦτο
3055 4027 3119 4096 δὴ
3160 4029 3222 4080 τδ
3260 4028 3520 4091 δυσσεϐὲς
3560 4029 3780 4095 ἐξέθετο
3817 4032 3980 4099 7:963-

2434 4131 2623 4184 ταγμα
2670 4115 2761 4168 τοῦ
2810 4117 3017 4180 πάντας
3077 4117 3213 4186 ὁμοῦ
3241 4119 3366 4181 τοὺς
3409 4119 3513 4172 ὑπὸ
3543 4120 3639 4189 τὴν
3675 4122 3839 4174 αὐτοῦ
3865 4139 3978 4174 κειο

2440 4205 2636 4273 μένους
2680 4205 2930 4271 ἐξουσίαν
2985 4207 3176 4270 θυσίας
3221 4211 3332 4269 τοῖς
3384 4209 3624 4272 εἰδώλοις
3661 4211 3934 4266 ὶπιτελεῖν
3963 4229 3976 4242 ·

2433 4293 2558 4346 ὅθεν
2590 4297 2687 4350 καὶ
2731 4298 3007 4367 πανταχοῦ
3039 4299 3136 4368 τῆς
3176 4299 3491 4368 Ῥωμαῖκῆς
3542 4301 3717 4370 ἀρχῆς
3767 4305 3979 4372 φανερὰ

2436 4385 2666 4456 καθίστη
2711 4387 2782 4439 τὰ
2810 4387 3106 4458 δεδογμένα
3151 4392 3473 4459 γράμμασιν
3517 4389 3731 4458 ἔχουσιν
3762 4390 3933 4453 οὕτως
3963 4407 3979 4423 ο

2435 4475 2700 4540 Βασιλεὺς
2737 4476 3038 4540 Μαξέντιος
3076 4480 3209 4532 πᾶσι
3250 4481 3376 4541 τοῖς·
3405 4479 3511 4532 ὑπὸ
3536 4480 3636 4548 τὴν
3661 4479 3800 4549 ἐμὴν
3829 4482 3978 4545 ἐξου⁹

2435 4567 2558 4618 σίαν
2589 4567 2819 4636 χαίρειν.
2871 4567 3129 4638 Μεγάλης
3179 4569 3498 4639 εὐεργεσίας
3535 4571 3686 4638 παρὰ
3729 4570 3827 4639 τῆς
3872 4570 3981 4622 τῶν

2439 4657 2577 4709 θεῶν
2605 4658 2893 4727 εὐμενείας
2941 4659 3318 4728 τετυχηκότες,
3345 4660 3419 4721 ὥς
3448 4676 3569 4711 τινα
3599 4659 3698 4728 τῆς
3725 4660 3980 4728 τοιαύτης

2435 4747 2613 4800 αὐτῶν
2643 4748 3053 4818 μεγαλώωρεᾶς
3082 4748 3335 4817 ἀμοιϐὴν,
3370 4750 3698 4817 προσφέρειν
3715 4748 3980 4818 ᾠήθημεν

2435 4838 2530 4899 τὰς
2587 4839 2771 4901 Θυσίας
2793 4841 2996 4902 αὐτοῖς.
3031 4839 3232 4901 Πάντες
3279 4841 3590 4910 τοιγαροῦν,
3633 4843 3681 4895 εἱ
3730 4843 3976 4905 δυνατὸν,

2437 4925 2741 4993 φθάσαντες
2796 4928 2902 4992 ἓως
2959 4929 3136 4997 ἡμῶν,
3191 4928 3292 4997 τὴν
3354 4930 3480 4998 περὶ
3527 4932 3652 4993 τοὺς
3709 4932 3983 4998 μεγάλους

2433 5015 2588 5080 θεοὺς
2637 5018 2850 5072 εὔνοιαν
2897 5019 3051 5087 ὑμῶν
3109 5019 3467 5086 ἐπιδείξασθε,
3524 5022 3723 5084 ειδότες
3796 5022 3871 5083 ὡς
3951 5023 3979 5073 ὁ

2433 5107 2492 5159 τὸ
2559 5108 2794 5161 τοιοῦτον
2837 5109 2991 5177 ἡμῶν
3045 5108 3319 5178 διάταγμα
3363 5112 3657 5180 παρορῶν,
3706 5113 3804 5164 καὶ
3843 5114 3980 5183 πρὸς

2435 5195 2625 5266 ἑτέραν
2668 5198 3124 5268 ἀπηγορευμένην
3169 5200 3302 5268 ἡμῖν
3337 5202 3618 5253 ἀπονεύων
3657 5201 3980 5270 θρησκείαν,

2436 5287 2606 5354 αὐτῆς
2632 5304 2690 5339 τε
2740 5289 2839 5358 τῆς
2897 5290 3135 5358 μεγάλης
3187 5291 3294 5342 τῶν
3353 5290 3492 5343 θεῶν
3531 5293 3846 5344 ἐκπεσεῖται
3901 5312 3982 5357 qt-

2439 5377 2808 5446 λανθρωπίας,
2863 5381 2956 5431 καὶ
2989 5381 3118 5450 παρ’
3147 5380 3301 5449 ἡμῶν
3336 5383 3525 5443 κακοῖς
3579 5384 3687 5444 τοῖς
3728 5383 3981 5452 ἐσχάτοις

2443 5467 2896 5537 ὑποδληθήσεται.

2513 5559 2586 5612 B'.
2623 5561 2839 5613 Τούτων
2883 5561 2989 5615 τῶν
3017 5562 3355 5632 γραμμάτων
3393 5565 3664 5633 πεντετχοῦ
3697 5566 3983 5632 διατετη-

866 5727 934 5792 (l)
973 5727 1282 5780 Mnrimtltts
1323 5725 1603 5793 legendum
1642 5741 1653 5779 ;
1685 5723 1727 5775 is
1771 5721 1913 5776 enim
1943 5719 2039 5775 fuit
2065 5720 2320 5782 0ri0t.ti<.
2366 5721 2660 5779 Manutius
2682 5724 3012 5790 Occidentis,
3052 5729 3358 5798 imperator.
