4270 6428
301 370 369 430 ΕΞἸ
376 372 405 430 7

1363 377 1826 440 MARTYRIUM
1869 379 1926 438 S.
1964 381 2439 448 CATIIARle‘E.

3414 399 3519 470 2'78

302 485 579 551 τηκότων,
629 481 696 553 ἦν
727 485 857 539 ἰδεῖν
890 486 1192 556 συρρέοντα
1225 486 1567 560 πλήθη.πρὸς
1595 491 1758 545 αὑτὸν
1787 488 1864 558 τῷ
1897 492 1939 548 Λ
1970 508 1988 547 s

1837 488 1864 558 ἱ»
1897 492 1939 548 Λ
1970 505 2108 559 sent,
2168 498 2366 552 licebat
2391 499 2574 554 videre
2610 504 2972 560 conﬂuentem
3027 508 3092 562 ad
3129 509 3306 578 ipsum
3343 515 3523 566 multi-

304 573 461 640 φόϐῳ
487 573 594 624 τῶν
619 575 877 640 ἀπειλῶν,
921 576 1029 628 τῶν
1061 577 1157 646 μὲν
1191 579 1438 647 πρόϐατα
1473 583 1565 631 καὶ
1616 581 1742 647 βόας
1771 582 1873 632 ὲπο

304 669 620 735 αγομένων,
662 669 771 720 τῶν
819 669 873 722 δὲ
901 670 994 721 καὶ
1025 669 1250 738 ὀρνίθων
1280 672 1414 737 γένη
1460 671 1699 734 ποικίλα,
1733 671 1870 724 ὥστε

304 758 488 818 οὐδεὶς
567 759 791 827 εὐτελὴς
843 755 932 826 ἦν,
997 760 1130 812 ἀλλὰ
1185 761 1313 828 περὶ
1381 763 1477 830 τὴν
1527 763 1873 830 παρασκευὴν

308 849 516 910 πάντες
557 851 795 915 ἐγίνοντο
834 851 930 918 τῆς
984 850 1192 913 θυσίας.
1227 853 1363 912 Τοὺς
1414 854 1512 922 μὲν
1549 854 1656 922 γὰρ
1707 854 1871 904 πλου-

310 940 461 998 σίους
497 941 706 1006 μεγάλα
738 941 851 1002 ζῶα
886 942 1025 1010 πρὸς
1055 943 1154 1010 τὴν
1183 943 1406 1012 τελετὴν
1448 943 1646 1011 ὥριστο
1695 947 1868 1013 ἄγειν,

312 1031 486 1098 μικρὰ
516 1031 571 1081 δὲ
595 1033 722 1094 τοὺς
756 1034 1014 1101 πένητας,
1042 1034 1116 1096 ὡς
1150 1035 1364 1103 ἑκάστῳ
1394 1036 1426 1104 ’ἡ
1463 1052 1520 1087 τε
1558 1038 1677 1104 χεὶρ
1714 1038 1874 1089 εὐπο-

312 1120 457 1184 ροίη,
488 1121 578 1171 καὶ
609 1123 638 1190 ἡ
669 1122 801 1188 πρὸς
827 1128 951 1183 τοὺς
980 1124 1134 1184 θεοὺς
1189 1124 1371 1176 εὔνοια
1422 1126 1556 1191 ἔχοι.
1622 1128 1872 1178 Μάλιστα

310 1212 367 1263 δὲ
397 1214 593 1273 αατοὺς
624 1213 843 1277 ἠρέθιζε
879 1215 1014 1284 πρὸς
1043 1215 1353 1286 φιλοτιμίαν
1398 1221 1424 1270 ὀ
1463 1219 1712 1286 βασιλεὺς
1748 1218 1871 1271 ταύο

316 1321 445 1370 ρους
466 1303 770 1357 καταθῦσαι
817 1307 997 1375 φέρων
1026 1309 1186 1369 αὐτος
1216 1311 1409 1361 ἑκατὸν
1437 1313 1531 1362 καὶ
1555 1312 1870 1379 τριάκοντα.

317 1397 546 1447 Πάντων
574 1396 756 1446 τοίνυν
790 1397 845 1448 ἐν
887 1398 1262 1467 Ἀλεξανδρεία
1295 1403 1424 1469 παρ’
1452 1402 1615 1452 αὐτὸν
1651 1402 1875 1468 συνελη-

314 1487 550 1538 λυθότων
614 1488 896 1556 ὑπερήσθη
960 1493 1024 1557 τῇ
1078 1489 1456 1559 πολυπληθείᾳ
1506 1492 1598 1543 τοῦ
1646 1511 1701 1544 τε
1743 1493 1872 1544 λαοῦ

315 1578 407 1625 καὶ
460 1576 566 1625 τῶν
624 1576 849 1639 θυσιῶν,
895 1581 990 1628 καὶ
1045 1579 1284 1646 τοσούτῳ
1341 1579 1563 1646 μᾶλλον,
1612 1580 1684 1640 ob;
1742 1580 1874 1646 μηδὲ

315 1670 508 1735 καιρὸν
545 1669 730 1736 ἕτερον
765 1672 1054 1736 ἀναμεῖναι
1081 1710 1094 1732 ,
1134 1669 1248 1720 ἀλλ’
1291 1671 1490 1724 αὐτίκα
1533 1689 1592 1722 τε
1641 1673 1875 1740 ἀναστῆ-

317 1778 428 1818 ναι,
468 1761 562 1810 καὶ
613 1765 767 1827 τάχει
819 1763 1064 1828 χωρῆσαι
1118 1763 1254 1831 πρὸς
1299 1768 1391 1815 τὸν
1450 1766 1573 1816 ναὸν
1632 1764 1722 1816 τοῦ
1779 1765 1869 1815 καί

316 1850 487 1916 αὐτὴν
520 1851 619 1919 ἤδη
657 1852 755 1919 τὴν
790 1853 981 1904 θυσίαν
1023 1853 1350 1905 διατελέσαι.
1388 1855 1643 1922 Ἕτρεχον
1680 1854 1733 1904 δὲ
1774 1857 1868 1906 σὺν

314 1944 462 2010 αὐτῷ
501 1947 654 2010 γένος
709 1944 854 1996 ἅπαν
893 1945 986 1995 καὶ
1038 1944 1221 2013 ἡλικία
1279 1947 1463 2006 πᾶσα,
1509 1947 1620 1996 ὅσοι
1664 1961 1722 1994 τε
1776 1946 1871 2012 τῆς

316 2035 515 2103 βουλῆς
551 2033 690 2104 ἦσαν
737 2037 969 2088 καὶτῶν
1010 2039 1066 2088 ἐν
1112 2037 1274 2101 τέλει,
1325 2038 1415 2088 καὶ
1472 2039 1586 2088 ὅσοι
1638 2038 1741 2087 τῶν
1785 2039 1871 2088 εὑ-

313 2129 489 2179 τελῶν
535 2131 628 2180 καὶ
677 2130 926 2198 ἀσήμων,
982 2130 1048 2181 τὰ
1097 2130 1233 2197 πρὸς
1280 2130 1378 2197 τὴν
1417 2130 1606 2181 θυσίαν
1641 2131 1873 2190 ἕκαστος

320 2219 771 2285 ἐπικομιζόμενοι
807 2235 819 2247 ·
857 2218 930 2279 ὠς
996 2219 1456 2286 στενοχωρεῖσθαι
1496 2221 1594 2286 μὲν
1647 2221 1749 2270 ὑπὸ
1781 2219 1874 2271 τοῦ

319 2309 558 2375 πλήθους
592 2309 700 2360 τῶν
751 2311 867 2360 ἐκεῖ
915 2309 1250 2380 συρρεόντων
1291 2309 1463 2378 αὐτήν
1508 2327 1564 2361 τε
1599 2311 1694 2378 τὴν
1727 2312 1878 2362 πόλιν

320 2400 417 2450 καὶ
449 2400 539 2450 τὸν
573 2401 719 2460 ναὸν,
757 2401 1139 2467 περιηχεῖσθαι
1171 2399 1224 2450 δὲ
1257 2398 1359 2450 ὑπὸ
1389 2399 1485 2466 τῆς
1539 2400 1646 2449 τῶν
1674 2400 1880 2463 ἀλόγων

323 2489 480 2550 ζώων
517 2489 640 2556 βοῆς
669 2492 767 2556 τὴν
799 2490 981 2558 κύκλῳ
1015 2492 1343 2560 περίχωρον,
1375 2493 1438 2560 τῇ
1468 2491 1520 2542 δὲ
1549 2490 1654 2542 τῶν
1684 2491 1880 2543 θυσιῶν

323 2582 518 2648 κνίσσῃ
543 2583 630 2633 καὶ
663 2582 823 2634 αὐτὸν
854 2582 1174 2650 μολύνεσθαι
1208 2582 1297 2634 τὸν
1332 2584 1496 2650 ἀέρα.

421 2759 498 2810 Γ’.
532 2760 747 2812 Τούτων
783 2759 921 2812 οὕτω
967 2760 1322 2829 τελουμένων,
1347 2762 1480 2828 γυνή
1524 2777 1605 2822 τις
1640 2761 1884 2830 εὐσεϐὴς,

325 2849 429 2916 τὴν
487 2850 674 2916 κλῆσιν
721 2849 1070 2919 Αίκατερίνα,
1131 2848 1226 2901 νέα
1248 2850 1345 2917 τὴν
1381 2849 1609 2918 ἡλικίαν,
1639 2849 1734 2918 τὴν
1762 2841 1889 2916 ’ὅφιν

329 2941 682 3006 περικαλλὴς,
711 2942 776 2991 ἐκ
829 2939 1105 3005 βασιλικοῦ
1138 2939 1326 3005 γένους
1345 2940 1685 3008 προηγμένη,
1709 2942 1889 2992 πᾶσαν

330 3029 633 3080 ἐπελθοῦσα
669 3031 905 3099 γραφὴν,
948 3030 1046 3097 τὴν
1088 3029 1191 3093 ἔξω
1234 3045 1293 3081 τε
1329 3031 1422 3081 καὶ
1451 3031 1548 3098 τὴν
1576 3031 1696 3081 καθ’
1720 3032 1886 3099 ἡμᾶς,

1980 588 2217 641 tudinem
2251 601 2395 643 metu
2429 592 2692 645 minarum
2723 613 2734 646 :
2766 611 2997 664 quorum
3030 599 3120 652 alii
3161 599 3380 667 quidem
3428 602 3523 654 ad-

1976 678 2244 732 ducebant
2295 695 2424 734 oves
2466 692 2519 736 et
2554 683 2748 746 boves;
2798 687 2886 739 alii
2939 696 3114 741 autem
3147 691 3293 742 varia
3324 707 3519 759 genera

1975 768 2174 820 avium.
2215 768 2396 836 Neque
2422 781 2534 824 erat
2571 774 2710 826 ullus
2743 776 3015 840 immunis,
3047 779 3310 834 sederant
3331 797 3521 835 omnes

1977 857 2166 910 intenti
2196 860 2248 911 in
2285 873 2542 928 apparatu
2582 866 2854 919 sacriﬁcii.
2890 868 3019 919 Nam
3053 870 3147 936 qui
3180 881 3334 923 erant
3365 871 3520 926 valde

1975 945 2191 1008 divites,
2238 950 2591 1002 constitutum
2627 962 2762 1013 erat,
2808 963 2864 1007 ut
2903 970 3092 1022 magna
3126 958 3379 1009 animalia
3411 958 3521 1010 ad-

1975 1035 2238 1093 ducerent
2281 1038 2346 1092 ad
2395 1039 2716 1094 sacriﬁcium
2755 1059 2768 1096 :
2810 1058 2972 1111 parva
3019 1053 3195 1098 autem
3227 1061 3519 1115 pauperes,

1977 1141 2138 1196 prout
2185 1131 2482 1199 unicuique
2534 1133 2892 1200 suppetebant
2941 1135 3246 1196 laetiltates,
3296 1146 3350 1190 et
3405 1148 3524 1190 erat

1980 1222 2402 1291 uniuscujusque
2437 1225 2489 1277 in
2529 1225 2659 1279 deos
2702 1225 3098 1280 benevolentia.
3148 1228 3228 1280 Ad
3279 1228 3522 1297 magniﬁ-

1976 1314 2207 1366 centiam
2260 1325 2437 1367 autem
2481 1332 2573 1370 eos
2624 1318 2855 1370 maxime
2900 1319 3160 1370 incitabat
3207 1320 3522 1386 imperator.

1979 1403 2207 1456 aﬂerens
2240 1404 2305 1457 ad
2344 1407 2751 1460 sacrilicandum
2788 1420 3004 1462 centum
3051 1420 3104 1461 et
3155 1410 3371 1476 triginta
3409 1419 3522 1462 tau—

1978 1509 2084 1547 ros.
2139 1494 2270 1548 Cum
2337 1511 2524 1550 omnes
2578 1513 2704 1564 ergo
2778 1501 2841 1551 ad
2918 1503 3092 1566 ipsum
3147 1500 3526 1553 convenissent

1979 1586 2377 1650 Alexandriam,
2421 1590 2570 1642 valde
2619 1590 2828 1643 laetatus
2867 1601 2968 1652 est,
3004 1592 3196 1645 videns
3226 1591 3526 1646 multitudi-

1980 1694 2099 1730 nem
2131 1680 2314 1747 populi
2345 1691 2397 1731 et
2429 1681 2834 1742 sacriﬁciorum,
2878 1683 3013 1735 adeo
3057 1691 3115 1735 ut
3150 1696 3248 1735 nec
3292 1683 3518 1734 alterum

1981 1775 2190 1832 tempus
2220 1771 2562 1835 eXSpectarit,
2599 1770 2691 1822 sed
2733 1772 2979 1838 protinus
3011 1771 3327 1832 surrexerit,
3359 1780 3412 1823 et
3453 1771 3526 1822 ci-

1977 1856 2178 1910 tissime
2207 1859 2270 1911 ad
2303 1863 2559 1927 templum
2591 1865 2932 1929 processerit,
2965 1873 3016 1916 ct
3042 1864 3215 1929 ipsum
3249 1860 3520 1930 peregerit

1975 1948 2321 2000 sacriﬁcium.
2368 1949 2499 2003 Cum
2529 1966 2594 2005 eo
2627 1962 2803 2007 autem
2846 1954 3100 2007 currebat
3148 1968 3305 2006 omne
3358 1968 3526 2021 genus

1977 2048 2029 2091 et
2057 2042 2232 2092 omnis
2254 2051 2401 2102 anas,
2433 2054 2486 2095 et
2529 2043 2814 2097 universus
2849 2056 3088 2107 senatus,
3117 2053 3172 2097 et
3195 2059 3384 2096 omnes
3415 2058 3524 2095 ma-

1977 2131 2250 2197 gistratus,
2306 2131 2562 2199 plcbsque
2612 2142 2666 2185 et
2723 2135 2912 2202 vulgus
2961 2134 3260 2196 hominum,
3309 2150 3427 2201 qua:
3460 2135 3522 2187 ad

1978 2222 2300 2275 sacriﬁcium
2366 2224 2745 2291 pertinebant',
2799 2225 3171 2294 unusquisque
3221 2225 3458 2279 aﬂ‘erens
3513 2243 3523 2276 :

1979 2313 2114 2365 adeo
2147 2323 2202 2365 ut
2228 2323 2446 2381 propter
2489 2314 2891 2369 multitudinem
2924 2332 3136 2376 eorum,
3170 2317 3260 2384 qui
3293 2314 3530 2369 conﬂuc-

1983 2404 2130 2462 bant,
2183 2416 2404 2472 angusta
2452 2418 2594 2460 esset
2636 2410 2749 2475 ipsa
2794 2409 3006 2470 civitas,
3065 2419 3352 2474 augustum
3395 2417 3528 2460 tem-

1985 2496 2130 2564 plum
2175 2513 2188 2549 :
2235 2498 2467 2551 clamore
2519 2514 2646 2552 vero
2689 2500 2973 2552 brutorum
3018 2500 3375 2551 animantium
3426 2501 3532 2552 cir-

1982 2597 2326 2639 cumsonaret
2357 2598 2462 2641 tota
2510 2591 2656 2657 regio
2696 2590 3046 2643 circumcirca
3076 2610 3087 2643 :
3121 2591 3310 2644 nidore
3351 2601 3529 2643 autem

1981 2675 2368 2728 sacriﬁciorum
2405 2676 2514 2744 ipse
2550 2692 2766 2744 quoque
2794 2693 2883 2732 aer
2920 2680 3257 2732 inticeretnr.

2055 2767 2144 2818 lll.
2171 2766 2302 2820 Cum
2338 2768 2450 2820 hmc
2477 2768 2557 2820 sic
2590 2768 2800 2830 ﬁerent,
2831 2769 3024 2822 mulier
3051 2771 3292 2836 quaedam
3328 2770 3411 2836 pia
3439 2784 3533 2821 no-

1989 2854 2131 2906 mine
2188 2853 2514 2920 Aicatarina,
2570 2865 2722 2910 mtate
2771 2858 3006 2926 juvenis,
3059 2859 3284 2926 pulchra
3331 2860 3531 2926 specie,

1989 2958 2106 3012 quae
2155 2959 2323 3012 genus
2383 2943 2616 2997 ducebat
2667 2960 2734 2998 ex
2787 2947 3046 3014 sanguine
3111 2949 3278 3015 regio,
3315 2963 3531 3001 omnem

1992 3044 2169 3087 autem
2214 3043 2268 3087 et
2301 3044 2576 3087 externam
2611 3044 2665 3088 et
2705 3046 2942 3089 nostram
2979 3038 3299 3104 scripturam
3351 3039 3532 3104 perle-

329 3121 436 3171 ὐπὺ
495 3122 712 3183 πολλαῖς
777 3121 1154 3190 θεραπαινίσιν
1194 3122 1270 3182 εἰς
1325 3121 1423 3189 τὴν
1487 3120 2015 3196 Ἀλεξάνδρειανρς

1844 3141 1885 3174 ιν
1913 3135 1959 3196 c
1991 3132 2157 3190 gerat.
2191 3123 2374 3177 multis
2400 3123 2608 3176 ancillis
2644 3124 2898 3178 comitata
2924 3126 3151 3193 degebat
3173 3126 3530 3186 Alexandrina,

329 3212 590 3278 διάγουσα
607 3208 691 3281 ἦν,
712 3214 768 3263 ἐν
799 3213 965 3273 οἴκοις
989 3211 1132 3263 οῦτω
1161 3212 1462 3279 βασιλικοῖς
1496 3214 1885 3282 ταμιευομένη,

334 3301 567 3369 Χριστὸν
624 3302 782 3368 μόνον
830 3302 1001 3352 εἰδυῖα
1048 3301 1279 3369 νυμφίον
1304 3339 1321 3366 ,
1359 3303 1451 3352 καὶ
1483 3303 1561 3364 τῷ
1590 3303 1687 3370 τῆς
1716 3302 1889 3371 ψυχῆς

334 3393 485 3459 αὐτῷ
524 3391 720 3452 κάλλος
770 3391 1031 3459 τηροῦσα,
1082 3392 1174 3443 καὶ
1228 3392 1372 3460 μόνῳ
1418 3393 1508 3444 τὸν
1559 3393 1741 3461 ἔρωτα
1790 3395 1889 3460 τῆς

337 3484 569 3552 καρδίας
600 3484 934 3534 άνάπτουσα.
988 3480 1135 3550 Αὕτη
1180 3481 1564 3549 χαλεπώτατον
1597 3483 1739 3534 οὕτω
1769 3484 1891 3542 τοὺς

335 3574 656 3639 ἀνθρώπους
697 3573 956 3640 ναυάγιον
1016 3573 1407 3640 ὑπομένοντας,
1465 3575 1556 3624 καὶ
1609 3578 1735 3642 περὶ
1784 3574 1891 3625 τών

338 3663 581 3730 ἐσχάτων
637 3663 1049 3722 κινδυνεύοντας
1104 3662 1196 3713 καὶ
1240 3660 1643 3728 ἀπολλυμένους
1684 3661 1890 3729 ὁρῶσα,

339 3755 432 3804 καὶ
462 3754 645 3812 δεινῶς
681 3753 777 3821 τὴν
809 3752 982 3819 ψυχὴν
1007 3751 1252 3803 παθοῦσα
1281 3751 1375 3803 καὶ
1404 3751 1541 3821 ὑπὲρ
1563 3752 1656 3803 τοῦ
1693 3751 1892 3802 Δεσπό-

340 3861 432 3894 του
470 3842 763 3910 ζηλώσασα
791 3881 804 3905 ,
839 3843 960 3893 τότε
998 3842 1238 3910 μάλιστα
1269 3842 1358 3893 τὸν
1389 3841 1474 3893 ἐπ’
1518 3841 1680 3895 αὑτὸν
1729 3843 1891 3894 πόθον

343 3936 434 3986 καὶ
465 3936 554 3986 τὸν
591 3935 730 4004 ὑπὲρ
763 3937 859 4003 τῆς
894 3935 1128 3996 πίστεως
1157 3934 1295 4001 ἔγνω
1326 3934 1486 4002 ζῆλον
1521 3937 1749 4004 φανερὸν
1789 3953 1890 3989 κα-

342 4028 715 4094 ταστήσασθαι
747 4029 837 4077 καὶ
876 4024 1265 4094 παραλαϐοῦσα
1295 4026 1471 4086 ἐνίους
1494 4027 1602 4077 τῶν
1626 4026 1888 4092 θεραπόν-

343 4133 472 4178 των,
507 4115 706 4176 εὐθέως
740 4115 932 4183 ἐχώρει
967 4117 1101 4184 πρὸς
1130 4117 1220 4167 τὸν
1251 4116 1375 4168 ναὸν
1399 4153 1413 4178 ,
1453 4117 1510 4167 ὲν
1543 4110 1585 4182 ᾦ
1611 4117 1669 4167 τὸ
1694 4117 1891 4184 πλῆθος

345 4209 483 4273 μετὰ
537 4206 628 4257 τοῦ
689 4206 948 4272 βασιλέως
989 4205 1328 4268 θυσιάζοντες
1371 4202 1530 4275 ἦσαν,
1577 4211 1668 4258 καὶ
1722 4211 1891 4260 στᾶσα

342 4296 478 4364 πρὸς
517 4299 578 4363 τῇ
613 4296 760 4365 φλιᾷ,
799 4291 942 4346 εἷλκε
978 4296 1072 4363 μὲν
1099 4296 1194 4356 τὰς
1226 4297 1330 4348 τῶν
1360 4296 1534 4349 ἄλλων
1567 4296 1715 4362 ὄψεις
1757 4298 1892 4366 πρὸς

343 4385 542 4449 ἑαυτὴν
570 4384 763 4444 κάλλος
792 4381 1068 4451 ἀμήχανον
1098 4379 1250 4448 οὖσα,
1283 4385 1373 4435 καὶ
1401 4384 1499 4453 τὴν
1523 4384 1668 4436 ἔνδον
1695 4387 1890 4453 ὡραιό-

1990 3223 2044 3265 et
2091 3213 2167 3265 sic
2223 3213 2599 3266 asservabatur
2659 3215 2712 3266 in
2770 3215 2974 3268 :edibus
3029 3215 3212 3282 regiis.
3264 3225 3318 3268 et
3364 3215 3532 3268 solum

1989 3302 2259 3354 Christum
2308 3312 2461 3354 norat
2511 3319 2788 3371 sponsum,
2828 3313 2882 3356 et
2936 3305 2986 3356 ei
3041 3305 3231 3357 animo:
3285 3304 3537 3357 servabat

1993 3391 2466 3459 pulchritudinem,
2514 3403 2567 3446 et
2615 3392 2677 3446 iu'
2725 3409 2847 3447 eum
2898 3395 3071 3448 solum
3120 3403 3235 3447 erat
3280 3408 3374 3446 cor
3419 3394 3535 3462 ejus

1992 3499 2172 3537 amore
2221 3485 2627 3537 inﬂammatum.
2660 3485 2782 3539 [hec
2805 3486 2882 3540 sic
2913 3485 3102 3538 videns
3138 3484 3386 3537 homines
3413 3499 3535 3551 gra-

1991 3572 2266 3623 vissimum
2319 3571 2502 3623 subire
2535 3571 2894 3639 naufragium,
2946 3581 3002 3624 et
3037 3570 3221 3622 venire
3261 3570 3314 3620 in
3355 3578 3536 3620 extre-

1993 3674 2136 3713 mum
2183 3659 2431 3711 interitus
2465 3659 2789 3726 periculum,
2824 3658 3003 3711 animo
3050 3658 3284 3724 graviter
3321 3657 3533 3716 atlecta,

1991 3757 2045 3802 et
2077 3764 2174 3817 pro
2213 3748 2437 3801 Domino
2471 3748 2814 3800 aemulatione
2853 3761 2913 3799 ac
2966 3747 3082 3799 zelo
3124 3745 3366 3807 incitata,
3410 3754 3537 3796 tunc

1993 3841 2220 3892 maxime
2243 3841 2432 3891 statuit
2455 3852 2609 3889 suum
2643 3838 2927 3889 ostendere
2977 3835 3328 3896 desiderium,
3364 3844 3418 3886 et
3449 3851 3536 3886 ar-

1994 3932 2210 3984 dentem
2247 3944 2343 3998 pro
2376 3928 2478 3981 ﬁde
2515 3928 2687 3981 zelum
2725 3945 2738 3979 ;
2775 3939 2982 3980 etcum
3023 3926 3314 3978 nonnullos
3350 3941 3534 3978 secum

1993 4023 2292 4089 accepisset
2338 4022 2586 4082 lainulos,
2621 4020 2866 4086 protinus
2911 4020 3146 4087 profecta
3188 4027 3271 4070 est
3305 4017 3355 4069 in
3402 4025 3534 4069 tem-

1992 4113 2174 4181 plum,
2211 4113 2263 4164 in
2296 4127 2402 4179 quo
2433 4119 2547 4164 erat
2574 4110 2862 4162 multitudo
2893 4124 3014 4161 cum
3051 4125 3171 4177 rege
3200 4108 3532 4170 sacriﬁcans,

1992 4213 2046 4256 ct
2069 4213 2214 4256 stans
2249 4202 2301 4255 in
2334 4200 2538 4261 limine,
2566 4200 2792 4252 aliorum
2824 4198 3042 4266 quidem
3073 4199 3252 4251 vultus
3275 4199 3338 4250 ad
3365 4213 3421 4250 se
3461 4209 3537 4248 at-

1994 4294 2258 4354 trahebat,
2310 4302 2368 4346 ut
2414 4308 2532 4360 quae
2577 4291 2771 4359 insigni
2825 4297 2966 4344 esset
3013 4289 3438 4357 pulchritudine,
3487 4298 3541 4340 et

1997 4389 2259 4440 internam
2297 4385 2528 4452 speciem
2579 4383 2897 4437 ostendebat
2935 4396 3030 4449 per
3059 4391 3356 4435 externam.
3404 4381 3538 4433 Sen-

342 4487 476 4537 τητα
509 4472 592 4522 διὰ
629 4472 729 4538 τῆς
769 4473 923 4533 ἐκτὸς
959 4471 1234 4540 μηνύουσα
1262 4452 1465 4541 ὅψεως,
1501 4474 1707 4543 Ἡρέμα
1739 4452 1792 4526 δὲ
1827 4477 1889 4528 τὰ
1922 4452 1964 4506 D
1993 4479 2028 4532 si

1857 4477 1889 4528 ὰ
1922 4452 1964 4506 D
1993 4479 2090 4532 siin
2125 4487 2302 4529 autem
2332 4491 2426 4528 sua
2466 4475 2661 4527 munda
2697 4474 2844 4527 labra
2881 4473 3148 4541 aperiens,
3195 4472 3328 4524 dixit
3359 4488 3413 4523 se
3449 4483 3539 4524 na—

343 4560 560 4628 καθαρᾶ
613 4562 763 4628 χείλη
818 4562 1071 4629 διάρασα,
1128 4561 1269 4630 ἔχειν
1311 4580 1362 4614 τι
1402 4565 1506 4615 τών
1554 4565 1889 4630 ἀναγκαίων,

343 4650 802 4719 ἐφη,λαλῆσαιτῷ
835 4651 1061 4718 βασλεῖ.
1095 4653 1156 4702 Οί
1179 4652 1356 4703 τοίνυν
1377 4654 1468 4704 ἐπὶ
1496 4654 1884 4721 τῶνίὰγγελιῶν

341 4741 660 4805 τεταγμένοι
678 4741 1164 4807 προσαγγέλλουσιν
1189 4740 1333 4810 αὐτῷ
1359 4742 1424 4793 τά
1443 4744 1563 4810 περὶ
1579 4744 1673 4811 τῆς
1692 4743 1893 4811 παρθέ-

343 4847 459 4882 νου.
511 4831 782 4880 Κάκείνου
813 4831 1444 4898 προσταξα·ιτος,εὑθέως
1464 4834 1758 4899 εἰσάγεται,
1790 4837 1885 4885 καὶ

345 4922 518 4971 στᾶσα
543 4921 642 4987 πρὸ
660 4920 755 4987 τῆς
789 4919 1033 4980 ἀναιδοῦς
1053 4921 1223 4988 ὅψεως
1247 4920 1338 4971 τοῦ
1357 4922 1639 4990 τυράννου,
1658 4923 1735 4973 ἔτι
1767 4925 1896 5000 περι

342 5014 444 5078 τὴν
463 5012 869 5062 θυσίανέκείνου
899 5012 1262 5080 σχολάζοντος,
1305 5010 1527 5063 τοιαῦτα
1554 5012 1685 5081 πρὸς
1732 5015 1894 5066 αὑτὸν

346 5101 623 5167 σταθερτῐς
680 5102 817 5151 πάνυ
872 5102 963 5151 καὶ
1012 5100 1330 5168 ἐλευθερίως
1399 5100 1693 5166 ἐφθέγγετο
1734 5118 1747 5132 ·

416 5190 488 5239 Δ¹.
544 5186 738 5254 Ἰ-ὶχρῆν
776 5187 875 5253 μέν
905 5203 961 5237 τε
999 5189 1092 5238 καὶ
1123 5186 1336 5237 οἴκοθεν
1369 5187 1601 5237 συνιδεῖν
1632 5187 1726 5256 τὴν
1753 5189 1894 5242 άπά-

343 5297 466 5348 "Iv,
499 5273 542 5330 ὦ
575 5279 819 5347 βασιλεῦ,
866 5282 947 5332 ὅτι
1004 5281 1257 5347 φθαρτῶν
1304 5278 1607 5349 ἀνθρώπων
1659 5281 1894 5342 εἰδώλοις

344 5365 433 5422 οἷα
488 5371 628 5431 θεοῖς
691 5375 903 5430 ῦυσὲαις
960 5372 1244 5432 ἐπιτελεῖς,
1295 5372 1388 5420 καὶ
1446 5369 1541 5437 τὴν
1578 5369 1894 5437 Ἑλληνικὴν

1681 5462 1800 5509 ἐττεί
1839 5461 1893 5509 δὲ

348 5548 522 5616 οχοιῴ
566 5549 878 5616 πειθόμενος
912 5550 1151 5616 δαίμονι,
1182 5549 1310 5617 πρὸς
1343 5550 1483 5600 οὓτω
1529 5550 1764 5615 φανερὰν
1806 5566 1894 5598 τυ-

346 5457 552 5526 ταύτην
599 5460 812 5527 μωρίαν
847 5459 941 5510 καὶ
989 5459 1249 5527 αἰσχύνην
1291 5459 1582 5509 ἀποϐαλεῖν
1617 5475 1630 5487 °

347 5641 609 5704 φλώττεις
661 5639 939 5708 ἀλήθειαν,
999 5639 1103 5691 ἔδει
1165 5639 1377 5701 πάντως
1427 5639 1549 5704 κᾶν,
1613 5640 1689 5706 τῷ
1753 5640 1887 5708 παρ’

357 5733 508 5798 υμῶν
538 5733 683 5800 σοφῷ
711 5733 961 5802 Διοδώρῳ
1010 5733 1310 5796 πεισθέντα,
1350 5733 1549 5798 γνῶναι
1591 5733 1705 5794 τοὺς
1746 5733 1870 5797 ὑμε-

1997 4571 2125 4621 bere
2188 4566 2549 4619 necessarium
2596 4563 2820 4630 aliquid,
2864 4565 3004 4630 quod
3061 4566 3267 4616 diceret
3315 4564 3541 4630 impera-

1997 4660 2118 4712 tori.
2179 4657 2279 4720 Qui
2336 4657 2511 4723 itaque
2581 4657 2787 4708 nuntiis
2855 4655 3150 4708 referendis
3223 4668 3533 4720 praeerant,

1996 4748 2303 4816 imperatori
2350 4747 2415 4797 dc
2481 4746 2686 4811 virgine
2742 4745 3079 4796 annuntiant.
3149 4743 3388 4809 Cumque
3452 4743 3537 4794 ille

1989 4835 2256 4905 jussisset,
2299 4834 2478 4885 statim
2529 4833 2911 4884 introducitur.
2961 4832 3088 4893 Qure
3127 4845 3246 4882 cum
3303 4830 3535 4880 stetisset

1992 4946 2168 4983 Coram
2205 4924 2499 4994 impudenti
2535 4935 2775 4992 tjranno,
2823 4937 2942 4973 cum
2986 4921 3072 4973 ille
3123 4921 3298 4972 adhuc
3327 4931 3538 4972 vacaret

1992 5019 2274 5084 sacriﬁcio,
2297 5024 2606 5070 constanter
2636 5015 2873 5080 ctjlibere
2909 5013 2983 5064 sic
3014 5011 3061 5064 ei
3098 5019 3180 5064 est
3212 5012 3420 5063 locuta:

2063 5191 2146 5242 IV.
2195 5187 2482 5256 Oportebat
2515 5185 2754 5252 quidem,
2803 5198 2835 5234 o
2893 5185 3199 5250 imperator,
3261 5193 3309 5236 te
3358 5199 3417 5234 ex
3453 5194 3533 5235 tc-

1994 5284 2106 5350 ipso
2140 5290 2280 5332 tuam
2314 5281 2491 5331 videre
2529 5277 2926 5343 deceptioneln,
2957 5273 3100 5342 quod
3132 5275 3427 5331 hominum,
3475 5275 3525 5325 in

1992 5387 2126 5440 quos
2180 5371 2319 5423 cadit
2371 5371 2649 5428 interitus,
2711 5366 3050 5419 simulacris.
3115 5376 3364 5432 tanquam
3431 5366 3534 5414 diis

1991 5463 2169 5523 olIcrs,
2200 5458 2479 5515 sacriﬁcia,
2509 5465 2562 5507 et
2589 5456 2840 5519 gentilem
2886 5455 3022 5506 hanc
3047 5453 3326 5506 stultitiam
3358 5465 3410 5505 et
3441 5456 3533 5505 de-

1993 5552 2157 5603 decus
2202 5550 2453 5616 abjieere.
2509 5546 2770 5608 Qumtiatn
2829 5555 3006 5596 autem
3062 5546 3279 5596 sinistro
3337 5559 3532 5610 parcns

1993 5641 2243 5697 όευιιιυιιὶ,
2294 5639 2356 5689 ad
2410 5639 2542 5688 adeo
2594 5637 2925 5687 tnunilmlum
2978 5647 3192 5686 ea'cutts
3230 5645 3527 5692 \Cl'lldlt‘iﬂ,

1996 5742 2264 5800 ope-fleret
2324 5730 2539 5782 omnin»
2590 5731 2810 5794 σορκ-ειη
2875 5730 3080 5788 saltem,
3127 5727 3218 5792 qui
3269 5737 3345 5779 est
3394 5723 3534 5790 apud
