4270 6428
296 398 400 469 231
1361 403 1827 466 MARTYRIUM
1867 408 1927 468 S.
1969 406 2449 475 CATHARIN/E.
3407 417 3513 486 252

296 519 394 569 sul.
424 514 530 567 τῶν
569 514 745 568 ἀλλων
777 513 1121 584 επιστημῶν.
1142 512 1303 568 Ἀλλά
1334 516 1466 591 παρ’
1497 517 1648 571 οὐδὲν
1673 518 1857 569 ὲκεῐνα
1884 520 1929 574 Α
1958 536 1982 573 r

1817 520 1929 574 ιαΑ
1958 520 2244 577 rhetorica:
2294 536 2347 579 et
2397 525 2773 596 philosOpbiaa,
2806 529 3117 598 geometria:
3171 537 3226 584 et
3275 532 3503 587 aliarum

297 606 502 673 θεμένη
556 605 755 669 πάντα,
813 602 975 677 ἦλθον
1032 600 1544 675 νυμφευθῆναι’τῷ
1602 607 1855 676 ἀθανάτῳ
1957 626 1982 666 s

1819 625 1855 676 ῳ
1957 612 2326 667 scientiarum.
2385 618 2488 670 Sed
2528 619 2615 671 illa
2667 619 2847 673 omnia
2897 619 3057 674 nihili
3106 620 3347 685 ducens,
3384 627 3505 679 veni

299 698 524 766 νυμφίῳ
585 697 806 765 Χριστῷ
882 698 969 749 διὰ
1045 698 1137 750 τοῦ
1198 699 1480 766 προφήτου
1542 698 1854 766 λαλήσαντι,
1956 719 1985 756 u

1821 715 1854 762 ι.
1956 713 2015 757 ut
2045 704 2411 772 desponderer
2446 708 2737 763 immortali
2776 724 2976 777 sponso
3014 710 3252 773 Christo,
3300 713 3393 780 qui
3429 716 3507 767 Ιο-

307 809 326 839 ‹
384 789 594 843 Ἀπολῶ
619 793 717 858 τὴν
751 788 943 855 σοφίαν
983 788 1091 841 τῶν
1132 789 1344 857 σοφῶν,
1377 790 1469 841 καὶ
1502 790 1596 858 τὴν
1642 790 1881 841 σύνεσιν
1954 808 1993 846 Cl

1831 807 1881 840 ν’
1954 804 2112 849 cutus
2140 807 2224 849 est
2254 811 2350 864 per
2382 798 2699 864 prephetam
2733 816 2744 851 :
2776 798 3005 852 Perdam
3049 801 3373 869 sapientiam
3428 819 3508 855 sa-

296 884 409 935 τῶν
444 881 679 933 συνετῶν
716 882 986 947 ἀθετήσω.
1024 898 1041 929 ›
1955 904 1982 956 p

1955 889 2217 956 pientum,
2254 899 2307 943 et
2346 892 2685 953 prudentiam
2720 892 3052 958 prudentum
3120 894 3422 960 reprobabo
3470 896 3506 948 ¹.

370 974 460 1037 ς’.
515 971 619 1021 Τοῦ
674 970 727 1021 δὲ
779 970 1043 1038 βασιλέως
1082 972 1171 1022 ἐπὶ
1219 973 1324 1033 τοῖς
1384 974 1592 1040 ῥηθεῖσι
1649 975 1856 1042 θαυμά-
2026 980 2056 1033 V

1822 995 1856 1026 :-
2026 978 2109 1033 Vl.
2142 978 2274 1033 Cum
2307 988 2485 1033 autem
2521 980 2814 1048 imperator
2843 980 3143 1035 admiratus
3175 993 3341 1049 esset,
3391 999 3508 1051 qune

299 1078 519 1121 σαντος,
551 1057 667 1111 εἶτα
696 1062 788 1111 καὶ
816 1060 1169 1128 άτενέστερον
1193 1062 1328 1130 πρὸς
1360 1063 1529 1131 αὐτὴν
1550 1064 1850 1128 ἀπιδόντος,
1954 1072 1985 1125 d

1818 1082 1850 1128 ἱ,
1954 1072 2095 1126 dicta
2124 1071 2357 1131 fuerant,
2393 1082 2447 1125 et
2479 1073 2528 1124 in
2558 1088 2674 1125 eam
2701 1072 2965 1126 intentius
2987 1072 3263 1127 deﬁxisset
3296 1076 3504 1132 oculos.

297 1154 391 1203 καὶ
428 1152 699 1218 οἰηθέντος
752 1150 826 1219 μὴ
881 1150 1022 1202 εἶναι
1062 1152 1269 1219 ταύτην
1315 1157 1444 1220 μίαν
1485 1153 1591 1205 τῶν
1644 1157 1853 1218 γένεσιν
1953 1178 1980 1215 ε

1826 1172 1853 1205 ν
1953 1172 2007 1215 et
2060 1163 2424 1215 existimasset
2467 1177 2584 1214 eam
2640 1177 2746 1214 non
2785 1176 2905 1216 esse
2957 1178 3117 1216 unam
3162 1166 3343 1225 exiis,
3387 1182 3506 1233 quae

296 1242 411 1294 ἀπὸ
443 1242 542 1308 γῆς
576 1242 905 1307 ἰσχηκότων,
958 1241 1088 1292 ἀλλά
1117 1260 1240 1296 τινα
1281 1245 1387 1296 τῶν
1423 1245 1561 1296 θεῶν
1589 1246 1852 1299 ὀπτασίαν
1955 1267 1982 1304 ιι

1818 1265 1852 1297 ιν
1955 1262 2093 1305 nata-
2120 1263 2245 1306 sunt
2287 1267 2315 1305 e
2351 1261 2530 1314 terra;
2577 1252 2668 1305 sed
2702 1266 2758 1304 se
2797 1252 3019 1305 deorum
3053 1254 3287 1320 aliquam
3322 1255 3504 1309 videre

296 1335 431 1400 ὀρᾷν
462 1336 520 1383 εν
550 1333 835 1401 ἀνθρώπου
871 1336 1107 1401 σχήματι
1158 1334 1566 1406 διαλεγομένην,
1596 1337 1736 1390 οὕτω
1764 1341 1854 1391 καὶ
1955 1359 1982 1391 ν

1817 1341 1854 1391 ιι
1955 1344 2257 1406 visionem,
2291 1345 2598 1412 loquentem
2633 1344 2684 1395 in
2720 1343 2906 1396 habitu
2942 1343 3179 1398 humano
3222 1364 3234 1399 :
3272 1362 3393 1400 cum
3428 1349 3503 1400 sic

298 1420 582 1487 οἰηθέντος
609 1423 699 1471 καὶ
734 1422 867 1490 πρὸς
895 1424 1058 1475 αὐτὸν
1088 1425 1642 1493 παρανρθεγξαμένου,
1685 1431 1717 1490 ἠ
1745 1447 1850 1496 μα·
1955 1451 1984 1504 p

1816 1457 1850 1479 .-
1955 1444 2226 1504 putasset,
2253 1447 2306 1487 et
2337 1452 2453 1487 eam
2497 1450 2779 1503 perperam
2823 1446 2966 1491 esset
3014 1437 3301 1498 allocutus.
3351 1438 3502 1497 beata

298 1512 467 1578 καρία
525 1512 615 1561 τὸν
666 1513 820 1577 λόγον
879 1514 1221 1567 ὑπολαϐοῦσα
1286 1519 1417 1585 φησὶ
1477 1520 1608 1587 πρὸς
1644 1520 1850 1570 αὐτόν’
1954 1541 1984 1576 δη

1836 1536 1850 1549 ’
1954 1539 2259 1577 sermonem
2289 1526 2595 1593 excipiens,
2630 1526 2758 1579 dicit
2782 1526 2869 1581 ei:
2908 1528 3043 1582 Vere
3072 1528 3278 1591 dixisti,
3322 1545 3355 1582 ο
3408 1531 3494 1581 im-

313 1598 557 1665 Ἀληοῶς
595 1600 798 1663 ἔλεξας,
835 1597 877 1651 ὢ
918 1602 1158 1670 βασιλεῦ.
1191 1607 1454 1671 Δαίμονες
1490 1610 1595 1676 γάρ
1626 1608 1715 1670 οὓς
1741 1610 1853 1661 ὁνο-
1955 1633 1999 1684 pi

1815 1628 1853 1661 >—
1955 1628 2191 1684 perator.
2226 1618 2501 1670 D:cmones
2543 1619 2709 1678 enim,
2760 1634 2895 1685 quos
2930 1618 3059 1671 deos
3110 1621 3379 1682 nominas,
3417 1635 3501 1673 re-

302 1692 492 1758 μάξεις
553 1691 709 1751 θεοὺς
757 1692 929 1755 ὄντες,
991 1694 1322 1762 ὁαιμονικοῖς
1380 1699 1520 1764 ὑμᾶς
1574 1700 1853 1767 φάσμασιν
1957 1724 1983 1758 v

1818 1720 1853 1751 ιν
1957 1724 2081 1760 vera
2129 1724 2223 1761 vos
2267 1709 2493 1776 Speelris
2536 1707 2813 1777 decipiunt
2864 1711 3247 1773 daemoniacis,
3306 1720 3359 1765 et
3411 1727 3504 1764 vos

301 1782 578 1843 ἀπατῶσι,
613 1785 704 1834 καὶ
739 1784 872 1851 πρὸς
909 1784 1197 1851 ἀσέλγειαν
1236 1788 1612 1851 ἐκκαλοῦνται,
1652 1793 1744 1843 καλ⁵
1770 1793 1850 1854 είς
1885 1849 1923 1867 η
1956 1815 1987 1865 p

1813 1793 1850 1854 [ς
1885 1849 1923 1867 η
1956 1807 2249 1865 provocant
2294 1800 2359 1851 ad
2397 1799 2680 1851 libidinem
2722 1810 2775 1853 et
2826 1800 3316 1867 intemperantiam.
3350 1812 3403 1855 et
3438 1801 3499 1855 ad

296 1876 534 1934 ἀτόπους
589 1849 881 1943 ἐπιθυμίας
940 1849 1317 1945 ὲμῆάλλουσιν.
1385 1881 1522 1943 Ἐγὼ
1561 1849 1654 1946 δὲ,
1694 1849 1849 1935 ὁποία
1882 1849 1925 1905 Β
1956 1849 1982 1942 ;]

1817 1902 1849 1934 α
1882 1849 1925 1905 Β
1956 1849 2191 1942 nefarias
2218 1890 2499 1956 impellunt
2521 1890 2865 1955 cupiditates.
2894 1849 3203 1958 Egerautem
3233 1893 3503 1959 eujusmo-

294 1983 380 2024 τις
421 1966 487 2017 ἂν
522 1961 584 2030 ὧ,
632 1968 757 2035 χοῦς
788 1970 903 2033 εἰμι
932 1971 1025 2021 καὶ
1066 1971 1268 2039 πηλὸς,
1302 1974 1380 2033 είς
1415 1972 1666 2042 τοιαύτην
1702 1977 1850 2042 παρᾶ
1954 1981 1980 2031 (Ι

1820 1977 1850 2027 ἀ
1954 1981 2220 2046 dicunqne
2270 1996 2430 2041 sum,
2482 1994 2597 2032 sum
2654 1981 2830 2047 pulvis
2879 1990 2932 2033 et
2975 1982 3165 2041 lutum,
3220 1982 3394 2035 eﬂicta
3448 1983 3499 2034 in

294 2060 389 2113 τοῦ
428 2062 563 2114 Θεοῦ
598 2064 898 2115 πλασθεῖσα
937 2066 1172 2133 μορφὴν,
1227 2068 1320 2119 καὶ
1355 2070 1418 2135 τῇ
1467 2068 1628 2120 αὑτοῦ
1684 2072 1851 2121 εἰκόνι
1955 2070 1980 2121 li

1816 2086 1851 2121 Il
1955 2070 2092 2121 hanc
2138 2070 2397 2132 formam,
2440 2077 2496 2122 et
2540 2071 2657 2139 ejus
2714 2070 2975 2123 honorata
3010 2071 3261 2140 imagine.
3311 2072 3502 2137 Quam-

295 2156 634 2221 τετιμημένη
665 2170 677 2183 ⁸
707 2155 847 2207 ὥστε
888 2159 981 2208 καὶ
1018 2156 1325 2225 θαυμάζειν
1361 2161 1561 2225 μᾶλλον
1602 2161 1851 2213 ἐντεῦθεν
1954 2174 1981 2212 0

1812 2180 1851 2212 εν
1954 2160 2137 2212 obrem
2192 2160 2315 2211 hinc.
2362 2160 2529 2228 magis
2571 2161 2823 2213 convenit
2868 2160 3126 2215 admirari
3177 2163 3498 2229 sapientiam

294 2249 394 2313 τὴν
448 2246 637 2310 σοφίαν
687 2248 778 2299 τοῦ
809 2249 1146 2317 δημιουργοῦ
1198 2252 1502 2319 προσήκει,
1558 2253 1749 2321 ὅτιπερ
1794 2256 1850 2305 ἐν
1952 2268 1980 2305 0

1812 2272 1850 2304 ιν
1952 2253 2179 2321 opificis,
2208 2251 2349 2319 quod
2382 2251 2433 2303 in
2468 2252 2581 2303 luto
2605 2262 2659 2303 et
2692 2253 2744 2303 in
2779 2252 2999 2304 materia
3040 2262 3144 2304 tam
3178 2254 3266 2305 vili
3306 2264 3498 2321 potue~

293 2338 467 2406 πηλῷ,
525 2342 616 2390 καὶ
654 2340 825 2402 οὕτως
867 2342 1074 2393 εὐτελεῖ
1100 2345 1162 2409 τῇ
1205 2342 1304 2413 ὕλῃ
1339 2345 1597 2397 τοσοῦτον
1633 2345 1849 2413 ἴσχυσεν
1950 2361 1976 2397 r

1811 2364 1849 2398 :v
1950 2346 2020 2397 rit
2050 2354 2247 2396 tantam
2286 2352 2566 2395 exstruere
2606 2343 3087 2410 pulchritudinem.
3119 2344 3248 2409 Quae
3279 2348 3497 2414 quidem

293 2429 597 2493 ἔξασκῆσαι
628 2431 840 2491 κάλλος.
891 2433 1004 2500 Ἐφ’
1046 2428 1123 2494 οἷς
1157 2434 1488 2503 δυσχεράνας
1514 2436 1540 2486 ὀ
1572 2436 1844 2502 βασιλεὺς,
1948 2446 1979 2484 a

1814 2454 1844 2500 ς,
1948 2446 2086 2500 κει-ρ
2112 2431 2293 2484 ferens
2344 2431 2845 2499 iiuperatoeroli,
2893 2432 3088 2499 inquit,
3126 2434 3230 2487 diis
3276 2436 3500 2489 maledi-

293 2518 387 2583 Μὴ
440 2520 568 2585 λέγε
627 2522 753 2584 τοὺς
812 2521 965 2583 θεοὺς
1017 2523 1221 2585 κακῶς,
1261 2523 1387 2591 ἔφη,
1438 2523 1741 2585 ἀθανάτους
1789 2542 1848 2576 τε
1950 2537 1977 2575 c

1808 2542 1848 2576 :e
1950 2537 2095 2585 cere,
2148 2523 2237 2590 qui
2294 2530 2347 2575 et
2407 2523 2507 2589 ipsi
2564 2531 2691 2575 sunt
2738 2522 3106 2587 immortales,
3164 2535 3218 2578 et
3269 2526 3494 2593 gloriam

290 2610 491 2673 αὐτοὺς
526 2613 702 2675 ὄντας,
738 2616 833 2665 καὶ
877 2614 1029 2677 δόξαν
1072 2614 1335 2667 ἀθάνατον
1369 2617 1610 2683 ἔχοντας.
1667 2617 1773 2668 Καὶ
1815 2617 1844 2685 η
1950 2616 1976 2667 11

1815 2617 1844 2685 ἡ
1950 2615 2148 2667 habent
2181 2613 2560 2666 immortalem.
2596 2613 2795 2681 Martyr
2835 2623 3015 2668 autem
3047 2632 3058 2666 :
3096 2616 3371 2677 Invenies,
3414 2618 3498 2669 in-

292 2702 503 2770 μάρτυς
529 2718 541 2730 ·
579 2704 843 2773 Εὑρήσεις
878 2707 981 2772 ἄρα
1011 2706 1100 2759 καὶ
1135 2707 1220 2768 σὺ,
1253 2706 1436 2774 φησὶν,
1467 2699 1510 2758 ὦ
1544 2706 1785 2775 βασιλεῦ,
1820 2708 1847 2760 ὅ
1946 2718 1978 2772 q

1820 2708 1847 2760 ὅ
1946 2704 2094 2772 quit,
2135 2715 2188 2755 tu
2238 2717 2476 2770 quoque,
2529 2717 2561 2755 ο
2608 2704 2923 2771 imperator,
2956 2704 3215 2772 quidnam
3256 2715 3382 2759 sunt
3423 2706 3495 2759 dii

288 2808 344 2843 τι
400 2792 527 2844 ποτά
575 2795 710 2845 εἰσιν
759 2794 808 2846 οί
881 2794 994 2847 θεοί
1056 2813 1171 2857 σου,
1239 2797 1398 2865 μόνον
1447 2800 1495 2849 εί
1547 2798 1646 2867 τὴν
1678 2801 1846 2867 ἀχλὺν
1946 2807 1974 2849 ti

1818 2816 1846 2851 ν
1946 2798 2045 2860 tui,
2072 2798 2117 2849 si
2149 2796 2283 2849 velis
2317 2795 2492 2848 solum
2547 2802 2693 2847 tuam
2738 2793 2974 2861 abjicere
3004 2809 3293 2862 parumper
3338 2796 3498 2849 dece-

289 2882 392 2950 τῆς
424 2884 641 2952 ἀπάτης
668 2885 933 2955 ἐθελήσῃς
967 2887 1267 2940 ἀποϐαλεῖν
1301 2904 1316 2919 ⁸
1346 2888 1625 2959 ἑπιγνὼσῃ
1664 2890 1718 2942 δι
1752 2892 1845 2942 καὶ
1947 2904 1975 2955 [1

1811 2892 1845 2942 ιι
1947 2888 2217 2955 ptionem,
2270 2900 2460 2939 verum
2494 2899 2715 2954 quoque
2763 2885 2935 2938 Deum
2982 2900 3262 2955 agnosces,
3292 2886 3383 2955 qui
3415 2896 3497 2941 est

288 2976 383 3027 τὸν
414 2975 585 3044 ἀληθῆ
615 2976 770 3040 Θεὸν,
797 2979 945 3040 ὅστις
970 2979 1122 3030 ἐστὶν
1148 2978 1422 3041 ἀθάνατος
1448 2982 1539 3033 καὶ
1564 2981 1755 3041 ἀΐδιος,
1786 2976 1844 3034 οὗ
1943 2994 1974 3033 a

1807 2976 1844 3034 ὗ
1943 2989 2182 3033 αξιοι-ηαδ
2222 2985 2277 3032 et
2332 2977 2688 3041 immortalis;
2743 2978 2899 3045 cujus
2943 2978 3027 3031 vel
3070 2978 3245 3031 solum
3298 2992 3493 3033 nomen

292 3066 387 3119 καὶ
408 3066 576 3134 ὄνομα
613 3067 773 3135 μόνον
813 3066 1223 3138 λαλούμενον,ἢ
1257 3070 1349 3121 καὶ
1378 3069 1609 3139 σταυρὸς
1659 3072 1719 3123 ἐν
1767 3070 1843 3138 τῷ
1944 3084 1978 3137 p

1807 3070 1843 3138 ᾦ
1944 3068 2390 3137 pronuntiatum,
2452 3068 2534 3120 vel
2587 3082 2723 3121 crux
2771 3068 2934 3121 etiam
2987 3067 3210 3135 figurata
3249 3067 3304 3121 in
3348 3083 3493 3131 aere,

289 3157 417 3225 ἀέρι
448 3156 880 3225 διατυποΰμενος
922 3158 1168 3223 φυγάδας
1200 3175 1296 3211 σου
1324 3160 1449 3222 τοὺς
1486 3162 1641 3223 θεοὺς
1672 3164 1841 3232 ἀπερ-
1869 3185 1910 3243 c
1949 3168 1975 3212 ti

1808 3183 1841 3212 ι-
1869 3185 1910 3243 c
1949 3168 2069 3212 tuos
2102 3159 2233 3210 deos
2259 3157 2421 3209 vertit
2459 3156 2511 3209 in
2541 3156 2740 3225 fugam.
2782 3156 2836 3208 Si
2865 3157 2999 3209 velis
3038 3166 3241 3218 autem,
3292 3155 3379 3210 vel
3427 3170 3494 3209 es

288 3248 539 3312 γάζεται,
560 3247 623 3299 Εἰ
642 3247 695 3299 δὲ
721 3246 919 3315 βούλει,
943 3249 1038 3299 καὶ
1079 3251 1319 3317 φανεράν
1345 3251 1448 3304 ἀπὸ
1472 3250 1567 3321 τῆς
1584 3253 1840 3321 ἀληθείας
1947 3251 1974 3319 ἱι

1804 3272 1840 3316 ις
1947 3251 2058 3319 ipsa
2093 3250 2317 3302 veritate
2364 3256 2603 3316 apertam
2642 3246 2904 3301 faciamus
2949 3246 3490 3302 demonstrationem.

291 3338 394 3406 τὴν
424 3338 698 3404 ἀπόδειξιν
726 3340 1090 3406 ποιησόμεθα.

360 3423 431 3480 Ζ’.
479 3427 853 3489 ’Υποπτευσας
885 3428 1071 3480 τοίνυν
1120 3430 1147 3480 6
1196 3430 1450 3498 βασιλεὺς
1487 3434 1586 3502 τὴν
1627 3436 1841 3488 ἑλευθε-
2016 3431 2046 3484 V

1808 3464 1841 3484 ,.
2016 3430 2127 3485 νη.
2164 3429 2296 3483 Cum
2336 3428 2518 3495 itaque
2568 3425 2880 3494 imperatori
2926 3435 3174 3494 suspecta
3212 3424 3400 3478 fuisset
3429 3426 3494 3478 li-

292 3519 415 3589 ρίαν
444 3521 539 3586 τῆς
570 3519 849 3588 μάρτυρος
880 3520 951 3589 μὴ
987 3523 1215 3590 περιστῇ
1248 3523 1514 3577 πάντοθεν
1547 3526 1706 3579 αὐτὸν
1748 3529 1843 3581 καὶ
1946 3522 1978 3576 b

1804 3529 1843 3579 ιὶ
1946 3522 2133 3576 bertas
2177 3521 2464 3588 martyris,
2518 3520 2842 3584 tinierctque
2887 3532 2952 3571 ne
2999 3531 3056 3570 se
3095 3515 3331 3584 undique
3383 3516 3490 3567 cir-

288 3610 536 3678 κατάσχῃ
579 3612 698 3673 ταῖς
750 3611 1114 3675 ἀποδείξεσιν,
1164 3613 1326 3676 αὐτὸς
1356 3614 1412 3667 δι
1440 3616 1839 3686 ἀποκρίνασθαι
1945 3628 1974 3667 c

1806 3637 1839 3671 ιι
1945 3614 2304 3672 cumsisteret,
2337 3619 2387 3663 et
2434 3606 3341 3676 implicaretdemonstrationibus,
3378 3606 3492 3673 ipse

287 3697 385 3752 καὶ
416 3696 817 3771 ἀνθυποφέρειν
842 3702 943 3753 οὐκ
975 3700 1113 3768 ιχων
1137 3703 1326 3755 ἑαυτόν
1350 3720 1410 3756 τε
1443 3706 1693 3775 φανερῶς
1745 3706 1841 3759 καὶ
1945 3720 1973 3757 a

1805 3706 1841 3759 ιι
1945 3716 2125 3757 autem
2175 3717 2282 3755 non
2332 3709 2515 3768 posset
2564 3698 2894 3766 respondere
2924 3704 2980 3751 et
3010 3696 3286 3759 resistere,
3325 3712 3491 3763 seque

285 3791 416 3851 τοὺς
447 3792 681 3853 οίκείους
713 3791 942 3863 αἰσχύνῃ
977 3793 1151 3857 θεοὺς,
1178 3796 1500 3866 εκεῐνοςμὶν
1530 3798 1651 3851 οὐδὲ
1672 3798 1838 3868 ψιλὴν
1944 3812 1971 3851 e

1810 3817 1838 3851 ν
1944 3805 2000 3851 et
2036 3809 2164 3848 suos
2197 3792 2328 3846 deos
2377 3800 2563 3858 aperto
2618 3790 2886 3843 dedecore
2931 3786 3188 3849 adiceret.
3235 3788 3347 3857 ipse
3375 3788 3490 3855 qui-

283 3882 387 3947 τὴν
420 3880 687 3947 ἀκρόασιν
734 3883 1112 3952 καταδέχεται,
1165 3885 1685 3957 Προσποιησάμενος
1738 3892 1834 3942 ἀν·
1946 3889 1969 3942 d

1802 3911 1834 3930 ν-
1946 3889 2067 3942 dem
2099 3901 2197 3939 nec
2232 3900 2349 3937 eam
2387 3892 2595 3937 tantum
2627 3881 2815 3935 audire
2862 3882 3110 3941 sustinet,
3145 3894 3256 3948 pra:
3304 3893 3361 3933 se
3409 3881 3488 3931 fe-

286 3970 442 4033 ἀξιον
466 3967 609 4023 εἷναι
638 3976 855 4038 γυναικὶ
896 3974 1236 4041 διαλέγεσθαι
1276 3978 1744 4049 προσαχθήσονται
1783 3984 1839 4035 δέ
1918 3996 1970 4032 Τ

1804 3986 1839 4035 id
1918 3994 2070 4032 irens
2102 3993 2206 4030 non
2240 3976 2455 4035 decere.
2486 3981 2545 4026 ut
2573 3986 2694 4026 cum
2722 3971 2921 4025 femina
2953 3970 3249 4023 dissereret
3282 3986 3294 4022 :
3321 3967 3398 4021 Ad
3440 3977 3490 4022 te

286 4076 373 4111 σοι
405 4061 533 4129 παρ’
567 4062 701 4129 ὶμοῠ
730 4063 980 4131 ῥήτορες,
1008 4060 1130 4117 εῐπε
1155 4106 1170 4131 ,
1194 4065 1372 4119 πάντα
1411 4085 1505 4120 σου
1541 4070 1701 4137 λόγον
1743 4072 1838 4125 καὶ
1942 4086 1971 4124 a

1803 4072 1838 4125 ιι
1942 4079 2123 4124 autem
2154 4109 2167 4126 .
2211 4064 2429 4132 inquit,
2477 4078 2506 4116 a
2556 4077 2642 4116 me
2696 4060 3036 4114 adducentur
3082 4068 3346 4122 oratores.
3395 4058 3489 4127 qui

286 4151 557 4219 πρότασιν
596 4155 736 4218 μετά
790 4154 993 4223 πολλῆς
1030 4156 1130 4224 τῆς
1166 4159 1483 4227 περιουσίας
1537 4162 1840 4217 ἀνασκευά-
1944 4174 1972 4212 o

1804 4182 1840 4216 ι-
1944 4171 2135 4212 omnes
2164 4166 2283 4209 tuas
2307 4155 2550 4209 rationes
2591 4160 2645 4206 et
2676 4150 3075 4219 propositiones
3103 4148 3321 4203 abunde
3361 4162 3490 4201 con-

285 4243 494 4306 ζοντες,
529 4243 697 4307 ὅπως,
736 4244 984 4313 ἀκριϐῶς
1018 4247 1110 4299 καὶ
1145 4249 1283 4319 αὑτὴ
1315 4251 1708 4320 καταμαθοῦσα
1741 4259 1839 4322 τὴν
1941 4247 1971 4300 fl

1811 4271 1839 4306 ν
1941 4245 2239 4300 futabunt:
2285 4251 2345 4297 ut
2392 4256 2514 4295 cum
2581 4249 2636 4292 tu
2692 4252 2911 4307 quoque
2956 4236 3173 4291 abunde
3230 4235 3491 4291 didiceris

282 4332 393 4385 τῶν
459 4334 687 4387 οἰκείων
739 4335 1139 4405 προϐλημάτων
1187 4340 1502 4407 ἀσθένειαν,
1574 4342 1710 4412 πρὸς
1777 4344 1836 4396 τὸ
1944 4349 1966 4393 ι

1801 4344 1836 4396 τδ
1944 4349 2162 4393 tuorum
2194 4339 2505 4405 degmatum
2554 4332 2976 4385 imbecillitatem
3002 4370 3017 4395 ,
3062 4330 3293 4399 aspicias
3327 4328 3395 4382 ad
3436 4327 3487 4381 id

287 4423 570 4493 συμφέρον
640 4424 953 4495 exosum;
1020 4430 1114 4481 καὶ
1163 4429 1239 4499 τῷ
1287 4432 1539 4501 ἡμετέρῳ
1611 4433 1837 4502 πεισθῇς
1870 4498 1894 4502 _
1940 4447 1971 4499 q

1810 4451 1837 4497 ς
1870 4498 1894 4502 _
1940 4430 2084 4499 quod
2133 4440 2214 4481 est
2262 4428 2415 4491 utile,
2469 4436 2524 4479 et
2572 4434 2756 4477 nostro
2804 4437 2995 4491 pareas
3045 4421 3303 4491 dogmati.
3366 4420 3489 4475 Haec

284 4511 540 4580 δόγματι.
585 4511 771 4565 Ταῦτα
802 4508 922 4565 εῐπε
946 4554 961 4580 ,
998 4517 1091 4568 καὶ
1133 4498 1229 4588 τὴν
1265 4498 1363 4588 μεν
1395 4498 1555 4587 ἀγίαν
1590 4521 1692 4573 ὑπὸ
1738 4498 1837 4589 (pu-
1869 4498 1910 4551 D

1798 4498 1837 4573 ι.-
1869 4498 1910 4551 Ῑ)
1939 4498 2108 4581 dixit,
2139 4528 2191 4571 et
2228 4527 2467 4571 sanctam
2516 4515 2734 4584 quidem
2780 4513 2933 4581 jubet
2969 4513 3176 4566 servari
3212 4512 3266 4565 in
3298 4520 3484 4564 custo-

288 4601 430 4671 λακῆ
490 4602 776 4671 τηρεῖσθαι
833 4607 1200 4674 προστάττει“,
1246 4610 1406 4672 αὐτὸς
1468 4611 1522 4663 δὲ
1578 4613 1651 4674 ὡς
1697 4611 1838 4682 εἶχεν
1933 4619 1965 4673 d

1798 4632 1838 4666 εν
1933 4619 2060 4673 dia:
2096 4618 2207 4684 ipse
2255 4622 2433 4667 autem
2478 4612 2656 4665 statim
2697 4609 2894 4663 emittit
2938 4606 3219 4677 epistolam
3267 4604 3320 4657 in
3373 4602 3484 4655 hmc

283 4690 465 4755 εὐθὺς,
506 4693 782 4763 ἐκτίθησιν
829 4696 1112 4769 επιστολὴν
1162 4700 1389 4768 ἔχουσαν
1418 4703 1585 4765 οὕτως
1622 4721 1633 4733 ·
1674 4705 1836 4756 Βασι-
1933 4726 1964 4762 v

1794 4725 1836 4756 ι·
1933 4710 2095 4762 verba
2132 4726 2143 4760 :
2176 4706 2475 4773 Imperator
2503 4702 2805 4755 Maxentius
2850 4693 3253 4770 [Maximinus]
3304 4692 3480 4746 omni-

283 4781 409 4844 λεὺς
451 4785 771 4850 Μαξέντιος,
819 4791 955 4841 πᾶσι
1014 4792 1129 4852 τοῖς
1160 4791 1264 4843 ὑπὸ
1294 4793 1392 4859 τὴν
1421 4795 1558 4863 ἐμὴν
1589 4796 1838 4858 ἐξουσίαν
1934 4800 1966 4853 b

1797 4816 1838 4849 ιν
1934 4800 2055 4859 bus.
2107 4800 2197 4866 qui
2244 4804 2367 4850 sunt
2418 4808 2547 4847 meae
2593 4791 2819 4844 ditionis
2865 4787 3114 4842 salutem.
3162 4785 3483 4851 Quicunque

282 4874 516 4943 χαίρειν.
570 4876 721 4929 Ὀσοι
775 4877 867 4930 τοῦ
935 4882 1244 4947 σοφωτάτου
1298 4882 1435 4934 θεῶν
1496 4884 1694 4951 Ἐρμοῦ
1742 4889 1838 4957 τῆς
1933 4891 1963 4944 d

1794 4891 1838 4957 is
1933 4891 2157 4944 deorum
2246 4881 2629 4953 sapientissimi
2708 4877 2960 4933 Mercurii
3021 4887 3209 4929 curam
3256 4871 3480 4939 geritis.

284 4968 539 5032 προνοίας
574 4968 811 5037 ἐτύχετε,
884 4972 982 5031 τὰς
1010 4971 1189 5033 αἰτίας
1222 4972 1322 5041 τῆς
1360 4975 1611 5040 γνώσεως
1646 4980 1844 5031 ἐπικα-.
1937 4983 1970 5035 il

1797 4997 1844 5031 ι-.
1937 4981 2201 5035 invocatis
2236 4977 2418 5037 Musis,
2445 4989 2564 5041 qua:
2608 4980 2735 5023 sunt
2778 4982 2957 5023 causa:
3007 4964 3356 5036 cognitionis,
3388 4976 3483 5013 ve-

280 5055 571 5125 λεσάμενοι
623 5057 847 5123 μούσας,
894 5059 1077 5113 ἔλθετε
1135 5062 1324 5132 μέχρις
1371 5066 1547 5134 ἡμῶν,
1580 5068 1638 5119 τὸ
1669 5046 1853 5136 φανὲν
1939 5087 1966 5125 n

1793 5046 1853 5123 :v‘
1939 5074 2049 5125 nite
2098 5070 2161 5123 ad
2218 5084 2315 5121 nos
2361 5078 2568 5131 usque,
2628 5058 3040 5129 sapientissimae
3091 5051 3425 5108 muliercula:
3464 5087 3479 5112 ,

276 5148 412 5215 ἡμῖν
444 5149 505 5199 ἐκ
531 5165 672 5208 τινος
695 5149 771 5211 ὡς
802 5150 943 5202 ἔοικε
981 5154 1228 5221 μηχανῆς
1282 5156 1587 5219 σοφώτατον
1616 5160 1833 5225 γύναιον
1935 5177 1962 5231 q

1792 5178 1833 5212 ιν
1935 5177 2053 5231 qua:
2098 5162 2252 5212 nobis
2311 5156 2474 5210 veluti
2514 5170 2579 5208 ex
2632 5153 2861 5222 quadam
2904 5148 3152 5202 machina
3200 5143 3478 5213 apparuit,

281 5237 478 5290 θᾶττον
508 5240 977 5308 ὲπιστομίσοντες,
1011 5243 1083 5311 μὴ
1114 5245 1240 5305 τοὺς
1275 5246 1540 5313 μεγάλους
1588 5249 1835 5315 διακλευο
1928 5270 1967 5308 o:

1790 5272 1835 5301 δ’
1928 5270 1990 5308 os
2012 5250 2365 5309 obs‘ructuri,
2390 5263 2456 5300 ne
2493 5260 2713 5313 magnos
2743 5243 2876 5295 deos
2908 5240 3148 5298 irrideat.
3181 5243 3358 5302 neque
3398 5236 3476 5287 fa-

280 5328 433 5392 άζειν
471 5330 649 5394 θεοὺς,
691 5331 825 5400 μηδὲ
856 5333 1059 5400 μύθους
1090 5336 1157 5387 τὰ
1196 5336 1321 5403 περὶ
1354 5337 1531 5390 αὐτῶν
1559 5340 1829 5406 ἡγεῖσθαι,
1927 5345 1961 5397 b

1793 5359 1829 5405 ι.
1927 5345 2080 5397 bulas
2107 5356 2225 5393 csse
2272 5347 2444 5407 putet,
2494 5351 2613 5403 qum.
2660 5334 2761 5388 sub
2813 5333 2948 5386 falso
2983 5338 3240 5399 teguntur
3273 5326 3472 5394 proba-

278 5421 386 5474 ous
439 5422 649 5490 πιθανῷ
692 5424 770 5493 τῷ
814 5424 999 5492 ψεύδει
1040 5426 1497 5495 καλυπτομένους.
1541 5432 1694 5483 Οὖτω
1725 5433 1830 5504 γάρ
1927 5433 1960 5487 b

1790 5450 1830 5504 ;p
1927 5433 2041 5487 bili.
2090 5431 2177 5484 Sic
2204 5429 2348 5482 enim
2380 5438 2432 5480 et
2461 5425 2689 5494 patriam
2718 5423 3037 5491 sapientiam
3067 5432 3259 5473 omnes
3303 5414 3476 5468 admi-

278 5513 344 5565 ἂν
372 5515 471 5580 τήν
502 5529 561 5564 τε
591 5515 822 5583 πάτριον
858 5515 1011 5585 ὑμῶν
1054 5519 1246 5585 σοφίαν
1292 5519 1488 5580 πάντες
1520 5520 1827 5590 θαυμάσον-
1926 5539 1964 5577 r:

1786 5542 1827 5573 ι·-
1926 5524 2213 5581 rabuntur,
2260 5530 2313 5572 et
2369 5532 2463 5569 nos
2509 5526 2741 5569 vestram
2802 5510 3017 5565 dicendi
3064 5508 3370 5561 facultatem
3420 5513 3472 5557 et

274 5618 383 5659 ται,
423 5607 513 5654 καὶ
554 5606 710 5671 ἡμεῖς
751 5605 846 5676 τὴν
890 5607 1158 5677 ὑμετέραν
1193 5608 1317 5678 περὶ
1360 5610 1419 5661 τὸ
1459 5610 1633 5679 λέγειν
1666 5612 1826 5667 δύνα·
1925 5628 1953 5666 a

1789 5632 1826 5664 ι·
1925 5621 2095 5666 artem
2170 5607 2487 5668 laudantes,
2552 5614 2606 5658 et
2669 5611 2945 5669 acceptam
3027 5598 3319 5655 habentes,
3378 5607 3475 5644 vus

394 5785 540 5837 lla.
581 5801 722 5846 xxix,
763 5787 842 5838 lt.
