4270 6428
875 425 979 484 ξω
2074 411 2357 471 ΜΕΧΞΙΞ
2395 412 2821 473 NOVEMBEIL
3993 411 4111 476 964

873 533 1010 591 lum,
1044 527 1137 580 sed
1164 527 1332 577 forma
1368 521 1502 588 patri
1563 526 1743 572 vestro
1775 518 1986 570 Sumne
2041 518 2246 570 similes
2305 519 2428 572 facti
2461 530 2502 580 Α
2532 539 2558 572 ο

2420 519 2428 570 i
2461 530 2502 580 Α
2532 523 2590 572 οὐ
2627 522 2723 590 τὴν
2756 521 2933 588 ψυχὴν
2968 521 3146 588 μόνον.
3184 521 3318 572 diu
3350 524 3440 571 καὶ
3491 521 3585 588 τὴν
3645 523 3859 589 μορφὴν
3919 524 4106 589 ὅμοιοι

873 620 1024 674 estis.
1059 617 1161 670 Sed
1188 616 1290 668 alia
1329 621 1586 680 przeterea
1642 624 1736 662 vos
1787 609 2130 661 miseriarum
2191 613 2429 665 accessio
2533 628 2559 661 τ

2421 630 2429 661 ι
2533 611 2612 674 τῷ
2670 612 2840 679 πατρὶ
2889 610 3040 676 ὐ;;ὦν
3077 610 3156 679 τῷ
3214 611 3424 678 Σατανᾷ
3481 611 3763 676 γεγόνατε.
3823 609 3990 662 Ἀλλά
4043 627 4107 677 γε

874 717 1072 761 manet.
1106 707 1210 759 Vos
1231 705 1376 758 enim
1403 712 1453 755 et
1489 700 1689 770 posteri
1736 702 1921 761 vestri,
1969 701 2110 752 servi
2141 701 2296 755 eritis
2328 719 2340 761 ;
2375 713 2429 754 et
2530 720 2560 751 π

2417 713 2429 754 t
2530 702 2662 767 πρὸς
2692 701 2864 770 τούτῳ
2890 703 2982 752 καὶ
3007 700 3192 768 ἔτερόν
3223 717 3274 750 τι
3307 702 3370 768 τῇ
3429 700 3556 766 δίκῃ
3600 699 3846 767 μελήσει,
3910 698 4103 750 δοῦλοι

873 807 1137 866 quotquot
1165 797 1268 848 hoc
1297 795 1513 863 nigrore
1540 791 1756 859 sigillati
1793 790 2013 852 Lucrini,
2050 793 2421 859 Agrigentinis
2532 809 2559 858 γ

2416 813 2421 843 ι
2532 798 2641 860 γάρ
2688 792 2781 842 καὶ
2824 793 2980 858 ὑμεῖς
3042 793 3132 842 καὶ
3185 791 3246 842 τὸ
3286 789 3694 859 stippa-iapth
3741 789 3950 850 ἔσεσθε,
4006 792 4102 839 καὶ

870 886 1139 955 episcopis
1161 885 1366 951 absque
1401 881 1666 950 praeﬁnito
1700 889 1944 949 tempore
1970 882 2237 935 servietis.
2271 882 2425 946 Quod
2525 884 2552 934 ὃ

2415 883 2425 935 l
2525 884 2638 934 ὅσοι
2669 881 2733 934 ἂν
2762 882 2903 932 οὕτω
2935 885 3344 949 σεσημασμένοι
3392 881 3650 946 γένωνται
3710 881 3916 934 οἰκέται
3986 883 4101 941 τοῖς

870 981 912 1032 si
941 979 1062 1046 quis
1088 976 1249 1030 vestri
1299 972 1511 1041 generis
1558 974 1789 1041 aliquem
1848 972 2134 1025 sacerdotii
2165 973 2424 1042 dignitate
2529 986 2556 1021 τι

2416 991 2424 1026 ε
2529 970 3034 1038 προχειριζομένοις
3080 969 3509 1037 Ἀκραγαντίνων
3561 968 3877 1030 ἐπισκόποις
3929 969 4102 1037 μέχρι

869 1069 1172 1129 donaverit,
1196 1068 1274 1118 vel
1309 1063 1564 1118 Ecclesia:
1595 1061 1824 1130 quodvis
1851 1077 2048 1115 munus
2069 1063 2423 1117 concredide-
2526 1077 2555 1111 τε

2417 1091 2423 1100 -
2526 1061 2726 1121 παντὸς
2756 1060 2988 1115 ἔσονται.
3036 1059 3133 1120 ’ος
3164 1059 3208 1111 δ’
3246 1059 3311 1112 ἄν
3333 1076 3455 1110 τινα
3495 1058 3589 1110 τοῦ
3626 1059 3812 1125 γένους
3845 1058 4000 1126 ὑμῶν
4023 1061 4103 1110 ἱε-

869 1164 959 1224 rit.
1021 1161 1183 1227 hujus
1221 1167 1383 1226 caput
1418 1157 1523 1212 diis
1573 1154 1762 1207 inferis
1811 1155 2054 1207 dicamus
2081 1169 2142 1207 ac
2190 1155 2422 1208 devove-
2529 1169 2555 1222 ρ

2414 1185 2422 1194 -
2529 1151 2721 1222 ρατίας
2750 1153 2877 1220 ἀξίᾳ
2915 1150 3208 1219 περιϐάλῃ,
3251 1149 3284 1219 ἦ
3325 1150 3770 1218 ὲκκλησιαστηκῇ
3824 1152 4100 1218 πιστεύσῃ

871 1268 1008 1304 mus.
1040 1249 1162 1301 lla-e
1185 1248 1273 1300 ille
1300 1245 1438 1299 haud
1467 1245 1613 1298 serio
1637 1258 1752 1295 mea
1770 1244 2037 1295 sententia
2056 1243 2209 1295 dixit.
2234 1241 2423 1309 Neque
2525 1244 2552 1294 δ

2416 1261 2423 1293 ι
2525 1244 2790 1312 διακονίᾳ,
2827 1242 3016 1295 τοῦτον
3034 1243 3191 1310 ἡμεῖς
3223 1241 3641 1310 ὲκκηρύττομεν
3679 1242 3771 1293 καὶ
3790 1240 4102 1308 ἀναθέματι

864 1345 1013 1394 enim
1051 1343 1132 1392 his
1184 1340 1233 1391 iu
1263 1337 1449 1389 eadem
1491 1349 1649 1387 causa
1681 1335 2100 1401 pronuntiasset,
2134 1347 2254 1384 eum
2285 1333 2422 1386 Gre-
2527 1350 2550 1383 τ

2414 1360 2422 1371 -
2527 1333 2993 1401 παραπέμπομεν.
3023 1331 3209 1394 Οὕτως
3230 1333 3452 1392 ἱκανός
3501 1332 3600 1383 οὐκ
3652 1331 3759 1382 ἀπὸ
3831 1331 4100 1397 σπουδῆς,

865 1435 1051 1502 gorius
1078 1429 1373 1499 przesertim
1407 1442 1512 1480 non
1553 1434 1854 1493 pateretur,
1892 1424 1984 1492 qui
2038 1424 2252 1475 illorum
2303 1423 2420 1475 ani-
2525 1424 2551 1476 d

2416 1451 2420 1461 -
2525 1424 2599 1483 ὡς
2629 1424 2754 1491 ἐμοὶ
2773 1424 2937 1484 δοκεῖ,
2969 1423 3163 1490 λέγων,
3203 1423 3323 1475 οὐδὲ
3365 1423 3473 1492 γὰρ
3515 1422 3582 1475 ἂν
3608 1423 3855 1476 ἀπέδωκε
3887 1424 3969 1484 δὶς
4002 1426 4102 1475 ἐπὶ

865 1541 981 1578 mos
1011 1524 1288 1584 territans,
1335 1517 1714 1586 desperatione
1770 1519 1960 1584 plenos
2012 1515 2420 1567 moderabatur.
2526 1531 2551 1566 τ

2410 1552 2420 1566 .
2526 1514 2588 1566 τὸ
2629 1515 2782 1579 αὐτὸ,
2816 1515 2991 1577 ἄλλως
3019 1532 3079 1567 τε
3123 1515 3210 1567 ὅτε
3239 1515 3372 1584 μηδὲ
3424 1516 3461 1566 Γ
3469 1515 3719 1583 ρηγόριος
3769 1514 4096 1585 συνεχώρει,

866 1616 1052 1681 Neque
1102 1613 1274 1671 enim,
1310 1610 1412 1662 nisi
1451 1610 1634 1662 animo
1685 1610 1757 1661 ita
1785 1607 1964 1660 aﬂ‘ecti
1990 1607 2242 1666 inissent,
2279 1605 2420 1658 baud
2526 1607 2552 1658 ό

2411 1606 2420 1658 |
2526 1605 2663 1658 ἁ).λά
2690 1605 2768 1673 τῷ
2799 1605 2950 1674 φόϐῳ
2973 1607 3284 1658 κατασείων
3307 1606 3486 1658 αὐτῶν
3524 1608 3621 1667 τὰς
3645 1605 3821 1673 ψυχὰς
3844 1608 3935 1656 καὶ
3987 1621 4097 1656 σω-

864 1707 1000 1758 adco
1058 1704 1354 1756 vehemens
1414 1701 1465 1753 in
1541 1714 1636 1752 eos
1680 1699 1772 1752 Dei
1825 1696 2099 1749 iracundia
2153 1696 2420 1748 concitata
2527 1714 2550 1762 ς

2412 1712 2420 1747 ι
2527 1697 2796 1764 φρονίξων
2859 1699 2942 1749 ἑτι
3012 1697 3270 1758 ἀπονοίας
3312 1697 3468 1758 ὄντας
3517 1697 3765 1763 μεστούς.
3804 1698 3937 1749 Οὐδὲ
3985 1700 4098 1764 γὰρ

866 1799 1078 1850 luisset.
1113 1798 1188 1846 Ae
1213 1794 1249 1846 ii
1307 1791 1522 1861 quidem
1549 1791 1614 1844 iis
1637 1791 1727 1857 qui
1758 1797 2024 1856 prmerant
2066 1785 2267 1848 traditi,
2299 1801 2424 1853 pro-
2455 1849 2502 1861 __
2531 1801 2552 1837 ε

2410 1813 2424 1823 -
2455 1849 2502 1861 __
2531 1789 2579 1837 εἰ
2617 1786 2691 1853 μὴ
2715 1787 2806 1838 τὸν
2838 1788 2960 1839 νοῦν
2990 1787 3428 1847 οὓτωδιίκειντο,
3455 1789 3553 1839 οὐκ
3597 1789 3662 1840 ἂν
3695 1789 3890 1849 αὐτοὺς
3917 1789 4096 1846 οὕτως

867 1849 965 1940 culi
991 1849 1023 1938 a
1045 1885 1158 1938 suis
1190 1849 1566 1935 locis'abducti
1593 1849 1772 1932 fuere.-
1797 1880 1864 1928 At
1891 1875 2067 1945 puella
2125 1875 2212 1926 illa
2257 1849 2416 1942 Agri-
2455 1849 2503 1906 Β
2528 1894 2553 1928 ο

2405 1904 2416 1914 -
2455 1849 2503 1906 Β
2528 1849 2699 1947 οὐδὸῆ
2727 1876 2844 1929 θεία
2868 1878 2992 1945 δίκη
3029 1879 3354 1946 μετήρχετο.
3387 1871 3548 1929 Οὗτοι
3588 1878 3685 1946 μὶν
3717 1874 3830 1943 οὖν,
3854 1881 3967 1938 τοῖς
3993 1879 4091 1946 ἆρ-

863 1988 1082 2047 gentum
1113 1975 1385 2027 civitatem
1439 1987 1544 2023 non
1581 1973 1720 2022 ultra
1747 1969 1930 2021 videre
1989 1967 2264 2029 sustinuit,
2317 1966 2420 2021 sed

863 2069 1008 2122 omni
1033 2067 1244 2120 ornatui
1279 2063 1602 2123 valediccns,
1640 2076 1764 2114 cum
1827 2060 1975 2126 prius
2019 2058 2087 2111 ab
2141 2056 2414 2124 episcopis

866 2162 942 2213 uti
974 2176 1068 2229 pro
1095 2175 1149 2211 se
1171 2165 1408 2218 orarent,
1438 2159 1796 2223 impetrasset,
1832 2153 1884 2203 iu
1907 2149 2189 2217 collegium
2219 2147 2415 2202 [λεω-

865 2254 1004 2306 eilia:
1031 2250 1430 2318 e00ptabatur:
1475 2249 1666 2314 inquo
1718 2247 1856 2299 duos
1902 2259 1965 2297 ac
2011 2243 2199 2302 viginti
2248 2257 2416 2295 annos

864 2344 1082 2397 assidue
1117 2360 1179 2395 ae
1204 2342 1548 2395 continenter
1582 2341 1790 2398 vivens,
1817 2335 2212 2388 medicamento
2241 2333 2414 2400 pinni-

868 2435 1068 2493 ιειιιίςε.
1127 2444 1185 2486 ιιι
1212 2433 1442 2484 maxime
1477 2437 1707 2498 poterat,
1737 2426 1948 2494 priores
1970 2424 2257 2494 detergens
2301 2437 2414 2475 ma-

865 2527 1031 2585 aulas,
1060 2525 1124 2576 ad
1167 2525 1441 2575 etelestem
1490 2535 1650 2586 quem
1707 2526 1990 2585 tantopere
2043 2515 2416 2582 concupierat,

865 2625 1160 2670 amatorem
1187 2614 1278 2666 Dei
1311 2613 1638 2680 benignitate
1665 2609 1933 2678 migravit.
1967 2607 2031 2660 Et
2058 2607 2170 2659 ltzec
2194 2606 2412 2673 quidem

868 2707 966 2759 hac
1001 2706 1204 2759 ratione
1231 2704 1377 2755 tiuita
1410 2713 1551 2756 sum.

942 2963 1093 3016 |.Vll.
1123 2963 1323 3016 Deinde
1359 2961 1594 3030 pontifex
1648 2975 1792 3014 max.
1856 2957 2151 3020 mandavit,
2191 2968 2247 3010 ut
2285 2961 2414 3010 Ure-

869 3054 1054 3120 gorius
1087 3051 1338 3118 mysteria
1363 3065 1458 3102 sua
1488 3056 1790 3116 perageret.
1845 3046 1945 3100 Ubi
1984 3047 2073 3113 qui
2105 3047 2414 3098 divinorum

868 3141 1252 3194 sacriﬁciorqu
1309 3139 1600 3206 participes
1626 3137 1800 3199 fuere,
1835 3137 2083 3190 convivio
2107 3138 2172 3188 ab
2225 3137 2413 3190 eodem

869 3230 1134 3298 pontifice
1160 3228 1527 3282 communiter
1563 3237 1692 3279 sunt
1716 3227 1926 3292 excepti
1965 3241 1980 3288 ;
2017 3239 2078 3278 ac
2133 3234 2245 3276 tum
2301 3227 2420 3292 qui-

870 3323 993 3375 dem
1021 3323 1096 3374 sic
1131 3318 1545 3374 comitantibus
1570 3314 1813 3386 pontifex
1848 3315 1981 3369 nihil
2012 3315 2157 3369 aliud
2185 3314 2414 3370 addidit.

869 3410 1134 3465 Ceterum
1180 3409 1440 3480 postridie
1471 3410 1588 3477 ejus
1619 3407 1727 3460 diei
1769 3406 2083 3475 Gregorium
2114 3409 2418 3472 accersivit,

873 3519 934 3555 ae
961 3503 1007 3554 ei
1041 3517 1150 3554 rem
1179 3501 1466 3570 quamdam
1494 3497 1733 3566 exponit,
1761 3511 1881 3564 qua:
1904 3497 2033 3551 solis
2083 3498 2199 3565 ejus
2241 3496 2423 3565 preci-

871 3592 996 3654 bus,
1027 3591 1352 3658 ﬁduciaque.
1377 3604 1482 3657 qua
1534 3589 1586 3640 in
1617 3588 1785 3641 Deum
1855 3588 2089 3654 plurima
2141 3587 2417 3656 ﬂagrabat,

871 3683 1157 3749 indigi-ret.
1192 3680 1248 3733 Id
1298 3687 1476 3732 autem
1511 3679 1612 3731 hoc
1639 3691 1809 3746 genus
1830 3684 1948 3730 erat
1973 3693 1986 3728 :
2011 3676 2178 3745 Ligna
2202 3678 2419 3745 quidam

869 3771 1098 3823 maxima
1132 3772 1186 3821 in
1215 3767 1417 3821 ﬂumen
1445 3766 1686 3830 immisit,
1717 3774 1774 3818 ut
1814 3778 2150 3818 summorum
2204 3775 2420 3834 aposto-

867 3863 1043 3915 lorum
1089 3860 1286 3926 templo
1330 3857 1542 3911 ornatui
1573 3857 1731 3909 simul
1756 3870 1818 3909 ac
1862 3856 2140 3909 securitati
2194 3866 2394 3910 essent.

873 3951 996 4002 ILec
1033 3964 1161 4001 vero
1187 3949 1256 3999 ita
1285 3948 1502 4015 oblique
1523 3948 1872 4008 circumacta,
1915 3960 1978 3998 ac
2001 3947 2255 4012 utrinque
2278 3949 2420 4014 ripas

871 4041 1150 4108 complexa
1183 4047 1331 4099 sunt,
1362 4045 1420 4089 ut
1473 4035 1638 4088 nullis
1685 4035 1853 4087 clavis
1899 4034 1998 4086 ﬂxa
2031 4044 2147 4086 .aut
2201 4033 2418 4088 suﬂulta

871 4140 1072 4191 essent,
1121 4139 1234 4182 uta
1309 4127 1547 4188 nemine,
1595 4127 1841 4194 quamvis
1896 4125 2188 4177 multorum
2224 4126 2420 4193 saepius

871 4218 1120 4271 manibus
1177 4217 1374 4270 acriter
1424 4224 1749 4286 pertentata,
1802 4214 2064 4266 dimoveri
2120 4215 2412 4282 potuerint.

871 4307 976 4360 Sed
1007 4320 1180 4373 neque
1206 4306 1476 4374 navigium
1505 4304 1744 4372 aliquod,
1771 4312 1865 4355 aut
1888 4305 2161 4357 mercibus
2181 4314 2274 4357 aut
2296 4306 2417 4358 aliis

872 4398 1059 4451 usibus
1085 4396 1576 4457 accommodatum,
1608 4409 1822 4448 sursum
1856 4403 1948 4446 aut
1985 4394 2232 4447 deorsum
2270 4398 2418 4448 navi-

2529 1985 2682 2036 χιρυσι
2709 1969 3126 2037 παραδοθέντες,
3147 1972 3265 2030 ταῖς
3294 1968 3452 2030 ίδίσις
3491 1969 3691 2031 οίκίαις
3713 1971 4095 2033 ἀποκατέστη-

2529 2073 2649 2111 σαν.
2694 2059 2758 2110 Ἦ
2787 2059 2845 2110 δέ
2876 2074 2938 2123 γε
2973 2059 3105 2127 κόρη
3136 2057 3339 2127 ἐκείνη,
3367 2059 3464 2128 τὴν
3521 2058 3618 2127 μὲν
3653 2059 4096 2127 ’Δκραγαντίνωι

2531 2148 2685 2200 πόλιν
2733 2147 2853 2201 οὐδὲ
2910 2148 3038 2200 ίόεῖν
3083 2149 3400 2218 ὐπέμεινειν
3454 2150 3554 2201 ἔτι·
3599 2149 3785 2218 κόσμῳ
3836 2148 3894 2201 δὲ
3927 2149 4094 2199 πανιὶ

2530 2239 2918 2310 ἀποταξαμένη
2951 2242 3044 2291 καὶ
3076 2240 3232 2309 παρὰ
3261 2239 3368 2292 τῶν
3403 2241 3718 2291 επισκόπων
3752 2239 3940 2290 αὐτόθι
3981 2238 4094 2289 τῶν

2530 2330 2777 2399 συνήθων
2835 2333 3126 2396 ἀξιωθεῖσα
3166 2331 3365 2400 εὐχῶν,
3388 2333 3445 2383 tv
3481 2333 3547 2401 τῇ
3595 2334 3730 2401 μονῇ
3774 2331 3872 2399 τῆς
3925 2332 4091 2397 ἁγῖας

2530 2417 2798 2485 Κηκιλίας
2832 2419 3064 2486 φιλοθέῳ
3103 2419 3350 2488 λογισμῷ
3386 2421 3653 2487 κείρεται,
3703 2423 3761 2471 ὲν
3855 2421 3948 2471 δύο
3996 2425 4091 2471 καὶ

2526 2509 2730 2559 είκοσιν
2769 2508 2861 2572 ἔτη
2897 2510 3034 2561 πάνυ
3067 2509 3352 2578 προσεχῶς
3381 2527 3438 2562 τε
3462 2513 3556 2563 καὶ
3591 2512 3879 2580 εγκρατὼς
3913 2510 4088 2579 ζήσα-

2531 2617 2618 2661 σα,
2661 2601 2756 2651 καὶ
2791 2601 3028 2669 ὑσσώπῳ
3056 2602 3341 2669 μετανοίας
3371 2602 3443 2663 ὠς
3465 2597 3576 2654 οἷόν
3605 2619 3663 2655 τε
3691 2603 3787 2665 τὰς
3812 2603 4088 2671 προτέρας

2531 2690 2752 2758 κηλῖδας
2787 2692 3206 2759 ἁποκαθάρασα,
3260 2693 3396 2760 πρὸς
3447 2693 3505 2743 ὃν
3551 2693 3778 2762 ἔσχατον
3848 2693 4086 2760 ἐπόθησε

2529 2779 2768 2847 ἐραστὴν
2799 2780 3064 2847 θεοφιλῶς
3105 2780 3460 2851 ὲξεδήμησεν.
3503 2782 3610 2835 Καὶ
3640 2781 3814 2835 ταῦτα
3842 2783 3940 2851 μὲν
3960 2784 4090 2834 τοῦ·

2528 2883 2617 2919 τον
2646 2868 2770 2936 ἔσχε
2799 2869 2890 2923 τὸν
2920 2870 3138 2939 τρόπον.

2601 2958 2722 3010 ΝΖ’.
2755 2960 2833 3028 Τῇ
2865 2960 2920 3009 δὲ
2951 2960 3075 3028 ἑξῆς
3103 2963 3130 3012 ό
3176 2961 3402 3023 πάππας
3453 2962 3735 3029 ἐπιτρέπει
3763 2963 3839 3034 τῷ
3874 2965 4085 3032 Γρηγο-

2537 3049 2635 3115 ρέῳ
2665 3049 2762 3115 τὴν
2802 3050 2956 3116 ίερὰν
2985 3050 3262 3104 ἐκτελέσαι
3308 3054 3721 3120 μυσταγωγίαν,
3790 3055 3847 3105 εν
3977 3057 4088 3106 τῶν

2528 3137 2688 3189 θείων
2722 3140 3034 3208 μυστηρίων
3062 3141 3455 3208 μεταλαϐόντες
3487 3144 3584 3195 καὶ
3609 3143 3796 3211 κοινῆς
3837 3149 4087 3212 μετεῖχον

2523 3229 2822 3296 τραπέζης.
2855 3232 2958 3282 Καὶ
2985 3231 3048 3282 τό
3085 3248 3144 3282 τε
3174 3232 3274 3299 μὲν
3295 3231 3466 3294 οὕτως
3502 3235 3898 3302 εὐωχουμένοις
3930 3235 4086 3288 οὐδὲν

2525 3315 2711 3384 ιτερον
2741 3320 2768 3367 ό
2800 3317 3030 3378 πάππας
3061 3318 3410 3387 προστίθησι·
3437 3323 3502 3389 τῇ
3537 3321 3593 3372 δὲ
3621 3321 3883 3389 ὑστεραία
3910 3338 4082 3388 μετα-

2525 3407 2881 3477 πεμψάμενος
2904 3407 2996 3458 τὸν
3030 3407 3328 3476 Γρηγόριον
3357 3412 3590 3478 πρᾶγμά
3619 3427 3672 3462 τι
3705 3409 3853 3478 αὐτῷ
3872 3411 4083 3478 διηγεῖ-

2524 3512 2636 3560 ται,
2663 3497 2838 3565 μόνων
2875 3497 2982 3549 τῶν
3022 3497 3232 3551 ἐκείνου
3283 3499 3602 3569 προσευχῶν
3637 3502 3734 3551 καὶ
3784 3499 3881 3569 τῆς
3943 3500 4084 3568 πρὸς

2523 3587 2659 3639 Θεὸν
2688 3588 2998 3658 παρρησίας
3024 3590 3218 3657 κομιδῆ
3241 3589 3515 3657 δεόμενον
3557 3590 3618 3641 τὸ
3650 3589 3705 3642 δὲ
3740 3584 3812 3658 ἦν
3855 3590 4079 3641 τοιόνδε·

2527 3677 2662 3740 ξύλα
2682 3695 2766 3742 τις
2800 3682 3031 3748 μέγιστα
3062 3680 3328 3748 διαφῆκεν
3360 3681 3418 3730 ἐν
3467 3680 3544 3748 τῷ
3585 3680 3815 3750 ποταμῷ
3865 3683 3943 3743 είς
3985 3681 4080 3730 κό-

2526 3786 2658 3838 σμον
2693 3771 2809 3838 ἅμα
2838 3771 2936 3821 καὶ
2967 3771 3268 3837 ἀσφάλειαν
3298 3771 3437 3823 αὐτά
3475 3771 3699 3839 πέμψας
3745 3770 3822 3838 τῷ
3847 3770 3954 3820 τῶν
3989 3787 4080 3820 κο-

2526 3859 2768 3926 ρυφαίων
2784 3859 2915 3929 ναῷ⁶
2935 3859 3002 3912 τὰ
3020 3861 3075 3913 δὲ
3097 3859 3238 3913 οὓτω
3258 3863 3416 3929 τυχὸν
3439 3861 3641 3929 πλάγια
3661 3863 4080 3931 περιενεχθέντα

2522 3952 2616 4002 καὶ
2641 3951 2906 4020 ἑκατέρας
2940 3952 3037 4012 τὰς
3069 3951 3236 4018 δχθας
3289 3951 3651 4004 διαλαϐόντων
3698 3952 3828 4006 ἄνευ
3879 3953 4078 4022 δεσμοῦ

2521 4039 2791 4108 ἐρήρειτο.
2847 4039 3032 4091 Ταῦτα
3081 4042 3177 4109 οὐχ
3217 4042 3341 4092 ὅσον
3384 4043 3814 4112 μετακινηθῆναι
3851 4043 4078 4106 πολλαῖς

2521 4129 2778 4190 πολλάκις
2804 4129 3136 4198 βιαζομένων
3167 4131 3349 4198 χερσὶν
3381 4131 3629 4199 οὐδαμῶς
3651 4132 3932 4200 ἠδύναντο,
3959 4135 4076 4187 ἀλλ»

2517 4216 2639 4269 οὔτε
2656 4235 2708 4270 τι
2730 4218 2836 4270 τῶν
2853 4222 2970 4270 κατ’
2988 4220 3256 4288 ἐμπορίαν
3276 4221 3521 4291 πλοίωνῆ
3542 4221 3706 4292 ἄλλην
3725 4226 3846 4277 τινὰ
3870 4228 4074 4294 χρείαν,

2519 4307 2643 4360 οὔτε
2667 4309 2933 4361 είσπλέειν
2952 4307 3071 4361 οὔτε
3094 4311 3192 4376 μὲν
3209 4311 3456 4363 ἐκπλέειν
3471 4313 3537 4363 δι’
3550 4315 3724 4366 αὐτῶν
3741 4315 3922 4384 ἴσχυον
3937 4317 4075 4369 ὥστε

2518 4401 2578 4451 οὐ
2612 4400 2816 4467 μικρὰν
2835 4400 2972 4451 αὐτὰ
3016 4401 3298 4470 συμφορὰν
3321 4403 3367 4454 οἱ
3394 4403 3491 4472 τῆς
3534 4403 3736 4466 πόλεως
3775 4408 4072 4464 ἐποιοῦντο.

871 4503 997 4556 gare
1031 4485 1118 4539 bis
1142 4486 1394 4539 obicibus
1445 4494 1658 4553 poterat
1693 4503 1704 4546 ;
1747 4483 1952 4538 idcirco
2003 4499 2106 4537 non
2161 4486 2414 4554 exiguum
2445 4493 2497 4551 D
2525 4493 2549 4540 Ἰ

2389 4502 2414 4538 n
2445 4493 2497 4551 Ι)
2525 4490 2691 4542 Ἰοὖτο
2712 4489 2804 4542 οὖν
2822 4492 2849 4542 δ
2875 4492 3100 4553 πάππας
3112 4493 3255 4561 αὐτῷ
3277 4493 3510 4562 διηγεῖτο
3530 4497 3800 4550 καὶδεῐται
3817 4517 3928 4568 παρ
3944 4507 3964 4549 ὶ
3983 4504 4029 4552 τ’
4049 4521 4075 4552 ν

875 4575 964 4627 illa
998 4575 1202 4628 civitati
1227 4575 1612 4628 d-:trin:entum
1649 4573 1972 4627 inferebant.
2004 4574 2114 4628 Hoc
2145 4574 2306 4644 igitur
2341 4576 2416 4629 illi

875 4667 1110 4732 pontifex
1163 4674 1402 4725 enarrat,
1465 4674 1724 4732 rogatque
1765 4677 1884 4717 sese
1903 4673 1962 4717 ut
1981 4663 2046 4716 ad
2077 4664 2253 4716 locum
2283 4680 2419 4717 reet-

875 4754 1005 4820 piat,
1043 4752 1318 4806 communi
1350 4751 1402 4803 iu
1438 4752 1605 4805 Deum
1653 4750 1850 4804 ﬁducia
1885 4752 2138 4805 omnibus
2196 4761 2416 4806 conten-

874 4847 1146 4905 dentibus,
1177 4854 1237 4896 ut
1279 4853 1334 4896 et
1393 4843 1438 4896 is
1490 4850 1672 4910 optata
1725 4842 2030 4910 perliceret.
2059 4843 2220 4896 Facto
2256 4845 2419 4912 igitur

874 4939 1047 5006 signo,
1069 4937 1318 4989 universa
1339 4936 1550 4993 civitas.
1577 4933 1822 4986 monachi
1852 4933 2011 4986 simul
2032 4945 2088 4987 et
2115 4937 2423 4988 sacerdotes

875 5028 1237 5092 conﬂuebant,
1280 5043 1340 5081 ac
1381 5026 1625 5096 speciosa
1660 5041 1852 5094 pompa
1915 5028 2423 5096 supplicationeque

878 5117 942 5170 ad
967 5118 1162 5170 ﬂumen
1185 5117 1603 5171 descenderunt.
1627 5115 2058 5170 Procedentibus
2079 5128 2259 5171 autem
2293 5118 2418 5179 illis,

879 5208 1072 5262 mulier
1113 5209 1354 5275 quiedam
1383 5208 1434 5260 in
1473 5209 1555 5260 via
1617 5207 1791 5276 ignem
1846 5208 2132 5262 accendit:
2163 5209 2227 5261 ad
2260 5225 2421 5276 quam

881 5303 963 5355 vir
993 5311 1214 5356 sanctus
1249 5301 1526 5369 paululum
1564 5316 1621 5354 se
1656 5301 1949 5363 inclinans,
1991 5302 2126 5354 tradi
2157 5303 2259 5354 sibi
2297 5317 2424 5370 pru-

881 5409 1002 5448 nam
1037 5393 1345 5463 imperavit.
1374 5394 1464 5444 Illa
1494 5393 1596 5460 (ad
1627 5395 1744 5462 ejus
1770 5394 1914 5446 enim
1938 5392 2105 5445 solius
2141 5393 2424 5460 imperium

881 5483 1219 5550 attendebat)
1248 5485 1493 5551 protinus
1541 5481 1781 5535 tradidit.
1821 5481 1895 5534 At:
1945 5482 2033 5535 ille
2093 5481 2146 5533 in
2181 5481 2422 5548 pallium.

878 5591 985 5643 quo
1018 5584 1134 5629 erat
1168 5576 1405 5638 indutus,
1436 5578 1697 5626 carbones
1723 5572 1963 5636 immisit,
1989 5575 2190 5641 quibus
2229 5573 2425 5625 deinde

881 5667 1004 5717 thus
1030 5665 1308 5732 imposuit.
1340 5666 1501 5717 Acilii
1543 5664 1801 5730 deinceps
1831 5663 1973 5716 thuri
2028 5662 2283 5730 impositi,
2333 5663 2426 5716 ad-

883 5756 1197 5808 mirabiliter
1242 5756 1502 5810 earbones
1531 5757 1741 5810 accensi
1775 5765 1948 5823 erant,
1986 5754 2160 5824 ipsum
2209 5753 2425 5808 adolen-

2520 4581 2682 4632 τόπον
2697 4579 2964 4646 γενέσθαι,
2982 4584 3132 4650 κοινῇ
3150 4598 3208 4633 τε
3225 4584 3356 4636 πᾶσι
3371 4585 3462 4636 τοῦ
3476 4585 3608 4637 Θεοῦ
3626 4588 3749 4656 περὶ
3771 4590 3950 4642 αὐτῶν
3963 4590 4077 4642 δετ-

2524 4675 2700 4742 μένοις
2723 4673 3076 4726 συλλαϐέσθαι
3095 4675 3188 4727 καὶ
3211 4678 3373 4729 αὐτὸν
3387 4678 3480 4746 τῆς
3505 4680 3689 4749 εὐχῆς.
3711 4682 4076 4750 Κρουσθιντος

2519 4761 2799 4813 τοίνυντοῦ
2818 4761 3046 4831 ξύλου,ἠ
3063 4779 3123 4814 τε
3149 4765 3298 4825 πόλις
3327 4767 3473 4817 πᾶσα
3499 4770 3812 4835 συνήγοντο,
3857 4775 4075 4838 μοναχοί

2520 4868 2574 4903 τε
2600 4854 2691 4902 καὶ
2715 4854 2878 4921 ἱερεῖς
2895 4851 2990 4904 καὶ
3008 4853 3111 4904 ὐπὸ
3121 4854 3348 4924 λαμπρᾷ
3361 4858 3423 4924 τῇ
3448 4860 3638 4926 πομπῇ
3655 4860 3748 4910 καὶ
3762 4859 3968 4930 λιτανίᾳ
3985 4864 4075 4914 επὶ

2523 4941 2611 4990 τὸν
2641 4941 2880 5007 ποταμὸν
2903 4940 3195 5009 κατῄεσαν.
3225 4944 3594 5010 Διερχομίνων
3607 4944 3663 4995 δι
3683 4946 3818 5015 γυνή
3840 4963 3924 5008 τις
3971 4949 4073 5000 ἀνὰ

2522 5037 2620 5104 τὴν
2648 5036 2763 5087 ὁδὸν
2797 5037 2903 5104 πῦρ
2933 5037 3136 5088 ἔκαιεν.
3182 5037 3465 5099 Ἐκκλίνας
3505 5039 3561 5091 δὲ
3615 5041 3808 5108 μικρὸν
3843 5043 3869 5091 ό
3919 5041 4072 5108 ἅγιος

2526 5127 2657 5193 πρὸς
2693 5126 2862 5194 αὐτὴν
2893 5125 3167 5178 ἐπιδοῦναί
3193 5130 3242 5179 οἱ
3275 5128 3575 5198 ἀνθρακιὰν
3609 5131 3879 5183 ἐκέλευεν·
3931 5133 3962 5200 ἡ
3993 5135 4070 5196 δὲ,

2529 5215 2663 5280 πρὸς
2703 5215 2864 5280 μόνον
2895 5214 3002 5283 γὰρ
3026 5214 3169 5284 ἑώρα
3198 5217 3258 5268 τὸ
3287 5218 3639 5286 κελευόμενον
3661 5257 3674 5279 ,
3701 5219 3863 5282 εὐθὺς
3894 5220 4072 5272 mea-

2526 5304 2638 5357 δου.
2678 5305 2784 5355 Καὶ
2805 5303 2861 5365 δς
2885 5308 2963 5364 είς
2995 5305 3084 5356 τὸν
3130 5307 3369 5373 μανδύαν
3400 5308 3568 5376 ὅνπερ
3618 5309 3888 5378 ἠμφίεστο
3948 5312 4072 5370 τοὺς

2525 5394 2799 5462 ἄνθρακας
2829 5394 3127 5446 ἐπετίθετο·
3178 5394 3296 5447 εἶτα
3329 5396 3618 5448 λιϐανωτὸν
3664 5401 3844 5459 αὐτοῖς
3900 5400 4070 5449 ὲπιτίο

2529 5484 2673 5551 θησι.
2708 5484 2964 5534 Κάκεῖνοι
2995 5485 3175 5535 λοιπὸν
3237 5486 3573 5553 παριδόξως,
3639 5489 3772 5556 πρὸς
3833 5489 3930 5556 μὲν
3985 5492 4072 5540 τὸν

2531 5574 2828 5626 λιϐανωτὸν
2856 5575 3124 5643 ἄνθρακες
3187 5572 3326 5644 ἦσαν
3357 5578 3606 5638 καίοντες
3658 5578 3822 5629 αὐτὸν
3878 5580 3969 5629 καὶ
3996 5582 4071 5641 εἰς

2529 5663 2745 5714 κατινὸν
2775 5661 3099 5725 διαλύοντες,
3128 5664 3262 5731 πρὸς
3319 5664 3373 5714 δέ
3421 5681 3479 5730 γε
3536 5664 3633 5734 τὴν
3679 5665 3829 5733 ἱερὰν
3884 5665 4072 5735 στολὴν

2528 5751 2848 5820 ψυχρότεροι
2879 5751 3042 5805 λίθων
3092 5755 3356 5822 ἑωρῶντο.
3397 5754 3575 5806 Ταῦτα
3619 5757 3666 5808 oi
3738 5757 3898 5823 ίερεῖς
3929 5763 4015 5809 καί
4046 5759 4073 5811 ὁ
