4270 6428
293 385 400 449 265

1277 378 1451 437 νιτΑ
1494 377 1553 435 S.
1595 373 1973 434 GREGORH
2018 371 2546 432 AGIUGENTINI.

3409 372 3515 434 2&6

292 493 475 553 λοιπὸς
511 490 777 558 οεὼμενοι
812 488 988 557 ὀχλος,
1025 488 1177 539 οὐδὲν
1207 486 1432 554 Ετιπερὶ
1501 483 1607 534 τῶν
1671 481 1841 544 ξύλων
1876 492 1917 544 Α
1948 490 1978 533 ιι

1824 500 1841 532 ν
1876 492 1917 544 Α
1948 490 2049 543 tes,
2094 496 2155 533 ae
2192 482 2243 532 in
2291 481 2495 536 fumum
2558 488 2828 533 vertentes
2867 496 2879 543 ;
2923 478 2974 530 in
3017 494 3167 531 saera
3201 496 3328 531 vero
3364 492 3510 533 veste

294 580 689 643 έπιδοιαζοντες
718 574 877 647 ἦσαν,
909 576 1087 638 καλῶς
1138 576 1336 637 εἰδότες
1388 575 1462 636 ὡς
1489 577 1516 625 ὃ
1559 590 1620 640 γε
1680 573 1851 641 πυρις

297 672 459 738 φύσιν
483 672 615 739 ῥᾷον
658 670 972 737 μεταποιεῖν
1011 667 1214 728 ἱκανὸς,
1257 658 1413 727 οὗτος
1465 664 1530 733 δὴ
1579 664 1669 714 καὶ
1723 662 1852 725 ξύλα

292 763 434 815 κατὰ
467 758 1067 827 φύσινκινεῖηάτεχνῶς
1089 755 1445 816 ἱκανώτατος.
1490 753 1726 821 Ἀμέλει,
1764 739 1861 803 καί

296 852 450 920 παρὰ
470 850 560 903 τὸν
583 850 746 901 τόπον
776 849 1079 916 γενόμενοι,
1118 847 1178 899 οὐ
1199 846 1385 914 κοινῆς
1414 844 1475 895 τὸ
1510 844 1740 910 πρᾶγμα
1758 841 1853 907 τῆς

298 944 435 1013 πρὸς
462 944 596 1003 Θεὲν
633 940 893 1003 ἱκετείας,
926 939 1064 992 ἀλλὰ
1095 940 1221 1008 μιᾶς
1263 938 1360 1006 τῆς
1410 934 1620 987 ἐκείνου
1651 934 1855 992 πάντες

299 1035 557 1102 εἰρήκασι
589 1031 823 1085 δεῖσθαι.
857 1030 983 1092 Θεὶς
1030 1028 1122 1082 οὖν
1167 1029 1233 1081 τὰ
1288 1027 1489 1094 γόνατα
1549 1022 1856 1094 προσευχὴν

300 1124 684 1187 κατετείνετο,
719 1117 837 1173 εἶτα
857 1120 1152 1181 διαναστὰς
1190 1121 1285 1171 καὶ
1342 1116 1741 1186 περιθυμιάσας
1791 1116 1857 1167 τὰ

300 1213 456 1277 ξύλα,
482 1213 690 1264 κελεύει
720 1214 830 1273 τοῖς
866 1210 1135 1279 παροῦσιν
1165 1209 1397 1261 έλκύειν.
1426 1206 1586 1271 Οίδὲ,
1613 1206 1711 1268 τὰς
1744 1208 1857 1273 χεῖ-

308 1321 409 1374 ρας
450 1305 828 1366 ἐπιϐαλόντες,
862 1303 1041 1354 οὐκέτι
1070 1300 1163 1353 τοῦ
1217 1302 1345 1367 πρὶν
1411 1300 1618 1367 εἴχοντο
1676 1298 1859 1361 πόνου,

303 1395 440 1446 ἀλλὰ
470 1398 686 1463 πτεροῖς
724 1395 923 1463 ὁμοίως
946 1393 1013 1445 τὰ
1047 1392 1177 1456 ξύλα
1210 1391 1406 1461 ῥᾳδίως
1442 1389 1699 1440 εἷλκοντο.
1723 1386 1863 1439 Ἐνε-

301 1486 611 1537 κεκόλαπτο
654 1484 709 1536 δὲ
755 1486 936 1545 αὐτοῖς
975 1486 1069 1534 καὶ
1093 1484 1413 1551 γράμματα,
1468 1480 1612 1549 ειπερ
1660 1479 1858 1545 ελεγον,

299 1575 369 1627 τὰ
399 1578 500 1641 μὲν
545 1576 707 1627 πέντε
738 1574 819 1640 τῷ
867 1574 1153 1641 κορυφαίῳ
1200 1569 1446 1625 ἀνεῖσθαι
1480 1571 1689 1639 ιιέτρῳ,
1715 1569 1779 1620 τὰ
1806 1567 1861 1619 δὲ

298 1668 435 1720 ἄλλα
462 1671 621 1720 πέντε
660 1669 854 1734 Παύλῳ
883 1668 960 1735 τῷ
993 1663 1175 1717 σκεύει
1198 1664 1299 1732 τῆς
1331 1663 1580 1731 εκλογῆς.

303 1760 585 1821 haberent,
629 1758 785 1812 facile
827 1757 1203 1811 trahebantur.
1258 1756 1478 1809 Littera:
1556 1764 1735 1809 autem
1780 1753 1887 1806 illis
1930 1753 2213 1823 insculpta:
2244 1765 2473 1824 reperta:
2531 1766 2678 1820 sunt,

1953 571 2259 640 frigidiores
2284 571 2552 639 lapidibus
2594 570 2976 625 cernebantur.
3010 568 3129 622 llaec
3155 585 3275 621 enm
3338 586 3513 623 sacer-

1954 660 2109 715 dotes
2159 676 2221 713 ac
2251 662 2453 729 reliqua
2482 663 2637 714 turba
2707 661 2955 721 vidisset,
3016 676 3120 713 non
3167 661 3399 728 amplius
3446 662 3513 714 de

1952 753 2112 821 lignis
2142 751 2437 820 quidquam
2460 753 2830 820 ambigebant,
2874 753 3041 818 probe
3097 752 3330 804 scientes
3356 768 3505 813 cum,

1952 845 2042 911 qui
2073 854 2320 896 naturam
2354 845 2490 911 ignis
2526 855 2630 895 tam
2666 844 2819 896 facile
2871 854 3176 911 permutare
3226 846 3513 911 potuisset,

1955 936 2126 989 multo
2155 936 2323 1004 magis
2354 947 2499 990 certe
2526 937 2668 1004 ligna
2696 938 2844 1003 juxta
2878 949 3125 990 naturam
3156 939 3305 990 nullo
3330 938 3514 991 labore

1954 1041 2113 1096 posse
2138 1042 2474 1096 permovere.
2523 1028 2748 1081 Demum
2798 1029 2888 1081 ubi
2942 1028 3007 1080 ad
3070 1030 3249 1083 locum
3288 1040 3509 1083 ventum

1953 1126 2058 1181 est,
2087 1134 2193 1172 non
2218 1119 2321 1172 hoc
2353 1134 2699 1174 communem
2752 1120 2991 1172 omnium
3021 1136 3145 1189 erga
3186 1123 3351 1176 Deum
3382 1138 3513 1190 sup-

1956 1210 2301 1278 plicationem
2331 1225 2653 1278 exposcere,
2715 1210 2808 1264 sed
2862 1213 2981 1279 ejus
3036 1214 3197 1266 unius
3261 1216 3515 1280 precibus

1959 1301 2201 1366 indigere
2259 1302 2438 1356 cuncti
2493 1301 2771 1355 dixerunt.
2810 1302 2989 1367 Quare
3050 1307 3238 1372 positis
3283 1306 3514 1373 genibus

1954 1393 2151 1446 oravit.
2183 1393 2300 1446 Mox
2328 1410 2449 1448 cum
2481 1395 2825 1457 surrexisset,
2877 1395 3036 1464 lignis
3070 1398 3226 1451 thure
3289 1386 3509 1457 sumtis,

1970 1482 2118 1536 trahi
2154 1484 2240 1536 illa
2290 1484 2646 1552 presentibus
2699 1487 2933 1538 mandat.
2970 1486 3070 1550 Qui
3106 1488 3318 1553 injectis
3349 1490 3523 1540 maui-

1961 1574 2084 1637 bus,
2111 1589 2234 1628 cum
2258 1590 2367 1641 quo
2388 1584 2542 1629 antea
2574 1576 2959 1643 premebantur
2983 1591 3087 1629 non
3116 1578 3349 1645 amplius
3374 1578 3522 1630 labo-

1962 1680 2075 1717 rem
2102 1666 2433 1719 sentiebant.
2463 1666 2593 1718 Nam
2630 1666 2773 1734 ligna
2806 1667 2940 1734 ipsa,
2976 1667 3202 1734 perinde
3239 1684 3303 1721 ac
3339 1669 3382 1720 si
3408 1668 3523 1721 alas

2761 1772 2881 1823 qua:
2948 1757 3212 1821 dicerent,
3280 1758 3525 1825 quinque

301 1850 521 1920 quidem
546 1851 703 1902 l’etru
734 1864 946 1901 summo
978 1847 1245 1915 apostolo,
1272 1847 1478 1914 reliqua
1515 1861 1646 1898 vero
1683 1842 1925 1913 quinque
1956 1842 2145 1906 Paulo,
2170 1860 2373 1913 organo
2397 1846 2775 1908 selectissimo,
2801 1859 2917 1899 esse
2942 1846 3149 1899 relicta.

375 1941 505 1996 ΜΓ.
546 1940 762 1991 Τούτων
792 1940 885 1992 οὖν
936 1940 1238 2007 γεγονότων
1302 1939 1392 1989 καί
1442 1940 1616 2007 χαρᾶς
1648 1937 1854 2004 ἀφάτου
1898 1937 1939 1991 Β
2033 1936 2061 1990 ι

1836 1953 1854 1986 δ
1898 1937 1939 1991 Β
2033 1936 2210 1991 LVIII.
2244 1936 2334 1991 llis
2367 1938 2622 2006 peractis,
2660 1939 2938 2004 ltomaque
2964 1938 3272 1994 admirabili
3303 1944 3522 2010 perfusa

303 2036 401 2103 τὴν
442 2032 656 2097 Ῥώμην
677 2029 1103 2099 διαδραμούσης,
1131 2030 1327 2095 συνῆγε
1377 2027 1537 2078 πάλιν
1565 2026 1590 2075 ό
1627 2026 1855 2085 nam;

304 2132 386 2190 τὶ..
431 2120 670 2181 σύνοδον,
704 2120 795 2170 καὶ
847 2121 973 2179 τοὺς
1028 2116 1282 2178 Σικελοὺς
1347 2114 1858 2185 προσκαλεσάμενος

307 2217 574 2272 ἅπαντας,
606 2210 940 2277 ἐνδοξότερον
979 2208 1011 2276 ἢ
1046 2208 1246 2274 προτοῦ
1285 2206 1374 2258 τὸν
1406 2205 1554 2274 ίερέα
1591 2204 1679 2255 τὸν
1733 2204 1863 2254 ἑαυ-

307 2303 415 2354 τῶν
451 2301 722 2364 ἀπεδίδου,
753 2300 845 2351 τὸν
874 2299 1018 2350 Οείον
1046 2297 1247 2367 δηλαδὴ
1278 2295 1595 2365 Γρηγόρσον.
1629 2294 1781 2346 Ἐπεὶ
1808 2293 1862 2344 δὲ

313 2396 408 2447 καὶ
468 2394 699 2446 Λεύκιον
753 2393 932 2442 ἐκεῖσε
987 2391 1191 2454 διάγειν
1248 2389 1469 2456 έμαοον,
1528 2388 1708 2454 παρῆν
1760 2386 1868 2452 γὰρ

312 2487 435 2545 τοὺς
464 2483 806 2549 συκοφάντας
839 2482 1210 2550 ίπιρρωννὺς,
1275 2480 1366 2530 καὶ
1419 2477 1608 2530 καοὸτι
1653 2477 1868 2527 δύναιτο

311 2574 643 2641 έπαλείφων,
672 2573 859 2624 τοῦτον
902 2572 998 2639 μὲν
1029 2572 1109 2632 είς
1150 2568 1422 2622 Ἱσπανίαν
1466 2570 1686 2636 φεύγειν
1733 2583 1865 2619 κατ-

316 2663 667 2733 εψηφίσαντο,
704 2662 761 2713 τὸ
794 2661 851 2712 δέ
888 2677 951 2726 γε
986 2661 1043 2711 ὲν
1082 2659 1405 2726 Ἀκράγαντι
1427 2658 1570 2727 ίερὸν
1598 2662 1682 2711 καί
1710 2658 1870 2709 αὐτὸν

316 2753 379 2822 δὴ
402 2756 491 2805 τὸν
516 2754 810 2805 ἐπίσκοπον
858 2748 1091 2819 ἀλλαχοῦ
1116 2748 1561 2820 μεθιδρύσασθαι’
1587 2750 1744 2799 τοῦτο
1764 2748 1869 2817 γὰρ

317 2841 470 2907 ἠξίου
496 2844 635 2892 καὶὸ
664 2840 803 2900 Bero;
835 2840 1153 2909 Γρηγόριος,
1199 2838 1383 2906 μαθὼν
1443 2840 1523 2890 ὅτι
1561 2856 1617 2889 τε
1666 2840 1736 2904 τὸ,
1783 2840 1874 2889 Uu-

325 2934 641 3001 σιαστήριον
677 2928 829 2991 οἶτος
855 2933 881 2981 ό
906 2929 1105 2998 ἐναγὴς
1129 2930 1461 2998 κατέστρεψε
1488 2930 1738 2991 Λεύκιος,
1780 2932 1875 2981 καὶ

323 3022 391 3073 τὰ
407 3024 578 3073 έκεῖσε
612 3020 717 3071 τῶν
742 3021 914 3087 ἁγίων
947 3019 1171 3085 λείψανα
1202 3019 1279 3087 τῷ
1304 3019 1449 3088 βυθῷ
1472 3020 1871 3088 παραδέδωκεν.

323 3113 509 3173 οὕτως
536 3107 629 3163 οὖν
672 3112 737 3164 τὰ
782 3112 880 3183 τῆς
929 3110 1232 3178 ἐπισκοπῆς
1259 3109 1625 3178 διῳκονόμησε
1675 3109 1876 3175 ταύτην

333 3205 432 3272 μὲν
456 3203 533 3270 τῷ
568 3201 929 3269 ἀρχιδιακόνῳ
960 3200 1156 3267 Εἶιπλῳ
1184 3200 1274 3251 καὶ
1311 3198 1389 3267 τῷ
1450 3200 1703 3268 Ἐράτμῳ
1753 3200 1875 3249 ὲπέ-

1964 2028 2185 2097 gaudio,
2251 2028 2491 2097 pontifex
2550 2044 2741 2081 rursus
2793 2029 2935 2096 cogit
2980 2042 3257 2094 senatum,
3307 2033 3524 2088 Siculos

1969 2121 2094 2174 item
2112 2136 2299 2173 omnes
2322 2121 2566 2182 accersit,
2590 2120 3039 2185 illustriorcmque
3056 2138 3115 2173 at:
3139 2124 3293 2191 longe
3316 2140 3471 2193 magn
3492 2150 3509 2171 ι

1972 2212 2321 2270 licentiorcm.
2358 2228 2517 2279 quam
2547 2212 2753 2278 pridem
2789 2212 3003 2274 fecerat,
3030 2228 3252 2265 suorum
3277 2216 3515 2282 ipsorum

1972 2304 2276 2375 prmsulem.
2306 2318 2501 2373 nempe
2534 2305 2716 2356 divum
2745 2301 3091 2370 Gregorium,
3130 2305 3235 2358 illis
3260 2305 3517 2359 reddidit.

1974 2395 2143 2449 Porro
2170 2411 2291 2447 cum
2323 2394 2583 2448 Leueium
2617 2394 2725 2445 illic
2752 2395 2966 2461 degere,
2992 2394 3369 2463 delatoresque
3393 2412 3523 2450 con-

1985 2485 2201 2537 firmare
2244 2500 2305 2537 ac
2332 2484 2579 2548 delinire,
2617 2492 2875 2553 quantum
2913 2493 3140 2551 poterat,
3177 2485 3521 2551 didicissent,

1975 2575 2125 2628 illum
2172 2574 2391 2643 quidem
2456 2575 2510 2626 in
2569 2572 2879 2641 Hispaniam
2927 2576 3185 2642 relegare,
3240 2576 3517 2646 Agrigenti

1979 2682 2107 2720 vero
2140 2667 2400 2734 templum
2432 2679 2491 2718 ac
2513 2664 2751 2733 episcopi
2799 2664 3017 2717 domum
3049 2665 3175 2719 alibi
3210 2676 3529 2721 construere

1979 2759 2358 2810 decreverunt.
2400 2755 2509 2808 lloc
2536 2764 2589 2807 et
2624 2754 2780 2806 divus
2829 2754 3141 2821 Gregorius,
3181 2772 3303 2809 cum
3341 2760 3527 2812 audis-

1980 2854 2061 2898 set
2120 2845 2286 2897 altare
2338 2858 2365 2895 a
2434 2844 2663 2896 scelesto
2720 2842 2920 2895 Leutio
2969 2860 3241 2909 etersnm,
3312 2860 3531 2901 sancto-

1982 2949 2207 3002 rumque
2235 2933 2543 2987 vencranda
2570 2948 2799 3001 corpora
2830 2935 2879 2986 in
2910 2950 3052 2985 mare
3080 2935 3243 2989 fuisse
3270 2941 3528 3008 projecta,

1983 3023 2243 3077 laudavit.
2279 3022 2412 3076 Cum
2474 3023 2635 3089 igitur
2689 3038 2797 3076 rem
2850 3025 3191 3090 episcopatus
3242 3031 3319 3081 sic
3382 3032 3528 3085 o:di-

1985 3124 2187 3174 nasset,
2242 3114 2391 3167 illum
2424 3114 2575 3181 Epuli
2613 3114 2977 3166 archidiaconi
3030 3125 3082 3168 et
3136 3116 3341 3171 Erasmi
3386 3137 3530 3174 cura:

1983 3206 2264 3258 commisit.
2309 3205 2424 3272 Ipse
2475 3204 2690 3257 interim
2740 3204 2921 3257 Roma:
2960 3206 3285 3261 nioraha:ur.
3347 3211 3528 3277 Siqui-

327 3293 546 3363 τρεψεν.
589 3292 653 3343 Ὀ
706 3292 757 3343 δὲ
784 3293 842 3344 έν
867 3290 954 3359 τῇδ’
981 3290 1165 3359 Ῥώμῃ
1200 3290 1511 3357 ύπίμεινενυ
1554 3288 1743 3354 ῐμελλε
1774 3291 1879 3354 γὰρ
1907 3275 1949 3331 C
1984 3298 2013 3349 d

1852 3275 1949 3354 pc
1984 3298 2103 3350 dem
2161 3295 2681 3361 Constantinopolim
2736 3312 2799 3348 ex
2873 3296 3013 3363 regis
3075 3298 3297 3353 decreto
3354 3275 3530 3368 primo

330 3385 565 3453 εξορμᾷν
593 3386 649 3445 ές
674 3384 772 3451 τὴν
805 3382 1169 3448 μεγαλόπολιν
1227 3382 1350 3432 ὅσον
1396 3379 1549 3431 οὔπω
1590 3380 1730 3431 κατὰ
1786 3379 1880 3447 τὴν

332 3473 424 3527 τοῦ
476 3473 737 3541 βασιλέως
784 3473 1047 3535 διάταξιν,
1092 3473 1213 3524 Ἐπὶ
1262 3471 1473 3531 τούτοις
1515 3472 1613 3539 τῆς
1663 3469 1879 3521 συνόδου

330 3565 675 3634 διαλυθείσης
732 3564 977 3617 κατιδίαν
1010 3564 1038 3615 ό
1071 3564 1299 3623 πάππας
1335 3562 1425 3614 τὸν
1458 3562 1611 3626 ἅγιον
1651 3577 1882 3626 μετακα-

332 3660 650 3727 λεσάμενος,
707 3659 937 3726 πρᾶγμα
988 3657 1132 3708 ποιεῖ
1177 3656 1326 3718 ἄξιον
1377 3653 1542 3707 αύτοῦ
1571 3670 1627 3706 τε
1663 3654 1759 3721 τῆς
1796 3655 1883 3704 εύ-

332 3750 550 3812 λαῦείας
581 3752 673 3803 καὶ
704 3750 799 3818 τῆς
839 3748 931 3802 τοῦ
978 3748 1277 3820 Γρηγορίου
1309 3748 1723 3818 μεγαλειότητος
1756 3764 1769 3777 ·
1801 3750 1881 3799 al-

336 3844 508 3895 ὃεῖται
542 3846 648 3910 γὰρ
686 3841 889 3910 ἀρετὴν
916 3841 1143 3910 ἀρετῆς,
1190 3840 1264 3902 ὼς
1296 3841 1492 3905 ἔοικεν,
1526 3839 1599 3893 ὣν
1630 3843 1883 3909 ἐραστης,

350 3933 446 3983 καὶ
512 3932 740 3999 πληγεὶς
784 3931 874 3983 διὰ
928 3931 994 3981 τὰ
1040 3931 1379 3999 προλαϐόντα
1427 3932 1520 3981 καὶ
1566 3928 1752 3982 παθὼν
1792 3932 1887 3997 τὴν

338 4023 540 4090 ψυχὴν,
579 4024 769 4072 πίπτει
799 4021 933 4089 πρὸς
962 4022 1089 4082 τοὺς
1115 4021 1325 4072 ἑκείνου
1359 4021 1591 4088 πόδαςη
1616 4019 1749 4087 ὁμοῦ
1790 4022 1886 4086 μὲν

344 4113 709 4181 εὐχαριστῶν,
746 4111 917 4180 ιόμοῢ
964 4112 1019 4163 δὲ
1066 4113 1157 4162 καὶ
1205 4110 1532 4180 συγγνώμην
1567 4111 1750 4172 αἰτῶν,
1804 4110 1887 4175 ἐφ’

343 4199 424 4265 οἷς
462 4204 632 4264 οὕτως
656 4202 904 4270 ἡπατητο
929 4202 1025 4253 καὶ
1050 4203 1159 4262 τοῖς
1194 4200 1313 4252 κατ’
1341 4201 1504 4252 αὐτοῦ
1536 4202 1884 4255 πεπίστευκε.

347 4295 538 4347 Δίδωσι
568 4294 624 4346 δὲ
659 4291 826 4344 αὑτοῦ
870 4293 964 4345 καὶ
997 4291 1229 4360 δωρεὰν,
1261 4293 1353 4344 καὶ
1374 4292 1439 4343 δι’
1479 4292 1641 4343 αὐτοῦ
1672 4293 1749 4362 τῷ
1771 4293 1891 4361 Θεῷ

342 4384 505 4434 τόπον
535 4384 633 4435 οὐκ
657 4381 835 4449 ὀλίγον
880 4377 1073 4451 ἐκείνῳ
1103 4382 1200 4448 τῆς
1230 4380 1320 4433 ὑπ’
1346 4380 1504 4431 αύτὸν
1534 4382 1889 4450 ἀπεκλήρωσε

348 4473 573 4536 πόλεως,
638 4472 717 4533 είς
774 4470 1037 4539 χορηγίαν
1082 4466 1223 4522 εἶναι
1279 4470 1453 4536 φήσας
1484 4468 1559 4537 τῷ
1610 4469 1889 4522 ὑπἀὐτοῦ

351 4563 597 4630 μέλλοντι
617 4561 1082 4625 ἀνοικοδομεῖσθαι
1121 4561 1253 4629 ναῷ.

417 4648 540 4703 ἅθ’.
576 4648 976 4716 Συνταξάμενοι
1002 4646 1177 4716 ἑαυτῷ
1205 4648 1231 4699 ὃ
1267 4663 1322 4698 τε
1354 4647 1671 4718 Μαρκιανὸς
1694 4650 1721 4699 ό
1754 4664 1889 4701 σπα-

348 4742 530 4809 Οάριος
568 4741 663 4793 καὶ
685 4743 731 4792 ot
758 4740 1043 4792 ἐπίσκοποι
1081 4740 1217 4807 μετὰ
1247 4740 1547 4809 Γρηγορίου
1573 4741 1669 4809 τῆς
1692 4741 1894 4804 πόλεως

349 4833 592 4897 ἐξίασιν·
659 4828 779 4884 εἷτα
836 4832 934 4900 τὴν
994 4830 1259 4898 βασιλίδος
1325 4831 1755 4897 καταλαϐόντες,
1796 4834 1893 4903 ήδη

349 4923 445 4989 τῆς
498 4921 729 4988 ἀφίξεως
768 4922 947 4973 αὐτῶν
990 4921 1155 4990 δήλης
1182 4921 1473 4989 γεγονυίας
1537 4922 1617 4993 τῷ
1670 4924 1893 4991 βασιλεῖ,

347 5016 437 5063 τὶν
477 5014 574 5078 μὲν
604 5011 745 5064 θεῖον
776 5011 1094 5080 ι’ρηγόριον,
1128 5010 1205 5079 τῷ
1230 5009 1323 5062 τοῦ
1349 5011 1502 5077 ἁγίου
1529 5012 1755 5081 Σεργίου
1798 5032 1894 5082 μο-

354 5107 629 5175 ναστηρίῳ
663 5106 991 5173 προσμένειν
1025 5103 1239 5155 κελεύει
1266 5120 1279 5134 ο
1317 5102 1410 5155 τὸν
1467 5104 1521 5156 δὲ
1580 5105 1894 5174 Μαρκιανὸν

358 5196 872 5264 μετακαλεσάμενος
896 5196 1023 5264 περὶ
1053 5194 1165 5245 τῶν
1203 5196 1261 5246 ὲν
1291 5196 1355 5263 τῇ
1391 5195 1588 5264 συνόδῳ
1630 5197 1897 5266 πραχθέν-

353 5304 460 5339 των
495 5286 701 5356 ὴρώτα.
754 5288 814 5338 '0
852 5286 907 5338 δι
938 5286 1086 5352 λέγει
1118 5286 1317 5350 πάντα,
1358 5286 1455 5346 τάς
1503 5303 1560 5338 τε
1610 5288 1702 5337 τού
1744 5289 1898 5355 ἁγίου

1985 3402 2200 3455 quoque
2236 3396 2474 3454 tempore
2535 3386 2859 3452 trajeclurus
2894 3397 3029 3440 erat.
3072 3387 3122 3439 In
3180 3389 3264 3441 his
3303 3392 3529 3446 dimisso

1985 3487 2201 3540 senatu,
2261 3475 2501 3545 pontifex
2578 3487 2827 3527 sanctum
2872 3476 3047 3529 virum
3103 3479 3319 3532 tironum
3378 3499 3533 3537 suam

1987 3582 2294 3629 accersens,
2362 3583 2473 3618 rem
2512 3575 2624 3617 tum
2676 3567 2796 3633 ejus
2848 3568 3063 3633 pietate,
3124 3578 3234 3621 lum
3287 3572 3531 3642 Gregorii

1990 3659 2264 3725 majestate
2300 3657 2514 3724 dignam
2574 3656 2721 3707 feeit.
2756 3657 3052 3721 (Virtutem
3106 3663 3249 3713 enim
3310 3666 3536 3731 quilibet

1986 3748 2202 3799 virtut's
2234 3756 2440 3798 amator
2461 3758 2748 3797 veneratur
2781 3756 2833 3799 et
2867 3748 3042 3813 colit.)
3078 3749 3204 3801 Nam
3236 3752 3305 3805 oh
3329 3768 3390 3805 ea
3416 3772 3535 3823 qua:

1990 3840 2703 3905 prteecsscrant,perculsus
2757 3849 2805 3888 et
2855 3841 3088 3903 graviter
3135 3843 3360 3897 allectus
3421 3850 3537 3899 ani-

1992 3943 2097 3989 mo,
2130 3929 2193 3980 ad
2220 3928 2382 3995 pedes
2406 3928 2547 3979 illius
2574 3929 2927 3994 pervolvilur,
2952 3944 3096 3983 nunc
3120 3934 3321 3998 gratias
3348 3950 3531 4001 agens,

1957 4034 2135 4071 -nunc
2166 4034 2261 4086 pro
2298 4019 2378 4079 iis,
2443 4020 2493 4069 iu
2546 4018 2746 4085 quibus
2793 4019 3075 4085 deceptus,
3140 4025 3427 4079 calumniis
3484 4028 3537 4081 in

1991 4108 2139 4160 illum
2174 4107 2333 4159 illatis
2371 4105 2527 4159 fidem
2574 4101 2851 4168 habuerat,
2888 4110 3098 4160 veniam
3149 4124 3357 4168 petens.
3426 4114 3533 4183 ipsi

1992 4214 2120 4251 vero
2154 4198 2330 4250 locum
2362 4212 2467 4248 non
2522 4198 2796 4265 exiguum,
2850 4213 2877 4249 a
2928 4198 3141 4252 subdita
3181 4201 3282 4254 sibi
3319 4206 3537 4259 civitate

1992 4289 2308 4348 abscissum,
2333 4287 2475 4339 dono
2504 4286 2613 4347 dat,
2637 4300 2699 4337 ac
2731 4301 2824 4353 per
2852 4286 3023 4353 ipsum
3052 4290 3176 4351 Dco,
3204 4292 3296 4358 qui
3331 4297 3537 4362 templi,

1994 4381 2137 4449 quod
2171 4377 2560 4432 exstrucndum
2606 4384 2746 4439 erat,
2781 4377 3116 4432 necessarios
3166 4393 3414 4451 sumptus
3466 4387 3538 4439 illi

1995 4476 2325 4537 suppeteret.

1928 4591 1966 4639 D

2070 4644 2200 4697 LIX.
2230 4641 2492 4697 Caeterum
2520 4641 2820 4699 Marcianus
2850 4659 2911 4699 ac
2956 4649 3195 4717 episcopi
3224 4650 3539 4720 Gregorium

1994 4736 2399 4797 convenientes,
2460 4735 2629 4788 Roma
2671 4736 2831 4788 simul
2884 4739 3283 4805 egrediuntur;
3341 4743 3538 4797 deinde

1996 4827 2154 4897 regia:
2189 4825 2390 4879 civitati
2445 4826 2845 4893 applicuerunt.
2904 4825 3143 4891 Quorum
3188 4845 3306 4883 cum
3340 4832 3404 4884 al
3445 4848 3544 4886 en-

1999 4926 2083 4972 tus
2112 4918 2220 4985 regi
2248 4914 2589 4977 innotuisset,
2618 4916 2779 4983 jussit
2840 4916 3023 4971 divum
3074 4919 3289 4986 quidem
3345 4921 3544 4991 Grego-

2007 5006 2146 5059 rium
2206 5002 2345 5072 apud
2414 5002 2522 5055 divi
2562 5001 2733 5072 Sergii
2798 5008 3188 5060 monasterium
3242 5008 3546 5075 diversari;

2002 5095 2329 5149 Marcianum
2362 5108 2489 5146 vero
2521 5096 2862 5160 accersitum,
2889 5097 2953 5149 de
2993 5098 3055 5152 iis
3101 5115 3220 5165 qua:
3282 5100 3332 5151 in
3368 5106 3546 5154 conci-

1997 5188 2120 5242 cilio
2144 5199 2260 5239 aeta
2290 5186 2521 5247 fuerant,
2546 5186 2918 5255 interrogavit.
2956 5190 3046 5242 ille
3074 5191 3389 5246 admiranda
3442 5196 3542 5246 \iri

2000 5280 2170 5331 sancti
2204 5292 2387 5345 opera.
2458 5276 2938 5345 incomparabilem
3005 5280 3122 5347 ejus
3190 5282 3463 5343 virtutem,
3492 5296 3546 5335 et

2000 5385 2119 5438 qua:
2147 5367 2478 5421 delatoribus
2506 5367 2765 5422 divinitus
2794 5370 3121 5428 oLvenisset,
3149 5386 3357 5424 necnon
3418 5374 3550 5426 tole-

2010 5461 2265 5521 rantiam,
2300 5457 2641 5520 molestiam,
2674 5466 2728 5510 et
2765 5458 3026 5525 insignem
3087 5475 3246 5527 supra
3284 5461 3549 5514 humanas

2010 5568 2192 5606 mores
2254 5551 2416 5604 animi
2488 5549 2846 5603 humilitatem
2928 5553 3200 5620 sigillatim
3268 5555 3544 5607 edisserit.

355 5376 828 5445 θαυματουργῖας,
858 5375 1029 5426 καὶτὸ
1057 5373 1154 5442 τῆς
1192 5374 1389 5439 ἀρετῆς
1416 5373 1809 5442 ἀπαράμιλλον,
1836 5378 1902 5426 τὰ

356 5470 435 5530 είς
463 5470 587 5528 τοὺς
616 5468 954 5536 κατηγόρους
988 5481 1049 5517 τε
1085 5463 1410 5538 παραδόξως
1433 5466 1793 5533 γεγενημένα,
1812 5468 1902 5518 καὶ

356 5561 457 5627 τῆς
498 5561 771 5627 ὑπομονῆς
799 5561 891 5610 καὶ
919 5556 1385 5626 μετριοφροσύνης
1408 5558 1468 5608 τὸ
1496 5557 1847 5625 ἁπαρὰὄλητο
1865 5578 1899 5621 ν,

360 5647 432 5705 ὧν
484 5650 718 5709 ἀκούσας
762 5651 789 5700 ὁ
848 5648 1123 5717 βασιλεὺς,
1160 5648 1532 5714 ἐξεπλήττετο,
1572 5649 1660 5699 καὶ
1695 5647 1769 5715 τῷ
1805 5666 1906 5697 πα-

2009 5643 2136 5709 Qna:
2192 5641 2369 5695 omnia
2436 5656 2527 5694 rex
2589 5642 2885 5693 exaudiens
2936 5643 3255 5707 mirabatur,
3310 5658 3371 5695 ac
3451 5658 3544 5710 pa-

364 5745 595 5813 τριὰρχῃ
633 5741 802 5792 πάντα
841 5739 959 5807 μεῖν
991 5738 1190 5807 ὁμοίως
1224 5737 1316 5791 τοῦ
1348 5737 1617 5806 θαύματος
1648 5738 1899 5806 διηγεῖτοσ
2014 5748 2050 5790 ιι

1871 5755 1899 5789 δ’
2014 5736 2261 5790 triarehze
2291 5747 2502 5787 onmem
2542 5731 2785 5783 miraculi
2828 5732 3021 5785 seriem
3054 5732 3343 5785 identidem
3401 5746 3557 5791 cna“-

590 5837 854 5894 l’ATnUL.
889 5836 999 5890 Gn.
1044 5830 1244 5889 CXVI.
3126 5822 3157 5881 9
