4270 6428
791 401 889 461 9.67

1980 402 2258 462 MENSIS
2302 402 2738 465 NOVEMBER.

3809 382 3815 388 ’
3892 410 4009 473 268

789 511 956 562 rahat.
992 507 1179 559 Postea
1209 521 1335 558 vero
1395 523 1555 574 quam
1614 508 1906 578 Gregorius
1935 527 2036 564 una
2075 528 2196 565 cum
2231 513 2346 580 cpi-
2379 522 2419 573 Α
2461 515 2475 532 '

2293 513 2316 565 ii
2334 545 2346 554 ο
2379 522 2419 573 Α
2461 514 2691 568 Ἔπειτα
2715 515 2807 568 καὶ
2833 516 2872 568 Γ
2877 517 3134 586 ρηγορίου
3149 519 3261 580 τοῖς
3288 519 3607 582 ἐπισκόποις
3634 522 3979 576 συνεισελθόν

787 596 968 662 scopis
993 595 1183 647 urbem
1214 595 1490 662 ingressus
1515 607 1619 661 est,
1653 597 1887 651 maxima
1917 599 1971 652 in
2003 599 2152 652 illum
2191 602 2334 668 regis

789 685 1074 739 hilaritatis
1103 699 1165 737 ac
1193 684 1579 740 benevolentia
1605 687 1929 756 significatio
1952 689 2179 753 exstitit,
2212 705 2333 742 nam

785 788 842 832 et
903 775 1041 830 solio
1098 789 1346 844 surgens,
1398 791 1527 830 eum
1576 777 1895 847 complexus
1954 779 2329 834 osculabatur.

788 868 985 922 Verum
1023 865 1310 920 enimvero
1336 879 1458 919 cum
1489 865 1562 918 illi
1617 881 1724 920 non
1753 869 1952 922 multos
1984 878 2104 937 post
2137 868 2256 924 dies
2284 870 2338 924 in

788 969 1023 1012 mentem
1060 957 1300 1010 venisset
1323 970 1494 1009 novas
1531 957 1906 1013 sacerdotibus
1930 959 2075 1029 leges
2102 961 2337 1028 sancire,

788 1067 910 1121 qua:
934 1052 1096 1106 etiam
1134 1048 1370 1120 posteris
1395 1058 1508 1103 tum
1536 1058 1683 1114 tutae,
1721 1058 1834 1105 tum
1892 1051 2055 1106 utiles
2087 1052 2340 1108 videren-

790 1156 895 1203 tur,
929 1142 1288 1210 patriarcham
1341 1150 1397 1194 et
1420 1156 1542 1212 eum
1583 1140 1755 1208 ipsum
1787 1141 1969 1195 divum
2023 1141 2338 1212 Gregorium

789 1233 1096 1294 accersitos,
1139 1230 1538 1284 communicato
1568 1230 1816 1294 consilio,
1849 1230 1977 1298 quid
2012 1231 2154 1285 facto
2199 1246 2336 1300 Opus

787 1328 950 1382 esset,
989 1320 1226 1374 consulit
1254 1337 1265 1372 :
1290 1319 1383 1387 qui
1419 1334 1529 1372 rem
1554 1332 1783 1386 persane
1818 1317 2143 1373 laudabilem
2203 1320 2338 1386 fore,

791 1427 852 1464 ac
875 1420 1022 1465 recte
1054 1412 1120 1465 de
1147 1410 1404 1477 religione
1455 1408 1823 1463 sentientibus
1886 1410 2072 1464 utilem
2104 1409 2337 1464 aﬂirma-

793 1513 936 1555 runt.
964 1503 1112 1570 lique
1143 1517 1266 1554 eum
1297 1515 1511 1554 sacrum
1537 1500 1729 1568 jejunii
1764 1511 1974 1571 tempus
2003 1501 2334 1567 advenisset,

793 1590 930 1641 hanc
989 1588 1347 1657 provinciam,
1406 1587 1525 1656 ipso
1582 1601 1705 1655 rege
1755 1587 1807 1639 in
1840 1589 2127 1641 consilium
2154 1603 2336 1642 secum

794 1676 1058 1738 adhibito,
1093 1687 1402 1742 suscepere,
1433 1686 1707 1740 novasque
1757 1682 1813 1726 et
1842 1687 2023 1727 sacras
2083 1673 2230 1744 leges
2260 1674 2337 1729 illi

792 1775 1102 1819 sanxerunt.

863 1855 977 1908 LX.
1010 1856 1219 1908 Interea
1248 1869 1379 1908 vero
1409 1854 1700 1921 Gregorius
1755 1868 2036 1908 sermones
2093 1854 2338 1909 doctrina
2368 1860 2414 1919 Β
2513 1874 2549 1928 ε

1357 1869 1379 1908 o
1409 1854 1700 1921 Gregorius
1755 1868 2036 1908 sermones
2093 1854 2338 1909 doctrina
2368 1860 2414 1919 Β
2513 1874 2591 1929 ει,
2636 1877 2696 1929 σο
2727 1876 2781 1929 δέ
2810 1894 2871 1945 γε
2902 1877 3043 1941 θεῖος

795 1963 856 2000 ac
888 1947 1086 2015 pietate
1121 1946 1369 2008 refertos,
1428 1946 1614 2015 plures
1672 1945 1881 1998 edidit:
1946 1945 2082 1999 alios
2111 1947 2333 2014 quidem

795 2042 847 2093 in
906 2053 1110 2092 sacram
1197 2038 1387 2107 jejunii
1449 2037 1907 2102 observationem,
1953 2037 2089 2090 alios
2145 2037 2200 2090 in
2243 2038 2344 2092 Pe-

797 2145 940 2184 trum
988 2139 1044 2182 et
1110 2129 1403 2191 Andream,
1448 2143 1511 2182 ac
1539 2129 1724 2198 plures
1748 2130 1872 2181 item
1932 2128 2069 2182 alios
2116 2143 2340 2197 compo-

794 2223 904 2274 suit
938 2237 950 2272 :
985 2219 1078 2287 qui
1107 2229 1218 2272 tum
1269 2218 1520 2280 artiﬁcio,
1549 2226 1661 2271 tum
1690 2218 1918 2272 utilitate
1943 2219 2237 2287 plurimum
2268 2220 2343 2273 illi

798 2312 969 2366 laudis
1000 2312 1317 2365 attulerunt.
1377 2310 1477 2364 Ubi
1526 2325 1655 2364 vero
1700 2309 1920 2364 domum
1952 2311 2236 2366 discedere
2290 2313 2344 2364 in

797 2407 1034 2457 animum
1071 2403 1303 2464 induxit,
1335 2400 1544 2470 rogavit
1592 2401 1770 2454 locum
1805 2402 1907 2455 sibi
1957 2401 2011 2455 in
2068 2400 2344 2472 Agrigenti

796 2496 1031 2557 civitate,
1060 2494 1112 2546 in
1134 2507 1240 2560 quo
1264 2491 1499 2560 episcopi
1524 2490 1851 2545 domicilium
1865 2502 2222 2555 construeret,
2249 2494 2345 2545 im-

799 2585 1004 2654 pertiri.
1045 2584 1256 2637 Cuirex
1282 2591 1534 2650 tanquam
1591 2583 1882 2651 acciperet,
1935 2597 2044 2635 non
2079 2593 2342 2652 erogaret,

799 2680 870 2729 ita
903 2685 1148 2745 prompte
1196 2688 1258 2726 ac
1318 2673 1564 2726 hilariter
1621 2673 1881 2740 elargitus
1933 2682 2035 2737 est,
2073 2681 2132 2727 ut
2162 2683 2344 2742 optata

799 2769 945 2820 illius
977 2779 1382 2834 supergressus,
1419 2763 1703 2816 dimidium
1757 2763 1833 2815 illi
1887 2762 2163 2832 Agrigenti
2212 2763 2346 2816 civi-

802 2860 923 2912 tatis
945 2858 1058 2911 dari
1106 2857 1349 2926 jusserit,
1377 2869 1484 2923 quo
1509 2868 1608 2923 pro
1642 2853 1798 2907 libito
1833 2862 2099 2907 uteretur.
2142 2853 2344 2907 Deinde

799 2947 1133 3016 amplexatus
1181 2945 1354 2999 illum.
1389 2957 1690 3009 rogansque
1726 2958 1791 2994 ne
1822 2943 1904 2996 sui
1938 2942 2346 2994 oblivisceretur

801 3053 933 3091 neve
989 3044 1299 3105 gravaretur
1328 3048 1424 3100 pro
1457 3046 1514 3085 se
1541 3032 1708 3100 Deum
1746 3031 1980 3099 precari,
2020 3031 2251 3084 dimisit.
2276 3031 2345 3084 At

802 3143 929 3181 vero
959 3142 1024 3179 ne
1085 3126 1268 3194 regina
1320 3123 1537 3191 quidem
1574 3122 1716 3175 circa
1769 3122 1947 3174 virum
1973 3129 2220 3174 sanctum
2253 3135 2342 3173 se-

799 3221 956 3289 gnius
986 3187 1178 3270 affecta
1214 3187 1458 3268 visa-est.
1488 3213 1619 3266 Nam
1653 3223 1707 3266 et
1747 3213 1859 3281 ipsa
1890 3227 2013 3266 cum
2063 3211 2343 3265 didicisset
2368 3187 2410 3245 (ἶ

798 3308 1115 3377 Gregorium
1160 3306 1392 3359 amicum
1447 3305 1556 3357 Deo
1614 3319 1677 3357 ac
1731 3303 2146 3372 perfamiliarem
2195 3317 2339 3364 esse,

801 3407 1220 3451 consentaneam
1250 3394 1327 3446 illi
1383 3391 1739 3445 reverentiam
1791 3391 2007 3455 detulit,
2051 3407 2113 3444 ac
2182 3389 2339 3442 donis

800 3504 963 3559 quam
1007 3490 1184 3557 potuit
1240 3483 1794 3554 magnificentioribus
1847 3482 2114 3536 demereri
2182 3482 2334 3535 illum

802 3589 996 3632 conata
1027 3587 1126 3630 est.
1156 3574 1494 3640 Quapropter
1523 3585 1773 3639 egressus
1807 3569 1940 3622 urbe
1997 3568 2335 3621 Constantini

803 3671 1028 3723 Romam
1057 3665 1329 3734 profectus
1359 3671 1462 3716 est.
1486 3662 1586 3716 Ubi
1623 3677 1652 3714 a
1675 3661 1928 3730 pontifice
1975 3676 2118 3713 max.
2151 3676 2338 3730 magna

805 3756 1106 3811 reverentia
1140 3762 1454 3819 susceptus,
1481 3751 1829 3818 Agrigentum
1881 3765 1990 3803 non
2017 3751 2187 3804 multo
2220 3760 2342 3818 post

804 3847 1108 3913 adnavigat,
1164 3844 1383 3912 quicum
1433 3842 1540 3895 duo
1582 3842 1815 3904 diaconi,
1870 3851 1928 3894 ut
1965 3841 2017 3894 in
2062 3843 2340 3910 proprium

808 3941 954 3990 illum
981 3937 1349 4003 episcopatum
1375 3931 1740 3995 restituerent,
1769 3933 1917 3986 missi
1953 3942 2104 3987 sunt.
2167 3935 2339 3988 Porro

806 4039 859 4080 οι
891 4029 1000 4080 illic
1039 4035 1143 4077 tam
1180 4024 1368 4091 ingens
1398 4022 1499 4074 viri
1528 4022 1695 4075 sancti
1727 4023 1866 4090 apud
1923 4037 2112 4079 omnes
2138 4026 2340 4079 confla-

808 4131 895 4171 tur
927 4114 1274 4176 desiderium,
1324 4121 1382 4164 ut
1438 4112 1579 4165 illius
1627 4113 1825 4166 virtute
1875 4129 1984 4168 non
2044 4115 2338 4170 obscurum

806 4207 1169 4261 testimonium
1230 4201 1475 4264 fecerint.
1525 4202 1651 4254 dum
1707 4203 1794 4269 pia
1859 4204 2013 4271 plebs
2063 4206 2339 4271 universa,

805 4301 1144 4358 cunctosque
1178 4288 1411 4357 populus
1441 4282 1594 4341 extra
1659 4288 1932 4341 civitatem
1965 4292 2191 4357 egressi,
2222 4300 2335 4345 tum

806 4380 1075 4444 laudibus,
1121 4387 1233 4430 tum
1289 4377 1459 4430 sacris
1505 4376 1864 4441 cautionibus,
1915 4389 1968 4432 ut
2018 4396 2128 4434 non
2182 4382 2340 4437 facile

806 4478 1004 4538 quanta
1034 4481 1153 4521 cum
1180 4466 1451 4533 voluptate
1476 4462 1696 4528 dixeris,
1720 4465 1934 4519 obviam
1968 4466 2042 4521 illi
2069 4469 2336 4536 prodiere.

878 4556 1013 4610 LXI.
1039 4554 1177 4619 Quid
1208 4552 1272 4605 ad
1310 4553 1422 4604 hinc
1451 4551 1608 4605 divus
1623 4550 1914 4621 Gregorius
1938 4554 1960 4607 ?
2000 4555 2126 4610 Illos
2151 4573 2340 4613 omnes

805 4648 988 4699 osculo
1016 4654 1202 4697 sancto
1229 4642 1540 4694 humaniter
1574 4642 1763 4707 ambit,
1819 4658 1881 4696 ac
1903 4645 2129 4713 singulis
2153 4664 2344 4703 manus

808 4739 1107 4802 imponens,
1165 4729 1302 4782 bene
1362 4729 1615 4783 omnibus
1669 4732 2015 4798 precabatur.
2075 4738 2144 4789 At
2199 4739 2338 4805 patri

804 4825 996 4876 obvius
1019 4822 1213 4883 factus,
1250 4819 1483 4887 primum
1540 4820 1760 4886 quidem
1805 4822 1924 4890 ejus
1975 4825 2202 4892 pedibus
2257 4842 2346 4880 se-

805 4919 981 4983 ipsqu
1015 4911 1230 4982 abjecit,
1263 4926 1384 4964 mox
1409 4924 1712 4978 assurgens,
1765 4909 2107 4980 brachiisque
2151 4917 2342 4969 collum

805 5007 921 5072 ejus
936 5000 1298 5064 circumdatis,
1327 4999 1726 5068 amplexabatur
1756 5017 1771 5055 :
1798 5011 1857 5054 ut
1882 5002 2125 5071 lacryma:
2151 5006 2342 5058 utrius-

807 5109 914 5163 que
1000 5092 1172 5145 oculis
1225 5090 1440 5151 elicita,
1500 5088 1825 5157 agendarum
1883 5091 1991 5144 Deo
2048 5094 2337 5160 gratiarum

808 5181 1170 5236 communiter
1194 5179 1410 5234 occasio
1432 5178 1644 5232 ﬁerent.
1671 5177 1784 5233 Hoc
1838 5180 2012 5248 ipsum
2070 5198 2193 5251 erga
2231 5200 2342 5237 ma-

809 5285 945 5326 trem
985 5285 1084 5324 usu
1113 5269 1216 5323 sibi
1255 5269 1466 5323 venisse
1496 5269 1777 5337 corruperit.
1813 5268 2009 5325 Verum
2056 5274 2199 5326 enim
2227 5279 2343 5342 ejus

809 5360 1112 5430 discipulus
1135 5367 1276 5424 erat,
1298 5357 1391 5426 qui
1425 5367 1678 5426 parentes
1724 5374 1832 5427 pra
1885 5363 2341 5419 omnibuscolen-

804 5454 904 5507 dos
930 5452 1202 5520 pracepit.
1234 5450 1459 5502 Demum
1498 5449 1684 5502 urbem
1715 5452 2008 5519 ingressus,
2055 5468 2161 5506 non
2194 5458 2342 5523 prius

805 5541 1136 5597 domicilium
1156 5539 1329 5607 petiit,
1374 5554 1481 5592 non
1508 5539 1764 5605 templum
1809 5541 1992 5595 videre
2057 5547 2336 5612 sustinuit,

805 5648 905 5686 nec
951 5631 1037 5685 vix
1079 5629 1307 5683 alterum
1359 5631 1574 5682 oculum
1635 5631 1870 5698 adjecit:
1927 5635 2019 5687 sed
2060 5637 2340 5692 confestim

811 5724 1019 5788 abiens,
1051 5719 1459 5776 tabernaculum
1509 5736 1664 5775 suum
1716 5739 1872 5779 muro
1915 5737 2123 5796 septum
2188 5746 2339 5787 extra

2448 619 2561 666 τος,
2586 605 2613 656 ό
2640 603 2894 672 βασιλεὺς
2924 606 3020 677 τὴν
3050 608 3183 678 πρὸς
3213 609 3376 661 αὐτὸν
3408 609 3620 662 ἐδείκνυ
3665 611 4005 681 φιλοφροσύ-

2449 713 2573 765 νην,
2624 696 2717 748 καὶ⁸
2758 696 2855 749 τοῦ
2893 697 3084 766 θρόνου
3128 699 3425 765 ἐξαναστάς
3471 702 3769 770 περιέϐαλέ
3802 722 3862 757 τε
3913 705 4018 758 καὶ

2447 785 2852 855 κατησπάζετο.
2899 786 3149 858 Ἦμερῶν
3177 789 3235 842 δέ
3279 807 3439 844 τινων
3464 792 3883 862 διαγενομένων,
3925 797 4016 855 είς

2447 876 2574 928 νοῦν
2597 877 2747 950 αὐτῷ
2795 877 3051 948 βάλλεται
3089 880 3245 945 νέους
3289 883 3428 954 πρὸς
3476 883 3587 937 τῶν
3623 885 3815 954 ἱερέων
3857 889 4015 939 ἐκτε-

2446 965 2609 1037 θῆναι
2634 971 2889 1034 κανόνας,
2939 971 2993 1025 οι
3042 973 3275 1036 καὶτοῖς
3315 974 3455 1045 μετά
3479 975 3672 1041 ταῦτα,
3736 976 3876 1046 όμοῦ
3912 980 4014 1048 μὲν

2445 1057 2733 1126 ἀσφαλεῖς,
2787 1061 2924 1131 όμοῦ
2947 1063 3004 1117 δι
3041 1064 3135 1118 καὶ
3163 1064 3431 1136 ὠφέλιμοι
3467 1067 3704 1132 δόξουσι.
3759 1068 3864 1122 Τὸν
3912 1068 4012 1120 οὖν

2449 1147 2798 1219 πατριάρχην
2860 1153 3382 1225 μεταπεμψάμενος,
3447 1159 3544 1211 καὶ
3590 1158 3752 1210 αὐτὸν
3799 1157 3862 1228 δὴ
3914 1159 4014 1211 τὸν

2448 1236 2593 1291 θεῖον
2616 1239 2932 1311 Γρηγόριον,
2964 1245 3358 1313 κοινολογεῖται
3401 1249 3532 1315 περὶ
3575 1248 3669 1301 τοῦ
3707 1251 4012 1317 προκειμέ-

2450 1343 2572 1380 νουο
2603 1329 2654 1382 οἳ
2692 1333 2786 1384 καὶ
2823 1334 2965 1388 πάνυ
2989 1337 3224 1405 χρηστὸν
3257 1333 3397 1391 εἶναι
3429 1336 3492 1391 τδ
3525 1340 3758 1407 πρᾶγμα
3776 1341 3874 1394 καὶ
3894 1343 4014 1404 τοῖς

2450 1421 2757 1492 όρθοδόξοις
2818 1424 3095 1492 ὠφέλιμον
3162 1429 3492 1497 εἰρηκότες,
3553 1429 3650 1482 τοῦ
3709 1429 3852 1499 ιεροῦ
3906 1431 4012 1496 τῆς

2451 1514 2707 1580 νηστείας
2740 1515 3147 1578 καταλαϐόντος
3180 1518 3400 1585 καιροῦ,
3433 1517 3527 1570 τοῦ
3561 1521 3725 1572 πόνου
3773 1520 4006 1589 εἴχοντο,

2453 1603 3073 1674 συνεπιλαμϐανομένου
3103 1608 3283 1670 αὐτοῖς
3315 1607 3532 1662 καὶτοῦ
3561 1609 3844 1678 βασιλέως.
3898 1611 4012 1662 Καὶ

2452 1694 2626 1757 οὕτως
2669 1697 2718 1748 οι
2750 1697 2851 1766 μὲν
2879 1699 3010 1761 τοὺς
3051 1699 3208 1761 νέους
3239 1699 3334 1753 καὶ
3378 1700 3559 1770 ἱεροὺς
3590 1701 3820 1764 κανόνας
3855 1703 4011 1754 ἰκτί-

2425 1787 2428 1790 ’
2451 1784 2657 1839 θενται.

3094 1879 3396 1950 Γρηγόριος
3448 1883 3574 1947 τοὺς
3628 1886 4010 1955 δογματικοὺς

2445 1967 2552 2019 τῶν
2585 1968 2757 2034 λόγων
2784 1970 3083 2034 συντάττει,
3107 1973 3230 2035 τοὺς
3256 1975 3336 2036 είς
3354 1974 3453 2045 τὴν
3480 1977 3638 2044 ἀγίαν
3662 1994 4010 2047 τεσσαρακο-

2447 2056 2598 2127 στὴν,
2638 2060 2732 2111 καὶ
2762 2061 2888 2122 τοὺς
2917 2062 2997 2124 είς
3029 2061 3232 2131 Πέτρον
3262 2065 3405 2133 φημι
3440 2069 3532 2119 καὶ
3570 2067 3848 2138 ’Δνδρέαν.
3875 2086 4010 2124 συν-

2444 2144 2626 2214 τίθησι
2649 2145 2705 2198 δὲ
2725 2148 2820 2201 καὶ
2843 2148 3069 2211 πολλοὺς
3087 2150 3332 2222 ἑτέρους,
3355 2153 3472 2223 ἃμα
3500 2158 3599 2226 μὲν
3626 2159 3758 2228 πρὸς
3781 2160 4010 2229 τέχνην,

2445 2236 2558 2304 ἃμα
2578 2236 2634 2290 δὲ
2667 2238 2760 2290 καὶ
2784 2238 2920 2308 πρὸς
2946 2240 3215 2309 ὠφέλειαν
3240 2243 3540 2309 ἑπαινετῶς
3570 2247 3813 2318 ἔχοντας.
3847 2251 4011 2306 Ἐπεὶ

2445 2327 2500 2378 δὲ
2530 2327 2624 2378 καὶ
2647 2328 2745 2395 τῆς
2766 2331 2898 2398 πρὸς
2921 2329 2990 2382 τά
3007 2333 3182 2386 οίκεῖα
3211 2333 3486 2404 φερούσης
3509 2337 3807 2409 ἐμέμνητο,
3830 2343 4008 2412 ᾔτησε

2445 2414 2535 2466 τὸν
2564 2415 2869 2484 κρατοῦντα
2899 2418 3097 2486 χωρίον
3127 2421 3277 2489 αύτῷ
3328 2424 3387 2475 ὲν
3438 2428 3506 2493 τῇ
3562 2427 4008 2498 Ἀκραγαντίνων

2443 2501 2685 2569 δοθῆναι,
2723 2505 2781 2557 ἐν
2802 2501 2846 2572 ᾧ
2873 2506 2935 2558 τὸ
2962 2508 3312 2563 ὲπισκοπεῖον
3333 2513 3700 2583 οίκοδομήσει.
3739 2519 3797 2570 ’0
3848 2519 4008 2587 βασι-

2445 2592 2570 2656 λεὺς
2631 2593 2744 2658 οὖν,
2794 2594 2984 2666 ῶσπερ
3036 2597 3328 2667 λαμϐάνων
3364 2601 3592 2670 μᾶλλον,
3633 2607 3755 2675 οὐχὶ
3803 2608 4006 2674 διδοὺς,

2446 2683 2588 2736 οὕτω
2618 2685 2914 2755 προθύμως
2943 2686 3061 2756 ἅμα
3099 2689 3196 2740 καὶ
3235 2690 3533 2760 φιλοτίμως
3571 2692 3784 2746 δίδωσιν
3831 2698 4008 2767 ὑπερ-

2446 2773 2546 2835 ϐὰς
2569 2775 2660 2827 καὶ
2684 2776 2782 2842 τὴν
2806 2777 3045 2847 αἴτησιν.
3075 2778 3270 2831 Δίδωσι
3299 2779 3406 2850 γὰρ
3443 2782 3592 2851 αὐτῷ
3619 2785 3680 2835 τὸ
3704 2786 3880 2853 ἥμισυ
3905 2788 4008 2854 τῆς

2445 2864 2882 2932 Ἀκραγαντίνων
2943 2868 3182 2935 πόλεως,
3240 2871 3474 2925 κελεύων
3546 2875 3692 2937 ὅπως
3751 2877 4002 2944 βούλοιτο

2444 2957 2706 3025 χρῆσθαι.
2747 2953 2885 3012 Εἶτα
2920 2960 3016 3010 καὶ
3046 2961 3431 3029 ἀσπασάμενος
3449 2965 3610 3017 αὑτὸν
3635 2970 3726 3020 καὶ
3749 2971 4004 3038 αἰτήσας,

2449 3047 2671 3115 μνήμης
2719 3064 2779 3098 τε
2826 3048 2918 3100 καὶ
2948 3050 3120 3116 εὐχῶν
3159 3051 3270 3104 τῶν
3311 3053 3449 3122 ὑπὲρ
3476 3055 3639 3108 αὐτοῦ
3671 3060 3744 3126 μὴ
3784 3061 4006 3130 ἀμελῶς

2446 3135 2593 3204 ἔχειν
2617 3138 2852 3205 ἀφῆκεν.
2898 3138 3032 3190 Ούδὶ
3069 3141 3100 3208 ἡ
3145 3140 3354 3208 βασιλὶς
3389 3143 3763 3214 ρᾳθυμότερόν
3796 3167 3842 3202 τι
3873 3153 4005 3220 περὶ

2458 3228 2548 3277 τὸν
2577 3226 2732 3294 ἅγιον
2761 3229 2934 3297 ἐφάνη
2964 3229 3279 3300 διακειμένη
3307 3248 3324 3264 ο
3356 3234 3493 3288 ἀλλά
3527 3237 3623 3290 καὶ
3646 3239 3785 3308 αύτὴ
3830 3240 4002 3309 ἀνδρα

2451 3316 2705 3387 μαθοῦσα
2757 3319 2851 3370 τὸν
2896 3321 2935 3371 Γ
2939 3321 3196 3390 ρηγόριον
3225 3321 3304 3390 τῷ
3333 3323 3451 3393 Θεῷ
3481 3333 3992 3398 προσῳκειωμένον,

2450 3408 2615 3471 σέϐας
2638 3425 2697 3460 τε
2718 3409 2780 3461 τὸ
2799 3411 3077 3480 προσῆκον
3109 3414 3393 3482 ἀπονέμει,
3426 3417 3520 3468 καὶ
3542 3417 3735 3486 δώροις
3771 3421 3847 3482 ὡς
3883 3417 3995 3476 οἷόν

2446 3515 2507 3550 τε
2546 3499 2841 3568 θεραπεύει
2868 3501 3289 3572 μεγαλοψύχως.
3339 3505 3601 3569 Ἐξελθὼν
3635 3509 3691 3562 δὲ
3719 3512 3818 3579 τῆς
3847 3514 4001 3566 Κων-

2450 3589 2752 3653 σταντίνου,
2785 3591 2881 3643 καὶ
2917 3593 3018 3660 τὴν
3056 3590 3277 3662 Ῥώμην
3319 3597 3663 3663 καταλαϐὼν,
3717 3603 3812 3654 καὶ
3841 3603 4000 3672 παρά

2444 3677 2540 3730 τοῦ
2581 3680 2782 3732 πάππα
2826 3682 2922 3732 καὶ
2958 3680 3117 3744 αὖθις
3165 3683 3481 3752 σεϐασμίως
3528 3688 3872 3759 ὑποδεχθεὶς,
3913 3695 3997 3755 εἰς

2458 3768 2805 3836 ’Δκράγαντα
2832 3769 3172 3839 περαιοῦται.
3223 3773 3714 3843 Συνεκπέμπονται
3746 3779 3803 3831 δὲ
3846 3782 3997 3850 αύτῷ

2445 3858 2540 3909 καὶ
2572 3857 2664 3909 δύο
2693 3858 2802 3911 τῶν
2822 3859 3107 3925 διακόνων,
3142 3861 3217 3923 ὡς
3249 3865 3330 3924 είς
3360 3863 3460 3933 τὴν
3498 3865 3636 3920 ίδίαν
3674 3870 3837 3923 αὐτὸν
3871 3873 3997 3924 ἑπι-

2448 3947 2657 4017 σκοπὴν
2704 3949 3175 4018 ἀποκαταστῆσαι.
3231 3954 3446 4007 Γίνεται
3477 3952 3571 4008 οὖν
3603 3959 3697 4011 καὶ
3732 3963 3765 4030 ἡ
3809 3963 3993 4016 έκεῖσε

2445 4037 2541 4088 τοῦ
2579 4037 2850 4105 μακαρίου
2867 4038 3050 4104 ἄφιξις
3070 4039 3214 4093 οὕτω
3248 4043 3448 4108 καλῶς,
3477 4045 3554 4107 ὡς
3577 4049 3656 4109 είς
3691 4052 3996 4120 μαρτύριον

2447 4127 2705 4193 γενέσθαι
2735 4127 2837 4196 τῆς
2872 4130 3073 4197 ἀρετῆς
3105 4131 3320 4184 ἐκείνου
3361 4135 3458 4187 καὶ
3487 4137 3585 4203 τῆς
3629 4140 3722 4191 τοῦ
3753 4142 3994 4212 πλήθους

2452 4214 2755 4282 φιλοθεῖας,
2812 4216 2909 4271 ire
2955 4217 3049 4268 τοῦ
3097 4219 3225 4271 λαοῦ
3279 4223 3473 4286 παντὸς
3521 4225 3750 4296 πρὸτῆς
3789 4229 3996 4293 πόλεως

2447 4302 2866 4388 ἐξεληλυθότων,
2902 4306 2996 4359 καὶ
3025 4307 3256 4375 ψαλμοῖς
3293 4309 3410 4376 ἃμα
3439 4315 3531 4364 καὶ
3582 4315 3748 4381 ίεροῖς
3778 4319 3994 4388 ᾅσμασι

2452 4387 2575 4455 μεθ’
2623 4389 2757 4458 δσης
2800 4391 2900 4443 οὐκ
2941 4392 3009 4445 ἃν
3054 4394 3226 4456 εῐποις
3249 4398 3346 4464 τῆς
3373 4397 3566 4466 ἡδονῆς
3592 4403 3691 4472 τὴν
3747 4387 3994 4478 ὑπαίντὴν

2374 4503 2416 4555 D
2445 4478 2608 4531 αὐτοῦ
2643 4486 3000 4549 ποιουμένων.

2511 4570 2633 4626 ΞΝ.
2677 4573 2741 4625 Τί
2774 4573 2865 4626 οὖν
2907 4578 2934 4628 ό
2968 4577 3107 4639 θεῖος
3138 4579 3467 4651 Γρηγόριοςς
3504 4583 3640 4649 Τοὺς
3671 4588 3768 4656 μὲν
3796 4590 3991 4654 ἄλλους

2451 4661 2655 4724 πάντας
2695 4664 2975 4732 φιλήματι
3021 4683 3080 4718 τε
3110 4669 3250 4738 ἀγίῳ
3277 4671 3676 4741 φιλοφρονεῖται
3699 4715 3715 4741 ,
3751 4681 3847 4731 καὶ
3888 4682 3990 4744 τάς

2447 4754 2633 4821 χεῖρας
2675 4753 2886 4816 ἐπιθεὶς
2931 4756 3168 4826 ἑκάστῳ,
3223 4760 3322 4827 τὴν
3367 4764 3617 4832 εὐλογίαν
3658 4767 3875 4822 δίδωσι·
3908 4775 3990 4841 τῷ

2450 4842 2506 4893 δὲ
2539 4843 2705 4910 πατρὶ
2737 4844 3045 4912 προσελθὼν
3076 4848 3265 4914 πρῶτα
3298 4851 3398 4918 μὲν
3446 4855 3554 4916 τοῖς
3590 4859 3745 4910 ποσὶν
3775 4862 3989 4915 ἐκείνου

2446 4929 2636 4980 ἑαυτὸν
2666 4929 3013 4997 καταϐάλλει,
3048 4929 3164 4986 εἶτα
3205 4937 3492 5002 διαναστάς
3517 4943 3606 4994 τὸν
3635 4946 3902 5014 τράχηλον
3926 4967 3987 5002 τε

2446 5016 2759 5084 περιϐάλλει
2810 5020 2904 5071 καὶ
2960 5023 3394 5090 κατασπάζεται,
3444 5027 3518 5089 ὡς
3569 5031 3896 5102 ἀμφοτέροις
3927 5041 3990 5105 ή-

2444 5106 2601 5197 δονῆς
2631 5108 2865 5178 δάκρυον
2893 5111 3002 5162 τῶν
3031 5112 3320 5182 ὀφθαλμῶν
3387 5119 3638 5171 ἐκπεσεῖν
3666 5126 3758 5175 καὶ
3801 5129 3988 5197 κοινὴν

2444 5196 2692 5258 γενέσθαι
2725 5198 2855 5266 πρὸς
2886 5199 3017 5253 Θεὸν
3051 5202 3148 5270 τὴν
3211 5205 3580 5274 εὐχαριστίαν.
3632 5211 3704 5262 Τὸ
3749 5214 3879 5265 αὐτὸ
3926 5196 3985 5269 δὲ

2442 5286 2533 5336 καὶ
2563 5285 2655 5337 ἐπὶ
2684 5289 2748 5356 τῇ
2789 5290 2958 5357 μητρὶ
2989 5290 3216 5358 γίνεται.
3248 5294 3511 5365 Μαθητής
3542 5300 3648 5367 γὰρ
3680 5298 3746 5368 ἦν
3769 5303 3986 5371 ἀληθῶς

2442 5376 2648 5429 ἐκείνου
2701 5380 2793 5430 τοῦ
2839 5381 3045 5448 πατέρα
3107 5399 3165 5435 τε
3212 5387 3305 5437 καὶ
3360 5390 3569 5456 μητέρα
3630 5393 3984 5455 κελεύσαντος

2440 5467 2796 5535 διαφερόντως
2826 5471 3010 5539 τιμᾷν.
3061 5470 3190 5524 Εἶτα
3235 5473 3333 5541 τὴν
3375 5477 3527 5528 πόλιν
3563 5479 3838 5543 εἰσελθὼν,
3880 5484 3983 5535 οὐκ

2440 5559 2516 5621 ei;
2546 5560 2605 5612 τὸ
2630 5560 2971 5614 ἑπισκοπεῖον
2995 5563 3242 5630 ἀνῆλθεν,
3266 5567 3388 5618 οὐδὲ
3437 5570 3497 5620 τὸ
3548 5572 3674 5624 ναὸν
3701 5575 3982 5638 ἑθεάσαω,

2439 5650 2534 5717 οὐχ
2591 5650 2762 5719 ἑτέρῳ
2799 5654 2904 5704 τινὶ
2963 5653 3146 5721 σχεδὸν
3196 5657 3286 5708 τὶν
3332 5659 3484 5727 ὄμμα
3522 5661 3800 5727 ἐπέϐαλεν,
3845 5666 3982 5718 ἀλλὰ

2440 5739 2690 5795 ἀπελθὼν
2718 5742 2936 5807 εὐθέως,
2961 5745 3192 5814 πήγνυσι
3215 5747 3308 5817 τὴν
3337 5750 3499 5803 αὐτοῦ
3531 5754 3732 5824 σκηνὴν
3757 5753 3861 5820 ἔξω
3886 5756 3978 5807 τοῦ
