4270 6428
313 419 422 479 ἳϐθ

1403 422 1861 483 ΜΛιιΤγιιιυΜ
1903 424 1956 483 S.
2002 423 2396 483 MEltCURll.

3393 424 3497 485 270

315 529 601 582 εἱδωλικοῦ
638 531 772 583 ναοῦ
816 534 1047 600 ἐχόμενα
1102 536 1194 588 τοῦ
1247 538 1476 602 τείχους,
1531 538 1622 589 καὶ
1652 529 1718 604 ἦν
1752 538 1868 586 ἐκεῖ
1900 539 1939 595 Α
1969 538 2001 588 si

1820 538 1868 585 εἰ
1900 539 1939 595 Α
1969 536 2381 588 simulacrorum
2447 538 2700 604 templum
2736 536 2868 599 ﬁxit,
2924 536 3014 590 ubi
3050 551 3171 589 cum
3202 538 3505 591 multitudi-

314 619 748 686 διανυκτερεύων
820 624 912 675 καὶ
958 629 1389 696 προσευχόμενος
1438 630 1532 679 σὺν
1566 628 1728 679 παντὶ
1787 628 1863 696 τῷ

317 710 537 776 πλήθει.
574 706 703 764 Εἶτα
736 714 1022 768 ἀντίτυπον
1058 720 1336 786 τραπέζης
1367 719 1523 785 ἁγίας
1553 719 1857 785 σχεδιάσας.

313 801 389 861 ὡς
412 798 524 870 εἶχε
556 803 646 856 τὸν
667 806 846 869 τίμιον
871 809 1045 860 ἐκεῖσε
1071 812 1303 879 σταυρὸν
1334 812 1539 879 avelli/oi.
1586 812 1696 864 Καὶ
1726 811 1864 863 οὕτω

316 897 439 955 ταῖς
482 896 617 965 πρὸς
648 898 781 950 Θεὸν
814 905 1147 970 προσευχαῖς
1189 904 1313 966 τοὺς
1350 902 1431 971 τῷ
1461 903 1727 971 εἰδωλικῲ
1753 902 1864 971 ναῷ

312 986 703 1053 ἐφεδρεύοντας
733 989 993 1059 δαίμονας
1024 992 1306 1058 ἐξελάσας,
1348 993 1730 1063 ἀνῳκοδόμησε
1772 995 1862 1046 καὶ

313 1078 718 1148 περιεκόσμησε
789 1083 879 1134 τὸν
938 1083 1091 1147 ναδν,
1158 1087 1247 1137 καὶ
1305 1085 1474 1154 ὄνομα
1527 1085 1673 1154 αὑτῷ
1752 1085 1863 1138 τῶν

315 1167 592 1233 μεγίστων
621 1171 714 1222 καὶ
748 1174 1061 1241 κορυφαίων
1107 1174 1376 1244 ἐπέθηκεν
1412 1178 1727 1230 ἀποστόλων
1750 1217 1764 1241 ,
1807 1179 1864 1230 ἑν

310 1251 357 1322 ᾧ
388 1258 596 1322 καὶτὰς
625 1265 891 1329 μυστικὰς
930 1266 1173 1320 ἐπετέλει
1202 1267 1470 1337 λατρείας,
1501 1269 1594 1321 καὶ
1621 1268 1864 1336 γλῶτταν

312 1348 431 1414 ἅμα
471 1353 563 1403 καὶ
598 1357 753 1424 χεῖρα
785 1354 1037 1424 δαψηλῶς
1072 1359 1323 1427 ἀνοίγων,
1355 1360 1447 1412 καὶ
1480 1359 1654 1420 διδοὺς
1700 1360 1862 1428 ἄρτον

311 1441 405 1491 τὸν
436 1444 536 1505 τὰς
583 1446 811 1514 καρδίας
859 1449 1183 1517 στηρίζοντα
1235 1450 1329 1503 καὶ
1371 1450 1614 1517 ἀγγέλων
1650 1451 1864 1521 ἀληθῶς

311 1531 479 1598 ἄρτον
530 1532 656 1585 ὄντα
696 1552 754 1586 τε
804 1538 896 1589 καὶ
942 1538 1344 1607 ὀνομαζόμενον
1389 1541 1479 1592 καὶ
1530 1540 1637 1594 τῶν
1686 1540 1863 1609 ψυχὰς

316 1621 629 1675 πεινώντων
698 1626 1058 1692 ἐμπιπλῶντα
1103 1630 1191 1679 καὶ
1229 1629 1296 1680 δι’
1346 1631 1665 1701 ἀμφοτέρων
1699 1632 1861 1699 Θερα-

315 1727 379 1761 πε
391 1710 499 1763 ύων
530 1713 620 1764 τὶν
652 1715 943 1769 κτίσαντα.

394 1801 483 1853 Ἐν
514 1803 721 1865 τούτοις
754 1808 917 1858 αὑτοῦ
946 1808 1339 1877 διαπρέποντος
1362 1814 1453 1864 καὶ
1475 1813 1637 1865 καλοῦ
1668 1816 1861 1876 παντὸς

309 1887 420 1944 οἷον
450 1895 755 1961 ἀρχέτυπον
810 1901 900 1949 τὸν
929 1898 1121 1950 ἑαυτοῦ
1157 1900 1537 1968 προστιθέντος
1584 1902 1695 1971 βίον
1730 1904 1860 1956 ὑπον

312 1984 478 2051 μονῆς
508 2001 564 2035 τε
607 1988 697 2036 καὶ
732 1988 1115 2057 μακροθυμίας
1168 1992 1339 2060 μέτρα
1374 1992 1741 2057 διδάσκοντος,
1784 1994 1861 2046 ἔτι

308 2074 365 2125 δὲ
430 2078 521 2126 καὶ
568 2079 886 2147 πειρασμῶν
932 2081 1025 2132 καὶ
1068 2084 1362 2152 καρτερίας
1395 2084 1471 2154 τῷ
1500 2086 1619 2139 καθ’
1676 2087 1862 2139 ἑαυτὸν

313 2168 690 2235 ὑποδείγματι,
716 2171 773 2220 ὲν
801 2172 931 2223 πᾶσι
961 2173 1141 2234 καλοῖς
1161 2175 1470 2228 κατακλείει
1497 2176 1589 2228 τὸν
1617 2176 1730 2244 βίον
1768 2180 1860 2231 καὶ

311 2260 449 2325 πρὸς
473 2259 564 2310 τὸν
600 2260 934 2328 ποθούμενον
990 2262 1224 2331 Χριστὸν
1280 2264 1523 2333 ὲκδημεῖ,
1575 2262 1620 2333 ᾧ
1660 2266 1857 2334 πρέπει

324 2351 482 2417 τιμὴ,
506 2349 651 2412 δόξα,
680 2350 1018 2420 μεγαλοσύνη
1047 2368 1105 2403 τε
1148 2354 1243 2405 καὶ
1281 2353 1719 2422 μεγαλοπρέπεια
1760 2354 1853 2407 νῦν

311 2442 407 2494 καὶ
447 2442 531 2503 εἰς
559 2441 685 2503 τοὺς
724 2442 923 2506 αἰῶνας
956 2443 1065 2495 τῶν
1086 2444 1313 2497 αἰώνων.
1351 2446 1542 2513 Ἀμήν.

1968 642 2027 678 ne
2069 628 2118 678 in
2148 641 2334 693 preces
2390 628 2729 691 incumbens,
2761 626 2880 697 vigil
2905 627 3273 695 pernoctabat.
3308 630 3509 681 Deinde.

1967 719 2183 772 cmlcstc
2237 719 2569 783 convivium,
2610 729 2768 787 prout
2827 722 3024 788 potuit,
3096 731 3508 788 repraesentans,

1968 806 2326 861 venerandam
2357 808 2468 861 illic
2516 822 2733 862 crucem
2786 808 2981 861 erexit.
3034 806 3213 875 Itaque
3248 808 3508 862 d;cmonio

1967 900 2088 959 bus,
2117 898 2208 965 qui
2239 897 2657 951 simulacrorum
2714 899 2913 965 templo
2970 898 3351 965 prmsidebant,
3405 901 3512 967 piis

1964 1003 2087 1055 erga
2120 988 2287 1040 Deum
2350 988 2605 1054 precibus
2645 984 2964 1054 proﬂigatis,
3018 986 3275 1054 templum
3324 988 3513 1040 readi-

1966 1077 2167 1140 ﬁcavit,
2198 1093 2261 1131 ac
2286 1077 2537 1145 plurimis
2570 1076 2909 1131 ornamentis
2929 1075 3204 1137 decorato,
3228 1077 3277 1130 ei
3338 1077 3510 1130 maxi-

1966 1186 2175 1225 morum
2197 1186 2258 1225 ac
2284 1171 2590 1239 principum
2610 1172 2977 1237 apostolorum
3010 1185 3209 1223 nomen
3272 1171 3465 1225 indidit
3496 1189 3509 1232 ;

1963 1272 2017 1315 et
2044 1263 2095 1315 in
2123 1277 2231 1331 quo
2261 1263 2486 1330 mystica
2517 1260 2781 1315 sacriﬁcia
2808 1261 3099 1324 oﬁerebat,
3167 1260 3399 1331 linguam
3434 1261 3511 1315 si-

1966 1354 2076 1407 mul
2112 1362 2167 1407 et
2221 1369 2438 1407 manum
2465 1354 2686 1421 Opipare
2712 1353 2981 1420 aperiens,
3034 1354 3386 1422 pmbensquc
3418 1368 3511 1420 pa-

1966 1460 2109 1505 nem,
2141 1459 2250 1511 quo
2280 1443 2445 1496 corda
2486 1442 2803 1497 reﬁciuntur
2830 1458 2845 1508 ;
2892 1458 3112 1512 panem,
3142 1443 3385 1511 inquam,
3416 1444 3508 1509 qui

1966 1549 2023 1587 re
2060 1535 2220 1587 simul
2244 1543 2299 1587 et
2320 1534 2540 1587 nomine
2584 1534 2900 1602 angelorum
2919 1533 3139 1595 dicitur,
3168 1548 3361 1601 panem
3387 1548 3512 1585 csu-

1966 1627 2169 1679 rientes
2226 1626 2433 1679 animas
2464 1632 2822 1689 saturantem,
2853 1626 3109 1692 utrinque
3135 1624 3323 1678 mundi
3348 1623 3509 1677 Crea-

1969 1725 2138 1769 torem
2165 1716 2543 1769 venerabatur.

2034 1805 2090 1858 ln
2128 1804 2211 1858 bis
2264 1815 2444 1858 autem
2477 1805 2568 1858 ille
2628 1803 2899 1857 honestis
2934 1803 3177 1857 moribus
3233 1818 3295 1857 ac
3357 1815 3504 1857 recte

1893 1864 1933 1918 Β
1964 1896 2118 1949 lactis
2138 1910 2514 1965 perseverans,
2546 1895 2710 1947 vitam
2774 1910 2926 1948 suam
2982 1894 3167 1948 decori
3200 1908 3262 1947 ac
3292 1895 3504 1948 honesti

1959 1996 2214 2053 tanquam
2270 1986 2543 2053 exemplar
2589 1984 2875 2046 exhibens,
2929 1985 3168 2039 lenitatis
3227 1986 3390 2037 animi
3444 2002 3507 2037 ac

1960 2078 2253 2145 patientiae,
2284 2076 2423 2131 addo
2444 2077 2608 2131 etiam
2674 2078 2727 2130 in
2750 2076 2997 2131 adversis
3051 2078 3379 2137 tolerantirc,
3406 2093 3507 2129 sun

1959 2168 2128 2237 ipsius
2158 2168 2489 2223 documento
2513 2169 2685 2237 legem
2743 2168 2999 2223 omnibus
3044 2170 3255 2221 indixit.
3308 2169 3504 2237 Sicque

1958 2260 2148 2313 diebus
2174 2273 2238 2311 ac
2282 2258 2575 2312 virtutibus
2616 2268 2827 2321 auctus,
2862 2259 3071 2313 mortali
3112 2260 3222 2311 vita
3285 2260 3504 2327 perfun-

1961 2358 2099 2411 ctus,
2129 2349 2195 2403 ad
2221 2349 2621 2416 optatissimum
2645 2347 2923 2402 Christum
2973 2349 3265 2416 emigravit
3298 2365 3308 2398 :
3340 2364 3502 2417 quem

1961 2438 2117 2492 decet
2143 2439 2335 2502 honor,
2350 2438 2543 2508 gloria,
2567 2439 2883 2508 majestaset
2904 2437 3320 2507 magniﬁcentia,
3361 2455 3504 2492 nunc

1961 2538 2015 2581 et
2043 2529 2096 2583 in
2122 2530 2317 2583 saecula
2338 2528 2676 2583 seculorum.
2703 2529 2895 2583 Amen.

1538 2868 2298 2980 CERTAMEN

737 3109 890 3259 S.
1013 3109 1992 3264 MARTYRIS
2105 3114 3066 3267 MERCURII.

852 3380 944 3440 (.tp
997 3380 1191 3430 Surium
1221 3386 1275 3431 ad
1302 3385 1430 3431 diem
1456 3385 1516 3431 25
1537 3384 1850 3441 Novembris;
1877 3390 2039 3431 textus
2066 3386 2261 3433 Graccus
2284 3402 2377 3435 non
2404 3398 2559 3438 exstat
2586 3394 2632 3437 in
2654 3407 2747 3439 mss
2792 3392 2961 3449 l'uris.)

382 3688 422 3739 Ι.
466 3686 771 3755 imperante
808 3688 899 3740 illo
939 3698 1181 3753 tempore
1213 3685 1371 3739 Decio
1401 3698 1454 3740 et
1484 3687 1761 3740 Valeriano
1798 3689 1850 3740 in
1880 3699 1919 3754 ο
1949 3692 2041 3758 με
2078 3708 2128 3743 ιη
2157 3691 2393 3753 vincula,
2427 3694 2623 3747 deinde
2658 3696 2825 3748 variis
2872 3700 3154 3751 tormentis
3195 3698 3415 3767 subjici,
3443 3711 3496 3752 et

308 3792 498 3844 magna
535 3776 668 3829 urbe
704 3778 870 3830 Itonia
900 3777 936 3829 ii
966 3775 1239 3829 communi
1266 3774 1487 3829 decreto
1518 3785 1848 3835 statuerunt.

311 3878 365 3917 ut
396 3881 582 3919 omnes
621 3867 990 3920 sacriﬁcarent
1018 3875 1072 3919 et
1111 3864 1215 3918 diis
1257 3866 1508 3919 libarent.
1546 3866 1851 3919 Convocato

308 3970 438 4024 ergo
494 3964 605 4009 tom
649 3964 863 4017 senatu,
908 3958 956 4009 ei
992 3965 1377 4024 exposuerunt,
1412 3970 1533 4023 qua:
1580 3957 1853 4010 communi

310 4061 576 4099 consensu
632 4061 660 4098 a
704 4062 762 4100 se
796 4047 1009 4099 decreta
1058 4050 1273 4100 l'uerant
1299 4067 1310 4100 :
1340 4056 1394 4099 ct
1423 4061 1543 4099 cum
1576 4062 1669 4100 eos
1698 4048 1850 4100 inve-

310 4138 520 4187 nissent
552 4150 661 4187 suae
697 4134 946 4187 assentiri
972 4135 1269 4196 sententiae,
1302 4146 1490 4201 magna
1520 4131 1696 4185 allecti
1728 4140 1854 4185 sunt

311 4223 511 4277 litlllla.
547 4223 735 4276 Statim
776 4238 904 4292 ergo
945 4222 1142 4276 litteris
1179 4222 1542 4289 imperatoriis
1572 4235 1692 4273 cum
1720 4221 1851 4273 sub-

314 4313 605 4381 scriptione
634 4322 873 4375 senatus,
902 4312 1181 4381 jusserunt
1207 4326 1270 4365 ea
1309 4314 1527 4379 exponi,
1558 4326 1677 4379 quae
1708 4328 1853 4368 com-

314 4407 551 4459 muniter
591 4406 670 4460 eis
698 4407 811 4461 visa
857 4404 1071 4459 l‘uer'ant
1104 4415 1158 4459 et
1196 4405 1423 4475 proponi
1470 4406 1520 4456 in
1566 4405 1849 4473 Capitolio,

310 4510 537 4564 quarum
578 4496 680 4549 boc
707 4506 789 4549 est
815 4496 1116 4564 exemplum
1149 4514 1161 4548 :

378 4587 740 4655 Imperatores
803 4587 1240 4655 triumphatores,
1295 4587 1549 4650 victores,
1603 4588 1848 4654 Augusti,

308 4680 383 4747 pii
429 4678 621 4732 Decius
654 4687 709 4731 et
752 4677 1067 4731 Valerianus
1111 4677 1271 4730 simul
1320 4692 1442 4731 cum
1499 4684 1685 4731 senatu
1740 4678 1851 4731 haec

308 4770 580 4823 communi
613 4769 838 4822 consilio
867 4786 878 4818 :
912 4770 1044 4822 Cum
1092 4768 1316 4823 deorum
1353 4767 1614 4822 beneﬁcia
1642 4776 1694 4823 et
1729 4783 1842 4821 mu-

308 4876 440 4913 nera
465 4860 828 4918 didicerimus.
854 4867 909 4911 et
932 4858 1091 4912 simul
1120 4859 1281 4912 etiam
1312 4857 1557 4912 fruamur
1604 4859 1847 4921 victoria,

307 4967 425 5019 quae
471 4951 627 5003 nobis
669 4950 736 5003 ab
770 4949 901 5017 ipsis
944 4949 1065 5002 data
1114 4961 1196 5002 est
1246 4951 1506 5003 adversus
1559 4949 1842 5003 inimicos:

1955 3780 1997 3831 si
2029 3781 2105 3831 sic
2136 3780 2355 3847 quidem
2404 3780 2568 3835 luerit
2604 3798 2913 3851 persuasus,
2964 3802 3071 3841 non
3106 3789 3249 3841 leves
3279 3803 3309 3841 a
3341 3792 3495 3841 nobis

1955 3870 2189 3924 ltouOres
2236 3882 2613 3939 consequetur.
2682 3876 2776 3928 Sin
2843 3888 3022 3931 autem
3087 3881 3491 3936 contradixerit.

1956 3972 2077 4031 post
2106 3963 2271 4017 multa
2300 3974 2586 4033 tormenta,
2620 3982 2748 4023 ense
2794 3971 3000 4024 subibit
3023 3973 3371 4041 supplicium,
3402 3983 3495 4024 aut

1936 4054 2007 4117 .in
2044 4071 2205 4109 maris
2223 4055 2549 4123 profundum
2571 4058 2825 4125 jacietur.
2857 4072 2952 4115 aut
2978 4063 3170 4115 avibus
3190 4075 3241 4114 et
3266 4063 3491 4115 canibus

1953 4145 2169 4199 dabitur
2204 4148 2582 4202 devorantlus:
2614 4150 2883 4218 prmcipuc
2920 4166 3050 4204 vero
3079 4152 3120 4203 si
3156 4152 3359 4204 fuerint
3412 4153 3494 4204 in-

1956 4237 2098 4289 venti
2130 4237 2295 4304 aliqui
2325 4252 2389 4291 ex
2426 4240 2682 4308 religione
2709 4240 3158 4294 Christianorum.
3186 4242 3286 4305 Qui
3312 4253 3490 4294 auzem

1956 4323 2151 4376 divinis
2180 4328 2380 4379 nostris
2405 4327 2637 4381 decretis
2668 4329 2990 4389 obcdierint,
3025 4331 3285 4383 maximos
3320 4332 3493 4384 bono-

1956 4428 2041 4465 res
2067 4423 2122 4466 et
2153 4414 2293 4467 dona
2325 4427 2747 4485 consequentur.
2776 4418 2957 4471 Valete
2981 4417 3311 4472 felicissime.

2022 4503 2084 4557 ll.
2128 4505 2410 4572 Proposito
2446 4523 2574 4576 ergo
2622 4509 2800 4563 edicto
2854 4510 3221 4577 imperatorio,
3275 4521 3495 4565 contur-

1956 4594 2075 4647 bata
2109 4594 2209 4648 fuit
2246 4605 2356 4649 tota
2380 4599 2591 4661 civitas,
2635 4603 2777 4668 quod
2811 4602 2864 4655 in
2902 4611 3010 4655 tota
3056 4605 3272 4657 civitate
3305 4606 3493 4658 ruisset

1953 4688 2283 4754 propositum
2308 4689 2531 4757 impium
2564 4691 2667 4745 hoc
2690 4693 2948 4745 edictum.
2973 4696 3181 4748 Accidit
3207 4706 3383 4748 autem
3413 4707 3489 4753 ut.

1952 4791 2071 4829 cum
2108 4779 2197 4831 illo
2227 4786 2465 4845 tempore
2493 4781 2689 4833 bellum
2715 4782 2902 4835 luisset
2932 4799 2959 4835 a
3001 4784 3251 4837 Bar'naris
3285 4794 3489 4836 motum

1952 4868 2209 4921 adversus
2266 4870 2554 4933 Romanos,
2606 4882 2856 4937 pararent
2922 4873 3271 4939 imperatores
3334 4890 3489 4928 suum

1952 4960 2268 5017 exercitum,
2321 4968 2379 5010 ut
2424 4960 2540 5012 acie
2579 4974 2701 5013 cum
2734 4961 2815 5013 eis
2843 4960 3211 5029 conﬂigerent,
3237 4965 3485 5031 jutenlcs

306 5045 439 5112 quin
466 5046 627 5097 etiam
659 5044 804 5097 aeris
839 5043 1245 5111 temperatione,
1274 5051 1329 5096 et
1352 5058 1510 5097 omne
1538 5058 1707 5112 genus
1734 5043 1845 5096 lru-
1878 5026 1921 5079 Ῑ)
1953 5049 2188 5101 numeris
2220 5049 2468 5109 militum,
2496 5049 2588 5116 qui
2618 5058 2774 5101 erant
2808 5050 2860 5101 in
2884 5026 3134 5105 omnibus
3154 5026 3484 5112 civitatibus,

306 5147 491 5188 ctuum
521 5135 867 5188 abundantia.
900 5136 1032 5187 Cum
1060 5150 1153 5188 eos
1180 5149 1307 5204 ergo
1341 5134 1697 5188 didicerimus
1724 5148 1843 5187 esse

309 5227 681 5280 benefactores
711 5236 764 5279 et
790 5241 854 5279 ea
908 5226 1250 5293 suppeditare
1279 5241 1397 5294 quas
1438 5235 1565 5279 sunt
1596 5227 1647 5279 in
1694 5239 1844 5278 com-

308 5333 468 5371 mune
500 5318 649 5370 utilia
682 5336 692 5369 :
725 5332 785 5371 ea
811 5318 877 5369 de
906 5331 1066 5370 causa
1096 5332 1204 5370 uno
1234 5317 1451 5371 decreto
1479 5316 1842 5377 decernimus,

309 5420 369 5463 ut
396 5410 575 5462 onmis
600 5408 837 5462 conditio
868 5408 1161 5461 liberorum
1198 5417 1253 5461 et
1279 5421 1579 5470 servorum,
1613 5406 1842 5458 militum

306 5510 363 5551 et
414 5502 762 5567 privatorum,
810 5498 914 5550 diis
962 5498 1233 5565 expiantia
1293 5498 1522 5552 olIeraut
1568 5496 1849 5560 sacriﬁcia,

309 5590 650 5657 procidentes
674 5600 728 5641 et
766 5588 1149 5656 supplicantes.
1185 5588 1237 5641 Si
1266 5588 1386 5656 quis
1414 5596 1591 5640 autem
1623 5586 1851 5639 voluerit

308 5680 551 5731 divinum
606 5688 845 5731 nostrum
893 5682 1098 5747 jussum
1152 5680 1371 5737 violare,
1436 5682 1525 5745 qui
1577 5678 1847 5731 communi

308 5771 575 5823 sententia
613 5780 691 5822 est
718 5786 745 5821 a
776 5770 928 5823 nobis
963 5771 1253 5838 inpositus,
1286 5784 1405 5822 cum
1438 5769 1686 5839 juhemus
1718 5783 1849 5821 con-

1943 5148 2001 5191 ut
2033 5139 2343 5192 venirentin
2376 5139 2652 5192 auxilium.
2686 5139 2759 5192 Ex
2792 5139 2858 5193 iis
2886 5152 3085 5203 autem,
3130 5141 3220 5209 qui
3254 5141 3321 5193 ab
3354 5158 3483 5193 una.

1944 5243 2155 5295 quaque
2182 5230 2399 5281 civitate
2436 5237 2487 5280 et
2524 5230 2739 5295 regione
2770 5228 3060 5281 veniebant
3087 5228 3153 5279 ad
3196 5231 3338 5282 hunc
3367 5231 3447 5283 bel
3475 5232 3486 5282 i

1944 5328 2277 5386 apparatum,
2303 5318 2448 5371 venit
2471 5318 2633 5371 etiam
2658 5318 2798 5387 legio
2827 5332 3015 5371 eorum
3040 5318 3131 5385 qui
3162 5318 3481 5371 dicebantur

1942 5408 2235 5461 Martenses
2274 5408 2371 5476 [aL
2405 5407 2732 5478 Fretenscs],
2766 5410 2858 5476 qui
2902 5418 3027 5460 sunt
3059 5408 3159 5461 sub
3182 5410 3353 5476 prima
3387 5411 3487 5460 Ar~

1949 5498 2149 5557 menia,
2181 5497 2282 5548 sub
2316 5496 2533 5548 tribuno
2564 5498 2781 5549 nomine
2811 5495 3123 5549 Saturnino.
3162 5497 3487 5563 Egredicutc

1950 5598 2127 5639 autem
2163 5587 2226 5637 ad
2258 5586 2453 5637 bellum
2481 5586 2661 5644 Decio.
2686 5584 2913 5652 degebat
2940 5584 3119 5637 Roma:
3148 5586 3482 5638 Valerianus.

1949 5676 2247 5729 Commisso
2284 5691 2408 5725 vero
2442 5676 2581 5727 inter
2610 5677 2879 5727 Romanos
2912 5683 2966 5728 et
2996 5675 3256 5727 Barbarus
3285 5680 3485 5743 pra-lin,

1952 5767 2163 5819 duravit
2200 5769 2478 5819 rnnllictus
2527 5768 2681 5833 lcngo
2733 5777 2989 5833 tempore.
3045 5766 3487 5819 Permancnlibus
