  <div class='ocr_page' id='page_1' title='image "/cluster/home/n/w/nwhite01/storage/ocr_20150623/116/nnc1.0046980156/165.png"; bbox 0 0 4270 6428; ppageno 0'>
   <div class='ocr_carea' id='block_1_1' title="bbox 773 363 873 426">
    <p class='ocr_par' dir='ltr' id='par_1_1' title="bbox 773 363 873 426">
     <span class='ocr_line' id='line_1_1' title="bbox 773 363 873 426; baseline -0.03 0"><span class='ocrx_word' id='word_1_1' title='bbox 773 363 873 426; x_wconf 67' lang='grc' dir='ltr'><strong>ῩἹΙ</strong></span> 
     </span>
    </p>
   </div>
   <div class='ocr_carea' id='block_1_2' title="bbox 1985 359 2735 425">
    <p class='ocr_par' dir='ltr' id='par_1_2' title="bbox 1985 359 2735 425">
     <span class='ocr_line' id='line_1_2' title="bbox 1985 359 2735 425; baseline 0 -1"><span class='ocrx_word' id='word_1_2' title='bbox 1985 359 2263 425; x_wconf 76' lang='lat' dir='ltr'><strong>MENSIS</strong></span> <span class='ocrx_word' id='word_1_3' title='bbox 2300 365 2735 425; x_wconf 70' lang='lat' dir='ltr'><strong>NOVEMBEK.</strong></span> 
     </span>
    </p>
   </div>
   <div class='ocr_carea' id='block_1_3' title="bbox 3874 371 3982 435">
    <p class='ocr_par' dir='ltr' id='par_1_3' title="bbox 3874 371 3982 435">
     <span class='ocr_line' id='line_1_3' title="bbox 3874 371 3982 435; baseline 0.037 -4"><span class='ocrx_word' id='word_1_4' title='bbox 3874 371 3982 435; x_wconf 71' lang='lat'><strong>27?</strong></span> 
     </span>
    </p>
   </div>
   <div class='ocr_carea' id='block_1_4' title="bbox 771 475 3985 548">
    <p class='ocr_par' dir='ltr' id='par_1_4' title="bbox 771 475 3985 548">
     <span class='ocr_line' id='line_1_4' title="bbox 771 475 3985 548; baseline 0.002 -18"><span class='ocrx_word' id='word_1_5' title='bbox 771 489 950 530; x_wconf 86' lang='lat' dir='ltr'><strong>autem</strong></span> <span class='ocrx_word' id='word_1_6' title='bbox 991 478 1054 531; x_wconf 83' lang='lat' dir='ltr'><strong>iis</strong></span> <span class='ocrx_word' id='word_1_7' title='bbox 1087 479 1136 529; x_wconf 87' lang='lat' dir='ltr'><strong>in</strong></span> <span class='ocrx_word' id='word_1_8' title='bbox 1186 478 1270 530; x_wconf 78' lang='lat' dir='ltr'><strong>illa</strong></span> <span class='ocrx_word' id='word_1_9' title='bbox 1308 477 1706 540; x_wconf 76' lang='lat' dir='ltr'><strong>congress-Eone,</strong></span> <span class='ocrx_word' id='word_1_10' title='bbox 1743 477 1993 543; x_wconf 91' lang='lat' dir='ltr'><strong>apparuit</strong></span> <span class='ocrx_word' id='word_1_11' title='bbox 2039 476 2175 531; x_wconf 89' lang='lat' dir='ltr'><strong>visio</strong></span> <span class='ocrx_word' id='word_1_12' title='bbox 2205 477 2394 536; x_wconf 69' lang='lat' dir='ltr'><strong>cui~,\</strong></span> <span class='ocrx_word' id='word_1_13' title='bbox 2423 490 2580 528; x_wconf 89' lang='lat' dir='ltr'><strong>suum</strong></span> <span class='ocrx_word' id='word_1_14' title='bbox 2634 475 2968 545; x_wconf 62' lang='lat' dir='ltr'><strong>praetorium.</strong></span> <span class='ocrx_word' id='word_1_15' title='bbox 3019 477 3250 543; x_wconf 81' lang='lat' dir='ltr'><strong>Quidam</strong></span> <span class='ocrx_word' id='word_1_16' title='bbox 3308 487 3489 533; x_wconf 85' lang='lat' dir='ltr'><strong>autem</strong></span> <span class='ocrx_word' id='word_1_17' title='bbox 3545 495 3608 532; x_wconf 78' lang='lat' dir='ltr'><strong>ev</strong></span> <span class='ocrx_word' id='word_1_18' title='bbox 3667 485 3985 548; x_wconf 82' lang='lat' dir='ltr'><strong>proceribus</strong></span> 
     </span>
    </p>
   </div>
   <div class='ocr_carea' id='block_1_5' title="bbox 775 565 2319 636">
    <p class='ocr_par' dir='ltr' id='par_1_5' title="bbox 775 565 2319 636">
     <span class='ocr_line' id='line_1_5' title="bbox 775 565 2319 636; baseline 0.001 -19"><span class='ocrx_word' id='word_1_19' title='bbox 775 570 896 622; x_wconf 75' lang='lat' dir='ltr'><strong>iliini</strong></span> <span class='ocrx_word' id='word_1_20' title='bbox 925 583 987 620; x_wconf 83' lang='lat' dir='ltr'><strong>ex</strong></span> <span class='ocrx_word' id='word_1_21' title='bbox 1035 569 1240 636; x_wconf 79' lang='lat' dir='ltr'><strong>legione</strong></span> <span class='ocrx_word' id='word_1_22' title='bbox 1282 565 1648 630; x_wconf 74' lang='lat' dir='ltr'><strong>Martensium,</strong></span> <span class='ocrx_word' id='word_1_23' title='bbox 1699 568 1791 634; x_wconf 90' lang='lat' dir='ltr'><strong>qui</strong></span> <span class='ocrx_word' id='word_1_24' title='bbox 1842 574 1968 619; x_wconf 91' lang='lat' dir='ltr'><strong>sunt</strong></span> <span class='ocrx_word' id='word_1_25' title='bbox 2013 566 2114 620; x_wconf 91' lang='lat' dir='ltr'><strong>sub</strong></span> <span class='ocrx_word' id='word_1_26' title='bbox 2151 569 2319 634; x_wconf 90' lang='lat' dir='ltr'><strong>prima</strong></span> 
     </span>
    </p>
   </div>
   <div class='ocr_carea' id='block_1_6' title="bbox 781 657 2320 726">
    <p class='ocr_par' dir='ltr' id='par_1_6' title="bbox 781 657 2320 726">
     <span class='ocr_line' id='line_1_6' title="bbox 781 657 2320 726; baseline -0.003 -14"><span class='ocrx_word' id='word_1_27' title='bbox 781 662 1062 721; x_wconf 80' lang='lat' dir='ltr'><strong>Armenia,</strong></span> <span class='ocrx_word' id='word_1_28' title='bbox 1097 661 1313 711; x_wconf 90' lang='lat' dir='ltr'><strong>nomine</strong></span> <span class='ocrx_word' id='word_1_29' title='bbox 1342 657 1641 721; x_wconf 79' lang='lat' dir='ltr'><strong>Mercurio;</strong></span> <span class='ocrx_word' id='word_1_30' title='bbox 1670 657 1940 726; x_wconf 89' lang='lat' dir='ltr'><strong>appaiuit,</strong></span> <span class='ocrx_word' id='word_1_31' title='bbox 1971 658 2208 723; x_wconf 83' lang='lat' dir='ltr'><strong>inquam,</strong></span> <span class='ocrx_word' id='word_1_32' title='bbox 2239 657 2320 709; x_wconf 89' lang='lat' dir='ltr'><strong>vir</strong></span> 
     </span>
    </p>
   </div>
   <div class='ocr_carea' id='block_1_7' title="bbox 778 745 2323 816">
    <p class='ocr_par' dir='ltr' id='par_1_7' title="bbox 778 745 2323 816">
     <span class='ocr_line' id='line_1_7' title="bbox 778 745 2323 816; baseline -0.001 -17"><span class='ocrx_word' id='word_1_33' title='bbox 778 751 995 816; x_wconf 80' lang='lat' dir='ltr'><strong>quidam</strong></span> <span class='ocrx_word' id='word_1_34' title='bbox 1032 749 1260 816; x_wconf 71' lang='lat' dir='ltr'><strong>ingentis</strong></span> <span class='ocrx_word' id='word_1_35' title='bbox 1285 747 1692 816; x_wconf 71' lang='lat' dir='ltr'><strong>magnitudinis,</strong></span> <span class='ocrx_word' id='word_1_36' title='bbox 1740 746 1962 800; x_wconf 89' lang='lat' dir='ltr'><strong>indutus</strong></span> <span class='ocrx_word' id='word_1_37' title='bbox 1990 745 2128 800; x_wconf 91' lang='lat' dir='ltr'><strong>albis</strong></span> <span class='ocrx_word' id='word_1_38' title='bbox 2160 750 2323 800; x_wconf 86' lang='lat' dir='ltr'><strong>vesti-</strong></span> 
     </span>
    </p>
   </div>
   <div class='ocr_carea' id='block_1_8' title="bbox 780 838 2323 906">
    <p class='ocr_par' dir='ltr' id='par_1_8' title="bbox 780 838 2323 906">
     <span class='ocr_line' id='line_1_8' title="bbox 780 838 2323 906; baseline 0.001 -15"><span class='ocrx_word' id='word_1_39' title='bbox 780 846 896 901; x_wconf 59' lang='lat' dir='ltr'><strong>laus,</strong></span> <span class='ocrx_word' id='word_1_40' title='bbox 941 841 992 892; x_wconf 90' lang='lat' dir='ltr'><strong>in</strong></span> <span class='ocrx_word' id='word_1_41' title='bbox 1023 841 1244 894; x_wconf 83' lang='lat' dir='ltr'><strong>dextera</strong></span> <span class='ocrx_word' id='word_1_42' title='bbox 1263 856 1419 893; x_wconf 90' lang='lat' dir='ltr'><strong>manu</strong></span> <span class='ocrx_word' id='word_1_43' title='bbox 1449 849 1639 893; x_wconf 85' lang='lat' dir='ltr'><strong>tenetis</strong></span> <span class='ocrx_word' id='word_1_44' title='bbox 1663 839 2051 906; x_wconf 71' lang='lat' dir='ltr'><strong>rhomphaiam,</strong></span> <span class='ocrx_word' id='word_1_45' title='bbox 2084 848 2139 892; x_wconf 91' lang='lat' dir='ltr'><strong>et</strong></span> <span class='ocrx_word' id='word_1_46' title='bbox 2162 838 2211 893; x_wconf 92' lang='lat' dir='ltr'><strong>ei</strong></span> <span class='ocrx_word' id='word_1_47' title='bbox 2241 838 2323 892; x_wconf 85' lang='lat' dir='ltr'><strong>di-</strong></span> 
     </span>
    </p>
   </div>
   <div class='ocr_carea' id='block_1_9' title="bbox 775 929 2319 994">
    <p class='ocr_par' dir='ltr' id='par_1_9' title="bbox 775 929 2319 994">
     <span class='ocr_line' id='line_1_9' title="bbox 775 929 2319 994; baseline 0.001 -13"><span class='ocrx_word' id='word_1_48' title='bbox 775 948 938 982; x_wconf 65' lang='lat' dir='ltr'><strong>(cus:</strong></span> <span class='ocrx_word' id='word_1_49' title='bbox 979 932 1053 982; x_wconf 62' lang='lat' dir='ltr'><strong>Ne</strong></span> <span class='ocrx_word' id='word_1_50' title='bbox 1083 934 1288 994; x_wconf 85' lang='lat' dir='ltr'><strong>timeas,</strong></span> <span class='ocrx_word' id='word_1_51' title='bbox 1332 945 1397 983; x_wconf 90' lang='lat' dir='ltr'><strong>ne</strong></span> <span class='ocrx_word' id='word_1_52' title='bbox 1432 931 1722 993; x_wconf 81' lang='lat' dir='ltr'><strong>lorinides;</strong></span> <span class='ocrx_word' id='word_1_53' title='bbox 1757 945 1874 982; x_wconf 88' lang='lat' dir='ltr'><strong>sum</strong></span> <span class='ocrx_word' id='word_1_54' title='bbox 1925 931 2067 983; x_wconf 91' lang='lat' dir='ltr'><strong>eiiiiii</strong></span> <span class='ocrx_word' id='word_1_55' title='bbox 2103 929 2319 992; x_wconf 83' lang='lat' dir='ltr'><strong>missus,</strong></span> 
     </span>
    </p>
   </div>
   <div class='ocr_carea' id='block_1_10' title="bbox 777 1021 2322 1090">
    <p class='ocr_par' dir='ltr' id='par_1_10' title="bbox 777 1021 2322 1090">
     <span class='ocr_line' id='line_1_10' title="bbox 777 1021 2322 1090; baseline -0.001 -18"><span class='ocrx_word' id='word_1_56' title='bbox 777 1033 833 1075; x_wconf 89' lang='lat' dir='ltr'><strong>iit</strong></span> <span class='ocrx_word' id='word_1_57' title='bbox 867 1023 960 1074; x_wconf 88' lang='lat' dir='ltr'><strong>tibi</strong></span> <span class='ocrx_word' id='word_1_58' title='bbox 990 1039 1144 1090; x_wconf 85' lang='lat' dir='ltr'><strong>opem</strong></span> <span class='ocrx_word' id='word_1_59' title='bbox 1176 1025 1360 1086; x_wconf 83' lang='lat' dir='ltr'><strong>feram,</strong></span> <span class='ocrx_word' id='word_1_60' title='bbox 1390 1033 1441 1076; x_wconf 91' lang='lat' dir='ltr'><strong>et</strong></span> <span class='ocrx_word' id='word_1_61' title='bbox 1468 1035 1517 1074; x_wconf 89' lang='lat' dir='ltr'><strong>te</strong></span> <span class='ocrx_word' id='word_1_62' title='bbox 1550 1021 1769 1074; x_wconf 79' lang='lat' dir='ltr'><strong>reddam</strong></span> <span class='ocrx_word' id='word_1_63' title='bbox 1816 1021 2096 1075; x_wconf 74' lang='lat' dir='ltr'><strong>victorem.</strong></span> <span class='ocrx_word' id='word_1_64' title='bbox 2128 1021 2322 1089; x_wconf 84' lang='lat' dir='ltr'><strong>Accipe</strong></span> 
     </span>
    </p>
   </div>
   <div class='ocr_carea' id='block_1_11' title="bbox 774 1112 2320 1182">
    <p class='ocr_par' dir='ltr' id='par_1_11' title="bbox 774 1112 2320 1182">
     <span class='ocr_line' id='line_1_11' title="bbox 774 1112 2320 1182; baseline -0.002 -15"><span class='ocrx_word' id='word_1_65' title='bbox 774 1131 901 1181; x_wconf 69' lang='lat' dir='ltr'><strong>ergo</strong></span> <span class='ocrx_word' id='word_1_66' title='bbox 932 1115 1069 1168; x_wconf 89' lang='lat' dir='ltr'><strong>hanc</strong></span> <span class='ocrx_word' id='word_1_67' title='bbox 1089 1115 1546 1182; x_wconf 65' lang='lat' dir='ltr'><strong>rhoniphaiam,et</strong></span> <span class='ocrx_word' id='word_1_68' title='bbox 1564 1112 1774 1168; x_wconf 80' lang='lat' dir='ltr'><strong>irrueln</strong></span> <span class='ocrx_word' id='word_1_69' title='bbox 1801 1114 2098 1174; x_wconf 89' lang='lat' dir='ltr'><strong>Barbaros;</strong></span> <span class='ocrx_word' id='word_1_70' title='bbox 2124 1123 2320 1167; x_wconf 91' lang='lat' dir='ltr'><strong>etcum</strong></span> 
     </span>
    </p>
   </div>
   <div class='ocr_carea' id='block_1_12' title="bbox 774 1206 2318 1270">
    <p class='ocr_par' dir='ltr' id='par_1_12' title="bbox 774 1206 2318 1270">
     <span class='ocr_line' id='line_1_12' title="bbox 774 1206 2318 1270; baseline 0 -12"><span class='ocrx_word' id='word_1_71' title='bbox 774 1208 993 1270; x_wconf 82' lang='lat' dir='ltr'><strong>vii-eris,</strong></span> <span class='ocrx_word' id='word_1_72' title='bbox 1027 1223 1092 1261; x_wconf 93' lang='lat' dir='ltr'><strong>ne</strong></span> <span class='ocrx_word' id='word_1_73' title='bbox 1122 1206 1458 1260; x_wconf 66' lang='lat' dir='ltr'><strong>obliviscaris</strong></span> <span class='ocrx_word' id='word_1_74' title='bbox 1490 1206 1697 1261; x_wconf 86' lang='lat' dir='ltr'><strong>Domini</strong></span> <span class='ocrx_word' id='word_1_75' title='bbox 1725 1206 1818 1260; x_wconf 90' lang='lat' dir='ltr'><strong>Dei</strong></span> <span class='ocrx_word' id='word_1_76' title='bbox 1867 1207 1966 1260; x_wconf 93' lang='lat' dir='ltr'><strong>tui.</strong></span> <span class='ocrx_word' id='word_1_77' title='bbox 1995 1206 2088 1260; x_wconf 86' lang='lat' dir='ltr'><strong>Ille</strong></span> <span class='ocrx_word' id='word_1_78' title='bbox 2117 1215 2318 1268; x_wconf 90' lang='lat' dir='ltr'><strong>autem,</strong></span> 
     </span>
    </p>
   </div>
   <div class='ocr_carea' id='block_1_13' title="bbox 773 1297 2320 1366">
    <p class='ocr_par' dir='ltr' id='par_1_13' title="bbox 773 1297 2320 1366">
     <span class='ocr_line' id='line_1_13' title="bbox 773 1297 2320 1366; baseline -0.001 -15"><span class='ocrx_word' id='word_1_79' title='bbox 773 1313 826 1351; x_wconf 91' lang='lat' dir='ltr'><strong>ui</strong></span> <span class='ocrx_word' id='word_1_80' title='bbox 860 1300 948 1366; x_wconf 91' lang='lat' dir='ltr'><strong>qui</strong></span> <span class='ocrx_word' id='word_1_81' title='bbox 991 1314 1019 1351; x_wconf 90' lang='lat' dir='ltr'><strong>a</strong></span> <span class='ocrx_word' id='word_1_82' title='bbox 1051 1313 1108 1352; x_wconf 90' lang='lat' dir='ltr'><strong>se</strong></span> <span class='ocrx_word' id='word_1_83' title='bbox 1147 1298 1502 1361; x_wconf 82' lang='lat' dir='ltr'><strong>discessisset,</strong></span> <span class='ocrx_word' id='word_1_84' title='bbox 1532 1297 1871 1352; x_wconf 71' lang='lat' dir='ltr'><strong>existimabat</strong></span> <span class='ocrx_word' id='word_1_85' title='bbox 1907 1312 2027 1352; x_wconf 79' lang='lat' dir='ltr'><strong>eSse</strong></span> <span class='ocrx_word' id='word_1_86' title='bbox 2060 1313 2224 1351; x_wconf 91' lang='lat' dir='ltr'><strong>unum</strong></span> <span class='ocrx_word' id='word_1_87' title='bbox 2255 1313 2320 1350; x_wconf 85' lang='lat' dir='ltr'><strong>ex</strong></span> 
     </span>
    </p>
   </div>
   <div class='ocr_carea' id='block_1_14' title="bbox 773 1388 2321 1459">
    <p class='ocr_par' dir='ltr' id='par_1_14' title="bbox 773 1388 2321 1459">
     <span class='ocr_line' id='line_1_14' title="bbox 773 1388 2321 1459; baseline -0.001 -18"><span class='ocrx_word' id='word_1_88' title='bbox 773 1393 1114 1459; x_wconf 80' lang='lat' dir='ltr'><strong>principibus</strong></span> <span class='ocrx_word' id='word_1_89' title='bbox 1157 1391 1513 1459; x_wconf 82' lang='lat' dir='ltr'><strong>imperatoris.</strong></span> <span class='ocrx_word' id='word_1_90' title='bbox 1547 1388 1716 1454; x_wconf 89' lang='lat' dir='ltr'><strong>Quam</strong></span> <span class='ocrx_word' id='word_1_91' title='bbox 1749 1405 1870 1443; x_wconf 92' lang='lat' dir='ltr'><strong>cum</strong></span> <span class='ocrx_word' id='word_1_92' title='bbox 1916 1391 2229 1458; x_wconf 86' lang='lat' dir='ltr'><strong>accepisset,</strong></span> <span class='ocrx_word' id='word_1_93' title='bbox 2267 1396 2321 1440; x_wconf 88' lang='lat' dir='ltr'><strong>et</strong></span> 
     </span>
    </p>
   </div>
   <div class='ocr_carea' id='block_1_15' title="bbox 776 1478 2317 1546">
    <p class='ocr_par' dir='ltr' id='par_1_15' title="bbox 776 1478 2317 1546">
     <span class='ocr_line' id='line_1_15' title="bbox 776 1478 2317 1546; baseline 0 -17"><span class='ocrx_word' id='word_1_94' title='bbox 776 1497 830 1534; x_wconf 69' lang='lat' dir='ltr'><strong>se</strong></span> <span class='ocrx_word' id='word_1_95' title='bbox 883 1482 1174 1541; x_wconf 85' lang='lat' dir='ltr'><strong>incitasset,</strong></span> <span class='ocrx_word' id='word_1_96' title='bbox 1230 1479 1490 1546; x_wconf 89' lang='lat' dir='ltr'><strong>impetum</strong></span> <span class='ocrx_word' id='word_1_97' title='bbox 1542 1479 1670 1532; x_wconf 89' lang='lat' dir='ltr'><strong>l&#39;ecit</strong></span> <span class='ocrx_word' id='word_1_98' title='bbox 1711 1479 1763 1530; x_wconf 93' lang='lat' dir='ltr'><strong>in</strong></span> <span class='ocrx_word' id='word_1_99' title='bbox 1807 1478 2094 1538; x_wconf 84' lang='lat' dir='ltr'><strong>Barbaros,</strong></span> <span class='ocrx_word' id='word_1_100' title='bbox 2144 1478 2317 1545; x_wconf 85' lang='lat' dir='ltr'><strong>iisque</strong></span> 
     </span>
    </p>
   </div>
   <div class='ocr_carea' id='block_1_16' title="bbox 775 1566 2319 1632">
    <p class='ocr_par' dir='ltr' id='par_1_16' title="bbox 775 1566 2319 1632">
     <span class='ocr_line' id='line_1_16' title="bbox 775 1566 2319 1632; baseline -0.001 -12"><span class='ocrx_word' id='word_1_101' title='bbox 775 1571 979 1629; x_wconf 82' lang='lat' dir='ltr'><strong>l&#39;ractis,</strong></span> <span class='ocrx_word' id='word_1_102' title='bbox 1017 1583 1204 1621; x_wconf 91' lang='lat' dir='ltr'><strong>eorum</strong></span> <span class='ocrx_word' id='word_1_103' title='bbox 1241 1583 1418 1632; x_wconf 79' lang='lat' dir='ltr'><strong>regem</strong></span> <span class='ocrx_word' id='word_1_104' title='bbox 1451 1567 1668 1630; x_wconf 91' lang='lat' dir='ltr'><strong>occidit,</strong></span> <span class='ocrx_word' id='word_1_105' title='bbox 1700 1576 1754 1620; x_wconf 89' lang='lat' dir='ltr'><strong>et</strong></span> <span class='ocrx_word' id='word_1_106' title='bbox 1778 1567 1974 1620; x_wconf 88' lang='lat' dir='ltr'><strong>inultos</strong></span> <span class='ocrx_word' id='word_1_107' title='bbox 1998 1567 2152 1628; x_wconf 90' lang='lat' dir='ltr'><strong>alios,</strong></span> <span class='ocrx_word' id='word_1_108' title='bbox 2185 1566 2319 1619; x_wconf 90' lang='lat' dir='ltr'><strong>adeo</strong></span> 
     </span>
    </p>
   </div>
   <div class='ocr_carea' id='block_1_17' title="bbox 776 1657 2319 1726">
    <p class='ocr_par' dir='ltr' id='par_1_17' title="bbox 776 1657 2319 1726">
     <span class='ocr_line' id='line_1_17' title="bbox 776 1657 2319 1726; baseline 0.002 -18"><span class='ocrx_word' id='word_1_109' title='bbox 776 1670 832 1710; x_wconf 88' lang='lat' dir='ltr'><strong>ut</strong></span> <span class='ocrx_word' id='word_1_110' title='bbox 864 1658 1132 1711; x_wconf 79' lang='lat' dir='ltr'><strong>defessum</strong></span> <span class='ocrx_word' id='word_1_111' title='bbox 1163 1669 1304 1711; x_wconf 83' lang='lat' dir='ltr'><strong>esset</strong></span> <span class='ocrx_word' id='word_1_112' title='bbox 1333 1657 1381 1710; x_wconf 91' lang='lat' dir='ltr'><strong>ei</strong></span> <span class='ocrx_word' id='word_1_113' title='bbox 1413 1657 1713 1720; x_wconf 81' lang='lat' dir='ltr'><strong>brachium,</strong></span> <span class='ocrx_word' id='word_1_114' title='bbox 1745 1665 1798 1709; x_wconf 91' lang='lat' dir='ltr'><strong>et</strong></span> <span class='ocrx_word' id='word_1_115' title='bbox 1819 1672 1884 1710; x_wconf 89' lang='lat' dir='ltr'><strong>ex</strong></span> <span class='ocrx_word' id='word_1_116' title='bbox 1919 1659 2177 1725; x_wconf 81' lang='lat' dir='ltr'><strong>sanguine</strong></span> <span class='ocrx_word' id='word_1_117' title='bbox 2203 1659 2319 1726; x_wconf 83' lang='lat' dir='ltr'><strong>ejus</strong></span> 
     </span>
    </p>
   </div>
   <div class='ocr_carea' id='block_1_18' title="bbox 777 1747 2314 1818">
    <p class='ocr_par' dir='ltr' id='par_1_18' title="bbox 777 1747 2314 1818">
     <span class='ocr_line' id='line_1_18' title="bbox 777 1747 2314 1818; baseline 0 -18"><span class='ocrx_word' id='word_1_118' title='bbox 777 1750 955 1800; x_wconf 86' lang='lat' dir='ltr'><strong>manui</strong></span> <span class='ocrx_word' id='word_1_119' title='bbox 997 1750 1291 1802; x_wconf 74' lang='lat' dir='ltr'><strong>adhaereret</strong></span> <span class='ocrx_word' id='word_1_120' title='bbox 1330 1749 1654 1816; x_wconf 71' lang='lat' dir='ltr'><strong>rliomphtea.</strong></span> <span class='ocrx_word' id='word_1_121' title='bbox 1717 1747 1914 1817; x_wconf 89' lang='lat' dir='ltr'><strong>Sicque</strong></span> <span class='ocrx_word' id='word_1_122' title='bbox 1951 1747 2123 1802; x_wconf 77' lang='lat' dir='ltr'><strong>lusiet</strong></span> <span class='ocrx_word' id='word_1_123' title='bbox 2152 1747 2314 1818; x_wconf 78' lang='lat' dir='ltr'><strong>fugati</strong></span> 
     </span>
    </p>
   </div>
   <div class='ocr_carea' id='block_1_19' title="bbox 775 1839 1513 1894">
    <p class='ocr_par' dir='ltr' id='par_1_19' title="bbox 775 1839 1513 1894">
     <span class='ocr_line' id='line_1_19' title="bbox 775 1839 1513 1894; baseline -0.001 0"><span class='ocrx_word' id='word_1_124' title='bbox 775 1851 900 1894; x_wconf 77' lang='lat' dir='ltr'><strong>sunt</strong></span> <span class='ocrx_word' id='word_1_125' title='bbox 928 1839 1144 1893; x_wconf 79' lang='lat' dir='ltr'><strong>Barbari</strong></span> <span class='ocrx_word' id='word_1_126' title='bbox 1176 1855 1204 1893; x_wconf 87' lang='lat' dir='ltr'><strong>a</strong></span> <span class='ocrx_word' id='word_1_127' title='bbox 1235 1840 1513 1893; x_wconf 72' lang='lat' dir='ltr'><strong>Romanis.</strong></span> 
     </span>
    </p>
   </div>
   <div class='ocr_carea' id='block_1_20' title="bbox 848 1929 2322 1998">
    <p class='ocr_par' dir='ltr' id='par_1_20' title="bbox 848 1929 2322 1998">
     <span class='ocr_line' id='line_1_20' title="bbox 848 1929 2322 1998; baseline 0.001 -16"><span class='ocrx_word' id='word_1_128' title='bbox 848 1931 932 1983; x_wconf 92' lang='lat' dir='ltr'><strong>Ill.</strong></span> <span class='ocrx_word' id='word_1_129' title='bbox 976 1930 1125 1983; x_wconf 88' lang='lat' dir='ltr'><strong>Tunc</strong></span> <span class='ocrx_word' id='word_1_130' title='bbox 1152 1929 1372 1993; x_wconf 88' lang='lat' dir='ltr'><strong>Decius,</strong></span> <span class='ocrx_word' id='word_1_131' title='bbox 1411 1945 1532 1983; x_wconf 90' lang='lat' dir='ltr'><strong>cum</strong></span> <span class='ocrx_word' id='word_1_132' title='bbox 1561 1930 1870 1985; x_wconf 85' lang='lat' dir='ltr'><strong>rescivisset</strong></span> <span class='ocrx_word' id='word_1_133' title='bbox 1896 1929 2162 1998; x_wconf 72' lang='lat' dir='ltr'><strong>singulare</strong></span> <span class='ocrx_word' id='word_1_134' title='bbox 2206 1929 2322 1997; x_wconf 88' lang='lat' dir='ltr'><strong>ejus</strong></span> 
     </span>
    </p>
   </div>
   <div class='ocr_carea' id='block_1_21' title="bbox 776 2021 2322 2090">
    <p class='ocr_par' dir='ltr' id='par_1_21' title="bbox 776 2021 2322 2090">
     <span class='ocr_line' id='line_1_21' title="bbox 776 2021 2322 2090; baseline 0.001 -18"><span class='ocrx_word' id='word_1_135' title='bbox 776 2032 1070 2080; x_wconf 61' lang='lat' dir='ltr'><strong>certamen.</strong></span> <span class='ocrx_word' id='word_1_136' title='bbox 1099 2035 1221 2073; x_wconf 90' lang='lat' dir='ltr'><strong>eum</strong></span> <span class='ocrx_word' id='word_1_137' title='bbox 1259 2023 1578 2074; x_wconf 75' lang='lat' dir='ltr'><strong>accersitum</strong></span> <span class='ocrx_word' id='word_1_138' title='bbox 1607 2021 1826 2075; x_wconf 88' lang='lat' dir='ltr'><strong>donavit</strong></span> <span class='ocrx_word' id='word_1_139' title='bbox 1853 2022 2111 2090; x_wconf 79' lang='lat' dir='ltr'><strong>dignitate</strong></span> <span class='ocrx_word' id='word_1_140' title='bbox 2135 2021 2322 2074; x_wconf 91' lang='lat' dir='ltr'><strong>ducto-</strong></span> 
     </span>
    </p>
   </div>
   <div class='ocr_carea' id='block_1_22' title="bbox 776 2109 2322 2179">
    <p class='ocr_par' dir='ltr' id='par_1_22' title="bbox 776 2109 2322 2179">
     <span class='ocr_line' id='line_1_22' title="bbox 776 2109 2322 2179; baseline 0.003 -20"><span class='ocrx_word' id='word_1_141' title='bbox 776 2111 846 2161; x_wconf 91' lang='lat' dir='ltr'><strong>ris</strong></span> <span class='ocrx_word' id='word_1_142' title='bbox 888 2113 1175 2169; x_wconf 82' lang='lat' dir='ltr'><strong>exercitus,</strong></span> <span class='ocrx_word' id='word_1_143' title='bbox 1227 2109 1564 2163; x_wconf 83' lang='lat' dir='ltr'><strong>constituens</strong></span> <span class='ocrx_word' id='word_1_144' title='bbox 1613 2119 1672 2163; x_wconf 92' lang='lat' dir='ltr'><strong>ut</strong></span> <span class='ocrx_word' id='word_1_145' title='bbox 1713 2121 1969 2179; x_wconf 64' lang='lat' dir='ltr'><strong>pratesset</strong></span> <span class='ocrx_word' id='word_1_146' title='bbox 2020 2109 2233 2175; x_wconf 88' lang='lat' dir='ltr'><strong>castris,</strong></span> <span class='ocrx_word' id='word_1_147' title='bbox 2268 2119 2322 2163; x_wconf 90' lang='lat' dir='ltr'><strong>et</strong></span> 
     </span>
    </p>
   </div>
   <div class='ocr_carea' id='block_1_23' title="bbox 773 2198 2323 2269">
    <p class='ocr_par' dir='ltr' id='par_1_23' title="bbox 773 2198 2323 2269">
     <span class='ocr_line' id='line_1_23' title="bbox 773 2198 2323 2269; baseline 0.001 -19"><span class='ocrx_word' id='word_1_148' title='bbox 773 2202 1067 2254; x_wconf 69' lang='lat' dir='ltr'><strong>arbitratus</strong></span> <span class='ocrx_word' id='word_1_149' title='bbox 1111 2200 1305 2254; x_wconf 87' lang='lat' dir='ltr'><strong>Decius</strong></span> <span class='ocrx_word' id='word_1_150' title='bbox 1350 2215 1407 2254; x_wconf 91' lang='lat' dir='ltr'><strong>se</strong></span> <span class='ocrx_word' id='word_1_151' title='bbox 1451 2199 1674 2254; x_wconf 89' lang='lat' dir='ltr'><strong>deorum</strong></span> <span class='ocrx_word' id='word_1_152' title='bbox 1720 2199 2059 2269; x_wconf 80' lang='lat' dir='ltr'><strong>providentia</strong></span> <span class='ocrx_word' id='word_1_153' title='bbox 2103 2215 2133 2252; x_wconf 93' lang='lat' dir='ltr'><strong>a</strong></span> <span class='ocrx_word' id='word_1_154' title='bbox 2181 2198 2323 2252; x_wconf 89' lang='lat' dir='ltr'><strong>bello</strong></span> 
     </span>
    </p>
   </div>
   <div class='ocr_carea' id='block_1_24' title="bbox 772 2287 2321 2358">
    <p class='ocr_par' dir='ltr' id='par_1_24' title="bbox 772 2287 2321 2358">
     <span class='ocr_line' id='line_1_24' title="bbox 772 2287 2321 2358; baseline -0.003 -13"><span class='ocrx_word' id='word_1_155' title='bbox 772 2296 938 2345; x_wconf 73' lang='lat' dir='ltr'><strong>luisse</strong></span> <span class='ocrx_word' id='word_1_156' title='bbox 1000 2292 1354 2358; x_wconf 90' lang='lat' dir='ltr'><strong>superiorem,</strong></span> <span class='ocrx_word' id='word_1_157' title='bbox 1390 2290 1543 2345; x_wconf 81' lang='lat' dir='ltr'><strong>valde</strong></span> <span class='ocrx_word' id='word_1_158' title='bbox 1590 2291 1904 2352; x_wconf 63' lang='lat' dir='ltr'><strong>laetabatur;</strong></span> <span class='ocrx_word' id='word_1_159' title='bbox 1936 2300 2138 2343; x_wconf 92' lang='lat' dir='ltr'><strong>etcum</strong></span> <span class='ocrx_word' id='word_1_160' title='bbox 2179 2287 2321 2342; x_wconf 89' lang='lat' dir='ltr'><strong>mili-</strong></span> 
     </span>
    </p>
   </div>
   <div class='ocr_carea' id='block_1_25' title="bbox 780 2380 2322 2449">
    <p class='ocr_par' dir='ltr' id='par_1_25' title="bbox 780 2380 2322 2449">
     <span class='ocr_line' id='line_1_25' title="bbox 780 2380 2322 2449; baseline 0 -17"><span class='ocrx_word' id='word_1_161' title='bbox 780 2383 922 2434; x_wconf 72' lang='lat' dir='ltr'><strong>iiiius</strong></span> <span class='ocrx_word' id='word_1_162' title='bbox 975 2380 1199 2433; x_wconf 87' lang='lat' dir='ltr'><strong>multum</strong></span> <span class='ocrx_word' id='word_1_163' title='bbox 1267 2380 1833 2449; x_wconf 71' lang='lat' dir='ltr'><strong>erogassetpecunite,</strong></span> <span class='ocrx_word' id='word_1_164' title='bbox 1885 2391 2322 2448; x_wconf 85' lang='lat' dir='ltr'><strong>unumquemque</strong></span> 
     </span>
    </p>
   </div>
   <div class='ocr_carea' id='block_1_26' title="bbox 777 2470 2324 2539">
    <p class='ocr_par' dir='ltr' id='par_1_26' title="bbox 777 2470 2324 2539">
     <span class='ocr_line' id='line_1_26' title="bbox 777 2470 2324 2539; baseline -0.001 -15"><span class='ocrx_word' id='word_1_165' title='bbox 777 2473 920 2525; x_wconf 69' lang='grc' dir='ltr'><strong>ιιιὶτὶι</strong></span> <span class='ocrx_word' id='word_1_166' title='bbox 953 2472 1005 2525; x_wconf 93' lang='lat' dir='ltr'><strong>in</strong></span> <span class='ocrx_word' id='word_1_167' title='bbox 1030 2473 1206 2526; x_wconf 90' lang='lat' dir='ltr'><strong>locum</strong></span> <span class='ocrx_word' id='word_1_168' title='bbox 1227 2485 1384 2524; x_wconf 90' lang='lat' dir='ltr'><strong>suum</strong></span> <span class='ocrx_word' id='word_1_169' title='bbox 1412 2487 1423 2522; x_wconf 90' lang='lat'><strong>:</strong></span> <span class='ocrx_word' id='word_1_170' title='bbox 1458 2470 1571 2539; x_wconf 90' lang='lat' dir='ltr'><strong>ipse</strong></span> <span class='ocrx_word' id='word_1_171' title='bbox 1597 2479 1776 2523; x_wconf 90' lang='lat' dir='ltr'><strong>autem</strong></span> <span class='ocrx_word' id='word_1_172' title='bbox 1799 2470 2105 2539; x_wconf 78' lang='lat' dir='ltr'><strong>ingrediens</strong></span> <span class='ocrx_word' id='word_1_173' title='bbox 2137 2484 2324 2522; x_wconf 89' lang='lat' dir='ltr'><strong>unam-</strong></span> 
     </span>
    </p>
   </div>
   <div class='ocr_carea' id='block_1_27' title="bbox 773 2561 2324 2632">
    <p class='ocr_par' dir='ltr' id='par_1_27' title="bbox 773 2561 2324 2632">
     <span class='ocr_line' id='line_1_27' title="bbox 773 2561 2324 2632; baseline 0.001 -20"><span class='ocrx_word' id='word_1_174' title='bbox 773 2578 1042 2632; x_wconf 81' lang='lat' dir='ltr'><strong>quamque</strong></span> <span class='ocrx_word' id='word_1_175' title='bbox 1077 2563 1378 2626; x_wconf 88' lang='lat' dir='ltr'><strong>civitatem,</strong></span> <span class='ocrx_word' id='word_1_176' title='bbox 1421 2576 1614 2630; x_wconf 89' lang='lat' dir='ltr'><strong>magna</strong></span> <span class='ocrx_word' id='word_1_177' title='bbox 1653 2561 1885 2614; x_wconf 82' lang='lat' dir='ltr'><strong>faciebat</strong></span> <span class='ocrx_word' id='word_1_178' title='bbox 1913 2561 2177 2624; x_wconf 82' lang='lat' dir='ltr'><strong>con’vivia,</strong></span> <span class='ocrx_word' id='word_1_179' title='bbox 2217 2561 2324 2614; x_wconf 79' lang='lat' dir='ltr'><strong>Ro-</strong></span> 
     </span>
    </p>
   </div>
   <div class='ocr_carea' id='block_1_28' title="bbox 774 2647 2325 2720">
    <p class='ocr_par' dir='ltr' id='par_1_28' title="bbox 774 2647 2325 2720">
     <span class='ocr_line' id='line_1_28' title="bbox 774 2647 2325 2720; baseline -0.001 -16"><span class='ocrx_word' id='word_1_180' title='bbox 774 2668 912 2704; x_wconf 82' lang='lat' dir='ltr'><strong>mani</strong></span> <span class='ocrx_word' id='word_1_181' title='bbox 945 2650 1313 2720; x_wconf 88' lang='lat' dir='ltr'><strong>proﬁciscens.</strong></span> <span class='ocrx_word' id='word_1_182' title='bbox 1351 2648 1466 2704; x_wconf 86' lang='lat' dir='ltr'><strong>Una</strong></span> <span class='ocrx_word' id='word_1_183' title='bbox 1513 2657 1691 2703; x_wconf 89' lang='lat' dir='ltr'><strong>autem</strong></span> <span class='ocrx_word' id='word_1_184' title='bbox 1724 2660 1879 2703; x_wconf 88' lang='lat' dir='ltr'><strong>nocte</strong></span> <span class='ocrx_word' id='word_1_185' title='bbox 1907 2663 2027 2702; x_wconf 91' lang='lat' dir='ltr'><strong>cum</strong></span> <span class='ocrx_word' id='word_1_186' title='bbox 2060 2647 2325 2702; x_wconf 90' lang='lat' dir='ltr'><strong>dormiret</strong></span> 
     </span>
    </p>
   </div>
   <div class='ocr_carea' id='block_1_29' title="bbox 772 2739 2322 2809">
    <p class='ocr_par' dir='ltr' id='par_1_29' title="bbox 772 2739 2322 2809">
     <span class='ocr_line' id='line_1_29' title="bbox 772 2739 2322 2809; baseline -0.001 -14"><span class='ocrx_word' id='word_1_187' title='bbox 772 2745 879 2795; x_wconf 87' lang='lat' dir='ltr'><strong>dux</strong></span> <span class='ocrx_word' id='word_1_188' title='bbox 906 2743 1200 2803; x_wconf 83' lang='lat' dir='ltr'><strong>exercitus,</strong></span> <span class='ocrx_word' id='word_1_189' title='bbox 1234 2741 1296 2794; x_wconf 90' lang='lat' dir='ltr'><strong>ad</strong></span> <span class='ocrx_word' id='word_1_190' title='bbox 1324 2756 1450 2794; x_wconf 90' lang='lat' dir='ltr'><strong>eum</strong></span> <span class='ocrx_word' id='word_1_191' title='bbox 1476 2739 1686 2794; x_wconf 85' lang='lat' dir='ltr'><strong>accedit</strong></span> <span class='ocrx_word' id='word_1_192' title='bbox 1711 2741 1929 2809; x_wconf 83' lang='lat' dir='ltr'><strong>angelus</strong></span> <span class='ocrx_word' id='word_1_193' title='bbox 1960 2740 2010 2791; x_wconf 92' lang='lat' dir='ltr'><strong>in</strong></span> <span class='ocrx_word' id='word_1_194' title='bbox 2045 2740 2236 2808; x_wconf 88' lang='lat' dir='ltr'><strong>prima,</strong></span> <span class='ocrx_word' id='word_1_195' title='bbox 2269 2739 2322 2793; x_wconf 90' lang='lat' dir='ltr'><strong>in</strong></span> 
     </span>
    </p>
   </div>
   <div class='ocr_carea' id='block_1_30' title="bbox 772 2830 2320 2902">
    <p class='ocr_par' dir='ltr' id='par_1_30' title="bbox 772 2830 2320 2902">
     <span class='ocr_line' id='line_1_30' title="bbox 772 2830 2320 2902; baseline -0.001 -18"><span class='ocrx_word' id='word_1_196' title='bbox 772 2850 876 2902; x_wconf 86' lang='lat' dir='ltr'><strong>qua</strong></span> <span class='ocrx_word' id='word_1_197' title='bbox 910 2840 1251 2900; x_wconf 87' lang='lat' dir='ltr'><strong>apparuerat,</strong></span> <span class='ocrx_word' id='word_1_198' title='bbox 1285 2830 1452 2899; x_wconf 86' lang='lat' dir='ltr'><strong>ﬁgura</strong></span> <span class='ocrx_word' id='word_1_199' title='bbox 1482 2847 1495 2884; x_wconf 91' lang='lat'><strong>:</strong></span> <span class='ocrx_word' id='word_1_200' title='bbox 1526 2841 1582 2883; x_wconf 90' lang='lat' dir='ltr'><strong>et</strong></span> <span class='ocrx_word' id='word_1_201' title='bbox 1602 2838 1804 2899; x_wconf 88' lang='lat' dir='ltr'><strong>puncto</strong></span> <span class='ocrx_word' id='word_1_202' title='bbox 1832 2831 1952 2898; x_wconf 88' lang='lat' dir='ltr'><strong>ejus</strong></span> <span class='ocrx_word' id='word_1_203' title='bbox 1982 2830 2170 2893; x_wconf 88' lang='lat' dir='ltr'><strong>latere,</strong></span> <span class='ocrx_word' id='word_1_204' title='bbox 2197 2844 2320 2883; x_wconf 87' lang='lat' dir='ltr'><strong>eum</strong></span> 
     </span>
    </p>
   </div>
   <div class='ocr_carea' id='block_1_31' title="bbox 774 2917 2322 2983">
    <p class='ocr_par' dir='ltr' id='par_1_31' title="bbox 774 2917 2322 2983">
     <span class='ocr_line' id='line_1_31' title="bbox 774 2917 2322 2983; baseline -0.001 -8"><span class='ocrx_word' id='word_1_205' title='bbox 774 2924 1049 2976; x_wconf 68' lang='lat' dir='ltr'><strong>excitavit.</strong></span> <span class='ocrx_word' id='word_1_206' title='bbox 1083 2921 1176 2975; x_wconf 91' lang='lat' dir='ltr'><strong>Ille</strong></span> <span class='ocrx_word' id='word_1_207' title='bbox 1206 2934 1353 2983; x_wconf 89' lang='lat' dir='ltr'><strong>vero,</strong></span> <span class='ocrx_word' id='word_1_208' title='bbox 1406 2935 1528 2973; x_wconf 87' lang='lat' dir='ltr'><strong>cum</strong></span> <span class='ocrx_word' id='word_1_209' title='bbox 1558 2935 1682 2975; x_wconf 90' lang='lat' dir='ltr'><strong>eum</strong></span> <span class='ocrx_word' id='word_1_210' title='bbox 1705 2920 1947 2982; x_wconf 86' lang='lat' dir='ltr'><strong>vidisset,</strong></span> <span class='ocrx_word' id='word_1_211' title='bbox 1975 2920 2163 2972; x_wconf 87' lang='lat' dir='ltr'><strong>timore</strong></span> <span class='ocrx_word' id='word_1_212' title='bbox 2192 2917 2322 2974; x_wconf 82' lang='lat' dir='ltr'><strong>all‘e-</strong></span> 
     </span>
    </p>
   </div>
   <div class='ocr_carea' id='block_1_32' title="bbox 771 3009 2319 3078">
    <p class='ocr_par' dir='ltr' id='par_1_32' title="bbox 771 3009 2319 3078">
     <span class='ocr_line' id='line_1_32' title="bbox 771 3009 2319 3078; baseline -0.003 -12"><span class='ocrx_word' id='word_1_213' title='bbox 771 3025 911 3076; x_wconf 79' lang='lat' dir='ltr'><strong>ctus,</strong></span> <span class='ocrx_word' id='word_1_214' title='bbox 968 3013 1163 3065; x_wconf 85' lang='lat' dir='ltr'><strong>mansit</strong></span> <span class='ocrx_word' id='word_1_215' title='bbox 1208 3022 1411 3065; x_wconf 90' lang='lat' dir='ltr'><strong>mutus.</strong></span> <span class='ocrx_word' id='word_1_216' title='bbox 1467 3012 1605 3064; x_wconf 89' lang='lat' dir='ltr'><strong>Dicit</strong></span> <span class='ocrx_word' id='word_1_217' title='bbox 1653 3011 1703 3066; x_wconf 88' lang='lat' dir='ltr'><strong>ei</strong></span> <span class='ocrx_word' id='word_1_218' title='bbox 1753 3009 2012 3078; x_wconf 84' lang='lat' dir='ltr'><strong>angelus:</strong></span> <span class='ocrx_word' id='word_1_219' title='bbox 2070 3009 2319 3072; x_wconf 76' lang='lat' dir='ltr'><strong>Mercuri,</strong></span> 
     </span>
    </p>
   </div>
   <div class='ocr_carea' id='block_1_33' title="bbox 776 3100 2393 3194">
    <p class='ocr_par' dir='ltr' id='par_1_33' title="bbox 776 3100 2393 3194">
     <span class='ocr_line' id='line_1_33' title="bbox 776 3100 2393 3194; baseline 0 -39"><span class='ocrx_word' id='word_1_220' title='bbox 776 3117 1044 3157; x_wconf 84' lang='lat' dir='ltr'><strong>iiiemeiilo</strong></span> <span class='ocrx_word' id='word_1_221' title='bbox 1079 3103 1207 3172; x_wconf 88' lang='lat' dir='ltr'><strong>quid</strong></span> <span class='ocrx_word' id='word_1_222' title='bbox 1261 3103 1356 3158; x_wconf 83' lang='lat' dir='ltr'><strong>tibi</strong></span> <span class='ocrx_word' id='word_1_223' title='bbox 1414 3102 1753 3194; x_wconf 24' lang='lat' dir='ltr'><strong>dixerimiin</strong></span> <span class='ocrx_word' id='word_1_224' title='bbox 1801 3100 2058 3194; x_wconf 73' lang='lat' dir='ltr'><strong>conﬂictu</strong></span> <span class='ocrx_word' id='word_1_225' title='bbox 2106 3101 2314 3194; x_wconf 62' lang='lat' dir='ltr'><strong>praelii;</strong></span> <span class='ocrx_word' id='word_1_226' title='bbox 2349 3133 2393 3194; x_wconf 79' lang='lat' dir='ltr'>c</span> 
     </span>
    </p>
   </div>
   <div class='ocr_carea' id='block_1_34' title="bbox 784 3192 2319 3261">
    <p class='ocr_par' dir='ltr' id='par_1_34' title="bbox 784 3192 2319 3261">
     <span class='ocr_line' id='line_1_34' title="bbox 784 3192 2319 3261; baseline -0.002 -12"><span class='ocrx_word' id='word_1_227' title='bbox 784 3196 911 3250; x_wconf 67' lang='lat' dir='ltr'><strong>Vide</strong></span> <span class='ocrx_word' id='word_1_228' title='bbox 957 3212 1021 3249; x_wconf 92' lang='lat' dir='ltr'><strong>iie</strong></span> <span class='ocrx_word' id='word_1_229' title='bbox 1057 3195 1392 3249; x_wconf 89' lang='lat' dir='ltr'><strong>obliviscaris</strong></span> <span class='ocrx_word' id='word_1_230' title='bbox 1426 3194 1634 3248; x_wconf 87' lang='lat' dir='ltr'><strong>Domini</strong></span> <span class='ocrx_word' id='word_1_231' title='bbox 1664 3193 1756 3246; x_wconf 89' lang='lat' dir='ltr'><strong>Dei</strong></span> <span class='ocrx_word' id='word_1_232' title='bbox 1792 3193 1887 3246; x_wconf 93' lang='lat' dir='ltr'><strong>tui.</strong></span> <span class='ocrx_word' id='word_1_233' title='bbox 1923 3192 2147 3261; x_wconf 87' lang='lat' dir='ltr'><strong>Oportet</strong></span> <span class='ocrx_word' id='word_1_234' title='bbox 2175 3192 2319 3246; x_wconf 88' lang='lat' dir='ltr'><strong>enim</strong></span> 
     </span>
    </p>
   </div>
   <div class='ocr_carea' id='block_1_35' title="bbox 777 3284 2324 3355">
    <p class='ocr_par' dir='ltr' id='par_1_35' title="bbox 777 3284 2324 3355">
     <span class='ocr_line' id='line_1_35' title="bbox 777 3284 2324 3355; baseline 0 -17"><span class='ocrx_word' id='word_1_235' title='bbox 777 3303 826 3342; x_wconf 90' lang='lat' dir='ltr'><strong>ie</strong></span> <span class='ocrx_word' id='word_1_236' title='bbox 864 3304 956 3354; x_wconf 89' lang='lat' dir='ltr'><strong>pro</strong></span> <span class='ocrx_word' id='word_1_237' title='bbox 992 3287 1106 3355; x_wconf 91' lang='lat' dir='ltr'><strong>ipso</strong></span> <span class='ocrx_word' id='word_1_238' title='bbox 1154 3297 1362 3340; x_wconf 90' lang='lat' dir='ltr'><strong>certare</strong></span> <span class='ocrx_word' id='word_1_239' title='bbox 1411 3285 1669 3354; x_wconf 76' lang='lat' dir='ltr'><strong>legitime,</strong></span> <span class='ocrx_word' id='word_1_240' title='bbox 1716 3295 1771 3338; x_wconf 92' lang='lat' dir='ltr'><strong>et</strong></span> <span class='ocrx_word' id='word_1_241' title='bbox 1802 3299 2054 3337; x_wconf 89' lang='lat' dir='ltr'><strong>coronam</strong></span> <span class='ocrx_word' id='word_1_242' title='bbox 2087 3284 2324 3338; x_wconf 73' lang='lat' dir='ltr'><strong>victoria:</strong></span> 
     </span>
    </p>
   </div>
   <div class='ocr_carea' id='block_1_36' title="bbox 777 3376 2318 3447">
    <p class='ocr_par' dir='ltr' id='par_1_36' title="bbox 777 3376 2318 3447">
     <span class='ocr_line' id='line_1_36' title="bbox 777 3376 2318 3447; baseline 0.001 -21"><span class='ocrx_word' id='word_1_243' title='bbox 777 3381 1022 3447; x_wconf 64' lang='lat' dir='ltr'><strong>accipere</strong></span> <span class='ocrx_word' id='word_1_244' title='bbox 1058 3379 1110 3430; x_wconf 95' lang='lat' dir='ltr'><strong>in</strong></span> <span class='ocrx_word' id='word_1_245' title='bbox 1139 3378 1371 3446; x_wconf 89' lang='lat' dir='ltr'><strong>glorioso</strong></span> <span class='ocrx_word' id='word_1_246' title='bbox 1420 3389 1586 3446; x_wconf 88' lang='lat' dir='ltr'><strong>regno</strong></span> <span class='ocrx_word' id='word_1_247' title='bbox 1632 3390 1754 3430; x_wconf 91' lang='lat' dir='ltr'><strong>cum</strong></span> <span class='ocrx_word' id='word_1_248' title='bbox 1801 3376 2001 3429; x_wconf 81' lang='lat' dir='ltr'><strong>sanctis</strong></span> <span class='ocrx_word' id='word_1_249' title='bbox 2048 3376 2318 3430; x_wconf 90' lang='lat' dir='ltr'><strong>omnibus.</strong></span> 
     </span>
    </p>
   </div>
   <div class='ocr_carea' id='block_1_37' title="bbox 779 3465 2322 3535">
    <p class='ocr_par' dir='ltr' id='par_1_37' title="bbox 779 3465 2322 3535">
     <span class='ocr_line' id='line_1_37' title="bbox 779 3465 2322 3535; baseline -0.002 -13"><span class='ocrx_word' id='word_1_250' title='bbox 779 3469 902 3523; x_wconf 64' lang='lat' dir='ltr'><strong>llirc</strong></span> <span class='ocrx_word' id='word_1_251' title='bbox 935 3482 1054 3521; x_wconf 80' lang='lat' dir='ltr'><strong>cum</strong></span> <span class='ocrx_word' id='word_1_252' title='bbox 1083 3465 1324 3530; x_wconf 82' lang='lat' dir='ltr'><strong>dixisset,</strong></span> <span class='ocrx_word' id='word_1_253' title='bbox 1355 3467 1573 3520; x_wconf 87' lang='lat' dir='ltr'><strong>evanuit</strong></span> <span class='ocrx_word' id='word_1_254' title='bbox 1594 3465 1836 3535; x_wconf 83' lang='lat' dir='ltr'><strong>angelus.</strong></span> <span class='ocrx_word' id='word_1_255' title='bbox 1861 3466 1954 3519; x_wconf 91' lang='lat' dir='ltr'><strong>Ille</strong></span> <span class='ocrx_word' id='word_1_256' title='bbox 1973 3473 2172 3530; x_wconf 85' lang='lat' dir='ltr'><strong>autem,</strong></span> <span class='ocrx_word' id='word_1_257' title='bbox 2199 3480 2322 3519; x_wconf 91' lang='lat' dir='ltr'><strong>eum</strong></span> 
     </span>
    </p>
   </div>
   <div class='ocr_carea' id='block_1_38' title="bbox 782 3556 2320 3626">
    <p class='ocr_par' dir='ltr' id='par_1_38' title="bbox 782 3556 2320 3626">
     <span class='ocr_line' id='line_1_38' title="bbox 782 3556 2320 3626; baseline -0.002 -15"><span class='ocrx_word' id='word_1_258' title='bbox 782 3559 846 3611; x_wconf 86' lang='lat' dir='ltr'><strong>ad</strong></span> <span class='ocrx_word' id='word_1_259' title='bbox 885 3575 942 3613; x_wconf 82' lang='lat' dir='ltr'><strong>se</strong></span> <span class='ocrx_word' id='word_1_260' title='bbox 1010 3557 1260 3611; x_wconf 88' lang='lat' dir='ltr'><strong>rediisset</strong></span> <span class='ocrx_word' id='word_1_261' title='bbox 1300 3566 1355 3611; x_wconf 89' lang='lat' dir='ltr'><strong>et</strong></span> <span class='ocrx_word' id='word_1_262' title='bbox 1386 3566 1528 3611; x_wconf 87' lang='lat' dir='ltr'><strong>esset</strong></span> <span class='ocrx_word' id='word_1_263' title='bbox 1558 3556 1894 3621; x_wconf 84' lang='lat' dir='ltr'><strong>recordatus,</strong></span> <span class='ocrx_word' id='word_1_264' title='bbox 1928 3557 2034 3608; x_wconf 89' lang='lat' dir='ltr'><strong>Deo</strong></span> <span class='ocrx_word' id='word_1_265' title='bbox 2063 3556 2170 3625; x_wconf 92' lang='lat' dir='ltr'><strong>egit</strong></span> <span class='ocrx_word' id='word_1_266' title='bbox 2199 3572 2320 3626; x_wconf 86' lang='lat' dir='ltr'><strong>gra-</strong></span> 
     </span>
    </p>
   </div>
   <div class='ocr_carea' id='block_1_39' title="bbox 779 3645 2323 3716">
    <p class='ocr_par' dir='ltr' id='par_1_39' title="bbox 779 3645 2323 3716">
     <span class='ocr_line' id='line_1_39' title="bbox 779 3645 2323 3716; baseline -0.001 -16"><span class='ocrx_word' id='word_1_267' title='bbox 779 3648 898 3702; x_wconf 88' lang='lat' dir='ltr'><strong>tias.</strong></span> <span class='ocrx_word' id='word_1_268' title='bbox 942 3648 1156 3701; x_wconf 92' lang='lat' dir='ltr'><strong>Sciebat</strong></span> <span class='ocrx_word' id='word_1_269' title='bbox 1199 3648 1340 3702; x_wconf 90' lang='lat' dir='ltr'><strong>enim</strong></span> <span class='ocrx_word' id='word_1_270' title='bbox 1386 3662 1415 3700; x_wconf 85' lang='lat' dir='ltr'><strong>a</strong></span> <span class='ocrx_word' id='word_1_271' title='bbox 1457 3647 1754 3716; x_wconf 83' lang='lat' dir='ltr'><strong>majoribus</strong></span> <span class='ocrx_word' id='word_1_272' title='bbox 1784 3645 1942 3700; x_wconf 85' lang='lat' dir='ltr'><strong>ﬁdem</strong></span> <span class='ocrx_word' id='word_1_273' title='bbox 1986 3646 2323 3700; x_wconf 79' lang='lat' dir='ltr'><strong>Christiano-</strong></span> 
     </span>
    </p>
   </div>
   <div class='ocr_carea' id='block_1_40' title="bbox 781 3736 2319 3807">
    <p class='ocr_par' dir='ltr' id='par_1_40' title="bbox 781 3736 2319 3807">
     <span class='ocr_line' id='line_1_40' title="bbox 781 3736 2319 3807; baseline -0.001 -17"><span class='ocrx_word' id='word_1_274' title='bbox 781 3757 921 3792; x_wconf 87' lang='lat' dir='ltr'><strong>rum.</strong></span> <span class='ocrx_word' id='word_1_275' title='bbox 955 3739 1084 3792; x_wconf 85' lang='lat' dir='ltr'><strong>Nam</strong></span> <span class='ocrx_word' id='word_1_276' title='bbox 1113 3748 1264 3807; x_wconf 90' lang='lat' dir='ltr'><strong>pater</strong></span> <span class='ocrx_word' id='word_1_277' title='bbox 1290 3739 1406 3807; x_wconf 90' lang='lat' dir='ltr'><strong>ejus</strong></span> <span class='ocrx_word' id='word_1_278' title='bbox 1444 3736 1767 3800; x_wconf 86' lang='lat' dir='ltr'><strong>Gordianus,</strong></span> <span class='ocrx_word' id='word_1_279' title='bbox 1797 3752 1919 3791; x_wconf 91' lang='lat' dir='ltr'><strong>cum</strong></span> <span class='ocrx_word' id='word_1_280' title='bbox 1963 3747 2107 3792; x_wconf 88' lang='lat' dir='ltr'><strong>esset</strong></span> <span class='ocrx_word' id='word_1_281' title='bbox 2137 3737 2319 3806; x_wconf 90' lang='lat' dir='ltr'><strong>primi-</strong></span> 
     </span>
    </p>
   </div>
   <div class='ocr_carea' id='block_1_41' title="bbox 777 3828 2320 3898">
    <p class='ocr_par' dir='ltr' id='par_1_41' title="bbox 777 3828 2320 3898">
     <span class='ocr_line' id='line_1_41' title="bbox 777 3828 2320 3898; baseline -0.001 -16"><span class='ocrx_word' id='word_1_282' title='bbox 777 3831 956 3882; x_wconf 72' lang='lat' dir='ltr'><strong>uerius</strong></span> <span class='ocrx_word' id='word_1_283' title='bbox 983 3831 1101 3898; x_wconf 91' lang='lat' dir='ltr'><strong>ejus</strong></span> <span class='ocrx_word' id='word_1_284' title='bbox 1131 3830 1376 3898; x_wconf 85' lang='lat' dir='ltr'><strong>legionis,</strong></span> <span class='ocrx_word' id='word_1_285' title='bbox 1405 3845 1545 3897; x_wconf 69' lang='lat' dir='ltr'><strong>saepe</strong></span> <span class='ocrx_word' id='word_1_286' title='bbox 1582 3829 1792 3882; x_wconf 87' lang='lat' dir='ltr'><strong>dicebat</strong></span> <span class='ocrx_word' id='word_1_287' title='bbox 1819 3846 1830 3881; x_wconf 92' lang='lat'><strong>:</strong></span> <span class='ocrx_word' id='word_1_288' title='bbox 1867 3828 2061 3882; x_wconf 87' lang='lat' dir='ltr'><strong>Beatus</strong></span> <span class='ocrx_word' id='word_1_289' title='bbox 2086 3837 2186 3891; x_wconf 88' lang='lat' dir='ltr'><strong>est,</strong></span> <span class='ocrx_word' id='word_1_290' title='bbox 2233 3829 2320 3896; x_wconf 85' lang='lat' dir='ltr'><strong>qui</strong></span> 
     </span>
    </p>
   </div>
   <div class='ocr_carea' id='block_1_42' title="bbox 783 3917 2319 3987">
    <p class='ocr_par' dir='ltr' id='par_1_42' title="bbox 783 3917 2319 3987">
     <span class='ocr_line' id='line_1_42' title="bbox 783 3917 2319 3987; baseline -0.002 -12"><span class='ocrx_word' id='word_1_291' title='bbox 783 3919 912 3986; x_wconf 69' lang='lat' dir='ltr'><strong>Hegi</strong></span> <span class='ocrx_word' id='word_1_292' title='bbox 946 3934 1028 3972; x_wconf 76' lang='lat' dir='ltr'><strong>ea:</strong></span> <span class='ocrx_word' id='word_1_293' title='bbox 1051 3919 1155 3972; x_wconf 86' lang='lat' dir='ltr'><strong>esti</strong></span> <span class='ocrx_word' id='word_1_294' title='bbox 1192 3919 1419 3982; x_wconf 85' lang='lat' dir='ltr'><strong>militat;</strong></span> <span class='ocrx_word' id='word_1_295' title='bbox 1452 3919 1502 3972; x_wconf 93' lang='lat' dir='ltr'><strong>ei</strong></span> <span class='ocrx_word' id='word_1_296' title='bbox 1536 3919 1678 3972; x_wconf 87' lang='lat' dir='ltr'><strong>enim</strong></span> <span class='ocrx_word' id='word_1_297' title='bbox 1718 3917 1881 3973; x_wconf 90' lang='lat' dir='ltr'><strong>donat</strong></span> <span class='ocrx_word' id='word_1_298' title='bbox 1909 3933 2131 3987; x_wconf 82' lang='lat' dir='ltr'><strong>regnum</strong></span> <span class='ocrx_word' id='word_1_299' title='bbox 2155 3921 2319 3972; x_wconf 58' lang='lat' dir='ltr'><strong>ccelo.</strong></span> 
     </span>
    </p>
   </div>
   <div class='ocr_carea' id='block_1_43' title="bbox 782 4008 2320 4063">
    <p class='ocr_par' dir='ltr' id='par_1_43' title="bbox 782 4008 2320 4063">
     <span class='ocr_line' id='line_1_43' title="bbox 782 4008 2320 4063; baseline 0 -2"><span class='ocrx_word' id='word_1_300' title='bbox 782 4027 922 4062; x_wconf 87' lang='lat' dir='ltr'><strong>rum.</strong></span> <span class='ocrx_word' id='word_1_301' title='bbox 959 4009 1049 4063; x_wconf 91' lang='lat' dir='ltr'><strong>llle</strong></span> <span class='ocrx_word' id='word_1_302' title='bbox 1080 4009 1223 4062; x_wconf 90' lang='lat' dir='ltr'><strong>enim</strong></span> <span class='ocrx_word' id='word_1_303' title='bbox 1255 4009 1364 4062; x_wconf 81' lang='lat' dir='ltr'><strong>Rex</strong></span> <span class='ocrx_word' id='word_1_304' title='bbox 1391 4008 1558 4062; x_wconf 90' lang='lat' dir='ltr'><strong>verbo</strong></span> <span class='ocrx_word' id='word_1_305' title='bbox 1588 4009 1766 4061; x_wconf 88' lang='lat' dir='ltr'><strong>omnia</strong></span> <span class='ocrx_word' id='word_1_306' title='bbox 1794 4015 1875 4061; x_wconf 91' lang='lat' dir='ltr'><strong>est</strong></span> <span class='ocrx_word' id='word_1_307' title='bbox 1905 4008 2196 4063; x_wconf 82' lang='lat' dir='ltr'><strong>fabricatus</strong></span> <span class='ocrx_word' id='word_1_308' title='bbox 2224 4027 2235 4061; x_wconf 93' lang='lat'><strong>:</strong></span> <span class='ocrx_word' id='word_1_309' title='bbox 2264 4019 2320 4062; x_wconf 90' lang='lat' dir='ltr'><strong>et</strong></span> 
     </span>
    </p>
   </div>
   <div class='ocr_carea' id='block_1_44' title="bbox 782 4097 2322 4168">
    <p class='ocr_par' dir='ltr' id='par_1_44' title="bbox 782 4097 2322 4168">
     <span class='ocr_line' id='line_1_44' title="bbox 782 4097 2322 4168; baseline 0.003 -19"><span class='ocrx_word' id='word_1_310' title='bbox 782 4101 869 4152; x_wconf 79' lang='lat' dir='ltr'><strong>ille</strong></span> <span class='ocrx_word' id='word_1_311' title='bbox 907 4109 1008 4160; x_wconf 84' lang='lat' dir='ltr'><strong>est,</strong></span> <span class='ocrx_word' id='word_1_312' title='bbox 1053 4097 1144 4166; x_wconf 90' lang='lat' dir='ltr'><strong>qui</strong></span> <span class='ocrx_word' id='word_1_313' title='bbox 1183 4107 1266 4151; x_wconf 91' lang='lat' dir='ltr'><strong>est</strong></span> <span class='ocrx_word' id='word_1_314' title='bbox 1312 4100 1462 4152; x_wconf 88' lang='lat' dir='ltr'><strong>vivos</strong></span> <span class='ocrx_word' id='word_1_315' title='bbox 1497 4108 1550 4151; x_wconf 89' lang='lat' dir='ltr'><strong>et</strong></span> <span class='ocrx_word' id='word_1_316' title='bbox 1591 4109 1836 4152; x_wconf 87' lang='lat' dir='ltr'><strong>mortuos</strong></span> <span class='ocrx_word' id='word_1_317' title='bbox 1875 4100 2237 4168; x_wconf 90' lang='lat' dir='ltr'><strong>judicaturus,</strong></span> <span class='ocrx_word' id='word_1_318' title='bbox 2267 4109 2322 4153; x_wconf 89' lang='lat' dir='ltr'><strong>ct</strong></span> 
     </span>
    </p>
   </div>
   <div class='ocr_carea' id='block_1_45' title="bbox 781 4187 2318 4257">
    <p class='ocr_par' dir='ltr' id='par_1_45' title="bbox 781 4187 2318 4257">
     <span class='ocr_line' id='line_1_45' title="bbox 781 4187 2318 4257; baseline 0.003 -18"><span class='ocrx_word' id='word_1_319' title='bbox 781 4190 1074 4255; x_wconf 89' lang='lat' dir='ltr'><strong>unicuique</strong></span> <span class='ocrx_word' id='word_1_320' title='bbox 1118 4188 1429 4241; x_wconf 87' lang='lat' dir='ltr'><strong>redditurus</strong></span> <span class='ocrx_word' id='word_1_321' title='bbox 1463 4187 1758 4240; x_wconf 86' lang='lat' dir='ltr'><strong>secundum</strong></span> <span class='ocrx_word' id='word_1_322' title='bbox 1794 4202 1888 4240; x_wconf 90' lang='lat' dir='ltr'><strong>sua</strong></span> <span class='ocrx_word' id='word_1_323' title='bbox 1924 4191 2149 4257; x_wconf 80' lang='lat' dir='ltr'><strong>opera‘.</strong></span> <span class='ocrx_word' id='word_1_324' title='bbox 2185 4189 2318 4243; x_wconf 88' lang='lat' dir='ltr'><strong>Cum</strong></span> 
     </span>
    </p>
   </div>
   <div class='ocr_carea' id='block_1_46' title="bbox 779 4277 2322 4345">
    <p class='ocr_par' dir='ltr' id='par_1_46' title="bbox 779 4277 2322 4345">
     <span class='ocr_line' id='line_1_46' title="bbox 779 4277 2322 4345; baseline 0.003 -15"><span class='ocrx_word' id='word_1_325' title='bbox 779 4280 842 4331; x_wconf 85' lang='lat' dir='ltr'><strong>:id</strong></span> <span class='ocrx_word' id='word_1_326' title='bbox 889 4295 944 4332; x_wconf 88' lang='lat' dir='ltr'><strong>se</strong></span> <span class='ocrx_word' id='word_1_327' title='bbox 997 4293 1126 4344; x_wconf 81' lang='lat' dir='ltr'><strong>ergo</strong></span> <span class='ocrx_word' id='word_1_328' title='bbox 1179 4277 1445 4341; x_wconf 49' lang='lat' dir='ltr'><strong>i‘ediisset,</strong></span> <span class='ocrx_word' id='word_1_329' title='bbox 1496 4288 1546 4331; x_wconf 91' lang='lat' dir='ltr'><strong>et</strong></span> <span class='ocrx_word' id='word_1_330' title='bbox 1593 4277 1761 4345; x_wconf 86' lang='lat' dir='ltr'><strong>patris</strong></span> <span class='ocrx_word' id='word_1_331' title='bbox 1808 4278 2094 4331; x_wconf 77' lang='lat' dir='ltr'><strong>verborum</strong></span> <span class='ocrx_word' id='word_1_332' title='bbox 2134 4280 2322 4334; x_wconf 85' lang='lat' dir='ltr'><strong>memi-</strong></span> 
     </span>
    </p>
   </div>
   <div class='ocr_carea' id='block_1_47' title="bbox 782 4368 2319 4439">
    <p class='ocr_par' dir='ltr' id='par_1_47' title="bbox 782 4368 2319 4439">
     <span class='ocr_line' id='line_1_47' title="bbox 782 4368 2319 4439; baseline 0.002 -18"><span class='ocrx_word' id='word_1_333' title='bbox 782 4374 970 4431; x_wconf 87' lang='lat' dir='ltr'><strong>nisset,</strong></span> <span class='ocrx_word' id='word_1_334' title='bbox 1006 4378 1058 4422; x_wconf 88' lang='lat' dir='ltr'><strong>et</strong></span> <span class='ocrx_word' id='word_1_335' title='bbox 1106 4368 1500 4422; x_wconf 81' lang='lat' dir='ltr'><strong>considerasset</strong></span> <span class='ocrx_word' id='word_1_336' title='bbox 1536 4368 1814 4429; x_wconf 84' lang='lat' dir='ltr'><strong>visionem.</strong></span> <span class='ocrx_word' id='word_1_337' title='bbox 1853 4384 1972 4437; x_wconf 66' lang='lat' dir='ltr'><strong>quae</strong></span> <span class='ocrx_word' id='word_1_338' title='bbox 2013 4369 2114 4422; x_wconf 85' lang='lat' dir='ltr'><strong>sibi</strong></span> <span class='ocrx_word' id='word_1_339' title='bbox 2155 4384 2319 4439; x_wconf 83' lang='lat' dir='ltr'><strong>appa-</strong></span> 
     </span>
    </p>
   </div>
   <div class='ocr_carea' id='block_1_48' title="bbox 2423 567 3983 636">
    <p class='ocr_par' dir='ltr' id='par_1_48' title="bbox 2423 567 3983 636">
     <span class='ocr_line' id='line_1_48' title="bbox 2423 567 3983 636; baseline 0.003 -16"><span class='ocrx_word' id='word_1_340' title='bbox 2423 583 2546 620; x_wconf 87' lang='lat' dir='ltr'><strong>eum</strong></span> <span class='ocrx_word' id='word_1_341' title='bbox 2572 575 2789 621; x_wconf 87' lang='lat' dir='ltr'><strong>accusat</strong></span> <span class='ocrx_word' id='word_1_342' title='bbox 2811 567 2953 636; x_wconf 89' lang='lat' dir='ltr'><strong>apud</strong></span> <span class='ocrx_word' id='word_1_343' title='bbox 2980 567 3381 636; x_wconf 88' lang='lat' dir='ltr'><strong>imperatorem,</strong></span> <span class='ocrx_word' id='word_1_344' title='bbox 3414 571 3635 624; x_wconf 85' lang='lat' dir='ltr'><strong>dicens:</strong></span> <span class='ocrx_word' id='word_1_345' title='bbox 3670 571 3762 626; x_wconf 67' lang='lat' dir='ltr'><strong>Puc</strong></span> <span class='ocrx_word' id='word_1_346' title='bbox 3795 575 3983 625; x_wconf 91' lang='lat' dir='ltr'><strong>triuin-</strong></span> 
     </span>
    </p>
   </div>
   <div class='ocr_carea' id='block_1_49' title="bbox 2424 657 3983 728">
    <p class='ocr_par' dir='ltr' id='par_1_49' title="bbox 2424 657 3983 728">
     <span class='ocr_line' id='line_1_49' title="bbox 2424 657 3983 728; baseline 0.005 -19"><span class='ocrx_word' id='word_1_347' title='bbox 2424 657 2617 724; x_wconf 90' lang='lat' dir='ltr'><strong>phator</strong></span> <span class='ocrx_word' id='word_1_348' title='bbox 2667 667 2721 712; x_wconf 86' lang='lat' dir='ltr'><strong>et</strong></span> <span class='ocrx_word' id='word_1_349' title='bbox 2764 659 2956 721; x_wconf 90' lang='lat' dir='ltr'><strong>victor,</strong></span> <span class='ocrx_word' id='word_1_350' title='bbox 2992 674 3020 712; x_wconf 92' lang='lat' dir='ltr'><strong>a</strong></span> <span class='ocrx_word' id='word_1_351' title='bbox 3054 659 3159 713; x_wconf 90' lang='lat' dir='ltr'><strong>diis</strong></span> <span class='ocrx_word' id='word_1_352' title='bbox 3209 660 3456 728; x_wconf 90' lang='lat' dir='ltr'><strong>probate,</strong></span> <span class='ocrx_word' id='word_1_353' title='bbox 3513 671 3568 714; x_wconf 94' lang='lat' dir='ltr'><strong>ut</strong></span> <span class='ocrx_word' id='word_1_354' title='bbox 3627 662 3983 717; x_wconf 82' lang='lat' dir='ltr'><strong>adiiiinistres</strong></span> 
     </span>
    </p>
   </div>
   <div class='ocr_carea' id='block_1_50' title="bbox 2423 745 3982 816">
    <p class='ocr_par' dir='ltr' id='par_1_50' title="bbox 2423 745 3982 816">
     <span class='ocr_line' id='line_1_50' title="bbox 2423 745 3982 816; baseline 0.004 -18"><span class='ocrx_word' id='word_1_355' title='bbox 2423 745 2736 813; x_wconf 90' lang='lat' dir='ltr'><strong>imperium,</strong></span> <span class='ocrx_word' id='word_1_356' title='bbox 2764 746 2985 815; x_wconf 87' lang='lat' dir='ltr'><strong>dignare</strong></span> <span class='ocrx_word' id='word_1_357' title='bbox 3009 746 3218 816; x_wconf 82' lang='lat' dir='ltr'><strong>placide</strong></span> <span class='ocrx_word' id='word_1_358' title='bbox 3247 764 3332 802; x_wconf 82' lang='lat' dir='ltr'><strong>me</strong></span> <span class='ocrx_word' id='word_1_359' title='bbox 3363 751 3572 804; x_wconf 81' lang='lat' dir='ltr'><strong>audire.</strong></span> <span class='ocrx_word' id='word_1_360' title='bbox 3605 751 3705 816; x_wconf 85' lang='lat' dir='ltr'><strong>Qui</strong></span> <span class='ocrx_word' id='word_1_361' title='bbox 3741 766 3771 804; x_wconf 83' lang='lat' dir='ltr'><strong>a</strong></span> <span class='ocrx_word' id='word_1_362' title='bbox 3800 763 3982 805; x_wconf 89' lang='lat' dir='ltr'><strong>vestra</strong></span> 
     </span>
    </p>
   </div>
   <div class='ocr_carea' id='block_1_51' title="bbox 2425 836 3980 912">
    <p class='ocr_par' dir='ltr' id='par_1_51' title="bbox 2425 836 3980 912">
     <span class='ocr_line' id='line_1_51' title="bbox 2425 836 3980 912; baseline 0.005 -25"><span class='ocrx_word' id='word_1_363' title='bbox 2425 836 2772 904; x_wconf 89' lang='lat' dir='ltr'><strong>imperatoria</strong></span> <span class='ocrx_word' id='word_1_364' title='bbox 2812 849 2895 892; x_wconf 89' lang='lat' dir='ltr'><strong>est</strong></span> <span class='ocrx_word' id='word_1_365' title='bbox 2945 838 3242 894; x_wconf 85' lang='lat' dir='ltr'><strong>honoratus</strong></span> <span class='ocrx_word' id='word_1_366' title='bbox 3281 840 3520 904; x_wconf 81' lang='lat' dir='ltr'><strong>dextera,</strong></span> <span class='ocrx_word' id='word_1_367' title='bbox 3567 854 3625 897; x_wconf 91' lang='lat' dir='ltr'><strong>et</strong></span> <span class='ocrx_word' id='word_1_368' title='bbox 3674 843 3762 896; x_wconf 91' lang='lat' dir='ltr'><strong>cui</strong></span> <span class='ocrx_word' id='word_1_369' title='bbox 3809 842 3980 912; x_wconf 82' lang='lat' dir='ltr'><strong>gloria</strong></span> 
     </span>
    </p>
   </div>
   <div class='ocr_carea' id='block_1_52' title="bbox 2425 927 3981 1000">
    <p class='ocr_par' dir='ltr' id='par_1_52' title="bbox 2425 927 3981 1000">
     <span class='ocr_line' id='line_1_52' title="bbox 2425 927 3981 1000; baseline 0.003 -20"><span class='ocrx_word' id='word_1_370' title='bbox 2425 927 2529 980; x_wconf 82' lang='lat' dir='ltr'><strong>luit</strong></span> <span class='ocrx_word' id='word_1_371' title='bbox 2553 930 2754 982; x_wconf 89' lang='lat' dir='ltr'><strong>tributa</strong></span> <span class='ocrx_word' id='word_1_372' title='bbox 2788 946 2815 983; x_wconf 91' lang='lat' dir='ltr'><strong>a</strong></span> <span class='ocrx_word' id='word_1_373' title='bbox 2845 942 3024 984; x_wconf 88' lang='lat' dir='ltr'><strong>vestro</strong></span> <span class='ocrx_word' id='word_1_374' title='bbox 3050 931 3299 999; x_wconf 89' lang='lat' dir='ltr'><strong>imperio,</strong></span> <span class='ocrx_word' id='word_1_375' title='bbox 3325 931 3469 1000; x_wconf 91' lang='lat' dir='ltr'><strong>quod</strong></span> <span class='ocrx_word' id='word_1_376' title='bbox 3499 948 3584 986; x_wconf 84' lang='lat' dir='ltr'><strong>res</strong></span> <span class='ocrx_word' id='word_1_377' title='bbox 3611 932 3981 986; x_wconf 78' lang='lat' dir='ltr'><strong>Romanorum</strong></span> 
     </span>
    </p>
   </div>
   <div class='ocr_carea' id='block_1_53' title="bbox 2425 1017 3987 1088">
    <p class='ocr_par' dir='ltr' id='par_1_53' title="bbox 2425 1017 3987 1088">
     <span class='ocr_line' id='line_1_53' title="bbox 2425 1017 3987 1088; baseline 0.004 -18"><span class='ocrx_word' id='word_1_378' title='bbox 2425 1017 2633 1083; x_wconf 89' lang='lat' dir='ltr'><strong>placide</strong></span> <span class='ocrx_word' id='word_1_379' title='bbox 2667 1029 2721 1072; x_wconf 93' lang='lat' dir='ltr'><strong>et</strong></span> <span class='ocrx_word' id='word_1_380' title='bbox 2768 1021 3056 1088; x_wconf 85' lang='lat' dir='ltr'><strong>tranquille</strong></span> <span class='ocrx_word' id='word_1_381' title='bbox 3091 1019 3452 1084; x_wconf 79' lang='lat' dir='ltr'><strong>administrat,</strong></span> <span class='ocrx_word' id='word_1_382' title='bbox 3499 1021 3543 1074; x_wconf 91' lang='lat' dir='ltr'><strong>is</strong></span> <span class='ocrx_word' id='word_1_383' title='bbox 3590 1022 3835 1076; x_wconf 78' lang='lat' dir='ltr'><strong>nonfuit</strong></span> <span class='ocrx_word' id='word_1_384' title='bbox 3885 1039 3987 1076; x_wconf 76' lang='lat' dir='ltr'><strong>no-</strong></span> 
     </span>
    </p>
   </div>
   <div class='ocr_carea' id='block_1_54' title="bbox 2424 1105 3987 1178">
    <p class='ocr_par' dir='ltr' id='par_1_54' title="bbox 2424 1105 3987 1178">
     <span class='ocr_line' id='line_1_54' title="bbox 2424 1105 3987 1178; baseline 0.004 -19"><span class='ocrx_word' id='word_1_385' title='bbox 2424 1105 2630 1160; x_wconf 91' lang='lat' dir='ltr'><strong>biscum</strong></span> <span class='ocrx_word' id='word_1_386' title='bbox 2647 1108 2700 1160; x_wconf 93' lang='lat' dir='ltr'><strong>iii</strong></span> <span class='ocrx_word' id='word_1_387' title='bbox 2719 1109 2917 1176; x_wconf 87' lang='lat' dir='ltr'><strong>templo</strong></span> <span class='ocrx_word' id='word_1_388' title='bbox 2935 1123 3136 1178; x_wconf 73' lang='lat' dir='ltr'><strong>magna:</strong></span> <span class='ocrx_word' id='word_1_389' title='bbox 3153 1108 3350 1171; x_wconf 49' lang='lat' dir='ltr'><strong>Dianai,</strong></span> <span class='ocrx_word' id='word_1_390' title='bbox 3367 1112 3686 1164; x_wconf 86' lang='lat' dir='ltr'><strong>sacriﬁcium</strong></span> <span class='ocrx_word' id='word_1_391' title='bbox 3702 1110 3987 1166; x_wconf 58' lang='lat' dir='ltr'><strong>oblaturos</strong></span> 
     </span>
    </p>
   </div>
   <div class='ocr_carea' id='block_1_55' title="bbox 2423 1197 3985 1266">
    <p class='ocr_par' dir='ltr' id='par_1_55' title="bbox 2423 1197 3985 1266">
     <span class='ocr_line' id='line_1_55' title="bbox 2423 1197 3985 1266; baseline 0.002 -21"><span class='ocrx_word' id='word_1_392' title='bbox 2423 1210 2523 1263; x_wconf 90' lang='lat' dir='ltr'><strong>pro</strong></span> <span class='ocrx_word' id='word_1_393' title='bbox 2561 1209 2737 1250; x_wconf 76' lang='lat' dir='ltr'><strong>vesua</strong></span> <span class='ocrx_word' id='word_1_394' title='bbox 2759 1198 3019 1264; x_wconf 83' lang='lat' dir='ltr'><strong>potentia.</strong></span> <span class='ocrx_word' id='word_1_395' title='bbox 3055 1197 3198 1251; x_wconf 75' lang='lat' dir='ltr'><strong>Dixit</strong></span> <span class='ocrx_word' id='word_1_396' title='bbox 3229 1199 3528 1266; x_wconf 86' lang='lat' dir='ltr'><strong>iiiipcrator</strong></span> <span class='ocrx_word' id='word_1_397' title='bbox 3556 1217 3569 1253; x_wconf 90' lang='lat'><strong>:</strong></span> <span class='ocrx_word' id='word_1_398' title='bbox 3594 1199 3724 1265; x_wconf 86' lang='lat' dir='ltr'><strong>Quis</strong></span> <span class='ocrx_word' id='word_1_399' title='bbox 3755 1199 3842 1253; x_wconf 85' lang='lat' dir='ltr'><strong>hic</strong></span> <span class='ocrx_word' id='word_1_400' title='bbox 3863 1199 3985 1252; x_wconf 81' lang='lat' dir='ltr'><strong>est?</strong></span> 
     </span>
    </p>
   </div>
   <div class='ocr_carea' id='block_1_56' title="bbox 2425 1287 3984 1360">
    <p class='ocr_par' dir='ltr' id='par_1_56' title="bbox 2425 1287 3984 1360">
     <span class='ocr_line' id='line_1_56' title="bbox 2425 1287 3984 1360; baseline 0.003 -21"><span class='ocrx_word' id='word_1_401' title='bbox 2425 1287 2568 1340; x_wconf 67' lang='lat' dir='ltr'><strong>Dixit</strong></span> <span class='ocrx_word' id='word_1_402' title='bbox 2595 1287 2819 1342; x_wconf 86' lang='lat' dir='ltr'><strong>Catulus</strong></span> <span class='ocrx_word' id='word_1_403' title='bbox 2867 1290 3210 1343; x_wconf 89' lang='lat' dir='ltr'><strong>consularis:</strong></span> <span class='ocrx_word' id='word_1_404' title='bbox 3253 1291 3560 1346; x_wconf 79' lang='lat' dir='ltr'><strong>Mercurius</strong></span> <span class='ocrx_word' id='word_1_405' title='bbox 3601 1307 3764 1360; x_wconf 88' lang='lat' dir='ltr'><strong>quem</strong></span> <span class='ocrx_word' id='word_1_406' title='bbox 3803 1294 3984 1360; x_wconf 80' lang='lat' dir='ltr'><strong>magni</strong></span> 
     </span>
    </p>
   </div>
   <div class='ocr_carea' id='block_1_57' title="bbox 2423 1376 3985 1451">
    <p class='ocr_par' dir='ltr' id='par_1_57' title="bbox 2423 1376 3985 1451">
     <span class='ocr_line' id='line_1_57' title="bbox 2423 1376 3985 1451; baseline 0.004 -23"><span class='ocrx_word' id='word_1_407' title='bbox 2423 1376 2629 1429; x_wconf 71' lang='lat' dir='ltr'><strong>fer-istis</strong></span> <span class='ocrx_word' id='word_1_408' title='bbox 2675 1388 2728 1430; x_wconf 90' lang='lat' dir='ltr'><strong>et</strong></span> <span class='ocrx_word' id='word_1_409' title='bbox 2759 1379 2994 1433; x_wconf 86' lang='lat' dir='ltr'><strong>ornastis</strong></span> <span class='ocrx_word' id='word_1_410' title='bbox 3046 1380 3276 1434; x_wconf 88' lang='lat' dir='ltr'><strong>diversis</strong></span> <span class='ocrx_word' id='word_1_411' title='bbox 3327 1381 3705 1451; x_wconf 75' lang='lat' dir='ltr'><strong>dignitatibus.</strong></span> <span class='ocrx_word' id='word_1_412' title='bbox 3759 1381 3806 1436; x_wconf 89' lang='lat' dir='ltr'><strong>Is</strong></span> <span class='ocrx_word' id='word_1_413' title='bbox 3845 1384 3985 1435; x_wconf 84' lang='lat' dir='ltr'><strong>alios</strong></span> 
     </span>
    </p>
   </div>
   <div class='ocr_carea' id='block_1_58' title="bbox 2421 1470 3986 1536">
    <p class='ocr_par' dir='ltr' id='par_1_58' title="bbox 2421 1470 3986 1536">
     <span class='ocr_line' id='line_1_58' title="bbox 2421 1470 3986 1536; baseline 0.004 -16"><span class='ocrx_word' id='word_1_414' title='bbox 2421 1483 2637 1536; x_wconf 90' lang='lat' dir='ltr'><strong>quoque</strong></span> <span class='ocrx_word' id='word_1_415' title='bbox 2669 1470 2890 1530; x_wconf 84' lang='lat' dir='ltr'><strong>evertit,</strong></span> <span class='ocrx_word' id='word_1_416' title='bbox 2936 1485 3002 1524; x_wconf 92' lang='lat' dir='ltr'><strong>ne</strong></span> <span class='ocrx_word' id='word_1_417' title='bbox 3035 1470 3167 1525; x_wconf 88' lang='lat' dir='ltr'><strong>deos</strong></span> <span class='ocrx_word' id='word_1_418' title='bbox 3194 1472 3408 1526; x_wconf 91' lang='lat' dir='ltr'><strong>colant:</strong></span> <span class='ocrx_word' id='word_1_419' title='bbox 3441 1474 3644 1526; x_wconf 81' lang='lat' dir='ltr'><strong>exitum</strong></span> <span class='ocrx_word' id='word_1_420' title='bbox 3673 1483 3857 1527; x_wconf 86' lang='lat' dir='ltr'><strong>autem</strong></span> <span class='ocrx_word' id='word_1_421' title='bbox 3890 1489 3986 1526; x_wconf 87' lang='lat' dir='ltr'><strong>vc-</strong></span> 
     </span>
    </p>
   </div>
   <div class='ocr_carea' id='block_1_59' title="bbox 2423 1560 3978 1633">
    <p class='ocr_par' dir='ltr' id='par_1_59' title="bbox 2423 1560 3978 1633">
     <span class='ocr_line' id='line_1_59' title="bbox 2423 1560 3978 1633; baseline 0.003 -21"><span class='ocrx_word' id='word_1_422' title='bbox 2423 1560 2506 1615; x_wconf 90' lang='lat' dir='ltr'><strong>bis</strong></span> <span class='ocrx_word' id='word_1_423' title='bbox 2539 1563 2787 1616; x_wconf 87' lang='lat' dir='ltr'><strong>ostendet</strong></span> <span class='ocrx_word' id='word_1_424' title='bbox 2813 1565 2931 1632; x_wconf 91' lang='lat' dir='ltr'><strong>ejus</strong></span> <span class='ocrx_word' id='word_1_425' title='bbox 2979 1566 3045 1617; x_wconf 88' lang='lat' dir='ltr'><strong>ad</strong></span> <span class='ocrx_word' id='word_1_426' title='bbox 3094 1579 3191 1618; x_wconf 89' lang='lat' dir='ltr'><strong>vos</strong></span> <span class='ocrx_word' id='word_1_427' title='bbox 3228 1566 3530 1633; x_wconf 86' lang='lat' dir='ltr'><strong>responsio.</strong></span> <span class='ocrx_word' id='word_1_428' title='bbox 3567 1565 3703 1618; x_wconf 84' lang='lat' dir='ltr'><strong>Dixit</strong></span> <span class='ocrx_word' id='word_1_429' title='bbox 3736 1563 3932 1618; x_wconf 87' lang='lat' dir='ltr'><strong>Decius</strong></span> <span class='ocrx_word' id='word_1_430' title='bbox 3968 1584 3978 1616; x_wconf 88' lang='lat'><strong>:</strong></span> 
     </span>
    </p>
   </div>
   <div class='ocr_carea' id='block_1_60' title="bbox 2420 1653 3968 1721">
    <p class='ocr_par' dir='ltr' id='par_1_60' title="bbox 2420 1653 3968 1721">
     <span class='ocr_line' id='line_1_60' title="bbox 2420 1653 3968 1721; baseline 0.001 -16"><span class='ocrx_word' id='word_1_431' title='bbox 2420 1653 2611 1721; x_wconf 79' lang='lat' dir='ltr'><strong>Aliqua</strong></span> <span class='ocrx_word' id='word_1_432' title='bbox 2647 1655 2868 1706; x_wconf 88' lang='lat' dir='ltr'><strong>loriasse</strong></span> <span class='ocrx_word' id='word_1_433' title='bbox 2902 1655 2954 1706; x_wconf 91' lang='lat' dir='ltr'><strong>iii</strong></span> <span class='ocrx_word' id='word_1_434' title='bbox 2979 1669 3103 1707; x_wconf 91' lang='lat' dir='ltr'><strong>eum</strong></span> <span class='ocrx_word' id='word_1_435' title='bbox 3151 1665 3327 1708; x_wconf 91' lang='lat' dir='ltr'><strong>motus</strong></span> <span class='ocrx_word' id='word_1_436' title='bbox 3353 1655 3578 1719; x_wconf 83' lang='lat' dir='ltr'><strong>invidia,</strong></span> <span class='ocrx_word' id='word_1_437' title='bbox 3617 1654 3730 1710; x_wconf 67' lang='lat' dir='ltr'><strong>haec</strong></span> <span class='ocrx_word' id='word_1_438' title='bbox 3758 1657 3811 1709; x_wconf 94' lang='lat' dir='ltr'><strong>iii</strong></span> <span class='ocrx_word' id='word_1_439' title='bbox 3839 1670 3968 1710; x_wconf 89' lang='lat' dir='ltr'><strong>eum</strong></span> 
     </span>
    </p>
   </div>
   <div class='ocr_carea' id='block_1_61' title="bbox 2422 1743 3982 1814">
    <p class='ocr_par' dir='ltr' id='par_1_61' title="bbox 2422 1743 3982 1814">
     <span class='ocr_line' id='line_1_61' title="bbox 2422 1743 3982 1814; baseline 0.004 -20"><span class='ocrx_word' id='word_1_440' title='bbox 2422 1743 2635 1798; x_wconf 88' lang='lat' dir='ltr'><strong>loculus</strong></span> <span class='ocrx_word' id='word_1_441' title='bbox 2677 1758 2771 1805; x_wconf 87' lang='lat' dir='ltr'><strong>es;</strong></span> <span class='ocrx_word' id='word_1_442' title='bbox 2810 1745 2904 1798; x_wconf 82' lang='lat' dir='ltr'><strong>sed</strong></span> <span class='ocrx_word' id='word_1_443' title='bbox 2959 1755 3009 1798; x_wconf 90' lang='lat' dir='ltr'><strong>te</strong></span> <span class='ocrx_word' id='word_1_444' title='bbox 3049 1757 3157 1799; x_wconf 86' lang='lat' dir='ltr'><strong>non</strong></span> <span class='ocrx_word' id='word_1_445' title='bbox 3192 1745 3429 1810; x_wconf 87' lang='lat' dir='ltr'><strong>audiam,</strong></span> <span class='ocrx_word' id='word_1_446' title='bbox 3467 1746 3568 1798; x_wconf 91' lang='lat' dir='ltr'><strong>nisi</strong></span> <span class='ocrx_word' id='word_1_447' title='bbox 3615 1761 3681 1799; x_wconf 92' lang='lat' dir='ltr'><strong>eo</strong></span> <span class='ocrx_word' id='word_1_448' title='bbox 3713 1756 3982 1814; x_wconf 76' lang='lat' dir='ltr'><strong>praesente</strong></span> 
     </span>
    </p>
   </div>
   <div class='ocr_carea' id='block_1_62' title="bbox 2355 1822 3980 1906">
    <p class='ocr_par' dir='ltr' id='par_1_62' title="bbox 2355 1822 3980 1906">
     <span class='ocr_line' id='line_1_62' title="bbox 2355 1822 3980 1906; baseline 0.002 -19"><span class='ocrx_word' id='word_1_449' title='bbox 2355 1822 2392 1875; x_wconf 76' lang='grc' dir='ltr'>υ</span> <span class='ocrx_word' id='word_1_450' title='bbox 2426 1850 2548 1889; x_wconf 88' lang='lat' dir='ltr'><strong>vera</strong></span> <span class='ocrx_word' id='word_1_451' title='bbox 2602 1851 2928 1904; x_wconf 85' lang='lat' dir='ltr'><strong>cognovero,</strong></span> <span class='ocrx_word' id='word_1_452' title='bbox 2995 1835 3097 1890; x_wconf 90' lang='lat' dir='ltr'><strong>ﬁde</strong></span> <span class='ocrx_word' id='word_1_453' title='bbox 3157 1849 3336 1888; x_wconf 90' lang='lat' dir='ltr'><strong>autem</strong></span> <span class='ocrx_word' id='word_1_454' title='bbox 3399 1836 3677 1906; x_wconf 84' lang='lat' dir='ltr'><strong>dgniorcs</strong></span> <span class='ocrx_word' id='word_1_455' title='bbox 3721 1837 3980 1905; x_wconf 88' lang='lat' dir='ltr'><strong>judicaho</strong></span> 
     </span>
    </p>
   </div>
   <div class='ocr_carea' id='block_1_63' title="bbox 2427 1926 3980 1997">
    <p class='ocr_par' dir='ltr' id='par_1_63' title="bbox 2427 1926 3980 1997">
     <span class='ocr_line' id='line_1_63' title="bbox 2427 1926 3980 1997; baseline 0.003 -19"><span class='ocrx_word' id='word_1_456' title='bbox 2427 1926 2716 1980; x_wconf 89' lang='lat' dir='ltr'><strong>testimonii</strong></span> <span class='ocrx_word' id='word_1_457' title='bbox 2745 1927 2951 1990; x_wconf 86' lang='lat' dir='ltr'><strong>oculos,</strong></span> <span class='ocrx_word' id='word_1_458' title='bbox 2989 1943 3149 1994; x_wconf 87' lang='lat' dir='ltr'><strong>quam</strong></span> <span class='ocrx_word' id='word_1_459' title='bbox 3179 1941 3357 1980; x_wconf 91' lang='lat' dir='ltr'><strong>aures.</strong></span> <span class='ocrx_word' id='word_1_460' title='bbox 3396 1927 3533 1980; x_wconf 86' lang='lat' dir='ltr'><strong>Tace</strong></span> <span class='ocrx_word' id='word_1_461' title='bbox 3577 1944 3725 1997; x_wconf 81' lang='lat' dir='ltr'><strong>ergo,</strong></span> <span class='ocrx_word' id='word_1_462' title='bbox 3774 1940 3980 1983; x_wconf 86' lang='lat' dir='ltr'><strong>etcum</strong></span> 
     </span>
    </p>
   </div>
   <div class='ocr_carea' id='block_1_64' title="bbox 2423 2017 3980 2088">
    <p class='ocr_par' dir='ltr' id='par_1_64' title="bbox 2423 2017 3980 2088">
     <span class='ocr_line' id='line_1_64' title="bbox 2423 2017 3980 2088; baseline 0.002 -18"><span class='ocrx_word' id='word_1_463' title='bbox 2423 2031 2487 2070; x_wconf 85' lang='lat' dir='ltr'><strong>eo</strong></span> <span class='ocrx_word' id='word_1_464' title='bbox 2519 2017 2727 2070; x_wconf 88' lang='lat' dir='ltr'><strong>nullum</strong></span> <span class='ocrx_word' id='word_1_465' title='bbox 2757 2018 2981 2071; x_wconf 89' lang='lat' dir='ltr'><strong>verbum</strong></span> <span class='ocrx_word' id='word_1_466' title='bbox 3021 2020 3240 2086; x_wconf 83' lang='lat' dir='ltr'><strong>loquere</strong></span> <span class='ocrx_word' id='word_1_467' title='bbox 3264 2058 3276 2075; x_wconf 87' lang='lat'><strong>.</strong></span> <span class='ocrx_word' id='word_1_468' title='bbox 3307 2027 3362 2072; x_wconf 90' lang='lat' dir='ltr'><strong>et</strong></span> <span class='ocrx_word' id='word_1_469' title='bbox 3396 2019 3438 2072; x_wconf 89' lang='lat' dir='ltr'><strong>si</strong></span> <span class='ocrx_word' id='word_1_470' title='bbox 3473 2019 3836 2073; x_wconf 88' lang='lat' dir='ltr'><strong>calumniandi</strong></span> <span class='ocrx_word' id='word_1_471' title='bbox 3863 2023 3980 2088; x_wconf 92' lang='lat' dir='ltr'><strong>qui-</strong></span> 
     </span>
    </p>
   </div>
   <div class='ocr_carea' id='block_1_65' title="bbox 2424 2106 3976 2172">
    <p class='ocr_par' dir='ltr' id='par_1_65' title="bbox 2424 2106 3976 2172">
     <span class='ocr_line' id='line_1_65' title="bbox 2424 2106 3976 2172; baseline 0.001 -12"><span class='ocrx_word' id='word_1_472' title='bbox 2424 2106 2542 2160; x_wconf 87' lang='lat' dir='ltr'><strong>dem</strong></span> <span class='ocrx_word' id='word_1_473' title='bbox 2577 2108 2758 2160; x_wconf 87' lang='lat' dir='ltr'><strong>animo</strong></span> <span class='ocrx_word' id='word_1_474' title='bbox 2793 2123 2922 2161; x_wconf 88' lang='lat' dir='ltr'><strong>usus</strong></span> <span class='ocrx_word' id='word_1_475' title='bbox 2952 2109 3004 2160; x_wconf 91' lang='lat' dir='ltr'><strong>iii</strong></span> <span class='ocrx_word' id='word_1_476' title='bbox 3029 2123 3152 2161; x_wconf 88' lang='lat' dir='ltr'><strong>eum</strong></span> <span class='ocrx_word' id='word_1_477' title='bbox 3192 2109 3304 2162; x_wconf 76' lang='lat' dir='ltr'><strong>lia-c</strong></span> <span class='ocrx_word' id='word_1_478' title='bbox 3334 2110 3558 2172; x_wconf 81' lang='lat' dir='ltr'><strong>dixeris,</strong></span> <span class='ocrx_word' id='word_1_479' title='bbox 3593 2127 3700 2165; x_wconf 93' lang='lat' dir='ltr'><strong>non</strong></span> <span class='ocrx_word' id='word_1_480' title='bbox 3731 2113 3847 2166; x_wconf 88' lang='lat' dir='ltr'><strong>leve</strong></span> <span class='ocrx_word' id='word_1_481' title='bbox 3877 2114 3976 2164; x_wconf 63' lang='lat' dir='ltr'><strong>dii-</strong></span> 
     </span>
    </p>
   </div>
   <div class='ocr_carea' id='block_1_66' title="bbox 2423 2196 3972 2268">
    <p class='ocr_par' dir='ltr' id='par_1_66' title="bbox 2423 2196 3972 2268">
     <span class='ocr_line' id='line_1_66' title="bbox 2423 2196 3972 2268; baseline 0.004 -18"><span class='ocrx_word' id='word_1_482' title='bbox 2423 2196 2508 2251; x_wconf 88' lang='lat' dir='ltr'><strong>bis</strong></span> <span class='ocrx_word' id='word_1_483' title='bbox 2556 2197 2898 2266; x_wconf 87' lang='lat' dir='ltr'><strong>supplicium.</strong></span> <span class='ocrx_word' id='word_1_484' title='bbox 2950 2197 3045 2252; x_wconf 89' lang='lat' dir='ltr'><strong>Sin</strong></span> <span class='ocrx_word' id='word_1_485' title='bbox 3099 2211 3276 2252; x_wconf 89' lang='lat' dir='ltr'><strong>autem</strong></span> <span class='ocrx_word' id='word_1_486' title='bbox 3327 2215 3456 2253; x_wconf 86' lang='lat' dir='ltr'><strong>vera</strong></span> <span class='ocrx_word' id='word_1_487' title='bbox 3507 2204 3860 2268; x_wconf 88' lang='lat' dir='ltr'><strong>apparuerint</strong></span> <span class='ocrx_word' id='word_1_488' title='bbox 3912 2220 3972 2256; x_wconf 78' lang='lat' dir='ltr'><strong>Cu</strong></span> 
     </span>
    </p>
   </div>
   <div class='ocr_carea' id='block_1_67' title="bbox 2423 2288 3978 2355">
    <p class='ocr_par' dir='ltr' id='par_1_67' title="bbox 2423 2288 3978 2355">
     <span class='ocr_line' id='line_1_67' title="bbox 2423 2288 3978 2355; baseline 0.005 -16"><span class='ocrx_word' id='word_1_489' title='bbox 2423 2302 2542 2355; x_wconf 72' lang='lat' dir='ltr'><strong>qua:</strong></span> <span class='ocrx_word' id='word_1_490' title='bbox 2572 2302 2601 2340; x_wconf 92' lang='lat' dir='ltr'><strong>a</strong></span> <span class='ocrx_word' id='word_1_491' title='bbox 2634 2297 2684 2342; x_wconf 91' lang='lat' dir='ltr'><strong>te</strong></span> <span class='ocrx_word' id='word_1_492' title='bbox 2711 2288 2854 2342; x_wconf 89' lang='lat' dir='ltr'><strong>dicta</strong></span> <span class='ocrx_word' id='word_1_493' title='bbox 2900 2298 3048 2350; x_wconf 90' lang='lat' dir='ltr'><strong>sunt,</strong></span> <span class='ocrx_word' id='word_1_494' title='bbox 3077 2303 3107 2341; x_wconf 91' lang='lat' dir='ltr'><strong>a</strong></span> <span class='ocrx_word' id='word_1_495' title='bbox 3139 2305 3222 2342; x_wconf 90' lang='lat' dir='ltr'><strong>mc</strong></span> <span class='ocrx_word' id='word_1_496' title='bbox 3264 2288 3499 2344; x_wconf 90' lang='lat' dir='ltr'><strong>honores</strong></span> <span class='ocrx_word' id='word_1_497' title='bbox 3531 2299 3584 2343; x_wconf 91' lang='lat' dir='ltr'><strong>et</strong></span> <span class='ocrx_word' id='word_1_498' title='bbox 3617 2292 3756 2344; x_wconf 90' lang='lat' dir='ltr'><strong>dona</strong></span> <span class='ocrx_word' id='word_1_499' title='bbox 3786 2307 3978 2346; x_wconf 64' lang='grc' dir='ltr'><strong>ρους(-</strong></span> 
     </span>
    </p>
   </div>
   <div class='ocr_carea' id='block_1_68' title="bbox 2422 2376 3975 2445">
    <p class='ocr_par' dir='ltr' id='par_1_68' title="bbox 2422 2376 3975 2445">
     <span class='ocr_line' id='line_1_68' title="bbox 2422 2376 3975 2445; baseline 0.001 -17"><span class='ocrx_word' id='word_1_500' title='bbox 2422 2376 2626 2444; x_wconf 89' lang='lat' dir='ltr'><strong>qucris.</strong></span> <span class='ocrx_word' id='word_1_501' title='bbox 2661 2386 2718 2428; x_wconf 89' lang='lat' dir='ltr'><strong>ut</strong></span> <span class='ocrx_word' id='word_1_502' title='bbox 2744 2377 2835 2445; x_wconf 93' lang='lat' dir='ltr'><strong>qui</strong></span> <span class='ocrx_word' id='word_1_503' title='bbox 2868 2376 3185 2429; x_wconf 91' lang='lat' dir='ltr'><strong>benevolum</strong></span> <span class='ocrx_word' id='word_1_504' title='bbox 3212 2378 3265 2430; x_wconf 93' lang='lat' dir='ltr'><strong>in</strong></span> <span class='ocrx_word' id='word_1_505' title='bbox 3298 2377 3428 2429; x_wconf 86' lang='lat' dir='ltr'><strong>deos</strong></span> <span class='ocrx_word' id='word_1_506' title='bbox 3452 2387 3505 2430; x_wconf 91' lang='lat' dir='ltr'><strong>et</strong></span> <span class='ocrx_word' id='word_1_507' title='bbox 3533 2380 3584 2430; x_wconf 91' lang='lat' dir='ltr'><strong>in</strong></span> <span class='ocrx_word' id='word_1_508' title='bbox 3615 2394 3713 2431; x_wconf 88' lang='lat' dir='ltr'><strong>nos</strong></span> <span class='ocrx_word' id='word_1_509' title='bbox 3734 2379 3975 2432; x_wconf 88' lang='lat' dir='ltr'><strong>animum</strong></span> 
     </span>
    </p>
   </div>
   <div class='ocr_carea' id='block_1_69' title="bbox 2423 2467 3976 2539">
    <p class='ocr_par' dir='ltr' id='par_1_69' title="bbox 2423 2467 3976 2539">
     <span class='ocr_line' id='line_1_69' title="bbox 2423 2467 3976 2539; baseline 0.003 -19"><span class='ocrx_word' id='word_1_510' title='bbox 2423 2467 2743 2520; x_wconf 90' lang='lat' dir='ltr'><strong>ostenderis.</strong></span> <span class='ocrx_word' id='word_1_511' title='bbox 2776 2467 3073 2534; x_wconf 89' lang='lat' dir='ltr'><strong>Imperator</strong></span> <span class='ocrx_word' id='word_1_512' title='bbox 3105 2476 3284 2520; x_wconf 90' lang='lat' dir='ltr'><strong>autem</strong></span> <span class='ocrx_word' id='word_1_513' title='bbox 3312 2469 3473 2539; x_wconf 87' lang='lat' dir='ltr'><strong>jussit</strong></span> <span class='ocrx_word' id='word_1_514' title='bbox 3493 2484 3617 2523; x_wconf 91' lang='lat' dir='ltr'><strong>euiii</strong></span> <span class='ocrx_word' id='word_1_515' title='bbox 3641 2472 3824 2525; x_wconf 88' lang='lat' dir='ltr'><strong>venire</strong></span> <span class='ocrx_word' id='word_1_516' title='bbox 3853 2486 3976 2525; x_wconf 89' lang='lat' dir='ltr'><strong>cuiii</strong></span> 
     </span>
    </p>
   </div>
   <div class='ocr_carea' id='block_1_70' title="bbox 2423 2558 3196 2625">
    <p class='ocr_par' dir='ltr' id='par_1_70' title="bbox 2423 2558 3196 2625">
     <span class='ocr_line' id='line_1_70' title="bbox 2423 2558 3196 2625; baseline 0.001 -14"><span class='ocrx_word' id='word_1_517' title='bbox 2423 2572 2509 2620; x_wconf 91' lang='lat' dir='ltr'><strong>eo,</strong></span> <span class='ocrx_word' id='word_1_518' title='bbox 2547 2572 2655 2625; x_wconf 82' lang='lat' dir='ltr'><strong>quo</strong></span> <span class='ocrx_word' id='word_1_519' title='bbox 2692 2573 2786 2622; x_wconf 89' lang='lat' dir='ltr'><strong>par</strong></span> <span class='ocrx_word' id='word_1_520' title='bbox 2821 2567 2936 2610; x_wconf 87' lang='lat' dir='ltr'><strong>erat</strong></span> <span class='ocrx_word' id='word_1_521' title='bbox 2971 2558 3196 2612; x_wconf 85' lang='lat' dir='ltr'><strong>honore.</strong></span> 
     </span>
    </p>
   </div>
   <div class='ocr_carea' id='block_1_71' title="bbox 2496 2648 3973 2716">
    <p class='ocr_par' dir='ltr' id='par_1_71' title="bbox 2496 2648 3973 2716">
     <span class='ocr_line' id='line_1_71' title="bbox 2496 2648 3973 2716; baseline 0.002 -14"><span class='ocrx_word' id='word_1_522' title='bbox 2496 2648 2557 2702; x_wconf 83' lang='lat' dir='ltr'><strong>V.</strong></span> <span class='ocrx_word' id='word_1_523' title='bbox 2598 2648 2732 2701; x_wconf 80' lang='lat' dir='ltr'><strong>Cum</strong></span> <span class='ocrx_word' id='word_1_524' title='bbox 2786 2649 2831 2702; x_wconf 93' lang='lat' dir='ltr'><strong>is</strong></span> <span class='ocrx_word' id='word_1_525' title='bbox 2858 2664 3038 2704; x_wconf 90' lang='lat' dir='ltr'><strong>autem</strong></span> <span class='ocrx_word' id='word_1_526' title='bbox 3093 2653 3428 2716; x_wconf 87' lang='lat' dir='ltr'><strong>accessisset,</strong></span> <span class='ocrx_word' id='word_1_527' title='bbox 3475 2653 3608 2707; x_wconf 71' lang='lat' dir='ltr'><strong>dixit</strong></span> <span class='ocrx_word' id='word_1_528' title='bbox 3639 2655 3688 2708; x_wconf 91' lang='lat' dir='ltr'><strong>ei</strong></span> <span class='ocrx_word' id='word_1_529' title='bbox 3737 2655 3973 2709; x_wconf 89' lang='lat' dir='ltr'><strong>Decius:</strong></span> 
     </span>
    </p>
   </div>
   <div class='ocr_carea' id='block_1_72' title="bbox 2422 2736 3975 2810">
    <p class='ocr_par' dir='ltr' id='par_1_72' title="bbox 2422 2736 3975 2810">
     <span class='ocr_line' id='line_1_72' title="bbox 2422 2736 3975 2810; baseline 0.005 -19"><span class='ocrx_word' id='word_1_530' title='bbox 2422 2736 2538 2791; x_wconf 80' lang='lat' dir='ltr'><strong>Non</strong></span> <span class='ocrx_word' id='word_1_531' title='bbox 2568 2753 2668 2807; x_wconf 89' lang='lat' dir='ltr'><strong>ego</strong></span> <span class='ocrx_word' id='word_1_532' title='bbox 2709 2749 2756 2792; x_wconf 88' lang='lat' dir='ltr'><strong>te</strong></span> <span class='ocrx_word' id='word_1_533' title='bbox 2789 2741 2887 2793; x_wconf 89' lang='lat' dir='ltr'><strong>hac</strong></span> <span class='ocrx_word' id='word_1_534' title='bbox 2933 2744 3116 2794; x_wconf 84' lang='lat' dir='ltr'><strong>ornavi</strong></span> <span class='ocrx_word' id='word_1_535' title='bbox 3151 2743 3430 2810; x_wconf 77' lang='lat' dir='ltr'><strong>dignitate,</strong></span> <span class='ocrx_word' id='word_1_536' title='bbox 3472 2755 3522 2797; x_wconf 90' lang='lat' dir='ltr'><strong>te</strong></span> <span class='ocrx_word' id='word_1_537' title='bbox 3568 2747 3844 2799; x_wconf 84' lang='lat' dir='ltr'><strong>exercitus</strong></span> <span class='ocrx_word' id='word_1_538' title='bbox 3876 2747 3975 2799; x_wconf 84' lang='lat' dir='ltr'><strong>du-</strong></span> 
     </span>
    </p>
   </div>
   <div class='ocr_carea' id='block_1_73' title="bbox 2423 2832 3947 2905">
    <p class='ocr_par' dir='ltr' id='par_1_73' title="bbox 2423 2832 3947 2905">
     <span class='ocr_line' id='line_1_73' title="bbox 2423 2832 3947 2905; baseline 0.007 -26"><span class='ocrx_word' id='word_1_539' title='bbox 2423 2833 2626 2880; x_wconf 80' lang='lat' dir='ltr'><strong>olorem</strong></span> <span class='ocrx_word' id='word_1_540' title='bbox 2656 2832 2993 2884; x_wconf 80' lang='lat' dir='ltr'><strong>coriStitucns</strong></span> <span class='ocrx_word' id='word_1_541' title='bbox 3026 2847 3204 2885; x_wconf 87' lang='lat' dir='ltr'><strong>coram</strong></span> <span class='ocrx_word' id='word_1_542' title='bbox 3241 2837 3496 2888; x_wconf 88' lang='lat' dir='ltr'><strong>omnibus</strong></span> <span class='ocrx_word' id='word_1_543' title='bbox 3532 2838 3666 2889; x_wconf 90' lang='lat' dir='ltr'><strong>meis</strong></span> <span class='ocrx_word' id='word_1_544' title='bbox 3717 2838 3947 2905; x_wconf 82' lang='lat' dir='ltr'><strong>principi</strong></span> 
     </span>
    </p>
   </div>
   <div class='ocr_carea' id='block_1_74' title="bbox 2423 2915 3976 2990">
    <p class='ocr_par' dir='ltr' id='par_1_74' title="bbox 2423 2915 3976 2990">
     <span class='ocr_line' id='line_1_74' title="bbox 2423 2915 3976 2990; baseline 0.008 -22"><span class='ocrx_word' id='word_1_545' title='bbox 2423 2915 2542 2980; x_wconf 91' lang='lat' dir='ltr'><strong>bus,</strong></span> <span class='ocrx_word' id='word_1_546' title='bbox 2577 2929 2859 2987; x_wconf 85' lang='lat' dir='ltr'><strong>propterea</strong></span> <span class='ocrx_word' id='word_1_547' title='bbox 2889 2922 3031 2990; x_wconf 93' lang='lat' dir='ltr'><strong>quod</strong></span> <span class='ocrx_word' id='word_1_548' title='bbox 3066 2923 3157 2977; x_wconf 91' lang='lat' dir='ltr'><strong>Dei</strong></span> <span class='ocrx_word' id='word_1_549' title='bbox 3182 2925 3456 2978; x_wconf 75' lang='lat' dir='ltr'><strong>voluntate</strong></span> <span class='ocrx_word' id='word_1_550' title='bbox 3480 2941 3508 2979; x_wconf 91' lang='lat' dir='ltr'><strong>a</strong></span> <span class='ocrx_word' id='word_1_551' title='bbox 3547 2939 3597 2980; x_wconf 91' lang='lat' dir='ltr'><strong>te</strong></span> <span class='ocrx_word' id='word_1_552' title='bbox 3630 2928 3832 2980; x_wconf 88' lang='lat' dir='ltr'><strong>victum</strong></span> <span class='ocrx_word' id='word_1_553' title='bbox 3861 2930 3976 2982; x_wconf 83' lang='lat' dir='ltr'><strong>lue-</strong></span> 
     </span>
    </p>
   </div>
   <div class='ocr_carea' id='block_1_75' title="bbox 2425 3007 3974 3077">
    <p class='ocr_par' dir='ltr' id='par_1_75' title="bbox 2425 3007 3974 3077">
     <span class='ocr_line' id='line_1_75' title="bbox 2425 3007 3974 3077; baseline 0.008 -19"><span class='ocrx_word' id='word_1_554' title='bbox 2425 3007 2494 3060; x_wconf 91' lang='lat' dir='ltr'><strong>rit</strong></span> <span class='ocrx_word' id='word_1_555' title='bbox 2546 3009 2849 3076; x_wconf 66' lang='lat' dir='ltr'><strong>praelium?</strong></span> <span class='ocrx_word' id='word_1_556' title='bbox 2897 3011 3176 3076; x_wconf 87' lang='lat' dir='ltr'><strong>Quomodo</strong></span> <span class='ocrx_word' id='word_1_557' title='bbox 3217 3024 3418 3077; x_wconf 83' lang='lat' dir='ltr'><strong>autem,</strong></span> <span class='ocrx_word' id='word_1_558' title='bbox 3474 3032 3650 3069; x_wconf 89' lang='lat' dir='ltr'><strong>meum</strong></span> <span class='ocrx_word' id='word_1_559' title='bbox 3709 3017 3974 3070; x_wconf 82' lang='lat' dir='ltr'><strong>honorem</strong></span> 
     </span>
    </p>
   </div>
   <div class='ocr_carea' id='block_1_76' title="bbox 2425 3095 3976 3178">
    <p class='ocr_par' dir='ltr' id='par_1_76' title="bbox 2425 3095 3976 3178">
     <span class='ocr_line' id='line_1_76' title="bbox 2425 3095 3976 3178; baseline 0.01 -30"><span class='ocrx_word' id='word_1_560' title='bbox 2425 3095 2579 3150; x_wconf 88' lang='lat' dir='ltr'><strong>nihili</strong></span> <span class='ocrx_word' id='word_1_561' title='bbox 2607 3098 2834 3162; x_wconf 89' lang='lat' dir='ltr'><strong>ducens,</strong></span> <span class='ocrx_word' id='word_1_562' title='bbox 2876 3103 3131 3170; x_wconf 90' lang='lat' dir='ltr'><strong>accepisti</strong></span> <span class='ocrx_word' id='word_1_563' title='bbox 3165 3104 3380 3157; x_wconf 91' lang='lat' dir='ltr'><strong>moduni</strong></span> <span class='ocrx_word' id='word_1_564' title='bbox 3408 3106 3695 3174; x_wconf 86' lang='lat' dir='ltr'><strong>quemdam</strong></span> <span class='ocrx_word' id='word_1_565' title='bbox 3728 3111 3976 3178; x_wconf 82' lang='lat' dir='ltr'><strong>maligni-</strong></span> 
     </span>
    </p>
   </div>
   <div class='ocr_carea' id='block_1_77' title="bbox 2427 3190 3972 3262">
    <p class='ocr_par' dir='ltr' id='par_1_77' title="bbox 2427 3190 3972 3262">
     <span class='ocr_line' id='line_1_77' title="bbox 2427 3190 3972 3262; baseline 0.01 -23"><span class='ocrx_word' id='word_1_566' title='bbox 2427 3190 2572 3250; x_wconf 85' lang='lat' dir='ltr'><strong>tatis,</strong></span> <span class='ocrx_word' id='word_1_567' title='bbox 2609 3198 2662 3242; x_wconf 89' lang='lat' dir='ltr'><strong>et</strong></span> <span class='ocrx_word' id='word_1_568' title='bbox 2698 3190 2775 3243; x_wconf 87' lang='lat' dir='ltr'><strong>vis</strong></span> <span class='ocrx_word' id='word_1_569' title='bbox 2806 3205 2955 3244; x_wconf 90' lang='lat' dir='ltr'><strong>meos</strong></span> <span class='ocrx_word' id='word_1_570' title='bbox 2978 3191 3214 3247; x_wconf 82' lang='lat' dir='ltr'><strong>honores</strong></span> <span class='ocrx_word' id='word_1_571' title='bbox 3245 3195 3396 3248; x_wconf 90' lang='lat' dir='ltr'><strong>nihili</strong></span> <span class='ocrx_word' id='word_1_572' title='bbox 3430 3197 3685 3262; x_wconf 89' lang='lat' dir='ltr'><strong>pendere,</strong></span> <span class='ocrx_word' id='word_1_573' title='bbox 3713 3201 3838 3252; x_wconf 89' lang='lat' dir='ltr'><strong>deos</strong></span> <span class='ocrx_word' id='word_1_574' title='bbox 3864 3218 3972 3254; x_wconf 88' lang='lat' dir='ltr'><strong>non</strong></span> 
     </span>
    </p>
   </div>
   <div class='ocr_carea' id='block_1_78' title="bbox 2425 3277 3977 3353">
    <p class='ocr_par' dir='ltr' id='par_1_78' title="bbox 2425 3277 3977 3353">
     <span class='ocr_line' id='line_1_78' title="bbox 2425 3277 3977 3353; baseline 0.01 -24"><span class='ocrx_word' id='word_1_575' title='bbox 2425 3277 2673 3340; x_wconf 89' lang='lat' dir='ltr'><strong>adorans,</strong></span> <span class='ocrx_word' id='word_1_576' title='bbox 2705 3279 2973 3350; x_wconf 86' lang='lat' dir='ltr'><strong>sicutjam</strong></span> <span class='ocrx_word' id='word_1_577' title='bbox 3002 3283 3184 3336; x_wconf 81' lang='lat' dir='ltr'><strong>audivi</strong></span> <span class='ocrx_word' id='word_1_578' title='bbox 3218 3283 3286 3336; x_wconf 92' lang='lat' dir='ltr'><strong>ab</strong></span> <span class='ocrx_word' id='word_1_579' title='bbox 3312 3285 3629 3353; x_wconf 90' lang='lat' dir='ltr'><strong>aliquibus?</strong></span> <span class='ocrx_word' id='word_1_580' title='bbox 3661 3287 3977 3344; x_wconf 76' lang='lat' dir='ltr'><strong>Genero~us</strong></span> 
     </span>
    </p>
   </div>
   <div class='ocr_carea' id='block_1_79' title="bbox 2425 3370 3973 3451">
    <p class='ocr_par' dir='ltr' id='par_1_79' title="bbox 2425 3370 3973 3451">
     <span class='ocr_line' id='line_1_79' title="bbox 2425 3370 3973 3451; baseline 0.01 -31"><span class='ocrx_word' id='word_1_581' title='bbox 2425 3379 2602 3422; x_wconf 88' lang='lat' dir='ltr'><strong>autem</strong></span> <span class='ocrx_word' id='word_1_582' title='bbox 2649 3370 2852 3425; x_wconf 80' lang='lat' dir='ltr'><strong>Christi</strong></span> <span class='ocrx_word' id='word_1_583' title='bbox 2901 3373 3077 3437; x_wconf 79' lang='lat' dir='ltr'><strong>miles,</strong></span> <span class='ocrx_word' id='word_1_584' title='bbox 3110 3389 3234 3427; x_wconf 88' lang='lat' dir='ltr'><strong>cuni</strong></span> <span class='ocrx_word' id='word_1_585' title='bbox 3283 3379 3670 3432; x_wconf 91' lang='lat' dir='ltr'><strong>convenienter</strong></span> <span class='ocrx_word' id='word_1_586' title='bbox 3698 3381 3771 3442; x_wconf 90' lang='lat' dir='ltr'><strong>ci,</strong></span> <span class='ocrx_word' id='word_1_587' title='bbox 3825 3384 3973 3451; x_wconf 91' lang='lat' dir='ltr'><strong>quod</strong></span> 
     </span>
    </p>
   </div>
   <div class='ocr_carea' id='block_1_80' title="bbox 2425 3460 3972 3530">
    <p class='ocr_par' dir='ltr' id='par_1_80' title="bbox 2425 3460 3972 3530">
     <span class='ocr_line' id='line_1_80' title="bbox 2425 3460 3972 3530; baseline 0.01 -17"><span class='ocrx_word' id='word_1_588' title='bbox 2425 3460 2557 3514; x_wconf 84' lang='lat' dir='ltr'><strong>dicit</strong></span> <span class='ocrx_word' id='word_1_589' title='bbox 2588 3463 2878 3530; x_wconf 80' lang='lat' dir='ltr'><strong>Apostolus</strong></span> <span class='ocrx_word' id='word_1_590' title='bbox 2899 3465 2943 3528; x_wconf 82' lang='lat'><strong>&#39;,</strong></span> <span class='ocrx_word' id='word_1_591' title='bbox 2972 3476 3210 3521; x_wconf 88' lang='lat' dir='ltr'><strong>veterem</strong></span> <span class='ocrx_word' id='word_1_592' title='bbox 3258 3470 3499 3523; x_wconf 90' lang='lat' dir='ltr'><strong>exuisset</strong></span> <span class='ocrx_word' id='word_1_593' title='bbox 3543 3472 3816 3526; x_wconf 91' lang='lat' dir='ltr'><strong>hominem</strong></span> <span class='ocrx_word' id='word_1_594' title='bbox 3849 3492 3972 3529; x_wconf 85' lang='lat' dir='ltr'><strong>cuin</strong></span> 
     </span>
    </p>
   </div>
   <div class='ocr_carea' id='block_1_81' title="bbox 2424 3557 3973 3632">
    <p class='ocr_par' dir='ltr' id='par_1_81' title="bbox 2424 3557 3973 3632">
     <span class='ocr_line' id='line_1_81' title="bbox 2424 3557 3973 3632; baseline 0.011 -25"><span class='ocrx_word' id='word_1_595' title='bbox 2424 3557 2536 3608; x_wconf 91' lang='lat' dir='ltr'><strong>suis</strong></span> <span class='ocrx_word' id='word_1_596' title='bbox 2566 3557 2891 3622; x_wconf 90' lang='lat' dir='ltr'><strong>actionibus,</strong></span> <span class='ocrx_word' id='word_1_597' title='bbox 2927 3559 3103 3613; x_wconf 88' lang='lat' dir='ltr'><strong>induit</strong></span> <span class='ocrx_word' id='word_1_598' title='bbox 3134 3578 3354 3625; x_wconf 90' lang='lat' dir='ltr'><strong>novum,</strong></span> <span class='ocrx_word' id='word_1_599' title='bbox 3386 3565 3478 3632; x_wconf 88' lang='lat' dir='ltr'><strong>qui</strong></span> <span class='ocrx_word' id='word_1_600' title='bbox 3511 3574 3593 3619; x_wconf 91' lang='lat' dir='ltr'><strong>est</strong></span> <span class='ocrx_word' id='word_1_601' title='bbox 3641 3578 3854 3622; x_wconf 86' lang='lat' dir='ltr'><strong>creatus</strong></span> <span class='ocrx_word' id='word_1_602' title='bbox 3887 3585 3973 3624; x_wconf 86' lang='lat' dir='ltr'><strong>sc-</strong></span> 
     </span>
    </p>
   </div>
   <div class='ocr_carea' id='block_1_82' title="bbox 2423 3646 3970 3720">
    <p class='ocr_par' dir='ltr' id='par_1_82' title="bbox 2423 3646 3970 3720">
     <span class='ocr_line' id='line_1_82' title="bbox 2423 3646 3970 3720; baseline 0.01 -22"><span class='ocrx_word' id='word_1_603' title='bbox 2423 3646 2661 3700; x_wconf 91' lang='lat' dir='ltr'><strong>cunduin</strong></span> <span class='ocrx_word' id='word_1_604' title='bbox 2707 3648 2874 3702; x_wconf 85' lang='lat' dir='ltr'><strong>Deum</strong></span> <span class='ocrx_word' id='word_1_605' title='bbox 2921 3665 3022 3720; x_wconf 87' lang='lat' dir='ltr'><strong>per</strong></span> <span class='ocrx_word' id='word_1_606' title='bbox 3057 3651 3403 3720; x_wconf 88' lang='lat' dir='ltr'><strong>baptismum,</strong></span> <span class='ocrx_word' id='word_1_607' title='bbox 3450 3666 3506 3709; x_wconf 89' lang='lat' dir='ltr'><strong>et</strong></span> <span class='ocrx_word' id='word_1_608' title='bbox 3553 3657 3889 3714; x_wconf 88' lang='lat' dir='ltr'><strong>conﬁdenter</strong></span> <span class='ocrx_word' id='word_1_609' title='bbox 3918 3663 3970 3714; x_wconf 92' lang='lat' dir='ltr'><strong>ei</strong></span> 
     </span>
    </p>
   </div>
   <div class='ocr_carea' id='block_1_83' title="bbox 2423 3733 3971 3819">
    <p class='ocr_par' dir='ltr' id='par_1_83' title="bbox 2423 3733 3971 3819">
     <span class='ocr_line' id='line_1_83' title="bbox 2423 3733 3971 3819; baseline 0.011 -32"><span class='ocrx_word' id='word_1_610' title='bbox 2423 3733 2594 3788; x_wconf 90' lang='lat' dir='ltr'><strong>dixit:</strong></span> <span class='ocrx_word' id='word_1_611' title='bbox 2637 3737 2681 3791; x_wconf 84' lang='lat' dir='ltr'><strong>A</strong></span> <span class='ocrx_word' id='word_1_612' title='bbox 2710 3753 2794 3793; x_wconf 92' lang='lat' dir='ltr'><strong>me</strong></span> <span class='ocrx_word' id='word_1_613' title='bbox 2820 3739 2945 3793; x_wconf 93' lang='lat' dir='ltr'><strong>tolle</strong></span> <span class='ocrx_word' id='word_1_614' title='bbox 2981 3741 3127 3795; x_wconf 93' lang='lat' dir='ltr'><strong>hunc</strong></span> <span class='ocrx_word' id='word_1_615' title='bbox 3157 3751 3310 3796; x_wconf 91' lang='lat' dir='ltr'><strong>tuum</strong></span> <span class='ocrx_word' id='word_1_616' title='bbox 3361 3745 3643 3802; x_wconf 86' lang='lat' dir='ltr'><strong>honorem.</strong></span> <span class='ocrx_word' id='word_1_617' title='bbox 3692 3748 3802 3819; x_wconf 79' lang='lat' dir='ltr'><strong>Ego</strong></span> <span class='ocrx_word' id='word_1_618' title='bbox 3826 3753 3971 3804; x_wconf 88' lang='lat' dir='ltr'><strong>enim</strong></span> 
     </span>
    </p>
   </div>
   <div class='ocr_carea' id='block_1_84' title="bbox 2424 3829 3971 3908">
    <p class='ocr_par' dir='ltr' id='par_1_84' title="bbox 2424 3829 3971 3908">
     <span class='ocr_line' id='line_1_84' title="bbox 2424 3829 3971 3908; baseline 0.012 -32"><span class='ocrx_word' id='word_1_619' title='bbox 2424 3837 2553 3888; x_wconf 88' lang='lat' dir='ltr'><strong>non,</strong></span> <span class='ocrx_word' id='word_1_620' title='bbox 2585 3835 2644 3879; x_wconf 92' lang='lat' dir='ltr'><strong>ut</strong></span> <span class='ocrx_word' id='word_1_621' title='bbox 2692 3829 2948 3887; x_wconf 86' lang='lat' dir='ltr'><strong>arbitror.</strong></span> <span class='ocrx_word' id='word_1_622' title='bbox 2985 3832 3050 3883; x_wconf 87' lang='lat' dir='ltr'><strong>ad</strong></span> <span class='ocrx_word' id='word_1_623' title='bbox 3104 3833 3154 3885; x_wconf 82' lang='lat' dir='ltr'><strong>iil</strong></span> <span class='ocrx_word' id='word_1_624' title='bbox 3205 3835 3324 3887; x_wconf 80' lang='lat' dir='ltr'><strong>\‘t&#39;lll</strong></span> <span class='ocrx_word' id='word_1_625' title='bbox 3359 3850 3422 3888; x_wconf 88' lang='lat' dir='ltr'><strong>ex</strong></span> <span class='ocrx_word' id='word_1_626' title='bbox 3465 3838 3670 3904; x_wconf 89' lang='lat' dir='ltr'><strong>debito,</strong></span> <span class='ocrx_word' id='word_1_627' title='bbox 3697 3843 3809 3908; x_wconf 90' lang='lat' dir='ltr'><strong>qui,</strong></span> <span class='ocrx_word' id='word_1_628' title='bbox 3844 3841 3971 3894; x_wconf 84' lang='lat' dir='ltr'><strong>Bar-</strong></span> 
     </span>
    </p>
   </div>
   <div class='ocr_carea' id='block_1_85' title="bbox 2422 3915 3968 3989">
    <p class='ocr_par' dir='ltr' id='par_1_85' title="bbox 2422 3915 3968 3989">
     <span class='ocr_line' id='line_1_85' title="bbox 2422 3915 3968 3989; baseline 0.008 -21"><span class='ocrx_word' id='word_1_629' title='bbox 2422 3915 2581 3968; x_wconf 88' lang='lat' dir='ltr'><strong>baros</strong></span> <span class='ocrx_word' id='word_1_630' title='bbox 2616 3918 2667 3968; x_wconf 92' lang='lat' dir='ltr'><strong>in</strong></span> <span class='ocrx_word' id='word_1_631' title='bbox 2700 3917 2842 3970; x_wconf 88' lang='lat' dir='ltr'><strong>bello</strong></span> <span class='ocrx_word' id='word_1_632' title='bbox 2869 3922 3090 3973; x_wconf 82' lang='lat' dir='ltr'><strong>vicerim</strong></span> <span class='ocrx_word' id='word_1_633' title='bbox 3128 3937 3221 3989; x_wconf 87' lang='lat' dir='ltr'><strong>per</strong></span> <span class='ocrx_word' id='word_1_634' title='bbox 3263 3924 3546 3977; x_wconf 88' lang='lat' dir='ltr'><strong>Dominum</strong></span> <span class='ocrx_word' id='word_1_635' title='bbox 3583 3942 3762 3980; x_wconf 90' lang='lat' dir='ltr'><strong>meum</strong></span> <span class='ocrx_word' id='word_1_636' title='bbox 3785 3930 3968 3982; x_wconf 83' lang='lat' dir='ltr'><strong>Jcsum</strong></span> 
     </span>
    </p>
   </div>
   <div class='ocr_carea' id='block_1_86' title="bbox 2421 4003 3970 4080">
    <p class='ocr_par' dir='ltr' id='par_1_86' title="bbox 2421 4003 3970 4080">
     <span class='ocr_line' id='line_1_86' title="bbox 2421 4003 3970 4080; baseline 0.01 -24"><span class='ocrx_word' id='word_1_637' title='bbox 2421 4003 2720 4058; x_wconf 88' lang='lat' dir='ltr'><strong>Christum.</strong></span> <span class='ocrx_word' id='word_1_638' title='bbox 2773 4009 2874 4062; x_wconf 89' lang='lat' dir='ltr'><strong>Sed</strong></span> <span class='ocrx_word' id='word_1_639' title='bbox 2911 4011 3091 4078; x_wconf 85' lang='lat' dir='ltr'><strong>accipe</strong></span> <span class='ocrx_word' id='word_1_640' title='bbox 3119 4027 3238 4079; x_wconf 73' lang='lat' dir='ltr'><strong>qua:</strong></span> <span class='ocrx_word' id='word_1_641' title='bbox 3287 4029 3315 4064; x_wconf 84' lang='lat' dir='ltr'><strong>a</strong></span> <span class='ocrx_word' id='word_1_642' title='bbox 3366 4024 3435 4073; x_wconf 88' lang='lat' dir='ltr'><strong>te,</strong></span> <span class='ocrx_word' id='word_1_643' title='bbox 3486 4026 3546 4068; x_wconf 92' lang='lat' dir='ltr'><strong>ut</strong></span> <span class='ocrx_word' id='word_1_644' title='bbox 3593 4017 3800 4080; x_wconf 74' lang='lat' dir='ltr'><strong>dixisti,</strong></span> <span class='ocrx_word' id='word_1_645' title='bbox 3840 4020 3970 4071; x_wconf 91' lang='lat' dir='ltr'><strong>inihi</strong></span> 
     </span>
    </p>
   </div>
   <div class='ocr_carea' id='block_1_87' title="bbox 2422 4094 3970 4170">
    <p class='ocr_par' dir='ltr' id='par_1_87' title="bbox 2422 4094 3970 4170">
     <span class='ocr_line' id='line_1_87' title="bbox 2422 4094 3970 4170; baseline 0.008 -22"><span class='ocrx_word' id='word_1_646' title='bbox 2422 4094 2544 4148; x_wconf 87' lang='lat' dir='ltr'><strong>data</strong></span> <span class='ocrx_word' id='word_1_647' title='bbox 2573 4108 2718 4150; x_wconf 86' lang='lat' dir='ltr'><strong>sunt.</strong></span> <span class='ocrx_word' id='word_1_648' title='bbox 2779 4118 2796 4148; x_wconf 75' lang='grc' dir='ltr'><strong>ε</strong></span> <span class='ocrx_word' id='word_1_649' title='bbox 2828 4099 3014 4154; x_wconf 82' lang='lat' dir='ltr'><strong>Nudus</strong></span> <span class='ocrx_word' id='word_1_650' title='bbox 3041 4102 3185 4155; x_wconf 89' lang='lat' dir='ltr'><strong>eiiiin</strong></span> <span class='ocrx_word' id='word_1_651' title='bbox 3237 4118 3486 4170; x_wconf 88' lang='lat' dir='ltr'><strong>egressus</strong></span> <span class='ocrx_word' id='word_1_652' title='bbox 3532 4120 3652 4159; x_wconf 92' lang='lat' dir='ltr'><strong>suin</strong></span> <span class='ocrx_word' id='word_1_653' title='bbox 3701 4123 3764 4160; x_wconf 91' lang='lat' dir='ltr'><strong>ex</strong></span> <span class='ocrx_word' id='word_1_654' title='bbox 3814 4119 3970 4161; x_wconf 89' lang='lat' dir='ltr'><strong>utero</strong></span> 
     </span>
    </p>
   </div>
   <div class='ocr_carea' id='block_1_88' title="bbox 2425 4188 3969 4253">
    <p class='ocr_par' dir='ltr' id='par_1_88' title="bbox 2425 4188 3969 4253">
     <span class='ocr_line' id='line_1_88' title="bbox 2425 4188 3969 4253; baseline 0.008 -13"><span class='ocrx_word' id='word_1_655' title='bbox 2425 4188 2612 4242; x_wconf 85' lang='lat' dir='ltr'><strong>matris</strong></span> <span class='ocrx_word' id='word_1_656' title='bbox 2644 4204 2793 4253; x_wconf 72' lang='lat' dir='ltr'><strong>meae,</strong></span> <span class='ocrx_word' id='word_1_657' title='bbox 2825 4191 3002 4245; x_wconf 88' lang='lat' dir='ltr'><strong>nudus</strong></span> <span class='ocrx_word' id='word_1_658' title='bbox 3026 4193 3190 4246; x_wconf 83' lang='lat' dir='ltr'><strong>etiam</strong></span> <span class='ocrx_word' id='word_1_659' title='bbox 3227 4209 3468 4249; x_wconf 86' lang='lat' dir='ltr'><strong>revertar</strong></span> <span class='ocrx_word' id='word_1_660' title='bbox 3513 4198 3565 4250; x_wconf 91' lang='lat' dir='ltr'><strong>in</strong></span> <span class='ocrx_word' id='word_1_661' title='bbox 3615 4199 3763 4251; x_wconf 92' lang='lat' dir='ltr'><strong>illum</strong></span> <span class='ocrx_word' id='word_1_662' title='bbox 3806 4215 3969 4252; x_wconf 84' lang='lat' dir='ltr'><strong>initi.-</strong></span> 
     </span>
    </p>
   </div>
   <div class='ocr_carea' id='block_1_89' title="bbox 2423 4276 2666 4331">
    <p class='ocr_par' dir='ltr' id='par_1_89' title="bbox 2423 4276 2666 4331">
     <span class='ocr_line' id='line_1_89' title="bbox 2423 4276 2666 4331; baseline -0.004 -1"><span class='ocrx_word' id='word_1_663' title='bbox 2423 4276 2550 4330; x_wconf 91' lang='lat' dir='ltr'><strong>dum</strong></span> <span class='ocrx_word' id='word_1_664' title='bbox 2576 4280 2613 4331; x_wconf 87' lang='grc'><strong>³.</strong></span> <span class='ocrx_word' id='word_1_665' title='bbox 2649 4298 2666 4329; x_wconf 76' lang='lat' dir='ltr'><strong>i</strong></span> 
     </span>
    </p>
   </div>
   <div class='ocr_carea' id='block_1_90' title="bbox 2497 4367 3970 4440">
    <p class='ocr_par' dir='ltr' id='par_1_90' title="bbox 2497 4367 3970 4440">
     <span class='ocr_line' id='line_1_90' title="bbox 2497 4367 3970 4440; baseline 0.008 -19"><span class='ocrx_word' id='word_1_666' title='bbox 2497 4367 2720 4424; x_wconf 73' lang='lat' dir='ltr'><strong>\’I.Cum</strong></span> <span class='ocrx_word' id='word_1_667' title='bbox 2747 4371 2926 4439; x_wconf 89' lang='lat' dir='ltr'><strong>itaque</strong></span> <span class='ocrx_word' id='word_1_668' title='bbox 2946 4375 3184 4429; x_wconf 84' lang='lat' dir='ltr'><strong>exuisset</strong></span> <span class='ocrx_word' id='word_1_669' title='bbox 3202 4375 3397 4440; x_wconf 89' lang='lat' dir='ltr'><strong>lenam,</strong></span> <span class='ocrx_word' id='word_1_670' title='bbox 3415 4387 3467 4431; x_wconf 88' lang='lat' dir='ltr'><strong>et</strong></span> <span class='ocrx_word' id='word_1_671' title='bbox 3482 4378 3728 4432; x_wconf 89' lang='lat' dir='ltr'><strong>solvisset</strong></span> <span class='ocrx_word' id='word_1_672' title='bbox 3755 4393 3970 4440; x_wconf 80' lang='lat' dir='ltr'><strong>zonam.</strong></span> 
     </span>
    </p>
   </div>
   <div class='ocr_carea' id='block_1_91' title="bbox 781 4456 3969 4529">
    <p class='ocr_par' dir='ltr' id='par_1_91' title="bbox 781 4456 3969 4529">
     <span class='ocr_line' id='line_1_91' title="bbox 781 4456 3969 4529; baseline 0.003 -18"><span class='ocrx_word' id='word_1_673' title='bbox 781 4469 985 4520; x_wconf 89' lang='lat' dir='ltr'><strong>ruerat,</strong></span> <span class='ocrx_word' id='word_1_674' title='bbox 1023 4466 1377 4526; x_wconf 86' lang='lat' dir='ltr'><strong>compunctus</strong></span> <span class='ocrx_word' id='word_1_675' title='bbox 1414 4473 1442 4510; x_wconf 95' lang='lat' dir='ltr'><strong>a</strong></span> <span class='ocrx_word' id='word_1_676' title='bbox 1487 4466 1675 4511; x_wconf 89' lang='lat' dir='ltr'><strong>sancto</strong></span> <span class='ocrx_word' id='word_1_677' title='bbox 1719 4458 1946 4526; x_wconf 85' lang='lat' dir='ltr'><strong>Spiritu.</strong></span> <span class='ocrx_word' id='word_1_678' title='bbox 1995 4459 2159 4527; x_wconf 69' lang='lat' dir='ltr'><strong>cmpit</strong></span> <span class='ocrx_word' id='word_1_679' title='bbox 2195 4474 2316 4514; x_wconf 90' lang='lat' dir='ltr'><strong>eum</strong></span> <span class='ocrx_word' id='word_1_680' title='bbox 2353 4470 2394 4524; x_wconf 79' lang='grc' dir='ltr'>ο</span> <span class='ocrx_word' id='word_1_681' title='bbox 2420 4456 2546 4525; x_wconf 84' lang='lat' dir='ltr'><strong>jecit</strong></span> <span class='ocrx_word' id='word_1_682' title='bbox 2577 4457 2642 4510; x_wconf 86' lang='lat' dir='ltr'><strong>ad</strong></span> <span class='ocrx_word' id='word_1_683' title='bbox 2676 4459 2839 4526; x_wconf 88' lang='lat' dir='ltr'><strong>pedes</strong></span> <span class='ocrx_word' id='word_1_684' title='bbox 2869 4461 3228 4529; x_wconf 78' lang='lat' dir='ltr'><strong>imperatoris,</strong></span> <span class='ocrx_word' id='word_1_685' title='bbox 3249 4467 3486 4521; x_wconf 85' lang='lat' dir='ltr'><strong>clamans</strong></span> <span class='ocrx_word' id='word_1_686' title='bbox 3506 4478 3560 4520; x_wconf 92' lang='lat' dir='ltr'><strong>et</strong></span> <span class='ocrx_word' id='word_1_687' title='bbox 3590 4468 3810 4522; x_wconf 89' lang='lat' dir='ltr'><strong>dicens:</strong></span> <span class='ocrx_word' id='word_1_688' title='bbox 3838 4468 3969 4523; x_wconf 79' lang='lat' dir='ltr'><strong>Si-ni</strong></span> 
     </span>
    </p>
   </div>
   <div class='ocr_carea' id='block_1_92' title="bbox 778 4547 2328 4620">
    <p class='ocr_par' dir='ltr' id='par_1_92' title="bbox 778 4547 2328 4620">
     <span class='ocr_line' id='line_1_92' title="bbox 778 4547 2328 4620; baseline -0.001 -14"><span class='ocrx_word' id='word_1_689' title='bbox 778 4551 1026 4620; x_wconf 81' lang='lat' dir='ltr'><strong>lacrymis</strong></span> <span class='ocrx_word' id='word_1_690' title='bbox 1052 4547 1293 4602; x_wconf 88' lang='lat' dir='ltr'><strong>conﬁteri</strong></span> <span class='ocrx_word' id='word_1_691' title='bbox 1324 4557 1377 4601; x_wconf 89' lang='lat' dir='ltr'><strong>et</strong></span> <span class='ocrx_word' id='word_1_692' title='bbox 1426 4547 1652 4604; x_wconf 87' lang='lat' dir='ltr'><strong>dicere:</strong></span> <span class='ocrx_word' id='word_1_693' title='bbox 1705 4550 1800 4604; x_wconf 82' lang='lat' dir='ltr'><strong>Hei</strong></span> <span class='ocrx_word' id='word_1_694' title='bbox 1853 4550 1983 4602; x_wconf 90' lang='lat' dir='ltr'><strong>mibi</strong></span> <span class='ocrx_word' id='word_1_695' title='bbox 2033 4552 2328 4619; x_wconf 86' lang='lat' dir='ltr'><strong>peccatori,</strong></span> 
     </span>
    </p>
   </div>
   <div class='ocr_carea' id='block_1_93' title="bbox 780 4639 2324 4710">
    <p class='ocr_par' dir='ltr' id='par_1_93' title="bbox 780 4639 2324 4710">
     <span class='ocr_line' id='line_1_93' title="bbox 780 4639 2324 4710; baseline 0.002 -18"><span class='ocrx_word' id='word_1_696' title='bbox 780 4641 920 4710; x_wconf 72' lang='lat' dir='ltr'><strong>quod</strong></span> <span class='ocrx_word' id='word_1_697' title='bbox 949 4655 1070 4694; x_wconf 89' lang='lat' dir='ltr'><strong>cum</strong></span> <span class='ocrx_word' id='word_1_698' title='bbox 1095 4653 1269 4693; x_wconf 88' lang='lat' dir='ltr'><strong>essein</strong></span> <span class='ocrx_word' id='word_1_699' title='bbox 1300 4653 1479 4691; x_wconf 89' lang='lat' dir='ltr'><strong>ramus</strong></span> <span class='ocrx_word' id='word_1_700' title='bbox 1502 4639 1858 4708; x_wconf 81' lang='lat' dir='ltr'><strong>germinaniis</strong></span> <span class='ocrx_word' id='word_1_701' title='bbox 1888 4640 2113 4702; x_wconf 89' lang='lat' dir='ltr'><strong>arboris,</strong></span> <span class='ocrx_word' id='word_1_702' title='bbox 2138 4642 2324 4695; x_wconf 85' lang='lat' dir='ltr'><strong>exarui</strong></span> 
     </span>
    </p>
   </div>
   <div class='ocr_carea' id='block_1_94' title="bbox 779 4730 1879 4800">
    <p class='ocr_par' dir='ltr' id='par_1_94' title="bbox 779 4730 1879 4800">
     <span class='ocr_line' id='line_1_94' title="bbox 779 4730 1879 4800; baseline -0.006 -11"><span class='ocrx_word' id='word_1_703' title='bbox 779 4753 883 4789; x_wconf 89' lang='lat' dir='ltr'><strong>non</strong></span> <span class='ocrx_word' id='word_1_704' title='bbox 912 4735 1115 4788; x_wconf 86' lang='lat' dir='ltr'><strong>habens</strong></span> <span class='ocrx_word' id='word_1_705' title='bbox 1151 4733 1384 4786; x_wconf 88' lang='lat' dir='ltr'><strong>radicem</strong></span> <span class='ocrx_word' id='word_1_706' title='bbox 1417 4732 1509 4787; x_wconf 89' lang='lat' dir='ltr'><strong>Dei</strong></span> <span class='ocrx_word' id='word_1_707' title='bbox 1541 4730 1879 4800; x_wconf 87' lang='lat' dir='ltr'><strong>cognitionis.</strong></span> 
     </span>
    </p>
   </div>
   <div class='ocr_carea' id='block_1_95' title="bbox 847 4821 2323 4892">
    <p class='ocr_par' dir='ltr' id='par_1_95' title="bbox 847 4821 2323 4892">
     <span class='ocr_line' id='line_1_95' title="bbox 847 4821 2323 4892; baseline -0.003 -13"><span class='ocrx_word' id='word_1_708' title='bbox 847 4826 934 4880; x_wconf 74' lang='grc' dir='ltr'><strong>ιν.</strong></span> <span class='ocrx_word' id='word_1_709' title='bbox 980 4826 1115 4878; x_wconf 93' lang='lat' dir='ltr'><strong>Dum</strong></span> <span class='ocrx_word' id='word_1_710' title='bbox 1158 4825 1270 4892; x_wconf 90' lang='lat' dir='ltr'><strong>ipse</strong></span> <span class='ocrx_word' id='word_1_711' title='bbox 1301 4832 1479 4875; x_wconf 88' lang='lat' dir='ltr'><strong>autem</strong></span> <span class='ocrx_word' id='word_1_712' title='bbox 1513 4822 1624 4875; x_wconf 68' lang='lat' dir='ltr'><strong>hac</strong></span> <span class='ocrx_word' id='word_1_713' title='bbox 1657 4822 1884 4886; x_wconf 88' lang='lat' dir='ltr'><strong>diceret,</strong></span> <span class='ocrx_word' id='word_1_714' title='bbox 1917 4821 2113 4874; x_wconf 83' lang='lat' dir='ltr'><strong>missus</strong></span> <span class='ocrx_word' id='word_1_715' title='bbox 2141 4830 2223 4874; x_wconf 88' lang='lat' dir='ltr'><strong>cst</strong></span> <span class='ocrx_word' id='word_1_716' title='bbox 2256 4822 2323 4875; x_wconf 92' lang='lat' dir='ltr'><strong>ab</strong></span> 
     </span>
    </p>
   </div>
   <div class='ocr_carea' id='block_1_96' title="bbox 778 4911 2321 4984">
    <p class='ocr_par' dir='ltr' id='par_1_96' title="bbox 778 4911 2321 4984">
     <span class='ocr_line' id='line_1_96' title="bbox 778 4911 2321 4984; baseline -0.005 -14"><span class='ocrx_word' id='word_1_717' title='bbox 778 4918 1103 4984; x_wconf 89' lang='lat' dir='ltr'><strong>imperatore</strong></span> <span class='ocrx_word' id='word_1_718' title='bbox 1149 4914 1481 4967; x_wconf 88' lang='lat' dir='ltr'><strong>silentiarius</strong></span> <span class='ocrx_word' id='word_1_719' title='bbox 1507 4927 1628 4965; x_wconf 90' lang='lat' dir='ltr'><strong>cum</strong></span> <span class='ocrx_word' id='word_1_720' title='bbox 1665 4911 1916 4981; x_wconf 87' lang='lat' dir='ltr'><strong>plurimis</strong></span> <span class='ocrx_word' id='word_1_721' title='bbox 1946 4911 2086 4974; x_wconf 89' lang='lat' dir='ltr'><strong>aliis,</strong></span> <span class='ocrx_word' id='word_1_722' title='bbox 2118 4921 2175 4963; x_wconf 90' lang='lat' dir='ltr'><strong>ut</strong></span> <span class='ocrx_word' id='word_1_723' title='bbox 2199 4927 2321 4964; x_wconf 89' lang='lat' dir='ltr'><strong>eum</strong></span> 
     </span>
    </p>
   </div>
   <div class='ocr_carea' id='block_1_97' title="bbox 778 5001 2326 5072">
    <p class='ocr_par' dir='ltr' id='par_1_97' title="bbox 778 5001 2326 5072">
     <span class='ocr_line' id='line_1_97' title="bbox 778 5001 2326 5072; baseline -0.001 -18"><span class='ocrx_word' id='word_1_724' title='bbox 778 5014 1031 5058; x_wconf 90' lang='lat' dir='ltr'><strong>vocarent</strong></span> <span class='ocrx_word' id='word_1_725' title='bbox 1071 5003 1136 5055; x_wconf 87' lang='lat' dir='ltr'><strong>ad</strong></span> <span class='ocrx_word' id='word_1_726' title='bbox 1192 5005 1590 5072; x_wconf 87' lang='lat' dir='ltr'><strong>imperatorem.</strong></span> <span class='ocrx_word' id='word_1_727' title='bbox 1629 5001 1761 5054; x_wconf 90' lang='lat' dir='ltr'><strong>Cum</strong></span> <span class='ocrx_word' id='word_1_728' title='bbox 1813 5003 1858 5054; x_wconf 84' lang='lat' dir='ltr'><strong>is</strong></span> <span class='ocrx_word' id='word_1_729' title='bbox 1903 5015 2028 5054; x_wconf 85' lang='lat' dir='ltr'><strong>vero</strong></span> <span class='ocrx_word' id='word_1_730' title='bbox 2063 5015 2119 5054; x_wconf 88' lang='lat' dir='ltr'><strong>se</strong></span> <span class='ocrx_word' id='word_1_731' title='bbox 2163 5015 2326 5053; x_wconf 75' lang='lat' dir='ltr'><strong>excu-</strong></span> 
     </span>
    </p>
   </div>
   <div class='ocr_carea' id='block_1_98' title="bbox 778 5091 2324 5161">
    <p class='ocr_par' dir='ltr' id='par_1_98' title="bbox 778 5091 2324 5161">
     <span class='ocr_line' id='line_1_98' title="bbox 778 5091 2324 5161; baseline -0.003 -13"><span class='ocrx_word' id='word_1_732' title='bbox 778 5102 971 5156; x_wconf 77' lang='lat' dir='ltr'><strong>sasset,</strong></span> <span class='ocrx_word' id='word_1_733' title='bbox 1015 5095 1303 5161; x_wconf 85' lang='lat' dir='ltr'><strong>imperator</strong></span> <span class='ocrx_word' id='word_1_734' title='bbox 1327 5091 1537 5144; x_wconf 88' lang='lat' dir='ltr'><strong>distulit</strong></span> <span class='ocrx_word' id='word_1_735' title='bbox 1564 5091 1871 5144; x_wconf 88' lang='lat' dir='ltr'><strong>concilium.</strong></span> <span class='ocrx_word' id='word_1_736' title='bbox 1905 5091 1999 5144; x_wconf 92' lang='lat' dir='ltr'><strong>Die</strong></span> <span class='ocrx_word' id='word_1_737' title='bbox 2030 5099 2208 5143; x_wconf 90' lang='lat' dir='ltr'><strong>autem</strong></span> <span class='ocrx_word' id='word_1_738' title='bbox 2238 5104 2324 5143; x_wconf 85' lang='lat' dir='ltr'><strong>se-</strong></span> 
     </span>
    </p>
   </div>
   <div class='ocr_carea' id='block_1_99' title="bbox 779 5179 2326 5250">
    <p class='ocr_par' dir='ltr' id='par_1_99' title="bbox 779 5179 2326 5250">
     <span class='ocr_line' id='line_1_99' title="bbox 779 5179 2326 5250; baseline -0.002 -16"><span class='ocrx_word' id='word_1_739' title='bbox 779 5186 962 5250; x_wconf 82' lang='lat' dir='ltr'><strong>quenti</strong></span> <span class='ocrx_word' id='word_1_740' title='bbox 1001 5198 1124 5236; x_wconf 91' lang='lat' dir='ltr'><strong>eum</strong></span> <span class='ocrx_word' id='word_1_741' title='bbox 1174 5197 1361 5234; x_wconf 89' lang='lat' dir='ltr'><strong>rursus</strong></span> <span class='ocrx_word' id='word_1_742' title='bbox 1389 5179 1622 5234; x_wconf 90' lang='lat' dir='ltr'><strong>accersit</strong></span> <span class='ocrx_word' id='word_1_743' title='bbox 1671 5179 1984 5249; x_wconf 87' lang='lat' dir='ltr'><strong>imperator,</strong></span> <span class='ocrx_word' id='word_1_744' title='bbox 2019 5190 2076 5232; x_wconf 94' lang='lat' dir='ltr'><strong>ut</strong></span> <span class='ocrx_word' id='word_1_745' title='bbox 2121 5181 2326 5233; x_wconf 92' lang='lat' dir='ltr'><strong>veniret</strong></span> 
     </span>
    </p>
   </div>
   <div class='ocr_carea' id='block_1_100' title="bbox 780 5269 2326 5340">
    <p class='ocr_par' dir='ltr' id='par_1_100' title="bbox 780 5269 2326 5340">
     <span class='ocr_line' id='line_1_100' title="bbox 780 5269 2326 5340; baseline -0.003 -14"><span class='ocrx_word' id='word_1_746' title='bbox 780 5288 900 5326; x_wconf 91' lang='lat' dir='ltr'><strong>cuni</strong></span> <span class='ocrx_word' id='word_1_747' title='bbox 937 5291 1018 5336; x_wconf 80' lang='lat' dir='ltr'><strong>ro,</strong></span> <span class='ocrx_word' id='word_1_748' title='bbox 1051 5289 1157 5340; x_wconf 89' lang='lat' dir='ltr'><strong>quo</strong></span> <span class='ocrx_word' id='word_1_749' title='bbox 1187 5288 1283 5340; x_wconf 92' lang='lat' dir='ltr'><strong>par</strong></span> <span class='ocrx_word' id='word_1_750' title='bbox 1312 5281 1413 5331; x_wconf 88' lang='lat' dir='ltr'><strong>est,</strong></span> <span class='ocrx_word' id='word_1_751' title='bbox 1448 5271 1670 5324; x_wconf 89' lang='lat' dir='ltr'><strong>honore.</strong></span> <span class='ocrx_word' id='word_1_752' title='bbox 1696 5269 1829 5324; x_wconf 86' lang='lat' dir='ltr'><strong>Cum</strong></span> <span class='ocrx_word' id='word_1_753' title='bbox 1859 5271 1900 5323; x_wconf 92' lang='lat' dir='ltr'><strong>is</strong></span> <span class='ocrx_word' id='word_1_754' title='bbox 1935 5278 2113 5322; x_wconf 91' lang='lat' dir='ltr'><strong>autem</strong></span> <span class='ocrx_word' id='word_1_755' title='bbox 2144 5284 2326 5327; x_wconf 85' lang='lat' dir='ltr'><strong>acces-</strong></span> 
     </span>
    </p>
   </div>
   <div class='ocr_carea' id='block_1_101' title="bbox 814 5361 2315 5430">
    <p class='ocr_par' dir='ltr' id='par_1_101' title="bbox 814 5361 2315 5430">
     <span class='ocr_line' id='line_1_101' title="bbox 814 5361 2315 5430; baseline -0.003 -12"><span class='ocrx_word' id='word_1_756' title='bbox 814 5365 965 5427; x_wconf 61' lang='lat' dir='ltr'><strong>isset,</strong></span> <span class='ocrx_word' id='word_1_757' title='bbox 998 5364 1222 5416; x_wconf 85' lang='lat' dir='ltr'><strong>dimisso</strong></span> <span class='ocrx_word' id='word_1_758' title='bbox 1262 5364 1370 5430; x_wconf 87' lang='lat' dir='ltr'><strong>jain</strong></span> <span class='ocrx_word' id='word_1_759' title='bbox 1429 5363 1678 5425; x_wconf 84' lang='lat' dir='ltr'><strong>concilio,</strong></span> <span class='ocrx_word' id='word_1_760' title='bbox 1721 5361 1849 5413; x_wconf 89' lang='lat' dir='ltr'><strong>dicit</strong></span> <span class='ocrx_word' id='word_1_761' title='bbox 1898 5361 1946 5413; x_wconf 87' lang='lat' dir='ltr'><strong>ci</strong></span> <span class='ocrx_word' id='word_1_762' title='bbox 1989 5361 2315 5427; x_wconf 86' lang='lat' dir='ltr'><strong>imperator:</strong></span> 
     </span>
    </p>
   </div>
   <div class='ocr_carea' id='block_1_102' title="bbox 780 5451 2314 5518">
    <p class='ocr_par' dir='ltr' id='par_1_102' title="bbox 780 5451 2314 5518">
     <span class='ocr_line' id='line_1_102' title="bbox 780 5451 2314 5518; baseline -0.002 -13"><span class='ocrx_word' id='word_1_763' title='bbox 780 5457 975 5506; x_wconf 58' lang='lat' dir='ltr'><strong>liamiis</strong></span> <span class='ocrx_word' id='word_1_764' title='bbox 1021 5453 1179 5506; x_wconf 87' lang='lat' dir='ltr'><strong>si.qu</strong></span> <span class='ocrx_word' id='word_1_765' title='bbox 1221 5452 1272 5503; x_wconf 91' lang='lat' dir='ltr'><strong>iii</strong></span> <span class='ocrx_word' id='word_1_766' title='bbox 1310 5451 1564 5518; x_wconf 89' lang='lat' dir='ltr'><strong>templum</strong></span> <span class='ocrx_word' id='word_1_767' title='bbox 1606 5451 1802 5511; x_wconf 75' lang='lat' dir='ltr'><strong>Dlail-l&#39;,</strong></span> <span class='ocrx_word' id='word_1_768' title='bbox 1835 5459 1889 5503; x_wconf 91' lang='lat' dir='ltr'><strong>et</strong></span> <span class='ocrx_word' id='word_1_769' title='bbox 1934 5451 2220 5503; x_wconf 84' lang='lat' dir='ltr'><strong>olIeranius</strong></span> <span class='ocrx_word' id='word_1_770' title='bbox 2266 5451 2314 5502; x_wconf 92' lang='lat' dir='ltr'><strong>ei</strong></span> 
     </span>
    </p>
   </div>
   <div class='ocr_carea' id='block_1_103' title="bbox 780 5523 2312 5606">
    <p class='ocr_par' dir='ltr' id='par_1_103' title="bbox 780 5538 2312 5606">
     <span class='ocr_line' id='line_1_103' title="bbox 780 5538 2312 5606; baseline -0.002 -11"><span class='ocrx_word' id='word_1_771' title='bbox 780 5543 1121 5595; x_wconf 55' lang='lat' dir='ltr'><strong>sacriﬁcium.</strong></span> <span class='ocrx_word' id='word_1_772' title='bbox 1176 5545 1405 5592; x_wconf 70' lang='lat' dir='ltr'><strong>Sanetus</strong></span> <span class='ocrx_word' id='word_1_773' title='bbox 1447 5555 1574 5591; x_wconf 66' lang='lat' dir='ltr'><strong>vero</strong></span> <span class='ocrx_word' id='word_1_774' title='bbox 1629 5554 1685 5590; x_wconf 74' lang='lat' dir='ltr'><strong>se</strong></span> <span class='ocrx_word' id='word_1_775' title='bbox 1744 5539 2063 5606; x_wconf 78' lang='lat' dir='ltr'><strong>repriiiiciis,</strong></span> <span class='ocrx_word' id='word_1_776' title='bbox 2118 5538 2211 5590; x_wconf 86' lang='lat' dir='ltr'><strong>ivit</strong></span> <span class='ocrx_word' id='word_1_777' title='bbox 2262 5540 2312 5592; x_wconf 90' lang='lat' dir='ltr'><strong>in</strong></span> 
     </span>
    </p>
   </div>
   <div class='ocr_carea' id='block_1_104' title="bbox 849 5727 2138 5796">
    <p class='ocr_par' dir='ltr' id='par_1_104' title="bbox 849 5727 2138 5796">
     <span class='ocr_line' id='line_1_104' title="bbox 849 5727 2138 5796; baseline 0.003 -10"><span class='ocrx_word' id='word_1_778' title='bbox 849 5739 860 5766; x_wconf 88' lang='grc'><strong>¹</strong></span> <span class='ocrx_word' id='word_1_779' title='bbox 900 5732 1050 5786; x_wconf 69' lang='lat' dir='ltr'><strong>ltoiii.</strong></span> <span class='ocrx_word' id='word_1_780' title='bbox 1081 5750 1136 5794; x_wconf 87' lang='lat' dir='ltr'><strong>ll,</strong></span> <span class='ocrx_word' id='word_1_781' title='bbox 1173 5733 1222 5785; x_wconf 83' lang='grc'><strong>6.</strong></span> <span class='ocrx_word' id='word_1_782' title='bbox 1302 5733 1535 5796; x_wconf 74' lang='lat' dir='ltr'><strong>‘Eplics.</strong></span> <span class='ocrx_word' id='word_1_783' title='bbox 1562 5752 1628 5796; x_wconf 69' lang='grc' dir='ltr'><strong>ιτ,</strong></span> <span class='ocrx_word' id='word_1_784' title='bbox 1665 5737 1754 5788; x_wconf 72' lang='lat'><strong>‘22.</strong></span> <span class='ocrx_word' id='word_1_785' title='bbox 1837 5739 1854 5771; x_wconf 84' lang='grc'>⁸</span> <span class='ocrx_word' id='word_1_786' title='bbox 1885 5727 1981 5790; x_wconf 73' lang='lat' dir='ltr'><strong>.lob</strong></span> <span class='ocrx_word' id='word_1_787' title='bbox 2015 5774 2046 5796; x_wconf 68' lang='grc' dir='ltr'><strong>ι,</strong></span> <span class='ocrx_word' id='word_1_788' title='bbox 2084 5738 2138 5790; x_wconf 71' lang='grc' dir='ltr'><strong>Ξι</strong></span> 
     </span>
    </p>
   </div>
   <div class='ocr_carea' id='block_1_105' title="bbox 1302 5733 1754 5802">
    <p class='ocr_par' dir='ltr' id='par_1_105' title="bbox 1302 5733 1754 5802">
     <span class='ocr_line' id='line_1_105' title="bbox 1302 5733 1754 5802; baseline 0.004 -17"><span class='ocrx_word' id='word_1_789' title='bbox 1302 5735 1318 5762; x_wconf 80' lang='grc'><strong><em>³</em></strong></span> <span class='ocrx_word' id='word_1_790' title='bbox 1343 5733 1535 5802; x_wconf 68' lang='grc' dir='ltr'><strong>Εμξιυε.</strong></span> <span class='ocrx_word' id='word_1_791' title='bbox 1562 5752 1628 5796; x_wconf 69' lang='grc' dir='ltr'><strong>ιτ,</strong></span> <span class='ocrx_word' id='word_1_792' title='bbox 1665 5737 1754 5788; x_wconf 72' lang='lat'><strong>‘22.</strong></span> 
     </span>
    </p>
   </div>
   <div class='ocr_carea' id='block_1_106' title="bbox 2420 4545 3973 4618">
    <p class='ocr_par' dir='ltr' id='par_1_106' title="bbox 2420 4545 3973 4618">
     <span class='ocr_line' id='line_1_106' title="bbox 2420 4545 3973 4618; baseline 0.011 -18"><span class='ocrx_word' id='word_1_793' title='bbox 2420 4545 2793 4615; x_wconf 86' lang='lat' dir='ltr'><strong>Christianus;</strong></span> <span class='ocrx_word' id='word_1_794' title='bbox 2817 4554 3021 4618; x_wconf 87' lang='lat' dir='ltr'><strong>audite,</strong></span> <span class='ocrx_word' id='word_1_795' title='bbox 3048 4570 3235 4610; x_wconf 90' lang='lat' dir='ltr'><strong>omnes</strong></span> <span class='ocrx_word' id='word_1_796' title='bbox 3270 4573 3284 4610; x_wconf 89' lang='lat'><strong>:</strong></span> <span class='ocrx_word' id='word_1_797' title='bbox 3315 4557 3443 4611; x_wconf 88' lang='lat' dir='ltr'><strong>Sum</strong></span> <span class='ocrx_word' id='word_1_798' title='bbox 3474 4558 3832 4615; x_wconf 87' lang='lat' dir='ltr'><strong>Christianus.</strong></span> <span class='ocrx_word' id='word_1_799' title='bbox 3870 4561 3973 4616; x_wconf 86' lang='lat' dir='ltr'><strong>De-</strong></span> 
     </span>
    </p>
   </div>
   <div class='ocr_carea' id='block_1_107' title="bbox 2421 4637 3967 4715">
    <p class='ocr_par' dir='ltr' id='par_1_107' title="bbox 2421 4637 3967 4715">
     <span class='ocr_line' id='line_1_107' title="bbox 2421 4637 3967 4715; baseline 0.012 -28"><span class='ocrx_word' id='word_1_800' title='bbox 2421 4637 2538 4690; x_wconf 74' lang='lat' dir='ltr'><strong>cius</strong></span> <span class='ocrx_word' id='word_1_801' title='bbox 2564 4652 2744 4694; x_wconf 88' lang='lat' dir='ltr'><strong>autem</strong></span> <span class='ocrx_word' id='word_1_802' title='bbox 2774 4642 2935 4694; x_wconf 89' lang='lat' dir='ltr'><strong>simul</strong></span> <span class='ocrx_word' id='word_1_803' title='bbox 2970 4651 3025 4697; x_wconf 89' lang='lat' dir='ltr'><strong>et</strong></span> <span class='ocrx_word' id='word_1_804' title='bbox 3068 4646 3150 4698; x_wconf 87' lang='lat' dir='ltr'><strong>ira</strong></span> <span class='ocrx_word' id='word_1_805' title='bbox 3182 4646 3334 4700; x_wconf 87' lang='lat' dir='ltr'><strong>valde</strong></span> <span class='ocrx_word' id='word_1_806' title='bbox 3377 4648 3633 4715; x_wconf 83' lang='lat' dir='ltr'><strong>percitus,</strong></span> <span class='ocrx_word' id='word_1_807' title='bbox 3664 4660 3718 4703; x_wconf 90' lang='lat' dir='ltr'><strong>et</strong></span> <span class='ocrx_word' id='word_1_808' title='bbox 3750 4652 3967 4706; x_wconf 88' lang='lat' dir='ltr'><strong>dicendi</strong></span> 
     </span>
    </p>
   </div>
   <div class='ocr_carea' id='block_1_108' title="bbox 2419 4727 3971 4806">
    <p class='ocr_par' dir='ltr' id='par_1_108' title="bbox 2419 4727 3971 4806">
     <span class='ocr_line' id='line_1_108' title="bbox 2419 4727 3971 4806; baseline 0.012 -28"><span class='ocrx_word' id='word_1_809' title='bbox 2419 4727 2724 4782; x_wconf 86' lang='lat' dir='ltr'><strong>libertatem</strong></span> <span class='ocrx_word' id='word_1_810' title='bbox 2748 4731 3068 4801; x_wconf 87' lang='lat' dir='ltr'><strong>admiratus,</strong></span> <span class='ocrx_word' id='word_1_811' title='bbox 3089 4737 3314 4805; x_wconf 88' lang='lat' dir='ltr'><strong>ejusque</strong></span> <span class='ocrx_word' id='word_1_812' title='bbox 3340 4740 3743 4806; x_wconf 91' lang='lat' dir='ltr'><strong>pulchritudine</strong></span> <span class='ocrx_word' id='word_1_813' title='bbox 3770 4752 3823 4795; x_wconf 91' lang='lat' dir='ltr'><strong>et</strong></span> <span class='ocrx_word' id='word_1_814' title='bbox 3855 4759 3971 4795; x_wconf 85' lang='lat' dir='ltr'><strong>nia-</strong></span> 
     </span>
    </p>
   </div>
   <div class='ocr_carea' id='block_1_109' title="bbox 2420 4817 3966 4898">
    <p class='ocr_par' dir='ltr' id='par_1_109' title="bbox 2420 4817 3966 4898">
     <span class='ocr_line' id='line_1_109' title="bbox 2420 4817 3966 4898; baseline 0.011 -30"><span class='ocrx_word' id='word_1_815' title='bbox 2420 4817 2699 4886; x_wconf 87' lang='lat' dir='ltr'><strong>gnitudine</strong></span> <span class='ocrx_word' id='word_1_816' title='bbox 2752 4820 3201 4891; x_wconf 76' lang='lat' dir='ltr'><strong>obstupefactus,</strong></span> <span class='ocrx_word' id='word_1_817' title='bbox 3255 4829 3418 4897; x_wconf 90' lang='lat' dir='ltr'><strong>jussit</strong></span> <span class='ocrx_word' id='word_1_818' title='bbox 3491 4847 3614 4884; x_wconf 90' lang='lat' dir='ltr'><strong>eum</strong></span> <span class='ocrx_word' id='word_1_819' title='bbox 3664 4833 3857 4898; x_wconf 87' lang='lat' dir='ltr'><strong>conjici</strong></span> <span class='ocrx_word' id='word_1_820' title='bbox 3912 4833 3966 4885; x_wconf 88' lang='lat' dir='ltr'><strong>in</strong></span> 
     </span>
    </p>
   </div>
   <div class='ocr_carea' id='block_1_110' title="bbox 2421 4908 3972 4976">
    <p class='ocr_par' dir='ltr' id='par_1_110' title="bbox 2421 4908 3972 4976">
     <span class='ocr_line' id='line_1_110' title="bbox 2421 4908 3972 4976; baseline 0.01 -17"><span class='ocrx_word' id='word_1_821' title='bbox 2421 4908 2742 4971; x_wconf 87' lang='lat' dir='ltr'><strong>custodiam,</strong></span> <span class='ocrx_word' id='word_1_822' title='bbox 2801 4912 3022 4968; x_wconf 90' lang='lat' dir='ltr'><strong>dicens:</strong></span> <span class='ocrx_word' id='word_1_823' title='bbox 3080 4917 3177 4969; x_wconf 87' lang='lat' dir='ltr'><strong>Hic</strong></span> <span class='ocrx_word' id='word_1_824' title='bbox 3237 4920 3396 4972; x_wconf 90' lang='lat' dir='ltr'><strong>homo</strong></span> <span class='ocrx_word' id='word_1_825' title='bbox 3444 4937 3550 4974; x_wconf 91' lang='lat' dir='ltr'><strong>non</strong></span> <span class='ocrx_word' id='word_1_826' title='bbox 3602 4924 3972 4976; x_wconf 71' lang='lat' dir='ltr'><strong>consideravit</strong></span> 
     </span>
    </p>
   </div>
   <div class='ocr_carea' id='block_1_111' title="bbox 2424 4999 3966 5080">
    <p class='ocr_par' dir='ltr' id='par_1_111' title="bbox 2424 4999 3966 5080">
     <span class='ocr_line' id='line_1_111' title="bbox 2424 4999 3966 5080; baseline 0.011 -33"><span class='ocrx_word' id='word_1_827' title='bbox 2424 5010 2523 5050; x_wconf 89' lang='lat' dir='ltr'><strong>nec</strong></span> <span class='ocrx_word' id='word_1_828' title='bbox 2558 4999 2826 5055; x_wconf 88' lang='lat' dir='ltr'><strong>intellexit</strong></span> <span class='ocrx_word' id='word_1_829' title='bbox 2860 5003 3142 5059; x_wconf 87' lang='lat' dir='ltr'><strong>honorem.</strong></span> <span class='ocrx_word' id='word_1_830' title='bbox 3193 5009 3295 5061; x_wconf 79' lang='lat' dir='ltr'><strong>Sed</strong></span> <span class='ocrx_word' id='word_1_831' title='bbox 3331 5011 3375 5062; x_wconf 87' lang='lat' dir='ltr'><strong>si</strong></span> <span class='ocrx_word' id='word_1_832' title='bbox 3422 5013 3653 5065; x_wconf 85' lang='lat' dir='ltr'><strong>senserit</strong></span> <span class='ocrx_word' id='word_1_833' title='bbox 3705 5015 3966 5080; x_wconf 85' lang='lat' dir='ltr'><strong>probrum</strong></span> 
     </span>
    </p>
   </div>
   <div class='ocr_carea' id='block_1_112' title="bbox 2425 5089 3965 5170">
    <p class='ocr_par' dir='ltr' id='par_1_112' title="bbox 2425 5089 3965 5170">
     <span class='ocr_line' id='line_1_112' title="bbox 2425 5089 3965 5170; baseline 0.012 -33"><span class='ocrx_word' id='word_1_834' title='bbox 2425 5094 2480 5138; x_wconf 92' lang='lat' dir='ltr'><strong>et</strong></span> <span class='ocrx_word' id='word_1_835' title='bbox 2514 5089 2886 5156; x_wconf 86' lang='lat' dir='ltr'><strong>ignominiam,</strong></span> <span class='ocrx_word' id='word_1_836' title='bbox 2924 5105 3055 5162; x_wconf 90' lang='lat' dir='ltr'><strong>puto</strong></span> <span class='ocrx_word' id='word_1_837' title='bbox 3088 5097 3221 5160; x_wconf 78' lang='lat' dir='ltr'><strong>fore,</strong></span> <span class='ocrx_word' id='word_1_838' title='bbox 3256 5111 3312 5152; x_wconf 90' lang='lat' dir='ltr'><strong>ut</strong></span> <span class='ocrx_word' id='word_1_839' title='bbox 3335 5116 3458 5154; x_wconf 91' lang='lat' dir='ltr'><strong>euiii</strong></span> <span class='ocrx_word' id='word_1_840' title='bbox 3490 5103 3555 5154; x_wconf 89' lang='lat' dir='ltr'><strong>ad</strong></span> <span class='ocrx_word' id='word_1_841' title='bbox 3597 5104 3734 5170; x_wconf 85' lang='lat' dir='ltr'><strong>piam</strong></span> <span class='ocrx_word' id='word_1_842' title='bbox 3779 5106 3965 5156; x_wconf 80' lang='lat' dir='ltr'><strong>tradu-</strong></span> 
     </span>
    </p>
   </div>
   <div class='ocr_carea' id='block_1_113' title="bbox 2425 5181 3962 5248">
    <p class='ocr_par' dir='ltr' id='par_1_113' title="bbox 2425 5181 3962 5248">
     <span class='ocr_line' id='line_1_113' title="bbox 2425 5181 3962 5248; baseline 0.013 -19"><span class='ocrx_word' id='word_1_843' title='bbox 2425 5193 2542 5230; x_wconf 89' lang='lat' dir='ltr'><strong>cain</strong></span> <span class='ocrx_word' id='word_1_844' title='bbox 2589 5181 2992 5248; x_wconf 78' lang='lat' dir='ltr'><strong>cogitationem.</strong></span> <span class='ocrx_word' id='word_1_845' title='bbox 3025 5187 3158 5239; x_wconf 88' lang='lat' dir='ltr'><strong>Cum</strong></span> <span class='ocrx_word' id='word_1_846' title='bbox 3213 5189 3256 5241; x_wconf 82' lang='lat' dir='ltr'><strong>is</strong></span> <span class='ocrx_word' id='word_1_847' title='bbox 3285 5201 3461 5243; x_wconf 90' lang='lat' dir='ltr'><strong>autem</strong></span> <span class='ocrx_word' id='word_1_848' title='bbox 3511 5193 3870 5246; x_wconf 85' lang='lat' dir='ltr'><strong>abduceretur</strong></span> <span class='ocrx_word' id='word_1_849' title='bbox 3908 5198 3962 5248; x_wconf 92' lang='lat' dir='ltr'><strong>iii</strong></span> 
     </span>
    </p>
   </div>
   <div class='ocr_carea' id='block_1_114' title="bbox 2424 5268 3960 5346">
    <p class='ocr_par' dir='ltr' id='par_1_114' title="bbox 2424 5268 3960 5346">
     <span class='ocr_line' id='line_1_114' title="bbox 2424 5268 3960 5346; baseline 0.012 -29"><span class='ocrx_word' id='word_1_850' title='bbox 2424 5268 2746 5329; x_wconf 85' lang='lat' dir='ltr'><strong>custodiam,</strong></span> <span class='ocrx_word' id='word_1_851' title='bbox 2781 5271 3060 5327; x_wconf 69' lang='lat' dir='ltr'><strong>laetabatur</strong></span> <span class='ocrx_word' id='word_1_852' title='bbox 3105 5291 3304 5346; x_wconf 74' lang='lat' dir='ltr'><strong>martyr</strong></span> <span class='ocrx_word' id='word_1_853' title='bbox 3333 5290 3388 5331; x_wconf 93' lang='lat' dir='ltr'><strong>et</strong></span> <span class='ocrx_word' id='word_1_854' title='bbox 3429 5283 3752 5345; x_wconf 86' lang='lat' dir='ltr'><strong>exsultabat,</strong></span> <span class='ocrx_word' id='word_1_855' title='bbox 3788 5284 3960 5337; x_wconf 86' lang='lat' dir='ltr'><strong>Deum</strong></span> 
     </span>
    </p>
   </div>
   <div class='ocr_carea' id='block_1_115' title="bbox 2424 5357 3968 5430">
    <p class='ocr_par' dir='ltr' id='par_1_115' title="bbox 2424 5357 3968 5430">
     <span class='ocr_line' id='line_1_115' title="bbox 2424 5357 3968 5430; baseline 0.014 -21"><span class='ocrx_word' id='word_1_856' title='bbox 2424 5357 2650 5413; x_wconf 81' lang='lat' dir='ltr'><strong>laudans</strong></span> <span class='ocrx_word' id='word_1_857' title='bbox 2677 5370 2730 5414; x_wconf 89' lang='lat' dir='ltr'><strong>et</strong></span> <span class='ocrx_word' id='word_1_858' title='bbox 2783 5364 3004 5430; x_wconf 89' lang='lat' dir='ltr'><strong>gloriam</strong></span> <span class='ocrx_word' id='word_1_859' title='bbox 3037 5367 3085 5419; x_wconf 88' lang='lat' dir='ltr'><strong>ei</strong></span> <span class='ocrx_word' id='word_1_860' title='bbox 3136 5370 3394 5424; x_wconf 88' lang='lat' dir='ltr'><strong>tribuens.</strong></span> <span class='ocrx_word' id='word_1_861' title='bbox 3448 5372 3612 5427; x_wconf 78' lang='lat' dir='ltr'><strong>Nocte</strong></span> <span class='ocrx_word' id='word_1_862' title='bbox 3666 5386 3844 5428; x_wconf 83' lang='lat' dir='ltr'><strong>autem</strong></span> <span class='ocrx_word' id='word_1_863' title='bbox 3879 5379 3968 5430; x_wconf 85' lang='lat' dir='ltr'><strong>illa</strong></span> 
     </span>
    </p>
   </div>
   <div class='ocr_carea' id='block_1_116' title="bbox 2427 5449 3965 5524">
    <p class='ocr_par' dir='ltr' id='par_1_116' title="bbox 2427 5449 3965 5524">
     <span class='ocr_line' id='line_1_116' title="bbox 2427 5449 3965 5524; baseline 0.012 -24"><span class='ocrx_word' id='word_1_864' title='bbox 2427 5449 2652 5516; x_wconf 85' lang='lat' dir='ltr'><strong>angelus</strong></span> <span class='ocrx_word' id='word_1_865' title='bbox 2687 5451 2896 5508; x_wconf 89' lang='lat' dir='ltr'><strong>Domini</strong></span> <span class='ocrx_word' id='word_1_866' title='bbox 2928 5457 2976 5509; x_wconf 91' lang='lat' dir='ltr'><strong>ci</strong></span> <span class='ocrx_word' id='word_1_867' title='bbox 3005 5469 3243 5524; x_wconf 88' lang='lat' dir='ltr'><strong>apparet,</strong></span> <span class='ocrx_word' id='word_1_868' title='bbox 3280 5462 3499 5515; x_wconf 85' lang='lat' dir='ltr'><strong>dicens:</strong></span> <span class='ocrx_word' id='word_1_869' title='bbox 3537 5463 3784 5524; x_wconf 81' lang='lat' dir='ltr'><strong>Conﬁde,</strong></span> <span class='ocrx_word' id='word_1_870' title='bbox 3824 5465 3965 5518; x_wconf 82' lang='lat' dir='ltr'><strong>Mcr-</strong></span> 
     </span>
    </p>
   </div>
   <div class='ocr_carea' id='block_1_117' title="bbox 2421 5543 3966 5624">
    <p class='ocr_par' dir='ltr' id='par_1_117' title="bbox 2421 5543 3966 5624">
     <span class='ocr_line' id='line_1_117' title="bbox 2421 5543 3966 5624; baseline 0.012 -32"><span class='ocrx_word' id='word_1_871' title='bbox 2421 5543 2563 5603; x_wconf 91' lang='lat' dir='ltr'><strong>curi,</strong></span> <span class='ocrx_word' id='word_1_872' title='bbox 2599 5553 2650 5596; x_wconf 85' lang='lat' dir='ltr'><strong>et</strong></span> <span class='ocrx_word' id='word_1_873' title='bbox 2689 5560 2752 5596; x_wconf 89' lang='lat' dir='ltr'><strong>iic</strong></span> <span class='ocrx_word' id='word_1_874' title='bbox 2811 5546 3033 5608; x_wconf 84' lang='lat' dir='ltr'><strong>timeas;</strong></span> <span class='ocrx_word' id='word_1_875' title='bbox 3079 5552 3237 5604; x_wconf 83' lang='lat' dir='ltr'><strong>crede</strong></span> <span class='ocrx_word' id='word_1_876' title='bbox 3280 5554 3328 5603; x_wconf 87' lang='lat' dir='ltr'><strong>iii</strong></span> <span class='ocrx_word' id='word_1_877' title='bbox 3365 5553 3671 5615; x_wconf 85' lang='lat' dir='ltr'><strong>Doiiiiiiuiii,</strong></span> <span class='ocrx_word' id='word_1_878' title='bbox 3706 5572 3868 5624; x_wconf 83' lang='lat' dir='ltr'><strong>quem</strong></span> <span class='ocrx_word' id='word_1_879' title='bbox 3904 5575 3966 5611; x_wconf 80' lang='lat' dir='ltr'><strong>es</strong></span> 
     </span>
    </p>
   </div>
  </div>
