4270 6428
326 418 434 478 2'73

1415 407 1876 473 MARTYRIUM
1919 407 1978 466 S.
2025 406 2435 469 MERL‘UIIII.

3418 414 3521 474 97$

324 532 627 589 confessus.
664 529 779 596 Ipse.
834 530 976 582 enim
1036 537 1213 597 potest
1252 538 1300 580 te
1342 527 1605 579 reditur-re
1638 540 1697 575 ex
1733 516 1877 572 omni
1914 518 1951 572 Α
1987 517 2175 572 fuisset
2208 522 2424 587 quidem
2456 530 2673 575 tactum.
2723 522 2862 575 Dixit
2896 522 3087 576 Decius
3118 543 3127 576 :
3188 525 3278 577 Est
3320 528 3549 577 otnnino

324 625 635 677 allIictione.
674 620 891 674 Visione
927 630 1105 672 autem
1153 618 1327 688 angeli
1364 617 1517 669 valde
1548 618 1647 668 fuit
1686 615 1878 664 i-onlir-

325 725 529 767 Ittzittts.

404 805 513 859 VII.
566 808 657 860 Die
696 822 823 859 vero
849 803 1093 872 sequenti
1126 817 1246 853 cum
1281 797 1621 867 praesedisset
1650 796 1878 861 impera-

328 904 414 945 tor
448 895 497 946 itt
538 898 814 959 tribunali,
854 896 1016 964 jussit
1053 908 1180 947 eum
1222 891 1361 949 sisti,
1396 898 1445 939 et
1498 887 1628 940 dicit
1659 886 1746 938 ei:
1786 882 1878 933 llic

332 986 507 1036 honor
538 995 586 1037 te
625 987 782 1037 decet
838 994 1061 1052 propter
1092 995 1241 1034 tuum
1280 980 1572 1047 pessimum
1615 976 1877 1029 animum.

330 1076 474 1128 Dixit
505 1087 706 1145 martyr
736 1095 747 1128 :
789 1076 867 1129 Me
899 1076 1051 1127 decet
1086 1073 1174 1125 hic
1205 1072 1409 1133 honor;
1452 1066 1704 1135 accepisti
1736 1066 1879 1118 enim

328 1180 390 1218 ea
423 1181 542 1232 quae
579 1175 942 1233 praetereunt:
982 1179 1077 1231 pro
1111 1163 1175 1215 iis
1222 1174 1399 1213 autem
1451 1159 1731 1225 accipiam.
1763 1170 1883 1221 qua:

331 1268 651 1324 permanent
699 1258 748 1309 in
786 1268 1064 1309 :eternnm.
1101 1253 1239 1305 Dixit
1273 1254 1596 1317 imperator:
1634 1248 1725 1298 Dic
1754 1244 1881 1295 mihi

329 1362 500 1414 genus
534 1356 682 1398 tuum
732 1356 785 1400 et
838 1344 1093 1413 patriam.
1130 1343 1270 1395 Dixit
1324 1339 1662 1393 Mercurius:
1715 1335 1769 1388 Si
1807 1335 1883 1386 vis

331 1440 467 1491 scire
511 1454 677 1506 genus
730 1454 903 1489 meum
948 1450 1002 1490 et
1052 1438 1305 1505 patriam,
1338 1433 1511 1485 dicam
1554 1429 1687 1481 tibi:
1726 1428 1884 1479 Pater

332 1544 484 1582 meus
512 1529 797 1582 vocabatur
822 1528 1145 1588 Gordianus,
1172 1526 1369 1595 Scytha
1418 1538 1652 1591 genere;
1692 1521 1885 1573 milita-

333 1622 421 1672 bat
478 1635 608 1671 vero
666 1622 716 1671 in
774 1621 982 1677 legione
1044 1617 1414 1670 Martensium.
1482 1615 1657 1666 Patria
1707 1621 1884 1663 autem

336 1726 474 1767 mea.
506 1711 568 1761 ad
597 1726 757 1776 quam
790 1724 1035 1777 propero,
1063 1717 1145 1761 est
1168 1706 1402 1759 caelestis
1430 1704 1743 1761 Jerusalem,
1770 1716 1888 1768 qua:

333 1809 416 1851 est
452 1799 647 1851 civitas
683 1799 841 1865 Regis
862 1796 1119 1850 ccelestis.
1149 1795 1287 1847 Dixit
1313 1803 1487 1844 autem
1521 1791 1744 1843 Decius:
1778 1788 1888 1840 Hoc

1986 611 2251 671 dicturus,
2285 613 2533 666 Christus
2579 630 2728 667 meus
2767 630 2849 667 me
2880 617 3109 668 curavit.
3150 617 3428 671 Neminem
3466 622 3543 671 itt-

1990 703 2304 757 troduxistis
2337 704 2424 771 qui
2461 720 2581 757 eum
2610 717 2824 758 curaret
2850 707 2900 758 in
2940 708 3223 761 custodia?
3255 709 3330 761 Illi
3361 720 3543 762 autem

1988 795 2034 845 ei
2084 795 2378 849 dixerunt:
2427 796 2527 847 Per
2579 809 2810 848 vestram
2869 798 3182 864 potentiam.
3243 814 3361 865 quae
3411 801 3547 865 regit

1989 885 2301 936 universum
2356 886 2537 937 orbem
2590 893 2765 939 terrae.
2830 902 2988 939 nemo
3047 902 3168 938 eum
3221 904 3286 940 ne
3341 892 3546 955 aspexit

1988 972 2227 1037 quidem,
2287 973 2606 1038 putabamus
2655 974 2797 1025 enim
2860 989 2982 1026 eum
3032 990 3152 1029 esse
3204 976 3546 1045 moriturum.

1987 1060 2270 1125 Quomodo
2323 1073 2499 1115 autem
2559 1078 2721 1115 sanus
2768 1073 2819 1115 et
2880 1067 3067 1118 valens
3117 1081 3261 1118 nunc
3307 1066 3549 1124 assistat.

1990 1150 2281 1201 nescimus.
2326 1149 2465 1201 Dixit
2497 1152 2788 1217 imperator
2818 1170 2829 1204 :
2862 1153 3047 1207 Videte
3077 1165 3248 1207 artem
3283 1155 3544 1222 magicam

1988 1242 2445 1295 Christianorum.
2499 1244 2596 1307 Qui
2659 1246 2772 1296 lteri
2822 1246 3039 1311 quidem
3086 1247 3373 1313 putabatur
3428 1263 3547 1300 esse

1990 1347 2253 1391 mortuus.
2294 1334 2452 1387 hodie
2522 1334 2693 1387 adstat
2739 1352 2920 1389 sanus.
2972 1338 3142 1389 Iratus
3190 1339 3366 1403 itaque
3414 1339 3557 1390 dixit

1991 1425 2039 1475 ei
2070 1441 2081 1475 :
2115 1424 2245 1487 Quis
2295 1434 2342 1476 te
2377 1426 2627 1475 curavit?
2660 1425 2745 1475 dic
2803 1441 2921 1477 cunt
2962 1427 3208 1478 veritate.
3262 1425 3393 1479 Nam
3429 1426 3546 1477 siue.

1993 1514 2275 1581 praestigiis
2304 1524 2355 1563 et
2386 1524 2497 1564 arte
2534 1516 2735 1577 magica
2784 1531 2884 1566 non
2925 1526 3051 1581 puto
3099 1524 3147 1566 te
3182 1516 3344 1567 fuis<e
3392 1530 3548 1566 cura-

1995 1613 2126 1655 ttun.
2178 1604 2319 1654 Dixit
2347 1612 2566 1655 sanctus
2604 1606 2939 1656 Mercurius:
2990 1604 3140 1657 Sicut
3178 1605 3328 1671 prius
3362 1604 3542 1663 dixisti

1997 1696 2204 1754 nolens,
2240 1694 2500 1746 Dominus
2551 1704 2729 1745 noster
2761 1695 2915 1747 Iesus
2944 1694 3209 1755 Christus,
3245 1709 3405 1747 verus
3436 1708 3545 1746 mc-

1998 1786 2152 1838 tlicus
2189 1787 2488 1837 animarum
2518 1795 2569 1838 et
2594 1800 2899 1852 corporum,
2937 1786 3045 1852 ipse
3080 1801 3161 1837 me
3186 1788 3414 1838 curavit.
3451 1787 3548 1835 Ve-

336 1905 400 1941 ne
433 1891 646 1941 nomine
677 1900 893 1940 vocatus
922 1904 978 1941 es
1011 1903 1038 1940 a
1068 1886 1403 1955 parentibus,
1432 1899 1497 1935 an
1540 1884 1593 1933 in
1626 1880 1865 1932 exercitu
1922 1858 1963 1911 Β
1996 1878 2194 1929 nelicos
2240 1887 2439 1933 autem.
2491 1888 2545 1929 et
2594 1878 2971 1938 incantatores,
3021 1886 3071 1929 et
3120 1877 3356 1928 sortibus
3407 1877 3545 1927 divi-

333 1980 632 2046 appellatus
667 1978 811 2031 fuisti
843 1977 1176 2031 Mercurius?
1217 1976 1362 2028 Dixit
1402 1984 1604 2041 martyr
1632 1969 1893 2024 :‘Militize

336 2082 363 2116 a
394 2066 611 2118 tribuno
639 2075 865 2118 vocatus
894 2081 1009 2118 sum
1036 2065 1352 2118 Mercurius.
1388 2063 1529 2115 Dixit
1557 2062 1849 2128 imperator
1878 2076 1887 2109 :

335 2155 446 2208 Cur
490 2172 594 2207 non
644 2154 776 2208 facis
812 2156 952 2208 sicut
993 2158 1201 2225 jussum
1234 2154 1335 2206 fuit
1380 2152 1631 2204 omnibus
1662 2149 1892 2201 homini-

338 2247 460 2304 bus.
495 2256 545 2298 et
581 2246 713 2299 deos
744 2244 961 2307 adoras,
1013 2246 1245 2313 priorem
1280 2254 1428 2295 tuum
1461 2243 1719 2293 honorem
1757 2238 1895 2290 reci-

338 2338 531 2403 piens?
567 2337 804 2389 mavisne
851 2336 985 2388 mori
1011 2335 1063 2387 in
1092 2334 1413 2387 tormentis?
1442 2334 1535 2383 Dic
1560 2333 1688 2391 cito,
1721 2330 1897 2383 sciens

337 2436 391 2480 te
415 2442 533 2478 esse
570 2437 815 2478 vocatum
849 2434 1149 2493 propterea.
1200 2423 1340 2476 Dixit
1388 2422 1723 2474 Mercurius:
1757 2418 1891 2484 Ego,

338 2526 398 2567 ut
428 2516 631 2575 dixisti,
680 2517 802 2569 ideo
840 2516 982 2576 veni,
1020 2524 1078 2567 ut
1112 2525 1163 2568 te
1208 2514 1497 2573 vincerem,
1533 2522 1587 2563 et
1618 2510 1891 2561 diabolum

344 2608 525 2659 omnis
555 2608 667 2660 vitii
701 2609 1070 2667 inventorem;
1107 2615 1161 2658 et
1199 2619 1455 2657 coronam
1493 2602 1730 2654 victoria:
1758 2600 1899 2652 acci-

342 2699 483 2765 piam
516 2701 581 2749 ab
611 2701 929 2765 agouotheta
959 2697 1084 2750 Jesu
1110 2696 1327 2750 Christo
1352 2696 1579 2747 Domino
1612 2708 1748 2743 meo.
1778 2692 1895 2743 Noli

340 2804 472 2854 ergo
499 2789 706 2838 tardare
736 2802 833 2839 nec
859 2785 1112 2839 dill‘erre:
1146 2783 1239 2837 sed
1272 2786 1320 2835 in
1356 2798 1436 2836 me
1470 2782 1773 2849 imple,qu:e
1803 2780 1895 2829 tibi

346 2878 571 2929 veniunt
614 2881 664 2929 in
720 2888 974 2929 mentem.
1024 2874 1206 2926 Ilabeo
1242 2874 1385 2925 enim
1432 2869 1651 2923 loricam
1686 2870 1805 2921 lldei
1846 2878 1898 2919 et

345 2969 611 3035 clypeum,
644 2982 739 3034 per
764 2981 881 3033 quae
905 2965 1112 3017 vincam
1137 2978 1350 3016 omnem
1385 2961 1748 3014 inventionem
1778 2973 1894 3025 quae

350 3058 608 3109 adversus
637 3074 717 3109 me
745 3056 1045 3125 excogitata
1074 3063 1126 3107 et
1155 3064 1294 3106 mota
1331 3052 1509 3104 fuerit.

420 3147 551 3202 VIII,
598 3148 745 3199 Tunc
779 3148 913 3199 dixit
944 3147 1235 3213 imperator
1267 3144 1344 3195 ira
1378 3143 1604 3209 plenus:
1635 3140 1897 3203 Quoniam

349 3239 484 3291 dicis
519 3249 565 3291 te
603 3238 797 3290 habere
848 3236 1068 3289 loricam
1102 3234 1225 3287 ﬁdei
1264 3242 1317 3286 et
1351 3233 1615 3301 clypeum,
1658 3231 1819 3299 jubeo
1851 3239 1899 3282 te

351 3329 554 3382 nudum
585 3327 800 3381 extendi
835 3327 897 3379 ad
929 3338 1163 3394 quatuor
1194 3323 1360 3391 palos,
1392 3334 1444 3374 et
1478 3322 1761 3375 sublimem
1791 3320 1901 3371 tolli

351 3436 375 3468 a
416 3428 577 3469 terra.
608 3419 739 3467 (lum
778 3417 877 3469 hoc
912 3426 1089 3467 autem
1121 3414 1319 3466 factum
1365 3420 1525 3470 esset.
1568 3411 1696 3462 dicit
1739 3411 1904 3475 impe-

354 3519 537 3558 ratt.r:
574 3506 671 3559 libi
706 3515 828 3555 sunt
856 3519 1001 3555 arma
1029 3511 1117 3553 tua
1144 3500 1371 3554 bellica?
1400 3500 1499 3551 Per
1520 3499 1705 3551 Jovem
1736 3497 1902 3548 maxi-

354 3612 496 3649 mum
536 3597 758 3646 deorum
790 3593 945 3645 valde
980 3592 1125 3644 fuisti
1156 3602 1432 3644 extensus.
1464 3588 1694 3642 Sanctus
1722 3596 1901 3639 autem

357 3686 671 3748 Mercurius,
711 3686 762 3736 in
794 3683 1297 3750 cmluntaspicicns.
1326 3682 1495 3733 dixit:
1530 3678 1749 3731 Domine
1778 3678 1903 3730 .Iesu

352 3778 582 3835 Christe,
624 3777 704 3827 fer
733 3789 887 3841 Opem
938 3788 1096 3825 servo
1129 3782 1241 3824 tuo.
1282 3772 1491 3823 Rursus
1527 3770 1684 3837 jussit
1734 3768 1904 3831 impe-

355 3878 499 3920 rator
548 3875 706 3920 acuto
753 3865 931 3934 gladio
979 3862 1153 3915 scindi
1210 3864 1329 3929 eius
1375 3874 1588 3927 corpus,
1620 3867 1672 3911 et
1724 3866 1905 3924 postea

353 3962 527 4029 ignem
575 3959 849 4011 substerni
887 3964 945 4008 ut
992 3958 1105 4021 ipse
1141 3952 1394 4021 paulatim
1449 3960 1720 4003 ureretur.
1772 3948 1907 3999 Sau-

352 4045 529 4114 guinis
583 4054 763 4095 atttem
824 4041 1170 4096 multitudine
1237 4054 1398 4107 rogus
1444 4039 1547 4090 fuit
1588 4038 1903 4090 exstinctus.

354 4137 585 4188 Sanctus
611 4150 741 4187 vero
789 4134 913 4185 forti
943 4143 999 4186 et
1046 4146 1307 4201 generoso
1352 4130 1531 4183 animo
1558 4128 1765 4181 ferebat
1803 4132 1899 4179 hoc

355 4234 706 4276 tormentum.
739 4224 931 4275 Decius
960 4232 1138 4274 autem
1169 4220 1329 4287 jussit
1360 4233 1485 4272 eum
1517 4219 1678 4279 solvi,
1720 4232 1786 4269 ne
1825 4217 1904 4268 ci—

356 4317 463 4367 tius
500 4323 821 4375 moreretur,
872 4322 922 4365 et
956 4314 1008 4365 in
1038 4312 1267 4380 quadam
1313 4310 1543 4363 obscura
1587 4308 1749 4359 domo
1787 4315 1904 4359 tuto

356 4403 583 4457 includi.
630 4403 759 4454 Eum
794 4406 973 4469 itaque
1016 4410 1317 4469 portantes,
1351 4399 1693 4466 projecerunt
1727 4397 1779 4447 in
1810 4398 1901 4448 do-

1994 1978 2181 2021 nantes
2211 1969 2368 2021 simul
2400 1983 2520 2020 cum
2568 1969 2630 2020 iis
2664 1970 2753 2036 qui
2790 1970 3015 2021 adorant
3055 1968 3365 2027 simulacra,
3396 1968 3549 2020 abdi-

1992 2072 2096 2119 cat,
2133 2076 2330 2127 eosque
2374 2061 2601 2112 vinrulis
2650 2061 2860 2127 ligatos,
2910 2060 3068 2112 tradit
3101 2062 3203 2126 igni
3252 2062 3537 2123 gehennam

1994 2160 2279 2219 propterea
2307 2151 2448 2217 quod
2483 2166 2587 2202 non
2624 2163 2959 2218 agnoverunt
2988 2165 3173 2202 verum
3227 2151 3415 2210 Deum,
3455 2152 3544 2215 qui

1996 2242 2120 2295 fecit
2167 2243 2330 2310 ipsos.
2365 2243 2506 2294 Dixit
2540 2243 2866 2309 imperator:
2899 2241 3106 2307 Corpus
3154 2252 3301 2293 tuutu
3358 2258 3545 2293 rursus

1996 2351 2306 2389 consumam
2334 2336 2631 2402 suppliciis.
2666 2335 2956 2385 Videamus
2979 2344 3179 2393 autem,
3209 2350 3272 2384 an
3313 2343 3360 2384 te
3393 2342 3548 2385 curet

1995 2424 2242 2478 Christus
2277 2434 2421 2485 tuus,
2470 2438 2628 2491 quem
2659 2423 2952 2475 conﬁteris.
3010 2424 3150 2473 Dixit
3202 2423 3539 2475 Mercurius:

1995 2515 2166 2568 Credo
2208 2516 2257 2565 in
2294 2514 2579 2566 Dominum
2618 2528 2795 2565 meum
2849 2512 3030 2564 .Iesum
3062 2511 3356 2571 Chri~tum,
3403 2514 3547 2577 quod

1998 2619 2331 2672 quaecunque
2368 2604 2497 2655 mihi
2532 2604 2780 2655 intuleris
2812 2602 3095 2669 supplicia,
3140 2617 3242 2653 non
3281 2613 3432 2669 potes
3463 2618 3544 2651 me

2001 2698 2196 2764 injuria
2231 2696 2461 2749 allicere.
2512 2695 2625 2762 Ipse
2676 2694 2815 2745 enim
2866 2694 3041 2746 dixit:
3080 2713 3097 2743 ‹
3133 2694 3309 2746 Nolite
3362 2695 3547 2745 timere.

1999 2800 2111 2845 eos,
2154 2788 2244 2851 qui
2272 2799 2468 2851 corpus
2498 2784 2753 2835 occidunt
2779 2800 2793 2835 :
2829 2784 3059 2834 animam
3094 2795 3271 2836 autem
3302 2798 3405 2836 non
3432 2800 3551 2850 pos-

2000 2884 2125 2929 sunt
2148 2876 2433 2933 occidere;
2476 2874 2567 2925 sed
2599 2888 2720 2925 eum
2776 2873 2958 2926 timete
3007 2874 3205 2939 potius,
3256 2876 3344 2939 qui
3378 2884 3553 2941 potest

2000 2968 2233 3019 animam
2258 2974 2311 3017 et
2332 2978 2527 3028 corpus
2557 2963 2779 3030 perdere
2812 2964 2862 3014 in
2890 2964 3130 3031 gehenna
3152 2966 3171 2995 δ
3198 2982 3210 3018 :
3250 2984 3264 3014 ι
3298 2965 3388 3031 qui
3422 2977 3540 3028 post

2001 3068 2229 3110 mortem
2263 3068 2348 3107 me
2391 3066 2579 3105 rursus
2606 3052 2887 3104 suscitabit
2925 3053 2974 3104 in
3009 3054 3235 3106 terribili
3288 3053 3376 3105 die
3405 3056 3533 3121 justi

1999 3149 2210 3221 judicii.

2077 3241 2141 3294 Χ.
2180 3242 2312 3295 Cum
2350 3253 2528 3296 autem
2554 3251 2895 3308 torqueretur
2914 3246 3234 3294 etureretur
3260 3252 3552 3307 generosus

2006 3341 2223 3398 martyr,
2256 3346 2349 3396 pro
2382 3331 2571 3382 nidore
2621 3331 2802 3382 suavis
2834 3330 3049 3395 quidam
3082 3328 3213 3379 odor
3249 3336 3547 3379 aromatum

2005 3422 2255 3474 manabat
2287 3436 2350 3473 ex
2380 3421 2497 3488 ejus
2530 3436 2773 3487 corpore.
2805 3420 2939 3473 Cum
2976 3421 3019 3471 is
3049 3434 3175 3470 vero
3212 3418 3400 3469 fuisset
3430 3433 3554 3469 cru-

2005 3512 2197 3573 ciatus,
2252 3521 2304 3562 et
2358 3526 2423 3563 ne
2467 3510 2813 3577 ingemuisset
2852 3509 3091 3573 quidem,
3140 3507 3275 3559 dixit
3317 3507 3548 3557 Decius:

2006 3602 2108 3656 Ubi
2151 3610 2230 3654 est
2279 3611 2400 3653 tuus
2450 3600 2728 3652 medicus?
2760 3600 2911 3653 Nunc
2941 3600 3137 3657 veniat,
3182 3607 3234 3650 et
3280 3607 3327 3648 te
3378 3605 3548 3647 curet.

2005 3693 2191 3745 Dixisti
2238 3693 2405 3753 enim,
2442 3692 2583 3759 quod
2634 3693 2794 3742 etiam
2842 3697 2959 3756 post
3015 3697 3239 3740 mortem
3294 3695 3550 3752 potestte

2005 3782 2289 3834 suscitare.
2324 3782 2469 3833 Dixit
2501 3790 2717 3833 sanctus
2748 3778 3047 3831 Mercurius
3075 3796 3086 3831 :
3128 3778 3249 3833 Fati.
3278 3776 3420 3843 quod
3458 3790 3552 3825 ve-

2006 3871 2091 3923 lis.
2130 3871 2304 3923 liabes
2331 3880 2650 3937 potestatem
2697 3869 2942 3935 corporis
2971 3867 3096 3931 mei,
3134 3868 3327 3919 anima:
3373 3876 3549 3920 autem

2008 3962 2164 4013 Deus.
2202 3960 2355 4023 Nam,
2385 3960 2485 4013 etsi
2514 3975 2711 4026 corpus
2730 3974 2906 4011 meum
2938 3958 3227 4018 interierit,
3272 3966 3553 4024 permanet

2005 4052 2184 4103 anima
2239 4065 2376 4113 mea,
2423 4051 2474 4101 in
2506 4065 2675 4117 quam
2702 4064 2806 4100 non
2856 4048 3001 4102 cadit
3041 4047 3311 4100 interitus.
3345 4045 3554 4097 Rursus

1998 4138 2151 4205 jubet
2183 4139 2475 4203 imperator
2516 4151 2638 4188 eum
2674 4136 2927 4202 suspendi
2967 4135 3318 4203 praecipitem,
3350 4144 3405 4187 et
3434 4134 3552 4200 ejus

2004 4228 2143 4281 collo
2191 4227 2392 4292 alligari
2446 4226 2823 4293 gravissimum
2860 4226 3131 4292 lapidem:
3187 4232 3244 4276 ut
3291 4239 3318 4275 a
3371 4224 3547 4290 lapide

2004 4316 2317 4379 suﬂoeatus,
2350 4316 2459 4369 cito
2491 4326 2813 4369 moreretur.
2844 4316 2900 4368 In
2929 4315 3095 4383 gratia
3126 4321 3303 4367 autem
3343 4313 3553 4366 Domini

2007 4407 2359 4461 conﬁrmatus
2404 4418 2626 4477 martyr,
2661 4410 2819 4475 longo
2848 4418 3086 4474 tempore
3115 4407 3311 4458 mansit
3349 4408 3399 4458 in
3440 4415 3553 4457 tor-

356 4492 688 4551 ιιυηουὶειῐην
740 4505 858 4557 (tum
908 4504 1126 4557 Pamm
1185 4487 1418 4540 habebal
1468 4486 1899 4551 τεερίτθιίοηθιηο
1938 4504 1978 4556 D
2011 4508 2208 4551 mento.
2246 4498 2379 4551 Cum
2412 4499 2637 4551 vidisset
2666 4513 2795 4551 vero
2835 4500 3024 4551 Decius
3053 4512 3177 4549 eum
3205 4497 3325 4549 l'orti
3361 4505 3412 4547 et
3440 4514 3549 4546 tua-

353 4584 726 4636 existimantes
764 4582 875 4633 fore
910 4589 965 4632 ut
999 4580 1157 4647 paulo
1185 4588 1305 4647 post
1337 4586 1660 4630 moreretur.
1694 4576 1786 4627 Illa
1811 4591 1905 4625 au-

355 4684 463 4727 tem
503 4683 660 4726 nocte
695 4672 744 4724 ei
768 4680 986 4740 apparet
1021 4670 1243 4739 angelus
1274 4668 1506 4729 Domini,
1542 4667 1767 4719 dicens:
1802 4666 1905 4715 Pax

354 4764 474 4827 tibi,
505 4776 762 4831 generose
789 4762 1019 4823 athleta;
1050 4770 1107 4813 et
1129 4774 1253 4813 eum
1289 4757 1524 4811 reddidit
1552 4772 1763 4816 sanum,
1791 4771 1889 4807 co-

354 4867 483 4905 rans
505 4853 720 4905 vulnera
749 4852 865 4919 ejus
893 4850 1153 4917 corporis,
1182 4848 1315 4901 adeo
1341 4855 1398 4899 ut
1429 4855 1692 4914 surgeret,
1720 4853 1772 4897 et
1800 4845 1910 4911 glo-

356 4946 491 4996 riam
522 4941 777 4994 redderet
809 4942 936 5002 Deo,
970 4941 1061 5007 qui
1101 4938 1150 4991 ei
1183 4945 1526 5005 apparuerat.

426 5033 514 5086 IX.
561 5036 762 5086 Rursus
788 5047 916 5098 ergo
947 5030 1137 5084 Decius
1158 5028 1319 5098 jussit
1356 5044 1478 5081 eum
1498 5028 1648 5091 sisti;
1675 5039 1745 5088 et,
1781 5043 1900 5078 cum

354 5141 479 5179 cum
537 5126 776 5187 vidisset,
832 5125 1006 5176 dixit:
1060 5121 1160 5187 Qui
1215 5133 1463 5173 mortuus
1512 5119 1612 5170 l'uit
1665 5135 1691 5170 a
1747 5119 1904 5169 nobis

357 5221 586 5281 ablatus,
620 5219 891 5285 quomodo
924 5232 1066 5270 nunc
1098 5232 1192 5285 per
1218 5230 1275 5269 se
1319 5214 1597 5267 ambulat?
1634 5214 1770 5265 forte
1807 5229 1903 5265 nec

358 5308 587 5359 vibicetn
614 5306 829 5375 quidem
865 5308 1025 5358 habet
1057 5307 1107 5358 in
1133 5321 1229 5357 suo
1257 5320 1499 5369 corpore.
1530 5303 1696 5356 Jussit
1727 5313 1903 5353 autem

357 5400 704 5458 satellitibus,
744 5410 801 5451 ut
856 5398 1121 5449 viderent.
1174 5396 1251 5448 Illi
1286 5410 1413 5447 vero
1458 5394 1505 5446 ei
1552 5395 1771 5447 diettnt:
1811 5395 1907 5445 l‘cr

358 5489 750 5539 divinissiiuam
810 5498 953 5539 luant
1002 5488 1279 5555 pietatem,
1328 5499 1521 5551 corpus
1568 5484 1724 5535 halet
1770 5482 1901 5533 adeo

359 5580 741 5642 deliratuin,et
768 5582 908 5631 omni
933 5579 1403 5648 maculalvacuutn,
1433 5575 1655 5646 perinde
1682 5592 1739 5627 ac
1763 5576 1802 5627 si
1838 5592 1897 5627 ue

473 5764 486 5787 ⁵
520 5759 703 5809 .‘iIa'tlt.
740 5774 783 5817 χ,
822 5757 907 5811 23.

2004 4603 2108 4654 gno
2136 4587 2317 4638 animo
2355 4588 2610 4639 resistere
2650 4585 2951 4641 tormentis,
2982 4592 3036 4636 et
3066 4584 3200 4636 nihil
3232 4599 3393 4651 grave
3426 4598 3549 4634 eum

2004 4686 2242 4737 tangere,
2295 4675 2455 4741 jussit
2503 4673 2723 4739 quidem
2773 4671 3009 4738 lapidem
3056 4671 3268 4723 devolvi
3330 4672 3397 4721 ab
3436 4672 3553 4738 ejus

2002 4764 2181 4816 collo:
2238 4761 2417 4813 allerri
2465 4769 2644 4811 autem
2699 4759 2965 4827 ﬂagellum
3014 4759 3105 4810 teri
3163 4758 3459 4823 alligatum,
3498 4771 3545 4807 et

2004 4868 2125 4904 eum
2185 4851 2367 4902 tandiu
2422 4850 2696 4916 ﬂagellari,
2749 4848 2922 4899 donec
2970 4848 3088 4915 ejus
3130 4848 3345 4913 sanguis
3382 4846 3552 4898 solum

2007 4944 2271 5010 impleret.
2309 4941 2398 4991 lllc
2431 4948 2608 4990 autem
2639 4940 2791 5003 plane
2822 4939 3038 4990 adamas
3073 4940 3325 5003 perstitit,
3357 4952 3414 4988 se
3448 4941 3528 4987 lor

2004 5038 2126 5086 titer
2156 5044 2364 5099 gerens,
2411 5040 2464 5081 et
2504 5029 2728 5079 dicens:
2770 5027 2882 5092 Ago
2930 5025 3022 5078 tibi
3055 5028 3272 5094 gratias,
3306 5027 3546 5085 Domine.

2001 5126 2142 5191 quod
2177 5138 2259 5173 nte
2290 5136 2385 5188 pro
2418 5131 2508 5172 tito
2540 5118 2755 5170 nomine
2782 5116 3035 5183 dignatus
3075 5116 3149 5168 sis
3182 5115 3363 5184 ﬂagris
3394 5120 3544 5169 eieili.

2073 5215 2138 5267 XI
2162 5254 2173 5264 .
2216 5213 2350 5265 Cum
2384 5221 2559 5263 autem
2590 5209 2928 5275 cognmisset
2959 5208 3247 5273 imperator
3283 5206 3404 5258 eum
3429 5223 3549 5260 esse

2004 5306 2155 5372 plane
2200 5300 2542 5354 immobilem.
2591 5308 2644 5349 et
2689 5296 3003 5361 persuaderi
3042 5310 3147 5346 non
3199 5310 3375 5361 posse,
3415 5307 3472 5347 ut
3519 5313 3545 5348 a

2004 5414 2097 5447 sua
2123 5397 2487 5446 dimoveretur
2511 5389 2795 5449 sententia,
2827 5397 3123 5439 convocato
3146 5386 3375 5439 concilio
3400 5390 3546 5453 (pro-

2011 5486 2228 5555 perabat
2277 5481 2418 5533 cnim
2466 5480 2541 5531 ire
2611 5478 2876 5544 Romam),
2913 5477 3032 5527 tulit
3082 5476 3130 5525 in
3169 5490 3290 5527 eum
3338 5488 3547 5529 senten-

2012 5577 2159 5639 tiain,
2198 5571 2417 5625 dicens:
2454 5567 2797 5627 Mercurium,
2831 5565 2919 5632 qui
2970 5564 3097 5617 deos
3143 5562 3275 5617 nihil
3317 5563 3467 5623 fecit,
3493 5574 3553 5618 et.
