4270 6428
776 374 880 436 υἷι

1993 372 2277 434 MENSIS
2315 372 2753 436 NOVEMBER.

3867 369 3970 431 276

774 480 1139 538 venerandum
1167 480 1444 536 decretum
1479 490 1678 537 nostra:
1704 482 2137 538 mansuetudinis
2167 484 2318 538 nihili
2351 494 2390 549 Α
2427 484 2607 540 Facite
2633 484 2776 555 quod
2811 483 2964 540 vobis
3003 483 3105 539 fuit
3159 484 3503 554 imperatum,
3538 483 3673 538 nihil
3705 492 3968 538 cunctan-

777 577 998 642 putavit,
1019 574 1171 642 jubet
1201 573 1286 640 pia
1321 581 1506 627 nostra
1537 573 1774 640 potentia
1801 573 1924 629 duci
1957 575 2010 628 in
2040 575 2334 640 regionem:

774 663 1170 731 Cappadocum,
1199 671 1254 716 et
1298 664 1348 718 ei
1396 672 1557 730 caput
1590 663 1865 731 amputari
1912 663 1975 716 ad
2010 664 2315 732 exemplum

779 754 1087 805 multorum.
1119 751 1249 805 Nam
1271 751 1576 820 quicunque
1607 753 1810 806 resistit
1832 754 2164 823 imperatori,
2198 763 2317 822 post

779 846 943 898 multa
995 854 1256 900 tormenta
1301 844 1620 914 subjicietur
1667 845 1826 912 gladii
1863 847 2146 915 supplicio.
2181 846 2315 899 Cum

775 942 956 1005 itaque
977 953 1098 990 eum
1129 939 1458 1005 accepissent
1488 937 1522 990 ii
1556 936 1754 1006 quibus
1780 937 1952 992 fuerat
1982 938 2314 1001 mandatum,

777 1031 1046 1082 duxerunt
1093 1029 1310 1090 animal,
1347 1039 1400 1082 et
1453 1039 1729 1097 portantes
1759 1045 1905 1094 cum,
1945 1031 2317 1100 imposuerunt

782 1124 1017 1171 vinctum
1061 1120 1310 1188 utrinque
1364 1119 1556 1181 valide,
1608 1127 1725 1173 erat
1756 1121 1901 1173 enim
1934 1135 2131 1189 corpus
2171 1136 2315 1174 mar-

776 1212 906 1277 [vis
939 1209 1225 1263 admodum
1265 1211 1608 1268 dissolutum.
1638 1210 1705 1264 Et
1735 1211 2012 1265 venientes
2055 1212 2106 1264 in
2133 1213 2314 1266 diver-

773 1302 998 1359 soriuut,
1037 1315 1160 1353 eum
1193 1301 1390 1353 sensim
1433 1300 1788 1368 deponet-tes,
1843 1300 2112 1354 faciebant
2159 1301 2313 1370 quie-

771 1404 942 1442 scere.
972 1387 1168 1457 Sicque
1203 1403 1324 1442 cum
1366 1387 1551 1456 paucis
1587 1387 1778 1442 diebus
1810 1389 2024 1456 longum
2055 1390 2156 1443 iter
2190 1404 2318 1443 con-

773 1479 1044 1540 fecissent,
1077 1487 1340 1532 venerunt
1362 1477 1680 1532 Cassaream.
1713 1479 1790 1531 Ad
1814 1494 1936 1532 eum
1961 1489 2139 1534 autem
2165 1495 2318 1534 acce-

772 1578 901 1621 dens
930 1569 1204 1631 Dominus,
1232 1569 1366 1622 dixit
1393 1587 1404 1622 :
1433 1568 1686 1628 Mercuri.
1711 1569 1967 1622 adesdum
1997 1579 2051 1623 et
2075 1571 2311 1638 quiesce.

771 1662 1001 1712 (lursum
1029 1660 1446 1724 consummasti,
1487 1659 1644 1712 [idem
1676 1659 1924 1722 servasti,
1955 1661 2137 1729 accipe
2162 1675 2315 1714 coro-

775 1763 891 1800 nam
940 1760 1041 1803 tua:
1073 1750 1472 1804 decertationis.
1505 1749 1872 1803 Constitutum
1920 1749 2062 1802 enim
2115 1761 2219 1812 est,
2257 1762 2315 1804 ut

2423 586 2518 631 tes.
2553 575 2814 631 Dominus
2847 582 3048 639 autem,
3078 575 3170 644 qui
3213 584 3367 629 vocat
3395 588 3584 628 omnes
3609 573 3672 626 ad
3704 573 3943 640 pcenitcn

2421 667 2569 730 tiam,
2605 679 2700 717 vos
2728 679 2943 733 quoque
2971 679 3070 718 sua
3108 665 3276 733 gratia
3309 663 3638 731 dignabitur.
3673 663 3803 715 Nam
3844 676 3969 715 cum

2417 757 2487 808 sit
2521 755 2692 816 dives,
2734 753 2937 809 affatim
2971 753 3138 810 donat
3168 754 3307 808 bona
3339 769 3435 806 sua
3465 755 3530 808 iis
3561 754 3651 821 qui
3679 751 3965 806 accedunt.

2418 845 2540 900 llaec
2573 860 2695 900 cum
2729 844 2972 910 dixisset,
3013 854 3176 914 caput
3220 845 3320 898 fuit
3361 844 3410 898 ei
3443 852 3800 912 amputatum,
3839 857 3972 895 con-

2419 945 2826 1004 summatusque
2873 935 2975 988 fuit
3007 937 3058 988 in
3091 934 3429 990 confessione
3464 933 3768 988 Scrvatoris
3796 933 3969 986 nostri

2420 1029 2531 1082 Dei.

2488 1118 2601 1172 XII.
2646 1119 2865 1174 Factum
2896 1127 2978 1174 est
3007 1128 3209 1182 autem,
3240 1117 3382 1188 quod
3426 1129 3624 1188 prater
3654 1117 3969 1187 Opinionem

2417 1219 2518 1272 est,
2583 1209 2676 1264 Dei
2732 1209 3051 1264 miraculum
3100 1210 3302 1264 mensis
3344 1208 3665 1264 Novembris
3710 1207 3972 1261 vicesimo

2418 1299 2627 1368 quinto.
2655 1299 2783 1354 Post
2810 1301 2923 1370 ejus
2954 1299 3478 1356 consummationem
3510 1301 3710 1352 factum
3745 1306 3826 1351 est
3848 1312 3972 1351 eor-

2420 1407 2518 1461 pus
2567 1396 2816 1461 martyris
2857 1393 3039 1446 album
3089 1392 3228 1445 sicut
3279 1392 3393 1454 nix,
3443 1391 3696 1445 emittens
3748 1404 3971 1443 suavem

2419 1485 2636 1538 odorem
2673 1494 3069 1552 unguentorum
3106 1494 3160 1538 et
3192 1483 3464 1538 suIIituum
3490 1521 3505 1546 ,
3539 1491 3593 1536 ct
3618 1491 3836 1550 promer
3869 1481 3973 1532 huc

2418 1575 2628 1642 signum
2679 1574 2832 1628 multi
2883 1574 3007 1628 facti
3054 1582 3178 1628 sunt
3217 1573 3526 1628 Christiani.
3595 1573 3973 1641 Deposuerunt

2418 1674 2598 1717 autem
2625 1674 2870 1718 sanctum
2895 1663 2948 1717 in
2984 1665 3102 1718 loco
3133 1664 3349 1733 insigni,
3385 1664 3473 1716 ubi
3503 1663 3637 1716 fiunt
3669 1663 3850 1715 multa:
3876 1677 3973 1714 (u-

2420 1755 2651 1808 rationes
2687 1755 2754 1808 ad
2797 1755 3018 1823 gloriam
3060 1755 3152 1807 Dei
3194 1755 3390 1818 Patris,
3442 1767 3496 1808 ct
3542 1754 3752 1807 Domini
3794 1753 3970 1805 nostri

775 1851 830 1890 lu
865 1838 950 1891 hic
981 1841 1390 1894 eonsummeris.
1425 1839 1621 1909 Martyr
1667 1851 1845 1894 autem
1884 1839 2188 1896 Servatoris
2239 1844 2314 1896 vi-
2352 1823 2391 1877 Β
2419 1843 2544 1897 Jesu
2572 1841 2795 1906 Christi,
2845 1843 3003 1897 simul
3036 1858 3157 1896 cum
3191 1851 3378 1896 sancto
3424 1843 3654 1912 Spiritu,
3688 1843 3740 1896 in
3773 1843 3972 1897 smcnla

785 1939 924 1981 nunc
959 1928 1356 1994 corroboratus,
1398 1930 1529 1984 dicit
1559 1931 1644 1992 iis,
1687 1934 1776 1998 qui
1815 1940 1969 1984 erant
1998 1947 2119 1986 cum
2150 1931 2266 2000 ipso
2301 1949 2313 1986 :

778 2079 2309 2099 “mus—.-

2423 1934 2764 1989 saeculorum.
2800 1936 2991 1989 Amen.

2046 2247 2672 2334 ΜΑΡΤΥΡΙΟΝ

1267 2428 1399 2481 ΤΗΣ
1439 2428 1633 2480 ΑΓΙΔΣ
1673 2427 1789 2481 ΚΑΙ
1825 2429 2259 2483 ΚΛΔΛΙΝΙΚΟΥ
2315 2429 2969 2485 ΜΕΓΑΛΟΜΛΡΪΥΡΟΣ
3007 2429 3143 2482 ΤΟΥ
3181 2429 3480 2484 ΧΡΙΣΤΟΥ

1793 2569 2945 2706 AIKATEPINHZ.

1027 2947 1742 3073 MARTYRIUM
1817 2946 2292 3037 SANCTIE
2365 2946 2514 3034 ET
2593 2945 3033 3034 MAGNAE
3107 2946 3714 3036 MARTYBIS

1795 3141 3028 3297 ZECATERINfE.

1657 3394 1849 3453 (Surtus
1869 3395 1924 3443 ad
1963 3394 2092 3442 diem
2115 3393 2175 3440 9:5
2195 3392 2312 3441 Nov.
2334 3406 2344 3448 ;
2369 3393 2534 3442 Grece
2560 3407 2621 3442 ex
2661 3395 2770 3442 cod.
2795 3407 2881 3442 ms.
2922 3394 3040 3442 I525
3069 3395 3083 3452 )

847 3681 886 3734 I.
919 3680 1219 3750 Imperante
1276 3679 1441 3751 impio
1490 3678 1757 3733 Maxentio
1817 3680 1919 3748 (Ι),
1978 3679 2292 3734 universum
2350 3676 2394 3737 C
2491 3677 2533 3725 Α

2283 3694 2292 3731 ι
2350 3676 2394 3737 C
2491 3677 2568 3726 A'.
2640 3673 3022 3736 Βασιλεύοντος
3086 3673 3179 3728 τοῦ
3227 3674 3589 3728 άσεὸεστάτου
3649 3676 3969 3740 Μαξεντίιιυ,

779 3773 1064 3840 imperium
1104 3772 1465 3826 Romanorum
1497 3770 1924 3838 amplectebatur
1949 3769 2174 3839 impium
2205 3769 2323 3823 cul-

777 3873 890 3916 tum
930 3863 1253 3917 daemonum.
1285 3862 1336 3917 Is
1367 3862 1512 3917 enim
1554 3861 1886 3915 Alexandriae
1926 3859 2238 3928 prcsidens}
2265 3859 2318 3912 in

775 3954 990 4007 excelso
1039 3965 1094 4007 et
1118 3952 1333 4006 sublimi
1377 3952 1655 4013 tribunali,
1699 3950 1880 4005 emisit
1935 3949 2038 4004 hoc
2094 3949 2318 4018 impium

775 4043 1037 4101 edictum,
1073 4050 1133 4094 ut
1167 4055 1355 4096 omnes
1400 4039 1582 4102 simul,
1623 4040 1713 4108 qui
1742 4048 1897 4093 erant
1939 4039 1992 4092 in
2023 4039 2142 4107 ejus
2171 4046 2323 4104 pote-

777 4144 914 4186 state
962 4148 1024 4186 ac
1071 4133 1317 4196 ditione,
1377 4131 1679 4185 simulacris
1729 4127 2119 4184 sacrificarent.
2169 4125 2320 4180 Unde

778 4227 940 4276 etiam
977 4238 1072 4288 per
1105 4223 1418 4276 universum
1456 4221 1756 4274 Romanum
1808 4219 2095 4286 imperium
2147 4216 2323 4270 mani-

778 4315 912 4365 festa
944 4313 1185 4374 fuerunt,
1218 4326 1336 4380 qua:
1381 4310 1594 4364 decreta
1632 4308 1869 4372 fuerant,
1914 4305 2111 4360 litteris
2155 4305 2230 4358 ita
2262 4319 2321 4358 se

775 4403 1150 4457 habentibus:
1199 4402 1498 4470 Imperator
1547 4398 1846 4452 Maxentius
1890 4395 2177 4458 omnibus,
2229 4395 2320 4464 qui

776 4493 988 4544 suntin
1019 4507 1134 4545 mea
1158 4490 1382 4553 ditione,
1435 4489 1684 4544 salutem.
1742 4485 1988 4556 Magnum
2042 4485 2320 4540 consecuti

779 4581 1100 4635 beneficium
1125 4597 1154 4633 a
1179 4579 1405 4633 deorum
1435 4577 1788 4644 benignitate,
1828 4574 1998 4629 veluti
2028 4572 2317 4642 quamdam

779 4675 942 4741 bujus
991 4669 1367 4725 muniﬂccntim
1431 4667 1963 4731 remunerationem,
2013 4664 2323 4719 censuimus

779 4780 879 4818 nos
907 4765 990 4818 eis
1017 4772 1268 4831 oportere
1295 4759 1491 4815 oli'erre
1526 4758 1810 4814 sacriﬁcia.
1857 4761 2056 4810 Omnes
2083 4770 2233 4824 ergo,
2275 4755 2318 4808 si

781 4859 894 4912 ﬁeri
935 4864 1132 4924 petest,
1163 4853 1228 4908 ad
1264 4867 1362 4908 nos
1385 4852 1684 4914 venientes,
1709 4849 1978 4904 ostendite
2008 4856 2240 4901 vestram
2266 4845 2319 4900 in

782 4963 1001 5015 magnos
1056 4948 1184 5000 deos
1227 4944 1689 5006 benevolentiam;
1744 4941 1975 4997 scientes
2030 4938 2173 5007 quod
2227 4936 2319 5006 qui

782 5041 882 5091 hoc
914 5047 1158 5091 nostrum
1188 5036 1424 5090 edictum
1475 5031 1885 5100 contempserit,
1907 5040 1962 5085 et
2009 5030 2075 5084 ad
2103 5029 2262 5083 aliam
2293 5045 2322 5082 a

784 5129 935 5182 nobis
967 5126 1290 5197 prohibitam
1327 5124 1596 5194 aspexerit
1651 5122 1986 5193 religionem,
2030 5128 2086 5175 et
2115 5119 2329 5175 excidet

786 5218 855 5270 ab
885 5219 996 5287 ipsa
1030 5232 1218 5286 magna
1248 5216 1473 5270 deorum
1497 5215 1893 5281 benevolentia,
1923 5222 1978 5268 et
2011 5211 2328 5281 subjicietur

783 5328 811 5361 λ
850 5310 1004 5364 nobis
1031 5309 1183 5363 malis
1213 5307 1486 5362 extremis.

855 5572 918 5625 ll.
955 5570 1086 5626 (tum
1117 5572 1196 5624 lvi-.e
1232 5571 1422 5624 litterae
1452 5569 1504 5624 in
1541 5580 1756 5621 omnem
1805 5574 2015 5633 partem
2051 5566 2321 5633 pervasis-

2445 3764 2593 3816 πᾶσα
2628 3765 2661 3832 ἡ
2700 3765 2808 3817 τῶν
2865 3763 3149 3834 Ῥωμαίων
3209 3764 3351 3837 ἀρχὴ
3401 3765 3501 3834 τῆς
3550 3765 3815 3836 βδελυρᾶς
3863 3769 3974 3822 τῶν

2439 3853 2709 3922 δαιμόνων
2733 3854 3065 3908 ἀντεποιεῖτο
3097 3855 3414 3925 θρησκείας.
3449 3848 3619 3920 Οὗτος
3652 3858 3783 3926 γὰρ,
3838 3876 3972 3928 προσ

2433 3944 2663 4006 καθίσας
2715 3947 2796 4006 είς
2823 3945 3230 4015 Ἀλεξάνδρειαν
3257 3949 3348 4000 ἐπὶ
3379 3947 3621 4016 βήματος
3662 3949 3864 4020 ὑψηλοῦ
3913 3967 3972 4003 τε

2432 4037 2524 4086 καὶ
2557 4032 2830 4103 μετεώρου
2863 4033 3020 4086 τοῦτο
3048 4035 3112 4104 δὴ
3153 4037 3214 4088 τὸ
3252 4037 3512 4100 δυσσεϐὲς
3552 4037 3774 4103 ἐξέθετο
3809 4041 3974 4108 πρόσο

2427 4139 2616 4192 ταγμα
2662 4123 2753 4176 τοῦ
2802 4125 3009 4188 πάντας
3069 4126 3205 4195 ὁμοῦ
3233 4127 3358 4190 τοὺς
3401 4128 3505 4180 ὑπὸ
3534 4129 3632 4198 τὴν
3668 4130 3830 4183 αὐτοῦ
3858 4149 3971 4184 κει⁹

2433 4213 2628 4281 μένους
2673 4213 2923 4279 ἐξουσίαν
2977 4215 3168 4278 θυσίας
3213 4219 3324 4278 τοῖς
3377 4218 3616 4282 εἰδώλοις
3653 4219 3926 4274 ἐπιτελεῖν
3955 4238 3968 4250 ·

2426 4302 2551 4354 ὅθεν
2583 4306 2680 4358 καὶ
2724 4305 2999 4374 πανταχοῦ
3031 4307 3129 4376 τῆς
3169 4307 3482 4377 Ῥωμαῖκῆς
3533 4310 3709 4378 ἀρχῆς
3759 4314 3971 4381 φανερά

2428 4393 2658 4464 καθίστη
2704 4395 2774 4447 τά
2802 4395 3099 4466 δεδογμένα
3143 4400 3464 4467 γράμμασιν
3508 4398 3722 4466 ἔχουσιν
3753 4399 3923 4462 οὕτως
3955 4416 3971 4432 ο

2428 4483 2691 4548 Βασιλεὺς
2728 4485 3030 4549 Μαξέντιος
3068 4489 3201 4540 πᾶσι
3242 4490 3368 4549 τοῖς
3397 4487 3502 4540 ὑπὸ
3528 4488 3628 4556 τὴν
3653 4488 3792 4559 ἐμὴν
3820 4491 3971 4555 ticu-

2429 4575 2550 4626 σίαν
2581 4575 2811 4644 χαίρειν.
2862 4575 3121 4645 Μεγάλης
3171 4577 3490 4646 εὐεργεσίας
3526 4579 3679 4648 παρὰ
3720 4579 3819 4648 τῆς
3865 4579 3973 4632 τῶν

2431 4664 2570 4717 θεῶν
2596 4667 2884 4735 εὐμενείας
2933 4668 3310 4737 τετυχηκότες,
3337 4669 3410 4730 ὦς
3440 4685 3561 4720 τινα
3591 4668 3690 4737 τῆς
3717 4670 3972 4737 τοιαύτης

2428 4754 2604 4806 αὐτῶν
2635 4756 3044 4825 μεγαλοδωρεᾶς
3073 4757 3327 4825 ἀμοιϐὴν,
3362 4759 3690 4826 προσφέρειν
3706 4757 3972 4827 ᾠήθημεν

2427 4845 2523 4906 τὰς
2579 4847 2762 4908 θυσίας
2785 4849 2987 4910 αὐτοῖς.
3024 4848 3223 4909 Πάντες
3270 4849 3582 4918 τοιγαροῦν,
3625 4851 3672 4903 εί
3721 4852 3967 4914 δυνατὸν,

2429 4932 2732 5000 φθάσαντες
2787 4936 2893 4999 ἓως
2951 4937 3128 5006 ἡμῶν,
3183 4936 3284 5006 τὴν
3345 4939 3472 5007 περὶ
3519 4942 3644 5002 τοὺς
3701 4941 3973 5007 μεγάλους

2425 5023 2580 5087 θεοὺς
2629 5025 2842 5079 εὔνοιαν
2890 5026 3043 5095 ὑμῶν
3101 5027 3459 5094 ἐπιδείξασθε,
3515 5031 3715 5094 ειδότες
3787 5031 3863 5092 ὡς
3941 5033 3970 5082 ὀ

2424 5114 2484 5166 τὸ
2550 5115 2786 5168 τοιοῦτον
2829 5117 2984 5184 ἡμῶν
3037 5115 3310 5186 διάταγμα
3354 5120 3649 5188 παρορῶν,
3698 5122 3795 5172 καὶ
3835 5122 3971 5191 πρὸς

2427 5203 2617 5274 ἑτέραν
2660 5206 3116 5275 άπηγορευμένην
3160 5207 3293 5275 ἡμῖν
3329 5210 3610 5261 ἀπονεύων
3648 5210 3970 5279 Θρησκείαν,

2427 5295 2597 5362 αὐτῆς
2624 5311 2682 5346 τε
2732 5297 2830 5365 τῆς
2889 5297 3126 5366 μεγάλης
3179 5298 3285 5349 τῶν
3345 5298 3484 5351 θεῶν
3522 5301 3838 5352 ἐκπεσεῖται
3891 5320 3972 5365 qv.-

2430 5385 2799 5454 λανθρωπίας,
2855 5389 2948 5439 καὶ
2981 5389 3109 5458 παρ’
3138 5388 3293 5457 ὴμῶν
3328 5392 3516 5450 κακοῖς
3569 5393 3679 5453 τοῖς
3719 5392 3969 5460 ἐσχάτοις

2434 5475 2888 5544 ὑποδληθήσεται.

2503 5567 2576 5620 B'.
2614 5569 2831 5621 Τούτων
2874 5569 2980 5622 τῶν
3009 5569 3346 5640 γραμμάτων
3384 5573 3656 5641 πανττνχοῦ
3688 5575 3971 5640 8:39:39:-

857 5735 925 5800 (l)
965 5735 1274 5787 Maximinus
1315 5733 1594 5800 legendum
1633 5748 1644 5786 ;
1677 5730 1718 5783 is
1763 5728 1904 5784 enim
1935 5727 2031 5783 fuit
2056 5728 2310 5790 Ol‘it‘t.ti<,
2357 5729 2650 5787 Maxentius
2673 5732 3004 5799 Occidentis,
3043 5737 3348 5806 imperator.
