4270 6428
299 366 368 427 ‘27
375 369 403 428 7

1359 374 1823 436 MARTYRIUM
1866 375 1924 435 S.
1962 376 2436 443 CATHARINE.

3411 395 3515 465 2'78

301 481 576 548 τηκότων,
626 477 694 550 ἦν
725 481 855 536 ἰδεῖν
887 482 1188 553 συρῤἐοντα
1222 483 1564 556 πλήθη.πρδς
1593 487 1755 541 αὑτὸν
1783 484 1862 554 τῷ
1894 489 1936 544 Λ
1967 504 1987 543 s

1833 484 1862 554 ii
1894 489 1936 544 Λ
1967 501 2105 554 sent,
2165 493 2364 548 licebat
2389 494 2571 549 videre
2607 499 2969 555 conﬂuentem
3024 503 3088 557 ad
3127 503 3302 573 ipsum
3340 510 3519 560 multi-

303 569 459 636 φόϐῳ
485 569 592 621 τῶν
617 571 875 636 ἀπειλῶν,
919 572 1027 626 τῶν
1058 573 1154 642 μὲν
1188 575 1435 643 πρόϐατα
1471 579 1562 628 καὶ
1613 578 1740 644 βόας
1769 578 1870 628 επ.

303 666 619 731 αγομένων,
660 666 769 716 τῶν
816 665 872 718 δὲ
899 667 992 718 καὶ
1023 665 1248 734 ὀρνίθων
1278 668 1411 733 γένη
1457 668 1696 730 ποικίλα,
1731 667 1868 720 ὥστε

304 755 486 815 οὐδεὶς
564 755 789 823 εὐτελὴς
841 751 930 822 ἦν,
994 757 1127 808 ἀλλὰ
1182 758 1310 824 περὶ
1378 759 1475 826 τὴν
1524 758 1871 827 παρασκευὴν

307 845 514 906 πάντες
555 847 794 912 ἐγίνοντο
832 847 928 914 τῆς
982 846 1190 910 θυσίας.
1224 849 1360 908 Τοὺς
1411 850 1509 918 μὲν
1547 850 1654 918 γὰρ
1704 850 1868 900 πλου-

309 936 460 994 σίους
495 937 704 1003 μεγάλα
735 938 849 998 ζῶα
884 938 1023 1006 πρὸς
1053 939 1151 1006 τὴν
1181 938 1404 1008 τελετὴν
1446 939 1644 1007 ὦριστο
1693 942 1866 1009 ἄγειν,

313 1027 486 1095 μικρὰ
515 1027 569 1078 δὲ
593 1029 720 1090 τοὺς
753 1030 1013 1097 πένητας,
1040 1030 1114 1092 ὡς
1148 1031 1362 1098 ἑκάστῳ
1392 1032 1424 1100 ἦ
1461 1048 1517 1083 τε
1555 1034 1674 1100 χεὶρ
1712 1034 1871 1085 εὐπο-

313 1117 455 1181 pain,
487 1117 576 1167 καὶ
607 1119 636 1186 ἡ
667 1118 799 1185 προς
826 1124 949 1179 τοὺς
978 1120 1132 1180 θεοὺς
1186 1120 1368 1172 εὔνοια
1419 1122 1553 1187 ἔχοι.
1619 1123 1870 1174 Μάλιστα.

310 1208 366 1259 δὲ
396 1210 592 1270 αντοὺς
621 1210 842 1274 ἠρέθιζε
877 1211 1012 1280 πρὸς
1040 1212 1350 1281 φιλοτιμίαν
1395 1217 1421 1266 ὁ
1462 1215 1710 1282 βασιλεὺς
1745 1213 1869 1266 ταύ’

317 1317 443 1366 ρους
465 1300 768 1352 καταθῦσαι
815 1303 995 1371 φέρων
1024 1305 1184 1366 αὐτὸς
1214 1307 1407 1358 ἑκατὸν
1435 1309 1528 1358 καὶ
1552 1307 1868 1375 τριάκοντα.

317 1392 544 1443 Πάντων
572 1392 754 1443 τοίνυν
788 1394 844 1444 ὲν
885 1394 1259 1463 Ἀλεξανδρείᾳ
1293 1399 1422 1465 παρ’
1449 1398 1613 1448 ait?”
1649 1398 1873 1464 συνελη-

313 1484 548 1534 λυθότων
613 1485 894 1552 ὑπερήσθη
958 1489 1023 1552 τῇ
1076 1485 1454 1554 πολυπληθείᾳ
1503 1488 1596 1539 τοῦ
1645 1507 1699 1540 τε
1741 1490 1870 1540 λαοῦ

315 1573 407 1621 καὶ
459 1573 564 1622 τῶν
623 1572 847 1634 θυσιῶν,
893 1576 988 1623 καὶ
1043 1575 1283 1642 τοσούτῳ
1339 1575 1561 1642 μᾶλλον,
1610 1576 1682 1636 ὡς
1740 1576 1872 1641 μηδὲ

315 1667 506 1732 καιρὸν
544 1666 728 1732 ἕτερον
764 1668 1092 1732 ἀναμεῖναι,
1133 1665 1247 1716 ἀλλ’
1289 1667 1488 1720 αὐτίκα
1531 1685 1589 1718 τε
1639 1668 1873 1736 ἀναστῆ-

317 1775 427 1815 ναι,
467 1758 562 1806 καὶ
611 1761 766 1824 τάχει
816 1759 1062 1825 χωρῆσαι
1116 1758 1252 1827 πρὸς
1298 1764 1390 1811 τον
1448 1762 1571 1812 ναὸν
1630 1760 1720 1812 τοῦ
1777 1760 1867 1811 καὶ

316 1847 486 1913 αὐτὴν
518 1848 618 1916 ἤδη
656 1848 753 1916 τὴν
787 1848 979 1900 θυσίαν
1022 1849 1348 1901 διατελέσαι.
1387 1851 1641 1918 Ἐτρεχον
1678 1851 1731 1900 δὲ
1772 1853 1866 1901 σὺν

314 1940 462 2008 αὐτῷ
499 1944 652 2006 γένος
707 1941 852 1992 ἅπαν
890 1941 985 1992 καὶ
1036 1941 1219 2009 ἡλικία
1277 1943 1462 2004 πᾶσα,
1507 1943 1618 1992 ὅσοι
1662 1957 1720 1990 τε
1774 1943 1869 2007 τῆς

315 2032 513 2099 βουλῆς
550 2029 688 2101 ἦσαν
735 2033 829 2083 καὶ
863 2035 968 2085 τῶν
1008 2035 1064 2084 ἐν
1110 2033 1272 2096 τέλει,
1323 2034 1414 2085 καὶ
1470 2036 1584 2085 ὅσοι
1635 2035 1740 2083 τῶν
1784 2035 1870 2084 εὑ-

313 2125 487 2176 τελῶν
534 2128 626 2177 καὶ
675 2127 925 2194 ἀσήμων,
981 2126 1046 2176 τὰ
1096 2126 1232 2193 πρὸς
1279 2127 1376 2193 τὴν
1416 2125 1605 2177 θυσίαν
1638 2127 1871 2186 ἕκαστος

319 2215 770 2281 ἐπικομιζόμενοι
806 2231 819 2244 ο
856 2215 929 2276 ὡς
995 2215 1454 2282 στενοχωρεῖσθαι
1494 2218 1593 2282 μὲν
1645 2217 1748 2266 ὑπὸ
1779 2215 1872 2266 τοῦ

318 2305 556 2372 πλήθους
590 2306 699 2357 τῶν
749 2307 866 2356 ἐκεῖ
914 2306 1249 2376 συρρεόντων
1290 2305 1461 2375 αὐτὴν
1506 2324 1562 2357 τε
1597 2307 1692 2374 τὴν
1725 2307 1876 2358 πόλιν

319 2397 415 2447 καὶ
448 2397 537 2446 τον
572 2397 718 2456 ναὸν,
756 2397 1137 2463 περιηχεῖσθαι
1169 2395 1222 2446 δὲ
1256 2394 1358 2446 ὑπὸ
1387 2396 1484 2462 τῆς
1537 2396 1644 2445 τῶν
1672 2396 1878 2458 ἀλόγων

322 2486 478 2546 ζώων
515 2486 639 2553 βοῆς
668 2489 766 2553 τὴν
798 2487 980 2555 κύκλῳ
1014 2488 1342 2555 περίχωρον,
1374 2489 1436 2556 τῇ
1467 2488 1518 2539 δὲ
1547 2487 1652 2538 τῶν
1683 2487 1878 2540 θυσιῶν

323 2578 516 2644 κνίσσῃ
541 2579 629 2628 καὶ
661 2578 822 2630 αὑτὸν
853 2578 1172 2647 μολύνεσθαι
1207 2578 1296 2630 τὸν
1331 2581 1495 2646 ἀέρα.

421 2755 498 2807 I".
531 2756 746 2808 Τούτων
782 2755 920 2808 οῦτω
966 2756 1320 2825 τελουμένων,
1346 2758 1480 2824 γυνή
1523 2773 1604 2818 τις
1639 2757 1883 2826 εὐσεϐὴς,

325 2845 428 2914 τὴν
486 2846 673 2912 κλῆσιν
721 2845 1068 2915 Δίκατερίνα,
1130 2845 1224 2898 νέα
1247 2847 1344 2913 τὴν
1379 2845 1608 2915 ἡλικίαν,
1637 2845 1732 2914 τὴν
1760 2838 1887 2912 ’ὅφιν

330 2937 680 3003 περικαλλὴς,
711 2939 776 2987 ἐκ
829 2936 1104 3002 βασιλικοῦ
1137 2936 1325 3002 γένους
1344 2937 1684 3004 προηγμένη,
1708 2938 1888 2987 πᾶσαν

331 3026 633 3077 ἐπελθοῦσα
668 3027 906 3096 γραφὴν,
947 3027 1045 3094 τὴν
1087 3026 1190 3090 ἔξω
1233 3042 1292 3077 τε
1328 3026 1421 3077 καὶ
1449 3026 1546 3094 τὴν
1575 3027 1693 3076 καθ’
1718 3028 1884 3095 ἡμᾶς,

1977 584 2214 637 tudinem
2248 597 2392 638 metu
2426 587 2689 641 minarum
2720 607 2732 641 :
2763 606 2994 659 quorum
3028 595 3117 647 alii
3158 595 3378 662 quidem
3425 597 3520 649 ad-

1973 673 2241 727 ducebant
2293 691 2422 730 oves
2463 687 2517 731 et
2552 679 2746 741 boves;
2795 681 2882 734 alii
2936 692 3112 736 autem
3145 686 3291 738 varia
3321 702 3516 754 genera

1973 764 2171 816 avium.
2213 763 2394 832 Neque
2419 776 2532 820 erat
2569 769 2708 822 ullus
2740 771 3012 834 immunis,
3044 774 3307 829 sederant
3329 792 3518 830 omnes

1974 854 2164 907 intenti
2193 856 2245 907 in
2283 869 2540 923 apparatu
2580 861 2852 914 sacriﬁcii.
2888 863 3017 915 Nam
3051 865 3144 932 qui
3178 876 3331 918 erant
3363 866 3517 920 valde

1973 941 2188 1004 divites,
2235 946 2588 999 constitutum
2624 958 2760 1009 erat,
2805 958 2861 1001 ut
2900 965 3089 1018 magna
3124 952 3376 1004 animalia
3409 953 3518 1005 ad-

1972 1032 2235 1088 ducerent
2279 1034 2344 1088 ad
2392 1035 2713 1089 sacriﬁcium
2753 1054 2766 1092 :
2807 1054 2969 1106 parva
3016 1048 3192 1093 autem
3225 1056 3517 1110 pauperes,

1975 1136 2136 1192 prout
2183 1127 2479 1195 unicuique
2531 1129 2890 1196 suppetebant
2938 1130 3243 1191 facultates,
3293 1141 3347 1185 et
3403 1143 3520 1185 erat

1977 1217 2400 1286 uniuscujusque
2435 1221 2487 1272 in
2526 1220 2657 1274 deos
2700 1220 3095 1275 benevolentia.
3145 1223 3225 1276 Ad
3277 1223 3519 1292 magniﬁ-

1974 1311 2205 1362 centiam
2257 1320 2434 1362 autem
2479 1327 2570 1365 eos
2622 1314 2852 1366 maxime
2897 1315 3157 1366 incitabat
3204 1315 3520 1380 imperator.

1976 1399 2206 1452 aﬂereiis
2238 1400 2303 1453 ad
2341 1402 2748 1455 sacriﬁcandum
2786 1415 3002 1457 centum
3049 1415 3102 1456 et
3153 1405 3369 1471 triginta
3407 1415 3520 1456 tau-

1976 1505 2081 1543 ros.
2136 1490 2268 1543 Cum
2335 1507 2521 1545 omnes
2575 1509 2702 1559 ergo
2776 1496 2839 1546 ad
2917 1497 3089 1562 ipsum
3144 1491 3524 1548 eanvenissent

1976 1582 2374 1645 Alexandriam,
2419 1585 2568 1638 valde
2617 1586 2825 1638 laetatus
2865 1596 2966 1646 est,
3002 1586 3193 1640 videns
3224 1586 3524 1640 multitudi—

1978 1690 2097 1725 nem
2129 1676 2312 1743 populi
2343 1687 2395 1726 et
2426 1676 2832 1736 sacriﬁciorum,
2875 1678 3011 1730 adeo
3055 1687 3113 1730 ut
3147 1692 3245 1730 nec
3289 1677 3516 1729 alterum

1979 1771 2188 1828 tempus
2219 1766 2560 1831 exspectarit,
2597 1765 2690 1818 sed
2730 1767 2977 1833 protinus
3009 1766 3325 1827 surrexerit,
3357 1775 3409 1818 et
3451 1766 3524 1816 ci-

1975 1852 2176 1906 tissime
2205 1855 2268 1906 ad
2301 1858 2558 1922 templum
2589 1860 2930 1925 processerit,
2963 1869 3015 1912 et
3040 1859 3213 1924 ipsum
3248 1855 3517 1925 peregerit

1973 1943 2318 1996 sacriﬁcium.
2366 1945 2497 1999 Cum
2528 1961 2592 2001 eo
2625 1959 2802 2003 autem
2844 1950 3097 2002 currebat
3146 1963 3303 2001 omne
3356 1963 3524 2015 genus

1975 2045 2027 2087 et
2055 2037 2229 2088 omnis
2253 2046 2400 2097 aitas,
2431 2049 2484 2091 et
2528 2039 2813 2093 universus
2847 2052 3086 2102 senatus,
3115 2048 3170 2093 et
3194 2054 3381 2091 omnes
3413 2053 3522 2089 ma-

1975 2125 2248 2193 gistratus,
2303 2126 2559 2195 plcbsquc
2611 2137 2663 2181 et
2721 2131 2910 2197 vulgus
2959 2129 3257 2190 hominum,
3307 2146 3424 2196 qua:
3458 2130 3519 2181 ad

1977 2218 2298 2271 sacriﬁcium
2365 2220 2744 2286 pertinebant'.
2797 2220 3169 2289 unusquisque
3219 2221 3455 2274 aﬁ‘erens
3511 2238 3522 2271 :

1977 2309 2112 2361 adeo
2145 2319 2200 2360 ut
2226 2319 2444 2377 propter
2487 2309 2889 2364 multitudinem
2922 2327 3134 2372 eorum,
3168 2312 3258 2379 qui
3291 2309 3528 2364 conﬂue-

1981 2400 2128 2458 bant,
2181 2412 2402 2468 angusta
2451 2413 2592 2456 esset
2635 2405 2747 2470 ipsa
2792 2404 3003 2464 civitas,
3064 2413 3350 2469 angustum
3393 2413 3527 2455 tem-

1983 2492 2128 2560 plum
2174 2508 2186 2545 :
2233 2493 2465 2547 clamore
2518 2509 2644 2548 vero
2688 2495 2972 2547 brutorum
3016 2495 3372 2546 animantium
3424 2495 3531 2547 cir-

1981 2593 2325 2635 cumsonaret
2356 2594 2461 2636 tota
2509 2586 2654 2652 regio
2694 2585 3044 2637 circumcirca
3075 2605 3085 2637 :
3119 2586 3309 2639 nidore
3349 2596 3527 2638 autem

1980 2670 2366 2724 sacriﬁciorum
2403 2672 2513 2740 ipse
2549 2688 2764 2740 quoque
2792 2689 2881 2727 aer
2918 2675 3255 2726 inliceretur.

2053 2762 2142 2814 Ill.
2169 2762 2301 2816 Cum
2336 2764 2449 2815 th-c
2476 2763 2555 2815 sic
2589 2763 2799 2826 ﬁerent,
2829 2764 3023 2818 mulier
3049 2766 3290 2830 quaedam
3326 2765 3410 2831 pia
3437 2779 3531 2815 no-

1987 2850 2129 2902 mine
2186 2849 2513 2916 Aieatarina,
2569 2860 2720 2905 aetate
2769 2854 3004 2921 juvenis,
3058 2854 3283 2922 pulchra
3330 2855 3529 2921 specie,

1988 2954 2105 3007 quae
2153 2954 2321 3007 genus
2382 2938 2615 2993 ducebat
2666 2955 2731 2993 ex
2786 2943 3045 3010 sanguine
3109 2944 3277 3009 regio,
3314 2958 3529 2996 omnem

1991 3041 2167 3082 autem
2213 3038 2266 3083 et
2300 3040 2574 3083 externam
2609 3040 2664 3083 et
2703 3040 2941 3084 nostram
2977 3033 3298 3099 scripturam
3349 3033 3530 3100 perle-

329 3118 436 3168 ὑπὸ
494 3119 712 3180 πολλαῖς
777 3117 1154 3187 θεραπαινίσιν
1193 3119 1269 3179 εἰς
1324 3118 1421 3185 τὴν
1486 3117 2015 3192 Ἀλεξάνδρειανοε

1842 3137 1883 3170 ιν
1911 3131 1958 3192 c
1989 3128 2156 3186 gerat,
2189 3119 2373 3173 multis
2399 3119 2607 3172 ancillis
2643 3119 2896 3173 comitata
2923 3121 3149 3189 degebat
3171 3121 3528 3180 Alexandriae.

330 3209 589 3274 διάγουσα
606 3205 691 3277 ἦν,
711 3211 767 3260 ἐν
798 3209 964 3269 οἴκοις
989 3207 1130 3260 οῦτω
1159 3208 1461 3276 βασιλικοῖς
1494 3210 1883 3277 ταμιευομένη,

335 3297 567 3366 Χριστὸν
623 3298 782 3365 μόνον
830 3298 1000 3349 εἰδυῖα
1047 3298 1278 3364 νυμφίον
1303 3335 1320 3362 ,
1358 3298 1450 3348 καὶ
1482 3298 1559 3360 τῷ
1589 3299 1686 3366 τῆς
1715 3298 1887 3367 ψυχῆς

335 3389 486 3455 αὐτῷ
525 3388 719 3448 κάλλος
770 3387 1030 3455 τηροῦσα,
1081 3388 1174 3439 καὶ
1227 3387 1371 3455 μόνῳ
1417 3389 1506 3440 τὸν
1558 3389 1739 3457 ἔρωτα
1789 3390 1888 3456 τῆς

339 3481 569 3548 καρδίας
599 3480 933 3530 ἀνάπτουσα.
988 3477 1134 3547 Αῦτη
1179 3476 1562 3545 χαλεπώτατον
1596 3478 1738 3530 οῦτω
1768 3479 1889 3537 τοὺς

337 3570 657 3636 ἀνθρώπους
698 3570 955 3635 ναυάγιον
1015 3569 1406 3636 ὑπομένοντας,
1464 3570 1555 3620 καὶ
1609 3573 1734 3637 περὶ
1782 3569 1890 3621 τῶν

340 3659 582 3726 ἐσχάτων
637 3658 1048 3718 κινδυνεύοντας
1103 3657 1195 3708 καὶ
1239 3656 1642 3724 ἀπολλυμένους
1683 3657 1889 3724 ὁρῶσα,

340 3752 432 3800 καὶ
462 3750 644 3809 δεινῶς
682 3750 778 3817 τὴν
809 3748 981 3816 ψυχὴν
1006 3747 1250 3799 παθοῦσα
1281 3747 1374 3799 καὶ
1403 3747 1540 3816 ὑπὲρ
1563 3748 1655 3798 τοῦ
1693 3748 1891 3798 Δεσπό-

340 3857 432 3890 του
470 3837 763 3906 ζηλώσασα
790 3877 804 3901 ,
839 3839 959 3889 τότε
998 3838 1237 3906 μάλιστα
1268 3838 1358 3889 τὸν
1388 3837 1474 3889 ἐπ’
1517 3837 1679 3890 αὑτὸν
1729 3838 1890 3889 πόθον

344 3932 434 3982 καὶ
464 3932 555 3982 τὸν
591 3931 730 3999 ὑπὲρ
764 3933 859 3998 τῆς
894 3931 1127 3992 πίστεως
1156 3930 1295 3996 ἔγνω
1325 3930 1486 3998 ζῆλον
1519 3933 1748 3999 φανερὸν
1788 3949 1889 3985 κα-

342 4024 715 4090 ταστήσασθαι
746 4023 838 4073 καὶ
876 4020 1264 4089 παραλαϐοῦσα
1294 4022 1470 4082 ἐνίους
1493 4022 1601 4073 τῶν
1625 4021 1888 4088 θεραπόν-

344 4129 472 4174 των,
509 4112 706 4173 εὑθέως
739 4111 932 4179 ἐχώρει
967 4113 1101 4180 πρὸς
1130 4113 1219 4162 τὸν
1251 4112 1374 4164 ναὸν
1398 4149 1413 4174 ,
1451 4113 1509 4163 ὲν
1542 4105 1584 4178 ᾧ
1610 4113 1668 4162 τὸ
1693 4113 1890 4181 πλῆθος

346 4205 484 4269 μετὰ
537 4201 629 4253 τοῦ
689 4203 948 4268 βασιλέως
988 4201 1327 4264 θυσιάζοντες
1371 4198 1529 4271 ἦσαν,
1577 4207 1667 4254 καί
1721 4207 1890 4256 στᾶσα

343 4292 478 4360 πρὸς
517 4295 580 4359 τῇ
614 4291 760 4361 φλιᾷ,
800 4287 941 4342 εἷλκε
978 4292 1073 4359 μὲν
1098 4292 1194 4352 τὰς
1225 4293 1329 4343 τῶν
1359 4292 1534 4345 ἄλλων
1566 4292 1714 4358 ὄψεις
1755 4293 1891 4361 πρὸς

345 4381 543 4446 ἑαυτήν
571 4380 762 4440 κάλλος
793 4377 1068 4446 ἀμήχανον
1098 4375 1250 4443 οὖσα,
1283 4381 1373 4431 καὶ
1401 4379 1498 4449 τὴν
1522 4380 1667 4431 ἔνδον
1695 4382 1889 4449 ώραιὸ-

1988 3218 2042 3261 et
2090 3209 2166 3260 sic
2222 3208 2598 3262 asservabatur
2658 3210 2710 3262 in
2769 3210 2973 3263 aedibus
3027 3211 3210 3278 regiis.
3263 3220 3318 3264 et
3363 3210 3531 3262 solum

1987 3297 2258 3350 Christum
2307 3307 2460 3350 norat
2511 3313 2787 3366 sponsum,
2827 3309 2881 3352 et
2934 3299 2984 3352 ei
3039 3300 3230 3352 anima:
3283 3299 3535 3352 servabat

1991 3387 2464 3454 pulchritudinem,
2513 3399 2566 3441 et
2613 3387 2676 3442 in'
2723 3404 2846 3442 eum
2896 3390 3069 3443 solum
3119 3398 3234 3442 erat
3279 3403 3373 3441 cor
3417 3389 3533 3456 ejus

1990 3495 2170 3533 amore
2220 3481 2626 3532 inﬂammatum.
2659 3480 2781 3534 Haec
2804 3481 2881 3535 sic
2911 3480 3100 3533 videns
3137 3479 3384 3532 homines
3412 3494 3534 3546 gra-

1990 3567 2265 3619 vissimum
2317 3566 2500 3618 subire
2534 3567 2892 3634 naufragium,
2945 3576 3001 3618 et
3035 3565 3219 3617 venire
3260 3565 3312 3615 in
3353 3572 3534 3615 extre-

1991 3670 2134 3708 mum
2181 3655 2430 3707 interitus
2463 3654 2788 3721 periculum,
2822 3653 3001 3706 animo
3049 3653 3283 3719 graviter
3320 3652 3532 3710 aﬁecta,

1990 3753 2045 3797 et
2075 3759 2173 3812 pro
2211 3744 2436 3796 Domino
2469 3743 2813 3795 asinulatione
2852 3757 2912 3794 ac
2965 3741 3081 3794 zelo
3123 3740 3365 3801 incitata,
3409 3749 3536 3791 tunc

1992 3836 2219 3888 maxime
2242 3836 2430 3886 statuit
2453 3848 2607 3885 suum
2641 3833 2926 3884 ostendere
2975 3830 3327 3890 desiderium,
3363 3839 3417 3881 et
3448 3846 3535 3880 ar-

1994 3927 2209 3980 dentem
2246 3940 2342 3993 pro
2375 3923 2476 3977 ﬁde
2513 3924 2687 3976 zelum
2724 3940 2737 3974 :
2774 3934 2981 3976 etcum
3021 3921 3313 3973 nonnullos
3349 3936 3533 3972 secum

1992 4018 2290 4085 accepisset
2337 4016 2585 4078 famulos,
2620 4015 2864 4082 protinus
2910 4014 3144 4081 profecta
3187 4022 3270 4065 est
3303 4012 3354 4064 in
3401 4020 3534 4064 tem-

1991 4109 2174 4177 plum,
2210 4109 2262 4160 in
2295 4123 2401 4174 quo
2432 4115 2546 4160 erat
2573 4105 2861 4158 multitudo
2891 4119 3013 4156 cum
3050 4119 3170 4172 rege
3199 4103 3531 4165 sacriﬁcans,

1991 4209 2045 4251 et
2068 4209 2214 4252 stans
2249 4198 2300 4250 in
2333 4196 2537 4256 limine,
2565 4196 2791 4248 aliorum
2823 4193 3042 4261 quidem
3072 4194 3251 4246 vultus
3275 4193 3338 4245 ad
3365 4208 3420 4245 se
3460 4203 3535 4243 at-

1993 4290 2257 4350 trahcbat,
2309 4297 2368 4340 ut
2413 4304 2531 4355 qua:
2576 4286 2770 4354 insigni
2823 4293 2965 4339 esset
3013 4284 3437 4351 pulchritudine,
3486 4293 3540 4335 et

1997 4385 2258 4436 internam
2296 4381 2528 4447 speciem
2578 4378 2896 4432 ostendebat
2935 4391 3029 4444 per
3058 4386 3356 4430 externam.
3403 4376 3538 4428 Sen-

343 4483 476 4534 τητα
509 4467 593 4518 διὰ
629 4468 729 4534 τῆς
769 4468 924 4529 ἐκτὸς
958 4467 1233 4536 μηνύουσα
1262 4447 1465 4537 ὅψεως,
1500 4469 1706 4539 Ἠρέμα
1738 4447 1792 4522 δὲ
1827 4472 1889 4524 τὰ
1921 4447 1964 4502 D
1993 4475 2029 4527 si

1857 4472 1889 4524 ὰ
1921 4447 1964 4502 D
1993 4475 2090 4527 sim
2124 4482 2302 4524 autem
2331 4486 2426 4523 sua
2466 4470 2660 4522 munda
2696 4469 2842 4522 labra
2879 4468 3146 4536 aperiens,
3194 4467 3326 4519 dixit
3357 4483 3412 4519 se
3448 4477 3538 4518 tia-

344 4556 561 4624 καθαρα
614 4557 764 4624 χείλη
819 4557 1071 4625 διαρασα,
1127 4557 1269 4626 ἔχειν
1310 4575 1361 4609 τι
1401 4560 1506 4611 τῶν
1554 4560 1889 4626 ἀναγκαίων,

344 4646 802 4716 ἐφη,λαλῆσαιτῷ
835 4647 1061 4714 βασ;λεί.
1095 4649 1156 4698 Oi
1178 4647 1356 4698 τοίνυν
1376 4650 1467 4699 ἐπὶ
1495 4650 1884 4716 τῶνξάγγελιῶν

342 4737 661 4800 τεταγμένοι
678 4737 1164 4803 προσαγγέλλουσιν
1189 4737 1253 4786 αὑ
1267 4736 1333 4805 τῷ
1358 4737 1423 4789 τὰ
1442 4739 1562 4805 περὶ
1579 4739 1673 4806 τῆς
1693 4739 1893 4806 παρθέ-

346 4843 460 4878 νου.
511 4826 782 4876 Κάκείνου
811 4827 1228 4894 προστάξαντος,
1248 4826 1444 4888 εὐθέως
1464 4829 1757 4894 είσάγεται,
1790 4833 1885 4880 καὶ

347 4918 518 4967 στᾶσα
543 4917 642 4984 πρὸ
661 4916 756 4983 τῆς
789 4915 1033 4976 ἀναιδοῦς
1053 4916 1223 4984 ὅψεως
1247 4916 1338 4967 τοῦ
1357 4919 1638 4985 τυράννου,
1658 4918 1735 4969 ἔτι
1768 4921 1896 4994 περι

345 5008 870 5074 τὴνθυσίανέκείνου
899 5008 1263 5075 σχολάζοντος,
1305 5006 1527 5058 τοιαῦτα
1554 5008 1685 5076 πρὸς
1733 5010 1895 5061 αὑτὸν

349 5096 624 5164 σταθερτὶς
681 5098 816 5147 πάνυ
871 5098 963 5146 καὶ
1012 5096 1330 5164 ἐλευθερίως
1398 5096 1693 5162 ἐφθέγγετο
1734 5113 1747 5127 ⁸

417 5185 489 5235 Δ’.
545 5182 738 5250 Ὶῦχρῆν
776 5183 874 5249 μέν
905 5198 962 5232 τε
999 5184 1092 5233 καὶ
1123 5182 1336 5233 οἴκοθεν
1369 5182 1601 5232 συνιδεῖν
1632 5182 1726 5251 τὴν
1754 5185 1895 5236 ἀπά-

347 5293 466 5344 την,
499 5269 543 5326 ὦ
575 5275 818 5344 βασιλεῦ,
865 5277 948 5327 ὅτι
1004 5276 1257 5343 φθαρτῶν
1304 5273 1607 5344 ἀνθρώπων
1659 5276 1894 5336 εἰδώλοις

348 5361 434 5417 οἷα
489 5366 629 5427 θεοῖς
692 5371 903 5426 θυσίαις
960 5367 1245 5428 ἐπιτελεῖς,
1295 5368 1388 5416 καὶ
1446 5364 1541 5432 τὴν
1578 5365 1894 5432 Ἑλληνικὴν

1681 5457 1801 5505 ἐπεὶ
1840 5455 1893 5504 δὲ

353 5543 524 5612 omni}
567 5545 878 5612 πειθόμενος
912 5545 1151 5611 δαίμονι,
1182 5545 1311 5613 πρὸς
1343 5545 1482 5595 οῦτω
1529 5545 1765 5611 φανερὰν
1806 5562 1894 5594 τυ-

349 5453 553 5522 ταύτην
600 5456 811 5523 μωρίαν
847 5455 941 5506 καὶ
990 5454 1249 5522 αἰσχύνην
1291 5455 1582 5504 ἀποϐαλεῖν
1617 5470 1630 5482 ·

353 5637 611 5700 φλώττεις
661 5635 940 5704 ἀλήθειαν,
999 5635 1103 5686 ἔδει
1166 5634 1378 5696 πάντως
1428 5635 1549 5699 κᾶν,
1613 5636 1689 5702 τῷ
1754 5635 1888 5704 παρ’

362 5728 511 5794 υμῶν
540 5729 684 5796 σοφῷ
711 5728 961 5797 Διοδώρῳ
1010 5729 1310 5790 πεισθέντα,
1351 5729 1550 5793 γνῶναι
1590 5729 1705 5790 τοὺς
1745 5728 1871 5793 νμε-

1997 4566 2124 4616 bere
2187 4562 2548 4614 necessarium
2595 4559 2818 4626 aliquid,
2863 4560 3003 4624 quod
3060 4560 3266 4610 diceret
3314 4558 3540 4624 impera-

1997 4655 2118 4707 tori.
2178 4653 2278 4716 Qui
2335 4653 2510 4719 itaque
2581 4652 2786 4703 nuntiis
2855 4651 3149 4702 referendis
3222 4663 3532 4716 prmerant,

1995 4743 2301 4811 imperatori
2350 4742 2414 4793 dc
2480 4741 2685 4806 virgine
2741 4741 3078 4790 annuntiant.
3148 4737 3388 4803 Cumque
3450 4738 3536 4788 ille

1989 4831 2254 4900 jussisset,
2299 4829 2478 4880 statim
2529 4827 2910 4879 introducitur.
2960 4826 3087 4888 Qure
3127 4840 3245 4876 cum
3301 4825 3535 4874 stetisset

1992 4941 2167 4978 coram
2204 4920 2498 4989 impudenti
2534 4930 2774 4987 tjranno,
2822 4933 2941 4968 cum
2985 4917 3070 4968 ille
3121 4916 3297 4967 adhuc
3327 4925 3537 4967 vacaret

1991 5014 2274 5078 sacriﬁcio,
2297 5020 2606 5064 constanter
2635 5009 2872 5075 etjlibere
2908 5008 2982 5059 sic
3012 5006 3060 5059 ei
3097 5014 3179 5058 est
3211 5007 3383 5058 locuta
3409 5020 3419 5053 :

2063 5186 2146 5237 IV.
2194 5181 2483 5250 Oportebat
2515 5180 2752 5247 quidem,
2803 5193 2834 5229 ο
2892 5179 3198 5244 imperator,
3259 5188 3308 5230 te
3357 5194 3417 5228 ex
3453 5188 3532 5229 le-

1994 5279 2106 5345 ipso
2140 5285 2280 5326 tuam
2314 5275 2491 5325 videre
2530 5271 2924 5338 deeeptioncm,
2955 5268 3098 5336 quod
3131 5270 3426 5326 hominum.
3475 5269 3524 5319 in

1993 5383 2126 5435 quos
2180 5366 2319 5418 cadit
2372 5366 2648 5423 interitus,
2711 5361 3049 5413 simulacris.
3115 5371 3363 5426 tanquam
3430 5360 3533 5409 diis

1991 5458 2170 5518 ollers,
2201 5453 2478 5510 saeriiicia,
2509 5459 2562 5502 et
2588 5451 2839 5514 gentile-in
2885 5450 3021 5500 ham:
3046 5448 3326 5500 stultitiam
3357 5460 3410 5500 et
3441 5450 3533 5500 de-

1993 5547 2157 5598 decus
2203 5545 2453 5610 abjiccrc.
2509 5540 2770 5603 Quoniam
2829 5548 3005 5590 autem
3061 5541 3278 5590 sinistro
3337 5553 3532 5605 parens

1994 5636 2243 5691 dienmni,
2295 5633 2356 5683 ad
2410 5634 2542 5683 adeo
2594 5632 2925 5681 inanilcslain
2977 5642 3191 5681 i‘a'itittts
3229 5641 3526 5686 veritatem,

1997 5737 2266 5795 oporteret
2324 5724 2539 5776 omnin»
2590 5733 2810 5788 sapa-nti
2876 5725 3080 5782 saltem,
3126 5721 3217 5785 qui
3269 5732 3345 5774 est
3394 5717 3534 5784 apud
