4270 6428
303 378 406 449 281

1366 384 1832 447 MARTYRIUM
1872 390 1933 450 8.
1974 388 2454 457 CATHARINE.

3412 400 3519 468 252

302 499 400 550 καὶ
430 494 536 548 τῶν
574 494 751 548 ἄλλων
783 494 1127 565 επιστημῶν.
1148 493 1308 548 Ἀ).λά
1339 497 1472 571 παρ’
1503 498 1654 551 οὐδὲν
1679 500 1862 551 ἐκεῖνα
1890 501 1935 556 Α
1964 518 1988 555 r

1823 501 1935 556 ιαΑ
1964 502 2249 560 rhetorica:
2299 518 2353 562 ct
2403 508 2778 578 philosOphiae,
2811 511 3122 580 geometria
3177 519 3231 567 et
3281 515 3509 570 aliarum

303 587 507 654 θεμένη
561 585 761 649 πάντα,
818 583 981 657 ἦλθον
1038 579 1549 656 νυμφευθῆναι’τῷ
1608 589 1861 658 ἀθανάτῳ

305 679 529 746 νυμφίῳ
590 678 811 746 Χριστῷ
887 678 974 730 διὰ
1050 678 1142 730 τοῦ
1204 680 1485 747 προφήτου
1548 680 1860 747 λαλήσαντι,

312 790 332 819 ε
389 770 599 823 Ἀπολῶ
624 774 723 838 τὴν
757 769 949 836 σοφίαν
989 769 1096 821 τῶν
1138 770 1349 837 σοφῶν,
1382 772 1475 823 καὶ
1507 772 1602 840 τὴν
1648 772 1887 823 σύνεσιν

302 864 415 915 τῶν
450 861 684 913 συνετῶν
721 862 991 927 ἀθετήσω.
1028 880 1046 911 ν

376 954 465 1017 ς’.
520 951 624 1002 Τοῦ
679 951 732 1002 δὲ
784 950 1047 1018 βασιλέως
1086 953 1176 1003 ἐπὶ
1224 954 1329 1014 τοῖς
1389 955 1598 1021 ῥηθεῖσι
1655 956 1862 1024 θαυμά-

306 1059 525 1101 σαντος,
556 1037 673 1091 εἶτα
702 1043 793 1092 καὶ
820 1041 1175 1109 ἀτενέστερον
1198 1043 1333 1111 πρὸς
1366 1044 1535 1113 αὐτὴν
1556 1046 1855 1110 ἀπιδόντος,

303 1134 397 1183 καὶ
434 1132 705 1199 οίηθέντος
757 1131 831 1199 μὴ
886 1130 1026 1183 εἶναι
1068 1133 1275 1200 ταύτην
1320 1138 1449 1201 μίαν
1491 1134 1597 1187 τῶν
1650 1139 1859 1200 γένεσιν

302 1222 417 1274 ἀπὸ
448 1223 547 1289 γῆς
581 1223 910 1288 ὶσχηκὸτων,
962 1222 1093 1273 ἀλλά
1122 1241 1244 1277 τινα
1286 1226 1393 1277 τῶν
1428 1226 1566 1277 θεῶν
1595 1228 1858 1281 ὀπτασίαν

303 1315 437 1381 δρᾷν
468 1316 524 1363 εν
554 1314 840 1382 ἀνθρώπου
875 1316 1113 1382 σχήματι
1164 1315 1571 1386 διαλεγομένην,
1601 1318 1741 1372 οὕτω
1769 1323 1859 1373 καὶ

306 1401 587 1467 οἰηθέντος
614 1403 703 1451 καὶ
738 1402 871 1471 πρὸς
900 1405 1062 1455 αὑτὸν
1092 1407 1647 1474 παραφθεγξαμένου,
1690 1413 1723 1471 ἡ
1751 1428 1856 1477 μα-

305 1492 473 1558 καρία
529 1492 619 1542 τὸν
672 1493 825 1558 λόγον
884 1495 1226 1548 ὑπολασοῦσα
1291 1500 1422 1566 φησὶ
1482 1501 1614 1569 πρὸς
1650 1501 1808 1551 αὐτόν
1842 1517 1855 1531 ·

318 1579 562 1646 Ἀληθῶς
600 1580 802 1645 ἓὶεξας,
839 1577 882 1632 ὢ
923 1583 1163 1650 βασιλεῦ.
1196 1588 1459 1652 Δαίμονες
1496 1591 1600 1657 γὰρ
1632 1588 1721 1651 οῦς
1747 1591 1859 1642 δνο-

308 1673 498 1739 μάςεις
558 1671 714 1732 θεοὺς
762 1672 934 1736 δντες,
996 1676 1327 1743 δαιμονικοῖς
1386 1680 1525 1745 ὑμᾶς
1579 1681 1857 1748 φάσμασιν

305 1762 583 1824 ἀπατῶσι,
618 1766 709 1815 καὶ
744 1765 877 1832 πρὸς
914 1765 1201 1832 ἀσέλγειαν
1241 1769 1617 1831 ἐκκαλοῦνται,
1658 1774 1749 1824 καὶ
1776 1774 1856 1835 είς

300 1856 539 1914 ἀτόπους
594 1859 887 1924 ἐπιθυμίας
946 1860 1322 1926 ἐμϐάλλουσιν.
1390 1862 1527 1924 Ἐγὼ
1566 1864 1659 1927 δὲ,
1699 1866 1853 1916 ὁποία

299 1963 386 2004 τις
427 1946 492 1997 ἂν
526 1942 589 2011 ὦ,
637 1948 761 2016 χοῦς
793 1950 907 2014 εἰμι
937 1952 1029 2002 καὶ
1071 1951 1236 2020 πηλὸς
1259 1989 1273 2012 ,
1307 1954 1385 2013 εἰς
1419 1954 1670 2023 τοιαύτην
1706 1958 1855 2023 παρὰ

298 2041 395 2093 τοῦ
434 2043 568 2094 Θεοῦ
603 2045 903 2096 πλασθεῖσα
941 2047 1176 2115 μορφὴν,
1232 2049 1324 2098 καὶ
1360 2051 1422 2116 τῇ
1471 2050 1633 2101 αὑτοῦ
1689 2054 1856 2102 εἰκόνι

300 2137 638 2202 τετιμημένη
669 2151 682 2163 ·
713 2136 850 2187 ὥστε
894 2139 986 2189 καὶ
1022 2137 1329 2205 θαυμάζειν
1366 2142 1567 2205 μᾶλλον
1607 2142 1855 2194 ἐντεῦθεν

298 2230 400 2293 τὴν
452 2226 641 2291 σοφίαν
692 2228 782 2279 τοῦ
814 2230 1150 2297 δημιουργοῦ
1202 2233 1507 2299 προσήκει,
1563 2234 1754 2302 ὅτιπερ
1798 2237 1855 2286 ἐν

298 2318 472 2387 πηλῷ,
529 2322 619 2371 καὶ
658 2320 829 2383 οὕτως
871 2323 1079 2373 εὐτελεῖ
1104 2326 1167 2390 τῇ
1209 2323 1309 2394 ῦλῃ
1344 2326 1601 2377 τοσοῦτον
1637 2326 1854 2393 ἴσχυσεν

297 2409 601 2474 ἐξισκῆσαι
631 2412 843 2471 κάλλος.
895 2414 1009 2481 Ἐφ’
1050 2409 1128 2475 οἷς
1161 2414 1492 2483 δυσχεράνας
1519 2417 1544 2467 δ
1578 2416 1849 2484 βασιλεὺς,

297 2499 391 2563 Μὴ
445 2500 572 2565 λέγε
631 2503 757 2564 τοὺς
816 2502 969 2563 θεοὺς
1021 2504 1226 2566 κακῶς,
1265 2503 1391 2572 ἔφη,
1442 2504 1745 2566 ἀθανάτους
1794 2523 1853 2557 τε

295 2591 495 2653 αὐτοὺς
530 2593 706 2655 ὄντας,
742 2596 837 2645 καὶ
881 2594 1033 2657 δόξαν
1076 2595 1340 2647 ἀθάνατον
1373 2596 1614 2664 ἔχοντας.
1672 2598 1778 2649 Καὶ
1820 2599 1849 2666 ἡ

298 2681 544 2750 μάρτυς·
583 2684 847 2753 Εὐρήσεις
882 2688 985 2753 ἀρα
1015 2686 1105 2739 καὶ
1140 2688 1225 2749 σὺ,
1257 2687 1441 2754 φησὶν,
1471 2681 1514 2739 ὧ
1548 2688 1789 2756 βασιλεῦ,
1824 2689 1851 2741 ὃ

293 2789 349 2823 τι
402 2772 530 2824 ποτε
578 2776 713 2825 εἰσιν
763 2775 812 2826 oi
885 2775 999 2828 θεοί
1060 2794 1175 2838 σου,
1243 2777 1403 2845 μόνον
1452 2781 1500 2830 εί
1552 2780 1651 2848 τὴν
1683 2782 1850 2848 ἀχλὺν

293 2863 396 2930 τῆς
427 2865 645 2931 ἀπάτης
672 2865 937 2935 ἐθελήσῃς
971 2868 1271 2920 ἀποϐαλεῖν
1306 2885 1320 2900 ο
1351 2869 1629 2940 ἑπιγνὼση
1668 2871 1723 2923 δι
1756 2872 1849 2923 καὶ

292 2956 388 3007 τὸν
418 2956 589 3024 ἀληθῆ
619 2956 774 3021 Θεὸν,
801 2959 950 3020 ὅστις
975 2960 1126 3011 ἐστὶν
1153 2959 1427 3023 ἀθάνατος
1452 2962 1543 3013 καὶ
1569 2962 1760 3023 ἀΐδιος,
1790 2957 1848 3015 οὗ

296 3046 391 3098 καὶ
412 3046 579 3114 δνομα
616 3048 776 3115 μόνον
817 3047 1227 3119 λαλούμενον,ἢ
1262 3051 1353 3102 καὶ
1382 3050 1613 3120 σταυρὸς
1663 3054 1723 3103 ἐν
1771 3051 1847 3119 τῷ

1962 595 2331 649 scientiarum.
2390 600 2493 653 Sed
2534 601 2620 653 illa
2672 602 2853 655 omnia
2902 602 3061 656 nihili
3111 602 3352 667 ducens,
3390 610 3512 661 veni

1961 694 2021 739 ut
2050 687 2417 755 desponderer
2452 691 2742 746 immortali
2781 706 2981 760 sponso
3019 693 3257 755 Christo,
3305 695 3399 763 qui
3434 698 3513 749 lo-

1960 786 2118 831 cutus
2146 789 2229 831 est
2260 793 2355 846 per
2388 780 2704 846 prophetam
2738 799 2749 833 :
2781 781 3009 835 Perdam
3054 784 3378 851 sapientiam
3433 802 3515 837 $.1-

1961 871 2222 937 pientum,
2259 882 2313 925 et
2351 874 2690 936 prudentiam
2724 875 3056 941 prudentum
3125 876 3427 942 reprobabo
3476 879 3512 931 ‘.

2032 960 2114 1014 VI.
2148 960 2279 1014 Cum
2312 971 2490 1015 autem
2526 963 2819 1030 imperator
2848 962 3148 1017 admiratus
3181 975 3346 1031 esset,
3395 982 3514 1034 qu:e

1960 1054 2101 1108 dicta
2130 1053 2362 1114 fuerant,
2398 1063 2452 1107 ct
2484 1055 2533 1106 in
2563 1069 2679 1107 eam
2705 1054 2970 1108 intentius
2992 1055 3268 1110 deﬁxisset
3300 1058 3511 1114 oculos.

1959 1154 2012 1197 et
2065 1144 2429 1197 existimasset
2472 1159 2589 1196 eam
2644 1160 2751 1197 non
2790 1159 2909 1198 esse
2961 1160 3122 1199 unam
3167 1162 3230 1200 es
3263 1149 3348 1209 iis,
3392 1165 3513 1215 quae

1961 1244 2098 1286 natae
2125 1245 2251 1287 sunt
2292 1250 2320 1287 e
2356 1244 2534 1295 terra;
2582 1234 2673 1287 sed
2706 1248 2764 1285 se
2801 1234 3023 1287 deorum
3058 1236 3292 1304 aliquam
3326 1238 3510 1292 videre

1960 1326 2220 1378 visionem
2250 1366 2262 1387 ,
2296 1327 2603 1394 loquentem
2637 1326 2689 1377 in
2725 1324 2911 1378 habitu
2946 1326 3183 1381 humano
3227 1346 3238 1381 :
3277 1345 3398 1382 cum
3433 1331 3508 1382 sic

1961 1425 2231 1485 putasset.
2258 1428 2310 1469 et
2342 1433 2457 1469 eam
2503 1433 2784 1485 perperam
2828 1428 2970 1472 esset
3019 1419 3305 1480 allocutus,
3355 1420 3507 1479 beata

1960 1521 2263 1559 sermonem
2295 1507 2600 1574 excipiens,
2635 1507 2763 1561 dicit
2787 1508 2874 1563 ei:
2912 1509 3047 1564 Vere
3076 1510 3282 1573 dixisti,
3328 1527 3359 1565 ο
3412 1513 3500 1563 im-

1960 1608 2196 1665 perator.
2230 1600 2506 1651 chmones
2548 1600 2714 1659 enim,
2764 1615 2900 1667 quos
2934 1600 3064 1654 deos
3115 1604 3383 1664 nominas,
3421 1618 3507 1655 re-

1962 1705 2085 1741 vera
2134 1705 2228 1743 vos
2272 1691 2499 1757 speetris
2541 1688 2818 1757 decipiunt
2870 1692 3251 1755 dannoniacis,
3310 1702 3364 1747 et
3416 1709 3510 1746 vos

1962 1788 2254 1846 provocant
2300 1780 2364 1832 ad
2402 1780 2685 1833 libidinem
2728 1792 2781 1834 et
2830 1781 3321 1849 intemperantiam.
3355 1794 3408 1837 et
3441 1784 3505 1837 ad

1960 1871 2195 1923 nefarias
2222 1871 2504 1937 impellunt
2526 1871 2870 1937 cupiditates.
2898 1872 3007 1940 Ego
3030 1883 3207 1925 autem
3238 1875 3508 1941 cuiusmo-

1958 1962 2225 2027 dicunqne
2275 1977 2435 2022 sum,
2487 1975 2602 2013 sum
2659 1962 2834 2028 pulvis
2883 1972 2937 2015 et
2979 1964 3170 2023 lutum,
3224 1964 3398 2017 cﬂicta
3454 1965 3505 2016 in

1959 2051 2097 2103 lianc
2142 2051 2401 2114 formam,
2445 2058 2501 2103 et
2544 2053 2662 2119 ejus
2719 2051 2979 2105 honorata
3014 2052 3265 2123 imagine.
3316 2054 3508 2119 Quam-

1958 2141 2141 2193 obrem
2197 2141 2320 2193 hinc.
2366 2142 2533 2210 magis
2576 2143 2828 2195 convenit
2872 2142 3131 2197 admirari
3182 2145 3503 2211 sapientiam

1956 2235 2184 2302 Opificis,
2213 2233 2354 2300 quod
2386 2233 2437 2284 in
2473 2233 2585 2284 luto
2609 2244 2664 2285 et
2696 2235 2748 2285 in
2784 2235 3003 2286 materia
3044 2243 3149 2287 tam
3183 2236 3271 2287 vili
3310 2246 3503 2303 potue-

1955 2327 2025 2379 rit
2054 2335 2251 2377 tantam
2290 2334 2570 2377 cxstrucre
2610 2324 3092 2391 pulchritudinem.
3124 2326 3252 2391 Quae
3284 2330 3502 2397 quidem

1952 2428 2091 2481 aegre
2116 2413 2297 2466 ferens
2349 2413 2849 2480 iiuperatoeroli,
2897 2415 3092 2481 inquit,
3130 2416 3234 2469 diis
3280 2418 3505 2471 maledi-

1954 2518 2099 2566 cere,
2152 2504 2242 2571 qui
2298 2512 2351 2556 ct
2412 2505 2511 2571 ipsi
2568 2513 2695 2557 sunt
2742 2504 3110 2569 immortales,
3168 2517 3222 2560 et
3274 2508 3499 2576 gloriam

1955 2596 2152 2648 habent
2186 2594 2565 2648 immortalem.
2600 2595 2799 2663 Martyr
2839 2605 3019 2651 autem
3051 2614 3062 2649 :
3100 2598 3375 2660 Invenies,
3418 2600 3503 2652 in-

1950 2686 2098 2753 quit.
2139 2696 2193 2737 tu
2243 2698 2480 2752 quoque,
2534 2699 2565 2737 ο
2612 2686 2927 2753 imperator,
2959 2686 3218 2755 quidnam
3260 2697 3386 2740 sunt
3426 2688 3500 2741 dii

1950 2779 2049 2841 tui,
2077 2779 2121 2831 si
2154 2777 2287 2830 velis
2322 2777 2497 2829 solum
2551 2784 2697 2829 tuam
2742 2775 2977 2844 abjicere
3007 2791 3297 2845 parumper
3343 2778 3503 2831 dece-

1951 2870 2221 2936 ptionem,
2275 2882 2464 2921 verum
2499 2882 2720 2936 quoque
2768 2867 2939 2921 Deum
2986 2883 3265 2937 agnosces,
3296 2868 3387 2938 qui
3420 2878 3502 2923 cst

1948 2970 2186 3014 αξιοι-ηυξ
2226 2967 2281 3013 et
2337 2958 2692 3023 immortalis;
2747 2960 2903 3027 cujus
2946 2961 3031 3014 vel
3074 2961 3250 3014 solum
3302 2975 3498 3015 nomen

1949 3049 2394 3119 pronuntiatum,
2456 3049 2539 3101 vel
2591 3064 2726 3103 crus
2776 3050 2938 3103 etiam
2991 3049 3214 3118 figurata
3253 3050 3307 3103 in
3351 3066 3499 3113 aere,

294 3138 421 3204 ἀέρι
451 3136 884 3206 διατυπούμενος
926 3139 1172 3204 φυγάδας
1205 3156 1301 3192 σου
1328 3141 1453 3203 τοὺς
1491 3143 1645 3204 θεοὺς
1677 3144 1845 3213 ἀπερ-
1872 3166 1914 3223 c
1954 3149 1980 3193 ιι

1812 3164 1845 3193 ι·
1872 3166 1914 3223 c
1954 3149 2073 3193 tuos
2105 3140 2237 3191 deos
2263 3139 2425 3190 vertit
2463 3138 2515 3190 in
2545 3137 2743 3207 fugam.
2785 3138 2839 3191 Si
2869 3139 3003 3192 velis
3042 3148 3244 3200 autem.
3296 3138 3383 3192 vel
3431 3153 3498 3191 es

291 3227 542 3293 γάζεται,
563 3227 626 3279 Ei
646 3228 699 3279 δὲ
724 3227 923 3295 βούλει,
947 3229 1042 3280 καὶ
1083 3232 1323 3298 φανερὰν
1349 3232 1453 3285 ἀπὸ
1477 3232 1571 3301 τῆς
1588 3233 1844 3302 ἀληθείας

294 3318 398 3386 τὴν
428 3318 702 3384 ἀπόδειξιν
729 3320 1094 3387 ποιησόμεθα.

364 3403 434 3460 Ζ’.
482 3407 857 3470 ’Υποπτεύσας
888 3408 1075 3460 τοίνυν
1124 3410 1152 3461 6
1199 3410 1454 3479 βασιλεὺς
1491 3415 1590 3482 τὴν
1631 3417 1845 3469 ἑλευοεο

296 3499 418 3569 ρίαν
446 3502 543 3566 τῆς
574 3499 853 3569 μάρτυρος
885 3501 956 3569 μὴ
991 3504 1220 3571 περιστῇ
1252 3504 1519 3558 πάντοθεν
1551 3507 1710 3561 αὐτὸν
1752 3510 1847 3561 καὶ

292 3590 540 3659 κατάσχῃ
583 3592 702 3654 ταῖς
754 3591 1118 3656 ἀποδείξεσιν,
1168 3594 1330 3657 αὐτὸς
1360 3595 1416 3647 δι
1444 3596 1843 3666 ἀποκρίνασθαι

291 3678 388 3733 καὶ
418 3677 821 3751 ἀνθυποφέρειν
846 3682 947 3733 οὒκ
979 3680 1117 3749 ιχων
1141 3683 1330 3736 ἑαυτόν
1354 3700 1414 3736 τε
1447 3686 1696 3756 φανερῶς
1750 3688 1845 3741 καὶ

290 3772 418 3832 τοὺς
450 3772 686 3833 οἰκείους
716 3771 946 3843 αίσχύνῃ
981 3774 1155 3837 θεοὺς,
1182 3777 1505 3847 δκείνοςμὶν
1534 3779 1655 3831 οὐδὲ
1677 3780 1842 3849 ψιλὴν

289 3862 390 3927 τὴν
422 3861 690 3928 ἀκρόασιν
738 3864 1116 3933 καταδέχεται,
1170 3866 1689 3937 Προσποιησάμενος
1742 3872 1837 3923 ἀν-

292 3950 445 4015 άξιον
469 3948 613 4004 εἶναι
641 3956 858 4019 γυναικὶ
900 3955 1239 4022 διαλέγεσθαι
1280 3960 1748 4029 προσαχθήσονται
1786 3965 1843 4016 δέ

292 4056 375 4091 σοι
408 4042 537 4109 παρ’
571 4043 705 4111 ὶμοῦ
734 4044 984 4112 ῥήτορες,
1012 4040 1134 4098 εῐπε
1158 4087 1173 4111 ,
1198 4046 1376 4100 πάντα
1415 4066 1509 4100 σου
1545 4051 1705 4118 λόγον
1747 4052 1842 4105 καὶ

291 4132 561 4200 πρότασιν
600 4136 740 4199 μετά
793 4135 996 4204 πολλῆς
1034 4137 1134 4205 τῆς
1169 4140 1487 4207 περιουσίας
1540 4142 1843 4198 ἀνασκευά-

291 4224 497 4287 ζοντες.
532 4224 700 4288 ὅπως,
739 4225 988 4293 ἀκριϐῶς
1022 4228 1113 4280 καὶ
1148 4230 1287 4299 αὐτὴ
1319 4232 1712 4301 καταμαθοῦσα
1744 4240 1842 4303 τὴν

288 4312 395 4366 τῶν
462 4314 690 4367 οἰκείων
742 4316 1143 4385 προϐλημάτων
1190 4321 1506 4386 ἀσθένειαν,
1578 4324 1713 4392 πρὸς
1781 4326 1839 4377 τδ

293 4403 573 4473 συμφέρον
643 4404 957 4476 exosum;
1023 4411 1117 4461 καὶ
1166 4410 1243 4480 τῷ
1291 4413 1543 4482 ἡμετέρῳ
1615 4415 1841 4483 πεισθῇς

1951 3233 2062 3300 ipsa
2096 3231 2321 3284 veritate
2368 3238 2607 3297 apertam
2647 3228 2908 3283 faciamus
2953 3228 3494 3284 demonstrationem.

2019 3411 2131 3466 VII.
2168 3410 2300 3465 Cum
2340 3410 2522 3477 itaque
2572 3406 2884 3475 imperatori
2930 3418 3178 3477 suspecta
3215 3406 3404 3461 fuisset
3433 3408 3498 3460 li-

1950 3503 2137 3557 bertas
2181 3503 2468 3570 martyris,
2522 3502 2846 3566 timeret-que
2890 3514 2956 3553 ne
3003 3513 3059 3552 se
3098 3497 3334 3566 undique
3386 3498 3495 3549 cir-

1949 3595 2308 3654 cumsisteret,
2341 3600 2391 3645 et
2438 3588 3345 3657 implicaretdemonstrationibus,
3382 3588 3496 3655 ipse

1949 3696 2129 3739 autem
2180 3698 2286 3737 non
2336 3691 2519 3750 posset
2568 3679 2898 3749 respondere
2928 3686 2984 3733 et
3014 3678 3289 3741 resistere,
3328 3694 3495 3745 seque

1948 3786 2004 3831 et
2039 3791 2168 3829 suos
2200 3774 2333 3827 deos
2381 3781 2567 3840 aperto
2622 3771 2890 3825 dedecore
2935 3768 3192 3831 adiceret.
3238 3769 3351 3839 ipse
3379 3770 3495 3837 qui-

1949 3870 2071 3924 dem
2103 3882 2201 3921 nec
2236 3881 2353 3919 eam
2392 3874 2599 3918 tantum
2630 3862 2819 3917 audire
2865 3864 3114 3922 sustinet.
3148 3876 3260 3929 pra:
3308 3875 3365 3915 se
3412 3863 3492 3913 l'e-

1922 3976 2073 4013 'rens
2105 3974 2209 4011 non
2243 3957 2458 4017 decere,
2490 3963 2549 4007 ut
2576 3968 2698 4007 cum
2725 3953 2925 4006 femina
2956 3951 3252 4005 dissereret
3285 3968 3297 4004 ε
3324 3949 3401 4003 Διί
3443 3959 3494 4004 te

1914 4060 2127 4107 autem
2157 4090 2170 4106 .
2214 4046 2433 4113 inquit,
2480 4059 2510 4097 a
2559 4058 2645 4097 me
2700 4042 3040 4096 adducentur
3086 4050 3349 4104 oratores.
3399 4040 3493 4109 qui

1948 4152 2139 4193 omnes
2168 4147 2287 4191 tuas
2311 4136 2554 4191 rationes
2594 4142 2649 4187 et
2679 4131 3078 4201 propositiones
3107 4130 3325 4184 abunde
3364 4144 3495 4183 con-

1944 4226 2243 4281 futabunt:
2290 4233 2349 4278 ut
2396 4238 2517 4277 cum
2584 4230 2639 4273 tu
2694 4234 2914 4288 quoque
2960 4217 3177 4273 abunde
3233 4217 3495 4272 didiceris

1948 4330 2166 4375 tuorum
2198 4320 2508 4386 dogmatum
2558 4313 2980 4367 imbecillitatem
3006 4352 3021 4377 ,
3066 4312 3296 4380 aspicias
3331 4311 3398 4364 ad
3439 4309 3491 4363 id

1944 4412 2088 4481 quod
2136 4421 2217 4463 cst
2266 4410 2419 4471 utile,
2473 4417 2527 4460 et
2575 4416 2759 4458 nostro
2808 4419 2999 4473 pareas
3048 4403 3307 4472 dogmati.
3369 4402 3493 4457 Haec

290 4490 543 4560 δόγματι.
588 4492 774 4546 Ταῦτα
807 4488 925 4546 εἷπε
949 4535 964 4561 ,
1002 4497 1095 4549 καὶ
1269 4479 1367 4569 μεν
1398 4479 1559 4567 ἁγίαν
1594 4502 1695 4555 ὑπὸ
1742 4479 1841 4570 φυ-
1872 4479 1973 4556 Dd

1802 4479 1841 4555 i-
1872 4479 1914 4533 D
1942 4479 2111 4562 dixit,
2142 4509 2194 4552 et
2230 4508 2470 4552 sanctam
2520 4497 2737 4565 quidem
2782 4494 2937 4562 jubet
2973 4495 3179 4547 servari
3215 4494 3268 4547 in
3301 4502 3488 4546 custo-

294 4581 434 4651 λακῆ
493 4582 780 4651 τηρεῖσθαι
836 4588 1204 4654 προστάττει“,
1250 4591 1410 4653 αὐτὸς
1472 4592 1527 4644 δὲ
1582 4593 1654 4655 ὠς
1700 4592 1842 4663 εἶχεν

288 4670 469 4736 εὐθὺς,
509 4674 785 4742 ἐκτίθησιν
833 4678 1115 4750 ἐπιστολὴν
1166 4680 1393 4749 Ιχουσαν
1421 4684 1589 4746 οὕτως
1626 4703 1637 4715 ’
1677 4686 1840 4738 Βασι-

288 4762 413 4825 λεὺς
454 4765 775 4830 Μαξέντιος,
823 4772 958 4821 πᾶσι
1017 4774 1133 4833 τοίς
1163 4772 1267 4823 ὑπὸ
1298 4775 1396 4840 τὴν
1425 4776 1561 4843 ἐμὴν
1592 4777 1841 4839 ἐξουσίαν

287 4855 519 4923 χαίρειν.
574 4856 726 4909 Ὅσοι
779 4857 871 4910 τοῦ
939 4863 1247 4927 σοφωτάτου
1301 4863 1439 4915 θεῶν
1500 4865 1698 4932 Ἑρμοῦ
1745 4870 1841 4937 τῆς

288 4947 542 5013 προνοίας
578 4948 815 5017 ἐτύχετε,
887 4953 985 5011 τὰς
1013 4952 1192 5014 αἰτίας
1226 4953 1325 5022 τῆς
1363 4955 1615 5021 γνώσεως
1649 4961 1847 5012 ἐπικαι,

284 5036 575 5106 λεσάμενοι
626 5038 851 5104 μούσας,
898 5040 1080 5093 ιλθετε
1138 5043 1327 5112 μέχρις
1374 5047 1550 5115 ἡμῶν,
1584 5049 1641 5100 τὸ
1672 5027 1856 5116 φανὲν.

281 5129 415 5195 ἡμῖν
448 5129 509 5179 ἔκ
534 5145 675 5189 τινος
699 5129 774 5192 ὡς
805 5130 947 5182 ἔοικε
985 5134 1231 5201 μηχανῆς
1285 5137 1591 5201 σοφώτατον
1619 5141 1835 5206 γύναιον

283 5217 482 5271 θᾶττον
511 5221 980 5289 ἑπιστομίσοντες,
1014 5224 1086 5292 μὴ
1118 5225 1242 5285 τοὺς
1278 5227 1544 5293 μεγάλους
1591 5230 1838 5296 διαχλευ-

282 5309 437 5373 άζειν
474 5310 652 5375 θεοὺς,
695 5311 828 5380 μηδὲ
860 5313 1062 5380 μύθους
1093 5317 1159 5368 τά
1199 5317 1324 5384 περὶ
1356 5318 1534 5371 αὐτῶν
1562 5321 1833 5387 ἡγεῖσθαι,

281 5401 390 5454 ῠπδ
443 5402 653 5471 πιθανῷ
696 5404 773 5473 τῷ
816 5404 1002 5472 ψεύδει
1043 5407 1500 5476 καλυπτομένους.
1544 5413 1697 5464 Οὖτω
1728 5415 1833 5485 γάρ

281 5493 347 5545 ἂν
376 5495 475 5560 τήν
506 5510 563 5544 τε
594 5496 825 5563 πάτριον
861 5496 1014 5565 ὑμῶν
1056 5498 1249 5565 σοφίαν
1295 5500 1491 5561 πάντες
1522 5502 1830 5572 θαυμάσον-

276 5598 387 5639 ται,
427 5586 516 5635 καὶ
556 5586 713 5652 ἡμεῖς
755 5586 849 5656 τὴν
892 5572 1161 5657 ὑμετέραν
1196 5589 1319 5659 περὶ
1363 5590 1423 5642 τὸ
1462 5590 1635 5660 λέγειν
1669 5594 1829 5648 δύνα-

398 5766 542 5817 ¹1.ιι.
584 5782 724 5826 xxix,
766 5768 845 5819 N.

1937 4600 2063 4654 dia:
2099 4599 2209 4665 ipsc
2259 4604 2436 4648 autem
2481 4594 2659 4646 statim
2700 4590 2898 4645 emittit
2942 4587 3223 4659 epistolam
3271 4586 3323 4638 in
3376 4583 3488 4637 inec

1937 4692 2098 4743 verba
2135 4708 2146 4741 :
2180 4688 2478 4754 imperator
2506 4683 2808 4737 Maxentius
2854 4679 2873 4752 [
2902 4675 3256 4746 Maximinus]
3308 4674 3485 4728 omni-

1938 4781 2058 4840 bus,
2110 4780 2200 4848 qui
2247 4785 2371 4831 sunt
2421 4790 2551 4828 mea:
2596 4772 2822 4826 ditionis
2868 4769 3117 4824 salutem.
3165 4767 3487 4832 Quicunque

1936 4872 2160 4926 deorum
2249 4864 2633 4934 sapientissimi
2712 4859 2963 4914 Mercurii
3025 4869 3212 4911 curam
3259 4853 3484 4921 geritis,

1940 4962 2204 5017 invocatis
2239 4958 2421 5019 Musis,
2449 4970 2567 5023 quae
2612 4961 2738 5006 sunt
2780 4964 2960 5005 causa
3010 4946 3359 5017 cognitionis,
3391 4958 3487 4995 ve-

1941 5054 2052 5106 nite
2101 5051 2164 5104 ad
2221 5064 2318 5102 nos
2364 5060 2572 5113 usque,
2632 5040 3044 5111 sapientissime
3094 5033 3428 5089 muliercula:
3466 5069 3483 5094 ,

1938 5158 2057 5212 qua:
2101 5143 2255 5193 nobis
2314 5137 2477 5192 veluti
2517 5152 2582 5190 ex
2636 5135 2864 5204 quadam
2906 5130 3155 5183 machina
3203 5125 3481 5195 apparuit,

1931 5251 1993 5289 os
2015 5232 2368 5291 obsructuri,
2393 5244 2459 5282 ne
2496 5242 2716 5295 magnos
2746 5224 2879 5277 deos
2911 5222 3151 5280 irrideat,
3184 5224 3360 5284 neque
3401 5218 3480 5269 fa-

1930 5326 2083 5378 bulas
2111 5337 2228 5375 cssc
2276 5329 2447 5389 putet,
2497 5333 2616 5385 qum
2664 5315 2765 5369 sub
2816 5314 2951 5367 falso
2986 5320 3243 5381 teguntur
3277 5308 3476 5376 proba.

1931 5415 2045 5468 bili.
2093 5413 2181 5465 Sic
2208 5411 2351 5463 enim
2383 5419 2435 5462 «ιι
2464 5408 2692 5476 patriam
2721 5404 3039 5473 sapientiam
3070 5414 3262 5455 omnes
3305 5396 3480 5451 admi-

1929 5505 2216 5563 rabuntur,
2263 5511 2317 5554 et
2371 5513 2466 5550 nos
2512 5508 2744 5550 vestram
2805 5492 3021 5547 dicendi
3067 5490 3373 5543 facultatem
3422 5495 3476 5539 et

1928 5602 2099 5648 artem
2173 5588 2489 5650 laudantes,
2555 5597 2609 5639 et
2672 5592 2947 5651 acceptam
3030 5579 3322 5638 habentes,
3381 5589 3478 5626 vos
