4270 6428
740 324 845 385 283

1969 314 2252 375 MENSIS
2294 313 2724 374 NOVEMBER.

3848 302 3960 367 284

741 433 948 502 magnis
995 429 1156 482 donis
1210 423 1701 482 remunerahimus.
1748 422 1882 477 Cum
1926 439 2005 477 ea:
2042 439 2171 492 ergo
2207 424 2294 476 lit-
2321 423 2427 491 Ap

2273 453 2294 463 -
2321 423 2373 481 Α
2404 439 2496 491 μιν
2524 421 2617 473 καὶ
2645 420 2839 490 τέχνην
2864 416 3253 486 ἀποδεξάμενοι
3274 419 3532 490 μεγάλαις
3560 418 3701 488 ὑμᾶς
3725 419 3959 489 δωρεαῖς

743 536 869 577 terre
902 522 1047 576 brevi
1075 537 1167 591 per
1195 530 1363 573 totum
1391 533 1551 572 suum
1582 517 1951 586 pervasissent
1984 518 2293 585 imperium,

742 626 1113 672 convenerunt
1144 615 1209 669 atl
1244 616 1421 682 ipsum
1450 613 1611 666 electi
1643 626 1873 665 numero
1905 611 2296 680 quinquaginta

744 718 1022 770 oratores,
1060 707 1151 774 qui
1196 714 1351 757 erant
1425 717 1581 756 acres
1637 703 1700 754 ad
1776 700 2198 760 inveniendum,
2248 711 2302 755 et

746 800 973 849 multum
1008 797 1255 848 valebant
1307 793 1358 845 in
1415 793 1669 846 dicendo.
1716 795 2005 856 Quosrum
2059 791 2302 859 proxime

747 886 1020 941 sistendos
1073 894 1316 940 curasset
1373 884 1676 938 Maxentius
1741 882 2176 953 [Maximinus],
2246 893 2306 936 ut

751 978 1112 1031 familiaritate
1146 991 1240 1030 eos
1273 976 1441 1045 magis
1467 985 1685 1028 acueret
1714 986 1768 1029 et
1800 975 2057 1029 incitaret
2096 994 2107 1028 :
2134 975 2264 1038 Qntc
2290 1014 2305 1036 ,

753 1068 947 1135 inquit,
980 1082 1010 1120 a
1055 1068 1211 1120 nobis
1251 1067 1316 1120 ad
1362 1081 1456 1118 vos
1487 1065 1664 1118 inissm
1698 1075 1826 1118 sunt
1873 1066 2088 1125 litterae,
2138 1064 2308 1133 signi-

752 1156 987 1209 ticaruut
1036 1172 1251 1209 causam
1299 1157 1482 1209 vestri-
1516 1157 1624 1209 huc
1673 1156 1957 1209 adventus.
2004 1156 2111 1209 Vos
2180 1171 2310 1225 ergo

751 1247 983 1314 pulchre
1013 1247 1260 1313 vosipsos
1320 1248 1524 1314 parelis
1550 1254 1601 1298 et
1631 1246 1933 1299 instruatis.
1960 1246 2144 1312 Neque
2166 1246 2311 1314 quod

754 1337 824 1388 sit
872 1335 1180 1387 adversaria
1231 1334 1471 1395 femina,
1532 1336 1752 1402 segnius
1807 1346 1900 1387 aut
1951 1337 2314 1403 negligentius

757 1426 990 1479 veniatis
1024 1427 1088 1478 ad
1126 1438 1436 1490 certamen,
1471 1426 1563 1479 sed
1601 1436 1856 1493 tanquam
1893 1437 2081 1478 contra
2132 1428 2314 1479 furtis-

760 1517 959 1569 simum
1011 1517 1405 1577 adversarium.
1452 1531 1719 1581 generoso
1761 1526 1815 1569 et
1853 1518 2069 1569 excelso
2111 1517 2314 1580 animo,

754 1618 961 1661 etcum
996 1610 1144 1661 οιιιιιί
1186 1621 1448 1678 apparatu
1498 1611 1549 1661 in
1587 1625 1704 1662 eam
1746 1608 2054 1675 insurgatis.
2096 1608 2227 1661 Nam
2276 1609 2317 1661 si

760 1698 1008 1749 ticcritis
1038 1698 1290 1765 quidem,
1344 1715 1447 1749 nun
1487 1699 1808 1751 videbimini
1862 1698 2050 1750 multis
2096 1715 2315 1767 parvum

761 1788 1001 1839 erexisse
1053 1797 1332 1855 tropreum.
1417 1788 1509 1841 Siti
1564 1799 1781 1855 autem,
1820 1791 1961 1859 quod
2014 1791 2188 1851 absit,
2226 1806 2318 1844 vos

767 1877 909 1928 \iuri
945 1879 1269 1947 contigerit,
1314 1894 1564 1947 maguum
1597 1879 1837 1933 dedecus
1887 1880 2041 1933 vobis
2068 1881 2319 1933 consilia-

768 1967 917 2030 bitis,
949 1978 1004 2020 et
1034 1969 1345 2022 ridebimini
1381 1972 1448 2023 ab
1488 1971 1762 2023 omnibus.
1808 1973 2148 2039 Aspieienles
2176 1974 2318 2025 enim

766 2061 832 2110 ad
868 2076 1076 2120 sexum,
1107 2061 1249 2128 quod
1311 2062 1381 2115 sit
1430 2063 1646 2123 mulier,
1678 2077 1797 2114 eam
1841 2078 1961 2116 esse
2009 2065 2324 2119 existimant

772 2152 823 2201 iu
860 2149 1093 2203 dicendo
1126 2151 1483 2215 imbecillam,
1516 2163 1569 2205 et
1613 2153 1729 2220 ejus
1773 2153 2101 2220 eloquentia:
2148 2154 2325 2205 nullas

770 2257 893 2293 esse
931 2243 1072 2295 vires
1126 2243 1479 2302 arbitrantur,
1534 2258 1765 2309 eamque
1830 2245 1965 2295 nihil
2002 2260 2324 2311 generosum

774 2348 834 2383 ar
869 2332 1004 2383 forte
1043 2346 1199 2398 posse
1235 2342 1329 2383 aut
1362 2331 1560 2392 facere,
1597 2342 1689 2383 aut
1724 2330 1928 2384 dicere.
1957 2332 2067 2401 Ego
2122 2341 2326 2396 autem,

779 2431 835 2474 ut
866 2422 959 2488 qui
989 2422 1105 2489 ejus
1136 2429 1443 2474 accuratam
1492 2422 1720 2474 habeam
1765 2423 2179 2490 experientiam,
2210 2425 2330 2491 opi-

784 2528 883 2564 nor
915 2513 981 2564 ab
1015 2527 1075 2564 ca
1110 2512 1413 2564 secundum
1444 2511 1687 2564 futurqu
1740 2511 2038 2575 Platonem,
2072 2514 2163 2581 qui
2214 2513 2334 2565 tulit

782 2603 984 2668 primas
1036 2612 1217 2669 partes
1272 2601 1570 2668 sapientim.
1614 2601 1824 2667 Vosque
1871 2602 1949 2655 sic
1999 2602 2157 2654 velim
2215 2617 2335 2657 esse

782 2700 1018 2759 paratos,
1052 2689 1275 2759 perinde
1309 2706 1371 2743 ac
1403 2689 1446 2743 si
1478 2689 1742 2744 adversus
1768 2690 1919 2745 illum
1948 2691 2124 2761 ipsum
2148 2693 2337 2750 essetis

783 2782 1135 2835 decertaturi.
1169 2781 1262 2835 Est
1291 2782 1436 2835 enim
1468 2781 1686 2845 melius,
1732 2797 1922 2851 magna
1961 2794 2339 2853 exspectantes

787 2874 1033 2927 invenire
1067 2873 1296 2935 minora,
1336 2887 1497 2941 quam
1534 2889 1698 2940 parva
1747 2881 2048 2941 sperantes,
2098 2874 2341 2929 incidere

789 2966 841 3017 in
878 2965 1127 3020 fortiora.

2400 511 2767 581 ἀμειψόμεθα.
2818 511 2943 563 Τῶν
2981 510 3325 580 γραμμάτων
3408 512 3588 565 τοίνυν
3634 513 3815 564 πᾶσαν
3856 512 3961 580 τὴν

2401 606 2490 657 ὑπ’
2525 605 2687 657 αὑτὸν
2720 605 2895 674 ἀρχὴν
2931 608 2988 656 ἐν
3040 605 3209 674 ὀλίγῳ
3255 603 3653 673 περιελθόντων
3700 602 3963 671 συνῆλθον

2404 699 2538 768 προς
2585 698 2746 751 αὐτὸν
2790 699 2852 763 ἐξ
2899 698 3164 766 ὲπιλογῆς
3201 698 3292 750 τὸν
3336 697 3568 767 ἀριθμὸν
3625 699 3963 765 πεντήκοντα

2407 792 2655 861 ῥήτορες,
2699 789 2843 852 ὀξεῖς
2895 806 2953 840 τε
3004 789 3191 857 νοῆσαι
3246 792 3339 841 καὶ
3388 791 3559 841 εἰπεῖν
3614 789 3963 841 ἱκανώτατοι.

2408 880 2516 932 Καὶ
2546 879 2774 941 τούτους
2821 880 3106 946 ἐγγυτάτω
3147 881 3643 949 παραστησάμενος
3686 882 3712 931 ό
3748 880 3964 942 Μαξέν-

2408 988 2520 1032 τιος
2574 971 2661 1023 ῖνα
2709 971 2802 1023 καὶ
2847 969 3009 1023 πλέον
3050 970 3340 1042 παραθηξῃ
3365 975 3488 1033 ταῖς
3517 970 3843 1028 οἱκειώσεσι,
3892 972 3969 1023 Τὸ

2410 1063 2544 1131 παρ’
2576 1061 2757 1131 ἡμῶν,
2793 1061 2916 1132 ἔφη,
2950 1061 3186 1131 γράμμα
3218 1061 3466 1130 πεμφθὲν
3498 1064 3633 1130 πρὸς
3679 1063 3821 1129 ὑμᾶς
3849 1061 3972 1130 ἐδή-

2409 1155 2549 1206 λωσε
2579 1155 2676 1223 τὴν
2706 1155 2885 1206 αἰτίαν
2915 1154 3009 1221 τῆς
3040 1153 3269 1205 ἐνταῦθα
3309 1153 3462 1221 ὑμῶν
3490 1154 3747 1221 ἀφίξεως.
3784 1155 3973 1223 Παρα-

2415 1244 2745 1297 σκευάσασθε
2772 1244 2863 1296 οὖν
2903 1242 3157 1313 ἰσχυρῶς,
3204 1244 3296 1295 καὶ
3330 1243 3427 1312 μὴ,
3460 1245 3540 1296 ὅτι
3576 1243 3707 1312 θῆλυ
3736 1243 3795 1294 τὸ
3822 1246 3975 1295 ἀντι-

2420 1337 2752 1405 μαχόμενον,
2787 1337 3084 1407 ἀργότερόν
3126 1352 3241 1397 πως
3285 1338 3363 1395 είς
3401 1335 3492 1387 τὸν
3524 1335 3711 1402 ἀγῶνα
3741 1336 3772 1405 ἦ
3805 1334 3979 1404 ρᾳθυ-

2420 1428 2647 1495 μότερον
2698 1428 3048 1497 ἀπαντὴσητε
3078 1466 3092 1489 ,
3126 1426 3241 1479 ἀλλ’
3271 1428 3344 1488 ὡς
3379 1429 3517 1497 πρὶς
3564 1426 3978 1494 ἀνταγωνιστὴν

2419 1517 2789 1585 ἀνδρειότατον
2832 1517 2974 1569 οὕτω
3020 1518 3281 1583 γενναίως
3314 1518 3411 1569 καὶ
3454 1516 3601 1586 πάσῃ
3650 1519 3977 1583 παρασκευῇ

2419 1609 2763 1677 διαναστητε.
2791 1609 3129 1677 Νικήσαντες
3164 1610 3262 1677 μὲν
3292 1611 3398 1677 γὰρ
3429 1610 3487 1660 οὐ
3515 1608 3669 1677 μέγα
3689 1608 3983 1676 στήσεσθαι

2426 1703 2538 1761 τοῖς
2589 1699 2798 1763 πολλοῖς
2847 1700 3023 1763 δόξετε
3081 1699 3341 1767 τρόπαιον
3372 1698 3509 1750 εἰδὲ
3561 1700 3650 1749 καὶ
3680 1700 3984 1768 ἡττηθῆναι

2422 1793 2563 1860 ὑμᾶς
2587 1792 2788 1861 συμϐῇ,
2815 1792 2948 1860 ὅπερ
2983 1791 3315 1859 ἀπεύχομαι,
3348 1791 3590 1859 μεγάλην
3632 1790 3698 1842 ἂν
3720 1790 3984 1857 αἰσχύνην

2422 1885 2553 1935 πᾶσι
2613 1885 2706 1935 καὶ
2741 1884 2951 1951 γέλωτα
3013 1883 3224 1951 όφλοιτε
3260 1897 3277 1915 ο
3322 1882 3462 1951 πρὸς
3513 1882 3621 1950 γὰρ
3674 1883 3771 1950 τὴν
3823 1882 3987 1947 φύσιν

2421 1974 2654 2043 ὁρῶντες
2712 1977 2792 2028 ὅτι
2848 1976 3006 2045 γυνὴ,
3056 1975 3256 2043 ἀσθενῆ
3320 1976 3413 2026 καὶ
3478 1974 3565 2025 τὸν
3613 1974 3769 2040 λόγον
3814 1974 3986 2039 αὖτῆς

2428 2068 2873 2137 ὑπολαμϐάνουσι
2924 2069 3017 2120 καὶ
3063 2067 3163 2137 τὴν
3216 2067 3369 2136 ἰσχὺν
3414 2062 3593 2129 εἶναι,
3626 2065 3715 2116 καὶ
3742 2066 3892 2117 οὐδὲν
3928 2064 3989 2117 ἂν

2428 2163 2676 2226 γενναῖον
2727 2161 2899 2226 αὐτὴν
2956 2159 3075 2211 οὐδὲ
3124 2158 3377 2226 ἀνδρικὸν
3418 2156 3539 2208 οὕτε
3573 2156 3780 2223 πρᾶξαί
3836 2173 3990 2218 ποτε,

2425 2248 2555 2300 οὔτε
2588 2250 2763 2301 εἰπεῖν
2805 2248 3119 2318 δυνηθῆναι.
3165 2246 3307 2314 Ἐγὼ
3347 2248 3401 2299 δὲ
3437 2247 3509 2308 ὡς
3556 2247 3755 2314 ἀκριϐῆ
3797 2248 3991 2314 πεῖραν

2430 2340 2598 2409 αὐτῆς
2624 2340 2895 2409 ἐσχηκὼς,
2930 2341 3024 2392 καί
3053 2339 3214 2392 αὑτὸν
3242 2338 3305 2391 ἄν
3336 2355 3424 2407 μοι
3454 2338 3594 2390 δοκῶ
3626 2339 3692 2390 τὰ
3716 2337 3993 2405 δευτερεῖα

2429 2432 2633 2500 ταύτης
2672 2431 2815 2500 ἔχειν
2862 2431 2953 2482 τὸν
3006 2431 3075 2483 τὰ
3102 2430 3291 2499 πρῶτα
3315 2431 3412 2493 τῆς
3444 2430 3636 2495 σοφίας
3682 2430 3993 2495 ἀπενεγκάο

2436 2538 2596 2591 μενον
2630 2522 2912 2587 Πλάτωνα,
2948 2521 3039 2573 καὶ
3079 2520 3225 2588 ὑμᾶς
3272 2518 3463 2587 ὥσπερ
3496 2518 3562 2570 ἂν
3594 2519 3641 2569 εἰ
3670 2517 3804 2586 πρὸς
3834 2517 3996 2569 αὑτὸν

2433 2612 2639 2662 ἐκεῖνον
2669 2609 2810 2662 οὕτω
2841 2608 3362 2679 παρασκευάζεσθαι
3395 2607 3539 2673 ἀξιῶ
3578 2623 3591 2637 ⁸
3632 2607 3842 2677 βέλτιον
3886 2610 3993 2675 γὰρ

2440 2702 2655 2773 μεγάλα
2706 2700 3127 2770 προσδοκῶντας
3180 2699 3441 2752 ἐλάττονα
3500 2701 3703 2770 εὑρεῖν,
3757 2701 3790 2768 ἢ
3828 2703 3999 2770 μικρά

2440 2793 2767 2856 ἐλπίσαντας
2803 2792 3170 2861 ἰσχυροτέροις
3203 2792 3541 2859 περιπεσεῖν.

2993 2928 3003 2999 ιν

861 3056 990 3111 Vlll.
1025 3056 1104 3110 Ad
1136 3057 1249 3110 hzcc
1282 3056 1419 3111 dixit
1450 3070 1592 3111 unus
1626 3073 1692 3112 ex
1720 3057 2055 3123 oratoribus,
2090 3057 2182 3126 qui
2225 3068 2343 3113 erat
2371 3082 2416 3140 α
2518 3059 2547 3111 E

2324 3068 2343 3113 t
2371 3082 2416 3140 α
2518 3059 2598 3111 Η’.
2640 3058 2780 3127 Πρὸς
2812 3055 2983 3110 ταῦτα
3011 3050 3088 3119 εἷς
3122 3056 3233 3109 τῶν
3268 3056 3511 3126 ρητόρων
3544 3057 3571 3109 ό
3602 3055 3711 3110 τῶν
3739 3057 3835 3110 σὺν
3859 3058 4003 3127 αὐτῷ

788 3147 1023 3202 eximius
1074 3148 1217 3201 inter
1241 3162 1457 3210 omnes,
1488 3147 1583 3215 qui
1615 3155 1772 3199 erant
1821 3161 1945 3200 cum
1990 3148 2121 3215 ipsis
2153 3163 2168 3201 :
2200 3145 2342 3202 Con-

792 3242 1108 3288 si-ntancum
1161 3243 1264 3297 est,
1295 3250 1328 3288 ο
1361 3235 1685 3304 imperator,
1744 3233 1857 3288 hmc
1899 3234 1974 3289 ita
2018 3250 2076 3289 se
2121 3234 2342 3300 habere,

794 3334 848 3378 et
896 3326 1280 3391 intelligentem
1312 3340 1433 3378 esse
1483 3326 1801 3390 mulierem,
1835 3336 1891 3379 et
1923 3326 2067 3379 acuti
2121 3326 2343 3396 ingenii.

799 3418 903 3472 Sed
943 3434 1049 3471 non
1077 3419 1292 3473 videtur
1322 3417 1455 3471 mihi
1504 3416 1639 3480 fore,
1671 3426 1731 3470 ut
1764 3417 2030 3471 sustineat
2063 3419 2249 3472 venire
2292 3418 2347 3471 in

800 3517 1150 3577 conspectum
1174 3509 1428 3573 oratoris,
1465 3523 1530 3563 nc
1555 3508 1682 3561 dum
1720 3516 1778 3561 ut
1810 3523 1933 3562 cum
1954 3522 2020 3561 eo
2050 3507 2195 3562 ineat
2225 3522 2344 3563 cer-

802 3610 981 3654 tamen
1014 3600 1420 3670 disputationis,
1454 3609 1509 3655 et
1539 3608 1635 3653 aut
1674 3599 1879 3668 aliquid
1922 3610 2213 3669 proponat,
2258 3608 2352 3654 aut

801 3699 1055 3759 apponat.
1085 3689 1224 3756 Quid
1269 3699 1353 3744 est
1382 3690 1530 3745 enim
1562 3690 1758 3743 mulier
1785 3689 1853 3743 ad
1899 3698 2071 3743 artem
2122 3690 2355 3743 rhetori-

800 3793 918 3831 cam
941 3778 965 3830 ?
989 3777 1179 3833 Veniat
1219 3788 1400 3833 tamen
1432 3778 1610 3831 solum
1636 3819 1649 3843 ,
1677 3788 1729 3831 te
1758 3777 1986 3845 juhente
2006 3818 2023 3842 ,
2052 3785 2106 3832 et
2143 3779 2354 3833 videbis

803 3886 925 3938 qua:
955 3870 1211 3939 deinceps
1258 3878 1688 3938 consequuntur.
1736 3868 1874 3924 Cum
1907 3884 2037 3939 ergo
2084 3880 2352 3923 oratorem

804 3962 940 4014 adeo
974 3961 1240 4015 tumidum
1268 3960 1495 4015 vidisset
1518 3960 1821 4015 Maxentius
1849 3959 2259 4032 [Maximinus],
2287 3961 2354 4015 ad

808 4051 1138 4119 voluptatem
1170 4062 1225 4106 et
1249 4050 1491 4104 laetitiam
1518 4052 1698 4105 statim
1731 4050 1837 4105 fuit
1866 4065 2199 4117 conversus,
2230 4066 2356 4120 spe-

808 4157 936 4195 rans
974 4142 1175 4196 stultus
1212 4141 1451 4211 linguam
1486 4141 1624 4196 adeo
1656 4141 2111 4209 intemperantem
2156 4150 2212 4196 et
2258 4157 2358 4196 au-

807 4232 997 4286 dacem
1048 4228 1427 4301 persuasuram
1474 4232 1672 4301 linguas
1722 4232 2015 4285 moderata:
2070 4240 2125 4285 et
2191 4234 2360 4300 plena

808 4322 1093 4391 sapientia.
1122 4321 1284 4376 Jubet
1311 4337 1441 4390 ergo
1478 4328 1604 4375 ante
1638 4335 1697 4374 se
1734 4320 1855 4375 sisti
1888 4330 2201 4391 martyrem.
2235 4320 2359 4375 Col-

2454 3150 2677 3203 πάντων
2736 3147 3143 3217 διαφορώτατος
3203 3143 3377 3203 εἶπεν.
3428 3148 3585 3210 Εἰκὸς
3631 3148 3775 3201 οὕτω
3834 3149 4003 3201 ταῦτα

2450 3240 2614 3308 ἔχειν,
2647 3233 2691 3292 ὦ
2728 3238 2973 3308 βασιλεῦ,
3009 3240 3104 3309 καὶ
3134 3240 3358 3307 συνετήν
3382 3256 3503 3292 τινα
3528 3238 3625 3308 τὴν
3654 3242 3886 3305 γυναῖκα
3913 3241 4008 3293 καὶ

2448 3331 2699 3399 ἀγχίνουν
2739 3325 2899 3383 εἶναι.
2948 3329 3089 3382 Ἀλλ’
3134 3331 3194 3382 οὐ
3217 3330 3365 3382 δοκεῖ
3404 3347 3495 3399 μοι
3523 3331 3664 3383 κατά
3712 3333 4004 3402 πρόσωπον

2451 3423 2674 3491 ῥήτορος
2733 3420 2899 3490 αὐτὴν
2946 3420 3121 3473 ἐλθεῖν
3179 3420 3500 3489 ὑπομείναι,
3547 3412 3622 3492 μὴ
3666 3422 3749 3475 ὅτι
3793 3440 3858 3490 γε
3907 3424 4001 3475 καὶ

2449 3510 2606 3578 λόγον
2644 3510 2897 3577 συνᾶραι,
2931 3509 3027 3562 καὶ
3056 3511 3134 3571 είς
3162 3510 3456 3580 προτάσεις
3490 3510 3638 3580 αὐτῷ
3666 3510 3758 3564 καὶ
3792 3512 4005 3565 ἀντιθέ-

2455 3617 2567 3663 σεις
2627 3601 2907 3670 χωρῆσαι.
2966 3601 3031 3654 Τί
3069 3601 3176 3670 γάρ
3231 3602 3348 3653 ἐστι
3408 3601 3544 3671 γυνὴ
3609 3603 3747 3672 πρὸς
3809 3604 4008 3673 τέχνην

2456 3691 2769 3762 ῥητορικήν
2800 3707 2815 3755 ;
2852 3692 3037 3760 Ὅμως
3055 3690 3253 3745 ἐλθέτω
3288 3692 3447 3761 μόνον
3489 3690 3584 3745 σοῦ
3634 3693 4010 3758 κελεύσαντος,

2454 3781 2549 3833 καὶ
2589 3781 2711 3849 seu
2742 3780 2812 3833 τὰ
2865 3782 2959 3833 ἐπὶ
3004 3781 3235 3844 τούτοις.
3280 3782 3383 3834 Τὸν
3420 3784 3631 3851 ῥήτορα
3662 3783 3842 3836 τοίνυν
3870 3784 4011 3836 οὕτω

2458 3871 2674 3942 μεγάλα
2724 3871 2983 3939 φυσῶντα
3030 3871 3154 3925 ίδὼν
3186 3872 3215 3923 ό
3261 3871 3579 3937 Μαξέντιος,
3636 3873 3773 3943 πρὸς
3816 3874 4010 3944 ἡδονὴν

2458 3964 2620 4026 εὐθὺς
2671 3964 2761 4017 καὶ
2833 3961 3170 4033 φαιδρότητα
3227 3963 3634 4032 μετεϐάλλετο,
3693 3965 3924 4028 ἑλπίσας
3984 3968 4012 4019 ό

2461 4052 2686 4121 μάταιος
2749 4050 3051 4104 ἀκόλαστον
3101 4051 3243 4103 οὓτω
3297 4052 3390 4103 καὶ
3445 4052 3703 4121 θρασεῖαν
3768 4054 4014 4120 γλῶτταν

2464 4139 2686 4208 επιεικῆ
2749 4139 2842 4192 καὶ
2902 4139 3225 4208 φιλοσοφίας
3278 4139 3556 4207 γέμουσαν
3596 4141 3781 4192 πεῖσαι
3813 4140 4011 4209 ψυχήν.

2460 4230 2812 4300 Παραστῆναι
2842 4230 3021 4283 τοίνυν
3074 4229 3223 4297 αύτῷ
3272 4228 3484 4282 κελεύει
3537 4228 3636 4299 τὴν
3694 4231 4004 4298 μακαρίαν,

2465 4317 2776 4369 συνείλκετο
2838 4314 2895 4368 δὲ
2942 4316 3038 4368 καὶ
3094 4314 3297 4385 πλῆθος
3345 4314 3541 4383 ἁθρόον
3592 4317 3673 4377 είς
3733 4316 3863 4369 θέαν
3917 4316 4011 4369 τοῦ

809 4414 947 4466 lecta
979 4427 1196 4482 quoque
1245 4414 1422 4468 fuerat
1464 4413 1720 4481 frequens
1754 4412 2048 4467 multitudo
2068 4452 2083 4478 ,
2130 4426 2365 4468 concur-
2394 4407 2438 4463 D
2465 4407 2495 4461 ἀ

2328 4426 2365 4453 ιο
2394 4407 2438 4463 D
2465 4407 2675 4475 ἀγῶνος
2703 4405 3118 4475 ἐπιδραμόντες,
3142 4404 3285 4457 ὥστε
3318 4402 3510 4473 μαθεῖν
3540 4404 3804 4473 ὁπότερον
3853 4405 4014 4475 μέρος

812 4519 939 4558 rens
987 4503 1056 4558 ad
1106 4504 1478 4574 spectaculum
1534 4504 1869 4570 certaminis,
1910 4510 1972 4558 ut
2015 4504 2249 4570 scirent,
2295 4519 2360 4559 ex

814 4604 936 4648 utra
981 4604 1135 4663 parte
1193 4604 1360 4650 staret
1405 4595 1659 4660 victoria,
1702 4595 1954 4649 Nondum
2002 4605 2365 4666 pervenerant

814 4687 880 4739 ad
910 4685 1208 4739 custodiam
1251 4686 1322 4749 ii,
1353 4686 1447 4754 qui
1486 4686 1623 4754 jussi
1654 4685 1871 4740 fuerant
1916 4701 2035 4740 eam
2068 4686 2362 4753 adducere,

815 4789 937 4828 cum
964 4774 1188 4842 angelus
1214 4772 1423 4827 Domini
1451 4774 1500 4827 ei
1542 4787 1839 4841 apparens:
1872 4772 1994 4827 Noli
2024 4773 2237 4837 timere,
2267 4773 2364 4840 ait,

818 4862 913 4916 Dei
940 4863 1137 4931 puella.
1170 4862 1309 4915 Ecce
1340 4862 1484 4915 enim
1510 4871 1704 4931 praeter
1732 4869 1880 4914 tuam
1911 4861 2232 4930 sapientiam
2267 4861 2363 4916 tibi

819 4953 1040 5008 dabitur
1072 4968 1099 5007 a
1132 4954 1243 5008 Deo
1271 4954 1534 5022 sapientia
1561 4991 1576 5017 ,
1618 4960 1674 5007 et
1707 4952 2063 5021 persuadebis
2095 4953 2361 5023 quinqua-

819 5045 965 5114 ginta
1015 5043 1345 5098 oratoribus.
1401 5042 1588 5112 Neque
1632 5042 1806 5096 solum
1839 5043 2235 5112 persuadebis,
2270 5043 2364 5098 sed

819 5143 873 5188 et
906 5136 1069 5203 ipsos,
1116 5141 1172 5188 et
1215 5133 1413 5187 multos
1463 5132 1619 5197 alios,
1654 5133 1749 5201 qui
1783 5141 1911 5187 sunt
1954 5147 2078 5187 cum
2134 5132 2251 5197 eis,
2300 5135 2365 5187 ad

821 5225 990 5278 Deum
1034 5225 1290 5280 adduces.
1335 5224 1539 5279 Deinde
1592 5233 1648 5279 tu
1695 5238 1911 5293 quoque
1962 5225 2071 5279 eris
2120 5225 2367 5279 redimita

825 5329 1023 5369 corona
1064 5315 1332 5385 martyrii.
1387 5314 1512 5370 [lac
1550 5314 1639 5369 ille
1668 5313 1887 5384 quidem
1935 5329 2059 5369 cum
2106 5315 2365 5379 dixisset,

824 5403 976 5458 abiit.

897 5492 987 5549 lx.
1034 5492 1170 5548 Cum
1216 5508 1336 5548 eam
1384 5502 1564 5549 autem
1611 5495 1946 5563 accepissent
1978 5491 2055 5557 ii,
2092 5491 2187 5561 qui
2221 5490 2369 5546 missi

826 5586 1062 5648 fuci-aut,
1094 5584 1374 5638 adducunt
1400 5586 1464 5638 ad
1501 5582 1735 5639 tribunal
1770 5583 2133 5653 imperatoris.
2166 5582 2231 5634 Et
2263 5589 2370 5635 sta-

829 5677 921 5729 tim
966 5676 1212 5745 εει-θείω
1260 5676 1347 5731 ille
1395 5687 1612 5744 orator,
1663 5691 1823 5747 quem
1889 5676 2036 5745 prius
2092 5675 2366 5736 diximus,

2463 4498 2560 4568 τὴν
2628 4496 2865 4549 νικῶσαν
2924 4496 3233 4548 ἀποίσεται.
3293 4492 3464 4547 Οθπω
3520 4495 3618 4562 τὴν
3671 4493 3919 4565 φυλακὴν
3970 4499 4017 4547 ei

2463 4588 2691 4655 ἀγαγεῖν
2717 4585 2882 4657 αὐτὴν
2909 4584 3311 4655 ἀπεσταλμένοι
3332 4583 3649 4648 κατέλαϐον,
3671 4584 3767 4636 καὶ
3790 4585 4018 4652 ἄγγελος

2464 4674 2530 4749 ἦν
2565 4679 2701 4748 αὐτῇ
2736 4678 2961 4739 ἐπιστὰς
2990 4676 3105 4743 καὶ,
3143 4676 3234 4744 Μὴ
3280 4674 3467 4745 φοϐοῦ,
3511 4675 3543 4745 ἡ
3588 4676 3714 4737 παῖς
3746 4674 3838 4727 τοῦ
3862 4674 4018 4739 Θεοῦ,

2465 4762 2653 4821 εἶπεν·
2684 4767 2792 4819 ίδοὺ
2840 4767 2949 4836 γὰρ
2998 4764 3282 4834 δοθήσεταί
3329 4780 3412 4816 σοι
3466 4762 3627 4831 σοφία
3668 4764 3761 4815 ἐπὶ
3813 4766 3879 4831 τῇ
3945 4767 4009 4832 σῇ

2470 4859 2630 4928 σοφίᾳ
2690 4859 2843 4927 παρά
2905 4856 3061 4919 Θεοῦ,
3117 4857 3212 4909 καὶ
3244 4856 3459 4919 πείσεις
3508 4854 3633 4917 τοὺς
3687 4857 4017 4919 πεντήκοντα

2468 4952 2721 5018 ῥήτορας.
2787 4949 2862 5001 Ut)
2894 4947 3102 5010 πείσεις
3149 4948 3206 4999 δὲ
3246 4948 3405 5016 μόνον
3457 4947 3669 5012 ἁπλῶς,
3727 4946 3863 4998 ἀλλά
3927 4948 4019 4998 καὶ

2467 5041 2660 5101 αὐτοὺς
2712 5038 2807 5092 καὶ
2858 5036 3084 5100 πολλοὺς
3121 5039 3215 5091 σὺν
3250 5036 3665 5108 αὑτοῖςέτέρους
3726 5035 4018 5105 προσάξεις

2467 5130 2603 5201 Θεῷ.
2640 5127 2772 5184 Εἶτα
2813 5131 2907 5184 καὶ
2937 5131 3072 5199 αὐτῇ
3128 5130 3220 5183 τὸν
3264 5129 3355 5181 τοῦ
3416 5131 3715 5198 μαρτυρίου
3760 5129 4019 5196 στέφανον

2470 5219 2749 5288 ἀναϐήσει.
2778 5220 2963 5271 Ταῦτα
3002 5221 3029 5271 ό
3063 5218 3164 5286 μὲν
3197 5216 3367 5270 εἰπὼν
3405 5215 3600 5286 ᾤχετο.

2542 5483 2619 5538 9'.
2677 5482 2948 5546 Λαϐόντες
2973 5484 3029 5537 δὲ
3066 5483 3232 5552 αὐτὴν
3256 5485 3302 5535 ot
3339 5482 3742 5552 ἀπεσταλμένοι
3768 5481 3844 5550 τῷ
3876 5480 4023 5550 βασι-

2474 5576 2606 5644 mi}.
2654 5576 2991 5645 προσάγουσι
3050 5572 3269 5642 βήματι.
3319 5574 3423 5625 Καὶ
3476 5574 3669 5625 αὐτίκα
3707 5574 3733 5623 ό
3781 5573 4019 5638 γενναῖος

2478 5670 2660 5738 ῥήτωρ
2692 5668 2912 5733 ἐκεῖνος,
2945 5666 3004 5718 ὃν
3029 5665 3313 5733 προλαϐὼν
3343 5667 3367 5717 ὁ
3404 5665 3557 5735 λόγος
3594 5665 3849 5734 ἐδήλωσε,
3885 5662 4019 5730 μέγα
