4270 6428
282 367 392 435 285

1353 375 1815 438 MARTYRIUM
1855 377 1911 440 S.
1957 378 2429 440 CATIIABINxE.

3405 389 3510 456 286

288 480 503 547 βλέπων
536 480 631 535 καὶ
661 479 889 552 σοϐαρὸν
917 482 1308 553 φθεγγόμενος,
1354 486 1425 544 Σὺ
1455 483 1525 546 εί,
1566 487 1752 555 φησὶν,
1807 488 1839 555 ἡ
1870 489 1912 548 Α
1946 494 1974 538 ιι

1816 488 1839 555 ἡ
1870 489 1912 548 Α
1946 494 2096 542 torve
2130 488 2367 552 intuens,
2400 496 2453 543 et
2489 488 2720 559 superbe
2756 489 2981 559 loquens
3009 508 3021 547 :
3059 490 3138 547 Tu
3167 506 3227 548 es
3256 535 3269 560 ,
3304 496 3502 566 inquit,

286 570 687 637 ἀναισχύντως,
717 570 861 625 οὕτω
886 574 977 626 καὶ
1010 574 1218 642 ίταμῶς
1245 576 1325 638 είς
1356 576 1481 636 τοὺς
1503 577 1656 639 θεοὺς
1687 578 1845 646 ἡμῶν

286 660 680 727 ὲξυϐρίζουσας
741 665 851 716 Καὶ
899 654 1165 733 ἡμάρτυς
1223 668 1411 736 πράως
1456 669 1686 735 μάλιστα
1753 668 1845 722 καὶ

285 748 553 815 κοσμίως,
615 749 753 816 Ἐγώ
797 752 931 818 εἰμι,
958 755 1316 823 ἀπεκρίνατο,
1359 756 1499 824 πλὴν
1544 755 1644 807 ούκ
1695 759 1848 808 ἀναιο

286 840 556 906 σχύντως,
594 840 684 902 ’ὡς
724 843 887 904 αὐτὸς
940 843 1096 912 ἔφης,
1133 846 1224 896 καὶ
1259 847 1486 914 ἰταμῶς,
1523 848 1755 915 μετρίως
1790 848 1845 899 δὲ

286 930 495 997 μᾶλλον
528 931 876 1003 ἐφθεγξάμην
914 936 1005 986 καὶ
1052 936 1378 1005 φιλαληοῶς.
1431 939 1535 990 Καὶ
1566 939 1592 988 ὁ
1624 942 1805 1006 ῥήτωρ
1828 980 1842 1002 ,

285 1022 406 1071 Τῶν
457 1022 706 1090 μεγάλων
754 1025 1017 1094 ποιητῶν,
1056 1029 1210 1096 φησὶ,
1259 1029 1413 1089 Θεοὺς
1445 1028 1674 1095 ὑψηλοὺς
1708 1029 1848 1081 ὲκεί-

285 1128 407 1173 νους
452 1111 819 1179 ὀνομαζόντων
853 1150 867 1175 ,
919 1117 1035 1178 πῶς
1080 1118 1215 1187 αὐτὴ
1262 1119 1353 1169 καὶ
1398 1118 1638 1185 γλῶτταν
1679 1123 1846 1183 κινεῖς

292 1203 417 1253 κατ’
456 1203 633 1255 αὐτῶν
668 1207 761 1255 καὶ
806 1204 941 1268 ὅλως
981 1206 1457 1275 ἀποθρασύνεσθαι
1510 1211 1575 1262 τά
1625 1209 1847 1262 τοιαῦτα

282 1290 512 1357 τολμᾷς,
543 1292 718 1342 καίτοι
774 1307 857 1355 γε,
896 1294 969 1355 ὡς
1001 1295 1028 1344 ὁ
1062 1294 1217 1362 λόγος
1242 1297 1376 1365 ἔχει,
1406 1298 1502 1366 τῆς
1530 1298 1729 1350 τούτων
1761 1316 1847 1351 σο·

284 1376 414 1441 φίας
443 1378 532 1427 καὶ
559 1378 692 1443 αὐτη
737 1380 1070 1447 γευσαμένη,
1125 1382 1219 1434 καὶ
1248 1386 1345 1453 τῆς
1369 1383 1704 1452 γλυκύτητος
1732 1402 1845 1437 κοι-

285 1468 621 1532 νωνήσασα;
689 1467 999 1532 Εὐσυνέτως
1060 1471 1237 1524 τοίνυν
1309 1475 1492 1542 ἐκείνη
1545 1475 1634 1526 τὸν
1690 1476 1844 1543 λόγον

286 1558 655 1625 ὑπολαϐοῦσα,
708 1561 817 1629 Τὴν
872 1562 968 1628 μὲν
1016 1562 1208 1630 σοφίαν
1252 1564 1325 1625 ὡς
1357 1564 1448 1616 τοῦ
1494 1566 1649 1634 ἐμοῦ,
1689 1571 1841 1636 φησῖ,

283 1650 456 1720 δῶρον
490 1652 593 1720 ἔχω
623 1651 778 1715 Θεοῦ,
821 1652 876 1713 ὃς
918 1653 1065 1703 ἐστιν
1101 1653 1132 1721 ή
1172 1654 1331 1717 σοφία
1363 1655 1511 1724 καὶὴ
1561 1655 1693 1723 ζωὴ,
1745 1659 1836 1709 καὶ

281 1741 341 1792 δι
368 1744 434 1795 τά
466 1742 746 1810 φοϐεισθαι
778 1744 870 1795 καὶ
909 1744 1004 1805 τὰς
1032 1744 1194 1796 αύτοῦ
1229 1749 1414 1815 τηρεῖν
1447 1746 1664 1809 ἐντολάς
1702 1748 1839 1817 ἀρχὴ

1948 592 2067 645 quae
2094 578 2226 632 deos
2253 588 2469 632 nostros
2506 588 2609 633 tam
2644 580 2988 649 impudenter
3009 592 3063 637 et
3098 583 3235 637 adeo
3271 585 3508 639 insolen-

1956 676 2037 720 ter
2064 669 2258 738 injuria
2292 668 2498 722 aflicis?
2540 670 2738 739 Μαι-ιιι·
2790 680 2971 725 autem
3009 674 3163 727 valde
3213 675 3409 728 leniter
3455 689 3507 728 ct

1946 756 2152 823 placide
2186 758 2466 827 respondit
2497 775 2510 812 :
2537 757 2645 826 Ego
2676 775 2816 823 sum,
2858 761 2952 813 sed
3006 777 3113 813 non
3163 763 3510 831 impudenter

1944 855 1999 898 et
2052 846 2367 907 insolenter,
2411 856 2468 900 ut
2512 848 2713 909 dixisti,
2764 854 2854 903 sed
2916 852 3190 905 moderate
3222 857 3401 920 potius
3451 867 3505 909 et

1945 950 2070 988 vere
2100 950 2217 988 sum
2256 937 2453 988 locuta.
2503 938 2646 989 Dixit
2684 954 2810 990 vero
2855 952 3039 993 orator
3091 961 3103 995 :
3148 944 3281 996 Cum
3325 948 3500 1012 magni

1946 1035 2114 1092 poeta:
2145 1026 2275 1079 deos
2319 1027 2457 1080 altos
2512 1027 2630 1079 illos
2678 1028 2976 1091 nominent,
3027 1035 3299 1096 quomodo
3352 1042 3405 1085 tu
3448 1035 3502 1087 in

1943 1129 2037 1166 eos
2086 1115 2321 1183 linguam
2372 1131 2587 1176 moves,
2636 1127 2689 1167 et
2745 1130 2849 1169 tam
2900 1118 3194 1172 inSiilcnter
3232 1123 3399 1174 audes
3448 1122 3503 1175 iu

1942 1218 2035 1257 eos
2093 1206 2399 1260 insultare?
2436 1208 2560 1269 etsi,
2618 1218 2675 1259 ut
2721 1207 2911 1270 fertur,
2962 1220 3014 1261 tu
3048 1227 3264 1278 quoque
3310 1228 3499 1264 eorum

1942 1296 2169 1363 gustasti
2205 1298 2551 1363 sapientiam,
2584 1306 2638 1351 et
2682 1297 2827 1350 fuisti
2860 1302 3131 1366 particeps
3176 1301 3500 1355 dulcedinis.

1943 1384 2035 1437 llla
2066 1395 2246 1439 autem
2281 1388 2576 1453 prudenter
2610 1389 2945 1455 respondens
2979 1409 2989 1441 :
3027 1390 3208 1441 llabeo
3238 1392 3498 1457 quidem,

1944 1475 2139 1543 inquit,
2186 1477 2532 1546 sapientiam,
2575 1481 2717 1532 sicut
2749 1479 2852 1531 mei
2887 1479 2977 1530 Dei
3012 1479 3237 1543 donum,
3280 1484 3371 1547 qui
3416 1492 3501 1534 est

1942 1569 2205 1635 sapientia
2236 1581 2289 1623 ct
2322 1571 2452 1632 vita,
2481 1585 2531 1623 et
2571 1586 2732 1638 quem
2771 1571 2958 1623 timere
3009 1583 3059 1624 ct
3095 1573 3212 1638 ejus
3246 1574 3498 1629 mandata

1942 1672 2183 1719 servare,
2217 1670 2298 1713 est
2332 1662 2542 1713 initium
2576 1662 2853 1729 sapientia:
2903 1663 3243 1729 perfectioris
3288 1675 3341 1715 et
3389 1680 3502 1715 ma—

1938 1747 2091 1814 joris.
2129 1749 2233 1801 lies
2280 1760 2459 1803 autem
2508 1760 2809 1804 vestrorum
2847 1751 3072 1803 deorum
3121 1768 3241 1804 cum
3280 1754 3385 1805 sint
3424 1754 3499 1805 ri-

285 1832 476 1899 σοφίας
532 1832 644 1884 ἐστὶ
690 1832 1018 1901 τελεωτέρας
1077 1832 1169 1885 καὶ
1228 1835 1476 1902 μείζονος
1510 1851 1524 1866 ο
1551 1836 1616 1887 τα
1646 1836 1701 1887 δὲ
1741 1837 1847 1888 τῶν
1877 1828 1918 1884 Β
1948 1839 1971 1891 d

1809 1853 1847 1888 ιν
1877 1828 1918 1884 Β
1948 1839 2158 1901 diculae,
2190 1851 2245 1893 et
2277 1841 2444 1908 plena:
2473 1844 2636 1895 multa
2687 1844 3027 1909 deceptione,
3062 1844 3303 1895 nondum
3334 1845 3495 1897 ullam

285 1923 569 1991 ὑμετέρων
629 1922 766 1975 θεῶν
829 1924 1209 1991 καταγέλαστα
1268 1924 1429 1988 ὄντα,
1497 1927 1588 1978 καὶ
1644 1926 1845 1997 πολλῆς

284 2016 519 2083 γέμντα
559 2017 653 2081 τῆς
681 2016 893 2083 ἀπάτης
916 2055 929 2075 ,
970 2016 1149 2068 οἰηκέτι
1187 2016 1307 2069 οὐδὲ
1337 2017 1485 2081 ἀξίου
1519 2019 1659 2079 τινὲς
1690 2018 1841 2086 ἔτυχε

280 2106 477 2173 ψόγου.
518 2106 663 2173 Πλὴν
696 2106 809 2157 ἀλλ’
847 2106 964 2157 εἰπὲ
1024 2108 1155 2175 ἡμῖν
1194 2110 1336 2169 ὅστις
1380 2126 1470 2159 σου
1517 2109 1622 2161 τῶν
1674 2112 1843 2177 μεγά-

284 2197 413 2260 λων,
449 2195 519 2259 ῶς
553 2196 682 2263 φὴς,
712 2196 947 2265 ποιητῶν
975 2200 1064 2249 καὶ
1099 2198 1244 2258 ὅπως
1291 2197 1443 2260 θεοὺς
1478 2200 1672 2261 αὐτοὺς
1701 2202 1841 2252 smo-

284 2285 539 2354 νόμασεν.
587 2286 644 2339 '0
673 2286 728 2338 δὲ
760 2287 941 2356 ῥήτωρ
974 2303 986 2315 ·
1035 2288 1228 2356 Πρῶτα
1286 2289 1384 2357 μὲν
1448 2289 1475 2339 ό
1509 2290 1839 2357 σοῳὼτατος,

285 2380 414 2447 ἔφη,
442 2382 681 2449 ποιητῶν
707 2382 973 2451 Ὄμηρος,
1004 2383 1359 2451 ἐπευχόμενος
1394 2382 1591 2434 οὑτωσὶ
1655 2382 1731 2450 τῷ
1754 2382 1837 2444 Αἱ,

283 2471 399 2524 Ξεῦ
427 2472 693 2536 κύδιστε,
726 2472 988 2541 μέγιστε,
1016 2474 1111 2525 καί
1156 2471 1437 2526 ἀθάνατοι
1472 2473 1591 2526 θεοὶ
1625 2473 1800 2525 ἄλλοι
1825 2489 1839 2506 ο

284 2564 475 2615 ἔπειτα
508 2564 563 2617 δὲ
598 2564 691 2616 καὶ
738 2566 763 2615 ὁ
804 2565 1155 2635 περίϐλεπτος
1202 2564 1432 2631 Ὀρφεὺς
1474 2564 1530 2615 ὲν
1575 2567 1642 2633 τῇ
1676 2562 1837 2615 αὑτοῦ

284 2658 545 2726 Hiero-15c;
572 2656 709 2709 οὕτω
728 2674 840 2717 πως
875 2656 1205 2725 εὐχαριστῶν
1236 2656 1311 2722 τῷ
1340 2655 1647 2715 Ἀπόλλωνι,
1675 2654 1718 2707 ὣ
1740 2657 1839 2707 ἂνα

284 2749 498 2817 Λητοῦς
541 2750 641 2810 υίὲ,
678 2748 969 2815 ἑκατηϐόλε
1011 2748 1187 2811 Φοῖϐε,
1227 2747 1475 2815 κραταιέ,
1522 2746 1833 2815 πανδερκὲς,

284 2845 523 2908 θνητοῖσι
551 2846 653 2893 καῖ
670 2841 1012 2893 ἀθανάτοισιν
1045 2841 1311 2904 ἀνάσσων,
1358 2839 1532 2892 Ἠέλιε
1554 2838 1837 2905 χρυσέοσιν

284 2934 600 3002 ἀειρόμενει
634 2933 977 3000 πτερύγεσιν.
1032 2931 1187 2982 Οὖτω
1223 2930 1321 3000 μὲν
1354 2928 1446 2981 οὖν
1479 2931 1526 2980 ot
1558 2930 1837 2997 κράτιστοι

286 3028 383 3077 καὶ
432 3023 635 3091 πρῶτοι
681 3023 789 3073 τῶν
832 3020 1071 3088 ποιητῶν
1122 3020 1325 3088 ἐτίμων
1372 3037 1431 3071 τε
1498 3019 1693 3081 αὐτοὺς
1741 3018 1835 3069 καὶ

285 3114 442 3174 θεοὺς
471 3112 721 3182 φανερῶς
765 3111 1062 3172 ἀθανάτους
1094 3110 1342 3163 ἐκάλουν.
1390 3108 1542 3177 Μηδὲ
1571 3109 1635 3160 σὺ
1659 3108 1837 3160 τοίνυν
1864 3147 1905 3205 C

285 3206 391 3258 ὑπὸ
420 3205 515 3272 τῆς
574 3204 787 3270 ἀπάτης
830 3201 1168 3267 κλεπτομένη
1210 3201 1547 3269 προσανέχῃς
1587 3194 1673 3249 οἷα
1722 3200 1839 3267 θεῷ

282 3295 365 3362 τῷ
411 3294 813 3362 ἑσταυρομένῳ,
861 3290 921 3343 ὃν
954 3291 1073 3343 οὐδὲ
1114 3290 1221 3344 τῶν
1260 3291 1508 3341 παλαιῶν
1545 3306 1629 3351 τις
1678 3290 1837 3356 σοφὸν

283 3385 555 3452 ὀνομάσας
588 3383 918 3449 εὑρίσκεται,
966 3380 1092 3432 οὐδὲ
1142 3380 1191 3431 εί
1231 3380 1362 3440 Θεὸς
1414 3379 1630 3432 καλοῖτο
1659 3379 1833 3439 εἰδώς.

357 3473 413 3527 ι’.
450 3474 559 3525 Καὶ
585 3475 617 3541 η
663 3472 892 3540 μάρτυς·
923 3470 1046 3533 Ναὶ,
1082 3471 1239 3537 φησι,
1284 3470 1352 3523 τά
1388 3471 1513 3538 περὶ
1551 3470 1657 3521 τῶν
1706 3470 1840 3524 θεῶν

289 3579 384 3615 σου
441 3561 613 3621 οὕτως
665 3559 810 3627 ἔχειν
844 3557 1088 3625 ὁμολογῶ
1118 3558 1212 3609 καὶ
1248 3558 1347 3610 οὐκ
1378 3559 1444 3610 ἂν
1490 3559 1800 3625 ἀντείποιμι
1822 3575 1836 3590 ο

286 3653 401 3703 ἀλλ’
450 3649 633 3703 ἐκεῖνά
694 3665 796 3701 που
865 3648 1121 3717 Θήσομεν.
1175 3646 1420 3718 Ὅμηρος
1473 3648 1571 3715 μὲν
1621 3650 1727 3718 γάρ
1779 3650 1836 3703 ὃν

285 3744 580 3811 κράτιστον
639 3738 880 3806 ποιητῶν
921 3738 1075 3807 ἔφης,
1121 3740 1281 3802 αὐτὸς
1306 3740 1513 3802 ἐκεῖνος
1541 3740 1703 3793 πάλιν
1746 3740 1838 3793 τὸν

288 3836 541 3904 μέγιστον
571 3832 825 3884 ἀπάντων
850 3829 985 3883 θεῶν
1015 3848 1107 3884 σου
1164 3834 1262 3893 Δία
1296 3831 1506 3901 μυρίοις
1550 3832 1838 3885 ὑποϐάλλει

285 3928 397 3985 τοῖς
432 3923 765 3991 ἀτοπήμασι,
792 3924 867 3990 πῆ
897 3921 995 3988 μιν
1020 3921 1259 3989 ψεύστην
1311 3924 1403 3975 καὶ
1435 3922 1663 3987 σκολιὸν,
1701 3941 1837 3975 παν-

284 4010 479 4079 οὖργόν
516 4026 575 4060 τε
621 4009 711 4061 καὶ⁵
760 4009 1046 4061 ἀπατεῶνα
1078 4009 1278 4073 καλῶν,
1318 4010 1392 4079 πῆ
1432 4012 1487 4062 δὲ
1541 4010 1644 4062 ὑπὸ
1666 4011 1839 4081 Ἥρας

288 4104 384 4155 καὶ
418 4101 745 4161 Ποσειδῶνος
772 4101 866 4152 καὶ
910 4100 1157 4168 Ἀθηνᾶς,
1190 4098 1320 4169 παρ’
1350 4101 1529 4167 ὀλίγον
1558 4101 1839 4169 δεσμώτην

287 4193 595 4259 γενόμενον.
617 4190 673 4241 ΕΞ
698 4189 803 4256 γὰρ
837 4188 910 4258 μὴ
939 4188 1088 4257 παρά
1115 4188 1341 4250 Θέτιδος
1371 4189 1714 4258 κατεμηνύθη
1743 4190 1840 4259 τὴν

288 4281 605 4351 ἐπιϐουλὴν,
636 4281 730 4334 καὶ
764 4279 854 4332 τὸν
877 4280 1099 4345 Δίγαῖον
1125 4277 1345 4345 φύλακα
1385 4278 1482 4347 τῆς
1506 4278 1709 4341 οἰκείας
1740 4296 1839 4332 σω-

288 4374 484 4443 τηρίας
531 4370 920 4439 προύϐάλλετο,
967 4370 1107 4439 τάχα
1150 4386 1232 4422 σοι
1262 4371 1371 4421 τῶν
1426 4369 1563 4421 θεῶν
1610 4370 1836 4422 καὶτῶν

1947 1945 2043 1998 pro
2105 1931 2313 1984 meritis
2362 1943 2621 1985 assecuta:
2683 1941 2811 1985 sunt
2868 1933 3341 2000 vituperationem.
3393 1936 3496 1986 Ve-

1947 2037 2063 2075 rum
2099 2023 2375 2075 enimvero
2404 2024 2489 2077 die
2533 2026 2707 2083 nobis,
2733 2025 2981 2091 quisnam
3014 2040 3079 2078 ex
3113 2028 3219 2080 tuis
3267 2026 3494 2093 magnis,

1945 2120 2003 2163 ut
2028 2112 2183 2173 dicis,
2215 2114 2409 2180 poetis,
2447 2122 2501 2166 et
2528 2115 2802 2180 quomodo
2832 2116 2961 2168 deos
2992 2116 3137 2183 ipsos
3172 2118 3492 2168 nominavit?

1942 2201 2134 2255 Orator
2197 2214 2374 2255 autem
2413 2219 2425 2254 :
2466 2202 2704 2255 Primum
2754 2206 2995 2271 quidem,
3048 2206 3240 2271 inquit,
3283 2205 3497 2271 sapiens

1943 2301 2098 2359 poeta
2133 2290 2399 2345 Homerus
2446 2293 2633 2347 Jovem
2676 2309 2925 2361 prccans.
2966 2296 3042 2347 sic
3078 2296 3208 2346 dicit
3244 2295 3497 2362 :aniter

1940 2380 2370 2448 gloriosissime,
2417 2382 2683 2441 maxime,
2737 2392 2792 2435 et
2848 2383 2937 2435 alii
2993 2382 3065 2434 dii
3142 2384 3494 2435 immortales.

1942 2471 2146 2525 Deinde
2174 2472 2401 2539 insignis
2429 2487 2643 2539 quoque
2668 2474 2914 2539 Orpheus
2946 2474 2996 2525 in
3029 2490 3123 2525 sua
3161 2474 3491 2541 Thengonia,

1940 2563 2017 2615 sic
2050 2562 2249 2631 gratias
2286 2578 2449 2630 agens
2484 2563 2587 2615 deo
2636 2563 2892 2630 Apollini,
2928 2563 3059 2615 dicit
3095 2580 3107 2615 :
3138 2563 3181 2618 Ο
3217 2579 3308 2616 rex
3357 2564 3497 2614 tilins

1939 2654 2181 2715 Latonis,
2208 2655 2419 2707 eminus
2453 2654 2676 2714 feriens,
2717 2662 2907 2720 potens
2942 2654 3161 2713 Phazbc,
3190 2654 3280 2721 qui
3316 2656 3496 2706 omnia

1940 2745 2196 2809 intueris,
2226 2754 2281 2798 et
2316 2744 2551 2813 imperas
2591 2746 2911 2799 mortalibus
2969 2755 3023 2798 et
3076 2747 3494 2807 immortalibus,

1940 2833 2066 2899 Sol,
2107 2835 2196 2901 qni
2246 2834 2299 2888 in
2337 2842 2504 2887 altum
2527 2835 2721 2902 pennis
2766 2836 2947 2889 aureis
2993 2836 3285 2889 extolleris.
3319 2838 3496 2904 Atque

1938 2927 2018 2979 sic
2068 2925 2288 2993 quidem
2352 2926 2783 2993 praestantissimi
2849 2936 2903 2979 et
2958 2928 3115 2994 primi
3168 2942 3234 2979 ex
3290 2930 3489 2995 poetis,

1940 3013 2083 3081 ipsos
2141 3013 2498 3074 honorabant,
2548 3023 2603 3067 et
2645 3014 2779 3067 deos
2827 3022 3013 3081 aperte
3054 3016 3339 3068 vocabant.
3382 3017 3490 3069 Ne-

1937 3118 2042 3171 que
2078 3112 2132 3156 tu
2161 3118 2292 3172 ergo
2317 3102 2565 3171 decepta,
2594 3103 2913 3157 crucifixum
2942 3105 3191 3158 attendas
3236 3113 3489 3173 tanquam

1941 3192 2131 3253 Deum,
2156 3208 2316 3259 quem
2348 3193 2528 3245 nullus
2560 3207 2625 3244 ex
2655 3192 2931 3244 veteribus
2960 3191 3178 3257 sapiens
3220 3192 3495 3244 invenitur

1938 3282 2265 3347 nominasse,
2291 3296 2466 3350 neque
2500 3281 2662 3347 scire,
2687 3296 2753 3334 an
2780 3288 2925 3334 esset
2953 3281 3113 3334 Deus.

2005 3458 2075 3512 Χ.
2104 3458 2305 3527 Martyr
2344 3467 2525 3511 autem
2569 3456 2701 3507 dicit
2738 3472 2749 3506 :
2785 3455 2892 3509 [tes
2935 3456 3161 3508 deorum
3213 3456 3387 3508 fateor
3419 3457 3490 3511 ita

1938 3565 1995 3603 se
2026 3550 2263 3611 habere;
2298 3563 2473 3615 neque
2506 3547 2950 3601 contradixerim.
2984 3546 3088 3599 Sed
3136 3546 3225 3599 illa
3274 3546 3491 3615 adjicie-

1936 3652 2079 3691 mus.
2108 3636 2241 3691 Nam
2269 3635 2537 3689 llomerus
2566 3635 2809 3703 quidem,
2840 3651 2999 3703 quem
3027 3634 3207 3688 dixisti
3237 3647 3493 3703 praesun-

1937 3727 2206 3781 tissimum
2276 3735 2601 3795 poetarum,
2645 3726 2734 3778 ille
2764 3725 2879 3793 ipse
2944 3740 3135 3778 rursus
3198 3726 3491 3778 maximum

1936 3820 2178 3872 omnium
2208 3816 2437 3871 deorum
2489 3816 2699 3878 Jovem,
2741 3816 3233 3869 innumerabilibus
3266 3816 3492 3885 subjicit

1937 3907 2393 3967 absurditatibus,
2425 3907 2621 3959 alicubi
2665 3907 2883 3973 quidem
2932 3906 3246 3959 mendacem
3279 3915 3333 3958 et
3370 3922 3489 3971 per-

1937 4013 2188 4058 versum,
2239 3996 2558 4062 vafrumque
2606 4010 2808 4047 vocans
2862 4005 2917 4047 et
2964 3994 3347 4061 deceptorem;
3394 3996 3465 4046 ali

1937 4088 2063 4142 cubi
2094 4097 2273 4140 autem
2304 4100 2333 4137 a
2362 4084 2597 4149 lunone,
2623 4083 2874 4153 Neptuno
2918 4094 2972 4136 et
3016 4085 3252 4136 Minerva
3299 4094 3491 4152 ρτιιιιοι·

1938 4179 2200 4231 rationem
2229 4178 2534 4244 conjectum
2580 4175 2634 4226 in
2665 4175 2900 4227 vincula.
2934 4174 3047 4226 Nisi
3078 4176 3221 4225 enim
3277 4190 3304 4225 a
3352 4174 3491 4226 The-

1940 4268 2051 4322 tide
2080 4267 2129 4320 ei
2164 4266 2477 4335 significata:
2502 4265 2731 4318 fuissent
2760 4262 2984 4325 insidia,
3016 4271 3070 4317 et
3096 4262 3323 4331 .Egenm
3357 4278 3492 4328 pr:e~

1943 4358 2160 4413 fecisset
2183 4358 2445 4411 custodia
2476 4372 2585 4409 sua:
2616 4356 2825 4418 salutis,
2855 4356 3081 4407 deorum
3118 4364 3173 4405 et
3208 4354 3489 4406 hominum

289 4465 498 4534 ἀνδρῶν
529 4466 557 4516 5
588 4463 771 4532 πατὴρ
808 4462 995 4523 ὕπτιος
1032 4462 1207 4514 ἔκειτο
1252 4461 1490 4529 δέσμιος,
1540 4460 1839 4529 ἀϐοήθητος
1870 4464 1913 4519 D
1945 4466 1975 4519 p

1807 4479 1839 4524 ig
1870 4464 1913 4519 υ
1945 4462 2096 4519 pater
2121 4450 2259 4503 forte
2307 4448 2403 4501 tibi
2444 4448 2708 4517 jacuisset
2757 4447 3005 4513 supinus,
3042 4445 3273 4506 vinctus,
3314 4459 3341 4496 a
3377 4459 3493 4496 mu-

291 4555 397 4606 ὑπὸ
436 4553 530 4606 δύο
553 4554 828 4620 γυναικῶν
857 4552 950 4604 καὶ
989 4548 1314 4611 ποσειδῶνος
1344 4550 1838 4619 καταπαιζόμενος.

302 4646 363 4695 ὐ
407 4643 662 4713 μουσικὸς
703 4643 761 4695 δὲ
810 4642 971 4695 πάλιν
1006 4640 1236 4709 Ὀρφεὺς
1281 4639 1483 4708 πολλὴν
1536 4640 1687 4709 ὑμῶν
1734 4640 1840 4693 τῶν

291 4735 489 4796 αὐτοὺς
533 4731 842 4801 σεϐομένων
878 4732 969 4783 καὶ
1002 4722 1159 4793 οὗτος
1214 4730 1398 4783 ἄνοιαν
1430 4731 1523 4782 καὶ
1556 4730 1842 4799 παραπλη-

294 4825 414 4887 ξίαν
448 4821 873 4889 καταγινώσκει,
906 4822 1000 4873 καὶ
1032 4820 1262 4888 μάλιστα
1287 4815 1401 4893 ινῇ
1436 4820 1600 4890 βίϐλῳ
1632 4822 1757 4890 περί
1788 4837 1843 4873 τε

292 4913 494 4977 αὐτῶν,
531 4912 607 4974 ὡς
643 4911 801 4981 ἔφης,
827 4911 935 4963 τῶν
980 4910 1120 4964 θεῶν
1150 4910 1248 4977 τῆς
1291 4912 1450 4978 γονῆς
1485 4913 1575 4962 καὶ
1616 4912 1711 4977 τῆς
1750 4911 1853 4985 τού.

292 5006 498 5073 κόσμου
526 5003 830 5073 συνέγραψε
858 5002 1108 5064 κτίσεως,
1166 5001 1307 5053 οὕτω
1331 5001 1445 5061 πῶς
1468 5003 1556 5051 καὶ
1590 5000 1717 5069 περὶ
1749 5001 1844 5069 τῆς
1890 5026 1897 5036 ι

293 5090 565 5160 ὑμετέρας
612 5089 965 5158 ματαιότητος
1000 5088 1224 5157 καὶτῆς
1272 5087 1509 5156 ἀμαθίας
1553 5088 1843 5155 ὐποσημή-

296 5200 416 5247 νας,
448 5183 571 5235 οὔτε
596 5184 787 5243 κακοῖς
818 5179 1275 5251 προοιρχομένοις
1306 5179 1531 5247 νοῆσαι,
1565 5178 1690 5231 οὔτε
1724 5182 1843 5242 ποϊς

300 5276 445 5343 μάλα
469 5273 772 5344 προτρέψαι
797 5273 1097 5340 κακότητος
1114 5270 1349 5339 ἔχουσιν,
1381 5265 1530 5337 ᾧτινι
1565 5270 1659 5322 καὶ
1686 5270 1844 5333 αὐτὸς

298 5362 452 5429 ὑμῶν
478 5365 506 5414 ὁ
534 5362 693 5429 σοφὸς
732 5360 1147 5430 προσμαρτυρεῖ
1186 5357 1478 5427 Σοφοκλῆς.
1514 5358 1669 5409 Ἐστι
1692 5356 1843 5421 Θεὸς,

297 5451 487 5515 εἰπὼν,
525 5452 581 5514 ὃς
608 5452 837 5521 οὐρανὸν
869 5450 1049 5513 ἔτευξε
1076 5450 1169 5502 καὶ
1203 5452 1362 5517 γαῖαν
1391 5448 1624 5517 μακράν,
1653 5448 1843 5499 πόντου

297 5557 359 5595 τε
382 5543 620 5611 χαροπόν
645 5538 803 5611 οἶδμα
824 5542 914 5593 καὶ
948 5540 1161 5609 ἀνίμων
1203 5539 1343 5607 βίας.
1369 5537 1566 5606 Θνητοὶ
1596 5536 1651 5588 δὲ
1678 5537 1842 5589 πολυ-

302 5634 519 5703 κερδείῃ
549 5632 1238 5704 πλανώμενοι,ίδρυσάμεοκ
1272 5632 1567 5700 πεμμάτων
1588 5628 1844 5699 παραψυ-

305 5727 402 5793 χὰς
425 5728 514 5777 καὶ
543 5724 677 5778 Οζῶῖ
740 5724 1049 5793 ἀγάλματα,
1080 5723 1247 5790 ξύλων
1270 5722 1361 5775 καὶ
1380 5722 1539 5774 λίθων
1566 5721 1624 5775 ἐκ
1650 5736 1842 5789 ypere-

1940 4540 2165 4595 lieribus
2197 4546 2250 4591 et
2280 4537 2529 4605 Neptuno
2568 4538 2782 4590 illusus.
2821 4536 3029 4588 Rursus
3076 4534 3325 4601 Orpheus
3367 4548 3490 4584 ιιιιιισ

1942 4632 2085 4685 sicus
2142 4644 2258 4691 vos,
2284 4631 2374 4696 qui
2410 4643 2503 4682 eos
2534 4627 2734 4690 colitis,
2766 4640 2969 4694 magna;
2995 4626 3243 4678 amentia:
3268 4624 3491 4676 damna-

1942 4724 2019 4775 vit
2061 4729 2114 4775 et
2168 4720 2431 4787 stuporis,
2481 4726 2537 4771 et
2584 4717 2811 4770 maxime
2863 4715 2915 4767 in
2960 4714 3133 4775 libro,
3180 4728 3376 4780 quem,
3428 4721 3487 4764 ut

1942 4814 2103 4875 dicis,
2132 4811 2350 4879 scripsit
2380 4809 2445 4863 de
2476 4818 2596 4861 ortu
2625 4807 2848 4859 deorum
2883 4813 2938 4857 et
2965 4804 3243 4857 creatione
3278 4803 3489 4866 mundi,

1943 4903 2019 4957 sic
2049 4911 2283 4956 vestram
2315 4899 2606 4952 vanitatem
2644 4895 2962 4964 signiﬁcans
2995 4902 3050 4947 et
3093 4892 3450 4959 ignorantiam
3472 4931 3488 4956 ,

1942 4994 2075 5047 dicit
2114 5010 2126 5045 :
2174 4991 2361 5060 Neque
2412 4989 2712 5041 adventans
2760 4986 2958 5038 malum
2999 4984 3245 5037 homines
3286 4982 3491 5035 intelli-

1943 5091 2097 5152 gunt,
2127 5095 2302 5149 neque
2350 5093 2471 5133 cum
2499 5077 2802 5137 advenerit,
2834 5075 3033 5127 malum
3062 5083 3289 5156 possunt
3337 5086 3490 5125 aver-

1945 5181 2079 5225 tere.
2137 5170 2237 5224 Cui
2283 5169 2446 5222 etiam
2512 5165 2836 5233 astipulatur
2885 5162 3101 5229 sapiens
3158 5173 3338 5213 vester
3388 5156 3486 5209 So.

1946 5263 2186 5331 phocles,
2223 5260 2451 5313 dicens:
2484 5258 2578 5310 Est
2610 5257 2771 5316 Deus,
2817 5254 2912 5321 qui
2952 5251 3146 5305 ctelum
3196 5248 3491 5301 fabricatus

1944 5362 2026 5407 est
2047 5361 2102 5405 et
2132 5352 2342 5420 longam
2413 5358 2635 5411 terram,
2668 5357 2721 5399 et
2745 5343 2895 5412 ponti
2930 5342 3147 5410 glaucos
3174 5339 3370 5392 ﬂuctus
3390 5376 3404 5401 ,
3435 5346 3489 5389 et

1945 5455 2230 5496 ventorum
2269 5440 2571 5494 violentias.
2614 5436 2869 5490 Mortales
2897 5443 3077 5487 autem
3126 5430 3290 5484 corde
3333 5427 3489 5480 valde

1946 5544 2211 5599 errantes,
2240 5533 2585 5587 bellariorum
2618 5528 2910 5583 statuimus
2935 5525 3140 5585 solatia,
3174 5532 3228 5576 et
3260 5522 3485 5575 deorum

1948 5626 2246 5693 imagines,
2299 5639 2366 5678 ex
2419 5622 2578 5692 lignis
2626 5633 2681 5673 ct
2737 5618 3006 5686 lapidibus
3062 5628 3193 5667 ain-0
3266 5616 3485 5664 structis

1951 5718 2163 5786 ligulas.
2228 5715 2317 5769 llis
2364 5724 2542 5767 autem
2600 5711 2992 5770 sacriﬁcantes,
3054 5717 3109 5758 et
3155 5704 3269 5754 dies
3323 5702 3489 5753 fcsws
