4270 6428
801 402 901 463 ἳ87

2025 397 2304 456 MENSIS
2349 395 2753 454 NOVEHBER

3907 389 4024 450 ess

805 533 974 571 novos
1024 517 1396 582 celebrantes,
1443 527 1728 586 prepterea
1773 530 1874 568 nos
1916 515 2034 582 pios
2083 529 2200 567 esse
2251 513 2348 565 du-
2377 513 2422 570 Α
2449 528 2491 562 τι

2337 542 2348 550 -
2377 513 2422 570 Α
2449 513 2686 565 τεύκτων
2706 511 3124 576 τύπους,θυσίας
3153 514 3206 565 δὲ
3225 513 3431 576 τούτο;ς
3455 515 3545 566 καὶ
3567 513 3758 575 καινὲις
3796 514 4023 579 τεύχον-

804 624 998 662 01111118.

872 702 964 755 XI.
1003 701 1153 766 Quod
1197 713 1377 756 autem
1407 704 1723 758 crucifixum
1779 721 1844 759 ne
1889 704 2065 758 solum
2111 701 2339 770 quidem

807 809 1001 847 nomen
1031 795 1209 847 dixisti
1238 796 1435 848 habere
1461 796 1600 863 apud
1630 808 1857 859 veteres,
1892 806 2103 865 oportet
2126 795 2347 862 quidem

806 900 911 935 non
948 898 1064 936 esse
1111 885 1267 936 nimis
1312 885 1600 943 curiosum,
1658 902 1828 952 neque
1864 885 1930 938 de
1967 900 2032 937 eo
2085 884 2349 936 humanas

806 974 1034 1026 serutari
1099 977 1350 1036 rationes,
1408 975 1551 1042 quod
1597 977 1665 1027 sit
1732 975 1870 1029 Deus
1923 991 2109 1038 verus,
2170 974 2347 1042 opifex

804 1067 950 1125 eceli,
980 1078 1031 1118 et
1064 1075 1238 1128 teme,
1271 1077 1324 1118 et
1346 1067 1524 1125 maris.
1554 1078 1606 1119 et
1638 1066 1786 1129 solis,
1807 1077 1860 1119 et
1890 1067 2050 1129 lunae,
2087 1077 2141 1118 et
2172 1074 2350 1118 astro-

805 1169 944 1208 rum.
976 1161 1029 1206 ct
1079 1154 1311 1206 universi
1347 1155 1623 1210 hominum
1657 1157 1890 1219 generis,
1937 1155 2351 1222 incomprehen-

805 1243 1408 1308 sihilis,inserulabilis,
1475 1245 1880 1302 interminatus.
1913 1244 2211 1297 ineifabilis.
2285 1242 2351 1296 Ut

805 1349 932 1385 vero
985 1349 1067 1386 res
1116 1335 1232 1401 ejus
1279 1350 1344 1386 ex
1391 1336 1582 1387 vestris
1629 1351 1844 1402 quoque
1891 1334 2206 1386 confirmem
2250 1335 2350 1400 (sic

809 1425 950 1476 enim
985 1424 1146 1477 fuerit
1191 1426 1412 1478 omnino
1435 1442 1462 1477 a
1497 1426 1803 1492 suspicione
1835 1425 2069 1477 alienum
2105 1425 2349 1478 testimo-

807 1514 1000 1576 nium),
1038 1514 1162 1566 audi
1215 1515 1674 1580 sapientissimam
1731 1515 1872 1569 inter
1901 1517 2156 1569 mulieres
2185 1515 2351 1582 sibyl-

807 1601 937 1664 lam,
971 1607 1370 1670 generationem
1402 1607 1518 1672 ejus
1548 1607 1841 1658 secundum
1875 1622 2112 1664 carnem,
2149 1615 2202 1658 et
2232 1608 2350 1674 ejus

809 1691 859 1740 in
907 1705 1004 1741 nos
1038 1691 1429 1756 providentiam
1480 1704 1533 1745 et
1580 1709 1764 1745 curam
1806 1694 2130 1747 ineffabilem
2168 1706 2349 1763 aperte

807 1779 1220 1846 significantem.
1287 1783 1339 1834 Si
1399 1783 1476 1835 vis
1515 1793 1717 1844 autem,
1764 1783 1877 1850 ipsa
1920 1799 2135 1852 quoque
2186 1786 2347 1836 verba

806 1870 1107 1922 audiemus.
1160 1871 1254 1922 Vix
1309 1871 1522 1924 tandem
1569 1884 1748 1926 autem
1801 1876 1978 1926 veniet
2027 1876 2243 1942 quidam
2295 1875 2350 1928 in
2382 1846 2424 1905 Β

807 1959 942 2010 hanc
977 1959 1293 2012 multifidam
1323 1970 1538 2023 terram,
1571 1973 1624 2018 et
1653 1965 1852 2031 absque
1886 1966 2036 2031 lapsu
2083 1967 2168 2016 fiet
2205 1980 2348 2018 caro.

805 2047 1092 2102 ludefessis
1130 2059 1305 2101 autem
1361 2053 1605 2104 terminis
1633 2053 1929 2107 divinitatis
1960 2055 2130 2106 solvet
2157 2071 2348 2107 corru-

807 2142 1042 2203 ptionem
1106 2140 1451 2192 affectionum
1507 2141 2004 2195 immedicabiliuin.
2059 2144 2118 2195 lit
2159 2145 2207 2195 ei
2248 2144 2353 2196 crit

811 2229 1015 2280 invidia
1060 2228 1111 2280 in
1165 2230 1446 2282 incredulo
1485 2239 1705 2299 populo,
1737 2243 1790 2285 et
1822 2234 1872 2284 in
1911 2234 2017 2286 alto
2050 2236 2350 2302 suspende-

810 2330 915 2377 Iur.
951 2329 1201 2388 tanquam
1227 2337 1349 2374 reus
1382 2323 1588 2376 mortis.
1619 2321 1738 2376 Haac
1783 2335 1963 2377 autem
1996 2326 2175 2377 omnia
2221 2328 2355 2378 leni-

809 2419 889 2461 ter
918 2413 1167 2476 patietur.
1239 2412 1365 2465 Vide
1395 2427 1610 2481 quoque
1643 2423 1814 2466 vatem
1846 2430 1876 2466 a
1907 2416 2186 2468 mendacio
2217 2417 2350 2469 alie-

807 2517 934 2552 num
973 2503 1297 2567 Apollinem.
1332 2503 1559 2555 oblitum
1591 2506 1761 2557 solita:
1792 2519 1902 2557 suae
1924 2505 2274 2558 obscuritatis
2299 2514 2354 2560 et

804 2593 1165 2659 obliquitatis,
1192 2603 1245 2645 et
1280 2595 1499 2658 nudam,
1543 2596 1754 2648 etiamsi
1792 2597 1946 2656 nolit,
1981 2597 2228 2649 edentem
2262 2613 2350 2650 νον

805 2684 1042 2736 ritatem.
1104 2683 1268 2745 Unus,
1326 2686 1518 2752 inquit,
1572 2702 1654 2738 me
1683 2689 1823 2753 cogit
1863 2689 2115 2747 cmlestis,
2149 2688 2354 2756 quiest

803 2772 892 2824 lux
932 2773 1211 2840 tripliciter
1248 2774 1536 2842 refulgens.
1584 2775 1684 2839 Qui
1714 2791 1849 2828 vero
1878 2793 2063 2844 passus
2086 2787 2167 2830 est
2191 2777 2349 2842 Deus;

808 2878 915 2915 non
970 2879 1124 2931 passa
1171 2875 1253 2916 est
1302 2877 1479 2918 autem
1543 2866 1652 2933 ipsa
1709 2867 1988 2921 divinitas.
2045 2869 2216 2920 Ambo
2269 2878 2354 2921 est

809 2953 974 3015 enim,
1035 2966 1088 3006 et
1145 2957 1356 3007 mortali
1406 2971 1652 3023 corpore.
1715 2966 1770 3010 et
1827 2958 2038 3011 alienus
2084 2973 2111 3009 a
2161 2973 2350 3011 corru-

807 3053 1004 3112 ptonc.
1050 3045 1166 3110 Ipse
1216 3047 1322 3112 jam
1379 3045 1517 3099 Deus
1570 3056 1652 3102 est
1680 3047 1781 3111 vir,
1834 3049 2014 3100 omnia
2070 3048 2246 3101 ferens
2299 3048 2350 3101 in

2459 620 2546 663 τες
2579 603 2947 672 πανηγύρεις,
2979 603 3260 657 εὐσέϐειαν
3309 600 3449 658 εἶναι
3485 605 3656 656 ταῦτα
3704 602 4021 669 νομίζομεν.

2534 695 2638 746 LV.
2681 694 2800 745 Ὅτι
2844 693 2902 744 δὲ
2960 695 3050 745 τὸν
3096 695 3506 764 ἐσταυρωμένον
3539 697 3612 763 μὴ
3645 692 3799 761 ψιλοῦ
3831 694 4021 760 τυχεῖν

2456 783 2721 850 ὀνόματος
2767 783 2918 852 παρά
2967 785 3079 846 τοῖς
3107 785 3356 847 παλαιοῖς
3387 785 3538 853 ἔφην
3567 782 3733 852 ἐχρῆν
3769 785 3867 852 μὶν
3910 801 4024 849 μη-

2454 874 2507 925 δὲ
2539 872 2995 942 περιεργάζεσθαι
3043 876 3137 926 καὶ
3159 876 3655 944 πολυπραγμονεῖν,
3688 873 3818 942 μηδὲ
3871 873 4023 937 λογι-

2456 967 2622 1030 σμοῦς
2678 967 2902 1035 ἐρευνᾷ-θ
2951 965 3328 1034 ἀνθρωπίνους
3371 967 3498 1035 περὶ
3548 966 3740 1028 αὑτοῦ,
3793 966 3868 1027 ὠς
3901 967 4024 1017 ἐστι

2460 1056 2591 1117 Θεὸς
2639 1057 2843 1124 ἀληθὴς
2880 1057 3109 1124 ούρανοῦ
3158 1058 3252 1109 καὶ
3300 1059 3402 1125 γῆς
3449 1058 3544 1109 καὶ
3597 1056 3869 1122 θαλάσσης
3920 1059 4023 1107 καὶ

2453 1146 2603 1214 ἡλίου
2644 1147 2735 1197 καὶ
2769 1146 2996 1216 σελήνης
3034 1148 3124 1199 καὶ
3149 1148 3393 1216 ἀστέρων
3424 1149 3516 1200 καὶ
3556 1149 3754 1210 παντδς
3776 1146 3870 1199 τοῦ
3907 1147 4021 1198 τῶν

2461 1237 2765 1304 ἀνθρώπων
2798 1243 2986 1304 γένους
3046 1239 3395 1308 δημιουργὸς,
3429 1240 3834 1307 ἀκατάληπτος,
3857 1240 4022 1304 ἀνεξ-

2455 1329 2757 1396 ερεύνητος,
2775 1331 3089 1398 ἀπέραντος,
3108 1329 3806 1398 ἀνεξιχνίαστος,ξᾶῤῥητος.
3828 1327 4019 1380 Ἶναδέ

2464 1418 2642 1470 σοιτά
2675 1420 2804 1487 περὶ
2852 1418 3014 1470 αὑτοῦ
3060 1421 3151 1471 καὶ
3196 1420 3304 1472 άπὸ
3339 1420 3446 1470 τῶν
3495 1421 3777 1486 ὑμετέρων
3810 1420 4020 1471 πιστώ-

2460 1525 2638 1575 σωμαι
2671 1526 2684 1538 ο
2738 1508 2881 1561 οὕτω
2911 1509 3016 1578 γάρ
3048 1509 3112 1561 ἂν
3162 1510 3244 1578 εἴη
3304 1511 3519 1572 πάντως
3566 1510 3873 1570 ἀνύποπτος
3921 1510 4019 1560 καὶ

2456 1600 2794 1667 ἡμαρτυρέα
2834 1616 2847 1629 ·
2904 1601 3002 1667 τῆς
3069 1602 3386 1669 σοφωτάτης
3445 1603 3504 1652 ἐν
3535 1599 3780 1666 γυναιξὶν
3846 1601 4017 1652 ἄκουε

2462 1688 2717 1756 meam;
2751 1689 2846 1758 τὴν
2880 1691 3020 1742 κατά
3059 1695 3235 1759 σάρκα
3266 1691 3520 1760 γέννησιν
3552 1690 3735 1753 αὑτοῦ,
3779 1691 3872 1740 καὶ
3917 1689 4017 1756 τὴν

2459 1780 2584 1848 περὶ
2617 1779 2761 1845 ὑμᾶς
2786 1780 3041 1849 πρόνοιαν
3071 1784 3161 1832 καὶ
3185 1791 3280 1850 την
3324 1781 3531 1848 ἄφατον
3564 1782 3728 1833 αὑτοῦ
3779 1781 4018 1849 κηδεμο-

3917 1876 4015 1924 καὶ

3594 1963 3719 2031 Ὀψὲ
3755 1963 3885 2016 ποτέ
3930 1981 4016 2025 τις

2453 2052 2546 2102 ἐπὶ
2581 2052 2681 2117 τὴν
2737 2052 3028 2124 πολυσχιδῆ
3075 2053 3279 2122 ταύτην
3333 2055 3540 2106 ἐλάσειε
3591 2055 3716 2122 γῆν,
3748 2058 3840 2107 καὶ
3893 2054 4018 2122 δίχα

2456 2139 2769 2207 σφάλματος
2804 2143 3104 2209 γενήσεται
3136 2144 3303 2211 σάρξ,
3338 2145 3644 2212 ἀκαμάτοις
3669 2144 3723 2197 δὲ
3760 2147 4017 2215 θεότητος

2457 2229 2630 2297 ὅροις,
2693 2233 2928 2284 ἀνιάτων
2976 2233 3163 2285 παθῶν
3222 2233 3372 2285 λύσει
3424 2235 3654 2303 φθοράν.
3690 2237 3801 2289 Καὶ
3843 2238 4019 2304 τούτῳ

2460 2325 2487 2374 ὁ
2519 2323 2708 2390 φθόνος
2741 2326 3030 2390 γενήσεται
3055 2325 3113 2388 ἐξ
3135 2326 3363 2378 ἀπίστου
3397 2326 3548 2387 λαοῦ,
3577 2328 3671 2379 καὶ
3709 2330 3845 2392 πρὸς
3881 2329 4017 2396 ὖᾲος

2463 2413 2912 2480 κρεμασθήσεται
2971 2416 3045 2474 ὡς
3103 2415 3334 2469 θανάτου
3378 2418 3689 2480 κατάδικος.
3735 2419 3920 2471 Ταῦτα
3961 2421 4017 2472 δέ

2453 2503 2629 2552 πάντα
2663 2503 2910 2554 πείσεται
2941 2505 3127 2572 πράως
3156 2521 3170 2538 ο
3209 2506 3307 2573 ὅρα
3346 2506 3400 2556 δέ
3447 2524 3527 2557 σοι
3550 2508 3642 2560 καὶ
3676 2509 3767 2559 τὸν
3797 2511 4010 2578 ἀψευδῆ

2458 2590 2652 2656 μάντιν
2708 2589 3040 2654 Ἀπόλλωνα,
3072 2591 3171 2660 τῆς
3205 2594 3463 2661 συνήθους
3495 2596 3764 2662 ἀσαφείας
3790 2601 3880 2648 καὶ
3915 2602 4019 2664 τῆς

2459 2680 2744 2749 λοξότητος
2793 2682 3219 2751 ἐπιλελησμένον
3245 2687 3337 2736 καὶ
3375 2685 3589 2754 γυμνὴν
3629 2687 3724 2755 τὴν
3752 2688 4018 2755 ἀλήθειαν

2452 2771 2762 2825 ἀναδιδόντα
2814 2775 2906 2825 καὶ
2938 2775 3010 2842 μὴ
3052 2774 3390 2842 βουλόμενον.
3456 2771 3549 2837 Εἷς
3590 2792 3676 2844 με,
3711 2781 3870 2844 φησὶ,
3902 2778 4020 2845 βιά-

2457 2862 2606 2926 ζεται
2683 2865 2930 2932 οὖράνιος
3006 2867 3062 2927 ὃς
3124 2867 3240 2917 ἐστι
3295 2867 3408 2932 φῶς
3455 2867 3781 2934 τριλαμπές.
3844 2868 3902 2919 Ὀ
3955 2868 4010 2920 δὲ

2452 2954 2640 3006 παθὼν
2706 2956 2836 3016 Θεός
2901 2957 3018 3007 ἐστι
3089 2960 3182 3008 καὶ
3233 2958 3292 3009 0-3
3341 2957 3533 3026 θεότης
3593 2959 3762 3010 πάθεν
3827 2960 4012 3027 αὐτή·

2452 3045 2617 3111 ἄμφω
2669 3047 2777 3114 γὰρ
2821 3046 3048 3115 βροτὸς,
3137 3046 3232 3099 καὶ
3295 3047 3588 3115 ἄμϐροτος.
3657 3051 3826 3110 Δὺτδς
3885 3050 4020 3112 Θεδς

2455 1871 2570 1922 νίαν
2621 1872 2806 1936 σαφῶς
2891 1872 3391 1940 ὑποσημαινούσης,
3447 1875 3493 1923 εί
3539 1873 3717 1941 βούλει
3764 1872 3842 1934 δὲ,

2454 1962 2630 2014 αὐτῶν
2672 1961 3061 2030 ἐπακούσωμεν
3088 1964 3193 2015 τῶν
3224 1965 3512 2033 ῥημάτων.

806 3135 1147 3193 mortalibus,
1209 3149 1446 3197 erucem,
1519 3136 1922 3198 contumeliam,
1991 3131 2490 3223 sepulturam.cﬁ

2337 3177 2349 3192 ,
2379 3167 2421 3223 c
2457 3131 2556 3199 ἥδη
2594 3132 2683 3182 καὶ
2718 3131 2881 3201 ἀνὴρ,
2926 3133 3105 3184 πάντα
3153 3134 3334 3199 φέρων
3380 3136 3444 3185 ἐκ
3489 3133 3720 3201 θνητοῖς,
3762 3136 4021 3204 σταυρὸν,

804 3228 902 3292 Qui
955 3231 1113 3282 etiam
1168 3243 1231 3280 ex
1274 3228 1579 3294 superciliis
1628 3228 1829 3280 calidas
1875 3229 2165 3290 aliquando
2214 3229 2352 3282 fudit

807 3320 1089 3386 lacrymas.
1141 3319 1239 3384 Qui
1278 3320 1516 3387 quinque
1563 3321 1727 3373 millia
1778 3321 2022 3388 implevit
2054 3320 2349 3375 frumento.

809 3409 953 3462 Vtile
987 3411 1129 3462 enim
1171 3422 1253 3463 est
1288 3410 1465 3464 divina
1497 3408 1756 3477 potentia,
1802 3409 2050 3463 Christus
2080 3422 2162 3464 est
2199 3427 2351 3466 meus

808 3497 969 3559 Deus,
997 3499 1087 3564 qui
1139 3500 1191 3550 in
1224 3500 1366 3566 ligno
1393 3498 1493 3551 fuit
1524 3511 1797 3556 extensus.
1839 3499 1929 3566 qui
1964 3509 2227 3562 mortuus,
2258 3501 2352 3568 qui

808 3602 872 3639 ex
914 3587 1187 3652 sepultura
1213 3587 1264 3637 in
1305 3587 1500 3640 caelum
1531 3594 1612 3638 est
1636 3586 1894 3638 sublatus.

878 3673 987 3725 XII.
1013 3673 1134 3726 llaec
1161 3674 1326 3726 refert
1351 3675 1540 3741 Apollo
1561 3674 1694 3727 deus
1730 3683 1872 3731 tuus.
1894 3675 2093 3728 etenim
2115 3691 2237 3728 cum
2260 3676 2350 3737 sit,

806 3773 888 3816 est
915 3777 1106 3831 expers
1161 3763 1433 3830 principii,
1485 3772 1539 3815 et
1591 3773 1890 3821 coaeternus
1934 3779 2056 3818 cum
2093 3765 2224 3829 Deo,
2257 3765 2351 3832 qui

806 3855 1012 3921 genuit,
1049 3854 1396 3920 principium,
1430 3853 1581 3905 radix
1629 3863 1684 3907 et
1743 3854 1862 3908 fons
1908 3855 2173 3908 bonorum
2231 3857 2351 3909 uni-

809 3959 1087 3997 versorum
1116 3960 1130 4006 ;
1163 3953 1217 3995 et
1253 3958 1372 3995 cum
1401 3958 1737 4010 qumcunque
1770 3952 1916 4005 sunt,
1939 3961 2004 3998 ex
2033 3945 2203 3997 nihilo
2228 3961 2352 4012 pro-

806 4031 1071 4091 duxisset,
1111 4045 1285 4097 eaque
1343 4039 1566 4083 ornaret
1614 4046 1677 4084 ac
1709 4042 1939 4101 regeret.
1969 4043 2026 4086 et
2055 4048 2150 4086 sua
2191 4049 2351 4086 manu

807 4122 1129 4182 (ontineret,
1171 4133 1415 4173 nostrum
1448 4136 1621 4189 genus
1645 4131 1727 4175 est
1753 4123 2071 4185 fabricatus,
2111 4132 2167 4176 et
2197 4123 2356 4176 nobis

809 4213 1008 4264 multas
1053 4211 1166 4263 vias
1214 4210 1407 4263 muniit
1436 4211 1500 4263 ad
1551 4211 1800 4286 salutem.
1854 4211 1986 4266 Cum
2033 4227 2128 4266 eos
2172 4221 2354 4266 autem

809 4301 1036 4354 vidisset
1091 4302 1464 4369 supplantatos
1513 4302 1959 4370 transgressione,
1996 4311 2051 4356 et
2107 4304 2354 4358 amisisse

813 4393 985 4459 ipsum
1011 4401 1169 4458 caput
1191 4393 1399 4452 salutis,
1416 4407 1605 4460 nempe
1625 4392 2013 4456 obedientiam,
2039 4394 2150 4462 ipse
2166 4409 2355 4447 rursus

2463 3221 2642 3290 ὓϐριν,
2689 3224 2886 3290 ταφὴν,
2923 3222 2980 3284 ὃς
3029 3222 3124 3274 καὶ
3172 3223 3278 3275 ἀπὸ
3328 3221 3612 3290 βλεφάρων
3659 3225 3785 3276 πτιτέ
3823 3227 4021 3293 χεύατο

2456 3312 2665 3381 δάκρυα
2696 3312 2891 3381 θερμὰ,
2917 3313 2974 3375 δς
2996 3312 3154 3365 πέντε
3176 3313 3418 3382 χιλιάδας
3442 3315 3630 3383 πυρῶν
3665 3317 3874 3383 κῦρεσε.
3950 3319 4026 3368 Τὸ

2462 3403 2569 3470 γὰρ
2597 3402 2748 3454 θέλεν
2770 3401 3038 3471 ἄμϐροτος
3067 3403 3227 3470 ἀλκή.
3263 3402 3490 3470 Χριστὸς
3519 3403 3648 3462 Θεὸς
3681 3404 3810 3470 ἐμός
3846 3405 4018 3466 ἐστιν,

2460 3491 2518 3551 ὃς
2580 3492 2635 3541 ἐν
2688 3489 2826 3560 ξύλῳ
2887 3489 3236 3558 ἐξετανύσθη,
3284 3490 3340 3554 ὃς
3399 3489 3578 3553 θάνεν,
3630 3490 3688 3553 ὃς
3741 3494 3803 3544 ἐκ
3842 3495 4020 3560 ταφῆς

2460 3583 2538 3642 είς
2569 3584 2730 3635 πόλον
2753 3577 2914 3651 ὦρτο.

2533 3674 2610 3728 ιη’
2626 3716 2640 3729 .
2679 3673 2866 3726 Ταῦτα
2899 3673 3173 3727 Ἀπόλλων
3195 3673 3443 3738 διέξεισιν
3461 3675 3488 3726 ό
3515 3675 3644 3736 Θεὸς
3662 3691 3753 3727 σου
3773 3691 3786 3705 ·
3814 3675 4018 3744 Κύριος

2461 3767 2570 3834 γὰρ
2602 3765 2939 3833 συνάναρχος
2971 3764 3045 3815 ὢν
3067 3763 3143 3832 τῷ
3169 3765 3540 3831 γεγεννηκότι,
3567 3764 3851 3826 συναῗδιος,
3871 3766 4016 3832 ἀρχὴ

2462 3858 2556 3911 καὶ
2587 3856 2712 3925 ῥίζα
2762 3857 2856 3907 καὶ
2906 3855 3054 3926 πηγὴ
3099 3856 3204 3907 τῶν
3242 3854 3460 3923 ἀγαθῶν
3507 3857 3761 3909 ἁπάντων
3807 3858 3899 3908 καὶ
3949 3857 4020 3908 τά

2464 3947 2638 3998 πάντα
2686 3946 2745 4008 ἐξ
2793 3946 2893 3998 οὐκ
2934 3946 3100 3998 όντων
3132 3946 3487 4014 παραγαγὼν,
3531 3947 3625 3999 καὶ
3655 3948 4021 4014 κατακοσμῶν

2465 4033 2605 4084 αὺτά
2661 4035 2754 4085 καὶ
2804 4032 3111 4100 διακρατῶν
3143 4035 3238 4084 καὶ
3272 4034 3534 4102 συνέχων,
3564 4035 3738 4102 οἰκείᾳ
3781 4036 3923 4100 χειρὶ
3961 4035 4022 4086 τὸ

2463 4125 2738 4192 ἡμέτερον
2786 4123 3187 4192 ἐδημιούργησε
3236 4124 3413 4189 γένος,
3456 4123 3550 4175 καί
3598 4123 3795 4183 πολλὰς
3826 4124 4023 4190 ἔτεμεν

2461 4215 2592 4280 ἡμῖν
2612 4213 2690 4274 είς
2716 4213 2986 4282 σωτηρίαν
3019 4213 3191 4275 ὁδούς.
3237 4214 3396 4266 Ἐπεὶ
3434 4214 3490 4266 δέ
3532 4214 4022 4278 ὐποσκελισθέντας

2464 4299 2572 4354 εἶδε
2607 4305 2672 4372 τῇ
2704 4302 3040 4371 παραϐάσει,
3069 4304 3162 4355 καὶ
3190 4303 3253 4355 τὸ
3283 4303 3578 4370 κεφάλαιον
3607 4305 3740 4357 αὐτὸ
3769 4309 3865 4373 τῆς
3909 4324 4020 4358 σω-

2461 4394 2678 4462 τηρίας,
2707 4395 2805 4461 τὴν
2837 4393 3100 4463 ὑπακοὴν,
3150 4395 3610 4462 ἀποεεὸληκότας,
3639 4396 3697 4448 τὸ
3727 4396 4021 4462 κεφάλαιον

811 4482 940 4535 facit
978 4483 1048 4545 id,
1084 4483 1226 4550 quod
1268 4492 1350 4536 est
1382 4492 1540 4550 caput
1566 4483 1779 4547 salutis;
1807 4485 1972 4552 etqui
2002 4495 2084 4538 est
2117 4485 2359 4555 ejusdem
2397 4495 2438 4548 ο
2464 4499 2497 4534 π

2333 4499 2359 4536 η
2397 4484 2624 4548 οπάλιν
2675 4484 2838 4545 αὐτὸς
2881 4483 2978 4552 τῆς
3029 4485 3299 4554 σωτηρίας
3353 4483 3671 4551 ἐργάζεται,
3715 4486 3806 4537 καὶ
3840 4487 3866 4537 ό
3920 4486 4019 4553 τῆς

813 4579 1037 4630 naturae.
1063 4571 1217 4638 cujus
1240 4582 1412 4638 pater,
1431 4571 1487 4622 lit
1515 4581 1731 4638 propter
1760 4587 1858 4625 nos
1886 4571 1961 4633 id,
1985 4572 2129 4640 quod
2159 4587 2277 4640 ego,
2305 4581 2360 4626 et

811 4670 1056 4714 versatur
1075 4661 1230 4712 simul
1257 4676 1376 4713 cum
1407 4661 1740 4723 hominibus,
1761 4670 1817 4714 et
1839 4661 1954 4714 obit
1976 4673 2172 4715 terram
2199 4662 2361 4715 casti-

811 4766 962 4818 gans.
1015 4750 1332 4812 admonens,
1366 4750 1587 4814 docens,
1622 4753 1802 4805 omnia
1835 4751 2039 4805 faciens
2081 4762 2137 4804 et
2169 4768 2363 4820 procu-

816 4855 960 4892 rans.
1023 4840 1226 4893 Deinde
1291 4841 1454 4892 etiam
1509 4841 1654 4896 subit
1703 4853 1931 4894 mortem
1983 4858 2081 4911 pro
2136 4843 2357 4910 ingratis

811 4928 1064 4989 famulis,
1135 4944 1364 4997 eamque
1426 4930 1991 4998 ignominiosissimam
2027 4970 2042 4994 ,
2107 4932 2361 4998 conspui-

817 5028 1012 5082 turque
1062 5026 1117 5069 et
1174 5017 1421 5083 colaphis
1461 5018 1712 5083 caeditur,
1754 5027 1809 5073 et
1855 5019 2092 5072 sustinet
2138 5017 2364 5072 Creator

813 5105 1016 5169 omnia,
1047 5120 1164 5173 quae
1185 5109 1527 5159 condemnati
1566 5125 1580 5160 :
1618 5117 1673 5159 et
1705 5106 1843 5161 facta
1885 5116 2018 5161 sunt
2048 5107 2160 5161 haec
2182 5108 2362 5159 omnia

816 5207 1034 5264 prepter
1078 5212 1197 5255 nos.
1237 5207 1294 5249 ut
1327 5198 1632 5251 solveretur
1668 5198 1840 5266 prima
1868 5197 2274 5261 condemnatio,
2308 5207 2364 5253 et

816 5288 881 5338 de
907 5287 1087 5340 medio
1121 5288 1401 5341 tolleretur
1433 5289 1671 5358 tyrannis
1701 5288 1924 5351 diaboli,
1955 5297 2010 5341 et
2037 5290 2160 5342 οωιί
2192 5298 2360 5358 porte

820 5381 971 5433 nabis
1000 5396 1188 5435 rursus
1226 5382 1588 5448 aperirentur,
1625 5398 1760 5451 quas
1789 5383 1924 5435 male
1961 5384 2118 5436 nobis
2163 5384 2356 5436 clausi-

818 5485 957 5521 mus.
1011 5471 1074 5522 Et
1102 5487 1202 5525 nec
1249 5472 1525 5539 hucusque
1566 5472 1785 5541 quidem
1832 5474 1979 5525 stetit
2030 5490 2045 5526 :
2097 5473 2190 5526 sed
2239 5489 2360 5527 cum

816 5561 980 5613 etiam
1017 5563 1176 5614 tertio
1209 5563 1296 5616 die
1330 5565 1674 5627 surrexisset,
1706 5575 1760 5616 et
1798 5564 1850 5616 in
1884 5563 2049 5616 caelos
2076 5562 2358 5616 ascendis-

818 5659 920 5714 set,
967 5651 1106 5704 unde
1135 5653 1303 5714 venit,
1347 5652 1671 5705 ineffabilem
1711 5653 1884 5706 sancti
1934 5652 2171 5720 Spiritus
2203 5652 2360 5706 nobis

819 5739 1038 5794 donavit
1090 5742 1336 5811 gratiam,
1390 5755 1438 5797 ct
1481 5744 1624 5798 misit
1669 5745 1980 5812 discipulos,
2025 5742 2168 5796 illius
2204 5758 2358 5795 man-

2464 4572 2635 4639 αὐτῆς
2670 4572 2745 4640 τῷ
2781 4573 2955 4639 Πατρὶ
2989 4573 3203 4638 φύσεως
3233 4571 3327 4634 ὣν,
3369 4573 3576 4638 γίνεται
3607 4572 3674 4625 δι’
3708 4574 3852 4640 ἡμᾶς
3882 4573 4023 4643 ὅπερ

2462 4661 2594 4726 ἐγὼ,
2647 4663 2742 4712 καὶ
2801 4661 3296 4729 συναναστρέφεται
3352 4662 3463 4723 τοῖς
3520 4661 3848 4730 ἀνθρώποις,
3923 4663 4022 4715 καὶ

2465 4751 2754 4820 περιπολεῖ
2787 4755 2883 4820 τὴν
2911 4753 3038 4820 γῆν,
3072 4753 3361 4817 παιδεύων,
3410 4752 3692 4817 νουθετῶν,
3723 4753 4018 4815 διδάσκων,

2464 4842 2645 4893 πάντα
2701 4842 2871 4892 ποιῶν
2948 4843 3087 4912 ὑπὲρ
3140 4841 3296 4910 ἡμῶν
3347 4842 3440 4892 καὶ
3474 4843 4018 4911 πραγματευόμενος.

2465 4931 2594 4984 Εἶτα
2650 4934 2744 4984 καὶ
2793 4931 3023 4984 θάνατον
3078 4931 3218 5001 ὺπέρ
3255 4930 3362 4982 τῶν
3408 4931 3735 5000 ἀγνωμόνων
3790 4930 4022 4983 οἰκετῶν

2463 5021 2836 5087 καταδέχεται,
2864 5022 2956 5072 καὶ
2983 5020 3217 5074 θάνατον
3253 5020 3613 5072 ἐπονείδιστον
3647 5024 3741 5073 καὶ
3773 5023 4022 5088 ἐμπτύε-

2464 5122 2575 5172 ται,
2600 5107 2692 5160 καὶ
2721 5108 3028 5176 ραπίζεται,
3075 5107 3168 5158 καὶ
3205 5108 3308 5158 ὅσα
3346 5107 3452 5157 τῶν
3481 5106 3786 5158 καταδίκων
3819 5109 3846 5158 ό
3905 5111 4016 5174 Δη-

2468 5199 2723 5267 μιουργὸς
2798 5198 3076 5264 ὑπομένει.
3121 5198 3227 5248 Καὶ
3277 5195 3449 5247 ταῦτα
3495 5199 3673 5248 πάντα
3722 5197 3910 5262 γέγονε
3948 5197 4019 5248 δι’

2466 5290 2639 5360 ἡμᾶς,
2671 5289 2813 5348 ὅπως
2843 5289 2874 5354 ἠ
2908 5287 3096 5356 πρώτη
3129 5285 3392 5353 καταδίκη
3417 5284 3572 5353 λυθῇ,
3624 5285 3719 5336 καὶ
3756 5286 4019 5354 ἀναιρεθῇ

2464 5379 2560 5432 τοῦ
2591 5376 2834 5429 διαόόλου
2879 5379 2910 5443 ὴ
2952 5377 3228 5446 τυραννὶς,
3275 5377 3366 5428 καὶ
3397 5376 3659 5441 ἀνοιγῶσι
3687 5377 3850 5427 πάλιν
3888 5380 4022 5445 ἡμῖν

2465 5467 2689 5537 οὐρανοῦ
2734 5465 2917 5528 πύλαι,
2975 5467 3042 5528 ἃς
3094 5468 3276 5527 κακῶς
3329 5466 3542 5526 ἑαυτοῖς
3591 5465 4017 5534 ἀπεκλεὶσαμσν.

2461 5561 2569 5610 Καὶ
2600 5558 2718 5610 ούδέ
2778 5558 2937 5627 μέχρι
2985 5558 3189 5609 τοζτων
3224 5558 3374 5625 ἔστη,
3410 5555 3544 5607 ἀλλά
3590 5556 3685 5607 καὶ
3715 5559 4018 5624 τριήμερος

2465 5650 2724 5714 ἀναστάς,
2777 5652 2871 5701 καὶ
2928 5648 3169 5701 ἀνελθὼν
3221 5649 3298 5710 είς
3355 5650 3479 5710 τοὺς
3544 5648 3844 5716 οὐρανοὺς,
3893 5647 4017 5698 ὅθεν

2467 5740 2741 5810 ἐλήλυθεν,
2777 5739 3087 5808 Π-ιέεύμεντος
3115 5737 3204 5792 τοῦ
3245 5741 3396 5807 ἁγίου
3438 5739 3642 5805 ἄφατον
3667 5739 3798 5808 ἡμῖν
3826 5737 4015 5806 ἐχαρίς
