4270 6428
280 388 386 461 989

278 616 650 687 κηρύττοντας
699 619 951 683 ἐντολάς,
991 619 1167 673 πάντα
1208 620 1299 671 καὶ
1344 620 1540 682 αὐτοὺς
1591 618 1833 672 κίνδυνον

273 710 723 778 ἀναδεχομένους,
757 712 849 763 καὶ
882 710 1270 779 καθημερινοτς
1300 710 1548 771 θανάτοις
1568 711 1833 779 έγκαρτεο

278 800 527 867 ροῦντας,
559 800 697 853 ὥστε
732 802 823 853 τὸν
857 804 983 870 περὶ
1011 801 1189 871 ψυχῆς
1271 802 1400 871 ἡμῖν
1441 800 1669 855 θάνατον
1734 802 1834 852 επ-

277 888 512 957 αμΰναι,
557 895 649 944 καὶ
703 894 1002 961 ἀποστῆναι
1057 894 1235 946 πᾶσαν
1272 892 1489 962 ἀπάτην
1514 893 1689 963 ημῶν,
1742 892 1835 945 καὶ

275 982 377 1047 τὴν
410 983 738 1052 οἰκουμένην
768 984 918 1054 αὐτῷ
946 982 1294 1051 παραστῆσαι
1325 986 1524 1036 πᾶσαν.
1548 984 1647 1037 Διά
1679 982 1835 1035 τοῦτο

276 1071 384 1140 χρὴ
417 1072 504 1125 διά
541 1075 758 1128 πάντων
784 1075 962 1127 ἐλθεῖν
995 1075 1089 1128 καὶ
1116 1076 1288 1143 ἡμᾶς,
1322 1075 1417 1127 καὶ
1449 1076 1556 1128 τῶν
1582 1074 1833 1143 παθημά-

273 1175 388 1213 των
427 1164 577 1232 αὐτῷ
631 1165 982 1233 κοινωνῆσαι,
1028 1170 1342 1234 συμφύτους
1394 1166 1713 1234 γενομένους
1756 1164 1832 1232 τῷ

274 1254 587 1322 ὁμοιώματι
643 1256 737 1308 τοῦ
791 1256 1043 1319 θανάτου,
1095 1258 1179 1311 ἵνα
1218 1259 1310 1310 καὶ
1357 1258 1456 1325 τῆς
1487 1259 1831 1318 ἀναστάσεως

276 1346 373 1397 καὶ
403 1349 499 1414 τῆς
536 1346 807 1415 βασιλείας
836 1348 984 1416 αὒτῷ
1011 1352 1446 1419 κοινωνήσωμιν.
1474 1349 1693 1411 Τούτοις
1739 1348 1831 1401 οόν

273 1436 375 1487 καὶ
438 1437 496 1487 σὲ
553 1437 835 1505 πεισθῆναι
884 1444 1173 1507 προσήκει,
1212 1440 1308 1492 καὶ
1339 1440 1499 1491 αὐτὸν
1541 1440 1830 1505 ἐπιγνῶναι

275 1526 412 1578 Θεὸν
454 1527 651 1597 ἀληθῆ,
680 1528 774 1580 καὶ
802 1529 1147 1599 οἰκειωθῆναι
1175 1528 1250 1598 τῷ
1288 1530 1495 1596 λέγοντι
1524 1546 1535 1559 ·
1575 1551 1591 1581 ι
1632 1530 1828 1593 Δεῦτε,

276 1618 482 1680 πάντες
512 1618 877 1680 οἱκοπιῶντες
908 1621 1001 1671 καὶ
1047 1619 1482 1687 πεφορτισμένοι,
1526 1620 1675 1686 κάγὼ
1704 1622 1829 1673 ἀνα-

279 1707 483 1759 παύσω
513 1708 677 1773 ὑμᾶς.
709 1725 725 1757 s
762 1707 820 1759 Εί
851 1707 904 1759 δὲ
942 1709 1014 1777 μὴ
1038 1709 1267 1777 τούτοις,
1301 1710 1437 1761 ἀλλά
1459 1711 1570 1772 τοῖς
1591 1710 1693 1762 ὑπὸ
1723 1711 1830 1761 τῶν

277 1795 390 1847 σῶν
435 1794 575 1846 θεῶν
602 1811 663 1847 τε
700 1796 789 1847 καὶ
823 1796 1060 1864 ποιητῶν
1089 1798 1397 1866 εἰρημένοις
1427 1812 1440 1827 ·
1485 1798 1700 1858 πάντως
1723 1800 1829 1866 γάρ

277 1903 360 1939 σοι
400 1886 493 1937 καὶ
522 1889 549 1939 ό
577 1888 741 1956 σοφὸς
770 1856 1018 1950 Πλάτῶν,
1050 1856 1482 1957 καὶ-όημουσι-κδς
1520 1856 1767 1958 Ὀρφώς,
1866 1856 1903 1909 Β

276 1982 373 2031 καὶ
403 1978 589 2046 ἀψυχα
614 1982 678 2047 τῇ
712 1979 849 2049 λύρα
885 1980 1070 2042 κινῶν,
1094 1980 1167 2043 ὡς
1198 1981 1353 2048 λόγος
1385 1998 1397 2011 ·
1432 1981 1509 2032 ἔτι
1539 1981 1592 2032 δέ
1620 1998 1701 2033 σοι
1740 1981 1831 2032 καὶ

274 2070 301 2116 ὀ
334 2070 579 2133 γενναῖος
609 2070 816 2131 ἐκεῖνος
854 2068 1128 2121 Ἀπόλλων
1158 2070 1185 2121 ό
1215 2070 1454 2139 καθαρὸς
1479 2112 1491 2133 ,
1540 2069 1832 2140 διαρρήδην

278 2158 443 2210 αὑτὸν
474 2160 567 2211 καί
599 2160 823 2221 ἀκοντες
858 2158 1251 2228 άνομολογοῦσι
1284 2159 1415 2211 Θεὸν
1441 2198 1456 2222 ,
1492 2162 1585 2212 καί
1638 2175 1689 2213 τι
1738 2161 1833 2211 καὶ

273 2247 459 2299 αὲτῶν
493 2248 817 2317 παρεδεῐχθη
863 2249 960 2318 τῆς
987 2249 1244 2318 ἀληθείας
1268 2266 1282 2282 ο
1315 2248 1455 2302 ῶστε
1497 2250 1674 2302 πᾶσαν
1720 2250 1831 2311 τοῖς

276 2339 506 2390 ἀσεϐέσι
573 2341 845 2408 πρόφασιν
882 2339 1293 2408 περιαιρεθῆναι
1347 2339 1463 2392 κᾶν
1486 2340 1639 2392 αὐτοὶ
1683 2341 1831 2407 ιμω.

279 2428 580 2496 ράνθησαν,
630 2431 722 2481 καὶ
774 2429 1063 2497 βλέποντες
1098 2429 1198 2498 οὐχ
1240 2428 1449 2498 ἑώρων,
1481 2429 1575 2481 καὶ
1604 2428 1830 2482 ἀκούονο

273 2534 365 2579 τες
402 2518 459 2569 οὑ
496 2520 768 2570 συνίεσαν.

350 2606 447 2659 II".
485 2608 703 2670 Τούτοις
728 2609 1141 2676 καταπλαγέντα
1183 2608 1272 2661 τὸν
1298 2610 1497 2680 ῥήτορα
1528 2608 1620 2663 καὶ
1663 2608 1831 2677 αὐτὴν

275 2698 631 2767 επισχεθέντα
676 2700 771 2768 τὴν
799 2700 1042 2766 γλῶτταν
1081 2703 1109 2752 ό
1158 2700 1415 2762 Βασιλεὺς
1477 2700 1827 2770 θεασάμενος,

277 2792 415 2858 πρὸς
441 2789 531 2842 τὸν
580 2789 870 2841 ὑπόλοιπον
901 2790 1158 2856 σύλλογον
1185 2790 1293 2842 τῶν
1315 2789 1555 2859 ρητόρων
1581 2794 1832 2859 ἐπιστρα-

280 2880 403 2945 φεὶς
432 2878 763 2948 προσϐαλεῖν
799 2880 892 2931 καὶ
943 2879 1136 2937 αὐτοὺς
1179 2882 1246 2949 τῇ
1300 2881 1536 2951 μάρτυρι
1580 2881 1832 2951 προετρέ-

278 2984 434 3021 πετο.
471 2970 534 3021 OI
565 2969 620 3023 δι
651 2970 851 3031 εὐθέως
881 2969 1289 3038 ἀπαγορεύουσι
1331 2974 1421 3023 τὸν
1464 2971 1673 3038 ἀγῶνα,
1717 2972 1831 3025 Οὐκ

278 3057 479 3127 ἔχομεν
505 3057 823 3123 ἀντιθεῖναι,
858 3062 1127 3123 εἰπόντες,
1164 3061 1300 3130 πρὸς
1325 3060 1470 3130 άπερ
1501 3061 1638 3129 αὐτὴ
1674 3079 1825 3131 φησι,

1340 394 1802 454 MABTYRIUM
1846 393 1899 453 S.
1947 394 2432 454 C.\'I'HARlN.l-I.

277 543 410 579 imo
461 528 642 595 χάριν,
705 529 796 581 καὶ
847 528 1099 598 μαθητὰς
1145 528 1431 581 ἀπέστειλε
1476 528 1574 589 τάς
1621 527 1830 581 ἑκείνου
1867 511 1963 581 Ad

847 528 1099 598 μαθητὰς
1145 528 1431 581 ἀπέστειλε
1476 528 1574 589 τάς
1621 527 1830 581 ἑκείνου
1867 511 1912 567 Α
1942 530 2061 582 data
2106 531 2463 598 praedicantes
2513 550 2522 583 :

3375 398 3488 461 200

2585 532 2676 600 qui
2707 530 2806 598 ipsi
2840 545 3055 600 quoque
3085 544 3244 585 omne
3277 530 3488 598 pericu-

1941 622 2050 674 Inm
2086 622 2361 683 subibant,
2396 632 2448 675 et
2496 633 2724 676 mortem
2757 624 2999 690 quotidie
3032 623 3398 684 sustinebant,
3430 634 3489 676 ut

1940 716 2131 767 animre
2181 726 2409 768 mortem
2468 730 2496 767 a
2551 717 2706 769 nobis
2765 714 3119 781 depelli-ret,
3166 725 3220 769 et
3262 729 3483 769 onmem

1938 819 2180 857 errorem
2211 821 2238 855 a
2279 804 2435 857 nobis
2466 805 2816 861 adducerent,
2857 816 2909 858 et
2956 805 3269 857 universum
3297 820 3485 857 ornem

1942 906 2096 949 terra:
2130 896 2193 947 ad
2231 911 2352 949 eum
2398 894 2753 950 adducerent.
2806 896 3093 963 PrOptirca
3143 906 3355 962 oportet
3392 910 3487 947 nos

1940 1000 2157 1052 quoque
2211 987 2391 1040 omnia
2433 987 2776 1055 persuadere.
2804 995 2857 1037 et
2900 1001 3019 1038 esse.
3049 986 3261 1052 particii
3282 999 3341 1038 ei
3371 986 3419 1053 ej
3447 1000 3489 1037 is

1940 1080 2384 1145 perpessionum,
2444 1078 2832 1145 complantatos
2901 1076 3240 1130 similitudini
3297 1077 3487 1130 mortis

1937 1171 2075 1237 ejus.
2111 1181 2167 1222 ut
2192 1170 2609 1224 resurrectionis
2641 1179 2692 1222 et
2727 1168 2876 1235 regni
2914 1168 3084 1221 simus
3112 1182 3235 1221 cum
3261 1183 3327 1221 eo
3363 1183 3487 1235 par-

1942 1260 2135 1328 ticipes
2167 1262 2207 1313 '.
2282 1258 2377 1326 Opi
2401 1269 2505 1311 rtet
2533 1274 2660 1326 ergo
2693 1266 2740 1309 te
2775 1270 3011 1324 quoque,
3041 1255 3123 1308 his
3149 1256 3483 1323 persuaderi.

1937 1361 1990 1401 et
2021 1350 2192 1414 ipsum
2218 1364 2400 1401 verum
2430 1349 2595 1399 Deum
2633 1362 2945 1415 agnoscere,
2986 1359 3039 1399 et
3071 1346 3119 1399 ei
3161 1346 3480 1398 familiarem

1938 1438 2097 1500 eilici,
2127 1440 2216 1505 qui
2259 1438 2392 1491 dicit
2429 1453 2443 1490 :
2479 1455 2497 1487 ι
2534 1437 2747 1498 Venite,
2790 1451 2976 1489 omnes
3010 1438 3100 1504 qui
3137 1437 3394 1490 laboratis
3426 1429 3483 1490 ct

1938 1530 2147 1583 onerati
2183 1530 2335 1590 estis,
2367 1540 2419 1582 et
2449 1544 2548 1598 ego
2585 1527 2821 1583 reﬁciam
2850 1542 2944 1580 vos
2980 1528 3017 1579 ⁸.
3058 1546 3074 1577 ι
3107 1527 3259 1591 Quod
3298 1529 3342 1581 si
3376 1544 3481 1580 non

1938 1619 2041 1680 his,
2100 1629 2150 1671 at
2200 1620 2264 1672 iis
2310 1620 2522 1678 saltem,
2564 1634 2684 1683 qua:
2714 1617 2854 1670 dicta
2903 1626 3032 1670 sunt
3073 1632 3100 1670 a
3150 1618 3255 1671 diis
3289 1620 3395 1672 tuis
3427 1630 3483 1672 et

1936 1708 2128 1777 poetis.
2166 1706 2398 1761 Omnino
2426 1710 2570 1761 cnim
2595 1709 2693 1760 tibi
2721 1717 2775 1759 et
2821 1709 3036 1774 sapiens
3065 1707 3236 1768 Plato,
3270 1720 3323 1762 et
3364 1725 3482 1760 mu-

1936 1798 2080 1850 sicus
2109 1796 2371 1865 Orpheus,
2426 1802 2518 1865 qui
2567 1813 2660 1852 sua
2695 1799 2826 1867 lyra,
2882 1807 2939 1849 ut
2997 1800 3187 1862 lertur,
3227 1799 3479 1853 movebat

1931 1890 2091 1941 etiam
2120 1889 2440 1952 inanimata;
2476 1902 2729 1959 praeterea
2755 1900 2935 1943 autem
2974 1892 3225 1958 egregius
3258 1908 3475 1961 quoque

1934 1978 2020 2031 ille
2048 1992 2211 2045 purus
2240 1979 2437 2045 Apollo
2472 1993 2596 2030 cum
2629 1979 2720 2030 tibi
2749 1978 2827 2030 vel
2862 1977 3011 2029 iniiti
3044 1978 3389 2041 conﬁtentur,
3424 1990 3477 2034 et

1930 2067 2176 2120 veritatis
2226 2067 2431 2134 aliquid
2485 2069 2552 2119 ab
2602 2067 2681 2121 eis
2722 2077 2803 2119 est
2854 2078 3154 2128 ostensum,
3210 2076 3267 2119 ut
3299 2071 3478 2122 omnis

1931 2154 2115 2222 impiis
2168 2157 2448 2209 tolleretur
2482 2157 2948 2215 occasio,ctiamsi
3012 2156 3113 2223 ipsi
3164 2168 3288 2211 sunt
3338 2158 3475 2212 inla-

1931 2246 2087 2308 tuati,
2114 2253 2169 2299 et
2216 2246 2465 2302 videntes
2491 2261 2593 2302 non
2642 2248 2918 2311 viderunt,
2964 2259 3018 2302 et
3045 2248 3329 2303 audientes
3368 2265 3474 2304 non

1935 2337 2334 2393 intellexerunt.

2003 2604 2139 2658 XIII.
2173 2602 2267 2657 llis
2304 2602 2652 2671 obstupuisse
2683 2615 2977 2667 oratorem,
3014 2617 3067 2661 et
3095 2605 3211 2673 eius
3240 2606 3474 2677 linguam

1930 2698 2089 2768 plane
2148 2697 2486 2750 obmutuisse
2543 2711 2661 2749 cum
2716 2696 2939 2751 vidisset
3018 2699 3329 2766 imperator,
3406 2701 3472 2753 ad

1929 2788 2227 2842 oratorium
2287 2788 2555 2855 reliquum
2625 2796 2824 2842 emtum
2856 2804 3176 2851 conversus,
3219 2791 3471 2843 hortatus

1929 2889 2030 2939 est,
2062 2887 2122 2931 ut
2151 2877 2251 2945 ipsi
2281 2892 2498 2945 quoque
2554 2878 2977 2946 aggrederentur
3033 2887 3340 2947 martyrem.
3397 2877 3472 2931 Ill.‘

1931 2976 2109 3022 autem
2146 2967 2330 3022 statim
2358 2967 2665 3020 detractant
2715 2977 3010 3030 certamen,
3041 2967 3283 3021 dicentcs
3314 2990 3323 3021 :
3356 2968 3473 3021 Non

1933 3072 2244 3127 possumus,
2272 3072 2305 3111 o
2340 3057 2653 3124 imperator,
2719 3056 2919 3125 aliquid
2950 3072 3226 3125 opponere
3285 3065 3474 3111 contra

280 3148 527 3216 βασιλεῦ,
580 3149 677 3201 καὶ
721 3150 957 3217 μάλιστα
997 3150 1079 3202 ὅτι
1128 3150 1221 3202 καὶ
1260 3150 1351 3203 τὸν
1400 3154 1629 3221 ἀριστον
1674 3154 1828 3223 ἡμῶν
1856 3182 1898 3241 c
1928 3162 1966 3199 οῖ

1787 3156 1828 3205 ιν
1856 3182 1898 3241 c
1928 3162 1991 3199 ea
2016 3160 2133 3214 qua:
2155 3146 2285 3197 dicit
2316 3161 2329 3197 :
2359 3155 2413 3199 et
2442 3147 2692 3209 maxime,
2729 3146 2871 3214 quod
2899 3161 3021 3200 eum
3052 3146 3144 3214 qui
3202 3154 3285 3200 est
3334 3149 3473 3202 inter

278 3240 424 3293 οὓτω
446 3240 631 3303 δεινῶς
657 3240 748 3292 ὑπ’
770 3240 939 3309 αὐτῆς
964 3242 1269 3311 ἡττημένον
1290 3243 1527 3312 ὁρῶμεν.
1567 3244 1829 3297 Ἐνταῦθα

276 3332 307 3382 ό
344 3332 643 3397 Μαξέντιος
672 3333 773 3383 οὐκ
818 3332 1055 3397 ἐνεγκὼν
1087 3332 1183 3401 τὴν
1218 3334 1451 3401 μανίαν,
1496 3334 1705 3386 κελεύει
1730 3335 1827 3386 αὑο

279 3424 410 3475 τίκα
444 3426 623 3493 πυρὰν
654 3424 793 3474 κατά
825 3424 994 3490 μέσην
1024 3423 1327 3491 ἀναφθῆναι
1374 3423 1471 3493 τὴν
1518 3425 1693 3489 πόλιν,
1734 3426 1830 3477 καὶ

282 3512 455 3581 ταύτῃ
487 3514 613 3574 τοὺς
644 3515 984 3579 πεντήκοντα
1014 3514 1247 3581 ῥήτορας
1282 3513 1642 3583 ἐμϐληθῆναι.
1677 3516 1739 3567 Ui
1774 3515 1830 3569 δι

279 3600 379 3668 τῆς
414 3604 735 3666 ἀποφάσεως
778 3600 1107 3659 ἀκούσαντες
1138 3600 1345 3669 ταύτης
1396 3602 1649 3655 πίπτωσι
1695 3602 1830 3670 πρὸς

282 3692 409 3751 τοὺς
444 3691 741 3758 μακαρίους
773 3690 982 3756 ἐκείνης
1016 3690 1206 3752 πόδας,
1234 3692 1327 3741 καὶ
1356 3691 1571 3759 θερμῶς
1600 3692 1826 3745 έκλιπα-

288 3779 442 3847 ροῦσι
490 3780 584 3831 καὶ
648 3778 949 3830 ἱκετεύουσι
1007 3778 1425 3847 συγχωρηθῆναι
1494 3780 1592 3848 μὶν
1647 3784 1827 3845 αὐτοῖς

279 3872 429 3939 παρά
453 3870 544 3922 τοῦ
570 3869 784 3938 εκείνης
810 3867 967 3931 Θεοῦ,
1002 3869 1114 3938 ῆτι
1154 3870 1246 3921 καὶ
1288 3870 1347 3919 ἰν
1419 3869 1607 3939 ἀγνοίᾳ
1654 3873 1829 3941 ἡμάρ-

281 3978 460 4030 τηται,
496 3958 893 4027 καταξιωθῆναι
922 3976 979 4010 τε
1025 3959 1222 4020 αὐτοὺς
1252 3961 1457 4012 καὶτοῦ
1485 3961 1625 4013 θείου
1645 3963 1831 4029 βατττὶ-

283 4067 513 4119 σματος,
544 4052 638 4102 καὶ
668 4050 763 4116 τῆς
791 4049 997 4117 δωρεάς
1027 4048 1123 4101 τοῦ
1160 4049 1318 4116 ἀγίου
1354 4050 1688 4117 Πνεύματος,
1736 4054 1829 4105 καὶ

278 4143 353 4205 ὡς
380 4142 602 4194 δυνατὸν
630 4141 819 4207 ἐκείνῳ
850 4140 1217 4205 οίκειωθῆναι.
1276 4142 1416 4210 Πρὸς
1436 4144 1605 4196 ταῦτα
1633 4143 1827 4211 ἡδονῆς

284 4235 315 4299 ή
360 4232 567 4299 μάρτυς
616 4230 765 4289 θείας
813 4229 1238 4297 ὑποπλησθείσα,
1283 4231 1576 4299 Μακάριοι,
1636 4234 1823 4299 φησιν,

1928 3250 2026 3289 nos
2053 3236 2545 3298 praestantissimus,
2576 3246 2680 3289 tam
2738 3237 2970 3305 graviter
3029 3237 3273 3291 videmus
3304 3239 3371 3290 ab
3408 3252 3470 3291 ea

1927 3336 2259 3393 superatum.
2345 3326 2495 3379 Tunc
2561 3326 2866 3380 Maxentius
2925 3343 3031 3382 non
3092 3338 3282 3395 potens
3330 3328 3472 3382 ferre

1929 3414 2188 3477 furorem,
2238 3416 2392 3484 jubet
2452 3417 2633 3468 statim
2712 3432 2904 3485 rogum
2936 3419 3154 3470 accendi
3184 3419 3237 3471 in
3297 3420 3470 3472 media

1930 3506 2172 3565 civitate,
2204 3514 2259 3558 et
2291 3506 2343 3557 in
2386 3520 2511 3557 eum
2578 3506 2722 3574 injici
2774 3507 3163 3576 quinquaginta
3202 3518 3472 3565 oratores.

1930 3595 2008 3647 Illi
2040 3604 2249 3655 autem,
2314 3595 2413 3647 hac
2477 3595 2661 3648 audita
2720 3598 3010 3657 sententia,
3082 3597 3471 3664 prociduntad

1928 3680 2073 3733 illius
2106 3681 2275 3733 beatae
2311 3682 2493 3748 pedes,
2522 3692 2579 3735 et
2630 3697 2749 3735 eam
2786 3684 3133 3738 vehementer
3182 3687 3473 3739 obsecrant

1928 3778 1981 3821 et
2008 3769 2337 3835 supplicant,
2368 3779 2424 3821 ut
2452 3770 2520 3821 ah
2544 3769 2686 3824 illius
2734 3769 2842 3823 Deo
2884 3770 2966 3823 eis
2999 3771 3390 3839 ignosceretur,
3423 3772 3469 3825 si

1928 3858 2057 3927 quid
2088 3860 2155 3913 ab
2182 3860 2262 3912 eis
2293 3868 2570 3927 peccatum
2614 3861 2687 3913 sit
2722 3860 3046 3927 ignorantia,
3109 3870 3165 3914 et
3196 3872 3250 3915 ut
3285 3862 3469 3915 divino

1928 3950 2283 4019 dignarentur
2310 3950 2575 4017 baptismo
2609 3960 2665 4003 et
2692 3950 2838 4003 dono
2880 3950 3052 4004 sancti
3122 3952 3371 4019 Spiritus,
3411 3964 3469 4007 et

1928 4040 2102 4107 quoad
2156 4042 2275 4109 ejus
2332 4040 2445 4094 ﬁeri
2478 4050 2679 4109 posset,
2718 4042 2797 4094 illi
2863 4043 3341 4111 coniungerentur.
3387 4045 3465 4097 Ad

1927 4128 2040 4182 haec
2065 4139 2266 4197 martyr
2290 4129 2468 4182 divina
2500 4131 2699 4198 repleta
2762 4131 2945 4183 laetitia
2975 4144 2988 4181 :
3045 4130 3210 4199 Estis,
3269 4134 3463 4199 inquit,

1924 4232 2051 4270 vere
2084 4217 2248 4281 beati,
2284 4217 2454 4285 quod,
2491 4220 2693 4273 relictis
2722 4219 2980 4281 tenebris,
3014 4222 3182 4274 secuti
3222 4225 3351 4285 estis
3384 4222 3465 4274 In.

281 4322 447 4384 ⁸ὅντως
487 4322 607 4373 ἐστὶ
654 4321 758 4382 ὃτι,
804 4319 898 4372 τοῦ
949 4322 1173 4383 σκότους
1218 4322 1504 4389 ἀφέμενοι,
1564 4321 1641 4389 τῷ
1690 4322 1827 4390 φωτὶ
1924 4322 1967 4360 α

1776 4322 1827 4373 τι
1924 4322 2040 4360 cem
2068 4308 2308 4360 veritatis
2337 4326 2349 4369 ς
2383 4318 2437 4360 et
2470 4308 2656 4362 relicto
2688 4323 2831 4375 rege,
2858 4310 2948 4377 qui
2975 4310 3027 4361 in
3059 4310 3218 4365 terris
3250 4310 3460 4374 interit,

282 4415 378 4479 τῆς
418 4411 675 4479 ἀληθείας
704 4396 1131 4479 ἠκολουθήσατε,
1188 4413 1279 4463 καὶ
1338 4411 1690 4479 φθειρόμενον
1736 4412 1823 4463 ἐπὶ
1925 4412 1968 4450 ⁸⁴

1775 4412 1823 4462 ,τι
1925 4396 2228 4450 accessistis
2261 4394 2326 4448 ad
2348 4412 2495 4460 eum,
2523 4397 2613 4464 qui
2642 4405 2725 4449 cst
2791 4397 2842 4449 in
2898 4398 3050 4450 caelis
3103 4398 3171 4451 ab
3240 4399 3461 4453 interitu

280 4506 381 4571 γῆς
408 4502 631 4573 βασιλέα
657 4501 1068 4564 καταλιπόντες,
1096 4500 1174 4569 τῷ
1203 4503 1260 4553 ιν
1286 4502 1533 4571 οὐρανοῖς
1563 4501 1823 4571 άςθάρτφ
1857 4514 1899 4569 ο
1927 4487 1966 4539 al

1771 4518 1823 4571 η,
1857 4514 1899 4569 ο
1927 4487 2136 4541 alienus
2159 4495 2214 4539 et
2254 4487 2595 4540 immortalis.
2629 4486 2771 4555 Ignis
2796 4486 2964 4548 enim,
2996 4501 3157 4555 quem
3210 4488 3358 4556 impii
3384 4490 3457 4542 illi

285 4596 373 4645 καὶ
408 4593 655 4661 ἀθανάτῳ
684 4592 896 4662 προσήλ
912 4590 1052 4645 θετε.
1084 4589 1158 4644 τὸ
1183 4592 1291 4659 γάρ
1319 4589 1450 4661 πῦρ,
1482 4591 1510 4643 ὃ
1542 4594 1688 4660 παρά
1715 4592 1823 4645 τῶν
1926 4591 1971 4627 V‘

1780 4596 1823 4644 ,ν
1926 4576 2083 4630 vobis
2107 4585 2237 4629 sunt
2266 4577 2474 4637 minati,
2509 4576 2612 4629 erit
2647 4577 3046 4645 quodammodo
3074 4577 3227 4631 vobis
3292 4578 3466 4646 bapti-

282 4682 492 4735 ἀσεϐῶν
518 4682 721 4734 τούτων
748 4682 1067 4750 ἡπείληται,
1120 4683 1412 4749 γενήσεταί
1450 4699 1571 4735 τινα
1622 4684 1821 4751 τρόπον
1928 4680 2043 4720 ⁸³³⁸³
2072 4674 2127 4719 εί
2151 4666 2306 4719 ⁸⁸³³³⁵
2334 4666 2399 4718 δά
2440 4667 2654 4727 omium:
2684 4666 2729 4718 ⁸⁵
2779 4681 2883 4733 qua
2916 4667 2985 4718 είι
3026 4668 3252 4728 ωιθυίθο
3285 4668 3465 4735 είιιυω

283 4776 409 4843 ὑμῖν
438 4776 534 4826 καὶ
572 4773 853 4841 βάπτισμα
883 4774 974 4825 καὶ
1003 4771 1205 4841 κλίμαξ
1235 4774 1311 4834 είς
1336 4773 1615 4842 οὐρανοὺς,
1651 4774 1702 4825 εί
1738 4790 1819 4834 τις

283 4862 458 4929 κηλὶς,
498 4860 547 4910 εἴ
581 4875 663 4919 τις
691 4860 857 4927 ῥύπος
882 4857 1072 4910 τοῦτον
1093 4858 1480 4927 ἀποκαθαίρον,
1521 4860 1614 4911 καὶ
1633 4858 1818 4928 ῶσπερ

280 4953 432 5009 τινας
485 4948 766 5013 διαφανεῖς
816 4945 1051 5014 ἀστέρας
1102 4946 1250 5014 ὑμᾶς
1288 4947 1364 5009 ὡς
1401 4948 1562 4999 αὐτὸν
1613 4949 1822 4999 ἐκεῖνον

281 5038 481 5105 ἀνάγον
511 5038 602 5090 τὸν
638 5037 882 5105 βασιλέα,
912 5037 1006 5088 καὶ
1031 5036 1366 5106 επεράστους
1404 5037 1552 5106 αύτῷ
1586 5039 1677 5089 καὶ
1724 5055 1821 5089 πο-

281 5130 489 5189 θεινοὺς
519 5128 899 5195 έργαζόμενον.
934 5125 1079 5194 Αὕτη
1110 5129 1207 5194 μιν
1232 5122 1323 5179 οὖν
1347 5127 1619 5188 τοιαύταις
1644 5128 1818 5179 ελπίσι

1927 4754 2137 4814 sordes,
2171 4770 2289 4808 eam
2325 4770 2651 4823 expurgatis,
2691 4764 2747 4808 et
2782 4766 3033 4823 tanquam
3062 4756 3268 4809 lucidas
3300 4772 3463 4824 quas-

1929 4846 2053 4899 dam
2089 4847 2292 4908 stellas,
2350 4862 2445 4900 vos
2502 4848 2569 4899 ad
2604 4847 2752 4899 illum
2808 4847 2983 4914 ipsum
3045 4862 3220 4915 regem
3247 4862 3461 4901 sursum

1924 4937 2152 4997 ducens,
2198 4945 2254 4989 et
2275 4936 2511 4989 eIIiciens
2540 4935 2809 5004 iucundos
2834 4944 2891 4987 et
2919 4935 3199 4990 amabiles.
3254 4936 3321 4989 Et
3348 4938 3460 5004 ipsa

1921 5027 2142 5094 quidem
2163 5040 2284 5079 cum
2317 5026 2396 5077 eis
2428 5027 2525 5078 hac
2550 5040 2646 5093 spe
2675 5036 2731 5079 et
2754 5039 3006 5079 sermone
3046 5026 3286 5079 animum
3311 5026 3462 5079 addi-

1922 5120 2111 5179 disset,
2134 5127 2190 5169 et
2228 5117 2522 5183 unicuique
2550 5131 2696 5169 arma
2755 5116 3207 5185 inexpugnabilia,
3265 5132 3460 5185 nempe

1922 5208 2125 5263 Christi
2167 5208 2525 5275 signaculum,
2586 5206 2918 5268 immisisset,
2984 5220 3107 5258 cum
3164 5206 3456 5273 gratiarum

1922 5298 2135 5352 actione
2167 5305 2220 5347 et
2248 5295 2431 5347 lzetitia
2453 5294 2677 5346 dimittit
2707 5293 2771 5345 ad
2799 5294 3136 5363 martyrium.
3170 5292 3330 5360 Spem
3356 5308 3455 5345 au-

1924 5400 2026 5444 tem
2058 5394 2381 5440 consecutus
2405 5394 2486 5437 cst
2506 5393 2750 5445 eventus,
2770 5392 2958 5436 etcum
2981 5397 3076 5435 eos
3126 5383 3457 5449 accepissent

1922 5477 2141 5538 milites,
2184 5476 2333 5528 latos
2383 5473 2601 5540 quidem
2650 5474 2855 5542 jacinnt
2884 5473 2937 5526 in
2988 5472 3253 5524 ﬂammam
3319 5472 3456 5540 ignis

1922 5568 2153 5635 septimo
2187 5566 2397 5619 decimo
2432 5564 2637 5617 mensis
2661 5562 3247 5630 NovembrisVespere
3274 5572 3454 5613 autem

1920 5658 2137 5727 quidam
2161 5672 2225 5710 ex
2253 5657 2354 5724 piis
2380 5655 2579 5723 egressi
2601 5654 2668 5709 ad
2696 5652 3020 5722 colligendas
3050 5653 3329 5720 reliquias,
3370 5654 3449 5703 in.

281 5222 374 5271 καὶ
400 5218 811 5286 ὑποφωνήσεσιν
830 5216 1193 5283 ὑπαλείψασα,
1221 5218 1386 5269 καὶτὸ
1422 5219 1632 5285 ἄμαχον
1660 5218 1820 5269 ὅπλον

280 5311 499 5377 ἑκάστῳ
525 5309 623 5377 τὴν
649 5305 742 5358 τοῦ
776 5305 1011 5375 Χριστοῦ
1045 5307 1309 5373 σφραγῖδα
1339 5305 1665 5357 ἐπισαλοῦσα
1703 5306 1821 5375 μετ’

277 5399 623 5468 εὐχαριστίας
659 5398 748 5448 καὶ
785 5396 978 5465 ἡδονῆς
1025 5395 1244 5447 ἀπολύει
1269 5395 1402 5461 πρὸς
1427 5396 1485 5446 τὸ
1504 5394 1817 5463 μαρτύριον.

280 5488 685 5556 Παρηκολούθει
720 5486 774 5537 δὲ
809 5486 915 5554 ἄρα
946 5486 1039 5536 καὶ
1069 5488 1187 5547 ταῖς
1220 5487 1433 5536 ἐλπίσιν
1478 5487 1509 5553 ὴ
1551 5485 1768 5543 ἔκϐασις
1802 5500 1815 5515 ’

278 5580 372 5631 καὶ
417 5574 819 5644 παραλαδόντες
864 5574 1058 5631 αὐτοὺς
1096 5573 1144 5622 οι
1194 5573 1535 5640 στρατιῶται,
1572 5572 1817 5639 βάλλουσι

284 5668 385 5735 μιν
448 5664 734 5735 χαίροντας
792 5664 883 5716 επὶ
926 5665 1023 5730 τῆν
1082 5664 1290 5731 πυράν,
1350 5662 1816 5731 ἑπτακαιδεκάτην

350 5764 369 5795 '
402 5760 557 5815 Rom.
591 5774 665 5821 VI,
695 5758 745 5813 5.
822 5757 840 5787 ⁸
866 5756 1052 5811 Matth.
1088 5772 1160 5822 si,
1190 5757 1277 5810 ΞΒ.
