4270 6428
814 407 908 466 291

780 607 905 661 dem
959 619 1142 657 earum
1205 617 1234 653 a
1269 598 1483 651 flamma
1537 596 1762 649 omnino
1817 595 1885 647 sit
1941 605 2338 660 consumptus;

785 696 890 748 hoc
926 694 1160 761 primum
1193 689 1404 757 signum
1443 686 1659 738 illorum
1692 699 1816 736 cum
1853 684 1959 736 Deo
1991 683 2330 751 conjunctio-

785 786 891 846 nis,
922 783 1198 852 praebente
1236 775 1600 832 Providentia.

2049 387 2332 448 MENSIS
2373 389 2807 452 NOVEMBEH.

780 516 1008 569 veniunt
1048 527 1138 564 eas
1169 525 1327 562 sanas
1355 519 1408 559 et
1445 507 1641 568 salvas,
1673 504 1808 557 adeo
1845 514 1900 556 ut
1931 518 2029 554 nec
2064 503 2204 570 pilus
2227 503 2348 568 qui—
2380 507 2419 559 Α
2451 503 2466 552 ῖ

1673 504 1808 557 adeo
1845 514 1900 556 ut
1931 518 2029 554 nec
2064 503 2204 570 pilus
2227 503 2348 568 qui—
2380 507 2419 559 Α
2451 500 2752 567 Νοεμΰρὲου
2797 498 2957 567 μηνὸς
3023 495 3327 562 ἱσταμένου.

3920 385 4027 446 292

3381 495 3645 564 Ἐσπέρας
3674 495 3724 547 υἱέ
3757 513 3894 558 τινες
3918 498 4024 547 τῶν

2447 593 2702 651 εὐσεϐῶν,
2740 592 2828 642 ἐπὶ
2865 592 2961 658 τὴν
3033 588 3140 638 τῶν
3172 587 3432 654 λειψάνων
3468 587 3732 655 συλλογὴν
3776 587 4023 648 ἐξ-λθόν-

2445 702 2552 746 τες,
2589 684 2760 745 οὕτως
2792 683 2930 735 aith
2962 680 3090 748 ὑγιῆ
3121 678 3210 729 καὶ
3239 678 3353 730 σῶα
3388 679 3749 746 εὑρῖσκουσιν,
3784 680 3856 738 ὠς
3892 680 4022 746 μηδὲ

2440 776 2597 843 τρίχα
2643 777 2846 826 τούτων
2909 775 3010 823 ὑπὸ
3072 773 3167 837 τῆς
3223 767 3418 836 φλογὸς
3473 768 3606 828 ὅλως
3660 769 4022 835 ἀναλωθῆναι,

783 875 1080 943 τεκμήριον
1145 869 1300 922 τοῦτο
1353 868 1564 936 πρῶτον
1624 864 1724 932 τῆς
1783 865 2005 918 ἐκείνων
2061 869 2194 934 πρὸς
2237 866 2368 918 Θεὸν
2431 867 2752 928 οἰκειώσεως
2789 868 2883 936 τῆς
2928 863 3178 935 προνοίας
3207 861 3642 930 παρασχομένης.
3677 859 4025 930 Εὑχαριςτή“

784 980 974 1026 σαντες
1003 964 1092 1016 οὖν
1121 964 1196 1032 τῷ
1225 961 1342 1030 Θεῷ
1379 961 1444 1011 τὰ
1472 959 1672 1011 εἰκότα.

858 1055 1000 1109 λιν.
1037 1056 1170 1106 Cum
1197 1067 1346 1120 ergo,
1390 1059 1448 1102 ut
1475 1065 1570 1117 par
1597 1057 1738 1107 erat,
1797 1044 1910 1097 Deo
1963 1043 2203 1109 egissent
2235 1055 2358 1107 gra-

786 1147 913 1209 tias,
946 1155 1000 1198 et
1035 1144 1318 1212 inopinato
1345 1139 1608 1212 miraculo
1638 1139 1838 1190 mullos
1894 1133 2244 1185 attraxisscnt
2290 1129 2356 1182 ad

790 1236 1118 1304 agnitionem
1143 1236 1250 1286 veri
1262 1234 1402 1292 tatis,
1417 1247 1506 1282 eas
1521 1211 1785 1296 'praielare
1804 1234 1857 1277 et
1873 1232 2055 1276 sancte
2070 1221 2248 1288 depon
2260 1229 2360 1272 unt

791 1333 844 1378 in
870 1326 1100 1393 quodam
1130 1328 1268 1377 loco.
1296 1326 1588 1390 Imperator
1628 1328 1805 1371 autem
1847 1315 2143 1368 Maxentius
2171 1312 2360 1382 [Maxi-

791 1417 993 1485 minus]
1025 1427 1191 1469 totam
1213 1416 1590 1482 cogitationem
1619 1408 1882 1478 deﬁgebat
1939 1407 1991 1459 in
2045 1415 2356 1474 martyrem,

793 1520 848 1561 et
879 1510 944 1560 de
981 1509 1066 1560 illa
1092 1517 1208 1558 erat
1241 1513 1503 1572 perpetuo
1539 1502 1830 1562 sollicitus,
1870 1508 1927 1550 ut
1963 1514 2080 1549 eam
2115 1498 2355 1548 lucrare-

796 1609 908 1662 tur,
952 1600 1033 1650 vel
1059 1602 1227 1664 ipsam
1259 1612 1444 1647 curam
1512 1593 1722 1659 imperii
1788 1589 2165 1657 postponi-bat.
2219 1585 2356 1639 Cum

797 1691 977 1756 itaque
1004 1692 1052 1739 vi
1087 1686 1303 1739 dicendi
1333 1694 1387 1737 et
1425 1682 1890 1750 disputationibus
1921 1680 2264 1747 desperasset
2292 1693 2350 1730 se

796 1797 915 1834 eam
951 1795 1108 1848 posse
1184 1779 1466 1839 inducere,
1537 1790 1655 1828 eam
1715 1770 1994 1824 blanditiis
2045 1770 2357 1837 aggreditur

801 1874 1030 1930 illicere.
1062 1880 1115 1922 et
1173 1867 1316 1935 apud
1377 1867 1647 1934 egregiam
1710 1877 2006 1934 martyrem
2054 1862 2234 1914 verbis
2264 1869 2351 1913 est

2539 1040 2636 1093 IA'.
2679 1040 2790 1093 Καὶ
2818 1039 3046 1102 πολλοὺς
3076 1040 3152 1110 τῷ
3190 1040 3478 1110 παραδόξῳ
3500 1042 3595 1095 τοῦ
3627 1042 3907 1110 θαύματος
3947 1046 4022 1104 εἰς

2466 1131 2766 1197 ἐπίγνωσιν
2798 1130 2897 1195 τῆς
2936 1130 3193 1199 ἀληθείας
3227 1132 3704 1201 ἐπισπασάμενοι,
3754 1133 4026 1201 λαμπρῶς

2466 1224 2605 1275 αὺτά
2667 1223 2761 1273 καὶ
2806 1223 2969 1283 ὁσίως
3030 1223 3089 1272 ἒν
3145 1239 3249 1274 τινι
3303 1224 3450 1292 τόπῳ
3515 1223 3915 1276 κατατιθέασιν.
3969 1222 4028 1275 'U

2472 1314 2652 1380 μέντοι
2684 1312 2939 1380 βασιλεὺς
2975 1312 3273 1374 Μαξέντιος
3320 1313 3440 1375 ὅλος
3472 1317 3597 1382 περὶ
3634 1316 3729 1384 τὴν
3769 1317 4026 1383 μάρτυρα

2471 1399 2608 1471 εἶχε,
2668 1407 2760 1456 καὶ
2813 1406 3030 1473 φροντὶς
3094 1400 3161 1474 ἦν
3227 1405 3373 1474 αὐτῷ
3426 1405 3655 1473 διαρκὴς
3684 1407 3886 1472 ἐκείνην
3937 1406 4029 1456 καὶ

2469 1493 2608 1545 ὥστε
2676 1495 2932 1562 κερδᾶναι
2987 1497 3178 1563 αὐτὴν,
3239 1498 3520 1562 πάρεργον
3575 1497 3666 1545 καὶ
3723 1496 3822 1565 τὴν
3872 1496 4032 1563 βασι-ι

2467 1586 2615 1636 λείαν
2700 1585 2866 1654 αὐτὴν
2941 1587 3198 1637 ἐποιεῖτο.
3305 1587 3412 1638 Καὶ

2465 1679 2712 1744 ἀνάγκας
2769 1678 2863 1730 καὶ
2917 1677 3088 1729 πειθὼ
3143 1680 3323 1729 πᾶσαν
3394 1679 3484 1730 καὶ

3508 1586 3644 1654 δῆτα
3730 1590 4028 1654 ῥητορικὰς

3554 1679 3650 1737 τὰς
3698 1678 3805 1728 τῶν
3856 1678 4030 1743 λόγων

2469 1770 2702 1837 ἁμίλλας
2738 1771 3143 1840 ἀπαγορεύσας,
3177 1772 3486 1831 κολακείαις
3524 1771 3822 1834 ὑποκλέψαι
3863 1771 4030 1836 αὐτὴν

2467 1861 2760 1931 ἐπεχείρει,
2815 1865 2908 1914 καὶ
2962 1862 3030 1913 τὰ
3089 1861 3315 1915 τοιαῦτα
3364 1865 3428 1931 τῇ
3485 1864 3707 1932 γενναία
3762 1862 4030 1930 προσῆγ;.

797 1979 928 2015 usus
951 1961 1257 2030 ejusmodi:
1293 1958 1468 2012 Crede
1506 1957 1660 2019 mihi,
1702 1957 1928 2024 pulchra
1960 1955 2090 2015 lilia,
2125 1953 2217 2020 qui
2254 1951 2354 2004 tibi
2392 1967 2431 2020 Β
2478 1955 2483 2005 l

2339 1951 2354 2002 i
2392 1967 2431 2020 Β
2478 1953 2734 2020 Πεισθητί
2769 1971 2875 2020 μοι,
2902 1953 3037 2017 καλὴ
3069 1953 3329 2021 θύγατερ,
3360 1949 3448 2005 οἷα
3483 1954 3824 2022 φιλοστόργῳ
3854 1955 4021 2020 πατρὶ

798 2055 1045 2113 consulo,
1081 2063 1333 2117 tanquam
1404 2047 1498 2100 tibi
1547 2047 1683 2099 bene
1714 2047 1902 2097 volens
1954 2054 2126 2112 pater.
2151 2043 2354 2110 Magnis

799 2146 906 2197 diis
945 2144 1186 2194 sacrifiea
1220 2157 1232 2203 ;
1266 2141 1500 2191 maxime
1565 2147 1744 2189 autem
1802 2135 2076 2188 Musarum
2136 2133 2352 2202 priesidi

799 2233 1088 2294 Mercurio,
1121 2248 1148 2283 a
1181 2246 1289 2297 quo
1329 2231 1568 2297 profecta
1595 2236 1676 2280 est
1730 2228 1842 2279 lucc
1896 2236 1983 2278 tua
2013 2240 2201 2291 magna
2263 2239 2357 2276 c0-

804 2324 1000 2392 gnitio,
1035 2331 1088 2374 et
1131 2321 1218 2387 qui
1256 2332 1304 2370 te
1367 2327 1595 2370 exornat
1630 2325 1772 2368 tanta
1809 2315 2026 2367 dicendi
2075 2313 2267 2380 gratia,
2301 2321 2356 2364 cl.

804 2429 982 2468 meum
1039 2422 1214 2464 tecum
1248 2409 1478 2461 dividam
1513 2407 1818 2474 imperium.
1838 2405 2006 2457 sciant
2032 2404 2103 2456 dii
2128 2419 2316 2455 omnes
2345 2420 2360 2467 ς

803 2517 1097 2559 etmecnm
1141 2500 1409 2554 liabitabis
1465 2500 1517 2550 in
1577 2498 1741 2566 regia.
1811 2497 1904 2547 llla
1966 2510 2113 2557 vero,
2162 2504 2364 2561 utqua:

807 2606 950 2649 esset
978 2608 1171 2660 magno
1196 2601 1250 2644 et
1283 2589 1499 2643 excelso
1523 2589 1706 2642 animo
1728 2587 1792 2640 ad
1819 2585 2196 2653 excipiendam
2226 2585 2362 2636 ami-

809 2699 998 2739 corum
1032 2681 1247 2735 dicendi
1289 2681 1696 2740 libertatem,et
1729 2693 1920 2731 rursus
1974 2676 2231 2729 acerrimi
2279 2676 2365 2727 in.

811 2775 958 2845 genii
1012 2774 1079 2828 ad
1137 2769 1642 2840 deprehendendam
1715 2768 2099 2828 adulationem,
2153 2765 2364 2818 etiamsi

818 2867 1052 2918 maxime
1077 2869 1461 2914 eontexerctur
1490 2857 1656 2911 vafris
1683 2866 1742 2910 et
1767 2857 1931 2908 variis
1997 2853 2317 2923 labyrinthis
2351 2867 2363 2902 :

816 2954 1055 3020 Depone,
1097 2948 1297 3016 inquit,
1350 2962 1382 2999 ο
1439 2947 1755 3012 imperator,
1817 2942 2126 2995 fictionem:
2190 2954 2368 3006 neque

818 3045 1023 3096 referas
1054 3053 1108 3094 et
1137 3038 1367 3092 imiteris
1398 3034 1808 3106 dolumvvulpis.
1878 3033 1988 3100 Ego
2019 3032 2162 3083 enim
2204 3029 2368 3084 semel

816 3135 926 3186 dixi
956 3132 1075 3195 tibi,
1102 3146 1184 3182 me
1216 3143 1335 3182 esse
1371 3126 1755 3185 Christianam,
1815 3133 1868 3176 et
1924 3121 2044 3174 veni
2109 3131 2166 3174 ut
2195 3135 2368 3173 essem

817 3238 1017 3291 sponsa
1053 3219 1257 3273 Christi
1294 3235 1306 3280 ;
1340 3224 1393 3267 et
1435 3231 1560 3268 eum
1592 3214 1765 3265 habeo
1820 3212 1993 3266 solum
2021 3226 2276 3278 sponsum
2319 3220 2372 3261 et

818 3310 1217 3370 consiliarium,
1243 3317 1297 3359 et
1327 3313 1703 3359 ornamentum
1753 3301 2097 3370 virginit:.tis,
2155 3301 2373 3352 stolam-
2402 3275 2445 3332 (ἶ

819 3417 925 3470 que
961 3398 1387 3467 martyriiJonge
1421 3393 1651 3462 pra'fero
1678 3393 1853 3445 cuivis
1909 3405 2162 3458 purpura:
2185 3391 2364 3455 regiae.

823 3499 1123 3561 Imperator
1144 3500 1325 3542 autem
1358 3489 1536 3540 adhuc
1571 3502 1682 3552 pra:
1712 3501 1766 3537 se
1792 3483 1990 3542 ferens,
2025 3498 2080 3534 se
2134 3483 2254 3549 ejus
2276 3496 2370 3534 cu-

823 3599 932 3636 rant
997 3580 1335 3650 gererezNe
1390 3592 1552 3646 cogas
1581 3591 1686 3638 me,
1739 3576 1935 3642 inquit,
1993 3572 2075 3624 vel
2137 3571 2367 3623 invitum

822 3679 963 3727 hanc
991 3681 1135 3725 tuam
1164 3669 1477 3739 przeclaram
1542 3680 1837 3734 purpuram
1902 3662 2098 3728 injuria
2133 3661 2368 3714 allicere.

824 3761 916 3814 ille
942 3770 1122 3812 autem
1150 3775 1163 3810 :
1191 3758 1315 3818 Fac,
1346 3755 1542 3824 inquit,
1569 3753 1711 3821 quod
1745 3753 1897 3807 velis.
1930 3751 2060 3804 Nam
2095 3766 2191 3818 per
2213 3751 2374 3813 hanc,

824 3867 946 3918 qua:
972 3862 1052 3904 c5t
1074 3850 1139 3901 ad
1178 3858 1390 3915 tempus
1419 3854 1474 3899 et
1502 3847 1611 3898 cito
1666 3843 2004 3902 dissolvitur,
2058 3840 2376 3894 conciliabis

826 3942 960 3994 mihi
992 3953 1171 3993 veram
1216 3948 1269 3991 et
1327 3935 1685 3989 immortalem
1745 3934 2010 4001 gloriam:
2071 3942 2128 3984 et
2185 3945 2376 3998 magna

834 4044 1056 4098 quoque
1091 4029 1214 4088 alia,
1281 4034 1339 4077 ut
1388 4024 1650 4086 arbitror,
1695 4020 1987 4073 multitudo
2037 4031 2090 4072 et
2145 4019 2376 4070 maxime

830 4121 909 4173 tui
975 4118 1176 4186 palatii,
1203 4131 1299 4184 per
1332 4129 1417 4167 mc
1442 4113 1661 4167 Christo
1715 4112 1957 4170 credent,
2014 4119 2069 4162 et
2119 4109 2219 4175 ipsi
2246 4123 2382 4175 quo-

827 4225 935 4277 que
962 4224 1046 4261 me
1073 4212 1494 4276 prosequentur,
1549 4203 1616 4256 ad
1678 4216 1862 4255 saeros
1920 4200 2063 4253 illius
2113 4199 2380 4250 thalamos

830 4302 1536 4370 magnificetranseuntem.
1603 4288 1606 4292 ’

904 4391 1020 4444 XV.
1051 4390 1176 4443 llaec
1200 4391 1289 4442 illa
1319 4388 1537 4456 quidem
1563 4385 1738 4440 dixit:
1772 4385 1914 4438 Deus
1940 4391 2121 4436 autem
2144 4380 2377 4448 desuper

832 4483 1042 4543 annuit,
1073 4488 1130 4532 et
1168 4479 1393 4532 deduxit
1419 4477 1481 4529 ad
1537 4475 1789 4528 effectum
1827 4489 1888 4526 ea
1925 4486 2042 4539 quae
2095 4470 2236 4523 dicta
2270 4469 2384 4521 fue-

2476 2043 2896 2112 συμῦουλεύοντι
2919 2082 2936 2109 ,
2969 2045 3064 2096 καὶ
3093 2047 3206 2106 τοῖς
3239 2045 3493 2114 μεγαλοις
3523 2044 3680 2098 θῦσαι
3714 2047 3887 2105 θεοῖς,
3925 2049 4030 2112 μά-

2470 2132 2624 2184 λιστα
2645 2132 2723 2202 τῷ
2737 2132 2842 2185 τῶν
2869 2133 3282 2203 μουσῶνὲφὸρῳ
3310 2135 3504 2204 Ἐρμῇ,
3529 2135 3659 2202 παρ’
3679 2130 3738 2187 οὗ
3758 2152 3839 2186 σοι
3863 2136 3956 2186 καὶ
3974 2138 4031 2186 τὸ

2472 2222 2603 2274 πολῦ
2640 2225 2738 2291 τῆς
2794 2222 3044 2290 γνώσεως
3087 2223 3284 2288 τοῦτο,
3336 2227 3428 2276 καὶ¹
3497 2227 3646 2286 ὅστις
3707 2244 3763 2276 σε
3831 2228 4033 2277 τοσαύ-

2467 2330 2588 2376 ταις
2636 2316 2727 2366 ἐπὶ
2771 2315 2880 2366 τῶν
2923 2315 3093 2380 λόγων
3142 2315 3348 2384 χάρισι,
3396 2317 3487 2367 καὶ
3547 2316 3905 2383 συνδιέλωμαί
3951 2334 4031 2368 σοι

2471 2405 2568 2472 τὴν
2595 2407 2691 2472 τῆς
2727 2409 2900 2474 ἀρχῆς
2942 2405 3212 2470 ἐξουσίαν,
3256 2407 3489 2458 ἴστωσαν
3533 2409 3581 2458 οἱ
3631 2408 3744 2458 θεοὶ
3808 2409 4026 2468 πάντες·

2473 2496 2566 2544 και
2611 2498 2949 2563 συνοικήσεις
3003 2497 3121 2563 μετ’
3178 2497 3310 2565 ἐμοῦ
3356 2497 3426 2548 τὰ
3498 2497 3766 2566 βασίλεια.
3832 2498 3893 2548 'll
3953 2498 4032 2560 δὲ,

2479 2585 2846 2654 μεγαλόφρων
2930 2583 3062 2638 οὖσα
3104 2588 3271 2655 φίλων
3300 2606 3357 2640 τε
3398 2589 3764 2652 ἀποδέξασθαι
3815 2591 4032 2658 παρρη-

2482 2674 2600 2727 σίαν
2628 2678 2720 2727 καὶ
2747 2677 2973 2742 ὀξυτάτη
3009 2679 3166 2731 πάλιν
3192 2679 3484 2732 κολακείαν
3515 2680 3725 2747 ἐχθρῶν
3753 2687 4027 2747 φωρᾶσαι,

2477 2767 2582 2818 κᾶν
2643 2767 2728 2818 ὃτι
2787 2769 3022 2836 μάλιστα
3075 2771 3256 2837 σοφοῖς
3304 2769 3574 2838 πλέκηται
3627 2770 3720 2822 καὶ
3773 2769 4033 2830 ποικίλοις

2476 2861 2585 2916 τοῖς
2603 2856 2957 2924 λαϐυρίνθοις,
2985 2859 3031 2910 '.\
3044 2859 3309 2922 ποτίθεσο,
3332 2859 3574 2926 βασιλεῦ,
3603 2859 3728 2927 ἔφη,
3764 2861 3824 2911 τὸ
3851 2861 4035 2932 δρᾶμα

2504 2952 2595 2997 καὶ
2633 2948 2730 3015 τὴν
2763 2949 2986 3016 σκηνὴν,
3033 2950 3164 3018 μηδὲ
3218 2951 3278 3002 τὸ
3332 2950 3546 3017 δολερὸν
3605 2953 3702 3018 τῆς
3753 2951 4035 3012 ἀλώπεκος

2491 3036 2803 3102 ὑπεκρίνου.
2853 3037 2991 3104 Ἐγὼ
3016 3040 3121 3106 γὰρ
3156 3037 3301 3103 ἅπαξ
3335 3056 3416 3091 σοι
3442 3040 3593 3091 εἶπον
3621 3041 3721 3108 ἤδη
3763 3042 3843 3092 ὅτι
3900 3042 4030 3108 Χρι-

2482 3129 2668 3196 στιανή
2707 3132 2838 3196 εἰμι,
2871 3132 2964 3181 καὶ
2997 3126 3159 3198 ἦλθον
3209 3131 3587 3199 νυμφιυθῆναι
3634 3132 3882 3199 Χριστῷ,
3942 3133 4037 3182 καὶ

2483 3217 2646 3268 αὑτὸν
2689 3220 2849 3286 μόνον
2879 3219 3014 3287 ἔχων
3045 3222 3279 3289 νυμφίον
3327 3222 3424 3274 καὶ
3471 3224 3775 3287 σύμϐουλον
3810 3224 3904 3273 καὶ
3949 3223 4038 3273 τον

2476 3308 2574 3373 τῆς
2640 3306 2934 3374 παρθενίας
2983 3309 3184 3376 κόσμον
3217 3310 3312 3360 καὶ
3332 3310 3429 3377 τὴν
3472 3311 3566 3361 τοῦ
3593 3313 3888 3378 μαρτυρζου
3923 3327 4040 3361 στο-

2477 3393 2573 3461 λὴν
2633 3394 2812 3460 πάσης
2870 3393 3150 3464 βασιλικῆς
3218 3396 3529 3464 ἁλουργίδος
3597 3399 3692 3449 καὶ
3754 3398 4037 3466 πορφύρας

2477 3484 2808 3552 τιμιωτέραν
2838 3484 3014 3552 πολλῴ
3046 3486 3280 3553 τίθεμαι.
3345 3487 3403 3538 '0
3437 3487 3690 3554 βασιλεὺς
3730 3491 3906 3539 τοίνδν
3958 3489 4039 3539 ἔτι

2482 3573 2738 3639 κήδεσθαι
2770 3573 2930 3642 δῆθεν
2966 3576 3135 3643 αὐτῆς
3160 3577 3640 3645 προσποιούμενος.
3671 3578 3762 3644 Mi;
3788 3580 4036 3643 ἀναγκά-

2485 3677 2583 3728 σῃς
2616 3678 2702 3729 με,
2731 3661 2857 3730 ἔφη,
2900 3661 2997 3730 τὴν
3036 3664 3294 3731 λαμπράν
3340 3681 3433 3716 σου
3495 3667 3696 3734 ταύτην
3743 3666 4035 3734 ἁλουργίδα

2483 3752 2812 3817 καθυϐρίσαι
2844 3753 2938 3804 καὶ
2969 3753 3044 3823 μὴ
3083 3753 3425 3822 βουλόμενος.
3474 3754 3536 3807 'H
3563 3756 3619 3807 δὲ
3654 3758 3816 3819 ποίει,
3850 3761 4036 3824 φησιν,

2485 3843 2511 3893 ὃ
2536 3843 2736 3910 βούλει.
2775 3846 2874 3896 Διά
2900 3844 3009 3914 γὰρ
3038 3847 3137 3914 τῆς
3177 3846 3515 3915 προσκαίρου
3549 3848 3753 3916 ταύτης
3781 3854 3872 3899 καὶ
3900 3851 4039 3915 ταχὺ

2484 3929 2749 4000 λυομένης
2781 3933 2955 4001 ἀληθῆ
2986 3951 3076 3999 μοι
3105 3934 3264 3997 δόξαν
3300 3934 3579 4002 προξενεῐς
3605 3937 3698 3986 καὶ
3748 3937 4036 3995 ἀθάνατον,

2488 4023 2621 4074 πολὺ
2666 4024 2722 4074 δὲ
2773 4018 2926 4093 οἶμαι
2967 4028 3058 4076 καὶ
3085 4025 3213 4077 ἄλλο
3261 4026 3460 4092 πλῆθος
3517 4045 3606 4078 και
3653 4030 3884 4094 μάλιστα
3943 4030 4039 4082 τοῦ

2490 4117 2582 4168 σού
2621 4117 2886 4168 παλατίου
2917 4117 3270 4169 πιστεύσουσι
3301 4118 3369 4169 δι’
3401 4118 3532 4184 ἐμοῦ
3558 4121 3633 4188 τῷ
3663 4122 3906 4188 Χριστῷ,
3942 4125 4041 4173 καὶ

2488 4206 2881 4275 προπέμψουσί
2913 4223 3000 4276 με,
3039 4211 3132 4259 καὶ
3157 4208 3312 4261 αὐτοὶ
3341 4211 3478 4277 πρὸς
3506 4212 3601 4272 τὰς
3633 4214 3783 4280 ἱερὰς
3829 4215 4040 4264 ἐκείνου

2490 4301 2770 4359 παστάδας
2786 4299 3242 4369 ,μεγαλοπρεπῶς
3272 4301 3658 4354 διαϐαίνουσιν.

2558 4389 2658 4444 ιε’.
2691 4391 2880 4443 Ταῦτα
2910 4393 2941 4459 ἠ
2978 4393 3077 4458 μὲν
3104 4386 3256 4442 εἶπεν
3280 4409 3294 4421 ·
3323 4393 3544 4444 ἐπένευε
3598 4394 3653 4445 δὲ
3708 4393 3838 4456 θεὸς
3898 4396 4042 4446 ἔμω·

2488 4482 2600 4544 θεν,
2650 4484 2744 4534 καὶ
2797 4483 2876 4543 εἰς
2942 4483 3115 4551 πέρας
3165 4481 3234 4534 τά
3289 4483 3552 4551 εἰρημένα
3598 4485 3779 4551 ἐξῆγε.
3830 4487 4041 4548 Μαξέν-

834 4581 979 4623 rant.
1031 4567 1334 4621 Maxentius
1389 4573 1571 4617 autem
1630 4564 1717 4617 bis
1784 4561 1940 4613 valde
1997 4560 2187 4622 iratus,
2217 4558 2375 4625 jubet
2415 4589 2517 4644 υτ

2357 4564 2375 4608 ι
2415 4589 2460 4644 υ
2488 4589 2596 4633 τιος
2623 4573 2679 4624 δὲ
2725 4571 2956 4638 ὀξύτατα
3003 4572 3244 4639 κινηθεὶς
3281 4574 3372 4624 ἐπὶ
3414 4574 3625 4636 τούτοις
3678 4576 3888 4626 κελεύει
3941 4578 4041 4644 τὴν

837 4670 1128 4727 martyrem
1155 4657 1278 4708 exui
1314 4655 1479 4722 regali
1530 4653 1618 4705 illa
1653 4667 1914 4720 purpura,
1940 4659 1994 4701 et
2062 4649 2224 4702 boum
2260 4663 2385 4701 ner-

835 4751 918 4802 vis
935 4748 1064 4801 cadi
1088 4745 1483 4801 crudelissime.
1501 4742 1635 4797 Cum
1653 4744 1756 4796 hoe
1784 4750 1964 4794 autem
1990 4740 2190 4791 factum
2222 4748 2384 4801 esset,

838 4851 896 4892 ut
929 4840 1186 4905 jusserat.
1248 4845 1304 4888 et
1346 4834 1600 4903 martyris
1657 4848 1857 4897 corpus
1892 4832 1972 4884 vel
2009 4831 2132 4882 nive
2161 4829 2386 4882 cadente

838 4927 1210 4982 crebrioribus
1261 4925 1441 4993 ﬂagris
1527 4923 1966 4976 intolerabilibus
2023 4922 2158 4972 duas
2228 4919 2387 4973 horas

838 5019 990 5071 valde
1014 5017 1240 5070 cmditur
1268 5031 1281 5077 ;
1312 5025 1369 5067 et
1394 5030 1516 5066 cum
1572 5024 1761 5067 venter
1783 5013 1941 5064 simul
1977 5011 2382 5072 vcrberaretur,

836 5109 1118 5166 lavabatur
1150 5105 1413 5173 virginale
1437 5104 1657 5172 quidem
1694 5103 1840 5155 illius
1866 5115 2063 5168 corpus
2097 5099 2383 5167 sanguine,

834 5211 892 5256 ct
913 5200 1097 5251 multis
1117 5212 1182 5250 ex
1214 5197 1280 5248 iis
1311 5199 1403 5264 qui
1425 5195 1672 5256 aderant,
1699 5202 1884 5261 aperte
1938 5192 2152 5244 ciebant
2215 5191 2386 5260 lacry-

839 5303 954 5340 mas
980 5304 994 5351 ;
1019 5288 1130 5355 ipsa
1151 5294 1330 5338 autem
1359 5294 1467 5337 tam
1494 5292 1803 5336 constanter
1825 5290 1876 5335 et
1901 5281 2108 5334 fortiter
2122 5280 2393 5332 restiterat

838 5377 1170 5432 intolerabili
1193 5376 1268 5429 illi
1297 5385 1352 5429 et
1381 5376 1686 5429 vehementi
1717 5374 1767 5426 vi
1797 5373 2033 5441 tyranni,
2089 5381 2148 5424 ut
2195 5385 2389 5439 prope-

839 5468 1060 5523 modum
1113 5468 1393 5522 videretur
1443 5467 1560 5534 ejus
1607 5480 1805 5533 corpus
1880 5479 1999 5517 esse
2091 5464 2388 5531 lapideum,

839 5560 945 5612 nisi
981 5561 1099 5627 ejus
1132 5568 1378 5610 naturam
1404 5556 1551 5608 fluvii
1576 5556 1855 5624 sanguinis
1906 5554 2233 5622 argnisscut.
2293 5553 2388 5605 Vix

843 5647 1061 5700 tandem
1089 5657 1268 5698 autem
1302 5647 1414 5698 fera
1444 5646 1532 5698 illa
1557 5645 1835 5704 immunis,
1865 5643 2102 5711 caligans
2157 5641 2222 5694 ad
2279 5642 2392 5708 pla-

840 5751 1026 5802 garum
1053 5735 1441 5803 spectaculum,
1468 5743 1756 5800 martyrem
1789 5732 2014 5784 includit
2042 5731 2094 5781 in
2127 5731 2389 5791 custodia,

838 5826 1035 5894 jubcns
1065 5835 1120 5875 ut
1148 5840 1207 5877 ea
1247 5833 1361 5876 tuto
1397 5832 1766 5878 asservaretur
1800 5835 1966 5889 usque
1999 5821 2060 5872 arl
2090 5822 2229 5873 diem
2259 5821 2389 5875 doo-

2492 4663 2777 4732 βασιλικὴν
2812 4663 3026 4730 ἐκείνην
3054 4664 3340 4732 πορφύραν
3383 4665 3717 4733 ἀποδυθῆναι
3753 4669 3852 4735 τὴν
3900 4672 4044 4734 pulp-

2486 4768 2647 4820 τυρα,
2672 4754 2765 4804 καὶ
2793 4751 3102 4821 βουνεύροις
3137 4752 3397 4821 ὼμότατα
3420 4753 3860 4818 καταξαίνεσθαι.
3907 4760 4041 4807 Τού-

2487 4858 2582 4892 του
2625 4843 2704 4906 δὲ,
2732 4843 2805 4904 ὡς
2847 4843 3122 4906 ἐκέλευσε,
3149 4845 3465 4912 γενομένου,
3515 4847 3607 4896 καὶ
3637 4847 3732 4913 τῆς
3767 4848 3998 4915 μάρτυρ⁸
4020 4867 4043 4910 ς

2490 4932 2764 4984 ὲπὶδυσὶν
2797 4933 2946 4994 ὅλαις
2978 4933 3148 5002 ὥραις
3195 4934 3446 5003 καθάπερ
3494 4936 3605 4986 τισὶ
3680 4937 3865 5002 νιφασι
3921 4943 4044 4998 ταῖς

2489 5025 2882 5086 ἁνυποστάτοις
2936 5025 3191 5093 μάστιξιν
3251 5026 3483 5094 ἰσχυρῶς
3515 5029 3583 5078 τὰ
3611 5027 3756 5079 νῶτα
3811 5028 3901 5079 καὶ
3943 5031 4044 5098 τὴν

2490 5114 2697 5167 κοιλίαν
2729 5115 2865 5183 ὁμοῦ
2896 5117 3277 5185 τυπτομένης,
3318 5117 3535 5169 ἐλούετο
3577 5119 3675 5187 μὲν
3718 5119 3780 5170 τὸ
3836 5123 4043 5188 παρθε-

2490 5207 2637 5259 νικὸν
2664 5211 2837 5260 ἐκεῖνο
2884 5208 3042 5276 σῶμα
3090 5210 3200 5270 τοῖς
3243 5209 3463 5278 αἵμασι,
3516 5212 3609 5263 καὶ
3660 5211 3884 5273 πολλοὺς
3933 5214 4040 5263 τῶν

2490 5297 2770 5366 παρόντων
2824 5301 2902 5360 είς
2952 5299 3163 5370 δάκρυα
3224 5300 3434 5368 φανερά
3479 5300 3714 5368 κατῆγεν
3757 5317 3771 5331 ⁸
3819 5302 3956 5355 αὑτὴ
3987 5303 4042 5355 δὲ

2491 5388 2636 5441 οὕτω
2672 5389 2950 5457 σταθερῶς
2991 5394 3083 5441 καὶ
3135 5392 3399 5457 γενναίως
3435 5392 3572 5456 πρὸς
3617 5393 3715 5459 τὴν
3762 5395 4044 5462 ἀφόρητον

2491 5481 2703 5546 ἐκείνην
2726 5481 2820 5530 καὶ
2843 5481 3104 5548 ραγδαίαν
3134 5482 3380 5534 ἐνίστατο
3429 5483 3523 5533 τοῦ
3574 5483 3834 5550 τυράννου
3892 5485 4040 5551 βίαν,

2490 5568 2563 5630 ὡς
2598 5568 2792 5637 μικροῦ
2823 5571 2917 5620 καὶ
2971 5570 3171 5622 λίθινον
3229 5571 3572 5639 περικεῖσθαι
3620 5574 3774 5641 σῶμα
3836 5574 4040 5637 δοκεῖν,

2493 5660 2539 5711 εί
2566 5659 2638 5727 μὴ
2670 5661 2766 5728 τὴν
2801 5659 2969 5726 φύσιν
2999 5664 3048 5712 οἰ
3093 5664 3326 5730 ποταμοὶ
3371 5661 3464 5714 τοῦ
3506 5664 3737 5732 αἵματος
3788 5666 4037 5735 ἤλεγχον.

2506 5753 2630 5820 Ὀψὲ
2665 5751 2845 5821 μέντοι
2886 5755 2976 5806 καὶ
3001 5753 3028 5804 ὀ
3060 5755 3331 5825 ἀνήμερος
3377 5755 3719 5825 θὴρὲκεῖνος
3765 5762 3902 5830 πρὸς
3941 5767 4040 5830 τὴν

2495 5842 2599 5894 τῶν
2634 5841 2854 5910 πληγῶν
2890 5842 3016 5896 θέαν
3046 5845 3375 5912 ἰλιγγιάσας,
3405 5850 3621 5918 φυλακῇ
3662 5851 3756 5919 τὴν
3790 5853 4038 5920 μάρτυρα
