4270 6428
275 394 379 457 ἳθὶ]

1341 380 1804 461 MAnTvntUM
1849 403 1905 461 s.
1950 402 2431 464 CATIIARIN.E.

3381 417 3489 481 294

263 504 613 567 κατακλείει,
658 506 735 566 είς
765 506 1076 575 δωδεκάτην
1106 506 1276 575 αὐτὴν
1322 508 1530 579 ἡμέραν
1573 508 1830 577 ἀσφαλῶς
1856 513 1904 571 Α
1933 523 1949 561 ι

1804 524 1830 570 ς
1856 513 1904 571 Α
1933 507 2222 571 decimam,
2253 520 2309 561 ut
2338 510 2663 575 consideret,
2698 517 2970 582 quomodo
2985 528 3039 573 et
3058 521 3380 589 quibusnam
3398 544 3487 597 ge-

266 595 601 663 κατέχεσθαι
632 597 1033 665 παραγγείλας,
1059 598 1203 659 Ἕως
1227 597 1292 649 ἂν
1308 598 1612 667 σκέψωμαι,
1640 602 1826 669 φησὶν,

263 686 416 749 ὅπως
440 686 610 756 αὑτὴν
644 687 737 738 καὶ
777 687 888 740 τίσι
936 689 1160 758 τρόποις
1210 690 1477 746 άναλώσω
1530 692 1825 744 κολάσεων.

265 770 397 843 Εῐχε
432 778 531 846 μὲν
560 771 656 829 οὖν
680 776 824 830 οὑτω
849 777 1019 831 ταῦτα
1045 794 1060 809 ⁸
1093 780 1188 834 καὶ
1215 783 1247 851 ἠ
1281 782 1495 851 μάρτυς
1519 785 1585 854 τῇ
1612 783 1825 851 φυλακῇ

260 863 510 930 δοθεῖσα,
535 868 777 939 δευτέρῳ
803 869 967 923 πάλιν
994 871 1320 941 έταμιεύετο
1353 873 1583 944 βήματι.

340 959 459 1024 IG".
509 958 799 1027 Δὺγούστα
841 960 899 1013 δὲ
963 963 996 1031 η
1049 962 1145 1015 τοῦ
1211 964 1474 1032 βασιλέως
1521 964 1824 1032 Μαξεντίου

1931 597 2156 651 neribus
2199 598 2590 665 suppliciorum
2641 614 2758 654 eam
2788 614 3091 660 consumat.
3124 606 3246 663 Haec
3266 613 3487 679 quidem

1928 686 2000 739 ita
2021 702 2079 740 se
2108 688 2644 759 babuerunt.Martyr
2668 707 2797 745 vero
2823 696 3069 763 conjecut
3104 697 3156 750 in
3185 712 3485 769 earcetem,

1928 789 2117 830 rursus
2152 777 2537 831 reservabatur
2565 782 2807 834 secundo
2844 783 3121 838 tribunali.

1998 950 2139 1006 XVI.
2168 955 2406 1021 Augusta
2448 966 2628 1010 autem
2674 974 2809 1012 uxor
2846 964 3190 1030 imperatoris
3226 982 3349 1020 cum
3388 984 3485 1023 au-

262 1045 504 1113 σὺζυγος
568 1049 637 1101 τά
660 1049 804 1101 κατὰ
824 1050 925 1119 τὴν
951 1050 1204 1121 μάρτυρα
1240 1051 1516 1122 πυθομένη
1537 1092 1553 1117 ,
1600 1052 1695 1106 καὶ
1728 1053 1827 1124 τὴν
1925 1037 1948 1093 d

1794 1070 1827 1119 ην
1925 1037 2116 1094 diisset
2154 1041 2221 1095 de
2250 1056 2508 1113 martyre,
2536 1056 2591 1101 et
2640 1059 2784 1102 esset
2827 1053 3008 1107 animo
3068 1054 3123 1108 in
3168 1070 3288 1109 eam
3341 1058 3480 1114 bene

259 1135 444 1205 ψυχὴν
499 1137 633 1206 αὑτῇ
685 1138 915 1206 φιλικῶς
963 1156 1023 1192 τε
1079 1143 1175 1193 καὶ
1221 1143 1435 1205 οἰκείως
1475 1142 1811 1210 διατεθεῖσας

263 1225 455 1277 ἐπόθει
487 1227 581 1279 καὶ
614 1227 738 1295 ὄψιν
765 1228 981 1297 έκείνης
1043 1229 1169 1282 ἰδεῖν
1201 1233 1293 1285 καὶ
1321 1232 1541 1301 ὁμιλίας
1568 1234 1822 1297 ἀκοῦσαι,

262 1310 334 1385 ἦς
358 1318 453 1369 καὶ
483 1318 747 1371 τοιούτων
804 1320 1044 1373 ἀπέλαυε
1066 1320 1440 1392 διηγημάτων.
1484 1324 1727 1378 Ποθοῦσα
1768 1327 1824 1379 δὲ

263 1407 372 1471 οὑκ.
398 1405 687 1477 ἐτύγχανε,
715 1412 809 1463 καὶ
838 1407 907 1481 ἦν
949 1413 980 1481 ἡ
1024 1413 1118 1465 τοῦ
1168 1415 1506 1484 ποθουμένου
1557 1418 1823 1485 άποτυχία

262 1495 327 1547 τὸ
359 1498 737 1565 χαλεπώτατον
761 1504 897 1571 αὐτῇ
924 1503 1349 1575 τῶνΙσυμφορῶν
1377 1509 1470 1558 καὶ
1496 1504 1818 1576 βαρύτατον.

266 1587 579 1642 Είσελθόντι
640 1593 770 1657 γοῦν
811 1611 939 1645 ποτε
988 1611 1066 1663 τῳ
1092 1596 1435 1663 Ιιορφυρίωνι
1466 1596 1601 1665 πρὸς
1632 1598 1818 1666 αὐτὴν,

267 1681 751 1749 στρατοπεδάρχης
776 1682 831 1733 δὲ
855 1679 1007 1744 οὗτος
1031 1680 1098 1753 ἦν
1125 1685 1262 1737 κατὰ
1293 1686 1451 1752 χεῖρά
1492 1702 1550 1737 τε
1580 1689 1825 1754 γενναιό-

262 1785 452 1834 τατος,
477 1771 575 1822 καὶ
604 1772 805 1840 ἄριστα
835 1775 965 1842 περὶ
1006 1776 1277 1845 πολέμους
1319 1778 1769 1845 γεγυμνασμένος
1802 1794 1817 1810 ⁸

1928 1130 2139 1193 aﬂecta,
2175 1133 2522 1189 desiderabat
2576 1139 2761 1193 videre
2820 1142 2937 1207 ejus
2984 1145 3199 1205 Iaciem.
3254 1156 3312 1200 et
3359 1165 3479 1202 eam

1922 1222 2108 1275 audire
2140 1223 2471 1291 loquentem,
2514 1226 2580 1279 de
2610 1244 2714 1295 qua
2775 1230 2901 1283 talia
2934 1236 3142 1286 narrari
3175 1238 3478 1292 audiverat.

1921 1312 2248 1367 Desiderans
2292 1326 2493 1379 autem,
2549 1318 2601 1371 id
2662 1321 2883 1375 minime
2939 1327 3369 1393 assequebatur;
3424 1340 3480 1385 et

1920 1418 2028 1456 non
2059 1407 2295 1474 assequi,
2330 1409 2473 1475 quod
2508 1409 2867 1477 desiderabat,
2909 1425 3028 1470 erat
3069 1418 3117 1469 ei
3152 1421 3477 1486 gravissima

1921 1496 2220 1550 calamitas.
2252 1498 2385 1552 Cum
2419 1501 2484 1554 ad
2527 1516 2645 1554 eam
2681 1513 2860 1556 autem
2895 1508 3183 1574 aliquando
3206 1512 3481 1579 ingressus

1920 1585 2109 1642 fuisset
2137 1589 2437 1658 Porpltyrio
2487 1592 2555 1659 (is
2583 1606 2710 1645 vero
2742 1603 2858 1646 erat
2930 1595 3037 1648 dux
3069 1601 3363 1660 exercitus,
3421 1611 3477 1654 et

1920 1693 2079 1731 manu
2126 1679 2473 1741 Iortissimus.
2502 1692 2557 1735 et
2594 1682 2647 1734 in
2680 1682 2821 1736 bello
2871 1686 3074 1753 Optime
3120 1691 3473 1753 exercitatus,

1918 1778 1972 1820 et
2002 1769 2054 1820 in
2084 1783 2149 1821 eo
2176 1771 2376 1837 primas
2404 1780 2583 1837 partes
2620 1774 2918 1841 obtinens),
2948 1791 3069 1829 eum
3119 1793 3246 1847 ergo
3295 1781 3470 1848 impe-

263 1858 389 1926 (καὶ
466 1863 553 1915 διά
607 1863 764 1917 τοῦτο
820 1866 915 1918 καὶ
970 1865 1173 1935 βασιλεί
1202 1865 1485 1937 Μαξεντίῳ
1517 1868 1584 1921 τὰ
1613 1868 1817 1936 μεγάλα
1852 1858 1902 1919 Β
1930 1875 1949 1909 τ

1787 1886 1817 1920 α
1852 1858 1902 1919 Β
1930 1860 2094 1911 ratrix
2126 1860 2414 1927 aliquando
2460 1876 2584 1913 eum
2630 1864 2805 1915 solum
2847 1866 3164 1928 invenisset,
3215 1879 3468 1939 tanquam

262 1953 636 2021 ὠκειωμένος,
671 1957 765 2009 καὶ
793 1958 925 2027 παρ’
962 1958 1113 2028 αὑτῷ
1156 1958 1224 2011 τά
1251 1959 1440 2027 πρῶτα
1478 1960 1817 2029 δυνάμενος.)

262 2044 456 2098 τοῦτον
516 2046 696 2099 τοίνυν
727 2048 761 2117 ή
806 2046 1015 2116 βασιλίς
1045 2066 1171 2101 ποτε
1227 2051 1388 2119 μόνον
1436 2051 1690 2119 εὑροῦσα,
1731 2054 1821 2104 καὶ

266 2135 345 2196 ὼς
374 2137 686 2207 ἀπόρρητόν
710 2154 827 2190 τινα
859 2138 1057 2207 πρᾶξιν
1080 2139 1335 2210 ἐκφέρειν
1358 2141 1506 2211 αὑτῷ
1532 2142 1817 2211 μέλλουσα,

266 2225 455 2292 ὅρκοις
488 2227 580 2279 τὸν
613 2229 974 2299 Πορφυρίωνα
1003 2232 1267 2301 πρότερον
1296 2230 1678 2299 άσφαλίζεται,
1726 2233 1822 2285 καὶ

264 2318 337 2369 τὰ
369 2318 533 2370 πιστὰ
564 2320 694 2387 παρ’
725 2320 931 2372 ἐκείνου
958 2321 1243 2389 λαμϐάνει,
1273 2320 1412 2374 ὥστε
1440 2322 1645 2391 μηδένα
1689 2324 1819 2393 παρ’

266 2408 437 2461 αὑτοῦ
469 2410 661 2478 μαθεῖν
706 2410 764 2462 τὸ
815 2412 1113 2480 μυστήριον
1166 2427 1180 2442 ο
1230 2408 1345 2463 εἶτα
1387 2411 1485 2481 τὴν
1532 2413 1821 2482 ἐπιθυμίαν

265 2497 440 2568 αὐτῷ,
470 2500 562 2553 καὶ
590 2500 1209 2567 ὃπωςῖέπόθει,λαθοῦσα
1236 2504 1459 2566 πάντας,
1488 2506 1551 2573 τῇ
1587 2504 1819 2573 μάρτυρι

266 2590 536 2656 ἐντυχεῖν,
570 2591 664 2641 καὶ
688 2591 787 2659 τῆς
816 2593 1093 2662 μακαρίας
1122 2592 1335 2659 ἐκείνης
1362 2591 1591 2645 ἀκοῦσαι
1635 2592 1820 2661 φωνῆς

267 2682 431 2747 ἑπιφέ
438 2698 540 2748 ρει.
559 2682 669 2735 Καὶ
682 2684 711 2735 ὁ
728 2683 1067 2753 Πορφυρίων,
1098 2683 1237 2752 Ἐγώ
1259 2701 1359 2747 σοι,
1375 2678 1419 2737 ὧ
1433 2685 1704 2749 δέσποινα,
1724 2701 1823 2737 κα-

266 2772 551 2839 ταπράξω,
576 2774 728 2842 φησὶ,
758 2773 819 2825 τὸ
846 2772 1177 2842 ποθούμενον
1206 2775 1371 2842 μόνον
1400 2774 1821 2842 ἑμπαράσκευός

273 2877 366 2927 μοι
399 2852 534 2929 πρὲς
562 2863 662 2931 τὴν
694 2863 934 2932 έσπέραν
962 2863 1141 2931 γενοῦ.
1178 2864 1327 2915 Ἐπεὶ
1346 2865 1402 2917 δὲ
1426 2866 1519 2918 καὶ
1551 2866 1583 2934 ἡ
1618 2866 1823 2933 ἑσπέρα

269 2953 452 3020 παρῆν
491 2953 821 3023 παραλαϐὼν
843 2954 968 3022 ἃμα
999 2953 1293 3016 διακοσίοις
1321 2954 1683 3022 στρατιώταις
1724 2954 1822 3020 τὴν

268 3043 589 3107 Δύγούσταν
646 3046 674 3095 ὁ
749 3044 1091 3112 Πορφυρὲων,
1163 3044 1254 3095 καὶ
1318 3046 1560 3114 χρήμασι
1621 3043 1822 3113 κλέψας

266 3133 395 3191 τοὺς
448 3132 857 3201 δεσμοφύλακας
889 3171 904 3195 ,
963 3134 1267 3202 εἰσέρχεται
1333 3136 1429 3187 σὺν
1480 3136 1614 3205 αὑτῇ
1685 3135 1822 3205 πρὸς

266 3224 368 3292 τὴν
425 3222 720 3292 μακαρίαν.
790 3224 855 3275 Ἦ
910 3222 1195 3290 Δὺγούστα
1243 3224 1440 3287 τοίνυν,
1500 3225 1595 3294 τὴν
1635 3225 1820 3277 ποθει-

271 3309 371 3376 νὴν
403 3309 624 3378 ἑκείνην
650 3310 748 3377 τῆς
810 3309 1083 3380 μάρτυρος
1114 3311 1234 3378 ὄψιν
1280 3311 1480 3377 ἰδοῦσα,
1523 3312 1620 3381 τὴν
1652 3314 1819 3365 επαν-

272 3397 474 3451 θούσαν
518 3416 576 3451 τε
611 3399 746 3468 αὑτῇ
777 3399 926 3452 θείαν
954 3401 1149 3467 χάριν,
1190 3401 1283 3453 καὶ
1335 3402 1432 3469 τὴν
1474 3404 1821 3471 ἐκπεμπομέ-

271 3504 375 3557 νην
422 3488 634 3541 ἐκεῖθεν
688 3486 927 3557 ἀνθηρὰν
992 3487 1183 3539 ἀκτῖνα
1243 3488 1674 3554 καταπλαγεῖσα,
1729 3490 1819 3541 πίο

269 3595 395 3631 πτει
448 3595 508 3631 τε
544 3577 685 3645 ταχὺ
709 3577 846 3647 πρὸς
894 3578 1021 3639 τοὺς
1066 3576 1231 3640 πόδας
1267 3578 1456 3646 αὑτῆς,
1512 3578 1605 3631 καὶ
1634 3578 1820 3647 ἡδονῆς

267 3669 407 3736 αὑτῇ
480 3669 693 3733 δάκρυα
762 3668 1037 3736 καταχέει,
1102 3668 1195 3719 καὶ
1257 3669 1432 3722 τοιάδε
1523 3670 1659 3737 μετά
1722 3671 1817 3723 δας

270 3760 456 3827 κρύων
530 3758 827 3827 ἐφθέγγετο
872 3774 888 3789 ·
964 3757 1081 3810 Νῦν
1132 3759 1403 3827 εὐδαίμων
1450 3760 1663 3827 άληθῶς
1708 3760 1819 3827 εγὼ

272 3850 369 3900 καὶ
396 3848 664 3917 βασίλεια,
715 3850 799 3901 ὅτι
832 3849 927 3901 καὶ
971 3848 1226 3919 τοιαύτης
1260 3849 1387 3911 θέας
1429 3850 1692 3918 ὴξίωμαι,
1728 3854 1820 3903 καὶ

270 3934 353 3994 είς
392 3934 564 4000 πέρας
606 3933 846 3986 ἐκϐᾶσαν
886 3935 985 4003 ἤδη
1041 3953 1129 4001 μοι
1182 3936 1279 4005 τὴν
1341 3936 1641 4005 ἐπιθυμίαν
1689 3940 1816 4007 (ιρῶ.

286 4022 427 4087 Ἐγὼ
461 4022 570 4089 γὰρ
595 4024 687 4074 ἐπὶ
714 4024 798 4075 σοὶ
830 4024 919 4076 τὸν
966 4026 1030 4076 εκ
1074 4023 1267 4076 πολλοῦ
1318 4025 1481 4078 πόθον
1528 4026 1816 4091 ὠδίνουσα,

271 4114 368 4167 καὶ
425 4111 564 4165 ὥστε
615 4112 715 4181 τῆς
769 4114 867 4182 σῆς
913 4114 1085 4183 ϐψεως
1142 4118 1231 4166 καὶ
1275 4117 1373 4182 τῆς
1427 4118 1638 4184 ὁμιλίας
1687 4120 1821 4171 suo.

272 4200 488 4264 λαῦσαι,
544 4201 701 4269 δούλη
731 4202 888 4265 Θεοῦ,
925 4204 1019 4255 καὶ
1063 4204 1231 4269 αὑτὴν
1282 4202 1449 4271 ἡδέως
1504 4204 1601 4271 τὴν
1641 4204 1818 4274 ψυχὴν

276 4293 415 4361 μετᾶ
472 4292 571 4360 τῆς
610 4291 888 4363 βασιλείας
943 4294 1279 4362 προιεμένη,
1337 4291 1429 4345 νῦν
1483 4293 1671 4361 ἔτυχον
1720 4297 1819 4363 τῆς

273 4387 515 4452 ἐφέσεως
546 4401 560 4415 ο
596 4384 655 4447 εξ
698 4378 764 4453 ἦς
799 4379 891 4435 οὖν
920 4384 1012 4435 καὶ
1069 4382 1295 4445 θάνατος
1339 4383 1582 4437 ἐπελθὼν
1637 4386 1817 4438 οὐκέτι

279 4495 347 4545 με
380 4476 630 4545 λυπήσει,
662 4474 927 4542 τυχοῦσαν
959 4491 1017 4526 τε
1052 4468 1127 4527 ὧν
1153 4474 1461 4543 ἐπεθύμουν
1498 4476 1591 4527 καὶ
1636 4476 1815 4539 καλῶς

276 4566 733 4634 άφοσιωσαμένην
782 4566 871 4619 τὸν
928 4566 1126 4635 έρωτα.
1174 4564 1547 4632 Εὑφραίνομαι
1592 4564 1682 4617 οὖν
1719 4567 1817 4635 τὴν

276 4659 548 4729 καρδίαν,
608 4659 705 4709 καὶ
751 4658 850 4723 τὴν
902 4656 1077 4724 ψυχὴν
1123 4655 1197 4716 ὠς
1251 4655 1441 4723 ἥδιστα
1498 4654 1823 4721 διατίθεμαι,

1919 1950 1967 2001 ei
2011 1965 2260 2002 arcanam
2326 1951 2561 2020 aliquam
2630 1964 2913 2009 narratura
2990 1960 3257 2013 actionem
3318 1962 3472 2029 prius

1918 2038 2342 2107 Porpltyrionem
2412 2043 3053 2115 astringitjurejnrando,
3085 2062 3140 2103 et
3188 2052 3348 2105 [idem
3405 2052 3473 2105 ab

1918 2129 2010 2181 illo
2056 2131 2269 2197 accipit,
2302 2130 2417 2185 fore
2471 2144 2529 2186 ut
2582 2136 2765 2189 nullus
2819 2137 2887 2188 ab
2922 2152 2989 2189 eo
3036 2141 3263 2194 resciret
3320 2158 3473 2197 area-

1918 2232 2067 2270 num.
2103 2218 2304 2273 Deinde
2340 2220 2427 2274 illa
2458 2222 2508 2274 ei
2543 2225 2765 2289 exponit
2809 2239 2965 2278 suum
3020 2227 3375 2295 desiderium,
3417 2240 3473 2284 et

1916 2308 2371 2374 quemadmodum
2402 2311 2771 2377 desiderabat,
2805 2314 3164 2373 inscientibus
3189 2321 3468 2380 omnibus.

1916 2400 2205 2454 convenire
2250 2410 2561 2470 martyrem.
2613 2401 2747 2456 Cum
2810 2404 3021 2458 beatam
3076 2418 3257 2462 autem
3320 2411 3464 2463 illam

1916 2503 2103 2542 vocem
2151 2489 2461 2553 audivisset,
2499 2492 2791 2560 respondet
2831 2493 3174 2562 Porphyrio:
3212 2496 3345 2565 Ego,
3392 2498 3471 2550 in-

1917 2580 2057 2649 quit,
2090 2595 2123 2633 o
2154 2580 2391 2645 domina,
2426 2582 2617 2634 faciam
2655 2582 2750 2635 tibi
2791 2585 2937 2650 quod
2990 2586 3308 2650 desideras;
3352 2596 3472 2641 esto

1918 2674 2092 2727 solum
2130 2683 2337 2743 parata.
2372 2672 2507 2729 Cum
2539 2690 2667 2729 vero
2697 2677 2913 2730 adesset
2948 2692 3192 2745 vespera,
3248 2688 3304 2733 et
3355 2684 3469 2733 Au-

1918 2773 2126 2832 gustam
2157 2764 2463 2832 accepisset
2498 2766 2805 2835 I’orpliyrio
2840 2782 2962 2819 eum
3023 2769 3276 2823 ducentis
3331 2770 3472 2823 mili-

1919 2854 2087 2915 tibus,
2143 2854 2373 2924 pecunia
2426 2856 2698 2924 corruptis
2761 2856 3100 2923 custodibus,
3155 2873 3279 2913 cum
3356 2860 3470 2928 ipsa

1922 2944 2225 3013 ingreditur
2260 2946 2324 2998 ad
2352 2946 2584 3000 beatam.
2615 2947 2854 3016 Augusta
2882 2958 3061 3002 autem
3087 2966 3209 3004 cum
3243 2950 3470 3006 vidisset

1921 3033 2073 3089 illum
2126 3044 2367 3103 optatum
2432 3038 2637 3090 vultum
2692 3039 2975 3107 martyris,
3026 3040 3291 3094 admirala
3330 3042 3471 3094 divi-

1924 3140 2071 3186 nam,
2107 3141 2225 3193 quze
2264 3127 2316 3179 in
2351 3142 2413 3180 ea
2446 3128 2693 3192 ﬂorebat,
2731 3131 2979 3197 gratiam,
3010 3141 3065 3184 et
3117 3132 3462 3199 splendidum

1926 3218 2018 3284 qui
2056 3217 2207 3271 illinc
2258 3219 2627 3283 emittebatur,
2688 3221 2919 3285 radium,
2964 3225 3198 3291 procidit
3254 3225 3363 3279 cito
3400 3227 3467 3278 ad

1919 3313 2082 3381 pedes
2113 3315 2249 3383 ejus,
2299 3323 2350 3367 et
2379 3315 2427 3368 ei
2459 3315 2690 3371 eIIundit
2720 3316 2984 3385 lacrymas
3022 3318 3242 3380 latitia,
3271 3328 3326 3373 et
3350 3319 3465 3373 bzee

1916 3399 2092 3451 locuta
2121 3409 2202 3451 est
2236 3416 2356 3453 eum
2412 3402 2704 3471 lacrymis:
2750 3405 2905 3457 Nune
2960 3422 3059 3474 ego
3111 3422 3229 3459 sum
3282 3424 3467 3462 revera

1918 3488 2071 3543 beata
2100 3500 2154 3543 et
2208 3491 2711 3561 imperatrix,quod
2771 3511 2889 3549 sum
2940 3497 3031 3549 tali
3087 3496 3301 3565 dignata
3342 3511 3466 3566 ape-

1918 3582 2146 3645 ctaculo,
2164 3590 2220 3634 et
2246 3584 2400 3635 video
2424 3599 2599 3637 meum
2621 3584 2949 3639 desiderium
2980 3598 3325 3641 consecutum
3348 3603 3470 3642 esse

1916 3671 2190 3734 eﬂectum,
2222 3688 2321 3740 ego
2352 3676 2496 3727 enim
2539 3676 2743 3743 jamdiu
2792 3678 2870 3731 tui
2912 3692 3111 3746 magno
3156 3687 3343 3733 teneor
3370 3680 3465 3733 de-

1917 3762 2135 3825 siderio,
2171 3772 2227 3816 ut
2257 3775 2369 3828 tuo,
2425 3770 2664 3834 inquam,
2729 3769 2941 3824 fruerer
2971 3781 3197 3840 aspectu
3244 3780 3299 3825 et
3351 3787 3467 3825 ser-

1918 3867 2097 3916 mone,
2132 3868 2165 3905 o
2193 3869 2343 3907 serva
2383 3857 2473 3908 Dei
2503 3874 2514 3909 :
2550 3867 2605 3911 et
2634 3860 2717 3913 vel
2769 3860 2938 3928 ipsam
2980 3863 3211 3915 animam
3234 3863 3467 3916 libenter

1919 3945 2169 3997 amittens
2201 3958 2321 3997 cum
2353 3946 2600 4013 imperio,
2642 3965 2784 4001 nunc
2820 3965 2937 4003 sum
2972 3954 3139 4019 potita
3165 3952 3459 4006 desiderio.

1920 4031 1973 4084 Si
1999 4032 2256 4101 deinceps
2288 4050 2417 4103 ergo
2449 4037 2528 4089 vel
2567 4053 2710 4091 mors
2739 4042 3048 4105 accesserit,
3077 4057 3181 4094 non
3215 4057 3302 4095 me
3348 4057 3464 4094 am-

1920 4124 2058 4191 plius
2092 4125 2279 4177 dolore
2311 4125 2527 4188 alliciet,
2566 4136 2623 4178 ut
2650 4143 2769 4194 qua:
2799 4129 2899 4181 situ
2939 4139 3186 4183 aSsecuta
3219 4130 3271 4184 id
3318 4133 3464 4199 quod

1918 4210 2312 4273 desiderabam,
2361 4222 2416 4266 et
2457 4215 2629 4267 amori
2673 4231 2792 4268 tneo
2853 4217 3235 4273 satisfecerim.
3290 4219 3466 4273 Later

1918 4316 2046 4371 ergo
2075 4303 2264 4367 corde,
2300 4312 2354 4357 et
2385 4306 2565 4358 animo
2596 4321 2715 4359 sum
2744 4308 2949 4375 optime
2982 4309 3194 4372 all‘eeta,
3225 4322 3332 4363 tam
3381 4311 3468 4379 ju-

1920 4394 2158 4447 cundum
2185 4394 2523 4462 splendorem
2577 4410 2643 4449 ex
2696 4406 2788 4451 tuo
2842 4398 2997 4451 vultu
3040 4398 3340 4469 accipiens.
3394 4401 3466 4455 Es

1848 4516 1891 4571 ο
1924 4480 2104 4548 itaque
2161 4479 2313 4535 beata
2353 4490 2407 4534 et
2452 4482 2577 4535 felix
2644 4483 2840 4538 merito
2896 4487 3274 4552 existimanda,
3320 4490 3467 4557 quod

1924 4571 2143 4623 Christo
2173 4571 2485 4637 adhaeseris,
2518 4589 2546 4627 a
2576 4590 2685 4643 quo
2719 4584 2825 4628 tam
2857 4576 3025 4631 multa
3055 4583 3194 4633 dona
3238 4588 3294 4634 et
3333 4595 3469 4650 gra-

1933 4660 2018 4712 tia:
2046 4660 2143 4713 tibi
2176 4661 2611 4728 suppeditantur.

278 4752 512 4821 μάλιστα
562 4752 654 4803 καὶ
700 4750 955 4816 γλυκεῖαν
981 4748 1206 4815 ξοὺτως
1258 4748 1430 4817 αὐγὴν
1515 4749 1579 4800 ἐκ
1628 4750 1725 4818 τῆς
1784 4752 1884 4819 σῆς
1937 4753 2110 4820 ὅψεως
2176 4756 2565 4826 ὑποδεχομένη.
2631 4758 2891 4829 Μακαρία
2963 4762 3137 4814 τοίνυν
3206 4762 3473 4832 ὑπάρχεις

276 4843 369 4896 καὶ
416 4840 651 4909 ζηλωτὴ,
682 4840 764 4891 ὅτι
800 4836 1025 4905 τοιούτῳ
1059 4836 1494 4907 προσεκολλήθης
1528 4838 1768 4906 Χριστῷ,
1810 4841 1937 4910 παρ’
1996 4835 2054 4893 οὑ
2119 4859 2200 4896 σοι
2261 4844 2459 4915 δωρεαὶ
2515 4845 2767 4899 τοσαῦται
2820 4850 3174 4919 χορηγοῦνται
3220 4854 3312 4905 καὶ
3371 4853 3471 4922 χά-

277 4954 447 5079 ριίἓῖ
485 5025 627 5093 Πρὸς
659 5022 830 5075 ταῦτα
860 5023 895 5091 η
930 5021 1137 5090 μάρτυς
1162 5037 1176 5051 ο
1206 5021 1466 5091 Μακαρία
1498 5017 1544 5072 εί
1584 5022 1677 5073 καὶ
1724 5024 1807 5085 σὺ,

1988 5022 2147 5076 XVII.
2206 5022 2284 5073 Ad
2336 5022 2448 5073 haec
2503 5022 2640 5074 dixit
2708 5032 2955 5091 martyr:
3012 5022 3092 5076 Tu
3140 5038 3355 5092 quoque
3405 5038 3469 5078 es

276 5110 320 5168 ὦ
351 5115 579 5183 βασιλὶς,
629 5114 755 5182 ιφη,
786 5114 868 5165 ὅτι
917 5112 1106 5182 θεωρῶ
1156 5114 1415 5178 στέφανον
1468 5114 1523 5162 έν
1571 5113 1815 5179 ἀγγέλων
1913 5115 1962 5167 bi

1770 5130 1815 5163 ›ν
1913 5115 2091 5175 beata,
2125 5129 2158 5165 o
2191 5112 2522 5179 imperatrix,
2571 5112 2714 5180 quod
2746 5113 2799 5165 in
2836 5114 3147 5180 angelorum
3204 5114 3456 5168 manibus

277 5207 435 5277 χερσὶ
465 5206 565 5275 τῆς
598 5206 697 5273 σῆς
744 5204 986 5271 κεφαλῆς
1042 5200 1574 5271 ὑπεραιωρούμενον,
1620 5202 1679 5253 ὃν
1725 5203 1817 5254 καὶ

280 5300 418 5367 μετὰ
450 5298 641 5365 τρίτην
675 5297 889 5364 ἡμέραν
916 5294 1001 5346 διὰ
1031 5293 1126 5361 τῆς
1162 5293 1566 5362 περιμενούσης
1616 5310 1673 5344 σε
1722 5311 1815 5345 κο-

277 5388 481 5449 λάσεως
513 5387 920 5453 ἀναδησαμένη,
952 5383 1195 5453 πορεύσῃ
1218 5383 1351 5450 πρὸς
1395 5383 1484 5434 τὸν
1518 5384 1689 5452 ἀληθῆ
1724 5385 1817 5451 βα-

277 5478 430 5530 σιλέα
462 5478 724 5544 διηνεκῶς
758 5474 1135 5543 βασιλεύουσα.
1179 5472 1335 5525 mu
1364 5473 1509 5541 δειλή
1534 5477 1678 5541 είμι,
1714 5475 1817 5541 ιφη

282 5570 419 5639 πρὸς
467 5569 564 5636 τὴν
625 5569 897 5637 μακαρίαν
936 5568 966 5634 ὴ
1006 5565 1257 5635 βασιλὶς,
1317 5570 1408 5618 καὶ
1464 5565 1677 5618 δέδοικα
1722 5567 1820 5628 τὰς

284 5660 569 5728 βασάνους,
607 5659 840 5727 μάλιστα
867 5658 921 5709 δὲ
960 5660 1051 5710 καὶ
1085 5658 1173 5709 τὸν
1206 5656 1451 5724 βασιλέα,
1499 5659 1579 5708 ὃτι
1609 5658 1817 5726 ἀπηνής

278 5755 391 5803 ἑστι
419 5756 503 5803 καὶ
526 5752 815 5821 θηριώδης,
844 5752 933 5803 καὶ
954 5750 1311 5820 ἀνθρωπίνοις
1345 5749 1621 5818 ἐντρυφῶν
1652 5752 1814 5819 αἵμα-

1934 5202 2093 5255 video
2122 5215 2375 5254 coronam
2426 5200 2503 5253 tui
2562 5201 2752 5268 capitis
2799 5202 2854 5254 in
2904 5201 3071 5254 altum
3113 5202 3333 5267 elata‘m,
3358 5217 3467 5269 qua

1918 5304 2039 5359 post
2083 5292 2301 5343 tertium
2337 5290 2481 5343 diem
2512 5305 2610 5357 per
2645 5291 2718 5351 id,
2749 5290 2893 5357 quod
2930 5300 2980 5345 te
3014 5302 3215 5353 manet,
3253 5292 3461 5360 suppli-

1918 5386 2060 5436 cium
2126 5382 2395 5444 redimita,
2458 5380 2817 5448 proﬁeiseeris
2874 5381 2940 5435 ad
2996 5397 3184 5435 verum
3236 5382 3466 5450 Regem,

1919 5487 2149 5541 regnans
2204 5480 2487 5539 perpetuo.
2530 5467 2635 5521 Sed
2697 5483 2816 5521 sum
2861 5468 3066 5531 timida,
3111 5469 3243 5521 dicit
3289 5469 3461 5521 beatae

1916 5563 2249 5632 impcratrix,
2306 5572 2360 5613 et
2406 5561 2568 5612 timeo
2618 5568 2932 5613 tormenta:
2982 5559 3214 5611 maxime
3276 5566 3459 5609 autem

1916 5658 2318 5722 imperatorem,
2348 5650 2491 5719 quod
2521 5651 2590 5704 sit
2620 5666 2792 5705 S:£\'IJS
2837 5660 2891 5703 et
2942 5651 3213 5713 immanis,
3267 5659 3322 5701 et
3373 5647 3458 5698 in-

1916 5750 2079 5804 sultet
2146 5743 2478 5799 hominibus.
2542 5743 2738 5812 Martyr
2785 5754 2964 5797 autent
3031 5742 3161 5796 dicit
3238 5740 3325 5793 ei:
3375 5738 3459 5792 Sis
