4270 6428
805 419 914 479 296

2028 401 2310 462 MENSIS
2353 398 2774 460 NOVEMBER.

3899 393 4010 455 996

801 530 947 582 bono
970 523 1183 584 animo;
1217 519 1446 573 habebis
1477 517 1624 570 enim
1658 515 1934 570 Christum
1979 515 2032 567 in
2060 513 2221 565 corde
2255 521 2348 564 tuo
2378 514 2422 572 Α
2459 527 2487 562 σ

2316 525 2348 564 o
2378 514 2422 572 Α
2459 527 2564 563 σιν.
2603 511 2708 560 Καὶ
2741 511 2772 576 ὴ
2843 507 3069 573 μάρτυς,
3135 506 3359 576 Θάρρει,
3389 507 3519 574 φησι
3550 522 3561 536 ·
3595 505 3843 558 σύνοικον
3887 507 4000 571 γὰρ

803 618 1162 674 habitantem,
1190 621 1246 665 et
1290 625 1396 663 non
1429 608 1656 677 attinget
1684 613 2035 669 tormentum,
2080 605 2168 657 hic
2197 602 2344 654 enim

801 717 1100 777 parumper
1151 698 1502 766 castigabitur
1525 706 1675 750 tuum
1709 709 1928 763 corpus,
1977 703 2033 746 et
2065 693 2344 744 immorta-

803 797 930 850 liter
961 794 1070 846 illic
1103 803 1290 844 rursus
1311 789 1568 856 quiescet.
1599 785 1722 838 Haec
1751 799 1873 838 cum
1901 792 2084 837 sancta
2112 782 2342 842 diceret,

803 884 1080 952 excipiens
1110 879 1450 948 Porphyrio:
1499 876 1648 944 Rogo
1680 886 1752 937 te,
1814 874 1903 928 dic
1931 873 2083 931 mihi,
2123 872 2300 938 inquit
2332 888 2343 920 :

804 975 942 1040 Quid
973 972 1107 1026 mihi
1145 971 1296 1025 dabit
1346 967 1611 1030 Christus,
1647 966 1690 1019 si
1746 966 1797 1018 in
1880 965 2030 1016 illum
2089 960 2350 1016 credam?

804 1063 854 1115 ei
901 1062 1048 1114 enim
1082 1061 1193 1127 ipse
1239 1070 1452 1124 quoque
1513 1056 1621 1124 jam
1675 1053 1795 1105 volo
1845 1052 2096 1104 militare.
2153 1049 2350 1118 Martyr

811 1161 990 1206 autem
1020 1167 1032 1200 :
1060 1147 1330 1209 Nondum,
1355 1147 1550 1212 inquit,
1580 1143 1751 1210 legisti
1775 1151 1867 1195 aut
1890 1140 2142 1193 audivisti
2200 1138 2350 1192 Scri-

807 1254 1017 1312 pturam
1047 1237 1504 1294 Christianorum?
1527 1235 1831 1300 Nunquam,
1862 1231 2036 1298 inquit
2055 1227 2351 1297 Porpltyrio

807 1331 899 1400 qui
936 1331 1002 1384 ab
1028 1331 1246 1382 ineunte
1274 1338 1427 1380 aetate
1480 1339 1693 1391 semper
1722 1322 1915 1376 fuerim
1956 1321 2010 1372 in
2071 1319 2213 1372 bello
2263 1333 2353 1371 oc-

810 1433 1058 1490 eupatus,
1087 1433 1142 1474 et
1165 1434 1438 1486 nunquam
1487 1431 1672 1470 curam
1696 1413 1935 1468 converti
1988 1411 2055 1464 ad
2083 1411 2209 1463 alia.
2256 1410 2348 1463 Illa

812 1531 982 1567 vero:
1044 1514 1108 1565 Et
1165 1525 1431 1578 quaenam,
1464 1510 1657 1574 inquit.
1709 1507 1890 1572 lingua
1925 1503 2161 1556 narrarit
2213 1501 2350 1552 bona

814 1607 923 1667 illa,
950 1604 1147 1671 quibus
1176 1601 1398 1654 Irueris?
1422 1599 1560 1652 Fieri
1587 1595 1730 1648 enim
1760 1610 1866 1647 non
1897 1601 2091 1660 potest,
2121 1600 2178 1642 ut
2207 1605 2350 1642 com-

823 1696 1093 1762 plectatur
1126 1692 1324 1751 oratio,
1362 1706 1477 1756 qum
1510 1688 1577 1739 ab
1609 1689 1696 1739 ilia
1727 1685 1955 1752 benigna
1978 1682 2195 1736 dextera
2227 1688 2354 1733 sunt

814 1790 997 1850 parata
1028 1782 1092 1834 iis
1123 1784 1213 1847 qui
1249 1778 1423 1846 ipsum
1457 1776 1712 1844 diligunt.
1742 1775 1966 1840 Propter
1996 1773 2107 1824 lucc
2153 1771 2353 1839 gaudio

2456 603 2513 652 ὲν
2540 603 2605 668 τῇ
2638 599 2832 666 καρδία
2865 613 2957 649 σου
2983 597 3070 649 τὸν
3094 595 3326 666 Χριστὸν
3358 596 3518 660 ἕξεις,
3555 599 3644 647 καὶ
3683 597 3742 646 ού
3794 598 3866 663 μή
3906 611 4006 644 σου

2453 692 2656 758 ἅψηται
2690 689 2920 756 βάσανος
2951 706 2964 720 ·
2994 687 3386 755 κολασθήσεται
3410 689 3518 756 γὰρ
3545 686 3779 739 ἐνταῦθα
3807 687 4008 753 μικρόν

2456 799 2546 834 σου
2586 782 2647 832 τὸ
2678 781 2856 847 σῶμα,
2887 782 2979 831 καὶ
3000 780 3242 832 ἀθάνατα
3271 779 3431 830 πάλιν
3458 781 3574 830 ἐκεῖ
3601 778 4002 830 ἀναπαύσεται.

2454 866 2640 918 Ταῦτα
2672 867 2770 932 τῆς
2803 867 2961 932 ἀγίας
3014 865 3336 935 διεξιούσης.
3385 865 3672 919 ὑπολαϐὼν
3713 869 3739 918 ὁ
3789 866 4010 932 Πορφύ-

2461 953 2612 1022 ρίων,
2650 953 2851 1022 Δέομαί
2887 970 3004 1018 σου,
3039 953 3270 1022 φράσον,
3304 954 3429 1020 ἔφη,
3463 954 3514 1004 τί
3534 954 3628 1005 καὶ
3656 954 3777 1020 ἱμοὶ
3817 952 4010 1020 δωρεί-

2455 1063 2540 1097 ται
2567 1045 2800 1114 Χριστος
2830 1045 2906 1108 είς
2943 1047 3147 1096 ἐκεῖνον
3175 1045 3522 1107 πιστεύοντις
3555 1042 3743 1114 Τούτῳ
3775 1042 3883 1111 γάρ
3905 1041 4012 1110 ἠδη

2456 1139 2551 1187 καὶ
2584 1136 2744 1198 αὑτὸς
2775 1135 3167 1203 στρατεύεσθαι
3193 1135 3470 1205 βούλομαι.
3518 1136 3628 1187 Καὶ
3676 1138 3708 1203 ἡ
3760 1135 3974 1203 μάρτυς
3996 1173 4010 1192 ,

2456 1223 2683 1277 Οὐδέπω
2698 1223 2932 1294 γραφὴν,
2952 1226 3076 1292 ἔφη,
3096 1224 3432 1293 Χριστιανῶν
3447 1226 3682 1291 ἀνέγνως
3699 1223 3879 1294 ῆῆκου
3889 1240 3950 1273 σα
3968 1242 4011 1276 ὀ

2459 1315 2748 1376 Οὐδέποτε,
2768 1316 2950 1380 φησὶν.
2975 1316 3000 1365 ό
3022 1314 3339 1382 Πορφυρίων
3355 1315 3415 1365 ὲκ
3438 1313 3641 1366 παίδων
3657 1315 3740 1365 ἀεὶ
3764 1312 3896 1380 περὶ
3921 1328 4015 1361 ποι

2458 1402 2655 1472 λέμους
2707 1403 3093 1471 ἠσχοληρένος,
3153 1405 3244 1455 καὶ
3311 1403 3577 1472 μηδέποτε
3614 1405 3869 1474 μεταθεὶς
3917 1402 4015 1470 τὴν

2460 1493 2714 1562 φροντίδα
2743 1493 2877 1559 πρὸς
2910 1494 3110 1561 ἕτερον.
3156 1493 3220 1543 'H
3242 1493 3296 1545 δὲ
3327 1495 3419 1546 καὶ
3448 1493 3576 1545 ποία
3595 1511 3671 1554 τις
3705 1494 3768 1545 ἇν
3799 1492 4014 1558 γὶῶττα

2459 1583 2558 1649 τὴν
2606 1582 2715 1634 τῶν
2756 1582 2987 1650 ἀγαθῶν
3041 1585 3261 1634 ἐκείνων
3298 1583 3593 1636 ἀπόλαυσιν
3649 1583 4013 1651 διηγήσοιτος

2472 1675 2769 1727 Ἀδύνατον
2797 1675 2904 1744 γάρ
2939 1675 3078 1742 λόγῳ
3113 1675 3427 1744 περιλαϐεῖν
3462 1677 3562 1728 ὅσα
3595 1675 3745 1742 παρὰ
3775 1675 3876 1742 τῆς
3921 1690 4015 1740 φιο

2461 1765 2786 1834 λακθρὼπου
2837 1767 3012 1831 δεξιᾶς
3069 1769 3282 1836 ἐκείνης
3339 1770 3452 1830 τοῖς
3502 1767 3791 1833 ἀγαπῶσιν
3848 1766 4014 1817 αὑτὶν

815 1875 1053 1941 repletus
1105 1868 1423 1938 Porphyrio.
1479 1867 1593 1934 ipse
1645 1878 1859 1932 quoque
1910 1862 2082 1916 credit
2139 1860 2356 1914 Christo
2393 1857 2501 1910 Βτι

2329 1875 2356 1912 o
2393 1857 2432 1910 Β
2462 1855 2910 1927 τεθησαύρισται.
2966 1858 3149 1926 Χαρᾶς
3204 1859 3294 1908 ἐπὶ
3344 1859 3555 1919 τούτοις
3600 1858 3628 1908 ό
3687 1854 4015 1923 Πορφυρίων

816 1982 939 2019 cum
967 1963 1213 2018 ducentis
1245 1960 1524 2012 militibus.
1565 1958 1627 2009 Et
1661 1969 1781 2007 cum
1819 1954 2132 2021 imperatrix
2164 1961 2218 2004 et
2257 1950 2356 2018 ipsi

815 2054 1202 2108 valedixissent
1231 2048 1474 2117 martyri,
1510 2055 1561 2099 et
1589 2045 1863 2097 cavissent
1893 2041 2002 2094 sibi
2041 2055 2068 2093 a
2118 2037 2357 2093 custodi-

817 2145 918 2198 bus
950 2151 1156 2196 secreta
1203 2140 1380 2192 futura
1412 2152 1472 2190 ea
1506 2150 1623 2203 qua:
1652 2137 1718 2186 ab
1748 2133 1879 2200 ipsis
1925 2132 2064 2185 facta
2119 2129 2355 2187 fuerant.

818 2234 995 2286 media
1054 2242 1211 2283 nocte
1267 2228 1412 2280 illinc
1459 2225 1833 2295 egrediuntur.
1904 2222 2104 2276 Christi
2178 2228 2358 2273 autem

818 2332 1017 2391 martyr
1058 2318 1385 2382 Ecaterina,
1413 2316 1618 2371 habens
1663 2316 1948 2368 Dominum
1991 2319 2143 2381 patre
2193 2311 2360 2378 magis

817 2413 1160 2473 benevolum,
1187 2423 1432 2477 magnam
1455 2407 1522 2460 ab
1543 2421 1610 2460 eo
1635 2420 1816 2459 curam
1842 2405 1922 2458 sui
1945 2411 2029 2456 est
2047 2411 2354 2456 consecuta.

817 2503 970 2557 Totis
997 2504 1140 2556 enim
1169 2500 1272 2552 illis
1306 2497 1589 2556 duodecim
1607 2497 1816 2557 diebus,
1841 2494 2110 2562 inquibus
2132 2507 2249 2546 eam
2269 2492 2361 2544 ha-

820 2597 980 2646 bebat
1019 2591 1285 2651 custodia,
1337 2604 1432 2657 per
1473 2591 1778 2642 columbam
1835 2586 2149 2637 alimentum
2214 2582 2359 2635 acci-

820 2686 1004 2750 piebat
1022 2697 1051 2734 a
1077 2681 1307 2749 superis.
1335 2678 1532 2731 Deinde
1560 2677 1674 2746 ipse
1701 2692 1913 2745 quoque
1944 2675 2192 2744 egregius
2236 2685 2362 2740 ago-

820 2768 1020 2821 nothea
1058 2765 1304 2820 Christus
1365 2779 1486 2815 cum
1523 2764 1587 2816 iis
1624 2777 1743 2830 quae
1773 2764 1915 2814 circa
1972 2764 2145 2830 ipsum
2201 2768 2358 2812 erant

819 2859 988 2926 copiis
1013 2867 1066 2911 et
1111 2857 1279 2925 gloria
1317 2870 1412 2910 sua
1463 2868 1746 2922 apparens,
1794 2854 1960 2920 magis
2028 2851 2364 2908 :onfirmavit

822 2952 941 3016 ejus
971 2947 1366 3008 fortitudinem,
1397 2955 1451 2999 et
1481 2945 1723 3012 implevit
1749 2943 1993 3004 audacia,
2025 2942 2250 2996 dicens:
2287 2939 2363 2992 Ne

822 3040 1166 3102 extimescas,
1201 3053 1301 3106 ego
1327 3037 1471 3089 enim
1502 3050 1620 3097 sum
1653 3045 1863 3088 tecum;
1916 3047 2014 3085 nec
2050 3041 2101 3085 te
2138 3032 2364 3098 attinget

823 3139 1173 3188 tormentum,
1207 3128 1300 3181 sed
1336 3142 1458 3180 cum
1492 3141 1585 3194 per
1619 3135 1761 3178 tuam
1798 3123 2133 3177 tolerantiam
2163 3122 2230 3174 ad
2264 3137 2363 3174 no-

824 3236 947 3272 men
977 3233 1154 3271 meum
1188 3217 1384 3269 multos
1417 3215 1730 3278 adduxeris,
1768 3213 1965 3267 multas
1994 3225 2208 3280 ouoque
2235 3225 2362 3265 con-

821 3309 1064 3375 sequeris
1088 3305 1572 3361 remunerationes.

893 3569 1080 3625 XVIII.
1115 3567 1250 3623 Cum
1270 3568 1385 3622 haec
1406 3566 1590 3621 ultima
1608 3575 1764 3620 nocte
1779 3565 1828 3619 ei
1850 3563 2099 3620 Christus
2119 3563 2369 3617 mandas-

821 3669 925 3723 set,
946 3675 1102 3713 mane
1117 3659 1416 3713 Maxentius
1464 3655 1831 3728 [Maximinus]
1855 3654 2104 3724 pmsedit
2125 3654 2178 3707 in
2196 3654 2369 3708 tribu-

823 3752 954 3814 nali,
970 3761 1024 3805 et
1041 3751 1248 3804 beatam
1262 3749 1421 3819 jussit
1439 3747 1656 3802 adduci:
1676 3756 1731 3800 et
1746 3747 2002 3800 assistens
2024 3754 2226 3816 martyr
2245 3759 2368 3799 cum

825 3843 1012 3912 gratiis
1062 3840 1415 3909 spiritalibus,
1464 3848 1519 3892 et
1566 3838 1708 3892 dulei
1755 3838 1842 3890 illa
1892 3836 2192 3898 alacritate,
2232 3836 2370 3889 adeo

826 3943 888 3985 ut
922 3931 958 3983 ii
985 3943 1220 3998 quoque,
1255 3929 1350 3996 qui
1391 3926 1636 3989 aderant,
1676 3925 1849 3979 nitido
1883 3923 2172 3992 splendore
2207 3921 2370 3976 reful-

827 4025 1038 4089 gercut,
1064 4018 1301 4086 graviter
1315 4014 1603 4068 admodum
1626 4021 1802 4067 terret
1822 4014 2222 4081 imperatorem.
2253 4012 2371 4081 Ipse

826 4121 1007 4162 autem
1030 4108 1080 4161 ei
1114 4108 1244 4160 dicit
1295 4107 1558 4159 malitiose
1579 4112 1636 4157 et
1683 4103 1982 4157 fallaciter:
2022 4103 2118 4168 Te,
2174 4103 2368 4170 inquit,

827 4201 984 4254 decet
1023 4199 1328 4266 imperium,
1360 4211 1394 4249 o
1425 4196 1552 4248 lllia.
1582 4195 1693 4263 Age
1721 4209 1873 4263 ergo,
1902 4209 2028 4248 cum
2065 4193 2172 4248 diis
2203 4194 2373 4248 sacri-

829 4291 1105 4352 ficavcris,
1155 4289 1358 4357 impera
1408 4278 1710 4340 uobiscum.
1773 4286 1958 4354 Neque
2009 4285 2161 4350 velis,
2218 4300 2370 4354 rogo,

829 4384 1015 4436 videre
1047 4381 1268 4434 interire
1316 4377 1600 4430 tormentis
1637 4383 1844 4428 tantam
1889 4374 2369 4442 pulchritudinem.

2461 1947 2722 2016 πλησθεὶς
2753 1948 2992 1999 πιστεύει
3038 1950 3133 2001 σὺν
3162 1950 3270 2009 τοῖς
3301 1949 3598 2010 διακοσίοις
3646 1947 4017 2015 στρατιώταις

2460 2039 2553 2091 καὶ
2571 2040 2730 2101 αὑτζς
2751 2039 2826 2106 τῷ
2851 2039 3087 2107 Χριστῷ.
3113 2040 3219 2092 Καὶ
3239 2039 3336 2108 τὴν
3361 2039 3656 2108 μάρτυραή
3679 2036 3890 2106 βασιλὶς
3917 2035 4012 2086 καὶ

2460 2131 2611 2182 αὑτοὶ
2629 2131 3007 2199 ἀσπασάμενοι
3034 2131 3127 2182 καὶ
3143 2130 3573 2198 ασφαλισάμενοι
3597 2131 3720 2189 τοὺς
3741 2130 4013 2196 φρουροὺς

2458 2220 2745 2289 ἀπόρρητα
2769 2220 2981 2271 κεῖσοαι
3024 2219 3154 2288 παρ’
3183 2220 3365 2280 αὐτοῖς
3382 2235 3450 2272 τα
3482 2219 3814 2288 πραχθέντα,
3841 2217 4015 2284 μέσης

2459 2311 2650 2372 νυκτὸς
2667 2309 3212 2377 ἐκεῖθενὲξέρχονται.
3240 2310 3302 2361 Ἦ
3319 2311 3501 2378 μέντοι
3519 2309 3861 2376 τοῦΧριστοῦ
3879 2309 3969 2376 μά⁸
3992 2335 4017 2347 ο

2457 2412 2554 2457 τυς
2607 2397 2961 2463 Λικατερίνα.
2983 2397 3260 2465 Δεστ.ότην
3299 2398 3501 2466 πατρὸς
3533 2396 4016 2465 φιλοστοργότερον

2461 2487 2677 2554 ἔλουσα,
2708 2486 2906 2554 πολλῆς
2933 2488 3169 2540 ἀπέλαϐε
3201 2487 3326 2557 παρ’
3350 2486 3513 2540 αὑτοῦ
3541 2489 3638 2555 τῆς
3661 2485 4011 2554 κηδεμονίας.

2465 2577 2597 2645 Παρ’
2629 2578 2756 2638 ὅλας
2807 2579 2904 2646 μὶν
2954 2579 3062 2647 γὰρ
3119 2579 3215 2639 τάς
3265 2578 3472 2630 δώδεκα
3525 2581 3722 2639 ταύτας
3774 2579 4011 2644 ἡμέρας.

2463 2670 2519 2720 έν
2542 2663 2626 2730 αἷς
2661 2670 2827 2737 αὑτὴν
2860 2665 3005 2737 εἶχεν
3035 2672 3067 2738 ὴ
3102 2669 3335 2740 φυλακὴ,
3386 2670 3473 2723 διὰ
3510 2669 3840 2738 περιστερᾶς
3872 2666 4010 2718 ἀνω-

2465 2758 2555 2810 θεν
2602 2758 2815 2826 ἐδέχετο
2860 2760 2957 2827 τὴν
3011 2761 3224 2828 προφήν
3258 2777 3272 2792 ο
3303 2759 3496 2812 ἔπειτα
3543 2760 3600 2812 δὲ
3643 2759 3734 2812 καὶ
3782 2757 3945 2816 αὐτὸς
3989 2757 4015 2807 6

2465 2849 2628 2909 καλὸς
2661 2850 2875 2916 ἐκείνης
2907 2848 3248 2917 ἀγωνοθέτης
3288 2848 3522 2917 Χριστὸς
3561 2848 3696 2915 μετά
3729 2845 3838 2898 τῶν
3885 2845 4015 2912 περὶ

2465 2941 2624 2995 αὑτὸν
2671 2941 2950 3010 δυνάμεων
2991 2943 3084 2993 καὶ
3122 2944 3221 3010 τῆς
3263 2941 3467 3001 οἰκείας
3508 2938 3662 3006 δόξης
3722 2936 4013 3005 ἐπιφανὴς.

2466 3033 2743 3100 ἐπτέρωσὲ
2777 3048 2833 3083 τε
2870 3031 3042 3099 αὑτῆς
3078 3031 3236 3083 πλέον
3279 3031 3376 3097 τὴν
3418 3029 3714 3098 καρτερίαν
3761 3030 3856 3080 καὶ
3882 3028 4016 3094 θαρ-

2469 3138 2594 3183 σους
2625 3120 2915 3189 ἐνέπλησε.
2956 3137 2973 3169 ι
3013 3120 3097 3187 Μὴ
3147 3120 3443 3188 δειλιάσης,
3485 3119 3652 3171 εἰπών
3692 3134 3705 3148 ·
3755 3117 3865 3183 ἐγὼ
3909 3117 4018 3184 γάρ

2472 3215 2586 3280 είμι
2615 3214 2751 3280 μετὰ
2778 3213 2871 3263 σοῦ
2907 3213 3002 3263 καὶ
3029 3212 3088 3262 ού
3120 3213 3194 3279 μή
3233 3227 3324 3262 σου
3361 3211 3565 3278 ἅψηται
3599 3210 3851 3274 βάσανος,
3879 3209 4019 3260 ἀλλα

2469 3305 2692 3366 πολλοὺς
2717 3305 2804 3356 6ιά
2829 3304 2926 3369 τῆς
2955 3305 3158 3364 οἰκείας
3230 3302 3504 3370 ὑπομονῆς
3542 3301 3618 3370 τῷ
3660 3301 3779 3369 εμῷ
3846 3316 4017 3367 προσ-

2469 3395 2751 3464 αγαγοῦσα
2775 3395 3003 3464 ὀνόματι
3042 3393 3251 3447 πολλῶν
3275 3393 3554 3465 ἀξιωθήσῃ
3607 3399 3700 3446 καὶ
3741 3394 3852 3446 τῶν
3898 3408 4019 3444 στε-

2470 3492 2672 3557 φάνων.
2713 3507 2731 3538 ι

2541 3577 2647 3630 lll'.
2676 3577 2859 3630 Ταῦτα
2888 3575 3029 3629 κατὰ
3050 3575 3150 3642 τὴν
3178 3576 3492 3629 τελευταίαν
3522 3580 3692 3628 νύκτα
3739 3591 3832 3627 του
3882 3575 4016 3644 Χρι-

2473 3665 2599 3718 στοῦ
2651 3666 3076 3734 ἐπισκήψαντος,
3128 3665 3297 3717 εωθεν
3359 3668 3386 3718 ὀ
3439 3664 3735 3728 Μαξέντιος
3783 3664 3877 3716 iul.
3920 3663 4016 3715 τοῦ

2473 3753 2714 3822 βήματος
2752 3753 3124 3824 προκαθίσας,
3159 3753 3392 3822 ἀχθῆναι
3437 3754 3652 3805 κελεύει
3699 3754 3798 3824 τὴν
3847 3771 4019 3821 μακα-

2477 3846 2617 3914 ρίαν.
2651 3847 2757 3897 Καὶ
2793 3848 3121 3913 παραστᾶσα
3162 3847 3191 3914 ἠ
3230 3847 3436 3913 μάρτυς
3461 3846 3595 3913 μετὰ
3633 3847 3742 3898 τῶν
3772 3862 4021 3913 πνευμς--ο

2471 3934 2636 3987 τικῶν
2674 3935 2908 4004 χαρίτων
2943 3939 3036 3986 καὶ
3082 3938 3185 4004 τῆς
3239 3937 3490 4004 γλυκείας
3530 3937 3744 4005 ἐκείνης
3793 3937 4018 4004 φαιδρίο

2471 4043 2649 4095 τητος,
2675 4027 2750 4089 ὡς
2782 4029 2875 4080 καὶ
2898 4028 3092 4088 abte);
3125 4028 3294 4096 δήπου
3327 4031 3449 4090 τοὺς
3484 4029 3759 4097 παρόντας
3803 4029 4016 4098 καθαρᾷ

2471 4117 2840 4187 περιλάμπειν
2874 4119 2939 4186 τῇ
2995 4119 3180 4186 αἴγλῃ,
3228 4117 3412 4180 δεινῶς
3461 4119 3599 4186 ἄγαν
3648 4119 4017 4187 καταπλήττει

2471 4207 2560 4260 τὸν
2596 4207 2843 4276 βασιλέα.
2895 4210 3003 4258 Καὶ
3031 4209 3192 4268 αᾳτδς
3223 4208 3404 4269 εύθὺς,
3432 4207 3646 4274 ὑπούλῳ
3676 4208 3750 4276 τῷ
3775 4209 3896 4274 Met
3927 4209 4020 4259 καὶ

2473 4298 2772 4364 περιέργῳ,
2807 4297 2896 4347 Σοὶ
2920 4296 3142 4365 πρέπει,
3174 4297 3327 4364 φησὶ,
3351 4297 3412 4348 τὸ
3435 4295 3728 4364 βασίλειον,
3757 4297 4019 4366 θύγατερ.

2474 4385 2642 4455 Δεῦρο
2673 4387 2850 4437 τοίνυν
2914 4386 3122 4439 θύσασα
3155 4389 3264 4446 τοῖς
3324 4387 3485 4450 θεοῖς,
3549 4387 3862 4456 βασίλευσον
3923 4390 4020 4440 σὺν

831 4471 920 4524 Illa
956 4480 1139 4525 autem
1171 4486 1185 4521 :
1220 4469 1334 4530 Est,
1369 4467 1563 4535 inquit,
1612 4465 1788 4518 solum
1844 4473 1985 4518 terra
2017 4473 2072 4518 et
2112 4464 2283 4527 cinis;
2318 4472 2371 4517 et
2404 4475 2444 4531 ι)
2473 4479 2517 4545 ηπ

2337 4472 2623 4545 ειῡήμίν,
2684 4476 2817 4546 μηδὲ
2892 4476 3128 4546 θελήσῃς
3181 4478 3498 4546 παρακαλῶ,
3570 4480 3820 4545 βασάνοις
3887 4482 4023 4531 ἀπο-

832 4560 883 4613 id
916 4560 1011 4613 tibi
1040 4573 1228 4611 rursus
1251 4558 1394 4618 dico,
1422 4570 1454 4608 ο
1481 4555 1812 4623 imperator:
1849 4562 2061 4622 tempus
2093 4568 2221 4607 vero
2241 4554 2371 4607 facit

828 4661 948 4701 eam
989 4645 1349 4708 elllorescere,
1381 4652 1436 4697 et
1465 4646 1687 4696 morbus
1713 4643 1986 4706 tabefacit,
2023 4654 2084 4697 ut
2122 4656 2242 4712 qua:
2291 4643 2373 4695 ni-

832 4738 907 4791 hil
955 4735 1170 4790 ftrmum
1218 4735 1434 4796 habeat,
1486 4749 1587 4787 nec
1663 4733 1874 4787 stabile.
1923 4733 2141 4786 Interim
2190 4743 2372 4787 autem

833 4827 962 4880 dum
1006 4834 1208 4895 martyr
1256 4826 1370 4877 hare
1422 4823 1473 4876 ei
1529 4823 1752 4886 diceret,
1799 4823 2016 4892 quidam
2065 4823 2371 4892 praefectus,

834 4916 1052 4968 nomine
1078 4911 1492 4973 Chursasadem,
1518 4913 1661 4964 acris
1685 4911 1902 4978 quidem
1928 4914 1993 4964 ad
2021 4913 2174 4976 iram,
2203 4929 2375 4981 prom-

834 5014 959 5075 ptus
986 5013 1166 5057 autem
1197 5011 1254 5055 et
1278 5001 1589 5070 ingeniosus
1615 5002 1682 5054 ad
1714 5001 2074 5070 puniendum.
2111 5019 2234 5057 cum
2261 5005 2375 5057 haec

834 5097 1066 5158 audiret,
1102 5093 1298 5163 partim
1345 5092 1532 5146 dolens
1576 5093 1746 5147 vicem
1775 5092 2024 5148 Maxentii
2049 5093 2375 5166 [Maximini]

835 5185 1029 5254 partim
1061 5195 1241 5237 autem
1271 5199 1382 5238 sua:
1413 5184 1794 5237 benevolentia
1810 5184 1943 5238 dans
1970 5186 2376 5254 experientiam,

836 5287 1040 5327 cumse
1065 5286 1230 5340 parvo
1267 5279 1510 5339 tempore
1540 5273 1904 5336 sustinuisset,
1937 5283 2190 5341 tanquam
2235 5276 2376 5344 apud

837 5377 893 5414 se
925 5362 1194 5414 meditans
1221 5369 1276 5414 et
1304 5360 1605 5427 inquirens,
1651 5360 1823 5414 dixit:
1878 5361 1989 5430 Ego
2016 5363 2136 5427 tibi,
2184 5380 2216 5417 ο
2278 5366 2377 5416 itii-

839 5461 1077 5521 perator,
1117 5466 1224 5505 nou
1283 5467 1443 5519 parva
1497 5467 1628 5506 cura
1679 5453 1944 5520 adhibita,
2009 5455 2210 5520 inveni,
2245 5473 2374 5526 quo-

840 5540 1005 5593 modo
1039 5541 1211 5608 possis
1244 5541 1325 5594 vel
1357 5542 1408 5593 ei
1449 5542 1557 5595 cito
1593 5543 1938 5609 persuadere,
1973 5546 2058 5599 vel
2097 5562 2215 5600 eam
2253 5565 2376 5617 per-

838 5632 988 5683 dere.
1026 5630 1222 5683 Modus
1250 5641 1428 5684 autem
1459 5641 1539 5686 est
1577 5634 1883 5702 ejusmodi:
1937 5635 2073 5690 Jube
2120 5639 2221 5692 sub
2275 5655 2380 5692 una

840 5723 1002 5776 h’oula
1033 5723 1145 5777 fieri
1209 5735 1442 5792 quatuor
1474 5736 1635 5794 rotas,
1679 5739 1732 5786 et
1773 5731 2062 5801 unicuique
2114 5743 2245 5787 rota:
2297 5734 2380 5786 in-

2477 4565 2662 4616 λέσθαι
2691 4568 2960 4633 τοσαύτην
2989 4566 3158 4633 ὅψεως
3184 4566 3511 4633 ὡραιότητα.
3559 4567 3622 4618 Ἡ
3641 4566 3719 4631 δὲ,
3757 4567 3830 4635 Γῆ
3861 4568 4021 4636 μόνον

2477 4656 2644 4717 εστὶν,
2681 4652 2825 4717 εἷπε,
2860 4657 2951 4707 καὶ
2983 4656 3149 4718 κόνις,
3173 4656 3268 4706 καὶ
3292 4656 3450 4707 πάλιν
3482 4657 3561 4708 σοι
3586 4673 3747 4725 φημι,
3774 4656 4020 4725 βασιλεῦ,

2477 4745 2739 4797 ἀπανθεῖν
2783 4745 2838 4796 δὲ
2877 4746 3048 4812 αὑτήν
3085 4744 3176 4796 καὶ
3228 4746 3416 4813 χρόνος
3484 4748 3664 4809 ποιεί,
3725 4747 3820 4799 καὶ
3871 4748 4024 4809 νόσος

2479 4834 2779 4888 ιπελθοὺσα
2833 4836 3105 4903 μαραίνει,
3163 4833 3380 4903 βέϐαιον
3431 4835 3584 4888 οὐδέν
3631 4837 3752 4889 οὑδε
3797 4840 4026 4908 μόνιμον

2482 4923 2731 4994 ἔχουσαν.
2775 4923 2861 4976 Ἐν
2889 4925 2996 4993 ὅσῳ
3025 4925 3279 4977 δὲταῦτα
3330 4927 3362 4993 ἡ
3422 4926 3624 4994 μάρτυς
3677 4931 3810 4997 πρὸς
3862 4931 4029 4983 αὑτὸν

2482 5010 2776 5078 διελέγετο,
2822 5011 3064 5080 ὑπαρχός
3109 5029 3192 5074 τις
3245 5014 3412 5082 όνομα
3463 5015 3851 5086 Χρυσασαδὲμ,
3900 5019 4028 5086 ὀξὺς

2489 5103 2590 5172 μὶν
2639 5104 2718 5166 είς
2758 5104 2948 5173 ὀργὴν,
2998 5105 3302 5173 εὐμήχανος
3357 5105 3412 5156 δὲ
3454 5109 3533 5168 εἰς
3566 5110 3859 5178 τιμωρίαν,
3916 5113 4028 5164 τῶν

2490 5191 2798 5260 λεγομένων
2867 5191 3097 5256 ἀκούων,
3156 5192 3291 5261 ὁμοῦ
3358 5194 3456 5262 μὲν
3504 5197 4030 5267 ὑπεραγανακτήσας

2482 5281 2799 5347 Μαξεντίου,
2832 5282 2965 5350 ὁμοῦ
3036 5281 3214 5334 δὲκαὶ
3256 5287 3449 5353 πεῖραν
3497 5285 3645 5353 αὑτῷ
3697 5288 3907 5347 εύνοίας
3943 5287 4026 5339 δι-

2483 5374 2626 5434 δούς,
2661 5373 2854 5441 μικρόν
2877 5390 3000 5425 τινα
3032 5375 3220 5441 χρόνον
3249 5376 3486 5443 ἐπισχὼν
3533 5379 3624 5428 καὶ
3673 5372 3781 5429 οἷον
3838 5380 4032 5431 ἑαυτὸν

2486 5468 2880 5534 συγκροτήσας,
2941 5463 3080 5528 Ἐγώ
3112 5480 3214 5525 σοι,
3266 5464 3505 5532 βασιλεῦ,
3553 5466 3653 5534 ἔφη
3709 5469 3803 5518 σὺν
3859 5469 4030 5539 πολλῇ

2487 5555 2725 5624 φροντίδι
2756 5553 3004 5622 ἀνεῦρον,
3037 5555 3182 5615 ὅπως
3213 5555 3330 5623 ἆνῆ
3387 5558 3566 5607 πείσαι
3624 5557 3816 5608 θᾶττον
3861 5560 4031 5627 αὐτὴν

2484 5646 2734 5714 δυνηθῇς,
2767 5645 2799 5712 ἢ
2837 5645 3116 5697 ἀπολέσαι.
3154 5645 3213 5695 ’0
3244 5645 3300 5696 δὲ
3344 5646 3542 5714 τρόπος
3587 5649 3702 5698 ἐστὶ
3741 5649 3976 5707 τοιοῦτος
4015 5667 4030 5679 ·

2486 5737 2753 5788 Κέλευσον
2791 5735 2894 5787 ὑπό
2930 5737 3129 5805 περόνῃ
3169 5737 3264 5804 μιᾷ
3317 5737 3587 5805 τέσσαρας
3617 5738 3872 5805 γενέσθαι
3909 5755 4031 5808 τρο.
