4270 6428
245 333 351 396 291

1307 331 1776 394 MARTYRIUM
1816 332 1879 392 S.
1916 330 2394 392 CATHARIN/E.

3348 327 3455 392 298

247 445 378 516 χούς
409 458 425 476 ⁸
460 444 679 515 ἑκάστῳ
722 445 779 498 δι
809 445 921 498 τῶν
957 446 1166 515 τροχῶν
1200 445 1521 515 πρηστῆρας
1556 442 1801 515 έμπαγῆ-
1834 447 1881 507 Α
1906 440 1933 494 il

1770 443 1801 511 ᾗ·
1834 447 1881 507 Α
1906 440 1995 511 ilgi
2028 454 2209 495 serras
2237 447 2294 493 et
2327 440 2510 493 clavos
2539 446 2749 494 acutos.
2782 438 2987 495 Deinde
3027 442 3334 497 machinam
3368 443 3456 498 iu-

244 554 338 592 ναι
375 536 469 589 καὶ
486 536 648 606 ἥλους
670 536 810 600 ὀξεῖς
838 552 854 567 °
887 532 1005 589 εἶτα
1026 536 1278 606 σχοινίοις
1298 537 1359 588 τὸ
1389 535 1688 605 μηχάνημα
1710 534 1806 586 καὶ

248 631 616 699 τροχιλίσκοις
649 634 756 698 πρὸ
796 631 908 682 τῶν
932 628 1101 697 αὐτῆς
1129 628 1422 697 ὀφθαλμῶν
1458 626 1801 695 ἑλκυσθῆναι.

246 720 312 773 Εἰ
358 721 455 788 μὲν
501 717 596 773 οὖν
642 720 824 772 ἰδοῦσα
870 722 1027 774 τοῦτο
1068 720 1205 790 μετὰ
1234 720 1595 790 σφοδροτάτου
1626 718 1805 788 ῥοίζου

248 814 548 879 φερόμενον
575 812 825 881 πεισθείη
853 814 947 866 καὶ
974 812 1155 865 θύσειε
1182 811 1303 880 μεθ’
1330 811 1485 880 ἡμῶν
1508 813 1620 872 τοῖς
1643 809 1805 874 θοοῖς,

244 900 496 967 τεύξεται
524 902 631 953 τῶν
648 901 1104 972 ,ἐπηγγελμένων
1133 903 1181 954 εί
1205 900 1251 955 δ’
1270 895 1387 966 οὖν,
1404 897 1541 952 ἀλλὰ
1556 900 1665 960 τοῖς
1685 913 1810 967 τρο-

245 995 363 1063 χοῖς
401 993 734 1063 έμσληθιῐσα
760 993 1098 1046 ἐλεεινότατα
1130 994 1229 1063 τὴν
1260 993 1441 1062 ψυχὴν
1478 989 1805 1061 ἀπορρήξω.

322 1082 423 1136 18⁸.
458 1083 642 1137 Ταῦτα
670 1084 767 1151 μὲν
795 1079 889 1137 οὗν
925 1085 955 1135 6
990 1083 1237 1154 ὕπαρχος
1273 1079 1452 1137 εἶπεν.
1518 1081 1806 1150 ’Δρπάσας

247 1172 308 1227 et
329 1174 421 1226 τὸν
451 1174 609 1243 λόγον
636 1176 664 1226 6
705 1173 979 1243 βασιλεὺς,
1027 1173 1126 1243 τὴν
1154 1174 1410 1242 μάρτυρα
1466 1171 1567 1240 μὶν
1624 1170 1807 1223 δίδωσι

246 1265 536 1330 τηρεῖσθαι
568 1266 661 1317 καὶ
696 1264 851 1327 αὖθις
886 1281 899 1293 ·
943 1268 1006 1317 τὸ
1052 1267 1359 1334 μηχάνημα
1390 1264 1447 1319 δι
1488 1264 1571 1323 είς
1618 1261 1809 1331 τρίτην

251 1357 473 1425 ἡμέραν
501 1355 823 1425 τελεσθῆναι
853 1357 1090 1410 κελεύει.
1139 1354 1342 1409 Τούτου
1384 1354 1441 1406 δέ
1493 1354 1806 1421 γινομένου,

251 1448 595 1513 προσάγεται
627 1448 723 1497 καὶ
761 1446 921 1498 πάλιν
942 1449 975 1516 ἡ
1012 1447 1241 1516 μάρτυς,
1264 1446 1375 1511 καὶ,
1410 1442 1666 1513 Πεισθητί
1700 1459 1808 1511 μοι,

249 1538 387 1603 φησὶ
411 1537 542 1606 πρὸς
569 1536 738 1606 αὐτὴν
767 1539 794 1588 6
831 1537 1101 1605 βασιλεὺς,
1155 1538 1251 1590 καὶ
1276 1537 1438 1589 θῦσον
1470 1537 1583 1597 τοῖς
1622 1534 1761 1596 θεοῖς
1792 1550 1808 1568 ο

251 1627 301 1679 τί
327 1626 383 1677 δὲ
413 1628 509 1695 μὴ,
553 1628 727 1694 τούτῳ
771 1644 829 1677 σε
884 1627 963 1697 τῷ
1010 1626 1356 1697 κολαστηρίῳ
1405 1624 1680 1688 ὑποϐαλῶ,
1720 1639 1814 1677 κε-

249 1719 451 1780 λεύσας
485 1720 544 1770 τὸ
577 1720 766 1771 καινὸν
796 1722 971 1772 ἐκεῖνο
1006 1720 1328 1788 μηχάνημα,
1362 1717 1453 1771 ὑπ’
1502 1716 1812 1784 ὀιρθαλμοῦς

250 1811 419 1879 αὐτῆς
456 1812 708 1863 ἕλκεσθαι
737 1829 750 1843 ο
775 1806 985 1872 οὗτινος
1014 1813 1111 1864 σὺν
1150 1809 1333 1879 πολλῷ
1382 1808 1705 1878 κινουμένου
1735 1805 1814 1876 τῷ

254 1903 419 1972 ῥοίζῳ
451 1906 542 1956 καὶ
576 1903 735 1955 πάλιν
767 1906 793 1955 ὁ
828 1903 1102 1971 βασιλεὺς.
1143 1903 1344 1974 Ὀρᾷς;
1393 1901 1518 1969 εφη,
1550 1900 1707 1952 τοῦτό
1753 1915 1813 1951 σε

257 1996 335 2065 μὴ
371 1996 699 2064 πειθομένην
746 1995 1046 2061 ἐκδέξεται.
1094 1994 1158 2047 Ἡ
1186 1995 1263 2059 δὲ,
1316 1993 1603 2056 Πολλάκις,
1658 1993 1811 2061 φησὶ,

252 2085 352 2153 τὴν
381 2087 520 2154 ἐμὴν
561 2085 787 2154 γνώμην
821 2080 995 2149 εἷπον,
1033 2080 1079 2137 ὧ
1126 2082 1371 2153 βασιλεῦ,
1430 2082 1522 2135 καὶ
1564 2066 1814 2151 ’φανεράν

258 2194 340 2229 σοι
376 2178 577 2247 ταύτην
610 2178 950 2247 ἐποιησάμην
1001 2193 1016 2208 ο
1060 2177 1135 2247 μὴ
1172 2176 1329 2246 μέλλε
1359 2176 1472 2240 οὖν,
1505 2177 1637 2229 ἀλλὰ
1672 2174 1815 2226 ποίει

258 2271 328 2320 τὰ
378 2270 455 2337 τῷ
489 2269 643 2337 θυμῴ
698 2269 1102 2337 παριστάμενα.
1161 2266 1373 2319 Ἧπάτα
1422 2268 1479 2318 δέ
1528 2284 1609 2329 τις
1663 2266 1817 2327 ἐλπὶς

258 2361 340 2412 ἑτι
368 2362 458 2412 τὸν
493 2360 715 2428 βασιλέα
748 2361 826 2411 ὅτι
850 2360 1009 2429 τυχὸν
1035 2360 1389 2427 πεισθήσεται
1432 2361 1522 2411 καὶ
1575 2359 1817 2427 μεταϐα-

258 2452 361 2515 λεῖ,
395 2456 487 2504 καὶ
512 2449 665 2514 αὖθις
690 2452 827 2520 πρὸς
859 2453 1028 2521 αὐτὴν
1076 2453 1194 2513 ταῖς
1226 2451 1490 2509 θωπείαις
1526 2453 1813 2520 ἐκέχρητο.

272 2543 427 2593 Ἐπεὶ
452 2543 503 2593 δὲ
536 2544 773 2610 ἀνήνυτα
799 2542 939 2609 ἔγνω
962 2540 1161 2604 πονῶν,
1192 2539 1541 2609 περιδεθῆναι
1570 2543 1668 2609 μὲν
1704 2543 1812 2603 τοῖς

262 2634 479 2701 τροχοῖς
514 2635 613 2700 τὴν
636 2634 888 2699 γενναίαν
909 2633 1259 2702 προστάττει,
1290 2631 1522 2695 ὀξύτατα
1548 2633 1603 2684 δὲ
1624 2633 1820 2695 αὐτοὺς

264 2724 531 2773 κινεῖσθαι
552 2724 696 2783 ὅπως
726 2722 801 2791 τῷ
830 2723 1043 2791 σφοδρῷ
1072 2724 1163 2775 τοῦ
1194 2726 1490 2793 κινήματος
1513 2724 1821 2793 βαρυτέραν

266 2811 535 2880 ὑπομείνῃ
581 2811 673 2879 τὴν
706 2812 985 2880 τελευτήν.
1050 2813 1189 2864 Ἀλλ’
1236 2808 1302 2882 ἦν
1355 2813 1574 2865 έναντία
1618 2812 1822 2864 τούτων

268 2902 396 2972 fit):
452 2903 547 2970 τῆς
582 2903 729 2963 θείας
772 2905 993 2971 χάριτος
1035 2903 1277 2965 έκῦασις.
1323 2903 1387 2956 Ἦ
1447 2906 1556 2974 γάρ
1614 2904 1820 2971 μάρτυς

268 2995 487 3046 πάντων
518 2995 649 3063 ὁμοῦ
685 2994 898 3046 καὶτοῦ
927 2992 1152 3064 σιδήρου
1185 2997 1278 3047 καὶ
1321 2996 1431 3047 τῶν
1473 2996 1679 3065 τροχῶν
1730 2996 1822 3047 καὶ

269 3087 380 3137 τῶν
413 3086 628 3153 δεσμῶν
660 3086 884 3137 ἐκείνων
911 3085 1150 3152 litium,
1206 3088 1438 3153 ἀγγέλου
1470 3088 1603 3155 πρὸς
1650 3087 1822 3156 αὐτὴν

274 3177 479 3231 ἄνωθεν
510 3175 865 3237 καταϐάντος.
896 3177 959 3228 Οἱ
993 3174 1177 3245 τροχοὶ
1210 3177 1289 3241 δὲ,
1339 3177 1631 3245 αὐτόματοι
1669 3178 1822 3231 κυλι-

272 3265 515 3329 σθέντες,
568 3267 793 3328 πολλοὺς
836 3267 946 3318 τῶν
1001 3269 1241 3319 ἀπίστων
1270 3268 1497 3330 ἀνεῖλον,
1532 3267 1671 3321 ὥστε
1733 3270 1824 3320 καὶ⁸

272 3357 497 3426 κράζειν
521 3358 669 3418 τινὰς
698 3357 804 3408 τῶν
856 3356 1231 3426 περιεστώτων
1269 3359 1361 3409 ἐπὶ
1411 3358 1488 3426 τῷ
1541 3359 1825 3430 παραδόξῳ

271 3447 444 3516 τούτῳ
471 3449 729 3515 θεάματι·
755 3449 941 3514 Μέγας
970 3448 998 3498 6
1039 3447 1167 3508 Θεὸς
1193 3448 1299 3499 τῶν
1323 3449 1682 3517 Χριστιανῶν.
1724 3451 1828 3501 Θυ-

278 3544 375 3610 μὸς
405 3545 495 3593 ἐπὶ
526 3542 731 3603 τούτοις
766 3542 928 3605 πολὺς
968 3542 1267 3607 Μσξεντίου
1306 3543 1397 3595 καὶ
1427 3544 1589 3610 μανία
1618 3542 1824 3596 δυσκά-

276 3636 487 3696 θεκτος,
521 3636 613 3685 καὶ
660 3636 981 3701 πικρότεραι
1030 3636 1093 3701 τῇ
1134 3635 1368 3703 μάρτυρι
1387 3633 1546 3685 πάλιν
1582 3634 1825 3697 κολάσεις

280 3723 768 3794 παρεσκευάζοντο.
836 3723 975 3775 Ἀλλ’
1018 3725 1050 3793 ἡ
1089 3724 1316 3789 σύζυγος
1378 3725 1661 3791 Αύγούστα
1721 3726 1828 3777 τῶν

278 3816 569 3883 βασιλικῶν
632 3814 826 3882 ἀθρόον
897 3815 1263 3866 κοιτωνίσκων
1325 3818 1688 3885 ἐπιφανεῖσα,
1736 3819 1828 3869 καὶ

278 3905 465 3957 τοῦτον
502 3906 635 3972 πρὸς
683 3904 882 3970 ἑαυτὴν
913 3902 1440 3971 ἁντιπερισπάσασα,
1478 3903 1689 3957 διέλυσε
1727 3904 1827 3972 τὴν

280 3995 497 4065 βουλὴν,
538 3994 736 4060 μᾶλλον
774 3991 829 4043 δὲ
866 3993 1144 4059 ἁναιρέτις
1168 3993 1305 4059 αὑτὴ
1344 3994 1537 4059 γέγονε
1574 3993 1673 4060 τῆς
1708 3995 1831 4044 επι-

278 4084 501 4145 δουλῆς.
534 4082 792 4153 Ἐρχεταί
822 4097 879 4133 τε
911 4084 1017 4149 γὰρ
1041 4081 1114 4142 ὡς
1157 4080 1601 4149 πνεῦμὰεποθιν,
1666 4081 1829 4133 ’Λπό-

278 4177 461 4239 λυπν,
492 4176 747 4241 λέγουσα,
782 4174 883 4239 τὴν
918 4174 1119 4226 οἰκέτιν
1145 4171 1239 4226 τοῦ
1272 4172 1511 4240 μεγάλου
1557 4171 1718 4235 Geo-5,
1760 4167 1827 4240 ἦς

278 4269 377 4334 οὐχ
408 4266 636 4318 ἅπτεται
668 4264 921 4334 βάσανος.
951 4264 1260 4339 Μιυραίνεις
1291 4266 1399 4332 γὰρ
1446 4263 1636 4325 δντως,
1669 4262 1829 4325 ζῶντι

280 4361 531 4412 παλαίων
564 4356 703 4422 Θεῷ.
742 4356 857 4424 Ἐφ’
883 4350 964 4418 οἷς
1002 4358 1095 4408 καὶ
1122 4355 1433 4425 θερμότερα
1487 4354 1645 4417 ζέσας
1672 4358 1699 4405 6
1729 4355 1819 4422 pa.-

1907 532 2072 587 nibus
2103 540 2161 587 et
2192 530 2375 601 parvis
2427 531 2563 584 rotis
2609 531 2749 585 trahi
2807 542 2933 586 ante
2974 533 3091 602 ejus
3142 534 3349 589 oculos.
3391 536 3461 592 Et

1906 626 1973 690 si,
2006 640 2130 679 cum
2159 639 2280 679 eam
2310 623 2533 693 quidem
2564 626 2761 679 viderit
2806 624 2930 678 ferri
2975 628 3209 681 maximo
3251 628 3459 699 impetu

1906 731 1971 770 ac
1997 716 2252 785 strepitu,
2284 717 2763 786 persuasafuerit,
2818 728 2874 772 et
2921 719 3204 772 nobiscum
3233 721 3340 775 diis
3373 734 3460 775 sa-

1905 806 2260 868 criﬁcaverit.
2302 816 2672 877 consequetur
2702 810 3004 876 promissa;
3045 809 3129 863 sin
3175 812 3372 877 minus,
3403 813 3459 868 in

1907 907 2058 953 rotas
2102 900 2313 970 injecta
2367 900 2752 956 miserabiliter
2799 916 2898 972 per
2949 904 3059 957 vim
3098 904 3149 959 ei
3208 915 3461 976 erumpet

1982 1084 2119 1140 XIX.
2139 1086 2313 1155 Atque
2346 1086 2459 1141 hac
2484 1086 2702 1156 quidem
2731 1086 2866 1142 dixlt
2886 1088 3189 1156 praefectus.
3207 1089 3342 1145 Cum
3362 1107 3462 1146 au-

1910 1186 2018 1229 tem
2034 1177 2154 1246 ejus
2186 1192 2488 1232 sermonem
2521 1178 2841 1247 arripuisset
2872 1179 3189 1246 imperator.
3221 1181 3313 1235 dat
3341 1184 3465 1252 qui.

1910 1267 2034 1319 dem
2059 1276 2348 1336 martyrem
2362 1268 2794 1331 custodiendam,
2818 1276 2872 1322 et
2896 1284 3089 1323 rursus
3098 1272 3466 1340 jubetmacbi-

1910 1373 2037 1413 nam
2064 1358 2180 1413 ﬁeri
2216 1358 2270 1412 in
2305 1360 2523 1413 tertium
2558 1360 2719 1413 diem.
2756 1358 2890 1413 Cum
2926 1360 3027 1413 hoc
3054 1378 3233 1416 amem
3261 1351 3467 1419 factum.

1910 1457 2072 1517 esset,
2091 1457 2296 1519 martyr
2314 1463 2508 1503 rursus
2525 1448 2816 1515 addicitur;
2842 1458 2916 1511 et,
2937 1451 3069 1504 Pare
3089 1452 3240 1517 mihi,
3265 1453 3396 1508 dicit
3412 1456 3463 1509 ei

1914 1541 2227 1608 imperator,
2272 1550 2327 1597 et
2388 1541 2495 1594 diis
2540 1540 2828 1595 sacriﬁca:
2882 1542 2966 1596 sin
3015 1543 3215 1607 minus,
3268 1561 3369 1615 ego
3412 1556 3465 1601 te

1914 1630 2043 1683 huic
2082 1637 2353 1684 tormento
2381 1631 2682 1701 subjiciam,
2712 1632 2911 1699 jubens
2941 1647 3135 1686 novam
3180 1635 3322 1691 illam
3354 1652 3465 1690 ma~

1917 1724 2132 1779 chinam
2194 1722 2331 1777 trahi
2358 1736 2483 1778 ante
2512 1725 2631 1794 ejus
2667 1726 2871 1779 oculos.
2896 1725 3024 1791 Qua:
3071 1727 3290 1795 quidem
3343 1744 3465 1785 cum

1918 1828 2111 1883 magno
2145 1812 2349 1883 impetu
2400 1823 2455 1868 et
2509 1814 2737 1882 strepitu
2777 1825 3111 1881 moveretur,
3169 1834 3359 1872 rursus
3416 1820 3465 1874 ei

1913 1904 2047 1959 dicit
2077 1905 2414 1973 imperator:
2476 1903 2913 1974 Vides?inquit,
2954 1920 3015 1959 ea
3043 1916 3114 1967 te,
3150 1909 3195 1961 si
3231 1924 3339 1962 non
3371 1925 3467 1979 pa-

1914 2010 2055 2060 reas,
2085 1996 2338 2065 excipiet.
2381 1996 2472 2050 illa
2518 2007 2744 2050 autem:
2808 1996 2979 2065 Smpe,
3036 1997 3234 2065 inquit,
3286 2016 3465 2055 meum

1914 2087 2155 2139 animum
2189 2087 2284 2139 tibi
2319 2086 2448 2148 dixi,
2473 2102 2505 2141 o
2530 2088 2847 2153 imperator,
2879 2094 2933 2140 et
2965 2102 3089 2141 eum
3128 2087 3224 2140 tibi
3253 2090 3463 2156 aperui.

1915 2176 1992 2231 Ne
2038 2190 2166 2246 ergo
2212 2178 2502 2239 cunctcris,
2560 2176 2655 2229 sed
2719 2175 2883 2230 facias
2928 2191 3049 2245 quae
3119 2186 3213 2229 tuo
3274 2180 3469 2234 sedent

1917 2270 2117 2321 animo.
2159 2268 2545 2336 Imperatorem
2597 2276 2779 2320 autem
2829 2281 2954 2335 spes
2987 2269 3232 2335 quaedam
3285 2270 3463 2322 adhuc

1917 2357 2244 2427 decipiebat,
2274 2357 2518 2413 futurum
2570 2358 2826 2421 fortasse,
2860 2367 2917 2412 ut
2958 2360 3382 2427 persuaderetur
3410 2371 3467 2415 ct

1918 2456 2238 2511 mutaretur,
2270 2456 2325 2502 et
2358 2450 2544 2501 multis
2596 2449 2736 2517 apud
2811 2462 2930 2500 eam
2984 2463 3174 2503 rursus
3210 2465 3339 2504 usus
3389 2464 3468 2505 est

1919 2540 2345 2595 adulationibus.
2378 2539 2511 2595 Cum
2544 2550 2725 2594 aulem
2764 2542 3107 2611 cognovisset
3160 2557 3217 2595 se
3268 2543 3464 2598 {rustra

1918 2632 2187 2696 laborare,
2241 2632 2651 2702 jubctquidem
2705 2635 2911 2703 alligari
2967 2638 3099 2690 rotis
3152 2652 3468 2706 generosam

1921 2736 2235 2793 martyrem,
2275 2724 2419 2791 ipsas
2445 2738 2576 2777 vero
2604 2726 2809 2778 moveri
2854 2726 3159 2791 celerrime,
3195 2738 3251 2781 ιιι
3291 2742 3473 2784 motus

1922 2814 2265 2869 vehementia
2310 2823 2539 2868 mortem
2605 2816 2813 2871 subiret
2844 2817 3179 2886 graviorem.
3238 2817 3345 2874 Sed
3405 2819 3474 2875 iis

1923 2919 2042 2972 qum
2071 2902 2455 2965 meditabatur,
2491 2904 2801 2958 contrarius
2860 2906 3055 2959 divinae
3113 2917 3231 2961 erat
3285 2911 3473 2978 gratia:

1923 3003 2185 3051 eventus:
2219 3004 2422 3062 martyr
2454 2994 2599 3048 enim
2641 2995 2803 3047 simul
2848 2998 3070 3049 omnino
3112 2998 3288 3052 soluta
3316 2998 3416 3053 fuit
3442 3014 3472 3053 a

1924 3087 2091 3149 ferro,
2123 3095 2179 3140 et
2204 3088 2354 3149 rotis,
2385 3096 2441 3138 et
2491 3086 2595 3138 illis
2642 3088 2897 3152 vinculis,
2948 3089 3091 3157 quod
3132 3094 3358 3158 angelus
3384 3091 3476 3146 dc-

1924 3192 2089 3244 super
2119 3177 2183 3229 ad
2210 3191 2328 3230 eam
2356 3178 2699 3243 advolasset;
2738 3189 2870 3233 rotae
2899 3191 3079 3233 autem
3120 3197 3215 3236 sua
3280 3197 3474 3251 sponte

1922 3269 2176 3322 volutata:
2234 3269 2627 3322 interemerunt
2703 3270 2902 3323 multos
2985 3285 3050 3324 cx
3141 3271 3471 3335 infidelibus,

1925 3360 2062 3413 adeo
2096 3368 2155 3412 ut
2185 3359 2553 3412 exclamarent
2603 3359 2819 3427 quidam
2876 3375 2942 3413 ex
2990 3352 3472 3417 circumstantibus

1927 3456 2151 3517 propter
2179 3447 2542 3515 inopinatum,
2573 3463 2631 3503 et
2661 3450 2805 3519 quod
2839 3460 2957 3503 erat
3015 3461 3204 3504 contra
3245 3455 3473 3520 opinio-

1926 3554 2070 3600 nem,
2094 3540 2480 3606 spectaculum:
2508 3539 2727 3607 Magnus
2748 3548 2831 3594 est
2862 3543 3000 3594 Deus
3016 3543 3475 3597 Christianarum.

1928 3629 2155 3697 Propter
2189 3629 2303 3683 hac
2332 3646 2521 3699 magna
2556 3632 2630 3683 ira
2668 3631 2770 3684 fuit
2802 3647 2990 3686 rursus
3044 3648 3306 3687 accensus
3360 3634 3474 3689 Ma-

1929 3722 2145 3774 xentius
2178 3719 2542 3793 [Maximinus]
2576 3732 2631 3776 et
2657 3722 2841 3777 furore
2875 3726 2964 3793 qui
3004 3725 3224 3779 minime
3264 3737 3479 3794 poterat

1932 3811 2213 3875 cohiberi;
2247 3820 2303 3864 et
2352 3814 2599 3880 graviora
2632 3828 2821 3866 rursus
2853 3814 3119 3881 supplicia
3148 3818 3479 3883 parabantur

1930 3904 2175 3970 martyri.
2210 3900 2316 3955 Sed
2345 3903 2540 3971 conjux
2571 3905 2811 3971 Augusta
2842 3912 3065 3965 repente
3108 3919 3376 3971 apparens
3406 3921 3472 3961 ex

1928 3992 2182 4045 cubiculo
2234 3993 2599 4059 imperatoris,
2663 4002 2719 4045 et
2746 4008 2872 4044 eum
2937 3993 3003 4045 ad
3067 4008 3125 4046 se
3172 3996 3479 4057 attraltens,

1930 4082 2173 4134 dissolvit
2227 4082 2549 4145 consilium;
2611 4081 2722 4135 imo
2758 4097 2885 4134 vero
2949 4084 3165 4136 sustuli:
3230 4085 3475 4139 insidias.

1928 4170 2194 4223 Alicunde
2222 4170 2368 4223 enim
2422 4168 2570 4222 venit
2623 4178 2877 4236 tanquam
2923 4170 3169 4236 spiritus,
3220 4169 3477 4229 Absolve.

1931 4262 2139 4323 dicens,
2195 4260 2450 4313 famulam
2503 4275 2677 4329 magni
2715 4260 2833 4322 Dei,
2888 4275 3048 4329 quam
3100 4277 3206 4314 non
3267 4264 3483 4331 attingit

1934 4349 2303 4415 tormentum;
2364 4364 2554 4404 revera
2596 4351 2741 4405 enim
2774 4351 2994 4420 desipis,
3053 4352 3339 4406 decertans
3388 4354 3483 4406 ad-

283 4451 466 4513 σιλειζς
490 4449 566 4516 τῷ
596 4446 775 4516 θυμῷ,
811 4446 1043 4515 μάλιστα
1069 4445 1142 4513 τῷ
1172 4447 1263 4496 καὶ
1299 4445 1373 4514 μὴ
1408 4446 1531 4505 τοὺς
1561 4444 1824 4495 οίκειοτά-
1864 4442 1905 4495 D
1934 4461 1969 4498 vt

1796 4471 1824 4489 r-
1864 4442 1905 4495 D
1934 4458 2123 4499 versus
2160 4444 2327 4495 Deum
2374 4443 2576 4495 vivum.
2616 4441 2979 4504 Quamobrem
3015 4442 3220 4510 majore
3256 4442 3333 4495 ira
3375 4442 3482 4495 ler-

282 4557 406 4601 τους
441 4542 582 4606 ἔχειν
610 4536 758 4606 αύτῷ
783 4537 1245 4604 συμφρονοῦντας,
1288 4537 1386 4605 τὴν
1416 4536 1670 4605 μάρτυρα
1695 4537 1831 4595 τέως

285 4628 679 4700 παραδραμὼν,
713 4628 842 4697 ὃλην
880 4630 1020 4681 κατὰ
1054 4628 1150 4697 τῆς
1207 4628 1441 4694 συζύγου
1490 4630 1587 4697 τὴν
1638 4628 1832 4697 μανίαν

286 4723 451 4789 ἠφίει.

360 4896 443 4950 κ’.
478 4898 750 4963 Μέγιστον
774 4900 866 4948 οὑν
894 4893 1150 4947 κιῦὡτιον
1175 4892 1431 4959 ἐνεγκὼν,
1470 4894 1564 4945 καὶ
1602 4894 1836 4963 μολίϐδῳ

290 4988 425 5054 πρὸς
443 4987 503 5037 τὸ
528 4986 718 5053 εδαφος
742 4987 869 5038 αὐτὸ
892 4986 1234 5054 ὲμπεδώσας,
1256 4983 1329 5045 ὡς
1353 4982 1418 5035 ἂν
1444 4984 1687 5051 πεπηγός
1727 4980 1835 5056 τεῇ

289 5082 379 5129 καὶ
399 5079 671 5144 ἀκίνητον,
690 5079 781 5129 καὶ
810 5077 966 5128 τοῦτο
996 5075 1370 5139 άνοέξας,τοὺς
1386 5077 1483 5143 τῆς
1504 5076 1731 5139 οἰκείας,
1753 5077 1833 5127 ot.

292 5172 418 5235 μοιῖ
465 5169 697 5234 συζύγου
730 5167 985 5235 μασθονς,
1030 5170 1095 5234 τῇ
1129 5168 1465 5237 ὑποκειμένῃ
1508 5164 1836 5235 τῷ,πώματι

290 5262 550 5330 προσηλοί
567 5260 663 5328 τῆς
687 5259 893 5319 σανίδος
918 5258 1081 5310 άκίδι.
1112 5257 1338 5311 Ἔπειτα
1366 5256 1716 5324 σφοδρότερον
1742 5272 1840 5307 κα-

289 5348 617 5417 ταφέρεσθαι
636 5348 842 5400 κελεύει
857 5347 915 5397 τὸ
935 5345 1123 5414 πῶμα.
1145 5347 1236 5397 καὶ
1256 5347 1330 5414 μὴ
1349 5346 1608 5414 πρότερον
1626 5344 1837 5414 στῆναι,

293 5458 421 5508 πριν
458 5442 489 5507 ἢ
527 5444 617 5490 καί
646 5439 840 5497 αὐτοὺς
877 5438 936 5487 τὸ
988 5436 1245 5504 παράπαν
1278 5436 1402 5495 τοὺς
1435 5433 1669 5503 μασθοὺς
1699 5436 1836 5485 ἀπο-

1509 5524 1841 5593 δριμυτέραν

293 5624 538 5692 ἐμποιῶν
571 5625 705 5690 αὐτῇ
739 5620 837 5687 τῆς
866 5621 1057 5686 ὀδύνης
1080 5618 1178 5686 τὴν
1218 5618 1487 5685 αἴσθησιν.
1538 5618 1739 5668 Τοᾶτου
1777 5618 1839 5684 δὴ

294 5714 599 5783 γεγονότος,
635 5712 755 5760 ἐπεὶ
780 5708 1154 5766 ἀποκοπέντας
1182 5705 1377 5765 αὐτοὺς
1400 5702 1562 5769 νείδεν,
1596 5704 1841 5765 ἐλεεινῶς

618 5804 883 5861 Ριτιιοι.
933 5801 1043 5857 Us.
1093 5795 1294 5860 CXVI.

294 5549 470 5599 τεμοι,
526 5534 589 5597 τῇ
644 5546 736 5596 τ,ς
794 5528 1063 5588 κολάσεως
1131 5527 1435 5594 πιρατὰσει

1933 4549 2064 4589 vens
2116 4536 2423 4599 imperator,
2480 4534 2711 4585 maxime
2773 4532 2919 4598 quod
2989 4546 3093 4585 nec
3165 4532 3475 4585 familiaris-

1936 4624 2103 4678 simos
2135 4621 2361 4675 haberet
2390 4634 2572 4673 secum
2603 4620 3030 4683 consentientes,
3093 4620 3311 4674 interim
3346 4633 3483 4689 pm

1941 4713 2101 4767 terita
2153 4722 2410 4782 martyre,
2472 4710 2783 4764 universum
2834 4709 3075 4763 furorem
3137 4709 3379 4763 immittit
3425 4710 3483 4764 in

1938 4806 2241 4872 conjugem.

2007 4892 2122 4946 XX.
2152 4894 2287 4945 Cum
2311 4904 2441 4961 ergo
2462 4904 2638 4943 arcam
2664 4890 2952 4943 maximam
2979 4896 3222 4941 curasset
3248 4884 3485 4940 aderen-

1939 4984 2084 5044 dam,
2118 4990 2174 5035 et
2205 4980 2427 5049 plumbo
2472 4993 2593 5032 eam
2646 4978 2796 5032 humi
2850 4976 3128 5035 anlxisset.
3166 4974 3238 5027 ita
3286 4985 3347 5029 ut
3376 4983 3486 5028 sta-

1940 5074 2063 5127 bilis
2087 5080 2309 5125 essetet
2339 5069 2653 5133 immobilis,
2683 5068 2967 5128 matnillas.
3004 5065 3138 5135 proh
3174 5064 3347 5118 dolori
3373 5078 3485 5118 sua:

1940 5164 2185 5231 conjugis
2217 5160 2431 5230 contigit
2467 5160 2657 5214 aculeo
2680 5160 2924 5227 subjecto
2954 5154 3215 5224 operculo
3263 5152 3481 5207 tabulae.

1940 5254 2141 5308 Deinde
2170 5252 2323 5322 jubet
2352 5250 2669 5319 operculum
2698 5248 2955 5301 deorsum
3003 5246 3130 5299 ferri
3184 5244 3485 5299 vehemen-

1944 5349 2068 5406 tius,
2106 5351 2161 5398 et
2191 5357 2299 5395 non
2325 5343 2478 5411 prius
2518 5340 2658 5402 sisti,
2697 5353 2859 5407 quam
2893 5339 3006 5405 ipsa
3055 5335 3320 5389 mamillas
3368 5348 3489 5388 ont-

1942 5436 2071 5488 niuo
2098 5433 2437 5493 abscidisset,
2467 5432 2826 5483 diuturnitate
2878 5426 3134 5495 supplicii
3180 5425 3483 5493 graviorem

1942 5539 2158 5578 sensum
2189 5525 2238 5577 ei
2271 5523 2472 5575 doloris
2518 5520 2772 5573 aﬂcrens.
2827 5517 2963 5571 Cum
3012 5518 3113 5569 hoc
3161 5524 3341 5569 autem
3377 5514 3488 5569 iac-

1945 5626 2054 5667 tum
2082 5623 2247 5675 esset,
2288 5615 2375 5665 ubi
2402 5612 2537 5663 vidit
2593 5611 2709 5662 illas
2761 5608 3145 5661 miserabiliter
3196 5604 3488 5668 abscissas,

1948 5704 2172 5758 immitis
2227 5703 2315 5756 ille
2360 5712 2414 5755 et
2456 5701 2539 5754 vel
2591 5702 2722 5771 ipsis
2777 5698 2905 5751 feris
2964 5696 3266 5756 immanior,
3321 5694 3490 5747 veluti

3137 5784 3205 5849 10
