4270 6428
246 380 348 442 301

1357 379 1662 438 ΜᾹΗΤΥΒ
1675 379 1693 435 Ι
1706 377 1813 437 UM
1851 380 1913 442 S.
1946 380 2189 436 BARBA
2203 375 2334 435 [ΗΞ.

3344 382 3448 442 302

244 496 372 546 σθαι
430 494 542 556 τοῖς
602 492 855 562 ζητοῦσιν
909 494 1172 556 ἀθέατον,
1327 491 1605 560 οίκονομίᾳ
1653 486 1930 553 οἷδαςΑε

1759 507 1796 552 ις
1826 501 1869 553 Α
1898 507 2038 552 sum,
2097 506 2204 543 non
2258 489 2427 557 possit
2481 489 2648 557 aSpici
2702 490 2768 542 ab
2813 491 2879 544 iis
2927 491 3021 560 qui
3066 500 3352 559 quaerunt:
3390 504 3445 548 et

240 586 443 645 αὐτὸς,
496 587 523 637 ὁ
574 584 782 645 πλάσας
845 585 1153 650 καταμόνας
1205 583 1301 643 τὰς
1352 581 1575 649 καρδίας
1620 582 1792 647 ἡμῶν.

255 673 585 741 Ἐπὶϐλεψον
608 674 666 737 ἐξ
698 674 867 740 bal/ou;
906 675 1066 740 ἁγίου
1102 690 1216 737 σου,
1243 670 1436 741 Κύριε,
1469 673 1561 723 καὶ
1586 672 1680 723 ἐπὶ
1706 671 1798 721 τὸν

242 764 589 833 περιεστῶτα
638 764 828 817 τοῦτον
897 766 1044 826 λαὸν,
1098 764 1193 816 καὶ
1255 763 1526 832 ὁδήγησον
1605 761 1798 821 αὐτοὺς

242 854 323 922 τῷ
350 855 493 920 φωτὶ
518 854 616 922 τῆς
646 855 741 924 σῆς
770 854 1121 921 ἐπιγνώσεως
1154 869 1168 882 ·
1201 852 1343 905 δίδου
1368 853 1424 903 δὲ
1454 852 1548 904 καὶ
1577 854 1687 913 τοῖς
1732 851 1799 902 δι’

242 944 383 1011 ἐμοῦ
410 944 637 996 καλοῦσι
665 946 724 996 τὸ
750 946 840 996 σὸν
865 945 1016 1009 ἅγιον
1064 945 1235 1012 ὄνομα
1275 942 1341 995 τὰ
1385 943 1517 1010 πρὸς
1547 942 1608 993 τὸ
1659 958 1793 1006 συμ-

255 1035 428 1103 φέρον
457 1035 756 1103 αἰτήματα,
816 1036 901 1087 ἵνα
946 1035 1035 1088 διὰ
1093 1036 1308 1087 πάντων
1345 1034 1575 1102 ὑμνῆται
1622 1034 1690 1086 τὰ
1732 1034 1799 1087 σά

248 1125 515 1193 μεγαλεῖα
543 1124 635 1176 νῦν
663 1125 757 1175 καὶ
785 1126 864 1186 είς
899 1124 1026 1187 τοὺς
1076 1112 1299 1185 αἰῶνας.
1340 1122 1526 1176 Ταῦτα
1571 1138 1802 1187 προσευ-

244 1216 459 1283 ξαμένη
489 1216 612 1276 τοὺς
646 1215 985 1285 στρατιώτας
1016 1219 1191 1267 ποιεῖν
1223 1215 1283 1266 τὸ
1331 1214 1616 1266 κελευσθὲν
1663 1232 1797 1284 προ-

244 1303 507 1369 ετρέπετο
531 1317 545 1331 ο
581 1302 911 1354 καὶτούτων
956 1297 1035 1364 εἷς
1092 1303 1153 1353 τὸ
1196 1302 1349 1369 ξίφος
1385 1304 1800 1371 ἀνατεινάμενος

243 1392 344 1456 τὴν
376 1391 649 1458 μακαρίαν
682 1393 849 1460 αὐτῆς
872 1393 1113 1461 κεφαλὴν
1139 1392 1437 1460 ἀποτέμνει
1480 1392 1571 1443 ἐπὶ
1616 1394 1794 1447 είκάδι

243 1480 342 1533 τοῦ
373 1481 677 1549 Νοεμϐρίου
706 1484 871 1550 μηνὸς
894 1484 1138 1549 ἄγοντος.

318 1572 738 1639 Θαυματουργεῐ
767 1574 823 1623 δέ
842 1591 895 1623 τι
934 1574 1208 1626 κάνταῦθα
1233 1575 1498 1643 Θεὸς,τὴν
1530 1574 1695 1627 αὐτοῦ
1728 1591 1802 1627 τι·

249 1662 369 1728 μῶν
398 1665 670 1730 μάρτυρα,
689 1663 888 1723 καὶτὰς
909 1664 1119 1731 ἐκείνης
1142 1665 1287 1731 ἄγων
1305 1666 1383 1727 είς
1402 1664 1576 1734 πέρας
1596 1667 1757 1733 εὐχάς
1782 1677 1797 1693 ⁸

247 1752 391 1817 γάλα
424 1770 479 1803 τε
505 1754 611 1820 γὰρ
636 1748 775 1803 εἶδον
799 1754 849 1804 οἱ
878 1756 1142 1821 παρόντες
1192 1756 1320 1824 ῥυέν
1366 1757 1486 1809 ἀντὶ
1544 1757 1795 1824 αἵματος,

248 1858 344 1892 και
378 1843 596 1907 ἄγγελοι
622 1844 677 1892 τὸ
704 1842 918 1909 ἐκείνης
946 1844 1101 1911 σῶμα
1132 1844 1191 1895 τὸ
1248 1846 1427 1911 τίμιον
1473 1846 1603 1914 παρ’
1640 1846 1801 1897 αὑτὸν

247 1934 351 1994 τῆς
381 1934 711 1995 τελειώσεως
739 1934 830 1986 τὸν
865 1936 1055 2001 καιρὸν
1080 1937 1547 2004 περιστείλαντες,
1579 1938 1715 2005 πρὸς
1741 1937 1799 1988 τὸ

249 2026 384 2077 Σινᾶ
414 2027 535 2092 ὄρος
568 2028 918 2092 προπέμπειν
958 2027 1220 2097 ἐῴκεσαν,
1250 2029 1328 2088 είς
1359 2028 1517 2093 δόξαν
1567 2028 1799 2096 Πατρὸς,

252 2115 387 2166 Υἰοῦ
421 2119 510 2166 καὶ
532 2118 685 2183 ἁγίου
718 2118 1049 2186 Πνεῦματος,
1104 2118 1199 2184 τῆς
1231 2119 1361 2186 μιᾶς
1418 2118 1677 2186 Θεότητός
1728 2136 1791 2169 τε

253 2206 351 2257 καὶ
384 2206 678 2271 βασιλείας,
773 2210 969 2275 πρέπει
1006 2209 1155 2259 πᾶσα
1182 2206 1335 2274 τιμὴ,
1363 2208 1585 2272 κράτος,
1631 2221 1801 2273 μεγα-

252 2293 467 2361 λωσύνη
490 2312 546 2345 τε
590 2299 683 2345 καὶ
708 2296 1147 2364 μεγαλοπρέπεια
1173 2294 1263 2345 νῦν
1292 2294 1384 2345 καὶ
1417 2296 1492 2355 είς
1520 2295 1641 2354 τοὺς
1675 2292 1803 2346 αίῶ-

253 2399 353 2442 νας
390 2383 493 2434 τῶν
515 2383 736 2436 αἰώνων.
791 2384 976 2451 Ἀμήν.

270 2593 462 2609 ἢ

1834 1827 1873 1880 Β

462 2577 3385 2611 W

1902 598 2007 650 qua
2059 581 2398 650 providentia
2464 581 2624 634 ﬁxisti
2665 581 2827 633 corda
2891 592 3095 643 nostra.
3156 584 3336 652 aSpice
3378 600 3443 638 ex

1902 673 2010 725 alto
2040 682 2225 725 sancto
2259 679 2372 733 tuo,
2407 670 2651 729 Domine.
2681 670 2745 723 ad
2780 676 2925 726 hunc
2959 674 3239 741 populum,
3273 676 3363 743 qui
3394 687 3445 729 te

1900 762 2268 824 circumsistit,
2301 769 2356 813 et
2409 760 2584 816 deduc
2620 775 2714 813 eos
2749 761 2951 813 lumine
2987 770 3091 815 tua:
3134 765 3443 831 agnitionis.

1902 854 1973 905 Da
2003 862 2181 905 autem
2215 852 2281 904 iis
2315 866 2550 919 quoque,
2596 852 2686 917 qui
2745 867 2841 919 per
2894 867 2979 905 me
3028 854 3277 907 invocant
3325 871 3445 908 san-

1899 955 2044 999 ctum
2080 956 2231 997 tuum
2264 958 2486 1005 nomen,
2516 944 2809 1011 petitiones
2842 959 2962 1011 quae
2988 954 3115 997 sunt
3138 946 3219 999 eis
3242 949 3449 1001 condu-

1899 1034 2108 1095 cibiles,
2154 1043 2213 1086 ut
2255 1049 2351 1102 per
2376 1038 2555 1087 omnia
2579 1034 2870 1086 laudentur
2898 1043 2986 1086 tua
3011 1037 3274 1104 magnalia
3307 1053 3449 1094 nunc

1900 1133 1956 1178 et
1983 1127 2034 1178 in
2059 1126 2274 1178 secula.
2324 1124 2559 1179 Cumsic
2603 1136 2816 1192 precata
2838 1135 3003 1188 esset,
3047 1128 3209 1195 jussit
3250 1128 3451 1184 milites

1900 1214 2099 1275 facere.
2130 1215 2275 1284 quod
2302 1215 2479 1268 fuerat
2510 1216 2855 1283 imperatum.
2892 1215 3042 1269 Unus
3065 1229 3244 1270 autem
3279 1235 3342 1271 ex
3364 1222 3443 1273 eis

1902 1306 2092 1358 stricto
2131 1306 2308 1373 gladio
2332 1306 2552 1359 beatum
2581 1307 2697 1373 ejus
2725 1318 2890 1374 caput
2917 1315 3160 1374 amputat
3186 1308 3445 1363 vicesuno

1902 1396 2093 1464 quinto
2119 1397 2322 1450 mensis
2354 1397 2694 1450 Novembris.

1975 1576 2143 1628 Porro
2204 1584 2383 1629 autem
2432 1575 2522 1628 hic
2579 1590 2793 1645 quoque
2845 1575 2971 1629 facit
3025 1577 3167 1630 Deus
3231 1580 3450 1649 aliquod

1905 1665 2245 1727 miraculum,
2280 1666 2552 1717 bonorans
2580 1680 2732 1717 suam
2772 1674 3086 1731 martyrem,
3125 1674 3180 1719 et
3208 1666 3274 1719 ad
3317 1668 3452 1721 elle-

1906 1762 2052 1805 ctum
2096 1752 2371 1806 deducens
2422 1754 2567 1805 illius
2617 1768 2824 1820 preces.
2860 1753 2994 1804 Nam
3050 1754 3140 1820 qui
3196 1755 3448 1818 aderant,

1905 1844 2155 1898 viderunt
2189 1846 2271 1898 lac
2314 1844 2490 1898 ﬂuens
2540 1859 2637 1913 pro
2662 1844 2963 1911 sanguine:
3003 1853 3054 1896 et
3098 1846 3274 1913 angeli
3325 1862 3446 1900 cum

1906 1935 2272 1987 venerandum
2304 1935 2447 1988 illius
2496 1949 2693 2002 corpus
2736 1934 3169 2001 composuissent
3228 1936 3280 1988 in
3330 1938 3448 2004 ipso

1907 2033 2146 2091 tempore
2186 2026 2690 2086 consummationis.
2758 2024 2857 2076 visi
2918 2033 3045 2077 sunt
3090 2026 3361 2081 deducere
3392 2028 3448 2081 in

1907 2123 2144 2167 montem
2178 2114 2325 2178 Sina,
2370 2117 2434 2168 ad
2460 2116 2687 2183 gloriam
2716 2115 2907 2179 Patris,
2945 2125 2997 2169 et
3040 2116 3180 2179 Filii,
3235 2128 3287 2171 et
3327 2118 3449 2187 Spi-

1908 2205 2044 2256 ritus
2095 2204 2288 2267 sancti,
2338 2207 2429 2272 qui
2465 2214 2591 2257 sunt
2642 2220 2745 2258 una
2795 2203 3056 2259 Divinitas
3081 2217 3137 2260 et
3169 2225 3445 2277 regnum:

1907 2293 1993 2346 Cui
2019 2295 2269 2346 convenit
2319 2295 2490 2346 lionor
2522 2304 2573 2346 et
2609 2296 2846 2362 potentia
2879 2297 2930 2347 in
2982 2298 3175 2351 saecula
3224 2301 3447 2354 sarculo-

1906 2399 2045 2436 rum.
2086 2384 2275 2436 Amen.

804 2782 1567 2958 MENSIS
1699 2785 2897 2958 DECEMBER.

1611 3236 2083 3323 ΑΘΛΗΣΙΣ

602 3415 734 3466 ΤΙΙΣ
772 3415 966 3468 ΑΙἸΛΣ
1004 3416 1310 3473 ΕΝΔΟΞΟΥ
1350 3420 1465 3471 ΚΑΙ
1504 3417 1935 3470 ΚΑΛΛΙΝΙΚΟΥ
1969 3417 2616 3470 ΜΕΓΑΛΟΜΑΡΤΥΡΟΣ
2658 3416 2790 3469 ΤοΥ
2830 3418 3121 3471 ΧΡΙΣΤΟΥ

1433 3588 1615 3707 ΒΑ
1633 3583 2277 3711 ΡΒΑΡΑΣ.

1545 4030 2166 4121 CERTAMEN

806 4209 1136 4270 SANC'I'AS
1182 4211 1280 4269 ET
1326 4206 1746 4268 GLORIOSE
1792 4202 2089 4262 ΜΑΕΝᾸΞ
2132 4202 2539 4261 MARTYRIS
2597 4204 2900 4263 CHRISTI

1504 4372 2220 4485 BARBAR/E.

845 4584 1037 4646 (Latine
1071 4598 1146 4645 ap.
1173 4584 1363 4632 Surinm
1395 4584 1452 4630 ad
1476 4582 1605 4630 diem
1629 4580 1659 4627 ὁ
1685 4576 1989 4633 Decembris;
2017 4578 2180 4627 Grece
2216 4592 2273 4625 ex
2309 4580 2410 4624 cod.
2448 4594 2534 4626 nis.
2569 4580 2717 4625 Paris.
2748 4580 2870 4636 HT.)

333 4865 413 4921 Κ.
469 4864 792 4932 Μαξιμιανῷ
816 4864 891 4929 τῷ
916 4865 1165 4916 δυσσεϐεῖ
1194 4865 1417 4933 βασιλεῖ,
1453 4864 1648 4932 πολλὴν
1680 4878 1809 4929 περι
1835 4873 1876 4927 (ς
1981 4863 2016 4913 Ι.

1765 4873 1876 4927 sic
1981 4863 2016 4913 Ι.
2063 4863 2383 4916 Maximiano
2424 4865 2498 4929 tt}
2551 4864 2712 4931 impio
2760 4862 3091 4928 imperatori,
3141 4863 3228 4929 qui
3288 4862 3451 4913 stmli

1884 4950 2198 5017 plurimum
2249 4952 2557 5005 conferebat
2609 4954 2660 5003 in
2703 4965 2946 5004 errorem
2997 4951 3282 5014 idolorum,
3351 4950 3453 5002 hoc

260 4961 361 5028 τὴν
389 4959 495 5009 τῶν
526 4956 755 5008 εἰδώλων
798 4956 1006 5022 πλάνην
1051 4955 1356 5023 είσφέροντι
1404 4953 1501 5021 τὴν
1554 4952 1807 5018 σπουδὴν,

262 5052 424 5119 ἐργον
461 5043 527 5114 ἦν
555 5046 712 5098 τοῦτο
762 5045 868 5096 τῶν
923 5045 1099 5097 ἄλλων
1150 5044 1570 5111 ἐπιμελέστατόν
1608 5058 1667 5093 τε
1721 5040 1814 5091 καὶ

264 5138 541 5208 φροντίδος
576 5136 852 5205 διηνεκοῦς
886 5136 1033 5199 ἄξιον
1061 5180 1077 5195 ,
1111 5134 1172 5187 τὸ
1214 5134 1474 5199 δαίμονας
1512 5130 1608 5199 μέν
1649 5130 1810 5196 θερα-

264 5230 451 5282 πεύειν
481 5228 571 5279 καὶ
602 5228 697 5291 τὴν
730 5224 983 5277 ἀσέϐειαν
1030 5222 1321 5292 κρατύνειν
1357 5223 1526 5289 ὁπόση
1562 5220 1808 5287 δύναμις,

260 5323 388 5380 τοὺς
418 5320 473 5370 δέ
506 5320 566 5369 τὸ
603 5317 743 5367 θεῖον
795 5317 963 5381 ϐνομα
1006 5312 1099 5367 τοῦ
1130 5312 1368 5381 Χριστοῦ
1402 5311 1747 5378 σεϐομένους,
1779 5310 1810 5377 ἢ

260 5411 361 5477 τὴν
386 5407 579 5475 εὐσεϐῆ
610 5406 810 5473 ταύτην
854 5404 1176 5471 ἐξόμνυσθαι
1224 5405 1427 5465 πίστιν,
1474 5405 1505 5469 ἢ
1538 5404 1806 5463 ποικίλαις

262 5496 666 5562 παραδοθέντας
695 5493 964 5551 κολάσεσι,
1017 5492 1155 5555 μετὰ
1194 5491 1301 5542 τῶν
1332 5490 1643 5558 προσόντων
1672 5490 1805 5541 πάν-

260 5606 369 5640 των
421 5586 604 5654 βιαίως
640 5584 924 5635 ἐκπίπτειν
964 5582 1177 5649 καὶτῆς
1243 5580 1403 5647 ζωῆς.
1446 5578 1609 5646 Χώρα
1638 5578 1690 5630 δέ
1722 5595 1805 5638 τις

337 5706 408 5768 (ι)
453 5701 755 5764 Maximino,
789 5698 979 5750 Baron.

1909 5042 2136 5095 maxime
2181 5052 2441 5110 perpetuo
2465 5049 2581 5094 erat
2632 5055 2795 5102 cum,
2834 5048 2890 5091 ut
2921 5039 3191 5092 daemones
3232 5038 3451 5107 quidem

1906 5131 2129 5193 coleret,
2165 5140 2220 5184 et
2264 5131 2591 5199 impietatem
2638 5130 2889 5182 omnibus
2939 5129 3135 5197 opibus
3164 5136 3220 5182 et
3249 5128 3451 5181 viribus

1908 5220 2251 5273 coiilirmaret
2278 5238 2289 5272 :
2329 5222 2361 5273 ii
2393 5232 2596 5281 autem,
2625 5221 2715 5287 qui
2749 5219 2949 5273 Christi
2983 5219 3224 5273 divinum
3253 5234 3452 5271 nomen

1908 5308 2175 5369 colebant,
2209 5320 2301 5361 aut
2325 5310 2463 5375 piam
2493 5311 2649 5361 tidem
2678 5308 3007 5375 abjurarent,
3031 5316 3123 5361 aut
3147 5307 3313 5360 variis
3344 5316 3452 5359 tra-

1911 5399 2007 5451 diti
2047 5402 2347 5468 suppliciis,
2402 5416 2521 5454 cum
2570 5402 2727 5455 bonis
2757 5402 3007 5455 omnibus
3044 5413 3163 5465 qum
3210 5398 3450 5459 aderant,

1908 5489 2012 5541 vita
2044 5505 2257 5557 quoque
2287 5492 2552 5546 violenter
2583 5492 2939 5559 privarentur.
2986 5489 3236 5553 Quadam
3273 5494 3451 5538 autem

1911 5582 2077 5649 regio,
2111 5596 2228 5648 quae
2263 5595 2484 5637 vocatur
2513 5581 2824 5649 Heliopolis,
2855 5580 3027 5632 virum
3064 5578 3292 5632 habebat
3326 5576 3453 5629 inSt.
