4270 6428
813 387 921 452 303

2030 382 2311 445 MENSIS
2353 387 2778 448 DECEMBER.

3929 397 4034 459 304

812 513 990 572 gnem,
1025 497 1284 567 religione
1307 494 1528 564 quidem
1561 495 1838 564 gentilem,
1869 494 2024 549 valde
2059 511 2188 550 vero
2225 495 2367 551 divl-
2394 500 2445 558 Α
2475 515 2498 551 ιι

2351 525 2367 537 -
2394 500 2445 558 Α
2475 499 2597 551 κατ’
2633 501 2811 554 έκεῖνο
2861 501 3056 572 καιροῦ
3105 502 3448 566 Ἡλιούπολις
3490 502 3799 574 καλουμένη
3863 506 4037 575 ἄνδρα

815 606 946 655 tem,
980 599 1036 644 et
1060 589 1222 652 hujus
1248 586 1436 641 mundi
1473 586 1759 656 splendore
1783 585 2165 642 clarissimum.
2195 588 2242 643 Is
2263 603 2363 643 vo-

812 681 1039 736 cabatur
1085 678 1304 746 quidem
1353 677 1682 730 Dioscorus:
1733 675 1896 730 unius
1941 686 2123 731 autem
2172 677 2366 746 puellae

813 781 931 825 erat
978 779 1154 832 pater,
1181 768 1271 822 eui
1303 782 1500 820 nomen
1555 777 1670 820 erat
1699 765 1956 822 Barbara.
1991 767 2122 838 Ejus
2151 783 2279 822 vero
2312 769 2364 821 in

816 861 959 914 illam
987 870 1106 914 erat
1127 875 1298 920 amur,
1328 858 1419 926 qui
1454 856 1688 911 debebat
1714 872 1832 911 esse
1852 858 1988 926 ejus,
2015 858 2109 927 qui
2142 858 2196 912 in
2221 858 2366 912 illam

814 951 982 1005 solam
1016 964 1232 1003 omnem
1278 965 1430 1002 suam
1460 964 1609 1018 spem
1643 949 1920 1003 deﬁxerat.
1966 949 2097 1004 Eam
2127 963 2272 1014 cum,
2309 957 2368 1003 ut

812 1061 934 1114 qua:
978 1051 1120 1097 esset
1153 1043 1300 1095 vultu
1337 1041 1626 1095 admodum
1661 1040 1919 1106 formosa,
1959 1051 2015 1096 et
2059 1041 2368 1111 pulchritu-

816 1137 942 1189 dine
975 1135 1196 1197 eximia,
1232 1135 1388 1190 Vellet
1435 1148 1758 1187 conservare
1803 1133 2086 1201 integram,
2133 1143 2186 1188 et
2219 1132 2366 1186 nulla

815 1231 937 1281 labe
961 1228 1239 1296 pollutam,
1271 1239 1323 1277 ct
1352 1226 1472 1279 ideo
1500 1240 1600 1279 nec
1630 1225 1831 1280 sineret
1854 1225 2070 1294 quidem
2102 1225 2268 1292 aspici
2299 1223 2366 1279 ab

816 1319 902 1380 iis,
939 1319 1028 1386 qui
1079 1317 1212 1370 foris
1259 1325 1435 1380 erant,
1469 1318 1678 1370 excelsa
1731 1326 1881 1370 turre
1933 1325 2263 1379 constructa,
2313 1324 2368 1367 et

817 1410 976 1462 domo
1002 1407 1053 1462 in
1081 1425 1142 1462 ea
1174 1408 1465 1460 artiﬁciose
1485 1407 1763 1469 mdiﬁcata,
1794 1408 1903 1461 illic
1927 1407 2136 1460 beatam
2166 1407 2234 1460 ita
2261 1406 2369 1459 col-

815 1499 1013 1553 locavit
1044 1499 1414 1558 habitandum,
1453 1505 1511 1548 ut
1538 1511 1638 1548 nec
1665 1497 1758 1549 ulli
1787 1497 1852 1549 ad
1878 1511 1996 1550 eam
2025 1505 2230 1561 pateret
2255 1495 2368 1549 adi-

819 1602 927 1654 tus,
964 1606 1064 1644 nec
1094 1592 1174 1643 vir
1195 1592 1338 1643 ullus
1357 1603 1474 1643 eam
1503 1590 1789 1658 attingeret
1810 1588 2001 1642 oculis.
2032 1589 2159 1642 Erat
2184 1599 2364 1641 autem

818 1684 919 1736 hoc
963 1696 1100 1750 Opus
1145 1681 1342 1735 divinae
1387 1680 1761 1749 providentiae,
1818 1693 1938 1749 qua:
1989 1681 2229 1734 futurum
2273 1679 2364 1734 diu

817 1784 943 1830 ante
987 1771 1382 1826 considerabat.
1419 1770 1474 1823 In
1519 1785 1583 1824 ea
1615 1771 1760 1824 enim
1797 1771 2052 1824 Paraeleti
2089 1770 2258 1840 gratia
2288 1771 2365 1822 la-

2466 591 2576 643 τῶν
2628 591 2917 661 έπισήμων
2959 594 3156 662 ἔχουσα
3193 589 3282 664 ἦν.
3321 594 3558 666 Ἕλληνα
3607 595 3708 666 μιν
3756 595 3856 666 τὴν
3899 597 4037 667 θρη-

2469 683 2681 740 σκείαν.
2720 685 2977 736 πλούσιον
3007 683 3064 736 δέ
3123 686 3320 755 κομιδῆ
3377 688 3471 739 καὶ
3529 689 3594 757 τῇ
3650 688 3792 739 κατά
3826 687 4033 755 κόσμον

2469 774 2800 844 περιφανείᾳ.
2852 774 3252 845 λαμπρότατον.
3338 773 3507 837 Οὗτος
3566 779 3859 847 Διόσκορος
3933 779 4037 848 μὲν

2469 862 2738 923 ἐκαλεῖτο,
2774 864 2903 932 μιᾶς
2939 864 2994 916 δὲ
3039 866 3226 928 παιδὸς
3270 867 3455 936 πατὴρ
3485 867 3849 936 έγνωρίζετοο
3891 868 4038 938 Βαρ-

2469 951 2612 1023 ὗάρα
2647 955 2820 1022 ταύτῃ
2851 956 2910 1007 sb
2937 955 3129 1024 ὄνομα.
3181 958 3289 1009 Καὶ
3328 957 3388 1010 sb
3436 957 3658 1027 φίλτρον
3699 953 3814 1010 οἷον
3840 997 3856 1020 ,
3911 961 4036 1012 lusi

2469 1044 2561 1095 καὶ
2611 1042 2698 1095 tt’
2744 1044 2882 1112 αὐτῇ
2941 1045 3075 1115 μόνῃ
3110 1045 3334 1098 ἐσάλευε
3367 1047 3465 1108 τὰς
3503 1045 3744 1109 έλπίδας.
3790 1046 4033 1116 Ταύτην,

2468 1137 2540 1196 tis;
2567 1136 2687 1188 λίαν
2711 1135 3067 1206 εὐπρόσωπον
3095 1136 3259 1190 οὖσαν
3282 1177 3297 1203 ,
3331 1138 3426 1190 καὶ
3458 1136 3517 1189 sb
3541 1136 3740 1198 κάλλος
3767 1137 4034 1200 έξαίσιον,

2473 1230 2686 1295 ἄγαμον
2713 1228 3040 1299 περισώζειν
3073 1229 3422 1298 βουλόμενος.
3453 1229 3550 1282 καὶ
3577 1229 3665 1281 διὰ
3705 1227 3865 1280 τοῦτο
3900 1229 4035 1298 μηδὲ

2469 1318 2668 1388 θεατὴν
2699 1317 2839 1371 εἶναι
2879 1322 2992 1382 τοῖς
3034 1319 3139 1385 έξω
3173 1320 3543 1391 παραχωρῶν,
3591 1319 3800 1387 πύργον
3842 1315 4042 1387 δειμάο.

2470 1427 2633 1479 μενος
2665 1411 2891 1480 ὑψηλὸν,
2951 1414 3009 1465 έν
3038 1411 3186 1480 αὐτῷ
3214 1411 3270 1464 δέ
3296 1412 3472 1465 οὶκίαν
3506 1412 3889 1481 φιλοτεχνήσας
3919 1413 4037 1463 tu!

2467 1502 2564 1571 τὴν
2600 1501 2892 1572 Βιρθὰραν
2930 1502 3083 1555 ἔθετο
3126 1505 3408 1556 κατοικεῖν
3453 1501 3716 1570 ἁπρνῖίτόν
3766 1515 3825 1554 τε
3867 1489 4034 1554 οὖσαν

2469 1594 2564 1644 καὶ
2597 1589 2896 1660 ὀφθαλμοῖς
2927 1590 3134 1662 ἀνδρῶν
3163 1591 3329 1642 πᾶσιν
3353 1590 3646 1658 ἄψαυστον.
3685 1591 3756 1641 'l‘b
3821 1589 3878 1641 δε
3923 1590 4032 1658 ἄρα

2470 1682 2621 1744 θείας
2650 1683 2958 1751 οἰκονομίας
2987 1683 3147 1751 ἔργον
3180 1677 3271 1752 ἦν,
3304 1681 3509 1736 ἂνωθεν
3549 1680 3932 1749 σκοπουμένης
3971 1681 4035 1730 sb

2474 1772 2666 1842 μέλλον
2694 1786 2710 1802 ⁶
2745 1773 2803 1824 έν
2832 1771 2982 1839 αὒτῷ
3007 1773 3118 1840 γὰρ
3143 1773 3175 1841 ἡ
3205 1771 3302 1824 τοῦ
3343 1770 3699 1842 Παρακλήτου
3733 1770 3892 1838 χᾶρις
3921 1768 4034 1819 τῶν

820 1875 996 1921 tentes
1027 1867 1143 1934 ejus
1171 1864 1356 1917 oculos
1379 1862 1612 1915 latenter
1642 1865 1933 1928 att‘ngens,
1962 1869 2016 1914 et
2045 1834 2370 1912 iliuminavit
2403 1834 2442 1892 θ

2349 1867 2370 1911 ι
2403 1834 2442 1892 Β
2475 1834 2704 1930 όφανῶν
2730 1862 2898 1931 αὑτῆς
2927 1834 3220 1930 ὁιρθαλμέιν
3248 1834 3472 1927 ἁφανεῖλς
3497 1834 3773 1929 ἁψαμένη,
3801 1834 3937 1928 ιρωτί
3971 1875 4030 1910 τε

818 1968 938 2011 luce
965 1956 1159 2010 divina
1205 1953 1552 2023 cognitionis,
1592 1960 1646 2006 et
1675 1966 1864 2005 verum
1902 1952 2070 2005 Deum
2103 1963 2287 2005 notum
2317 1947 2369 2003 ei

818 2049 946 2104 fecit
990 2046 1396 2101 admirabiliter.
1445 2043 1685 2098 Habebat
1728 2056 1854 2110 ergo
1883 2045 2051 2096 turris
2080 2043 2366 2112 virginem,

818 2155 938 2211 qum
987 2138 1248 2194 adificata
1303 2147 1418 2191 erat
1457 2151 1620 2206 super
1671 2135 2080 2190 fundamentum
2131 2136 2276 2199 ﬁdei,
2315 2147 2372 2192 et

819 2228 1244 2286 conservabatur
1277 2227 1341 2281 ad
1380 2226 1507 2292 hoc,
1544 2236 1602 2280 ut
1634 2235 1778 2281 esset
1807 2227 1952 2280 salus
1982 2227 2298 2282 multorum.

889 2408 950 2462 li.
991 2405 1126 2461 Cum
1159 2403 1459 2472 autcmjam
1485 2407 1626 2454 esset
1656 2399 1877 2458 nubilis.
1904 2409 2056 2468 pater
2073 2408 2195 2452 erat
2218 2397 2371 2452 valde

823 2500 1112 2559 sollicitus,
1139 2495 1388 2563 quisnam
1416 2502 1558 2546 esset
1582 2507 1698 2545 eam
1735 2501 2054 2558 accepturus
2099 2504 2320 2541 uxorem
2356 2504 2368 2540 :

819 2601 872 2644 ct
904 2589 1056 2642 multi
1107 2585 1325 2654 quidem
1371 2593 1424 2638 et
1473 2598 1668 2653 genere
1703 2592 1755 2635 et
1802 2581 1996 2649 opibus
2056 2587 2374 2648 praestantes

821 2683 886 2737 de
911 2684 1025 2751 ejus
1045 2678 1293 2748 conjugio
1317 2692 1437 2729 cum
1466 2691 1530 2729 eo
1551 2687 1832 2728 sermones
1853 2673 2216 2726 contuleiunt.
2244 2671 2374 2739 Ejus

821 2776 967 2830 enim
1019 2768 1386 2841 pttlcltri'udo,
1436 2768 1537 2821 etsi
1584 2780 1691 2819 non
1737 2775 2046 2832 conspecta,
2096 2763 2374 2815 auditione

827 2877 1003 2920 tamen
1038 2870 1278 2928 accepta.
1312 2857 1539 2912 faciebat
1569 2867 1626 2909 ut
1657 2857 1775 2925 ejus
1805 2856 2004 2924 nuptiae
2035 2869 2222 2922 magna
2247 2866 2375 2906 con-

825 2956 1062 3009 tentione
1108 2958 1443 3020 peterentur.
1507 2946 1986 2999 Verumenimvero
2024 2946 2160 3010 patri
2219 2943 2374 2995 vide-

823 3046 983 3099 batur
1010 3056 1128 3096 esse
1186 3039 1500 3092 indecOrum
1547 3047 1602 3090 et
1633 3036 1788 3106 plane
1822 3035 2102 3098 illiberale,
2147 3034 2190 3087 si
2226 3033 2371 3102 quod

2469 1956 2802 2022 θεογνιυσίας
2842 1953 3075 2023 ἐφώτισε
3101 1953 3194 2006 καὶ
3211 1957 3302 2006 τόν
3330 1951 3538 2022 ἀψευδῆ
3576 1953 3723 2004 Θεὸν
3751 1951 4034 2020 γνώριμον

2469 2047 2607 2116 αὐτῇ
2651 2046 2973 2116 παραδόξως
3006 2046 3362 2114 κατέστησεν.
3417 2043 3573 2114 Ei.er
3619 2043 3713 2096 οὖν
3750 2043 3852 2112 τὴν
3888 2056 4036 2109 παρο

2471 2137 2622 2190 θένον
2655 2139 2682 2189 ό
2710 2137 2951 2207 πύργος,
2992 2139 3085 2188 ἐπὶ
3128 2136 3208 2204 τῷ
3256 2135 3492 2204 θεμελίῳ
3523 2135 3621 2204 ἥδη
3657 2134 3755 2202 τῆς
3797 2133 4032 2192 πίστεως

2469 2229 2895 2300 ᾠκοδομημένην
2916 2268 2930 2292 ,
2968 2230 3059 2282 καὶ
3091 2231 3169 2292 είς
3216 2227 3427 2281 πολλῶν
3475 2225 3726 2295 γενέσθαι
3757 2225 4034 2294 σωτηρίαν

2472 2339 2635 2391 συντη
2645 2337 2736 2390 ρου
2746 2321 2935 2391 μένην.

2547 2411 2619 2463 B'.
2653 2409 2805 2462 Ἐπεὶ
2829 2411 2883 2464 δὲ
2911 2411 3086 2480 γάμου
3127 2407 3192 2480 ἦν
3220 2413 3251 2479 ὴ
3282 2409 3476 2480 ὡραία,
3503 2410 3737 2479 μέριμνα
3767 2405 4034 2474 Romae.

2473 2507 2661 2574 πατρὶ,
2719 2504 2801 2567 τίς
2852 2506 2880 2557 ό
2939 2504 3239 2573 ληψόμενος
3287 2504 3456 2571 αὐτὴν
3499 2507 3577 2563 εἰς
3610 2501 3862 2568 γυναῖκα.
3925 2498 4035 2549 Καὶ

2474 2596 2660 2646 πολλοὶ
2693 2595 2792 2663 μὲν
2820 2593 2926 2646 τῶν
2968 2595 3214 2665 εὐγενείᾳ
3251 2596 3344 2646 καὶ
3408 2594 3621 2662 πλούτῳ
3667 2591 4037 2659 διαφερόντων

2472 2689 2551 2747 είς
2579 2685 2768 2752 λόγους
2799 2684 2952 2754 αὑτῷ
2981 2688 3106 2754 περὶ
3140 2685 3400 2749 συζυγίας
3433 2685 3711 2752 συνῆλθον.
3757 2685 3896 2735 [list
3924 2688 4034 2751 γὰρ

2470 2778 2531 2830 sb
2563 2778 2778 2840 κάλλος,
2823 2779 2870 2830 sl
2899 2778 2993 2830 καὶ
3025 2779 3098 2846 μὴ
3134 2777 3344 2841 θεατὸν,
3399 2776 3515 2830 ἀλλ’
3569 2779 3716 2844 ὅμως
3767 2777 4037 2828 dxouzs’v

2473 2869 2555 2931 ὃν,
2612 2870 2989 2938 περιμάχητον
3043 2868 3212 2937 αὐτῆς
3255 2869 3425 2920 έποίει
3489 2868 3577 2919 τδν
3629 2869 3824 2934 γάμον.
3887 2867 4035 2933 Ηλῄν

2473 2959 2608 3011 ἀλλὰ
2638 2958 2716 3027 τῷ
2750 2961 2912 3028 πατρὶ
2936 2959 3122 3013 σκαιὸν
3156 2959 3333 3011 έδόκει
3364 2961 3458 3011 καὶ
3487 2959 3773 3026 προφανῶς
3811 2957 4037 3009 mue-3-

2474 3050 2651 3118 θερον,
2698 3051 2745 3101 εἰ
2807 3049 2880 3117 μὴ
2912 3051 3005 3101 καὶ
3038 3053 3102 3119 τῇ
3130 3049 3356 3119 θυγατρὶ
3387 3050 3520 3119 πρὸς
3563 3051 3760 3116 γνῶσιν
3799 3050 3940 3102 [Non
3975 3050 4037 3099 sb

826 3149 939 3204 ipse
973 3146 1164 3199 magno
1189 3127 1380 3197 agebat
1413 3124 1614 3188 δῑυάίο»
1648 3124 1773 3177 θυῖε
1808 3139 1914 3177 ηοη
1940 3135 2125 3175 ’ποιοω
2152 3123 2374 3174 θιδίείθ·
2400 3163 2441 3220 C
2477 3138 2926 3206 σπουδαζόμενον,
2989 3143 3085 3192 καὶ
3140 3141 3468 3210 συναιροῦσα
3517 3141 3580 3209 δὴ
3627 3141 3721 3192 καὶ
3771 3141 3908 3202 αὑτὴ
3953 3141 4034 3208 τῷ

825 3232 927 3284 ret,
979 3230 1033 3274 et
1079 3219 1196 3287 ejus
1229 3230 1393 3283 scopo
1436 3215 1656 3267 minime
1700 3213 2074 3267 assentirctur.
2125 3211 2202 3264 Ad
2250 3225 2369 3263 eam

822 3317 1041 3387 quidem
1070 3325 1216 3368 certe
1250 3313 1493 3375 veniens,
1523 3310 1589 3363 de
1619 3309 1963 3364 matrimonio
1996 3324 2116 3361 cum
2139 3324 2201 3362 ea
2226 3322 2374 3361 com-

828 3407 1086 3468 municat,
1113 3413 1167 3459 et
1197 3413 1402 3472 quanto
1434 3401 1614 3455 studio
1637 3410 1693 3454 et
1721 3409 1923 3458 quanta
1949 3414 2079 3452 cura
2117 3398 2166 3451 ei
2191 3396 2374 3466 provi-

824 3498 954 3553 dere
986 3504 1230 3564 cuperet,
1261 3490 1546 3561 signiﬁcat.
1574 3489 1667 3544 Illa
1711 3499 1888 3542 antem
1925 3502 2047 3542 cum
2076 3503 2184 3541 non
2214 3487 2374 3540 modo

825 3587 1010 3649 corde,
1039 3585 1135 3642 sed
1163 3599 1230 3637 ne
1252 3582 1478 3638 summis
1498 3580 1718 3650 quidem
1744 3579 1964 3632 auribus
1983 3591 2100 3631 eam
2127 3593 2238 3632 rem
2261 3577 2373 3631 vel-

823 3680 898 3735 let
936 3677 1243 3739 admittere,
1284 3674 1378 3728 sed
1421 3683 1672 3740 tanquam
1698 3667 1959 3723 absonum
1984 3677 2044 3721 et
2073 3667 2371 3721 absurdum

824 3766 1029 3836 aliquid
1056 3766 1108 3820 id
1142 3765 1192 3817 ei
1221 3762 1515 3830 rejecisset,
1544 3771 1600 3814 et
1638 3759 1814 3828 ipsum
1863 3767 2066 3826 patrem
2104 3758 2240 3810 irate
2285 3772 2374 3811 re-

825 3860 984 3928 pulit,
1014 3867 1089 3919 et,
1120 3856 1199 3910 Ne
1235 3857 1303 3909 de
1329 3868 1390 3909 ea
1419 3868 1500 3916 re,
1529 3853 1687 3913 dixit,
1715 3865 1926 3904 mecum
1965 3851 2164 3903 iterum
2210 3850 2376 3905 verba

823 3950 1040 4003 feceris.
1070 3947 1200 4000 Nam
1234 3955 1310 4008 tu,
1360 3953 1510 4013 pater
1562 3943 1819 4010 deinceps
1849 3956 1957 3994 non
1991 3942 2290 4000 vocaberis.
2321 3951 2376 3996 et

822 4037 1045 4098 efﬁcies,
1077 4045 1134 4088 ut
1165 4050 1267 4104 ego
1317 4033 1451 4086 mihi
1484 4047 1674 4086 manus
1717 4031 1961 4086 afferam.
2006 4031 2165 4085 Pater
2191 4039 2374 4085 autem

825 4137 1066 4181 statuens
1115 4126 1272 4192 longe
1322 4137 1441 4175 esse
1476 4122 1761 4175 honestius
1809 4121 2158 4189 persuadere,
2211 4135 2374 4188 quam

825 4230 1037 4287 cogere,
1075 4225 1329 4281 ratusque
1359 4213 1478 4282 ejus
1517 4212 1874 4264 constantiam
1905 4225 2013 4264 non
2040 4225 2161 4265 esse
2204 4209 2375 4278 perti-

826 4308 1057 4364 naciam,
1105 4317 1205 4356 nec
1234 4301 1678 4364 inobedientiam,
1708 4301 1800 4354 sed
1837 4302 2133 4354 vehemens
2162 4299 2376 4354 deside-

827 4400 969 4452 rium
996 4394 1286 4458 castitatis;
1319 4403 1372 4448 et
1402 4392 1602 4461 alioqui
1633 4395 1682 4445 ei
1711 4391 1956 4459 praebens
1989 4400 2202 4459 tempus
2232 4390 2375 4444 deli-

2476 3229 2664 3297 σκοπῷ
2697 3232 2928 3294 γένοιτο.
2971 3231 3187 3298 ’Δμέλει
3241 3234 3333 3283 καὶ
3381 3231 3516 3300 πρὸς
3563 3233 3728 3300 αὐτὴν
3765 3232 4035 3299 ἀφικόμε-

2475 3337 2583 3382 νος,
2631 3320 3021 3387 κοινολογεῖται
3072 3323 3201 3390 περὶ
3247 3321 3341 3373 τοῦ
3392 3325 3594 3390 γάμου,
3628 3324 3722 3374 καὶ
3777 3322 3926 3382 ὅπως
3959 3317 4032 3390 ἦν

2474 3412 2622 3480 αὐτῷ
2666 3411 3039 3482 μελετώμενος
3077 3413 3430 3480 ἀπαγγέλλει.
3464 3415 3526 3466 Ἥ
3561 3414 3638 3476 δέ,
3674 3415 3809 3482 μηδὲ
3841 3415 4033 3481 ἄκροις

2474 3505 2576 3558 ὠσὶ
2602 3505 2663 3556 sb
2697 3507 2928 3574 πρᾶγμα
2957 3508 3031 3574 μή
3065 3506 3116 3558 τί
3147 3524 3209 3573 γε
3245 3510 3323 3569 είς
3353 3508 3582 3576 καρδίαν
3625 3509 3811 3559 πεσεῖν
3844 3506 4034 3573 βουλο·

2479 3597 2640 3667 μὲνη.
2668 3597 2786 3649 ἁλλ’
2815 3588 3006 3666 ὦάπερ
3039 3597 3252 3665 sum;
3291 3614 3344 3649 st
3380 3603 3470 3650 καὶ
3497 3600 3698 3652 ἄτοπον
3733 3605 4034 3649 σποσεισαο

2479 3689 2641 3756 μένη,
2682 3689 2843 3740 αὐτόν
2891 3704 2950 3740 τε
2983 3688 3247 3742 ἀπώσατο
3285 3690 3401 3759 μετ’
3438 3689 3609 3758 ὀργῆς
3657 3690 3748 3740 τὸν
3792 3692 4033 3756 πατέρα,

2479 3780 2598 3842 καὶ,
2631 3775 2706 3831 Ἦ
2746 3781 2854 3848 μὴν
2890 3781 2964 3850 μὴ
3001 3781 3283 3849 δεύτερον,
3311 3782 3435 3849 εφη,
3471 3785 3597 3850 περὶ
3645 3781 3837 3833 τούτου
3873 3783 4033 3846 λόγον

2482 3883 2568 3935 μοι
2619 3871 2978 3938 προσαγάγῃς
3011 3885 3024 3899 ⁶
3053 3869 3197 3921 ἐπεὶ·
3231 3869 3325 3920 καὶ
3372 3870 3437 3920 σὺ
3506 3871 3687 3936 πατὴρ
3736 3869 3797 3919 τὸ
3844 3869 4032 3921 λοιπὸν

2476 3960 2536 4009 οὐ
2565 3958 2832 4027 κληθήσῃ,
2885 3959 3028 4028 κάμὲ
3059 3961 3335 4029 ἁναιρέτιν
3367 3960 3608 4028 ἐμαυτῆς
3641 3961 3889 4025 γενέσθαι
3932 3978 4030 4012 παο

2478 4049 2858 4116 ρασκευὰσεις.
2934 4049 2994 4101 '0
3051 4051 3107 4101 δὲ
3171 4051 3373 4118 πατὴρ.
3439 4051 3499 4102 sb
3556 4052 3762 4103 πείθειν
3811 4053 4030 4118 εὐγενὲς

2480 4139 2699 4200 μᾶλλον,
2733 4140 2793 4190 οὐ
2846 4140 2908 4191 sb
2955 4139 3236 4207 βιάζεσθαι
3286 4143 3497 4209 κρίνας,
3535 4143 3699 4208 αὐτῆς
3736 4159 3792 4194 τε
3822 4145 3922 4210 τὴν
3943 4147 4029 4195 ἓν-

2477 4243 2665 4281 στασιν
2694 4229 2757 4281 ού
2788 4230 2962 4300 ῥοπήν
3002 4231 3338 4284 αὐθέκαστον
3383 4233 3492 4283 οὐδ’
3526 4234 3832 4292 ἀπείθειαν.
3891 4236 4028 4288 ἀλλὰ

2478 4319 2640 4370 πόθον
2689 4320 2912 4387 ἁγνείας
2957 4323 3178 4389 ίσχυρδν
3250 4324 3619 4392 ἡγησάμενος,
3657 4325 3832 4386 άλλως
3863 4342 3924 4376 τε
3968 4326 4027 4377 δέ

2479 4409 2573 4462 καὶ
2607 4411 2936 4478 διασκέψεως
2961 4415 3104 4482 αὐτῇ
3137 4415 3388 4479 παρέχων
3422 4417 3630 4483 καιρὸν,
3662 4417 3829 4476 εἰπως
3861 4432 4026 4484 pas.-

825 4486 1072 4552 berandi,
1103 4499 1327 4554 sperans
1361 4483 1476 4537 fore
1513 4492 1571 4536 ut
1626 4481 1856 4536 fortasse
1887 4492 2210 4544 mutaretur,
2240 4491 2296 4535 et
2319 4482 2368 4536 ei
2405 4475 2445 4531 ι)
2478 4501 2634 4553 sunt
2654 4504 2744 4554 καὶ
2779 4475 3050 4572 η-ξιιθήνιος
3075 4475 3227 4571 3:.qu
3253 4475 3482 4570 item“,
3517 4475 3678 4558 ἰηλέρν
3705 4475 4026 4559 οὐδένἰπει-

831 4593 1038 4634 morem
1092 4586 1324 4646 gereret,
1381 4588 1504 4627 cum
1535 4573 1671 4628 nihil
1727 4573 1952 4628 dixisset
1999 4573 2252 4641 amplius,
2313 4587 2378 4626 es

831 4683 981 4727 turre
1023 4669 1240 4738 quidem
1271 4666 1552 4721 descendit
1583 4666 1852 4734 protinus,
1902 4665 2123 4718 veniens
2153 4679 2282 4718 vero
2309 4663 2377 4717 ad

829 4765 1128 4823 lavacrum,
1160 4759 1302 4828 quod
1337 4767 1463 4812 tunc
1489 4758 1809 4820 cditicabat,
1844 4763 1989 4809 totus
2012 4755 2063 4808 ei
2099 4755 2324 4809 vacabat
2361 4771 2373 4806 :

826 4853 984 4921 cujus
1013 4863 1211 4921 urgens
1239 4847 1674 4906 aediﬁcationem,
1728 4853 1784 4899 et
1830 4859 2075 4914 magnam
2105 4844 2374 4898 artiﬁcum

823 4939 1046 4995 adducit
1095 4937 1536 4992 multitudinem:
1591 4944 1823 5000 etcum,
1871 4944 1928 4989 ut
1975 4937 2372 5005 quamprimum

827 5032 1083 5089 eﬂ'ectum
1130 5030 1422 5085 redderent
1469 5027 1779 5090 aedificium,
1835 5025 2164 5088 mandasset,
2207 5034 2262 5079 et
2294 5025 2376 5079 eis

830 5127 1094 5193 integrata
1126 5122 1426 5176 mercedem
1448 5121 1783 5189 prcbnisset,
1813 5119 1923 5188 ipse
2027 5119 2372 5187 longinquam

830 5210 1104 5279 prolectus
1132 5215 1216 5260 est
1242 5208 1535 5276 regionem.

899 5299 990 5354 ΙΙΙ.
1029 5297 1160 5355 Cum
1185 5298 1277 5352 diu
1303 5309 1484 5354 autem
1514 5307 1657 5352 esset
1685 5306 1925 5352 moratus
1953 5297 2006 5351 in
2039 5312 2101 5351 ea
2133 5297 2374 5368 peregri-

826 5393 1065 5451 natione,
1106 5389 1198 5444 Dei
1253 5390 1445 5442 ancilla
1491 5389 1726 5444 Barbara
1772 5388 2052 5442 descendit
2081 5404 2146 5443 es
2196 5398 2368 5451 turre,

826 5483 1009 5534 visura
1040 5479 1491 5548 quemadmodum
1521 5479 1672 5533 fieret
1699 5479 1992 5533 lavacrum.
2025 5478 2228 5533 Deinde
2246 5494 2370 5534 cum

826 5570 937 5624 illic
960 5568 1172 5631 fuisset,
1209 5578 1262 5621 et
1286 5569 1642 5637 contemplata
1671 5577 1813 5622 esset
1839 5578 2064 5636 partem,
2094 5585 2214 5638 quae
2249 5585 2372 5623 ver-

823 5660 900 5726 git
933 5659 999 5712 ad
1029 5657 1328 5720 meridiem,
1354 5661 1487 5713 duas
1515 5660 1710 5713 habere
1737 5659 2019 5722 fenestras,
2048 5677 2162 5730 qum
2193 5662 2367 5716 lucem

822 5751 1116 5810 orzbcant.
1156 5751 1501 5805 reprehendit
1538 5753 1790 5819 artiﬁces,
1837 5753 2058 5808 dicens:
2092 5754 2199 5807 Cur
2231 5756 2366 5809 dua-

2481 4591 2597 4645 πὼν
2631 4593 2847 4644 κάτεισι
2885 4596 2984 4661 μιν
3018 4594 3223 4655 εὐθέως
3267 4595 3364 4648 τοῦ
3415 4595 3626 4662 πύργου
3652 4637 3664 4655 ,
3698 4602 3832 4665 πρδις
3861 4599 3917 4651 δὲ
3966 4600 4026 4650 τὸ

2476 4681 2699 4749 λουτρὸν
2726 4680 2754 4732 δ
2787 4683 3212 4744 κατασκευάζων
3259 4683 3418 4752 έτυχε
3466 4687 3663 4737 νεωστὶ
3716 4689 4027 4752 γενόμενοῖ,

2475 4772 2593 4825 ὅλον
2626 4773 2824 4825 έαυτδν
2860 4773 3161 4842 ἀπησχόλει
3197 4788 3211 4802 ⁸
3247 4769 3308 4826 οὗ
3339 4779 3432 4826 καὶ
3462 4777 3560 4841 τὴν
3583 4775 3871 4846 οἰκοδομὴν
3906 4780 4026 4828 ἐπι·

2475 4862 2742 4926 σπεύδων,
2786 4862 2988 4932 πλῆθός
3030 4880 3088 4916 τε
3120 4864 3380 4932 τεχνιτῶν
3437 4867 3706 4934 έφίστησι,
3743 4871 3839 4920 καὶ
3878 4868 4024 4929 ὅπως

2477 4955 2544 5006 ἂν
2571 4955 2896 5022 ίργάσαιντο
2930 4956 3028 5022 τὴν
3053 4955 3342 5025 οίκοδομὴν
3380 4957 3707 5027 έπισιιήψας,
3737 4957 3928 5026 ἐντελῆ
3966 4975 4022 5010 τε

2472 5044 2565 5096 τὸν
2592 5043 2782 5112 μισθὸν
2815 5045 2997 5107 αὐτοῐς
3052 5049 3486 5116 παρασχόμενος,
3540 5050 3618 5110 εἰς
3676 5051 4022 5119 μακροτέραν

2475 5135 2637 5196 αὐτὸς
2660 5137 2932 5203 ἀπεδήμει
2959 5137 3165 5207 χώραν.

2543 5302 2620 5358 Γ.
2653 5303 3114 5375 Ἐμδραδύνοντος
3145 5307 3200 5360 δλ
3223 5309 3320 5378 τὴν
3336 5311 3669 5379 ἀποδημίαν,
3701 5313 3734 5381 ἡ
3759 5313 3853 5366 τοῦ
3887 5314 4021 5368 Θεοῦ

2471 5389 2633 5462 δούλη
2685 5391 2946 5463 Βαρδὰρα
2994 5394 3191 5465 κατῄει
3246 5397 3341 5450 τοῦ
3397 5399 3643 5468 πύργου,
3700 5403 3762 5454 τὸ
3796 5403 4020 5472 λουτρὸν

2471 5483 2617 5546 ὅπως
2647 5485 2847 5552 γίνοιτο
2874 5489 3313 5558 έπισκεψαμένη,
3361 5493 3453 5544 καὶ
3493 5494 3615 5546 δυσὶ
3656 5497 4020 5566 φωτιζόμενον

2473 5574 2649 5643 θυρίσι
2696 5576 2758 5627 sb
2822 5580 2958 5646 πρὸς
3026 5583 3369 5653 μεσημϐρίαν
3441 5587 3605 5655 μέρος
3687 5588 4018 5661 θεασαμένη,

2475 5665 2678 5734 μέμψιν
2700 5668 2876 5736 ἐπῆγε
2898 5673 3007 5732 τοῖς
3038 5676 3328 5741 τεχνίταις.
3369 5676 3532 5729 Ὀτου
3559 5679 3739 5748 χάριν,
3767 5681 4018 5747 λέγουσα,

2473 5760 2586 5818 ταῖς
2634 5756 2752 5810 δυσὶ
2796 5761 2976 5831 θυρίσι
3023 5764 3096 5831 μὴ
3138 5767 3232 5816 καὶ
3279 5767 3378 5835 τὴν
3420 5767 3609 5837 τρίτην
3656 5771 4012 5839 προσέθεσθε,
