4270 6428
799 393 898 454 307

2006 396 2284 458 MENSIS
2327 399 2571 460 DECEM
2583 399 2747 462 BER.

3898 405 4005 469 308

801 511 982 564 uitatis
1029 510 1337 580 signiﬁcans
1389 511 1744 580 majestatem.
1783 511 1984 567 Deinde
2031 514 2187 569 Pater
2215 527 2342 566 con-
2371 513 2419 570 Α
2446 529 2487 564 κε

2321 541 2342 551 -
2371 513 2419 570 Α
2446 514 2668 582 κόσμονο
2693 515 2847 568 τοῦτο
2876 517 2930 569 δὲ
2964 512 3081 570 εἷπε
3109 520 3322 583 πάντως
3341 524 3441 591 τὴν
3462 526 3556 594 τῆς
3588 523 3750 592 άγίας
3770 524 4001 593 Τριάδος

800 600 1048 653 turbatus
1091 599 1331 654 novitate
1362 603 1629 656 sermonis
1676 602 1834 672 plane
1867 602 2187 666 admiratus,
2218 618 2340 656 cum

796 705 916 743 eam
951 705 1193 744 seorsum
1225 691 1630 760 assumpsisset,
1675 703 1730 746 et
1781 692 2017 746 venisset
2049 691 2116 746 ad
2169 692 2340 760 ipsam

796 782 996 836 lavacri
1049 782 1349 850 piscinam:
1389 783 1634 848 Quonam
1682 784 1865 845 modo,
1911 785 2106 853 inquit,
2156 784 2338 838 lumen

796 874 958 925 trium
1019 872 1375 928 fenestrarum
1437 873 1704 928 illuminat
1765 890 1980 929 omnem
2027 875 2342 930 hominem?

796 966 885 1020 Illa
912 976 1113 1030 autem,
1145 966 1396 1030 Attende,
1451 966 1646 1035 inquit,
1684 974 1858 1035 pater,
1903 979 1958 1022 et
1993 965 2259 1035 intelliges
2285 968 2337 1020 id

795 1058 948 1125 quod
985 1057 1187 1110 dictum
1231 1064 1335 1119 est,
1360 1067 1413 1112 et
1440 1057 1600 1111 simul
1625 1056 1675 1110 ei
1705 1056 1939 1112 ostendit
1973 1059 2185 1128 signum
2213 1073 2338 1112 cru-

794 1149 890 1201 cis.
923 1147 1124 1200 Deinde
1152 1146 1312 1201 etiam
1353 1146 1646 1202 ostendens
1687 1146 1910 1216 digitis:
1948 1147 2098 1209 Vide,
2141 1146 2335 1215 inquit,

799 1239 974 1300 Pater,
1010 1235 1194 1298 Filius,
1231 1246 1284 1289 et
1312 1237 1547 1304 Spiritus
1573 1247 1807 1290 sanctus.
1838 1237 1917 1290 Ab
1956 1237 2053 1291 hac
2083 1237 2201 1292 luce
2223 1252 2340 1290 om-

798 1331 879 1379 nis
914 1336 1089 1380 creata
1122 1335 1314 1379 natura
1370 1327 1704 1380 illutninatur
1751 1328 2128 1398 intelligenter.
2185 1331 2338 1384 Hunc

798 1419 978 1485 itaque
1031 1431 1218 1470 verum
1263 1431 1563 1471 sermonem
1600 1433 1722 1471 cum
1764 1421 1914 1474 malae
1941 1429 1995 1474 et
2020 1421 2084 1474 ad
2118 1421 2337 1475 menda—

795 1510 936 1560 cium
961 1509 1262 1562 exercitatre
1293 1522 1452 1562 aures
1493 1507 1713 1562 minime
1749 1511 2019 1574 tulissent,
2077 1513 2152 1566 ira
2184 1511 2336 1566 fuere

793 1599 1006 1664 repletae
1033 1615 1042 1647 :
1074 1607 1128 1650 et
1159 1605 1307 1664 pater
1338 1597 1538 1650 oblitus
1568 1611 1624 1650 se
1653 1611 1770 1650 esse
1812 1606 2040 1664 patrem,
2077 1607 2336 1668 tyrannus

792 1685 1097 1752 pr0peravit
1127 1699 1245 1738 esse
1307 1695 1359 1737 et
1399 1684 1692 1753 parricida,
1747 1695 1801 1738 et
1848 1685 1939 1754 qui
1974 1686 2240 1755 pendebat
2268 1687 2336 1741 ab

797 1776 1056 1837 humeris,
1083 1776 1271 1828 stricto
1295 1789 1422 1829 ense
1445 1785 1598 1843 pater
1633 1790 1915 1844 aggressus
1942 1787 2029 1830 est
2049 1793 2144 1832 sua
2174 1792 2334 1831 manu

2447 607 2827 676 παραδηλοῠσα
2855 611 3271 679 μεγαλειότητα.
3299 611 3431 667 Εἶτα
3461 616 3599 684 πρὸς
3625 615 3686 666 τδ
3723 612 3816 666 τοῦ
3837 615 4000 678 λόγου

2442 698 2655 763 ξενικὸν
2705 701 2796 753 καὶ
2847 702 3113 769 ἀσύνηθες
3163 706 3192 757 δ
3245 706 3433 774 πατὴρ
3473 705 3855 773 διαταραχθεὶς
3892 704 4030 781 ίδίφῖ

2438 787 2642 856 ταύτην
2671 791 3047 859 Ϊπαραλαόών,
3099 794 3193 846 καὶ
3257 796 3394 864 πρὸς
3437 794 3586 864 αύτῷ
3625 793 3702 863 τῷ
3739 795 4024 862 κολύμϐῳ»

2440 878 2534 930 τοῦ
2593 880 2821 951 λουτροῦ
2866 885 3181 953 γενόμενος,
3223 886 3370 949 Πῶς,
3419 885 3546 953 εᾳη,
3590 885 3653 937 τὸ
3691 883 3798 937 τῶν
3826 885 3998 953 τριῶν

2441 972 2669 1042 θυρίδων
2705 974 2817 1042 φῶς
2879 979 3076 1038 παντὸς
3104 975 3395 1045 ἀνθρώπου
3471 977 3807 1044 φωτιστικὺν
3850 974 3998 1040 γίνε-

2437 1082 2560 1132 ται;
2604 1067 2667 1119 Ἢ
2701 1069 2776 1130 δὲ,
2834 1069 3131 1138 Πρόσσχες,
3179 1069 3309 1138 ἔφη,
3340 1069 3544 1139 Πάτερ,
3601 1069 3694 1121 καὶ
3740 1069 3996 1132 συνήσεις

2438 1159 2497 1210 τὸ
2525 1161 2829 1230 εἰρημένον.
2869 1162 2979 1214 Καὶ
3042 1163 3157 1231 ἅμα
3187 1162 3248 1214 τὸ
3295 1161 3390 1214 τοῦ
3443 1160 3676 1231 σταυροῦ
3725 1158 3994 1226 ὑπεδήλου

2441 1253 2677 1318 σημείονυ
2708 1249 2823 1304 εἶτα
2850 1254 2940 1304 καὶ
2967 1255 3076 1314 τοῖς
3101 1252 3380 1315 δακτύλοις
3403 1250 3786 1312 ὑποδεικνῦσα,
3822 1250 3993 1317 Ὅρα,

2440 1339 2813 1411 εφη,11ατὴρ,
2851 1343 2975 1404 Υἱὸς
3028 1344 3120 1396 καὶ
3163 1343 3224 1394 τὸ
3279 1344 3433 1410 ἅγιον
3483 1341 3730 1407 Πνεῦμα·
3763 1340 3866 1390 ὑπὸ
3916 1338 3996 1406 τῷ

2439 1435 2578 1498 φωτὶ
2632 1434 2805 1502 τούτῳ
2856 1436 3033 1495 κτίσις
3082 1435 3232 1487 πᾶσα
3290 1434 3494 1504 νοερῶς
3551 1431 3991 1498 καταλάμπεται.

2439 1516 2638 1570 Τοῦτον
2682 1520 2790 1587 ἄρα
2843 1518 2934 1571 τὸν
2992 1519 3165 1589 ἀληθῆ
3208 1520 3365 1586 λόγον
3411 1521 3444 1588 ἡ
3472 1517 3648 1587 φαύλη
3707 1517 3866 1585 ἀκοὴ,
3898 1517 3994 1567 καὶ

2441 1611 2575 1676 πρῖς
2610 1607 2800 1676 ψεῦδος
2853 1607 3281 1678 γεγυμνασμένη
3341 1607 3416 1677 μὴ
3473 1605 3770 1672 ινεγκοῦσα
3813 1603 3990 1670 θυμοῦ

2439 1705 2530 1752 καὶ
2559 1698 2730 1768 ὀργῆς
2789 1699 3111 1768 ἐπληροῦτο.
3174 1699 3285 1752 Καὶ
3333 1700 3360 1750 ὀ
3406 1697 3589 1765 πατὴρ
3620 1733 3634 1756 ,
3691 1694 3784 1746 τοῦ
3851 1689 3993 1744 εἶναι

2442 1791 2625 1860 πατὴρ
2673 1790 3052 1860 ἐκλαθόμενος,
3111 1788 3376 1859 τύραννος
3423 1788 3515 1840 καὶ
3583 1786 3776 1853 φονεὺς
3823 1783 3992 1854 ἀπῄει

792 1868 1041 1920 occidere
1080 1867 1388 1920 Barbaram.
1437 1867 1528 1921 illa
1559 1877 1739 1920 autem
1783 1883 1905 1922 cum
1956 1884 2147 1923 manus
2177 1869 2334 1923 simul
2372 1840 2410 1895 Β
2438 1900 2478 1949 γε

2307 1870 2334 1923 ΙΙ
2372 1840 2410 1895 Β
2438 1840 2692 1949 γενέσθαι
2717 1923 2728 1943 ,
2771 1840 2896 1935 καὶΓ
2917 1883 2976 1934 τὸ
3031 1840 3194 1947 ξίφος.
3226 1880 3254 1933 ὃ
3306 1881 3624 1948 παρήρτητο
3661 1877 3770 1928 τῶν
3823 1875 3993 1941 ὤμων

793 1958 982 2010 octdos
1030 1965 1085 2011 et
1115 1968 1349 2012 mentem
1387 1959 1436 2011 in
1472 1959 1667 2012 malum
1716 1961 2042 2022 sustulisset,
2091 1975 2212 2014 eum
2244 1961 2334 2029 qui

792 2059 969 2115 potest
997 2050 1124 2102 dare
1154 2051 1398 2111 salutem,
1439 2051 1662 2103 vocabat
1689 2051 1753 2103 ad
1786 2052 2064 2105 auxilium.
2094 2052 2186 2105 Ille
2209 2067 2336 2106 vero

794 2157 898 2192 non
934 2143 1164 2206 neglexit
1187 2157 1249 2195 ea
1279 2141 1477 2204 facere,
1504 2158 1622 2210 quae
1646 2154 2003 2196 consueverat
2039 2162 2050 2196 :
2089 2143 2180 2197 sed
2204 2159 2337 2212 quo-

794 2233 954 2285 modo
977 2232 1225 2286 Tlteclam
1275 2242 1720 2303 protomartyretn
1773 2235 2112 2288 conservavit
2155 2234 2223 2288 ab
2271 2234 2337 2288 iis

793 2323 885 2389 qui
939 2321 1420 2390 persequebantur,
1477 2330 1641 2389 petrm
1700 2337 1817 2389 qua:
1877 2332 2205 2384 occurrerat,
2252 2323 2336 2391 ju.

796 2417 948 2474 hens,
996 2422 1054 2464 ut
1087 2412 1541 2480 disrumperetur,
1596 2421 1651 2465 ct
1682 2427 1799 2465 eam
1844 2413 1962 2466 sinu
2015 2413 2332 2480 exciperet:

791 2515 861 2556 ita
897 2503 1033 2556 hanc
1080 2517 1296 2572 quoque
1324 2502 1610 2572 gloriosam
1661 2502 1822 2557 simili
1855 2513 2136 2556 conservat
2169 2502 2334 2555 mira-

792 2597 932 2649 culo.
968 2596 1099 2650 Nam
1127 2610 1249 2650 cum
1281 2595 1369 2649 ille
1408 2595 1646 2648 carnifex
1693 2597 1889 2665 (neque
1929 2595 2072 2648 enim
2109 2595 2334 2664 parrici-

792 2687 913 2740 dam
961 2686 1039 2740 fas
1067 2697 1150 2740 est
1183 2701 1378 2740 vocare
1415 2688 1643 2754 patrem)
1675 2700 1804 2740 ense
1833 2685 2046 2739 sublato
2077 2686 2333 2755 procede-

794 2787 877 2833 ret
910 2779 962 2830 in
989 2777 1172 2843 ﬁliam,
1202 2785 1353 2845 petra
1380 2777 1544 2830 scissa
1573 2777 1625 2829 in
1653 2777 1788 2831 duas
1818 2787 2018 2844 partes,
2042 2790 2160 2830 eam
2181 2791 2338 2830 exce-

796 2871 876 2935 pit
914 2868 1100 2922 divino
1129 2878 1181 2921 et
1225 2867 1594 2935 omnipotente
1630 2878 1785 2926 nutu,
1821 2877 1893 2929 et,
1927 2882 1995 2921 ne
2027 2882 2056 2920 a
2086 2867 2336 2922 manibus

792 2959 991 3013 eadem
1042 2957 1372 3026 spirantibus
1423 2968 1726 3024 caperetur,
1766 2959 2124 3021 conservavit,
2159 2967 2332 3011 trans-

797 3051 1017 3104 mittens
1046 3047 1112 3101 ad
1157 3048 1274 3102 loca
1309 3047 1479 3115 magis
1512 3059 1782 3100 montana.
1824 3047 1929 3101 Sed
1971 3062 2071 3102 nec
2104 3049 2181 3101 sic
2211 3049 2334 3117 qui-

791 3142 914 3196 dem
945 3146 1156 3208 poterat
1194 3137 1494 3206 intelligere
1527 3138 1618 3206 qui
1641 3137 1770 3206 ipsis
1797 3137 2064 3206 lapidibus
2086 3148 2201 3192 erat
2226 3155 2334 3193 ma-
2358 3155 2401 3212 ο

793 3232 875 3300 gis
920 3227 1251 3298 impatibilis,
1300 3236 1353 3280 et
1403 3227 1583 3280 minus
1625 3241 1784 3280 sensu
1832 3227 2111 3294 praditus.
2142 3228 2331 3282 Adhuc

793 3324 939 3374 enim
979 3319 1168 3374 eodem
1226 3318 1549 3373 incitabatur
1607 3318 1829 3386 impetu,
1889 3330 1943 3374 et
1993 3319 2336 3374 desiderabat

794 3413 1034 3476 accipere
1071 3411 1229 3462 ﬁliam
1256 3426 1269 3472 ;
1299 3424 1402 3462 non
1445 3417 1503 3461 ut
1529 3408 1619 3476 qui
1645 3418 1787 3463 esset
1819 3421 1991 3479 pater,
2034 3411 2127 3465 sed
2153 3413 2334 3480 potius

794 3505 935 3557 tilius
962 3505 1097 3571 ejus,
1145 3501 1234 3569 qui
1267 3501 1365 3554 fuit
1401 3500 1664 3554 homicida
1699 3500 1765 3553 ab
1814 3501 1966 3556 initio
1994 3506 2034 3564 ',
2070 3515 2127 3558 ut
2152 3504 2331 3558 dicant

792 3610 914 3647 cum
966 3594 1147 3647 divina
1194 3593 1510 3660 Scriptura;
1549 3600 1625 3655 ut,
1682 3606 1804 3645 cum
1851 3593 2138 3659 invenerit,
2171 3596 2330 3650 simul

792 3691 989 3737 mactet
1017 3693 1072 3738 et
1105 3682 1292 3751 perdat
1318 3682 1354 3734 ³.

865 3775 924 3827 γ.
956 3774 1089 3828 Cum
1139 3787 1267 3826 vero
1312 3774 1364 3826 in
1424 3773 1562 3827 duos
1606 3773 1886 3828 incidisset
1934 3785 2202 3843 pastores,
2243 3793 2335 3831 ro-

792 3865 935 3934 gavit
964 3881 1031 3918 an
1067 3864 1134 3917 de
1161 3881 1221 3918 ea
1249 3865 1454 3919 scirent
1494 3865 1717 3932 aliquid.
1753 3865 1828 3918 Es
1859 3865 1945 3920 bis
1974 3876 2152 3921 autem
2196 3869 2333 3923 alter

792 3954 1036 4021 quidem,
1068 3956 1160 4022 qui
1208 3963 1324 4009 erat
1353 3954 1532 4006 animo
1567 3955 1894 4019 misericors,
1929 3966 1986 4010 et
2016 3959 2101 4010 cui
2142 3957 2334 4028 displi-

791 4043 970 4106 cebat,
1021 4057 1140 4097 eam
1170 4059 1332 4112 quam
1386 4051 1540 4110 pater
1588 4045 2030 4112 persequebatur,
2081 4048 2329 4116 prodere,

793 4136 974 4190 statim
1015 4139 1249 4204 negavit,
1290 4147 1344 4189 et
1375 4151 1430 4190 se
1461 4137 1733 4191 simulavit
1789 4138 2056 4207 ignorare.
2111 4140 2334 4193 menda-

793 4227 939 4280 cium
965 4227 1198 4281 salutare
1240 4243 1337 4296 pro
1373 4228 1613 4291 veritate,
1652 4245 1770 4297 qua:
1812 4229 2050 4292 laederet,
2106 4231 2329 4300 eligens.

791 4321 1058 4374 (laetcrum
1094 4319 1180 4372 hic
1225 4329 1408 4387 aperte
1464 4320 1746 4372 erubescat
1799 4318 2060 4382 lleroa‘es,
2101 4322 2192 4388 qui
2224 4337 2330 4374 non

792 4420 940 4466 recte
976 4411 1226 4466 servabat
1260 4411 1657 4481 jusjurandum,
1690 4420 1748 4464 ut
1778 4411 1940 4467 etiam
1989 4411 2194 4479 aliquid
2248 4414 2330 4466 in-
2365 4451 2406 4505 υ

792 4515 964 4555 seram
995 4499 1314 4562 narrationi,
1344 4509 1398 4554 et
1427 4499 1517 4566 qui
1555 4509 1612 4552 ut
1653 4501 1844 4554 malam
1885 4501 2199 4556 defenderet
2242 4519 2334 4556 vo-

792 4593 1145 4660 voluptatem,
1211 4591 1387 4644 stabat
1415 4591 1754 4661 jusjurando.
1799 4593 1950 4646 Alter
1974 4609 2104 4647 vero
2134 4610 2336 4663 nequa-

796 4697 956 4751 quam
986 4681 1208 4751 quidem
1245 4681 1446 4750 lingua,
1480 4682 1571 4735 scd
1604 4682 1796 4752 digito,
1826 4683 1969 4751 quod
1996 4695 2077 4736 est
2104 4685 2336 4738 scelera-

792 4775 923 4836 tius,
970 4773 1232 4832 indicans,
1283 4773 1604 4826 ostendebat
1660 4775 1820 4836 viam,
1873 4789 1992 4842 quae
2045 4775 2108 4827 ad
2167 4776 2334 4842 ipsam

791 4860 1043 4916 ducebat.
1065 4860 1216 4925 Quod
1248 4860 1444 4914 factum
1475 4871 1556 4914 est
1588 4861 1788 4930 itaque,
1815 4878 1920 4915 non
1949 4864 2074 4917 tulit
2101 4864 2334 4931 justitia,

793 4949 886 5004 sed
939 4951 1123 5005 statim
1178 4951 1399 5004 sceleris
1453 4952 1632 5005 intulit
1679 4952 2042 5022 supplicium:
2106 4965 2160 5007 et
2210 4969 2332 5008 cum

792 5043 910 5108 ejus
974 5055 1102 5095 oves
1152 5048 1423 5095 exsecrata
1476 5051 1617 5094 esset
1671 5054 1892 5111 martyr,
1958 5060 2064 5098 non
2107 5046 2338 5112 amplius

792 5139 949 5182 a-t'ant
979 5144 1125 5192 oves,
1158 5130 1506 5185 sed-mutata:
1550 5133 1765 5186 fuerant
1798 5134 1852 5186 in
1907 5136 2194 5191 scarabeos
2219 5137 2332 5205 qui,

797 5220 862 5273 ad
898 5227 1157 5288 perpetua
1199 5220 1423 5274 sceleris
1481 5225 1899 5286 accusationem,
1955 5234 2154 5280 sanctae
2210 5227 2337 5281 Bar-

796 5313 938 5363 barae
965 5310 1275 5378 sepulcrum
1306 5321 1564 5380 perpetuo
1597 5315 2009 5370 circumvolant.
2052 5317 2175 5372 Haec
2207 5333 2336 5388 ergo

795 5402 968 5454 dolosi
1005 5402 1230 5470 pastoris
1274 5403 1495 5471 vestigia
1533 5416 1749 5459 secutus
1791 5423 1975 5461 amens
2024 5409 2332 5474 Dioscorus,

797 5506 920 5543 cum
963 5501 1200 5544 sanctam
1228 5494 1280 5545 in
1322 5504 1500 5548 monte
1545 5497 2067 5564 comprehendisset,
2101 5501 2334 5568 primum

796 5581 1016 5647 quidem
1058 5582 1129 5634 ita
1163 5593 1220 5635 ut
1245 5595 1358 5637 erat
1399 5585 1475 5637 ira
1520 5587 1774 5651 percitus,
1809 5590 2110 5645 conscindit
2144 5592 2330 5646 verbe-

869 5761 1057 5814 tlnan.
1103 5779 1212 5825 ιἰιι,
1256 5763 1308 5815 il
1414 5765 1426 5787 τ
1462 5761 1613 5816 Joan.
1649 5776 1698 5824 τ,
1728 5762 1786 5814 1'2

2439 1974 2908 2041 διασπασάμευος,
2937 1972 3254 2044 αὐτοχειρίᾳ
3284 1970 3383 2041 τὴν
3414 1969 3708 2038 Βαρῦάραν
3730 1965 3994 2018 ἔσπευδεν

2441 2063 2671 2116 ἀνελεῖν.
2710 2063 2924 2131 Ἐκείνη
2957 2063 3013 2114 δὲ
3042 2065 3228 2132 χεῖρας
3259 2062 3373 2129 ἄμα
3417 2061 3511 2112 καὶ
3541 2057 3850 2124 ὀφθαλμοὺς
3897 2055 3993 2104 καὶ

2435 2160 2675 2212 διάνοιαν
2706 2162 2785 2220 εις
2824 2158 3055 2228 οὐρανὸν
3096 2158 3278 2224 ἄρασα
3322 2155 3415 2207 τὸν
3469 2153 3660 2215 σώζειν
3689 2150 3990 2217 δυνάμενον

2437 2255 2620 2307 ικάλει
2657 2256 2793 2320 πρδς
2823 2253 3064 2322 ἀρωγήν.
3093 2253 3202 2306 Καὶ
3231 2252 3289 2313 ὃς
3313 2251 3413 2303 οὐκ
3445 2246 3638 2317 ἠμέλει
3678 2246 3744 2297 τὰ
3774 2243 3987 2310 συνήθη

2437 2344 2633 2398 ποιῶν⁴
2664 2344 2778 2396 ἀλλ’
2806 2342 2994 2411 ὥσπερ
3021 2342 3228 2395 Θέκλαν
3259 2340 3358 2410 τὴν
3395 2337 3837 2408 πρωτομάρτυρα
3876 2331 3990 2383 τῶν

2433 2433 2735 2485 διωκόντων
2782 2430 3030 2494 διέσωσε,
3069 2428 3244 2498 πίτρᾳ
3284 2431 3352 2496 τῇ
3405 2422 3778 2494 προστυχούσῃ
3833 2421 3988 2488 διαρ-

2439 2523 2695 2594 ῥαγῆναι,
2740 2522 2830 2574 καὶ
2861 2521 3032 2591 αὐτὴν
3083 2516 3533 2586 ἑγκολπώσασθαι
3560 2513 3989 2578 διακελευσάμε-

2436 2632 2521 2675 νος
2551 2629 2563 2642 ·
2607 2614 2750 2666 οὓτω
2785 2614 2876 2665 καὶ
2912 2611 3007 2680 τὴν
3045 2610 3288 2678 ἀοίδιμον
3317 2610 3523 2675 ταύτην
3549 2604 3718 2673 ὁμοίῳ
3760 2604 3854 2656 καὶ
3883 2603 3987 2670 ἴσῳ

2434 2706 2507 2776 τῷ
2537 2706 2769 2774 θαύματι
2813 2702 3082 2766 διασώζει.
3167 2702 3254 2762 Ὠς
3287 2701 3396 2770 γὰρ
3437 2701 3643 2758 ὶκεῖνος
3679 2697 3708 2748 δ
3763 2697 3984 2765 8"lim;-

2433 2797 2550 2849 οὐδὲ
2603 2796 2710 2865 γάρ
2756 2797 2900 2850 ὅσιον
2945 2795 3159 2865 πατέρα
3205 2794 3296 2844 τὸν
3347 2792 3627 2861 μιαιφόνον
3665 2787 3882 2846 καλεῖν,
3925 2784 3988 2836 τὸ

2434 2886 2588 2953 ξίφος
2614 2885 2755 2953 άρας
2797 2883 2989 2954 ἐχώρει
3035 2883 3175 2935 κατὰ
3202 2881 3298 2947 τῆς
3331 2877 3618 2944 θυγατρὸς,
3661 2876 3832 2941 πέτρα
3859 2871 3984 2939 διχῆ

2433 2978 2698 3046 τμηθεῖσα
2737 2975 2866 3046 θείῳ
2910 2975 3000 3028 καὶ
3044 2970 3365 3040 παντουργῴ
3416 2968 3642 3035 νεύματι
3672 2965 3873 3030 ταύτην
3924 2979 3985 3013 τε

2435 3067 2759 3132 εἰσεδέξατο,
2786 3066 2883 3117 καὶ
2905 3065 3061 3133 χερσὶ
3085 3063 3352 3130 φονώσαις
3380 3061 3618 3127 ἄληπτον
3662 3054 3981 3114 διεσώσατο,

2435 3159 2620 3220 τόποις
2658 3155 3074 3225 παραπέμψασα
3102 3155 3212 3214 τοῖς
3257 3149 3635 3222 ὀρεινοτέροις.
3685 3146 3825 3197 Ἀὶλε
3884 3145 3986 3194 οὐκ

2439 3246 2506 3318 ἦν
2540 3249 2660 3300 οὐδὲ
2709 3245 2849 3298 οὕτω
2898 3246 3134 3297 συνεῖναι
3169 3243 3260 3294 τὸν
3300 3241 3397 3294 καὶ
3429 3240 3589 3290 λίθων
3634 3236 3809 3288 αὐτῶν
3844 3236 3988 3286 άπα-

2439 3341 2690 3408 θέστερον
2736 3339 2827 3388 καὶ
2861 3333 3338 3400 άναισθητότερον*
3403 3329 3483 3381 [τι
3523 3330 3630 3394 γὰρ
3661 3329 3840 3393 εἴχετο
3883 3325 3987 3390 τῆς

2433 3429 2630 3500 ὁρμῆς,
2687 3428 2778 3480 καὶ
2819 3425 3004 3478 λαϐεῖν
3063 3423 3244 3476 ἐπόθει
3285 3420 3382 3489 τὴν
3433 3419 3749 3486 θυγατέρα,
3784 3417 3881 3483 οὐχ
3913 3417 3987 3476 ὡς

2439 3520 2614 3590 πατὴρ
2643 3518 2720 3571 ὣν
2746 3517 2979 3586 ἐκείνης,
3011 3515 3123 3568 ἀλλ’
3153 3513 3226 3576 ώς
3259 3514 3371 3574 υἱὸς
3399 3512 3599 3580 μᾶλλον
3624 3509 3718 3561 τού
3748 3508 3987 3576 ἑξαρχῆς

2436 3609 2910 3679 άνθρωποκτόνου,
2940 3606 3084 3657 κατὰ
3111 3604 3211 3673 τὴν
3246 3603 3397 3655 θείαν
3439 3603 3602 3670 φάναι
3659 3601 3861 3666 φωνήν,
3914 3599 3982 3649 ἶν’

2433 3700 2605 3768 εὑρὼν
2636 3700 2751 3767 ἃμα
2780 3699 2873 3749 καὶ
2912 3696 3047 3764 θύσῃ
3079 3695 3171 3747 καὶ
3204 3693 3466 3761 ἀπολέσῃ.

2508 3790 2581 3846 E‘.
2627 3789 2855 3857 Ποιμάσι
2905 3787 2961 3840 δὲ
3013 3785 3106 3838 δύο
3161 3781 3501 3854 περιτυχὼν,
3560 3781 3614 3832 εῐ
3637 3797 3688 3832 τι
3718 3779 3809 3832 καὶ
3839 3778 3988 3831 ἴσασι

2437 3884 2564 3951 περὶ
2591 3881 2791 3947 ταύτης
2817 3875 3230 3931 ἀνεπυνθάνετο.
3280 3874 3500 3926 Τούτων
3547 3872 3602 3924 δὲ
3631 3871 3822 3936 ἅτερος
3865 3870 3985 3937 μὲν,

2437 3973 2664 4043 γνώμης
2727 3969 2801 4022 ὢν
2854 3965 3176 4037 συμπαθοῦς
3206 4005 3221 4027 ,
3281 3965 3376 4018 καὶ
3423 3963 3484 4016 τδ
3543 3960 3832 4031 προδοῦναι
3883 3957 3988 4024 τὴν

2435 4056 2774 4124 διωκομένην
2819 4053 2920 4105 οὐκ
2967 4051 3224 4113 ιπαινών,
3270 4049 3492 4118 ἔξαρνος
3523 4044 3590 4117 ἦν
3622 4044 3987 4114 παραχρῆμα,

2435 4146 2528 4201 καὶ
2552 4148 2650 4215 τὴν
2679 4145 2900 4212 ἄγνοιαν
2941 4141 3288 4211 ὑπεκρίνετο,
3327 4137 3553 4208 ψεῦδος,
3585 4133 3738 4188 εἶπεν
3783 4135 3847 4186 ἄν
3877 4151 3983 4195 τις,

2437 4239 2702 4306 σωτήριον
2740 4236 2861 4288 ἀντὶ
2884 4232 3222 4303 βλαπτούσης
3249 4227 3506 4299 ἀληθείας
3533 4229 3803 4295 ἑλόμενος.
3837 4226 3985 4293 Πλὴν

2434 4329 2546 4381 ἀλλ’
2599 4324 2930 4394 αἰσχυνέσθω
3009 4321 3257 4390 φανερῶς
3314 4319 3546 4373 ἐνταῦθα
3605 4317 3847 4385 Ἡρώδης
3921 4322 3984 4368 οὺ

2435 4419 2608 4480 καλῶς
2640 4415 2899 4483 εὐορκῶν,
2933 4413 3019 4466 ἵνα
3048 4430 3098 4464 τι
3127 4416 3218 4464 καὶ
3235 4412 3542 4479 παρενείρω
3569 4407 3643 4476 τῷ
3659 4408 3979 4475 διηγήματι,

2438 4513 2531 4563 καὶ
2559 4508 2748 4578 ἡδονῆς
2793 4509 2854 4558 ἐκ
2871 4506 3023 4573 δίκης
3047 4505 3286 4573 πονηρᾶς
3306 4501 3398 4554 τοῦ
3423 4503 3586 4570 ὅρκου
3607 4501 3704 4567 τὴν
3738 4499 3985 4565 φυλακὴν

2437 4597 2776 4665 ποιούμενος.
2822 4593 2880 4646 '0
2911 4595 2966 4647 δὲ
2999 4593 3154 4656 ἄλλος
3213 4591 3426 4660 γλώττῃ
3461 4590 3558 4657 μὲν
3607 4585 3879 4654 οὐδαμῶς,
3907 4584 3985 4650 τῷ

2436 4684 2680 4752 δακτύλῳ
2757 4682 2814 4732 δὲ
2874 4680 3307 4750 κακουργότερον
3370 4678 3699 4743 ὑποφαίνων,
3759 4676 3856 4743 τὴν
3910 4674 3984 4733 ώς

2438 4775 2609 4841 αὐτὴν
2638 4772 2960 4838 ἀπάγουσαν
2994 4771 3301 4822 ύπεδείκνυ.
3337 4766 3640 4834 Τοιγαροῦν
3663 4767 3761 4817 οὐκ
3785 4766 3985 4833 ἠνεγκε

2437 4865 2497 4916 τὸ
2534 4863 2776 4932 πραχθὶν
2829 4865 2859 4930 ὴ
2912 4861 3057 4930 δίκη,
3114 4860 3253 4914 ἀλλὰ
3294 4859 3565 4927 τιμωρίαν
3606 4857 3777 4922 ἐπῆγε
3807 4873 3987 4920 παρα-

2437 4972 2624 5024 κρημα
2647 4954 2739 5005 τοῦ
2768 4955 3247 5019 κακουργήματος,
3274 4947 3368 5002 καὶ
3394 4949 3460 5000 τά
3489 4943 3657 4999 αὑτοῦ
3691 4946 3984 5014 θρέμματα

2437 5048 2536 5116 τῆς
2563 5045 2833 5113 μάρτυρος
2864 5039 3306 5109 ἑπαρασαμόνης,
3329 5038 3427 5089 οὐκ
3453 5036 3532 5087 ἔτι
3560 5035 3850 5104 θρέμματα
3893 5027 3983 5100 ἦν,

2437 5135 2547 5186 ἀλλ’
2573 5134 2648 5194 είς
2670 5131 2955 5200 κανθάρων
2988 5126 3275 5196 ὁμοιότητα
3306 5121 3630 5192 μετεϐλήθη,
3655 5119 3823 5187 στήλη
3855 5134 3987 5168 κατ-

2437 5228 2653 5295 ήγορος,
2687 5224 2812 5291 ἄχρι
2861 5223 3048 5279 τέλους
3121 5218 3212 5273 τὸν
3268 5217 3366 5284 τῆς
3410 5214 3571 5280 άγίας
3615 5213 3783 5277 τάφον
3823 5226 3984 5277 περι-

2439 5317 2727 5383 ιπτάμενα.
2781 5312 3000 5372 Τούτοις
3032 5305 3123 5363 οὖν
3157 5312 3266 5370 τοῖς
3308 5307 3668 5373 ὑποδείγμασι
3689 5302 3779 5354 τοῦ
3808 5301 3986 5352 δολίου

2437 5413 2721 5478 Διόσκορος
2755 5407 3119 5474 ἀκολουθήσας
3153 5406 3180 5456 δ
3215 5401 3527 5471 παραπλὴξ,
3564 5399 3655 5450 καὶ
3675 5397 3776 5466 τὴν
3819 5396 3988 5461 ἁγίαν

2437 5502 2522 5555 ἐπ’
2561 5501 2717 5569 ὅρους
2756 5496 3074 5550 καταλαϐὼν
3099 5534 3112 5556 ,
3156 5493 3340 5562 πρώτα
3380 5492 3474 5558 μὲν
3524 5490 3694 5548 οὕτως
3747 5486 3822 5546 ώς
3867 5481 3985 5551 εἶχε

2439 5589 2606 5660 θυμοῦ
2633 5590 2858 5656 πληγαῖς
2893 5587 3216 5641 κατακόπτει
3241 5598 3255 5613 ⁸
3285 5585 3468 5635 ἔπειτα
3495 5581 3586 5648 τῆς
3612 5578 3780 5644 κόμης
3814 5575 3983 5643 α”ιτξζν
