4270 6428
278 375 389 439 309

1418 371 1761 434 MARTYRI
1776 370 1887 433 ΗΜ
1925 372 1984 431 S.
2033 370 2431 432 BARBARiE.

3438 378 3542 440 3U)

274 485 603 555 ὶαὸόμενσς,
640 486 732 538 καὶ
769 484 905 554 πρὸς
954 486 1076 556 βίαν
1109 486 1310 551 ἕλκων,
1346 486 1466 556 τότε
1502 486 1600 555 μὲν
1633 485 1864 556 οἰκίσκῳ
1894 486 1935 545 Α

1853 507 1864 534 ι
1894 486 1935 545 Α
1970 484 2142 539 ribus.
2168 483 2373 540 Deinde
2391 500 2510 540 eam
2525 498 2677 539 coma
2704 483 3124 555 apprehendens
3147 496 3201 543 et
3227 488 3277 540 vi
3298 486 3539 548 trahens.

278 578 481 648 βραχεῖ
530 579 889 643 κατακλείει,
956 579 1205 648 φύλακας
1274 580 1577 649 έπιστήσας
1620 580 1717 632 καὶ
1764 576 1863 647 τὴν

271 668 453 737 θύραν
508 671 806 737 σφραγῖσιν
860 668 1311 739 ἀσφαλισάμενος
1338 665 1499 722 ἐἶτα
1543 669 1635 721 καὶ
1684 666 1864 736 πολλῷ

274 761 355 833 τῷ
381 762 537 833 τάχει
569 762 706 831 πρὸς
734 762 825 815 τὸν
858 762 1105 832 ἡγεμόνα
1146 761 1468 831 Μαρκιανὸν
1509 761 1861 829 ἀφικόμενος,

274 856 336 918 ὃς
366 855 469 927 τὴν
501 854 679 927 ἀρχὴν
704 856 829 909 τότε
863 856 976 909 τῶν
1009 857 1194 910 ἐκεῖσε
1221 856 1431 909 διεῖπεν
1457 896 1472 919 ,
1506 854 1657 925 αύτῷ
1685 856 1864 909 πάντα

275 950 345 1000 τὰ
395 947 491 1000 τοῦ
538 947 875 1018 πράγματος
929 946 1230 1016 καταλέγει
1260 964 1274 979 ο
1301 948 1400 1001 καὶ⁵
1460 947 1521 999 τὸ
1567 945 1865 1014 κεφάλαιον

278 1042 365 1094 ὅτι
398 1040 559 1103 θεοὺς
595 1040 697 1111 μὲν
729 1040 792 1093 τὸ
827 1040 1127 1112 θυγάτριον
1153 1041 1421 1112 ἀρνηθείη
1444 1079 1461 1105 ,
1508 1040 1577 1093 τά
1620 1040 1678 1094 δὲ
1723 1039 1863 1111 Χρι-

281 1134 520 1188 στιανῶν
565 1134 744 1187 ῑλοιτο
776 1135 908 1206 παρ’
949 1133 1140 1188 ἐλπίδα
1186 1135 1375 1206 τιμᾷν.
1411 1133 1599 1189 Ταῦτά
1630 1150 1690 1186 τε
1734 1132 1863 1203 εφη,

281 1228 383 1279 καὶ
440 1225 691 1295 ἀγαγὼν,
754 1230 945 1298 χερσὶν
990 1228 1164 1298 αὐτὴν
1214 1227 1433 1281 Ικδοτον
1474 1227 1598 1291 ταῖς
1650 1225 1864 1279 ἑκείνου

282 1323 453 1386 ποιεῖ,
475 1323 618 1374 κατά
632 1320 743 1375 τῶν
762 1321 907 1375 ίδίων
920 1321 1169 1392 ὁρκώσας
1193 1320 1331 1374 θεῶν
1346 1319 1424 1391 μὴ
1435 1318 1728 1389 φείσασθαι
1741 1317 1865 1373 τοῦ·

280 1432 374 1467 τον
406 1415 505 1484 τῆς
522 1414 793 1487 θυγατρὸς
812 1414 878 1487 (ὣ
900 1416 1223 1486 σπλάγχνων
1245 1413 1557 1485 πατρικῶνί
1580 1414 1610 1466 δ
1638 1412 1863 1483 πατὴρ),

281 1506 420 1558 ἀλλά
473 1507 569 1559 καὶ
618 1506 905 1576 βιαιότατα
968 1505 1269 1577 μετελθεῖν,
1312 1505 1405 1559 καὶ
1436 1504 1695 1574 βασάνοις
1740 1504 1868 1558 ἀνα·

282 1599 457 1653 λῶσαι
482 1601 917 1669 χαλεπωτάταις.

358 1693 454 1757 ς’.
510 1692 569 1745 '0
618 1694 803 1746 τοίνυν
865 1693 1188 1761 Μαρκιανὸς
1229 1692 1583 1761 δικαστήριον
1633 1690 1865 1754 καθίσας

288 1782 481 1846 εὐθὺς,
526 1785 620 1836 καὶ
672 1783 773 1851 τὴν
801 1782 966 1851 ἀγίαν
1003 1784 1531 1856 παραστησάμενος,
1563 1782 1627 1836 τό
1669 1798 1729 1835 τε
1771 1779 1865 1835 τοῦ

282 1877 453 1946 ἡθους
494 1876 634 1945 ὁμοῦ
688 1877 921 1946 κόσμιον
962 1877 1056 1930 καὶ
1099 1876 1158 1931 τὸ
1184 1877 1279 1946 τῆς
1330 1874 1547 1947 μορφῆς
1580 1874 1865 1943 πάγκαλον

287 1967 655 2035 θεασάμενος,
689 1968 798 2020 τῶν
828 1968 921 2022 τοῦ
955 1968 1166 2038 πατρὸς
1210 1970 1391 2037 ὅρκων
1440 1966 1863 2037 ἐπιλαθόμενος,

283 2059 596 2130 θαυμάζειν
646 2062 768 2113 τότε
833 2062 1037 2129 μᾶλλον
1097 2060 1128 2130 ἦ
1184 2060 1435 2123 κολάζειν
1498 2060 1720 2129 ’ἕτοιμος
1773 2053 1862 2133 ἦν.

286 2152 477 2220 Ταύτῃ
534 2149 668 2216 γοῦν
713 2151 809 2202 καὶ
871 2153 1085 2220 ῥήμασι
1135 2151 1550 2223 χρηστοτὲροις,
1581 2150 1866 2220 υίκτειρον

286 2245 557 2317 σεαυτὴν,
590 2247 801 2312 ελεγεν,
831 2239 878 2299 ὦ
906 2244 1189 2314 Βαρϐάρα,
1224 2245 1320 2297 καὶ
1356 2245 1477 2315 μεθ’
1515 2244 1673 2313 ἡμῶν
1704 2242 1866 2298 θῦσαι

285 2340 405 2401 τοῖς
474 2338 617 2400 θεοῖς
686 2337 1122 2407 προθυμήθτίτυ
1155 2336 1228 2398 ὼς
1275 2336 1449 2403 ἔγωγε
1484 2337 1718 2407 κήδομαί
1772 2352 1865 2389 σου

288 2434 388 2484 καὶ
424 2432 683 2501 βασάνοις
715 2432 914 2494 κάλλος
954 2430 1215 2484 τοσοῦτον
1252 2430 1548 2484 ὑποϐαλεῖν
1588 2430 1863 2500 φείδομαι.

290 2523 355 2576 Ei
388 2524 445 2575 δὲ
474 2522 549 2593 μὴ
599 2522 915 2591 πεισθείης,
967 2522 1084 2576 ἀλλ’
1125 2523 1222 2592 ἐμὲ
1260 2521 1573 2593 χρήσασθαί
1629 2538 1712 2575 σοι
1771 2539 1867 2575 κα-

288 2618 668 2684 ταναγκάσεις
720 2617 778 2669 τὸ
838 2616 1024 2669 λοιπὸν
1085 2615 1161 2679 ὡς
1224 2617 1285 2669 οὐ
1356 2615 1639 2685 βούλομαι.
1696 2615 1761 2668 Ἦ
1814 2615 1870 2667 δὲ

293 2711 531 2779 μάρτυς,
584 2708 726 2777 Ἐγὼ
748 2707 940 2762 θυσίαν
978 2709 1240 2771 αἰνέσεως
1275 2708 1350 2779 τῷ
1374 2708 1512 2779 ἐμῷ,
1550 2708 1678 2779 ῐφη.
1706 2724 1871 2779 προσ-

286 2806 413 2872 άγω
447 2804 589 2873 Θεῷ,
626 2804 684 2866 ὃς
731 2803 963 2873 οὒρανόν
994 2820 1053 2855 τε
1090 2803 1183 2855 καὶ
1249 2802 1353 2871 γῆν
1404 2802 1584 2855 ἔκτισε
1613 2842 1627 2865 ,
1665 2804 1757 2853 καὶ
1805 2801 1873 2855 τὰ

290 2901 352 2949 ἐν
405 2898 592 2959 αὐτοῖς
648 2897 888 2951 ἅπαντα.
945 2894 1081 2964 Περὶ
1132 2894 1187 2946 δὶ
1240 2895 1350 2947 τῶν
1387 2894 1655 2963 ματαίων,
1705 2894 1869 2963 φημὶ,

295 2988 435 3040 ί-εῶν
480 3004 574 3039 σου
630 2986 954 3057 προείρηται
1006 2988 1106 3053 μὲν
1152 2986 1213 3038 ὲν

300 3081 467 3134 Δαυῖδ
498 3082 577 3134 ὅτι
610 3100 627 3131 ε
662 3082 743 3133 Τά
791 3080 991 3133 εἴδωλα
1029 3078 1137 3133 τῶν
1186 3078 1357 3132 έθνών
1414 3077 1679 3147 ἀργύριον
1729 3095 1747 3128 ι
1782 3078 1874 3128 καὶ

1968 588 2100 634 tunc
2129 577 2355 649 quidem
2405 578 2637 634 includit
2679 580 2731 632 in
2765 595 2929 647 parva
2966 577 3323 643 domuncula,
3364 581 3541 649 impo-

1968 686 2107 726 nens
2141 670 2420 734 custodes,
2471 681 2523 726 et
2559 672 2762 726 ostium
2815 671 3082 726 obserans
3126 682 3182 725 et
3215 673 3536 742 obsignans.

1967 764 2177 819 Deinde
2207 765 2374 820 etiam
2424 779 2619 835 magna
2664 764 2948 820 celeritate
3000 767 3230 819 veniens
3276 764 3340 819 ad
3404 782 3545 835 prir-

1965 857 2140 913 sidem
2177 856 2530 920 Martianum,
2576 857 2668 927 qui
2700 866 2828 913 tunc
2859 858 2971 913 illic
3000 860 3222 929 gerebat
3257 860 3543 929 magistra-

1968 958 2105 1010 tum,
2144 947 2311 1003 refert
2367 949 2419 1004 ei
2456 963 2572 1004 rem
2630 963 2870 1004 omnem.
2916 949 3143 1011 Summa
3179 960 3364 1004 autem
3397 959 3541 1013 erat,

1966 1041 2112 1110 quod
2148 1040 2285 1096 deos
2304 1040 2525 1111 quidem
2555 1050 2808 1112 negasset
2842 1042 2969 1105 illia,
3002 1058 3089 1098 res
3115 1057 3246 1096 vero
3273 1043 3541 1098 Christia-

1967 1149 2167 1190 norum
2192 1134 2445 1205 elegisset
2476 1142 2671 1203 praeter
2703 1150 2855 1204 spem
2887 1135 3181 1191 honorare.
3228 1132 3353 1190 Haec
3382 1135 3541 1196 dixit,

1966 1234 2023 1281 et
2044 1223 2340 1280 adductam
2376 1224 2543 1280 tradit
2572 1225 2629 1281 in
2658 1240 2853 1281 manus
2890 1225 3057 1291 illius,
3089 1241 3212 1280 cum
3240 1240 3366 1280 eum
3390 1226 3546 1294 prius

1967 1320 2241 1390 adegisset
2300 1329 2669 1383 sacramento,
2726 1335 2836 1374 non
2895 1334 3185 1390 parsurum
3241 1334 3363 1374 esse
3395 1319 3539 1379 tiliae.

1969 1416 2025 1486 (o
2058 1424 2280 1485 paterna
2312 1415 2543 1479 viscera,
2588 1418 2792 1485 pater!)
2841 1416 2933 1471 sed
2991 1415 3385 1470 violentissime
3420 1412 3539 1469 eam

1967 1521 2089 1563 esse
2119 1516 2501 1569 tractaturum,
2539 1519 2595 1561 et
2639 1523 2762 1563 esse
2804 1507 3145 1578 gravissimis
3186 1515 3546 1576 consumptu-

1970 1614 2089 1654 rum
2115 1602 2417 1673 suppliciis.

2040 1692 2126 1747 Vl.
2152 1693 2447 1749 Martianus
2493 1711 2623 1765 ergo
2647 1710 2773 1750 cum
2803 1696 2993 1750 sedere
3040 1696 3295 1764 protinus
3327 1693 3546 1749 fecisset

1966 1784 2260 1855 judicium,
2318 1796 2373 1840 et
2431 1797 2673 1842 sanctam
2728 1795 2975 1842 curasset
3036 1787 3358 1846 sistendam,
3415 1794 3546 1838 tunc

1970 1892 2183 1931 morum
2220 1878 2624 1947 contemplatus
2675 1880 3040 1943 honestatem,
3092 1888 3147 1933 et
3185 1878 3373 1933 formae
3427 1879 3547 1947 pui—

1969 1969 2357 2034 rbritudinem,
2392 1970 2562 2040 patris
2591 1972 2924 2027 sacramenti
2963 1971 3192 2032 oblitus,
3233 1984 3353 2025 eam
3382 1984 3542 2039 para-

1972 2074 2058 2118 tus
2086 2075 2205 2119 erat
2244 2066 2416 2135 magis
2438 2066 2647 2129 mirari,
2684 2081 2850 2136 quam
2882 2067 3174 2136 castigare.
3211 2064 3301 2118 Sic
3332 2078 3465 2132 ergo
3489 2070 3546 2116 et

1968 2156 2153 2211 verbis
2203 2157 2659 2228 benignioribus:
2716 2158 2976 2212 Miserere
3035 2157 3137 2221 tui,
3210 2153 3460 2217 dicebat,
3514 2169 3547 2205 ο

1969 2248 2230 2313 Barbara,
2294 2260 2659 2321 promptaque
2707 2260 2763 2305 et
2814 2250 2982 2305 alacri
3035 2251 3219 2305 animo
3257 2248 3546 2304 nobiscum

1969 2343 2075 2399 diis
2097 2344 2369 2399 sacrifica.
2401 2343 2536 2398 Nam
2565 2358 2667 2414 ego
2693 2342 2919 2413 quidem
2953 2344 3031 2398 tui
3080 2357 3269 2397 curam
3300 2357 3453 2411 gero.
3487 2350 3545 2394 et

1970 2451 2135 2505 parco
2177 2435 2466 2491 tormentis
2516 2435 2674 2489 talem
2726 2434 3003 2505 subjicere
3048 2434 3544 2505 pulchritudinem.

1974 2528 2070 2583 Sin
2097 2538 2283 2583 autem
2314 2544 2422 2582 non
2458 2529 2729 2597 parueris,
2765 2544 2851 2583 me
2874 2527 3137 2597 deinceps
3166 2542 3330 2598 coges
3359 2534 3411 2580 te
3441 2524 3546 2586 uti,

1972 2632 2027 2677 ut
2066 2622 2204 2677 volo.
2259 2622 2463 2693 lartyr
2514 2631 2738 2677 autem:
2790 2621 2903 2692 Ego
2936 2620 3290 2684 sacriﬁcium,
3348 2619 3549 2691 inquit,

1972 2713 2151 2770 laudis
2188 2714 2300 2771 Deo
2362 2728 2485 2770 meo
2515 2714 2711 2780 oﬂ‘ero,
2743 2715 2837 2786 qui
2869 2714 3075 2771 creavit
3105 2716 3308 2771 celum
3344 2723 3401 2768 et
3442 2723 3553 2768 ter.

1973 2822 2110 2871 ram,
2148 2817 2203 2863 et
2234 2807 2417 2863 omnia
2453 2823 2576 2878 quae
2600 2808 2652 2861 in
2681 2809 2767 2863 eis
2788 2816 2936 2863 sunt.
2988 2808 3063 2863 De
3120 2807 3228 2862 tuis
3262 2823 3413 2867 vero,
3472 2806 3557 2859 in-

1974 2901 2113 2968 quit.
2151 2900 2307 2955 vanis
2355 2898 2461 2953 diis
2522 2899 2848 2968 praedictum
2881 2897 3107 2969 quidem
3145 2906 3232 2953 est
3282 2913 3313 2952 a
3348 2897 3556 2953 Davide

1291 2984 1420 3054 θείῳ
1463 2983 1741 3052 ﬁniti-att
1797 2982 1875 3051 τῷ
1978 2990 2031 3044 in
2067 2988 2255 3044 divino
2294 2987 2543 3057 Spiritu:
2583 3007 2601 3040 ε
2646 2989 2950 3043 Simulacra

1865 2999 1875 3032 ι
1978 2990 2031 3044 in
2067 2988 2255 3044 divino
2294 2987 2502 3057 Spiritu
2533 3005 2543 3039 :
2583 3007 2601 3040 ε
2646 2989 2950 3043 Simulacra
2985 2990 3231 3057 gentium
3266 2998 3551 3057 argentum

1979 3092 2033 3138 et
2089 3097 2308 3143 aurum,
2367 3097 2535 3151 opera
2597 3098 2860 3136 manuum
2923 3082 3211 3135 hominum
3262 3081 3305 3134 ⁸.
3364 3101 3379 3131 ι
3441 3081 3553 3135 Et:

294 3177 541 3248 χρυσίον,
570 3178 703 3243 ἔργα
740 3174 941 3245 χειρῶν
968 3174 1295 3243 ἀνθρώπων,
1329 3190 1347 3223 ι
1376 3172 1470 3224 καὶ
1503 3172 1583 3223 ὅτι
1613 3190 1631 3222 ε
1662 3170 1871 3231 Πάντες
1900 3184 1942 3241 c

1868 3184 1942 3241 rc
1989 3196 2004 3228 ι
2045 3174 2250 3229 Omnes
2281 3174 2356 3228 dii
2415 3174 2657 3245 gentium
2714 3174 3025 3229 dannonia:
3062 3174 3328 3229 Dominus
3372 3182 3554 3227 autem

292 3277 343 3325 οἱ
430 3272 543 3323 θεοὶ
597 3271 708 3323 τῶν
783 3267 959 3320 ἐθνῶν
1065 3265 1342 3335 δαιμόνια.
1391 3284 1407 3313 ι
1466 3263 1735 3332 Σύμφημι
1820 3261 1876 3314 δὲ
1975 3295 1978 3314 ι

1868 3279 1876 3313 ι
1975 3268 2142 3323 caelos
2170 3266 2302 3322 fecit
2328 3268 2371 3322 '.
2407 3285 2425 3318 ι
2460 3267 2529 3322 Ει
2563 3281 2693 3320 vero
2732 3280 2832 3336 ego
2861 3281 3081 3336 quoque
3113 3266 3405 3329 assentior,
3431 3280 3554 3319 esse

1168 3360 1366 3421 αὐτοὺς
1452 3356 1645 3409 ἰλπίδα
1712 3353 1875 3423 κενὴν

590 3364 685 3417 sui.
756 3361 855 3431 τὴν
936 3360 1071 3429 πρὸς

296 3363 456 3433 κάγὼ
487 3404 503 3429 ,

1974 3374 2191 3423 vanam,
2223 3374 2345 3428 qua
2396 3365 2483 3413 est
2514 3359 2569 3412 in
2611 3357 2713 3421 eis,
2768 3372 2945 3427 spem,
2986 3368 3043 3412 et
3094 3357 3311 3411 inanem
3363 3364 3555 3424 aperte

295 3454 440 3511 εἶναι
518 3456 613 3509 καὶ
691 3454 935 3523 ματαίαν
1007 3450 1310 3522 διαρῤήδην
1371 3447 1640 3517 ὁμολογῶ.
1693 3446 1878 3498 Ταῦτα
1975 3472 1981 3500 ‹

1865 3462 1878 3497 ι
1975 3450 2262 3505 conﬁteor.
2323 3447 2448 3504 Hec
2505 3464 2631 3504 cum
2684 3448 2911 3503 dixisset
2962 3456 3189 3519 martyr.
3236 3446 3403 3517 judex
3473 3449 3551 3503 ira

292 3552 394 3618 τῆς
458 3551 738 3617 μάρτυρος
794 3547 1080 3613 είπούσης,
1136 3544 1163 3595 6
1206 3543 1467 3609 δικαστὴς
1526 3540 1660 3609 πρὸς
1709 3541 1880 3613 ὀργὴν

1862 3558 1880 3593 ν
1978 3558 2261 3609 accensus,
2316 3542 2473 3613 jubet
2522 3557 2641 3597 eam
2697 3541 2846 3605 exui,
2887 3550 2942 3595 et
2995 3539 3317 3595 crudelibus
3382 3539 3548 3595 boum

292 3642 573 3711 ἑξαφθεὶς,
598 3638 978 3711 περιδεθεῖσαν
999 3634 1171 3705 αὐτὴν
1196 3634 1410 3688 κελεύει
1442 3634 1640 3702 βοείοις
1666 3632 1878 3702 νεύροις

294 3736 471 3805 ὠμοῖς
538 3734 787 3803 ἀνηλεῶς
849 3731 1302 3796 καταξαίνεσθαι.
1360 3724 1493 3782 Εἶτα
1544 3728 1876 3799 δριμυτέραν

294 3831 434 3899 αὐτῇ
460 3830 564 3900 τὴν
594 3830 851 3897 αἴσθησιν
898 3827 1134 3880 ἐνθεῖναι
1169 3824 1527 3894 βουλόμενος,
1572 3825 1665 3876 καὶ
1704 3822 1877 3891 τριχί.

294 3941 408 3987 νοις
495 3922 818 3990 ὑφάσμασιν
907 3919 1187 3972 ἐπιτάττει
1266 3914 1693 3986 προστρίϐεσθαι
1780 3912 1877 3977 τὰς

298 4017 539 4084 πληγάς.
618 4014 805 4077 Οὕτως
869 4007 967 4066 οὖν
1020 4009 1411 4080 ἀπανθρώπως
1473 4006 1872 4076 αίκιζομένης,

295 4105 534 4173 χαλεπαὶ
590 4102 668 4172 τῷ
723 4102 941 4171 σώματι
990 4101 1085 4152 καὶ
1139 4099 1431 4168 ἀνήκεστοι
1472 4095 1870 4165 ἀνεστομοῦντο

296 4200 496 4265 πηγαὶ,
544 4196 619 4257 ὡς
653 4195 715 4247 τὸ
739 4194 859 4248 ὅλον
884 4192 1077 4260 ἔδαφος
1107 4190 1209 4260 τῆς
1245 4189 1519 4258 παρθένου
1545 4188 1871 4259 περιερῤάν-

296 4289 387 4339 θαι
443 4290 558 4350 τοῖς
608 4286 857 4354 αῖμασιν.
922 4284 1154 4335 Ἔπειτα
1218 4280 1356 4349 μετά
1405 4281 1502 4341 τάς
1551 4278 1766 4348 πληγὰς
1808 4278 1870 4331 τὸ

1977 3635 2164 3690 nervis
2222 3634 2525 3690 crudeliter
2582 3632 2739 3689 cedi.
2838 3632 3046 3688 Deinde
3095 3646 3220 3685 cum
3280 3632 3444 3687 vellet
3502 3633 3553 3687 ei

1974 3724 2191 3780 eﬂicere
2244 3741 2467 3780 sensum
2516 3724 2881 3786 acerbiorem,
2916 3723 3073 3795 jubet
3123 3723 3311 3793 plagas
3364 3722 3551 3778 cilicio

1977 3818 2158 3872 atteri.
2185 3817 2322 3873 Cum
2360 3818 2651 3887 puniretur
2676 3830 2807 3886 ergo
2832 3825 2940 3869 tam
2982 3816 3303 3878 inhumane,
3335 3814 3552 3884 aperie-

1976 3910 2181 3965 bantur
2208 3924 2404 3979 graves
2436 3909 2615 3964 (ontes
2647 3907 2918 3978 corporis,
2955 3905 3096 3961 adeo
3130 3914 3191 3961 ut
3247 3914 3424 3961 totum
3474 3922 3535 3960 so

1975 4002 2088 4057 lum
2146 4001 2471 4073 irrigaretur
2523 4000 2793 4069 sanguine
2855 3997 3105 4069 virginis.
3173 3998 3381 4052 Deinde
3434 4008 3556 4067 post

1981 4094 2211 4149 verbera
2243 4107 2363 4147 eam
2392 4106 2615 4146 carcere
2644 4090 2870 4159 excipit,
2900 4089 3031 4143 dum
3060 4098 3367 4159 occupatus
3406 4102 3553 4145 esset

1982 4199 2183 4253 prases
2203 4184 2257 4238 in
2280 4182 2658 4248 deliberando,
2686 4181 2903 4237 euinam
2934 4181 3205 4252 supplicio
3221 4196 3340 4236 eam
3366 4189 3553 4251 postea

1984 4278 2250 4333 traderet.

295 4381 673 4451 δεσμωτήριον
725 4378 895 4446 αὐτὴν
940 4373 1268 4443 διαδέχεται,
1324 4371 1420 4425 τοῦ
1469 4371 1737 4442 ἡγεμόνος
1795 4371 1933 4443 πρὸς
1970 4370 2254 4441 διάσκεψιν
2291 4370 2773 4441 ένασχολουμένου,
2826 4368 2930 4420 τίνι
2968 4366 3028 4419 τὺ
3077 4368 3216 4437 μετὰ
3255 4368 3427 4422 ταῦτα
3470 4384 3550 4419 τι-

298 4477 482 4548 μωρίᾳ
508 4476 609 4543 τὴν
639 4472 889 4543 μάρτυρι
919 4467 1253 4537 παραδώσει.

367 4569 440 4624 Z'.
489 4565 628 4635 Ἤδη
655 4563 710 4616 δὲ
744 4560 1019 4631 μεσούσης
1049 4557 1264 4620 νυκτὸς.
1300 4555 1417 4623 φῶς
1449 4571 1507 4608 τε
1539 4554 1711 4625 αὐτὴν
1753 4571 1875 4622 φαι-

2057 4551 2165 4607 ἮΙ.
2200 4552 2341 4606 Cum
2372 4558 2555 4607 autem
2587 4552 2695 4621 jam
2729 4557 2872 4607 esset
2897 4567 3002 4607 nos
3030 4554 3228 4616 media,
3264 4553 3353 4607 ina
3383 4554 3555 4623 ipsam

292 4667 420 4734 δρὶν
443 4660 656 4717 ἀνωθεν
695 4656 1056 4727 περιλάμπει,
1088 4655 1184 4706 καὶ
1222 4650 1457 4723 Χριστὸς
1486 4646 1869 4715 ἐπιφαίνεται,
1907 4666 1950 4721 ι)

1865 4687 1869 4706 ,
1907 4666 1950 4721 ι)
1981 4644 2339 4699 circumcirca
2397 4645 2667 4699 illuminat
2700 4659 2728 4698 a
2766 4647 3006 4715 superis,
3050 4655 3106 4699 et
3149 4644 3402 4701 Christus
3456 4663 3551 4715 ap-

293 4759 500 4825 θάρσος
531 4770 587 4805 τε
636 4752 774 4820 αὐτῇ
812 4748 1043 4810 ὶντιθεὶς
1076 4748 1169 4800 καὶ
1198 4744 1267 4797 τά
1298 4742 1357 4808 ἐξ
1388 4738 1692 4810 ἀνθρώπων
1724 4738 1870 4790 κακά

298 4852 375 4917 μὴ
422 4843 653 4897 δεδιέναι
706 4841 844 4901 ὅλως
898 4836 1361 4906 ὶγκελευόμενος’
1401 4830 1547 4899 Ἐγὼ
1597 4828 1703 4897 γάρ
1751 4828 1867 4895 είμι

297 4941 439 5007 μετὰ
478 4936 601 4999 σοῦ,
641 4934 767 5001 εφη,
810 4932 906 4985 καὶ
943 4929 1049 4982 ὑπὸ
1078 4930 1145 4997 τῇ
1182 4928 1311 4997 σκιᾷ
1340 4924 1447 4979 τῶν
1482 4922 1630 4991 έμῶν
1670 4918 1872 4989 πτερύ-

295 5049 410 5095 γων
438 5028 537 5100 ἔσῃ
572 5024 971 5096 φυλαττομένη.
1005 5020 1164 5075 Οὕτω
1190 5019 1339 5081 τέλος
1364 5012 1509 5086 εῐχον
1537 5016 1586 5067 οί
1621 5012 1752 5083 πρὸς
1774 5010 1871 5079 τὴν

298 5126 559 5195 μάρτυρα
583 5119 677 5172 τοῦ
714 5116 947 5187 Χριστοῦ
972 5114 1142 5181 λόγοι,
1171 5112 1264 5164 καὶ
1298 5110 1358 5163 τὸ
1392 5109 1482 5163 τοῦ
1524 5108 1746 5161 Ἠσαῖου
1779 5104 1870 5156 ἐπὶ

294 5219 438 5286 αὐτῇ
476 5220 643 5283 πέρας
677 5209 791 5280 εἶχε
816 5248 829 5271 ,
890 5209 1027 5278 ταχὺ
1057 5206 1168 5260 τῶν
1199 5204 1444 5273 ἰαμάτων
1472 5198 1877 5254 άνατειλάντων

296 5312 463 5378 αὐτῇ.
498 5308 590 5360 καὶ
622 5306 731 5358 τῶν
764 5301 1010 5372 πληγῶν,
1039 5301 1233 5367 ὥσπερ
1259 5295 1318 5359 ιε
1348 5293 1523 5364 ἀρχῆς
1554 5291 1687 5362 μηδὲ
1731 5305 1879 5357 γενο-

302 5404 501 5471 μένων,
560 5394 945 5448 άπελαθέντων
993 5388 1087 5441 τοῦ
1132 5388 1403 5455 σώματος.
1462 5383 1621 5450 Χαρᾶ
1669 5379 1726 5432 δὲ
1776 5379 1876 5448 τὴν

298 5496 465 5563 ἀγίαν
496 5487 610 5560 εἷχε
659 5492 750 5542 καὶ
798 5486 1141 5553 ἀγαλλίασις,
1202 5478 1509 5548 εὐφροσύνη
1564 5493 1621 5526 τε
1660 5474 1875 5535 αἰώνιος

305 5589 446 5655 ὑπὲρ
495 5583 736 5652 κεφαλῆς
772 5578 962 5646 αὐτῆς,
1006 5577 1067 5629 τὸ
1094 5575 1187 5627 τοῦ
1244 5572 1446 5625 ΙΙσαῖου
1485 5570 1646 5623 πάλιν
1680 5570 1873 5619 εἰπεῖν.

307 5679 449 5747 Γυνὴ
480 5678 537 5730 δέ
566 5693 651 5736 τις
698 5671 954 5740 θεοσεϐὴς
1001 5670 1094 5721 καὶ
1148 5665 1455 5734 φοϐουμένη
1491 5666 1583 5713 τὴν
1627 5661 1827 5726 Κύριον
1858 5702 1869 5717 ,

315 5770 578 5836 ’ἱυυὶιανὴ
612 5770 803 5836 ὄνομα,
839 5768 898 5833 τῇ
932 5766 1169 5833 μάρτυρι
1199 5761 1313 5813 τότε
1347 5756 1596 5818 συνοῦσα,
1628 5754 1873 5805 ias-.1112,

381 5892 396 5913 ⁵
428 5885 565 5939 l’sal.
607 5900 732 5939 I‘.\|||
794 5884 813 5936 ί
918 5883 935 5908 ⁸
970 5881 1108 5936 Ρδλι.
1152 5892 1270 5928 κη’.
1304 5875 1354 5923 3'.

1982 4745 2156 4805 paret,
2192 4736 2285 4805 qui
2315 4748 2369 4790 et
2419 4738 2470 4790 ei
2522 4736 2758 4791 addebat
2805 4738 3073 4799 animum,
3139 4747 3195 4792 et
3233 4738 3461 4807 jubebat
3498 4751 3557 4794 ut

1982 4831 2132 4885 nullo
2163 4830 2324 4885 modo
2382 4831 2599 4886 timeret
2639 4832 2777 4885 maia
2832 4832 3115 4885 hominum
3157 4849 3169 4881 :
3211 4832 3324 4900 Ego
3384 4834 3553 4895 enim,

1983 4923 2182 4993 inquit,
2212 4937 2331 4976 sum
2364 4936 2565 4984 tecum,
2598 4932 2654 4976 et
2685 4922 2993 4976 servaberis
3025 4922 3127 4977 sub
3186 4921 3379 4975 umbra
3443 4924 3557 4976 ala-

1986 5029 2106 5067 rum
2161 5029 2427 5068 mearum.
2487 5013 2740 5069 Nondum
2782 5013 2943 5068 linem
2998 5022 3327 5081 acceperant
3365 5015 3550 5076 verba,

1983 5120 2103 5176 quae
2129 5104 2333 5160 tlehant
2362 5107 2610 5178 martyri,
2633 5116 2687 5161 ct
2720 5104 2864 5175 quod
2899 5105 2967 5159 ab
3001 5105 3137 5161 Isaia
3159 5105 3367 5160 dictum
3400 5118 3485 5161 est
3513 5109 3552 5170 ⁵,

1979 5200 2033 5253 in
2058 5213 2121 5253 ca
2163 5208 2245 5253 est
2288 5208 2749 5252 consummatum.
2792 5196 2924 5251 Nam
2954 5212 3078 5251 cum
3114 5198 3223 5249 cito
3246 5196 3294 5249 ei
3349 5210 3555 5253 exorta:

1976 5298 2161 5345 essent
2198 5294 2533 5351 curationes,
2573 5296 2629 5343 et
2660 5290 2849 5358 piagaa,
2891 5298 3147 5358 tanquam
3180 5304 3287 5343 non
3324 5289 3557 5344 fuissent

1976 5384 2045 5436 ab
2075 5384 2250 5446 initio,
2291 5398 2319 5437 a
2360 5396 2594 5451 corpore
2621 5383 2866 5452 expulsa:
2906 5392 3118 5447 essent,
3151 5380 3417 5450 gaudium
3472 5391 3558 5437 te-

1977 5475 2095 5529 nuit
2122 5486 2367 5529 sanctam
2393 5484 2447 5528 et
2479 5475 2796 5533 exsultatio.
2830 5486 2883 5527 ct
2926 5474 3112 5529 latitia
3150 5482 3355 5529 eterna
3386 5489 3552 5543 super

1974 5576 2136 5636 caput
2178 5568 2322 5635 ejus,
2382 5575 2441 5620 ut
2494 5580 2686 5620 rursus
2726 5564 2927 5626 dicam,
2971 5563 3115 5634 quod
3176 5562 3311 5617 dicit
3367 5562 3551 5617 Isaias.

1984 5659 2177 5713 lilulicr
2210 5669 2395 5713 antem
2442 5659 2687 5726 «ιιιῖειίιιιιι
2721 5657 2828 5726 pia,
2868 5668 2921 5711 ct
2979 5658 3179 5711 timens
3239 5655 3554 5715 Dominum,

1984 5754 2202 5807 nomine
2259 5754 2495 5815 .iuiiana,
2556 5764 2680 5805 tunc
2736 5765 3069 5805 conversatus
3106 5764 3227 5805 cum
3292 5760 3555 5818 martyre.

1437 5874 1452 5893 ‘
1494 5873 1592 5927 lsa.
1626 5886 1758 5925 xxxv
1820 5870 1878 5923 ii
1923 5884 2034 5939 seq.
