4270 6428
743 373 846 438 8H

1981 369 2270 433 MENSIS
2319 369 2755 433 DECEMBER.

3912 371 4013 434 312

741 497 1029 560 postquam
1070 485 1439 551 admirabilia,
1477 486 1599 555 qua
1648 486 1705 539 ln
1741 501 1803 539 ea
1848 485 1991 540 facta
2031 495 2183 552 sunt,
2240 493 2325 540 est
2357 488 2390 545 Α

2429 489 2510 551 είς
2577 485 2748 557 αὐτὴν
2809 484 3130 555 παραδόξων
3181 485 3380 557 θεατὴς
3436 487 3651 555 γέγονε,
3722 484 3818 539 καὶ
3865 486 4012 547 ὅπως

743 580 965 639 lntuita.
1003 587 1060 633 et
1093 577 1557 648 quemadmodum
1587 577 1854 633 continuo
1879 579 2049 648 plaga
2080 594 2321 633 evanueo

741 678 890 730 runt,
943 669 1051 724 Deo
1106 669 1244 724 dans
1292 669 1546 738 gloriam,
1587 678 1645 724 et
1691 669 1864 725 instar
1937 669 2140 724 sororis
2192 685 2320 724 cum

743 772 984 832 martyre
1047 761 1451 825 consentiens,
1525 760 1762 830 seipsam
1838 761 2182 832 praeparabat
2249 760 2320 816 ad

743 857 930 924 plagas
971 863 1027 908 et
1057 853 1294 924 ﬂagella.
1331 852 1541 909 Deinde
1579 869 1704 909 cum
1743 869 1946 925 praeses
1997 854 2067 908 ad
2120 868 2324 909 secun-

743 949 868 1002 dam
930 949 1163 1002 sedisset
1230 948 1716 1009 examinationem.
1776 947 2014 1002 adducta
2066 946 2134 1002 ad
2190 962 2320 1003 eum

745 1051 970 1102 sancta,
1025 1050 1081 1095 et
1134 1043 1254 1095 viso
1309 1041 1619 1096 admirabili
1694 1041 1955 1098 omnibus
2008 1043 2319 1113 spetaculo,

743 1134 890 1203 quod
927 1149 1025 1188 nec.
1067 1133 1206 1188 levis
1253 1135 1556 1204 quidem'in
1591 1136 1713 1206 ejus
1769 1151 1999 1205 corpore
2037 1137 2317 1203 laceratio,

742 1241 924 1296 neque
965 1229 1112 1281 ullus
1141 1228 1302 1283 vibex
1337 1229 1658 1297 apparebat,
1716 1229 1888 1298 judcx
1924 1228 1991 1282 ad
2027 1229 2318 1284 veritatem

743 1330 933 1388 aperte
997 1321 1315 1382 excutiens,
1376 1319 1600 1377 mittens
1651 1337 1858 1393 magum
1914 1323 2009 1378 Dei
2061 1323 2322 1392 potentiae

742 1413 1024 1467 ascribere
1057 1414 1108 1467 id
1151 1414 1296 1482 quod
1333 1415 1536 1469 factum
1563 1416 1764 1479 fuerat,
1795 1428 1850 1471 et
1878 1419 2080 1487 prioris
2114 1419 2238 1473 vitae
2267 1427 2323 1473 et

741 1505 950 1558 erroris
994 1506 1118 1560 duci
1155 1508 1493 1575 poenitentia.
1532 1508 1624 1563 ille
1672 1510 1855 1578 potius
1903 1525 2123 1565 omnem
2170 1511 2324 1565 exuit

745 1597 1034 1665 pudorem.
1069 1608 1124 1652 et
1151 1599 1257 1653 diis
1299 1602 1414 1655 suis
1445 1601 1799 1671 impudenter
1857 1618 1975 1657 eam
2014 1603 2324 1659 attribuens

745 1687 1129 1744 sanationem:
1170 1689 1353 1750 Vides.
1410 1691 1566 1751 dixit.
1601 1706 1634 1744 ο
1666 1690 1924 1753 Barbara,
1963 1693 2324 1761 quemadmo-

743 1775 874 1828 dum
921 1785 970 1830 te
1006 1776 1080 1830 dii
1125 1788 1375 1838 tuentur.
1403 1792 1459 1834 et
1489 1781 1565 1833 tui
1597 1797 1787 1836 curam
1821 1792 2038 1850 gerunt.
2073 1785 2166 1853 qui
2203 1795 2324 1838 tuas

2425 583 2658 650 ἀφανεῖς
2690 585 2752 635 ἐκ
2775 579 2870 635 τοῦ
2907 579 3257 650 παραχρῆμα
3285 579 3636 650 κατέστησαν
3679 578 3737 630 αἱ
3779 576 4014 646 πληγαὶ,

2425 676 2592 731 δοῦσά
2633 692 2692 729 τε
2739 674 2901 740 δόξαν
2954 673 3033 743 τῷ
3075 672 3218 742 Θεῷ,
3264 673 3356 725 καὶ
3403 670 3608 739 ἀδελφὰ
3653 673 3718 740 τῇ
3773 670 4013 738 μάρτυρι

2429 767 2891 839 συμφρονήσασα,
2930 765 3065 837 προς
3106 765 3324 835 πληγὰς
3350 762 3549 834 ἑαυτὴν
3600 763 3697 816 καὶ
3735 761 4013 830 μάστιγας

2426 861 2872 932 παρεσκεύαζεν.
2919 857 3054 915 Εἶτα
3089 859 3223 930 πρὸς
3267 859 3526 927 δευτέραν
3561 856 3794 916 καθίσας
3828 859 3855 907 δ
3883 856 4009 921 ἡγε·

2428 959 2547 1031 μὼν
2601 960 2701 1030 τὴν
2755 959 3024 1026 ἐξέτασιν,
3083 958 3175 1010 καὶ
3229 955 3332 1023 τῆς
3387 955 3551 1020 ἁγίας
3599 951 4012 1022 προσαχθείσης

2426 1050 2599 1121 αὐτῷ,
2649 1050 2744 1104 καὶ
2800 1049 3033 1119 φρικτὸν
3093 1048 3277 1117 θέαμα
3327 1048 3494 1100 πᾶσιν
3553 1042 3858 1112 ὀφθείσης,
3929 1041 4012 1093 ὅτι

2431 1145 2568 1216 μηδὲ
2593 1143 2652 1198 τὸ
2679 1143 2840 1213 τυχὸν
2865 1144 3170 1212 σπάραγμα
3189 1139 3265 1210 τῷ
3290 1141 3504 1209 σώματι
3530 1137 3705 1205 αὐτῆς
3734 1133 4012 1203 ἐδηλοῦτο,

2429 1237 2565 1307 μηδὲ
2613 1235 2823 1307 μὼλωψ
2887 1235 3095 1306 μηδεὶς.
3162 1237 3190 1287 ὁ
3221 1231 3503 1303 δικαστὴς,
3566 1229 3702 1298 φεῦί
3756 1227 4013 1297 φανερῶς

2423 1325 2755 1395 τυφλώττων
2783 1325 2919 1388 πρὸς
2944 1326 3044 1394 τὴν
3075 1325 3360 1395 ἀλήθειαν,
3392 1322 3678 1378 ἀπολιπὼν
3701 1322 3766 1389 τῇ
3798 1317 4012 1387 μεγάλῃ
4041 1369 4046 1373 .

2424 1417 2518 1469 τοῦ
2548 1416 2683 1470 Θεοῦ
2713 1416 2944 1485 δυνάμει
2969 1416 3030 1468 τὸ
3061 1415 3287 1484 γεγονὸς
3315 1413 3667 1484 ἐπιγράφειν,
3705 1411 4012 1480 μετάμεὶὸν

2422 1526 2480 1563 τε
2512 1510 2699 1566 λασείν
2731 1511 2824 1564 τοῦ
2861 1510 3133 1580 προτέρου
3164 1509 3284 1577 βίου
3320 1507 3416 1561 καὶ
3459 1507 3559 1574 τῆς
3603 1505 3820 1573 ἀπάτης
3847 1547 3862 1569 ,
3897 1506 3924 1557 ὁ
3957 1503 4011 1556 δὲ

2426 1604 2520 1658 καὶ
2587 1605 2791 1673 μᾶλλον
2846 1604 3323 1674 ἀπηναισχύντει,
3364 1602 3602 1664 καὶτοῖς
3659 1598 3827 1653 αὑτοῦ
3870 1597 4012 1660 Θεοῖς

2424 1697 2524 1766 τὴν
2577 1696 2724 1749 ἴασιν
2751 1695 3047 1764 ἐλογίζετο,
3095 1695 3211 1758 καὶ,
3251 1695 3441 1762 Ὁρᾷς,
3471 1692 3648 1761 ἔλεγε,
3688 1691 3807 1755 πῶς
3861 1691 4001 1742 ἀντιο

2428 1785 2712 1838 ποιοῦνταί
2749 1803 2844 1839 σου
2877 1788 2924 1838 οἱ
2959 1785 3095 1849 θεοὶ,
3127 1785 3412 1855 Βαρϐάρα,
3454 1787 3550 1838 καὶ
3586 1782 3881 1851 κηδόμενοί
3917 1798 4011 1834 σου

744 1874 929 1943 plagas
959 1883 1248 1927 curarunt.
1277 1873 1373 1928 Cui
1411 1885 1618 1946 martyr
1638 1876 1840 1932 Christi
1873 1896 1884 1930 :
1913 1877 2014 1944 Qui
2047 1851 2323 1943 similiter,
2358 1851 2390 1905 Β

2429 1879 2525 1941 τὰς
2557 1880 2774 1947 πληγὰς
2805 1879 3220 1950 ἱθεράπευσανς
3279 1879 3423 1945 Πρὸς
3451 1877 3510 1930 ὃν
3547 1878 3578 1947 ἠ
3617 1876 3712 1928 τοῦ
3767 1872 4011 1944 Χριστοῦ

744 1967 945 2035 inquit,
989 1977 1155 2036 atque
1193 1978 1270 2030 tu,
1309 1970 1627 2033 caecutiunt,
1656 1980 1711 2025 et
1767 1971 2003 2025 humana
2033 1987 2194 2026 manu
2245 1973 2325 2027 in-

744 2062 932 2129 digcnt
958 2060 1026 2114 ad
1055 2061 1177 2122 hoc,
1209 2071 1266 2115 ut
1290 2064 1662 2131 perducantur
1690 2063 1755 2117 ad
1781 2065 2098 2129 essentiam,
2125 2082 2323 2134 quern-

744 2152 1042 2205 admodum
1097 2155 1201 2206 tale
1265 2153 1395 2222 quid
1454 2164 1754 2221 potuerunt
1811 2155 2033 2211 facere?
2100 2158 2205 2213 Sed
2278 2159 2321 2211 si

743 2247 826 2298 vis
859 2246 1000 2298 scire
1039 2247 1292 2314 quisnam
1354 2247 1442 2309 sit,
1483 2247 1574 2315 qui
1613 2262 1698 2301 me
1755 2251 1989 2314 sanavit,
2027 2260 2110 2305 est
2165 2252 2324 2308 Jesus

745 2338 995 2391 Christus
1026 2340 1169 2394 iiiius
1207 2345 1318 2398 'uei,
1355 2357 1517 2410 quem
1553 2341 1667 2394 ﬁeri
1733 2357 1839 2396 non
1873 2355 2051 2412 potest
2099 2355 2158 2398 ut
2190 2362 2320 2401 con-

752 2434 980 2487 tuearis.
1014 2446 1137 2484 cum
1170 2432 1462 2501 profundis
1491 2433 1734 2489 tenebris
1762 2435 2059 2506 impietatis
2099 2438 2325 2494 orbatus

746 2522 822 2576 sis
871 2524 1040 2577 oeulis
1089 2526 1302 2578 animae.

821 2615 955 2668 Vlll.
991 2615 1085 2669 llis
1135 2618 1317 2674 verbis
1375 2635 1578 2689 praeses
1628 2620 1694 2675 ad
1750 2624 2016 2693 majorem
2057 2640 2322 2681 accensus

745 2709 1114 2772 iracundiam,
1156 2720 1211 2765 et
1263 2727 1371 2766 non
1403 2715 1590 2769 valens
1627 2731 1684 2770 se
1711 2719 2015 2780 continere,
2063 2720 2219 2789 jubet
2256 2722 2324 2774 iis

745 2801 839 2868 qui
865 2800 1116 2861 aderant,
1151 2802 1346 2858 ferreis
1377 2805 1689 2872 pectinibus
1719 2807 1888 2862 latera
1920 2809 2148 2879 virginis
2175 2811 2320 2864 scin-

745 2894 901 2956 dere,
931 2902 988 2949 et
1018 2894 1174 2951 tmdis
1241 2896 1383 2964 ignis
1431 2901 1675 2953 membra
1711 2901 1822 2968 jam
1862 2902 2102 2956 lacerata
2135 2920 2319 2966 urere,

745 2988 944 3043 deinde
999 2989 1164 3043 etiam
1215 2990 1411 3045 malleo
1459 3000 1746 3060 percutere
1794 2996 2168 3049 venerandum
2204 2999 2323 3067 ejus

745 3090 928 3149 caput.
979 3080 1110 3147 Quae
1165 3082 1386 3149 quidem
1448 3100 1571 3138 cum
1634 3086 1921 3141 celerrime
1982 3087 2200 3152 ﬁerent,
2257 3106 2320 3144 ea

743 3175 941 3229 videns
993 3176 1082 3244 pia
1129 3174 1362 3234 Juliana.
1416 3186 1471 3231 et
1515 3177 1699 3231 animo
1738 3194 1882 3249 aegre
1933 3179 2139 3246 ferens,
2195 3199 2318 3247 cum
2349 3192 2390 3249 c

744 3282 852 3320 non
883 3277 1072 3336 posset
1102 3283 1263 3336 opem
1317 3267 1479 3332 ferre,
1514 3269 1746 3325 faciebat
1779 3272 1925 3341 quod
1979 3283 2214 3342 poterat,
2266 3285 2322 3330 et

744 3371 904 3411 suum
939 3357 991 3409 in
1026 3371 1146 3410 eam
1171 3371 1415 3411 amorem
1445 3359 1792 3424 ostendebat,
1827 3361 1964 3416 nihil
1996 3378 2199 3418 curans
2226 3379 2322 3419 eos

744 3448 837 3517 qui
872 3448 1121 3512 aderant,
1163 3463 1264 3502 nec
1295 3451 1619 3518 praesidem,
1661 3453 1756 3508 sed
1812 3456 2013 3510 uberes
2055 3456 2323 3527 lacrymas

743 3541 1035 3596 r-ﬂ‘undens
1083 3557 1151 3596 ex
1205 3544 1402 3599 oculis.
1445 3545 1581 3601 Cum
1645 3561 1766 3601 eam
1826 3562 1959 3618 ergo
2021 3550 2321 3618 aspexisset

742 3631 1066 3698 Martianus,
1111 3645 1167 3689 et
1199 3652 1450 3706 quamam
1484 3646 1632 3693 esset
1685 3638 1991 3704 didicisset,
2027 3650 2319 3712 postquam

742 3738 862 3776 ram
892 3739 1113 3794 quoque
1143 3727 1356 3781 audivit
1387 3743 1509 3783 esse
1534 3728 1929 3795 Christianam,
1967 3741 2022 3788 et
2070 3733 2323 3790 Barbara:

744 3818 1124 3872 misericordia
1169 3830 1396 3884 motam,
1423 3822 1607 3878 animo
1639 3825 1986 3894 perturbari,
2019 3827 2172 3898 jubet
2199 3845 2320 3883 eam

743 3927 965 3980 quoque
998 3914 1417 3982 comprehendi,
1455 3927 1511 3970 et
1537 3917 1685 3985 ligno
1720 3919 2008 3988 suspendi,
2061 3931 2116 3975 et
2170 3923 2292 3976 simi

742 4004 870 4057 liter
897 4014 1062 4074 atque
1115 4008 1365 4077 martyri,
1409 4009 1720 4077 pectinibus
1759 4011 1952 4065 ferreis
2002 4012 2172 4068 latera
2206 4014 2321 4069 dis-

743 4096 916 4163 cerpi.
937 4098 1007 4151 At
1040 4098 1209 4153 variis
1238 4099 1460 4168 quidem
1499 4103 1896 4158 certaminibus
1925 4106 2167 4161 exercita
2186 4106 2318 4162 Bar-

746 4190 897 4246 bara.
959 4205 1083 4244 cum
1145 4190 1344 4244 acerbe
1403 4192 1723 4259 laniaretur,
1787 4197 1962 4251 oculis
2016 4199 2067 4252 in
2119 4201 2319 4256 caelum

743 4281 978 4334 sublatis
1005 4301 1017 4335 :
1057 4278 1136 4334 Tu
1160 4285 1325 4347 nosti,
1355 4284 1551 4353 inquit,
1584 4285 2016 4358 Deus,cognitor
2046 4292 2318 4358 cordium,

744 4371 889 4438 quod
928 4383 978 4425 te
1016 4373 1354 4436 desiderans,
1391 4383 1447 4429 et
1496 4384 1621 4428 tuas
1652 4393 1842 4433 amans
1880 4380 2049 4448 leges,
2098 4398 2184 4436 me
2238 4393 2320 4436 to-

748 4474 854 4516 tam
889 4465 982 4517 tibi
1013 4464 1210 4529 obtuli,
1244 4476 1299 4520 et
1329 4481 1358 4520 a
1389 4481 1479 4521 tua
1525 4469 1739 4538 pendeo
1782 4472 2027 4527 dextera.
2059 4473 2138 4527 Tu
2162 4490 2315 4546 ergo,

747 4557 999 4617 Domine,
1044 4573 1114 4611 ne
1151 4572 1235 4611 me
1267 4557 1638 4629 derelinquas,
1674 4563 1770 4616 sed
1801 4580 1888 4619 me
1922 4581 2016 4634 per
2047 4575 2195 4621 tuam
2222 4584 2318 4623 su-

744 4649 945 4717 scipias
985 4648 1449 4715 misericordiam,
1492 4661 1548 4706 et
1592 4669 1691 4707 nos
1730 4655 1919 4710 ambas
1975 4657 2236 4712 confirma
2266 4667 2320 4713 et

743 4739 1062 4804 corrobora,
1110 4749 1169 4794 ut
1222 4758 1442 4796 cursum
1486 4755 1808 4813 praesentem
1853 4763 2161 4818 pergamus.
2215 4747 2320 4804 Sed

744 4831 825 4886 sic
853 4829 1074 4901 quidem
1101 4841 1308 4905 martyr
1335 4834 1538 4890 Christi
1568 4836 1876 4903 Dominum,
1911 4851 2134 4909 propter
2154 4857 2318 4911 quem

746 4925 863 4978 haec
892 4925 1224 4989 sustinebat,
1269 4927 1514 4997 rogabat,
1571 4939 1630 4983 ut
1681 4932 1799 5000 ejus
1847 4933 2052 4986 auxilio
2095 4934 2320 4988 robora-

747 5028 902 5073 retur
933 5028 1143 5074 natura:
1175 5020 1545 5076 imbecillitas.
1605 5022 1824 5078 Sciebat
1859 5025 2006 5078 enim
2040 5042 2164 5080 cum
2197 5043 2320 5083 esse

744 5126 1024 5176 veracem,
1083 5113 1178 5175 qui
1231 5113 1488 5169 dixerat:
1529 5132 1548 5165 ι
1580 5115 1819 5184 Spiritus
1870 5119 2095 5187 quidem
2139 5134 2321 5187 prom-

745 5214 896 5276 ptus,
925 5220 1053 5260 caro
1084 5221 1212 5261 vero
1243 5205 1455 5263 inﬁrma
1489 5208 1530 5261 ’.
1568 5228 1587 5260 ι

811 5469 900 5524 IX.
937 5469 1232 5542 Tyrannus
1260 5482 1466 5540 autem,
1505 5483 1566 5529 ut
1599 5477 1691 5546 qui
1718 5478 1768 5532 ei
1793 5494 1850 5534 se
1879 5481 2104 5534 omnino
2145 5497 2317 5552 oppo-

740 5562 942 5618 sulsset
990 5563 1380 5630 adversarium,
1439 5576 1499 5622 ut
1538 5569 1706 5623 animi
1756 5581 2044 5640 superaret
2091 5572 2312 5628 fortitu-

739 5649 927 5708 dinem
966 5653 1236 5708 malorum
1271 5656 1452 5727 copia,
1487 5662 1836 5716 convertitur
1891 5661 1955 5716 ad
1987 5663 2135 5719 aliud
2179 5679 2308 5736 sup-

815 5835 1025 5891 ‘Mattn
1085 5852 1226 5890 xw.
1274 5835 1352 5892 il.

2432 1972 2639 2042 μάρτυς
2662 1986 2676 2002 °
2711 1973 2773 2024 Oi
2798 1973 3000 2041 ὁμοίως
3028 1989 3111 2023 σοι
3138 1970 3566 2038 τυφλώττοντες,
3607 1969 3734 2037 ἔφη,
3781 1967 3879 2020 καὶ
3909 1969 4011 2021 ἀνο

2429 2068 2705 2138 θρω-ιίνης
2733 2068 2916 2136 χειρδς
2942 2066 3188 2134 δεόμενοι
3231 2067 3367 2135 πρδς
3395 2065 3494 2134 τὴν
3519 2062 3613 2116 τοῦ
3652 2059 3795 2115 εἶναι
3827 2078 4011 2130 παρα-

2429 2161 2638 2228 γωγὴν,
2682 2159 2799 2222 πῶς
2857 2161 2966 2229 ἀρα
3022 2161 3266 2212 τοιοῦτον
3318 2158 3586 2227 ἠδύναντο
3640 2155 3818 2226 δρᾷνς
3866 2154 4012 2206 Ἀλλ’

2426 2255 2471 2306 εί
2500 2254 2590 2305 τὸν
2622 2253 2720 2320 ἐμὲ
2743 2253 3039 2320 ίασάμενον
3059 2253 3205 2313 ὅστις
3229 2250 3311 2318 εἴη
3352 2249 3528 2317 βούλει
3555 2247 3767 2318 μαθεῖν,
3800 2244 4012 2317 Ἰησοῦς

2426 2345 2662 2414 Χριστός
2711 2346 2861 2396 ἐστιν
2891 2345 2918 2396 ὁ
2943 2342 3080 2396 Θεοῦ
3110 2345 3204 2396 τοῦ
3232 2345 3434 2408 ζῶντος
3465 2342 3614 2406 Υἱὸς,
3649 2341 3709 2394 ὃν
3757 2340 3818 2393 σὲ
3846 2340 4011 2393 καθο-

2429 2441 2534 2509 ρᾷν
2563 2440 2842 2508 ἀμήχανον
2875 2436 3032 2505 βαθεῖ
3057 2439 3235 2505 σκότῳ
3261 2437 3588 2506 πηρωθέντα
3623 2437 3723 2506 τῆς
3753 2435 4013 2499 ἀσεϐείας

2423 2534 2549 2593 τοὶς
2584 2531 2678 2600 τῆς
2714 2533 2892 2600 ψυχῆς
2924 2528 3255 2600 ὀφθαλμοὶς.

2502 2625 2584 2678 ιγ.
2630 2625 2755 2686 Τοῖς
2792 2624 2968 2691 λόγοις
2998 2623 3208 2685 τούτοις
3236 2625 3263 2675 δ
3292 2621 3516 2692 ἡγεμὼν
3551 2622 3628 2684 είς
3664 2622 3889 2689 μείζονα
3918 2620 4011 2674 τὸν

2426 2717 2600 2785 θυμὸν
2630 2715 2943 2778 ὲκκαυθεὶς,
2975 2715 3064 2768 καὶ
3111 2714 3244 2784 μηδὲ
3283 2715 3535 2782 κατέχειν
3569 2714 3763 2767 ἑαυτὸν
3793 2709 3902 2775 οἷός
3948 2729 4009 2764 τε

2424 2809 2520 2874 ὢν,
2557 2811 2668 2871 τοῖς
2699 2808 3014 2877 παρεστῶσι
3043 2806 3417 2860 διακελεύεται
3449 2806 3685 2875 σιδηροῖς
3717 2803 3864 2869 ὄνυξι
3907 2806 4010 2867 τὰς

2429 2903 2682 2970 πλευρὰς
2709 2903 2807 2970 τῆς
2843 2901 3116 2972 μάρτυρος
3149 2900 3425 2965 ἀποξέειν,
3465 2900 3602 2969 πρὸς
3637 2899 3693 2952 δὲ
3737 2899 3831 2950 καὶ
3863 2899 4007 2963 λαμ-

2425 2994 2562 3047 πάσι
2608 2994 2780 3062 πυρὸς
2808 2995 2874 3046 τὰ
2905 2993 3016 3063 ἥδη,
3054 2992 3314 3056 ξανθέντα
3348 2993 3457 3044 τῶν
3490 2992 3672 3062 μελῶν
3701 2990 4006 3053 ἐπικαίειν,

2425 3080 2545 3140 εἶτα
2580 3087 2674 3138 καὶ
2705 3084 2889 3155 σφῦρα
2936 3084 3120 3139 παίειν
3163 3085 3262 3154 τὴν
3296 3085 3486 3152 τιμίαν
3526 3083 3698 3152 αὐτῆς
3733 3082 4003 3150 κεφαλήν.

2424 3173 2526 3234 Ὠν
2574 3179 2639 3247 δὴ
2671 3180 2764 3231 καὶ
2814 3178 2887 3240 ὡς
2914 3181 3151 3248 τάχιστα
3192 3178 3588 3248 πραττομένων
3613 3217 3627 3237 .
3674 3178 3703 3246 ἠ
3743 3174 4008 3244 θεοσεϐὴς

2429 3274 2698 3338 Ἰουλιανὴ
2752 3273 3068 3342 καθορῶσα,
3121 3274 3212 3325 καὶ
3259 3272 3358 3340 τὴν
3392 3270 3573 3342 ψυχὴν
3622 3267 3864 3339 ίσχυρῶς
3917 3268 4012 3319 ἀ).-

2424 3369 2620 3437 γοῦςα,
2678 3369 2800 3422 ἐπεὶ
2855 3368 2929 3437 μὴ
2977 3366 3194 3437 βοηθεῖν
3252 3366 3496 3430 ἐδύνατο,
3550 3366 3691 3434 ὅπερ
3746 3359 3814 3432 ἦν
3862 3363 4008 3430 αὐτῇ

2423 3461 2645 3514 δυνατὸν
2678 3462 2875 3525 ἐποίει,
2927 3461 3021 3512 καὶ
3073 3459 3134 3512 τὸ
3181 3459 3404 3526 φίλτρον
3451 3457 3525 3519 ὡς
3561 3453 3706 3525 εἶχεν
3748 3455 3965 3507 ἐδείκνυ
3994 3492 4010 3516 ,

2428 3555 2595 3626 μηδὲν
2631 3556 2740 3607 τῶν
2783 3554 3072 3626 παρόντων
3107 3553 3203 3606 καὶ
3233 3551 3328 3604 τοῦ
3373 3552 3635 3620 ἄρχοντος
3675 3553 4010 3617 ὲπιστρεφο·

2426 3648 2588 3719 μένη,
2617 3647 2734 3702 ἀλλ’
2767 3648 3000 3700 ἀστακτὶ
3027 3645 3086 3698 τὸ
3119 3646 3355 3713 δάκρυον
3385 3644 3491 3695 τῶν
3520 3644 3788 3712 ὀμμάτων
3815 3644 4008 3710 προϊε-

2427 3737 2588 3808 μένη.
2635 3737 2694 3791 '0
2722 3737 3041 3807 Μαρκιανὸς
3068 3736 3182 3800 οὖν,
3221 3738 3299 3797 εἰς
3333 3735 3503 3804 αὐτὴν
3532 3733 3874 3802 ἀποϐλέψας,
3912 3735 4009 3784 καὶ

2426 3834 2552 3902 ἥτις
2589 3834 2678 3903 εἴη
2725 3831 2935 3902 μαθὼν,
2969 3830 3091 3883 ἐπεὶ
3127 3830 3222 3884 καὶ
3256 3829 3429 3898 αὐτὴν
3479 3823 3620 3880 εἶναι
3668 3825 4008 3897 Χριστιανὴν

2424 3928 2617 3998 ἥκουε,
2651 3925 2746 3978 καὶ
2778 3927 2843 3994 τῇ
2878 3923 3015 3993 πρὸς
3054 3923 3155 3993 τὴν
3185 3921 3482 3991 Βαρδάραν
3534 3921 3854 3990 συμπαθείᾳ
3903 3936 4007 3972 πα-

2424 4018 2707 4072 θαίνεσθαι
2784 4016 2884 4086 τὴν
2935 4015 3157 4085 ψυχὴν,
3215 4014 3589 4082 συλληφθῆναι
3653 4013 3747 4066 καὶ
3799 4013 4008 4083 ταύτην

2422 4110 2659 4174 κελεύει,
2721 4110 2817 4164 καὶ
2871 4108 2949 4178 τῷ
3021 4109 3164 4178 ξύλῳ
3220 4105 3727 4176 προσαναρτᾶσθαι,
3789 4109 3884 4159 καὶ
3935 4108 4002 4175 τῇ

2426 4205 2667 4273 μάρτυρι
2701 4199 3106 4271 παραπλησίως
3142 4198 3382 4267 σιδηροῖς
3422 4197 3685 4268 ξυστῆρσι
3715 4196 3813 4259 τὰς
3844 4197 4006 4250 πλευ-

2426 4295 2527 4362 ρὰς
2560 4294 2916 4361 ἀποξέεσθαι.
2960 4291 3022 4346 Ἠ
3076 4293 3172 4361 μὲν
3228 4288 3323 4343 οῦν
3379 4290 3679 4353 πολύαθλος
3739 4291 4005 4359 Βαρεάρα

2421 4385 2608 4448 δεινῶς
2644 4386 2894 4455 ξεομένη,
2928 4382 3065 4452 ὑψοῦ
3098 4383 3153 4436 τὸ
3203 4383 3356 4450 ὄμμα
3400 4382 3658 4452 διὰρασα,
3710 4381 3780 4432 Σὺ
3839 4381 4003 4448 γινὼο

2427 4493 2600 4538 σκεις.
2664 4477 2792 4544 ἔφη,
2839 4476 3252 4544 καρδιογνῶστα
3305 4474 3429 4532 Gaia,
3489 4474 3571 4526 ὃτι
3617 4474 3676 4525 σὲ
3733 4473 4001 4536 ποθοῦσα,

2427 4572 2520 4622 καὶ
2548 4569 2672 4630 τοὺς
2704 4568 2830 4629 σοὺς
2874 4569 3181 4639 στέργουσα
3212 4568 3437 4636 νόμους,
3470 4567 3599 4636 ὃλην
3628 4567 3874 4633 ἐμαυτήν
3919 4584 4003 4619 σοι

2424 4654 2801 4725 προσήγαγον,
2838 4653 3064 4721 καὶτῆς
3106 4657 3203 4722 σῆς
3244 4654 3544 4722 ἀπήρτησα
3591 4653 3794 4714 δεξιᾶς.
3829 4653 4002 4714 Αὐτὸς

2422 4743 2534 4810 οὖν,
2565 4746 2834 4811 Δέσποτα,
2860 4746 2934 4818 μὴ
2959 4745 3332 4815 ἱγκαταλίπῃς
3363 4747 3538 4814 ἡμᾶς,
3569 4744 3686 4796 ἀλλ’
3709 4745 4001 4802 ἀντιλαϐοὖ

2422 4841 2562 4892 κατὰ
2585 4841 2646 4890 τὸ
2673 4831 2820 4899 ἔλεός
2846 4855 2877 4890 σ
2910 4856 2962 4901 υ,
2989 4841 3082 4890 καὶ
3109 4838 3397 4890 τελειῶσαι
3419 4838 3512 4889 τὸν
3535 4837 3775 4905 παρόντα
3799 4836 4001 4905 δρόμον

2422 4931 2742 5000 ἀμφοτέρας
2762 4932 3067 5000 ἔνίσχυσον.
3093 4929 3238 4984 Ἀλλ’
3266 4928 3409 4982 οὕτω
3435 4929 3536 4997 μὲν
3567 4931 3598 5000 ἡ
3633 4928 3725 4980 τοῦ
3754 4927 4000 4997 Χριστοῦ

2425 5023 2633 5092 μάρτυς
2672 5022 2761 5074 τὸν
2788 5023 2854 5075 δι’
2898 5023 2957 5074 ὃν
2989 5021 3162 5075 ταῦτα
3200 5021 3437 5090 ὑπέμενε
3478 5020 3758 5088 Δεσπότην
3811 5019 3995 5086 ἠξίου,

2418 5114 2518 5182 τὴν
2571 5113 2808 5184 φυσικὴν
2852 5114 3143 5167 ἀσθένειαν
3192 5113 3470 5184 ῥωσθῆναι
3536 5115 3600 5182 τῇ
3642 5111 3768 5180 παρ’
3826 5109 3998 5163 αὑτοῦ

2420 5212 2559 5281 ῥοπῇ
2586 5208 2816 5278 δεομένη
2850 5223 2864 5237 ο
2903 5208 3022 5278 ᾔδει
3071 5209 3179 5275 γὰρ
3227 5206 3310 5268 τίς
3362 5208 3390 5259 ὁ
3462 5205 3714 5274 assum;
3754 5204 3998 5274 εἰρηκὼς

2417 5293 2491 5356 ὡς
2528 5312 2546 5345 ι
2585 5294 2660 5346 Τὸ
2693 5295 2792 5362 μὶν
2837 5293 3054 5362 πνεῦμα
3102 5290 3406 5361 πρόθυμον,
3454 5291 3488 5361 ἠ
3540 5289 3598 5344 δὲ
3638 5288 3776 5358 σὰρξ
3825 5286 3996 5340 ἀσθεο

2417 5388 2536 5456 νής.
2578 5407 2596 5440 ι

2485 5478 2563 5532 6'.
2617 5479 2674 5532 '0
2724 5495 2986 5549 τυραννος
3033 5478 3110 5540 δὲ,
3157 5479 3412 5546 καθαπερ
3459 5473 3756 5528 ἀντίπαλον
3797 5472 3997 5526 ὲαυτὶν

2412 5573 2526 5635 τοῖς
2560 5572 2706 5636 ὅλοις
2735 5572 3049 5638 ἀντιτιθεὶς,
3095 5572 3181 5624 ἵνα
3223 5569 3405 5642 ψυχῆς
3451 5568 3673 5639 ἀνδρίαν
3721 5565 3998 5633 ἀλγεινῶν

2411 5667 2622 5738 ήττήσῃ
2661 5666 2971 5739 περιουσία,
3012 5665 3149 5734 πρὸς
3193 5663 3389 5733 ἑτέραν
3439 5662 3556 5732 ἅμα
3599 5661 3864 5732 τρέπεται
3913 5678 3996 5716 τι·
