4270 6428
785 386 893 451 315

786 598 1016 654 etmalis
1033 596 1194 651 simul
1222 595 1560 665 suppeditas,
1589 603 1644 648 tn
1680 608 1902 664 quoque
1936 608 2082 648 nunc
2115 609 2200 648 me
2235 607 2358 663 pre-

787 697 1002 744 cantem
1037 686 1258 749 exaudi.
1294 703 1327 740 o
1357 686 1493 748 Rex,
1529 698 1588 741 ut
1614 687 1707 756 qui
1739 685 1817 739 tui
1849 683 2094 738 nominis
2119 692 2176 739 et
2220 699 2356 738 mete

788 779 1142 834 meminerint
1183 778 1598 841 decertationis,
1627 793 1697 832 ne
1726 777 1994 848 pestilens
2042 777 2268 832 morbus
2299 777 2355 831 in

785 875 906 944 ejus
934 872 1155 926 domum
1208 871 1447 941 ingruat,
1523 885 1704 940 neque
1752 871 1924 926 ullum
1966 871 2115 926 aliud
2162 887 2230 927 ex
2292 871 2359 926 iis

789 981 912 1034 quae
949 972 1182 1034 possunt
1239 965 1564 1034 corporibus
1597 963 1800 1020 aﬂ‘erre
1839 963 2100 1019 damnum
2131 973 2189 1020 et
2240 980 2359 1020 mo-

789 1055 1028 1110 lestiam.
1062 1054 1188 1110 Scis
1241 1056 1410 1119 enim,
1449 1056 1702 1121 Domine,
1751 1072 1854 1113 nos
1880 1073 2006 1113 esse
2057 1074 2253 1115 carnes
2302 1067 2358 1115 et

789 1149 1136 1218 sanguinem,
1159 1163 1324 1219 opera
1346 1149 1794 1205 intemeratarum
1828 1160 2046 1207 tuarum
2074 1169 2357 1220 manuum,

795 1248 851 1294 et
885 1242 1148 1295 honorata
1198 1250 1288 1295 tua
1331 1241 1567 1312 imagine
1596 1251 1653 1297 et
1681 1244 2064 1300 similitudine.
2099 1245 2264 1310 Dixit,
2304 1255 2360 1302 et

790 1347 894 1386 νοτ
928 1331 996 1387 de
1030 1333 1186 1387 caelis
1236 1334 1421 1389 audita
1475 1343 1560 1391 est
1587 1337 2008 1403 admirabiliter,
2058 1339 2126 1395 ad
2159 1341 2360 1395 caelum

790 1437 993 1478 vocans
1024 1422 1194 1491 ipsam
1227 1435 1281 1479 et
1304 1425 1575 1481 Julianam
1622 1429 1826 1482 sociam
1879 1431 2220 1491 certaminis.
2302 1441 2358 1486 et

794 1516 954 1569 simul
986 1516 1252 1585 pollicens
1286 1518 1558 1586 implenda
1604 1535 1690 1582 ea,
1742 1537 1863 1588 quae
1900 1523 2154 1589 petierat.
2209 1524 2360 1578 Hanc

787 1607 1086 1676 jucundam
1123 1624 1309 1664 vocem
1343 1626 1467 1665 cum
1520 1612 1784 1666 audiisset
1815 1611 2070 1678 Barbara,
2122 1614 2227 1668 iter
2273 1615 2359 1668 in-

791 1699 942 1769 gredi
979 1701 1238 1768 perrexit,
1273 1709 1327 1754 et
1349 1701 1510 1756 ductu
1548 1710 1632 1758 est
1667 1703 1732 1757 ad
1756 1704 1937 1759 locum
1970 1705 2053 1760 sui
2079 1707 2359 1763 decessus.

860 1873 953 1929 Xl.
983 1873 1120 1929 Cum
1152 1891 1219 1930 co
1251 1885 1430 1931 autem
1465 1881 1822 1946 pervenisset,
1862 1883 2120 1939 inclinato
2146 1887 2345 1956 capite,
2388 1882 2427 1936 Β

794 1969 1038 2036 paternis
1078 1968 1352 2032 manibus,
1407 1980 1636 2038 paterno
1668 1988 1798 2027 ense
1858 1976 2059 2046 accipit
2107 1992 2362 2034 consum-

793 2061 1128 2122 mationem,
1177 2061 1355 2116 bonus
1420 2062 1631 2119 fructus
1681 2081 1748 2120 ex
1827 2069 1965 2122 mala
2028 2071 2226 2128 arbore
2271 2088 2364 2141 ap-

793 2169 992 2222 parens
1019 2153 1344 2216 manifeste;
1382 2155 1596 2211 Juliana
1647 2174 1867 2228 quoque
1917 2161 2077 2216 simul
2127 2180 2253 2218 cum
2296 2181 2360 2220 ea

798 2245 996 2299 ibidem
1025 2259 1395 2302 consummata
1426 2263 1455 2302 a
1487 2248 1722 2318 quodam
1750 2266 1815 2304 ex
1839 2252 1905 2306 tis
1928 2253 2022 2322 qui
2051 2255 2166 2310 illic
2204 2265 2362 2310 erant

797 2336 1084 2391 militibus.
1119 2337 1176 2391 ln
1207 2353 1274 2392 eo
1322 2349 1506 2394 autem
1537 2341 1682 2404 loco,
1734 2343 1824 2397 ubi
1856 2344 1972 2398 haec
2028 2345 2168 2400 facta
2212 2359 2359 2410 sunt,

799 2430 1025 2498 impium
1051 2445 1269 2499 quoque
1303 2440 1511 2499 patrem
1542 2433 1724 2487 divina
1748 2436 2101 2504 persequitur
2124 2438 2360 2506 iustitia,

794 2538 917 2576 cum
948 2538 1046 2576 nec
1083 2522 1355 2578 modicum
1387 2524 1610 2592 quidem
1649 2525 1737 2579 hic
1781 2537 2151 2596 exspectasset
2202 2531 2364 2585 boni-

796 2624 899 2677 tas,
943 2626 1166 2684 propter
1225 2616 1440 2685 insigne
1497 2617 1715 2680 vitium,
1756 2620 1978 2688 etquod
2025 2622 2172 2676 nulla
2212 2635 2365 2680 esset

797 2720 922 2774 spes
950 2706 1273 2762 curationis.
1313 2706 1354 2760 E
1397 2716 1582 2762 monte
1634 2709 1781 2763 enim
1836 2721 2122 2768 revertens
2171 2713 2366 2771 feritur

798 2796 1046 2857 fulmine,
1076 2805 1131 2852 et
1166 2799 1272 2852 vita
1312 2801 1542 2853 omnino
1574 2801 1847 2869 privatur,
1883 2817 1994 2857 non
2035 2803 2139 2860 hac
2189 2807 2363 2862 solum

799 2886 964 2952 ﬂuxa,
1003 2888 1098 2943 sed
1130 2904 1195 2944 ea
1239 2890 1428 2955 etiam,
1464 2908 1584 2961 qua:
1635 2902 1839 2955 manet,
1884 2895 1975 2949 ille
2020 2911 2149 2951 vere
2200 2899 2368 2954 miser

797 2990 854 3034 et
892 2981 1141 3050 utrisque
1170 2981 1451 3054 indignus.
1485 2984 1706 3039 Transit
1743 2993 1925 3039 autem
1968 2987 2033 3040 ad
2076 2990 2363 3056 praesidem

799 3089 1018 3144 quoque
1044 3075 1371 3130 Martianum
1421 3071 1581 3148 hujus
1630 3078 1896 3134 divinitus
1950 3081 2178 3137 immissi
2228 3084 2368 3152 ignis

800 3167 1057 3236 impetus,
1091 3169 1250 3237 plane
1310 3170 1526 3224 initium
1588 3180 1643 3224 et
1700 3181 1910 3226 certum
1964 3173 2179 3244 signum
2221 3175 2368 3231 illius

2013 379 2297 441 MENSIS
2340 381 2774 447 DECEMBER.

785 514 843 561 et
873 502 1240 560 communiter
1268 500 1384 558 hac
1410 500 1652 572 etiustis
1694 508 1750 555 et
1799 499 2038 572 iniustis,
2086 509 2144 555 ct
2197 499 2357 554 bonis
2386 502 2428 558 Α
2461 516 2471 552 1

1516 500 1652 556 ustis
1694 508 1750 555 et
1799 499 2038 572 iniustis,
2086 509 2144 555 ct
2197 499 2357 554 bonis
2386 502 2428 558 Α
2461 503 2597 555 πᾶσι
2648 502 3152 574 παραστησάμενος
3189 544 3200 566 .

3931 388 4038 450 316

3266 505 3359 559 καὶ
3418 506 3516 569 τάς
3587 503 3771 558 κοινά;
3829 505 4045 561 ταύτας

2461 593 2796 658 ἀπολαύσεις
2829 595 3066 660 δικαίοις
3115 613 3176 650 τε
3214 598 3311 651 καὶ
3349 597 3580 662 ἀδίκοις,
3642 597 3869 665 ἀγαθοῖς
3924 598 4046 665 ἅμα

2462 690 2556 742 καὶ
2598 691 2860 759 πονηροῖς
2890 690 3169 761 χορηγῶν,
3219 691 3382 754 αὐτὸς
3430 692 3524 745 καὶ
3556 692 3652 743 νῦν
3685 688 3820 758 ἐμοῦ
3851 689 4045 757 δεομέ-

2461 797 2561 847 νης
2579 781 2929 846 εἰσάκουσον,
2966 781 3210 852 βασιλεῦ,
3244 783 3336 836 καὶ
3362 781 3420 846 ὃς
3443 780 3629 836 ἀν’τοῦ
3658 780 3752 834 σού
3775 781 4046 847 ὀνόματος

2461 874 2555 926 καὶ
2582 873 2679 942 τῆς
2705 873 2846 944 ιμῆς
2876 873 3155 943 ἀθλήσεως
3197 873 3274 943 τῷ
3300 875 3434 944 οἴκῳ
3475 873 3642 928 αὑτοῦ
3678 871 4036 940 ἐπισκήψεις,

2464 966 2541 1036 μὴ
2570 964 2700 1018 ἀλλο
2725 981 2780 1018 τι
2809 964 2978 1037 μηδὲν
3001 966 3115 1018 τῶν
3132 965 3413 1020 λωϐᾶσθαι
3445 965 3677 1034 σώματα
3710 961 3809 1016 καὶ
3849 963 4044 1015 λυπεῖν

2460 1057 2804 1128 δυναμένων.
2835 1053 2998 1121 υῐδας
3036 1059 3169 1129 γὰρ,
3202 1058 3395 1129 Κύριε,
3427 1059 3510 1112 ὅτι
3535 1059 3737 1128 σάρκες
3759 1057 3920 1126 ἡμεῖς
3946 1059 4045 1108 καὶ

2460 1143 2626 1220 αἷμα,
2657 1152 2870 1222 ποίημα
2900 1152 3011 1205 τῶν
3041 1151 3156 1205 σῶν
3185 1151 3473 1222 ἀχράντων
3499 1151 3704 1221 χειρῶν
3740 1150 3832 1202 καὶ
3865 1149 4042 1200 εἰκόνι

2463 1242 2530 1309 σῇ
2557 1241 2656 1294 καὶ
2684 1241 2947 1311 ὁμοιώσει
2978 1243 3363 1313 τετιμημένοι.
3411 1241 3581 1309 Ἔφη,
3625 1241 3721 1295 καὶ⁵
3754 1241 3906 1309 φωνή
3953 1256 4047 1300 τις

2462 1333 2763 1401 οὐρανόθεν
2793 1333 3117 1404 παραδόξως
3152 1332 3411 1403 ἠκούετο,
3459 1333 3632 1394 αὑτήν
3652 1350 3709 1384 τε
3752 1333 3848 1385 καὶ
3905 1332 4046 1384 Ἰου-

2462 1421 2658 1489 λιανὴν
2707 1421 2806 1492 τὴν
2867 1422 3135 1475 σύναθλον
3193 1421 3577 1490 ικκαλουμένη
3637 1420 3774 1490 πρὸς
3806 1419 4042 1490 οὖρανδν

2463 1513 2558 1567 καὶ
2585 1513 2694 1566 τῶν
2720 1513 3054 1584 αἱτηθόντων
3074 1515 3190 1584 an:
3208 1512 3305 1584 τὴν
3327 1513 3677 1582 ἐκπλήρωσιν
3705 1513 4044 1581 ἀπαγγελλο-

2468 1607 2628 1677 μένη.
2660 1607 2878 1677 Ταύτης
2923 1607 2987 1677 δὴ
3023 1608 3121 1674 τῆς
3151 1607 3414 1674 γλυκείας
3453 1607 3634 1676 φωνῆς
3671 1606 4033 1659 ἑνωτισθεῖτα

2468 1699 2753 1770 Βαρσάρα,
2782 1700 2904 1754 ὀδοῦ
2942 1717 2999 1754 τε
3036 1701 3218 1772 εῐχετο
3251 1741 3265 1768 ,
3303 1701 3396 1753 καὶ
3428 1701 3565 1772 πρὸς
3593 1701 3686 1754 τὸν
3715 1698 3811 1754 τοῦ
3849 1701 4045 1764 τέλους

2464 1795 2632 1846 τόπον
2669 1794 2944 1860 ἐπείγετο.

2525 1888 2626 1943 IA'.
2682 1888 2838 1943 Ἐπεὶ
2862 1888 2919 1942 δὲ
2957 1888 3053 1942 καὶ
3085 1889 3343 1958 φθάσασα
3393 1884 3482 1958 ἧν,
3519 1889 3618 1959 τὴν
3647 1887 3891 1956 κεφαλὴν
3922 1886 4045 1939 κλι-

2471 1999 2626 2046 νασα,
2688 1984 2989 2052 πατρικαῖς
3047 1985 3205 2054 χερσὶ
3267 1983 3345 2053 τῷ
3415 1981 3674 2051 πατρικῷ
3734 1982 3880 2048 ξίφει
3945 1981 4046 2047 τὴν

2468 2075 2753 2128 τελείωσιν
2823 2074 3075 2145 δέχεται,
3133 2075 3348 2143 καρπὸς
3397 2076 3604 2140 ἀγαθὸς
3682 2075 3747 2126 ὲκ
3801 2071 4044 2141 πονηροῦ

2467 2166 2690 2234 δένδρου
2749 2165 3076 2235 παραδόξως
3131 2168 3511 2237 ἀναφανεῖσα,
3581 2166 3678 2220 καὶ
3740 2165 4047 2232 Ἰουλιανῆς

2470 2259 2606 2328 αὐτῇ
2635 2259 2769 2328 πρός
2793 2276 2846 2311 τι
2879 2275 2938 2322 ος
2962 2259 3071 2312 τῶν
3099 2261 3275 2313 tum
3305 2259 3657 2329 στρατιωτῶν
3693 2257 3914 2326 σύναμα
3948 2275 4044 2308 τε-

2471 2346 2810 2416 λειωθεξσης.
2839 2348 2928 2400 Ἐν
2947 2341 3060 2416 ᾧδὲ
3085 2348 3257 2402 ταῦτα
3284 2349 3473 2415 γέγονε
3503 2348 3703 2401 καὶτὸν
3735 2347 3906 2412 ἀσεῦἦ
3934 2363 4045 2397 πα-

2470 2441 2602 2508 τέρα
2624 2441 2656 2509 ἠ
2678 2439 2800 2493 θεία
2831 2440 3039 2510 μέτεισι
3065 2440 3211 2510 δίκη,
3238 2441 3370 2509 μηδὲ
3397 2439 3568 2509 βραχὺ
3589 2437 3687 2508 τῆς
3705 2437 4046 2506 ἀγαθότητος

2471 2533 2708 2587 ενταῦθα
2737 2534 3148 2603 περιμεινὰσης
3177 2532 3267 2586 διὰ
3307 2531 3507 2594 κακίας
3548 2531 3768 2593 πάντως
3801 2528 4046 2598 ὑπερσοο

2474 2627 2570 2696 λὴν
2597 2625 2692 2680 καὶ
2719 2625 2916 2688 ἰάσεως
2943 2624 3344 2694 ἀπαγόρευσιν.
3364 2623 3635 2678 Ἐπανιὼν
3662 2624 3771 2693 γὰρ
3798 2624 3910 2676 ἀπὸ
3947 2623 4047 2676 τοῦ

2470 2720 2656 2789 δρους,
2711 2716 2960 2787 κεραυνῷ
3022 2716 3312 2786 βάλλεται,
3368 2717 3467 2769 καὶ
3545 2714 3645 2785 τῆς
3704 2714 3851 2786 ζωῆς
3904 2713 4046 2776 ὅλως

2472 2809 2823 2872 ἐκϐάλλεται,
2882 2807 2942 2861 ού
2972 2807 3074 2875 τῆς
3108 2807 3346 2877 ῥευστῆς
3383 2807 3570 2874 μόνον,
3624 2806 3765 2860 ἀλλά
3804 2805 3899 2858 καὶ
3940 2805 4044 2874 τῆς

2478 2903 2771 2972 μενούσης,
2804 2903 2831 2954 ό
2862 2901 3045 2962 ἄθλιος
3069 2899 3239 2960 ὄντως
3271 2899 3482 2959 ἐκεῖνος
3503 2937 3518 2958 ,
3570 2899 3666 2951 καὶ
3709 2898 4047 2966 ἀμφοτέρων

2474 2993 2712 3056 ἀνάξιος.
2731 2991 2901 3060 Διέση
2933 2991 2990 3044 δὲ
3021 2993 3115 3043 καὶ
3142 2992 3223 3052 εις
3249 2990 3340 3041 τὸν
3369 2988 3613 3058 ἡγεμόνα
3644 2987 3960 3058 Μαρκιανδν
3985 2987 4050 3041 τδ

2473 3085 2569 3138 τοῦ
2637 3083 2905 3154 θεηλάτου
2975 3082 3132 3136 τοῦὂε
3185 3081 3359 3152 πυρὸς
3420 3081 3698 3150 ὅρμημα,
3753 3081 4049 3151 προοίμιον

2473 3177 2645 3247 δήπου
2676 3177 2766 3230 xci
2795 3175 3068 3246 σύμθολον
3086 3172 3422 3245 ἀψευδὲςτοῦ
3447 3173 3614 3226 ἀθλου
3638 3173 3811 3240 πυρὸς
3832 3175 4047 3226 ἐκείνου

803 3259 940 3329 ignis
972 3261 1370 3325 immaterialis,
1420 3262 1513 3330 qui
1570 3263 1748 3331 ipsum
1802 3241 2067 3320 :eternum
2127 3275 2210 3321 est
2263 3283 2365 3338 pn-
2398 3241 2489 3323 ca

2360 3298 2365 3308 ν
2398 3241 2440 3300 c
2477 3241 2572 3324 καὶ
2603 3269 2843 3330 αἰωνιως
2868 3241 2880 3246 -
2901 3267 3068 3321 αὐτὸν
3113 3241 3545 3337 τιμωρήσοντος.
3601 3265 3964 3328 Οὑαλεντῖνος
3990 3267 4046 3320 δέ

800 3350 1039 3404 niturus.
1073 3350 1433 3406 Valentianus
1463 3369 1596 3408 vero
1632 3355 1720 3408 vir
1745 3355 1969 3424 quidam
2015 3359 2138 3426 pius
2177 3369 2235 3413 et
2279 3375 2367 3415 re-

803 3442 1048 3512 ligiosus.
1076 3459 1200 3498 cum
1235 3454 1532 3515 martyrum
1569 3462 1722 3500 sacra
1765 3447 2081 3503 sustulisset
2115 3465 2365 3519 corpora,

801 3544 856 3589 et
883 3535 1076 3599 sacris,
1111 3545 1172 3589 ut
1209 3537 1516 3605 oportebat,
1559 3537 1884 3594 bonorasset
1917 3540 2165 3603 canticis,
2189 3549 2254 3595 ea
2282 3541 2368 3610 pie

801 3633 856 3679 et
879 3624 1181 3680 honoriﬁce
1208 3626 1435 3695 deponit
1478 3629 1529 3680 in
1561 3627 1704 3691 loco,
1731 3628 1825 3697 qui
1857 3629 2059 3684 dicitur
2088 3629 2365 3696 Gelassns,

802 3715 894 3785 qui
964 3715 1119 3770 abest
1186 3715 1478 3771 duodecim
1533 3718 1865 3774 milliaribus
1931 3719 1999 3774 ab
2064 3719 2369 3786 Euchaitis,

805 3807 1124 3862 morborum
1189 3809 1500 3874 medelam,
1557 3812 1865 3866 animarum
1922 3812 2367 3876 exsultationem,

803 3898 1021 3968 piorum
1048 3901 1297 3954 virorum
1340 3903 1630 3956 amabilem
1666 3902 2114 3960 delectationem.
2142 3904 2222 3958 Ad
2255 3904 2372 3976 glo-

804 3991 939 4045 riam
970 3991 1173 4046 Christi
1209 3992 1323 4046 veri
1362 3992 1454 4048 Dei
1495 3995 1688 4059 nostri,
1760 4011 1922 4066 quem
1980 3997 2136 4051 decet
2171 3996 2371 4064 honor,

805 4082 1073 4152 potentia,
1118 4085 1372 4154 maiestas
1424 4093 1481 4138 et
1511 4086 1936 4156 magniﬁcentia,
1971 4101 2117 4140 nunc
2145 4094 2200 4141 et
2231 4101 2373 4143 scm-

807 4187 924 4243 per,
954 4182 1010 4228 et
1048 4173 1107 4230 in
1139 4175 1336 4232 secula
1365 4177 1716 4258 saeculorum.
1746 4178 1943 4234 Amen.

2474 3379 2560 3425 τις
2591 3361 2826 3430 εὺσεσὴς
2859 3360 3006 3430 ἀνὴρ
3037 3359 3131 3412 καὶ
3161 3356 3432 3427 φιλόθεος,
3477 3356 3802 3426 ἀνελόμενος
3833 3356 3903 3408 τὰ
3931 3357 4044 3409 τῶν

2471 3453 2767 3524 μαρτύρων
2822 3450 2943 3522 ιερὰ
3003 3451 3230 3519 σώματα
3290 3449 3383 3503 καὶ
3440 3449 3605 3518 ἱεροῖς
3663 3449 3910 3518 ᾅσμασιν
3965 3449 4042 3511 ὡς

2467 3545 2577 3599 ἔδει
2613 3547 2878 3615 τιμήσας,
2907 3546 2965 3597 εν
2997 3542 3185 3613 χωρίῳ
3228 3540 3504 3595 Γελασσδν
3550 3541 3899 3610 καλουμένῳ,
3941 3541 4044 3594 δώο

2465 3640 2598 3693 δεκα
2654 3638 2859 3708 μιλίοις
2907 3636 3190 3706 Εὑχαῖτων
3226 3633 3492 3703 ἀπέχοντι
3520 3672 3536 3698 ,
3580 3633 3800 3702 σεμνῶς
3842 3651 3902 3686 τε
3947 3636 4042 3686 καὶ

2473 3725 2741 3796 θεοφιλῶς
2773 3725 3123 3794 κατατίθησι,
3156 3723 3328 3777 νόσων
3353 3722 3516 3793 ῐαμα,
3554 3720 3745 3789 ψυχῶν
3785 3723 4044 3790 ἀγαλλια-

2473 3835 2573 3889 μα,
2611 3815 2881 3886 φιλοθιων
2921 3814 3134 3887 ἀνδρῶν
3159 3813 3486 3884 εντρύφημα
3528 3812 3932 3882 πολυέραστον,
3963 3818 4043 3878 εἰς

2469 3907 2631 3973 δόξαν
2663 3906 2906 3979 Χριστοῦ
2939 3905 3033 3959 τοῦ
3068 3902 3330 3974 ἀληθινοῦ
3374 3900 3512 3955 Θεοῦ
3558 3902 3719 3972 ήμῶν
3761 3896 3804 3968 ᾦ
3843 3905 4044 3972 πρέπει

2468 3999 2628 4072 τιμὴ,
2667 3999 2894 4071 κράτος,
2949 3996 3314 4069 μεγαλωσύνη
3353 4010 3414 4048 τε
3450 3995 3545 4048 καὶ
3596 3997 4043 4066 μεγαλοπρέπεια

2469 4089 2566 4146 νῦν
2621 4092 2716 4144 καὶ
2771 4092 2857 4144 ἀεὶ
2905 4091 3002 4144 καὶ
3066 4091 3146 4152 εις
3202 4087 3333 4152 τοὺς
3390 4087 3598 4150 αιῶνας
3646 4085 3758 4140 τῶν
3805 4087 4042 4146 αἰώνων,

2493 4183 2670 4251 Αμήν.
