4270 6428
844 395 950 456 3ὶ9

2051 383 2328 446 MENSIS
2364 383 2784 446 DECEMBER,

3961 391 4068 456 320

842 508 1028 559 vinum
1063 504 1365 567 Nicolaum,
1403 511 1576 558 mater
1626 510 1802 557 cessat
1831 517 2042 571 parere,
2098 504 2302 555 sterilis
2324 501 2392 554 ab
2420 499 2464 555 Α
2493 495 2522 547 λ

2376 499 2464 555 )Α
2493 495 2620 559 λαος
2664 494 2754 566 ἦν,
2806 498 2899 551 καὶ
2931 499 3066 567 ὁμοῦ
3103 500 3342 554 πεδεῖται
3396 502 3494 565 τὰς
3539 502 3732 564 ὠδῖνας
3767 506 3797 571 ἡ
3847 504 4062 573 μήτημ

843 596 936 649 illo
984 605 1225 663 tempore
1255 609 1477 648 manens
1507 603 1562 648 et
1592 594 1769 647 nullos
1816 593 2119 661 producens
2164 593 2386 656 liberos,

841 687 1241 756 quo-lammodo
1297 687 1587 754 proﬁtente
1645 695 1840 738 natura
1889 700 1997 736 non
2061 699 2217 752 posse
2271 700 2389 736 eam

841 780 1004 832 alium
1057 778 1319 845 proferre.
1358 777 1461 830 Sed
1513 793 1635 831 cum
1676 793 1800 830 eum
1848 777 2080 845 primum
2131 778 2290 830 simul
2337 787 2392 830 et

845 871 1113 926 ultimum.
1167 884 1486 937 generosum
1517 885 1725 922 ramum
1777 878 1949 921 mater
1979 870 2030 920 in
2063 870 2240 922 lucem
2270 869 2389 922 edi-

842 960 1030 1018 disset.
1090 962 1442 1025 multiplicem
1494 962 1684 1027 spiritu
1715 977 1834 1014 eum
1880 963 2106 1029 conjuge
2156 961 2389 1015 fructum

842 1049 1042 1102 dedere
1129 1051 1389 1102 virtutum
1458 1051 1755 1112 cumulum,
1815 1049 1915 1102 hac
1981 1066 2105 1104 vere
2168 1052 2391 1118 pulchra

840 1141 1151 1210 locupletati
1201 1143 1407 1200 sobole.
1460 1142 1700 1214 Nicolao,
1758 1145 1998 1208 inquam,
2056 1143 2387 1196 admirabili.

842 1230 916 1282 Ex
980 1231 1062 1281 bis
1090 1240 1246 1282 natus
1301 1231 1528 1297 pra-buit
1593 1231 1850 1284 indicium
1920 1248 2028 1285 sua:
2077 1249 2198 1285 cum
2257 1233 2393 1302 Bap-

845 1321 968 1372 tista
1020 1322 1439 1388 conjunctinnis,
1491 1325 1607 1389 ejus
1654 1339 1770 1389 qua:
1821 1323 1996 1390 ipsum
2038 1328 2248 1392 peperit
2284 1335 2392 1380 ste-

843 1412 1125 1466 rilitatem:
1183 1416 1324 1482 quod
1360 1416 1445 1466 ille
1497 1415 1714 1480 quidem
1755 1417 1806 1467 in
1836 1417 2015 1468 lucem
2051 1419 2231 1471 editus
2278 1421 2390 1472 sol-

842 1504 918 1554 vit
970 1505 1152 1555 matris
1224 1515 1472 1556 uterum:
1530 1505 1615 1557 hic
1674 1517 1852 1558 autem
1917 1519 2103 1559 contra
2163 1510 2387 1560 claudit.

842 1592 974 1645 Cum
1036 1603 1216 1644 autem
1270 1605 1548 1660 oporteret
1606 1612 1727 1647 eum
1785 1597 1971 1649 lactari
2034 1607 2092 1650 ut
2131 1599 2389 1651 infantem

846 1691 900 1734 et
947 1684 1204 1737 maternis
1236 1685 1508 1736 admoveri
1543 1685 1821 1746 uberibus,
1857 1687 1944 1740 hic
1984 1703 2200 1756 quoque
2250 1688 2391 1742 Deus

848 1769 1115 1835 signiﬁcat
1169 1772 1342 1838 qualis
1373 1780 1516 1824 esset
1547 1772 1762 1825 futurus
1817 1773 2087 1839 Nicolaus,
2123 1790 2246 1828 cum
2299 1791 2392 1829 ve-

2501 589 2693 654 ἀγονος
2728 589 2787 652 ἐξ
2814 589 3024 644 ἐκείνου
3066 590 3314 658 μείνασα.
3368 594 3532 646 οἱονεὶ
3563 595 3662 663 τῆς
3702 595 3918 662 φύσεως
3951 596 4060 647 ἀπο

2501 680 2872 749 αγορευούσης
2913 682 2976 734 τὸ
3014 684 3088 752 μὴ
3115 684 3358 736 τοιοῦτον
3390 685 3547 738 ἄλλον
3582 692 3938 755 προενεγκεῖν
3969 690 4030 740 δύ
4053 718 4066 729 -

2501 774 2712 826 νασθαι.
2735 773 2893 826 Ἀλλὰ
2927 774 3114 827 τοῦτον
3143 776 3204 844 δὴ
3232 778 3446 845 πρῶτον
3473 780 3589 846 ἃμα
3623 781 3716 830 καὶ
3751 781 4062 833 τελευταῖον

2499 863 2530 929 ὴ
2597 865 2778 933 μήτηρ
2814 865 2906 917 τὸν
2965 867 3158 935 εὖγενῆ
3207 869 3398 921 κλάδον
3451 873 3529 932 εἰς
3575 871 3687 935 φῶς
3738 873 4060 938 ἐνεγκοῦσα,

2499 953 2761 1021 πολύχουν
2793 957 2939 1023 ὅμως
2993 958 3088 1009 σὺν
3131 958 3206 1026 τῷ
3262 961 3478 1028 συζύγῳ
3542 963 3618 1028 τῷ
3675 964 3943 1027 πνεύματι
3975 964 4060 1014 δέ·

2496 1044 2632 1096 δωκε
2663 1045 2753 1096 τὸν
2793 1048 3024 1114 καρπὸν,
3071 1049 3161 1098 τὸν
3200 1049 3307 1100 τῶν
3351 1051 3557 1115 ἀρετῶν
3593 1052 3786 1119 σωρὸν,
3815 1053 3914 1120 τὴν
3951 1053 4060 1103 τῶν

2499 1135 2716 1200 ἀγαθῶν
2750 1136 3045 1202 θάλασσαν,
3098 1139 3189 1189 τὸν
3235 1139 3546 1206 θαυμαστὸν
3579 1143 3635 1191 ὲν
3671 1145 3802 1193 πᾶσι
3858 1143 4061 1212 δηλαδὴ

2499 1227 2780 1280 Νικόλαον.
2814 1228 2908 1280 Ἐκ
2937 1230 3196 1281 τοιούτων
3215 1233 3372 1293 αὐτὸς
3400 1234 3792 1298 γεννηθε“ις,ὼς
3824 1235 4061 1288 ἑοικέναι

2497 1318 2574 1384 τῷ
2604 1317 2875 1385 σπέρματι
2902 1319 2992 1369 τὸν
3027 1320 3259 1389 καρπὸν,
3301 1323 3497 1390 δεῖγμα
3544 1324 3642 1388 τῆς
3675 1326 3805 1390 πρὸς
3839 1326 3928 1374 τὶν
3960 1326 4061 1375 Βα-

2499 1408 2726 1472 πτιστὴν
2771 1409 3100 1476 οἰκειότητος
3159 1410 3255 1477 τὴν
3310 1411 3407 1478 τῆς
3447 1414 3855 1479 γεννησαμένης
3911 1432 4056 1480 παρα

2499 1498 2613 1565 έχει
2642 1503 2950 1560 στείρωσιν.
2994 1501 3097 1549 Καὶ
3131 1503 3238 1568 γὰρ
3272 1502 3298 1552 δ
3333 1505 3430 1569 μὲν
3464 1506 3697 1571 μητέρος
3720 1505 3912 1565 ὠδῖνας
3945 1507 4062 1556 διι-

2498 1589 2612 1641 λῦει
2641 1591 2848 1659 τεχθείς
2872 1608 2886 1622 ·
2917 1586 3070 1653 οὗτος
3097 1593 3149 1644 δὲ
3187 1594 3348 1644 κλείει
3383 1595 3602 1658 ταύτας,
3635 1597 3820 1666 ὥσπερ
3848 1603 3873 1650 ὁ
3904 1599 4060 1662 λόγος

2500 1678 2745 1747 ὕστερον.
2782 1680 2996 1749 Ἐπειδὴ
3021 1681 3077 1732 δὲ
3112 1685 3206 1734 καὶ
3235 1683 3489 1752 θηλάζειν
3515 1686 3676 1737 αὑτὸν
3701 1689 3836 1737 κατὰ
3863 1687 4060 1755 βρέτας

2499 1769 2688 1836 ἐχρῆν,
2721 1771 2816 1822 καὶ
2837 1770 2913 1838 τῷ
2952 1772 3189 1840 μητρῴῳ
3232 1775 3600 1841 παρακεῖσθαι
3636 1776 3823 1844 μαζῷ,
3861 1780 4058 1845 ἐπιση-

848 1861 1014 1913 nisset
1043 1866 1107 1914 ad
1143 1873 1354 1915 :etatem
1389 1881 1505 1930 qua!
1545 1876 1775 1933 saperet.
1816 1867 1948 1920 Nam
2002 1875 2109 1920 tota
2177 1868 2393 1936 quidem
2427 1843 2467 1897 Β
2499 1874 2534 1926 μ

2374 1885 2393 1921 ι
2427 1843 2467 1897 Β
2499 1859 2749 1926 μαίνεται
2797 1861 3073 1914 κάνταῦθα
3115 1863 3241 1925 Θεὸς
3282 1867 3462 1926 ὁποῖος
3498 1866 3648 1916 ἔσται
3677 1867 3940 1928 Νικόλαος
3961 1868 4060 1934 τὴν

847 1949 1181 2004 belidnniada
1234 1955 1465 2006 mamilla
1513 1957 1762 2007 utebatur
1788 1965 1844 2008 ut
1893 1957 2088 2023 infans,
2137 1973 2259 2011 cum
2305 1974 2396 2012 ve-

849 2044 1017 2096 nisset
1059 2054 1235 2097 autem
1274 2056 1498 2113 quartus
1523 2049 1636 2099 dies
1683 2059 1736 2100 et
1782 2048 2097 2112 Parasceve,
2134 2049 2301 2103 semel
2338 2049 2391 2102 in

849 2145 1081 2202 utroque
1132 2154 1315 2189 t'nrum
1372 2141 1452 2191 Iac
1515 2143 1788 2193 sumebat:
1858 2142 2020 2208 idque
2081 2143 2396 2209 vespertino

852 2235 1111 2292 tempore,
1159 2229 1258 2280 sub
1287 2231 1524 2295 perfecta
1557 2232 1736 2297 regula
1772 2233 2032 2284 educatus
2076 2235 2236 2285 etiam
2269 2243 2392 2286 ante

854 2317 1160 2381 pueritiam,
1223 2330 1276 2371 et
1329 2322 1647 2374 familiarem
1695 2322 1797 2374 sibi
1847 2338 1966 2376 esse
2009 2323 2392 2377 abstinentiam

853 2410 1144 2462 ostendens
1192 2412 1259 2463 ab
1308 2413 1483 2466 initio.

919 2673 984 2726 ll.
1035 2673 1168 2727 Cum
1212 2676 1290 2730 sic
1326 2693 1452 2747 ergo
1503 2681 1847 2746 educaretur,
1908 2694 1960 2738 et
1998 2683 2168 2739 bonos
2220 2702 2397 2742 mores

853 2766 1042 2831 partim
1101 2767 1318 2834 quidem
1371 2785 1433 2822 ex
1491 2770 1594 2824 illis
1674 2772 1803 2840 ipsis
1859 2777 2172 2842 parentibus
2220 2781 2398 2847 expri-

853 2864 1042 2914 meret,
1090 2858 1286 2925 partim
1334 2868 1514 2912 autem
1575 2861 1688 2929 ipse
1730 2878 1796 2917 ex
1854 2880 1911 2918 se
1965 2866 2288 2934 produceret
2343 2879 2399 2924 et

854 2950 1076 3011 coleret.
1130 2961 1382 3017 tanquam
1421 2951 1556 3004 bona
1597 2954 1775 3021 aliqua
1822 2966 1878 3010 et
1926 2972 2184 3025 generosa
2230 2971 2395 3027 trrra,

852 3048 908 3091 et
945 3040 1053 3104 jam
1103 3040 1168 3092 ad
1216 3041 1463 3094 idoneam
1502 3045 1834 3110 pervenisset
1877 3057 2108 3108 :elatem.
2167 3052 2399 3107 traditus

854 3129 954 3181 fuit
1014 3130 1384 3197 grammatico.
1421 3131 1468 3184 ls
1506 3148 1635 3185 vero
1674 3149 1795 3187 eum
1837 3137 2041 3204 optimo
2087 3150 2141 3192 et
2187 3146 2392 3197 acutis-
2424 3174 2468 3234 ρ

854 3219 992 3274 simo
1039 3223 1253 3290 ingenio
1301 3223 1560 3292 plurimas
1607 3225 1921 3296 disciplinas
1970 3230 2116 3284 brevi
2160 3243 2399 3303 tempore

855 3313 1205 3380 percepisset,
1266 3314 1426 3369 civile
1483 3318 1701 3384 quidem
1734 3319 2023 3374 etforense
2065 3339 2236 3391 genus
2268 3326 2399 3378 doc-

860 3404 1010 3456 trinae
1039 3406 1261 3470 respuit.
1290 3405 1588 3460 lnsolentcs
1643 3419 1820 3463 autem
1875 3411 2184 3469 sodalitates
2226 3415 2398 3468 decli-

857 3509 992 3547 nans
1057 3504 1113 3548 et
1167 3497 1588 3551 consuetudines
1664 3509 1716 3552 et
1794 3502 2183 3557 collocuiiones
2273 3521 2397 3559 cum

856 3584 1195 3649 mulieribus,
1255 3595 1308 3639 et
1354 3587 1436 3640 vel
1504 3589 1689 3642 oculos
1758 3591 1809 3642 in
1863 3607 1955 3644 eas
2014 3594 2237 3660 injicere
2296 3597 2398 3650 sibi

858 3673 1209 3736 interdicens,
1256 3692 1439 3731 curam
1511 3679 1735 3744 gerebat
1793 3679 1914 3734 vitae
1984 3687 2396 3752 temperantiae:

854 3773 912 3818 et
951 3765 1151 3833 jubens
1195 3768 1374 3822 valere
1438 3778 1689 3823 externas
1736 3775 2200 3841 conversationes,
2262 3776 2403 3830 divi-

856 3855 942 3908 nis
986 3857 1208 3908 omnino
1267 3857 1492 3910 vaeabat
1558 3858 1790 3920 aedibus,
1858 3870 1913 3914 et
1962 3862 2169 3917 malens
2227 3865 2279 3918 in
2319 3867 2400 3921 eis

858 3945 1100 4015 abjeetus
1129 3961 1246 4000 esse
1278 3962 1344 4000 ex
1380 3946 1549 4000 divini
1579 3949 1798 4003 Davidis
1853 3952 2124 4006 sententia
2150 3956 2190 4007 ⁸.
2245 3955 2402 4010 Post-

858 4053 1018 4104 quam
1077 4047 1257 4091 autem
1301 4037 1353 4091 in
1410 4038 1716 4093 divinarum
1769 4039 2166 4109 Scripturarum
2231 4054 2285 4098 et
2337 4047 2402 4101 de

859 4128 968 4180 Deo
1016 4126 1324 4196 dogmatum
1369 4129 1677 4196 cognitione
1728 4132 1858 4185 satis
1926 4132 2277 4201 elaborasset,
2345 4145 2404 4192 et

857 4220 1083 4265 ornatus
1161 4221 1303 4265 esset
1363 4213 1575 4291 gratiis
1633 4214 2147 4283 innumerabilibus,
2241 4238 2404 4276 aecu-

861 4309 1137 4368 ratamque
1194 4312 1247 4354 et
1297 4313 1538 4356 exactam
1599 4306 1723 4360 vita:
1769 4306 1996 4362 formam
2065 4326 2185 4379 qua:
2249 4313 2404 4367 decet

860 4391 1171 4445 sacerdotes
1201 4407 1324 4446 vere
1358 4394 1690 4456 observaret.
1744 4397 1875 4464 quin
1929 4399 2088 4452 etiam
2129 4402 2212 4455 vel
2278 4414 2402 4457 ante

2497 1951 2800 2018 φρονοῦσαν
2847 1952 3063 2019 ἠλικίαν
3097 1954 3515 2023 ἀπολαμϐάνων.
3550 1957 3717 2023 Ὀλης
3785 1957 3885 2024 μὲν
3950 1959 4060 2025 γὰρ

2495 2041 2789 2107 ἑϐδομάδος
2836 2043 2934 2094 ὅσα
2980 2046 3073 2095 καὶ
3115 2043 3314 2112 βρέφος
3344 2048 3409 2115 τῇ
3442 2046 3574 2114 Θηὶῇ
3607 2048 3802 2114 ἑχρῆτο
3825 2064 3836 2074 ’
3870 2049 4058 2114 ἐπειδη

2494 2131 2548 2183 δὲ
2591 2134 2622 2199 ἡ
2661 2133 2856 2201 τετρὰς
2903 2135 3012 2185 τῶν
3069 2137 3314 2203 ἡμερῶν,
3353 2137 3423 2198 ὡς
3459 2138 3514 2189 δὲ
3543 2140 3636 2190 καὶ
3669 2141 3698 2205 ἡ
3728 2140 4059 2207 Ηαρασκευὴ

2499 2227 2699 2293 παρῆν,
2737 2224 2884 2286 ἅπαξ
2923 2227 2980 2276 ὲν
3027 2227 3260 2297 ἑκατέρᾳ
3290 2229 3494 2279 τούτων
3527 2231 3736 2295 μετεῖχε
3765 2229 4057 2292 γάλακτος,

2499 2317 2591 2365 καὶ
2625 2316 2793 2366 ταῦτα
2842 2316 2984 2366 κατὰ
3012 2322 3100 2366 τὴν
3142 2318 3240 2386 τῆς
3283 2320 3518 2384 ἑσπέρας
3554 2323 3764 2386 καιρὸν,
3816 2321 3918 2370 ὑπὸ
3954 2337 4056 2370 κα-

2495 2406 2604 2456 νόνι
2649 2407 2836 2474 τελείῳ
2900 2410 2993 2459 καὶ
3058 2411 3163 2477 πρὸ
3212 2410 3312 2477 τῆς
3372 2411 3630 2478 παιδικῆς
3677 2411 4060 2478 τιθηνούμεκος

2496 2497 2731 2564 ἡλικίας,
2793 2502 2885 2549 καὶ
2940 2499 2996 2548 τὺ
3050 2501 3184 2567 πρὸς
3266 2500 3592 2568 ἐγκράτειαν
3650 2499 3861 2560 οἰκείως
3914 2499 4059 2567 ἔχειι

2498 2592 2810 2657 ὑποφαίνων
2842 2593 2901 2642 ἐκ
2932 2593 3249 2660 προοιμίων.

2571 2685 2646 2735 Β’.
2685 2683 2840 2735 Οὕτω
2869 2683 3154 2750 τοιγαροῦν
3192 2680 3544 2750 ἀναγόμενος,
3595 2681 3689 2732 καὶ
3724 2683 3790 2734 τα
3844 2683 4060 2751 χρηστὰ

2497 2777 2603 2829 τῶν
2663 2775 2809 2843 ἠθῶν
2870 2777 2936 2826 τὰ
2983 2773 3081 2841 μὲν
3136 2773 3312 2824 αὐτῶν
3357 2773 3575 2823 ἐκείνων
3606 2774 4058 2841 ἀποματτόμενος

2497 2869 2602 2919 τῶν
2634 2869 2902 2935 πατέρων,
2935 2866 3001 2918 τὰ
3037 2865 3090 2916 δὲ
3122 2865 3270 2932 φύων
3299 2864 3391 2914 καὶ
3426 2866 3685 2931 γεωργῶν
3716 2864 3878 2926 αὐτὸς
3903 2867 4056 2916 οἴκο-

2499 2959 2610 3022 θεν,
2645 2957 2831 3026 ὥσπερ
2869 2975 2950 3018 τις
2982 2958 3157 3026 ἀγαθὴ
3192 2956 3260 3022 γῆ
3306 2955 3400 3008 καὶ
3443 2958 3686 3021 γενναία,
3743 2955 3956 3023 ἡλικίας
3990 2973 4049 3007 τε

2498 3047 2597 3116 ἢδη
2657 3046 2859 3114 ἥπτετο
2908 3046 2999 3095 καὶ
3059 3046 3449 3112 γραμματιστῇ
3504 3043 3841 3111 παρεδίδοτο.
3887 3043 3946 3094 ’0
3998 3045 4058 3095 δὲ

2503 3139 2720 3207 μεγέθει
2757 3155 2814 3188 τε
2845 3137 3055 3202 φύσεως
3087 3136 3180 3187 καὶ
3208 3135 3447 3194 διανοίας
3484 3134 3704 3200 ὀξύτητι
3750 3136 3947 3203 μικρὸν
3989 3131 4058 3202 ἦν

2499 3225 2787 3286 ἀκωλύτως
2810 3225 2876 3274 δι’
2904 3225 3064 3290 ἀέρος
3095 3221 3252 3285 θέων,
3286 3222 3510 3274 πλεῖστα
3536 3221 3641 3273 τῶν
3672 3223 4058 3289 παιδευμάτωι

2499 3317 2557 3368 ἐν
2614 3314 2810 3383 βραχεῖ
2859 3314 3314 3382 καρπωσάμενος.
3367 3311 3439 3361 Τὸ
3493 3310 3590 3379 μὲν
3642 3307 3734 3362 οὗν
3763 3312 4058 3380 δημοτικὸν

2501 3405 2657 3458 τοῦτο
2691 3407 2784 3457 καὶ
2812 3405 3068 3472 ἀγοραῖον
3107 3404 3412 3464 διέπτυσεν,
3459 3403 3699 3473 ἑταιρίας
3727 3403 3781 3454 δὲ
3815 3405 4054 3469 ἁκὸσμςς

2502 3492 2663 3557 φημὶ,
2690 3491 2786 3541 καὶ
2809 3491 3018 3559 ὁμιλίας
3049 3491 3278 3556 ἀμαθεῖς
3316 3491 3591 3554 ἐκκλίνας,
3642 3492 3734 3542 καὶ
3754 3492 3814 3542 τὸ
3837 3492 4051 3557 γυναιξί

2508 3581 2564 3632 δὲ
2596 3581 2896 3643 συλλαλεῖν,
2939 3582 2969 3650 ἢ
3018 3583 3111 3633 καὶ
3145 3581 3342 3632 διδόναι
3376 3582 3651 3650 ὀφθαλμὸν
3680 3583 3814 3643 ὅλως
3846 3585 4055 3648 ἀπαγο-

2504 3672 2719 3739 ρεύσας,
2757 3672 2853 3741 τῆς
2881 3672 3111 3741 ἀληθοῦς
3155 3675 3450 3742 ιπεμέλετο
3507 3675 3881 3740 σωφροσὺνης,
3935 3670 4055 3724 εἶτα

2501 3762 2597 3813 καὶ
2648 3765 2766 3824 ταῖς
2803 3762 2907 3825 ἔξω
2944 3763 3243 3832 διατρμῦαῖς
3286 3763 3431 3828 ἅπαξ
3471 3765 3681 3833 χαίρειν
3720 3763 3910 3826 εἰπὼν,
3945 3767 4059 3826 τοῖς

2501 3853 2668 3915 θείοις
2723 3853 3015 3920 ἐσχόλαζεν
3044 3854 3233 3917 οἴκοις,
3269 3851 3413 3906 οἷκον
3460 3856 3621 3916 αὐτὸς
3669 3856 3861 3906 ἑαυτῖιν
3907 3855 4059 3919 ἄξιον

2499 3942 2577 4012 τῷ
2608 3943 2854 4012 Δεσπότῃ
2887 3944 3337 4007 κατασκευάζων.
3376 3946 3592 4015 Ἐπειδὴ
3623 3946 3680 3996 δὲ
3707 3946 3840 4013 προς
3865 3963 3920 3997 τε
3953 3948 4057 4013 τὴν

2501 4033 2610 4086 τῶν
2642 4034 2801 4084 θείων
2838 4033 3068 4101 Γραφῶν
3113 4035 3314 4100 γνῶσιν
3365 4035 3460 4087 καὶ
3492 4034 3599 4085 τῶν
3633 4037 3758 4102 περὶ
3807 4035 3938 4085 Θεοῦ
3967 4035 4057 4087 δο-

2502 4124 3053 4192 γμάτωνάρκούντως
3083 4123 3466 4193 διαπεπόνητο,
3510 4125 3728 4192 μυρίαις
3755 4139 3810 4173 τε
3840 4123 4058 4190 χάρισιν

2502 4217 2788 4281 ἐκοσμεῖτο
2807 4253 2820 4274 ,
2860 4214 2955 4265 καὶ
2979 4215 3075 4282 τὴν
3100 4215 3477 4283 προσήκουσαν
3508 4212 3740 4281 ἱερεῦσιν
3770 4213 4058 4281 ἀκρίϐειαν

2504 4302 2740 4370 ἀτεχνῶς
2769 4291 2994 4365 ἔσωζεν,
3031 4301 3090 4353 οὖ
3122 4303 3228 4370 μὴν
3256 4304 3392 4354 ἀλλά
3432 4303 3522 4353 καὶ
3556 4304 3614 4353 τδ
3639 4297 3769 4370 ἦθος
3799 4300 3948 4368 αὑτῴ
3976 4302 4059 4353 ἔτι

2504 4391 2745 4454 νεάξοντι
2775 4391 3034 4459 στάσιμόν
3060 4406 3118 4442 τε
3166 4391 3259 4441 καὶ
3304 4390 3665 4458 πρεσσυτικδν
3697 4385 3784 4458 ἦν,
3811 4390 4058 4456 πρεσδῦο

862 4495 1026 4534 canos
1077 4491 1258 4534 essent
1298 4484 1415 4552 ejus
1483 4500 1660 4540 mores
1714 4498 2024 4544 constantes
2072 4501 2128 4544 et
2175 4495 2394 4558 seniles,
2432 4487 2472 4540 Ι)
2500 4498 2548 4534 τε

2371 4516 2394 4558 ,ν
2432 4487 2472 4540 D
2500 4498 2654 4551 τερον
2679 4481 2839 4534 αὑτὸν
2889 4481 3072 4550 ηξίουν
3120 4481 3468 4556 ψηφίζεσθαι.
3504 4481 3711 4549 Ὥσπερ
3742 4481 3847 4549 γὰρ
3870 4481 3930 4531 τὸ
3957 4481 4057 4548 γῆ-

862 4576 1122 4644 rogabant
1171 4576 1342 4643 ipsum
1382 4584 1440 4629 ut
1470 4575 1620 4630 ﬁeret
1649 4577 1951 4647 presbyter.
2000 4579 2224 4637 Hortatu
2277 4600 2404 4653 ergo

861 4667 979 4734 ejus
1038 4666 1234 4734 patrui,
1279 4667 1346 4721 ab
1382 4669 1624 4722 antistite
1665 4670 1756 4736 qui
1807 4680 1938 4724 tunc
2011 4680 2131 4724 erat
2196 4673 2406 4743 Myren-

860 4758 1024 4818 sium,
1077 4757 1356 4809 ordinatur
1420 4757 1735 4826 presbyter:
1795 4768 1851 4812 et
1908 4758 2017 4811 Deo
2072 4761 2164 4828 qui
2229 4763 2402 4830 ipsum

860 4847 1105 4908 dederat,
1149 4847 1416 4909 redditur,
1464 4851 1631 4916 utqui
1674 4849 1986 4916 parentibus
2027 4867 2215 4905 revera
2270 4853 2400 4906 fuiso

859 4947 941 4991 set
993 4938 1194 4991 donum
1258 4940 1600 5008 precationis.
1665 4939 1760 4994 Hic
1824 4949 2006 4995 autem
2075 4943 2400 5011 Myrensium

859 5024 1096 5090 pontifex
1142 5023 1344 5078 donum
1404 5026 1570 5079 divini
1623 5025 1854 5094 Spiritus
1912 5041 2259 5094 consecutus,
2322 5033 2403 5086 vi-

859 5110 994 5163 dens
1035 5111 1253 5180 juvenis
1309 5112 1539 5166 animam
1607 5114 1886 5168 ﬂorentem
1922 5118 2233 5180 virtutibus.
2266 5135 2400 5182 pra:-

859 5196 995 5249 dixit
1049 5198 1272 5267 gratiam
1326 5215 1446 5268 quas
1493 5200 1545 5253 in
1611 5217 1676 5254 eo
1735 5213 1853 5256 erat
1915 5203 2274 5270 abundatnra,
2324 5209 2404 5261 sic

860 5287 1088 5342 dicens:
1125 5287 1322 5342 Eorum
1375 5293 1592 5360 quidem
1651 5295 1742 5362 qui
1795 5296 2012 5350 tristitia
2072 5298 2400 5364 afﬁciuntur,

859 5379 964 5433 erit
1017 5379 1306 5449 benignum
1357 5383 1647 5450 solatium;
1707 5386 1930 5452 pulchre
1987 5397 2166 5441 autem
2220 5400 2402 5458 pascet

859 5469 1102 5530 animas,
1139 5479 1194 5523 et
1237 5486 1333 5525 eos
1365 5471 1458 5540 qui
1493 5477 1794 5530 erraverint
1848 5478 2123 5532 revocabit
2168 5479 2232 5532 ad
2275 5494 2398 5549 pas-

859 5576 959 5617 cua
999 5562 1243 5630 pietatis:
1298 5571 1353 5616 et
1391 5566 1670 5632 apparebit
1713 5576 1956 5622 servator
1980 5568 2046 5623 iis
2078 5569 2169 5638 qui
2198 5569 2400 5624 fuerint

933 5743 953 5773 '
976 5743 1112 5797 ['sal.
1137 5758 1356 5802 uuln,
1383 5745 1467 5798 ll.

2505 4591 2604 4642 ρας
2639 4572 2810 4635 σῶζον
2847 4574 2944 4642 τὴν
2971 4573 3358 4642 προσήκουσαν
3389 4573 3743 4643 σωιρροσύνην
3772 4573 3918 4623 ἔστιν
3967 4575 4058 4625 ὅτε

2502 4667 2595 4718 καὶ
2623 4664 3003 4732 διαϐάλλομεν,
3034 4664 3176 4716 οὓτω
3205 4666 3269 4732 δὴ
3323 4667 3415 4717 καὶ
3447 4665 3672 4732 νεότητα
3698 4667 3934 4734 κρείττω
3964 4681 4058 4729 γε-

2502 4756 2728 4826 νομένην
2753 4755 2860 4807 τῶν
2887 4756 3100 4807 οἰκείων
3126 4753 3329 4824 ὁρμῶν,
3389 4756 3478 4806 καὶ
3524 4757 3710 4822 γήρως
3754 4754 4057 4821 εὐκοσμίαν

2503 4849 2789 4916 συντηρεῖν
2817 4847 3125 4914 δυναμένην
3163 4844 3418 4912 ἀγάμεθά
3448 4861 3504 4894 τε
3537 4845 3922 4912 προσηκόντως
3957 4846 4056 4897 καὶ

2503 4937 2716 4989 πολλῶν
2743 4937 2979 4988 ὲπαίνων
3014 4936 3170 4998 ἀξίαν
3213 4937 3489 5004 κρίνομεν.
3522 4935 3718 5004 Γνώμη
3744 4935 3924 4986 τοίνυν
3958 4936 4056 4988 τοῦ

2500 5029 2634 5097 πρὸς
2668 5028 2872 5098 πατρὸς
2923 5027 3088 5080 αὑτοῦ
3125 5026 3268 5076 θείου
3308 5027 3410 5076 ὑπὸ
3458 5023 3552 5077 τοῦ
3605 5024 3902 5093 τηνικαῦτα
3955 5027 4056 5093 τῆς

2500 5118 2731 5186 Μυρέων
2783 5117 3042 5186 προέδρου
3089 5117 3471 5184 χειροτονεῖτιι
3518 5112 3910 5180 πρεσὸὐτερος,
3961 5117 4057 5166 καὶ

2505 5209 2583 5275 τῷ
2612 5207 2862 5258 δεδωκότι
2904 5206 3020 5274 Θεῷ
3065 5204 3402 5266 ἀντιδίδοται,
3427 5203 3454 5253 δ
3488 5203 3661 5272 δῶρον
3694 5203 3858 5263 ὅντως
3885 5204 4056 5271 εὐχῆς

2503 5297 2612 5356 τοῖς
2645 5297 3029 5360 γεγεννηκόσιν
3063 5291 3222 5343 αὐτὸν
3265 5291 3578 5359 γενόμενος.
3616 5290 3676 5340 ⁸0
3708 5290 3888 5357 μέντοι
3917 5292 4057 5359 ἀρχ-

2511 5386 2686 5452 ιερεὺς
2710 5384 2804 5450 τῆς
2824 5383 3054 5451 Μυρέων
3083 5378 3234 5445 οὗτος
3256 5381 3400 5434 θείου
3430 5381 3741 5450 Πνεῦματος
3774 5381 4057 5449 εὐμοιρεῖν

2506 5473 2826 5542 ἠξιωμένος,
2851 5471 2950 5541 τὴν
2978 5470 3072 5523 τοῦ
3106 5472 3224 5523 νέου
3258 5471 3433 5540 ψυχὴν
3475 5471 3695 5541 ἀρεταῖς
3736 5469 4057 5538 κατάκομον

2512 5568 2775 5639 καθορῶν,
2818 5567 2970 5621 οὐδὲν
3000 5558 3308 5630 maesta;
3351 5567 3443 5621 καὶ
3473 5567 3600 5636 περὶ
3627 5564 3725 5632 τῆς
3751 5563 4055 5635 μελλούσης
