4270 6428
218 329 319 390 321
1508 340 1680 401 νιΤΑ
1721 343 1785 405 S.
1823 344 1904 407 NI

1746 344 1785 405 ἰ.
1823 344 2154 408 NICOLAI.
3330 340 3432 403 322

219 442 371 511 αὐτῷ
392 442 683 499 πλεονάσαι
698 447 940 518 χάριτος,
962 449 1565 522 προηγόρευσενοῦτως
1586 452 1779 521 εἰπὼν,
1809 462 1854 519 Α
1886 456 1900 510 i

1744 462 1854 521 ο,Α
1886 456 1939 510 in
2010 457 2287 526 periculis.
2360 458 2489 524 Quze
2544 473 2766 530 quoque
2821 469 3062 529 tempore
3117 467 3302 529 postea
3366 460 3430 513 ad

218 536 301 597 ὡς
369 535 523 589 Istat
584 538 681 607 μιν
734 539 962 610 εύμενὶς
1000 541 1360 611 λυπουμένων
1408 544 1778 614 παραμύθιον,
1885 561 1904 601 ι

1750 562 1778 610 ι,
1885 545 2140 603 effectum
2184 549 2414 605 deducta
2442 550 2573 617 sint,
2607 552 2961 609 declarabunt
3011 567 3074 608 ea
3104 562 3224 623 quae
3279 550 3436 606 dein.

225 630 490 694 ποιμανεῖ
519 629 573 682 δὲ
602 631 783 695 καλῶς
811 631 1011 703 ψυχὰς,
1063 634 1157 686 καὶ
1190 634 1641 705 πεπλανημένους
1682 636 1781 705 μιν

1848 700 1853 704 ,
1885 651 2014 707 ceps
2042 650 2495 707 consequuntur..

230 719 375 788 πρὸς
407 721 579 789 νομὰς
600 722 696 791 τῆς
727 724 1013 788 εὐσεϐείας
1041 725 1453 794 ἀνακαλέσεται,
1523 726 1704 797 σωτὴρ
1764 726 1820 779 δὲ
1858 730 1967 791 τοῖς
2016 730 2075 781 ἐν
2146 730 2406 793 κινδύνοις
2456 733 2620 786 πᾶσιν
2650 734 3039 802 ἀναφανεῖταιο
3082 733 3222 803 ἅπερ
3270 733 3319 785 εί
3361 730 3437 801 τῷ

221 814 403 879 χρόνῳ
431 810 659 881 ὕστερον
685 815 857 885 διέϐη,
890 816 959 869 τά
989 817 1117 886 ἑξῆς
1140 819 1234 873 τοῦ
1260 820 1418 888 λόγου
1452 818 1703 887 δηλώσει.

300 906 376 961 Γ.
408 905 530 968 Πῶς
558 906 603 959 δ’
626 906 694 959 ἀν
725 910 803 969 είς
834 910 1030 977 γνῶσιν
1070 911 1209 967 ῐλθοι
1240 912 1420 975 καλῶς
1442 912 1613 981 ὁπόση
1644 910 1781 981 μετά

222 998 326 1066 τὴν
360 998 696 1067 χειροτονίαν
723 999 869 1071 αύτῷ
921 1002 1055 1070 πρὸς
1087 1000 1185 1071 τὴν
1214 1002 1321 1056 τῶν
1375 1000 1584 1073 ἀρετῶν
1615 1002 1783 1071 ιργαο

225 1088 349 1139 σ’ίαν
377 1089 618 1152 ἐπίδοσις
646 1085 751 1159 ἧνς
787 1091 1117 1161 ἀγρυπνίαις
1155 1109 1214 1146 τε
1256 1093 1350 1146 καὶ
1380 1091 1655 1161 νηστείαις
1687 1090 1784 1144 καὶ

227 1185 567 1250 προσευχαῖς
602 1181 747 1244 οῐαις
792 1183 985 1235 ἑαυτὸν
1019 1183 1304 1251 ιδεδώκεις
1348 1183 1489 1237 ὥστε
1536 1182 1783 1251 καθαράν

230 1274 327 1323 καὶ
359 1272 629 1341 ἄχραντον
668 1272 1035 1327 διασώσασθαι
1094 1275 1191 1344 τὴν
1240 1276 1559 1345 ίερωσύνην,
1596 1272 1656 1339 ἐξ
1707 1268 1782 1329 ὧν

224 1362 328 1431 τὴν
384 1363 492 1415 τῶν
545 1365 851 1432 ἀσωμάτων
894 1366 1174 1434 διαγωγὴν
1223 1366 1284 1418 ὲν
1331 1366 1543 1436 σώματι
1601 1366 1782 1437 θνητῷ

226 1451 600 1517 κατορθώσειν
632 1454 979 1519 ἐφιλονείκει,
1007 1456 1103 1508 καὶ
1150 1455 1299 1525 παρά
1350 1454 1508 1508 τοῦτο
1558 1454 1656 1509 καὶ
1712 1457 1780 1509 τά

234 1538 449 1605 μεγάλα
481 1543 611 1609 περὶ
644 1542 804 1594 αὐτοῦ
829 1543 1033 1596 οίεσθαι
1065 1547 1175 1607 τοῖς
1220 1545 1429 1608 πολλοῖς
1460 1548 1651 1602 ιδίδου.
1689 1546 1781 1610 ὀς

230 1626 290 1679 δὲ
331 1630 425 1681 καὶ
464 1631 538 1692 ὡς
580 1631 713 1699 πρὸς
764 1636 982 1703 μνήμην
1034 1634 1203 1687 ὶλθὼν
1248 1636 1347 1707 ήδη
1400 1637 1541 1701 θεῖος
1592 1637 1776 1705 αὐτοῦ,

230 1718 501 1782 Νικόλαος
548 1722 603 1774 δὲ
640 1725 732 1776 καὶ
769 1725 919 1795 αὐτῷ
969 1728 1000 1794 ἠ
1030 1726 1240 1796 κλῆσις,
1293 1730 1371 1789 είς
1394 1727 1552 1781 τοῦτο
1580 1729 1779 1798 ἀρετῆς

231 1809 438 1877 ἧκοντα
467 1813 556 1863 τὸν
586 1814 699 1865 νέον
734 1815 896 1885 ἑώρα,
930 1818 1029 1884 τήν
1071 1834 1131 1869 τε
1171 1817 1265 1869 τοῦ
1302 1817 1446 1872 θείου
1489 1820 1618 1871 ναοῦ
1647 1834 1777 1889 προ-

231 1902 478 1963 στασίαν,
510 1902 570 1953 ὃν
600 1905 863 1972 πρότερον
912 1908 996 1958 ἐπ’
1035 1907 1255 1974 ὀνόματι
1298 1911 1395 1977 τῆς
1441 1910 1601 1978 άγίας
1643 1909 1781 1963 Σιὼν

228 1994 439 2054 ἐκεῖνος
466 1993 719 2061 ἐδείματό
754 2006 811 2046 τε
857 1999 950 2048 καὶ
982 1999 1059 2059 είς
1112 2000 1474 2069 μοναστήριον
1520 2002 1780 2071 συνεστήο

230 2100 385 2146 σατη,
427 2084 572 2152 αύτῷ
603 2087 915 2154 ἑγχειρίζει,
961 2090 1054 2141 καὶ
1093 2091 1386 2159 συνεργοὺς
1415 2092 1492 2161 τῷ
1537 2093 1641 2163 νέῳ
1686 2091 1782 2146 τοῦ

230 2174 648 2242 ἔγχειρήματος,
710 2178 863 2240 ὅσους
895 2180 984 2231 καὶ
1015 2180 1111 2249 τῆς
1141 2182 1339 2249 ἀρετῆς
1373 2183 1489 2252 ᾔδει
1519 2187 1779 2251 ποιεῖται,

234 2263 375 2315 ὥστε
425 2268 514 2315 καὶ
557 2267 931 2336 σ-δνδιαφὲρειν
969 2270 1119 2338 αὐτῷ
1160 2282 1257 2331 τας
1306 2273 1767 2342 ὶκκλησιαστικάς

236 2355 547 2422 φροντίδας,
593 2359 685 2408 καὶ
710 2358 832 2426 ⁶τῶν
870 2360 1029 2429 ίερῶν
1070 2362 1471 2426 ἐπιμελέστατα
1513 2368 1781 2435 προνοείν.

234 2446 348 2498 Καὶ
384 2446 488 2513 μὴν
520 2446 582 2515 δή
631 2464 757 2499 ποτε
790 2452 883 2502 καὶ
912 2449 1005 2501 τοῦ
1046 2451 1357 2521 θαυμαστοῦ
1400 2454 1592 2507 τούτου
1621 2456 1787 2509 Νικο-

234 2536 376 2589 λάου
413 2540 488 2599 είς
525 2538 883 2607 Παλαιστίνην
907 2542 1239 2611 ἀπάραντος,
1270 2545 1358 2613 ἐφ’
1386 2541 1429 2613 ᾧ
1450 2546 1577 2608 τοὺς
1600 2548 1788 2614 ἁγίους

236 2630 517 2699 ίστορῆσαι
551 2632 770 2692 τόπους.
815 2632 1005 2703 ὥσπερ
1037 2636 1065 2686 ό
1113 2637 1265 2704 λόγος
1302 2639 1441 2707 μετά
1487 2639 1662 2694 ταῦτα
1694 2642 1787 2712 δη·

236 2721 423 2781 λιὺσει,
460 2716 607 2774 οὗτοι
636 2723 725 2774 τὸν
759 2725 972 2777 ἑκείνου
1020 2728 1183 2780 τόπον
1240 2729 1533 2799 ὶπλὴρουν,
1582 2737 1674 2785 καὶ
1719 2732 1785 2785 τά

234 2813 332 2864 τοῦ
367 2813 493 2866 ναοῦ
544 2816 641 2867 καὶ
685 2816 751 2867 τὰ
790 2817 885 2885 τῆς
936 2819 1243 2886 οἰκονομίας
1285 2819 1455 2882 οὓτως
1501 2824 1784 2892 ινήργουν,

235 2904 428 2974 ὥσπερ
462 2907 526 2958 ἂν
556 2907 603 2958 εί
635 2908 894 2977 ὶτύγχανε
925 2912 1129 2972 ἐκεῖνος
1161 2911 1369 2980 παρών.
1407 2911 1566 2966 Ἀλλὰ
1613 2911 1787 2967 ταῦτα

241 3001 341 3067 μὲν
373 3000 495 3050 ῦστε
508 3017 617 3067 ρον.

1949 908 2041 963 111.
2104 906 2243 974 Quid
2274 918 2489 978 oportet
2518 919 2700 965 autem
2732 924 2913 964 ulcere
2940 918 3140 977 quanta
3167 918 3289 980 post
3318 910 3438 980 ejus

1878 996 2276 1053 ordinationem
2313 998 2383 1053 ad
2433 998 2695 1055 virtutum
2743 1000 3186 1055 exercitationem
3240 1000 3289 1054 ei
3346 1013 3439 1054 ac-

1877 1089 2054 1144 cessio
2113 1088 2250 1143 facta
2305 1088 2416 1143 sit?
2460 1088 2790 1158 vigiliisque,
2844 1088 3065 1160 jejuniis
3099 1098 3153 1142 et
3186 1089 3440 1157 precibus

1877 1177 2151 1247 quomodo
2210 1193 2267 1232 se
2328 1176 2583 1232 dederit?
2638 1178 2845 1245 Quibus
2909 1197 2972 1235 ex
3027 1183 3190 1235 rebus
3234 1180 3436 1233 factum

1890 1276 1979 1321 est
2030 1276 2091 1320 ut
2144 1268 2307 1321 vitam
2355 1268 2795 1335 incorporearum
2824 1270 2879 1323 in
2929 1270 3138 1322 mortali
3203 1282 3431 1337 corpore

1877 1372 2036 1429 agere
2067 1360 2439 1425 contenderet,
2488 1370 2542 1415 et
2563 1360 2686 1415 ideo
2735 1361 2801 1416 de
2830 1375 2898 1415 eo
2965 1363 3212 1429 quatiam
3248 1356 3439 1428 magna

1877 1446 2033 1502 daret
2086 1448 2447 1518 conjicienda.
2498 1449 2786 1518 Postquam
2843 1464 2973 1503 vero
3048 1450 3166 1517 ejus
3216 1456 3442 1516 patruus

1876 1538 2034 1609 cujus
2065 1538 2216 1607 prius
2257 1540 2627 1602 meminimus,
2675 1540 3066 1595 nominabatur
3097 1550 3279 1593 autem
3324 1538 3441 1608 l'pse

1876 1642 2093 1698 quoque
2116 1626 2388 1693 Nicolaus,
2408 1628 2542 1683 vidit
2570 1630 2989 1691 adolescentem,
3016 1644 3080 1683 eo
3106 1630 3438 1698 processisse

1874 1718 2110 1785 virtutis,
2146 1729 2201 1774 et
2240 1728 2385 1773 tanta
2434 1719 2714 1789 dignatum
2783 1735 2903 1774 esse
2951 1721 3142 1789 gratia,
3188 1720 3238 1773 ei
3282 1736 3442 1775 man-

1810 1796 1850 1851 Β
1878 1808 1969 1864 dat
1994 1809 2169 1865 divini
2219 1812 2402 1878 templi
2438 1826 2646 1877 curam,
2692 1812 2836 1880 quod
2886 1813 2975 1867 ille
3006 1813 3156 1883 prius
3182 1812 3421 1868 adiﬁca-

1879 1907 2032 1955 verat
2085 1900 2139 1953 in
2186 1901 2403 1954 nomine
2464 1910 2663 1955 sanctas
2724 1900 2873 1967 Sion,
2924 1912 2980 1957 et
3043 1913 3425 1957 construxerat

1880 1989 2288 2044 monasterium.
2318 1990 2385 2045 Et
2411 1992 2475 2044 ad
2510 1991 2693 2060 juveni
2736 1990 2835 2045 hac
2862 1992 2916 2046 in
2958 2007 3014 2046 re
3050 2007 3207 2061 Opem
3255 1993 3433 2046 feren-

1881 2080 2029 2145 dam,
2103 2080 2325 2134 adhibet
2389 2095 2743 2150 quoscunque
2796 2083 3001 2137 sciebat
3050 2099 3171 2138 esse
3220 2083 3440 2139 virtutis

1881 2172 2001 2241 ejus
2038 2173 2213 2240 socios
2237 2189 2250 2237 ;
2278 2182 2337 2225 ut
2363 2172 2523 2225 simul
2554 2187 2676 2225 cum
2721 2186 2788 2226 eo
2827 2173 3032 2227 ferrent
3065 2189 3223 2229 curas
3261 2175 3438 2229 eccle-

1882 2262 2147 2324 siasticas,
2172 2270 2227 2315 et
2253 2261 2663 2331 diligentissime
2693 2262 2853 2316 rebus
2879 2264 3046 2318 sam-is
3070 2264 3439 2332 providerent.

1882 2352 2062 2416 Atque
2093 2365 2215 2403 cum
2242 2350 2537 2418 aliquando
2572 2351 2789 2419 quidem
2819 2352 3096 2420 profectus
3130 2364 3276 2410 esset
3316 2354 3443 2411 Hie-

1884 2440 2156 2511 rosolyma
2184 2441 2535 2497 admirandus
2561 2442 2837 2507 Nicolaus,
2881 2456 2939 2498 ut
2966 2446 3239 2500 vivificum
3276 2447 3438 2502 Citri-

1885 2531 1953 2585 sti
2000 2533 2317 2600 sepulcrum
2364 2539 2420 2587 et
2479 2535 2714 2589 salutare
2774 2536 2976 2605 lignum
3026 2541 3201 2593 erucis
3263 2540 3316 2594 in
3376 2555 3439 2595 ea

1884 2623 2156 2686 adoraret,
2221 2625 2586 2693 impleverunt
2653 2627 2740 2681 isti
2792 2626 2971 2683 locum
3034 2630 3210 2697 illius,
3265 2641 3321 2686 et
3370 2646 3435 2687 ea

1884 2726 2005 2779 qua:
2047 2712 2110 2765 ad
2162 2714 2417 2781 templum
2466 2714 2688 2782 ejusque
2748 2713 3207 2783 dispensationem
3273 2718 3438 2786 perti-

1885 2800 2087 2853 nebant
2150 2802 2221 2854 ita
2278 2801 2729 2855 administraruut
2780 2816 2844 2857 ac
2903 2804 2949 2857 si
2998 2803 3087 2859 ille
3140 2803 3426 2861 adfuisset.

1888 2888 1997 2945 Sed
2037 2891 2151 2945 haec
2178 2891 2394 2960 quidem
2440 2904 2647 2961 postea.

311 3085 382 3141 A'.
424 3091 579 3157 Ἀρτι
606 3087 659 3140 δὲ
697 3090 804 3141 τῶν
844 3091 1095 3161 πατέρων
1124 3091 1287 3144 αὑτοῦ
1319 3091 1411 3145 τὸν
1442 3091 1555 3162 βίον
1596 3094 1787 3148 άτιολιο
1811 3112 1857 3172 c
1956 3084 1997 3140 υ

1753 3124 1787 3145 ,-
1811 3112 1857 3172 c
1956 3084 2046 3140 iV.
2078 3084 2211 3139 Cum
2244 3092 2424 3139 autem
2470 3086 2592 3155 ejus
2626 3098 2877 3156 parentes
2915 3088 3023 3158 jam
3055 3104 3085 3144 e
3114 3091 3222 3145 vita
3251 3104 3439 3146 cxccs~«

241 3179 472 3239 πόντων,
508 3179 838 3249 κληρονόμος
867 3181 964 3249 τῆς
1000 3182 1185 3243 οὐσίας
1221 3178 1372 3245 οὗτος
1414 3188 1513 3251 τῆς
1562 3187 1786 3240 ίκείνων

240 3272 637 3337 καταλειφθεὶς,
692 3274 786 3324 καὶ
826 3274 927 3325 ὅσα
957 3274 1099 3335 είκὸς
1132 3274 1246 3327 υἱὸν
1302 3275 1636 3347 φιλοπάτορα
1694 3279 1786 3331 sui.

239 3366 491 3429 πατέρων
515 3362 790 3431 ἀποδημία
824 3365 1151 3431 φιλοτέκνων
1171 3366 1429 3431 έπιδεῖξαι
1452 3366 1786 3435 διατελέσας,

240 3455 301 3503 ού
341 3455 476 3521 πρὸς
530 3454 622 3506 τὸν
655 3454 856 3522 κλῆρον
883 3454 1099 3507 ἀπεῖδεν
1138 3456 1317 3523 εὐθὺς,
1351 3459 1540 3528 ὥσπερ
1587 3459 1652 3513 ἀν
1704 3474 1789 3525 τις

241 3544 373 3610 άλλη
406 3545 540 3612 πρὸς
574 3545 1008 3613 φιλοχρηματίαν
1037 3546 1218 3615 δρῶσα
1263 3549 1430 3618 ψυχὴ,
1474 3550 1585 3602 οὐδ’
1642 3553 1784 3613 ὅπως

242 3635 309 3687 ἂν
341 3635 599 3705 αὐξηθείη
624 3636 651 3686 ό
682 3636 907 3699 πλοῦτος
933 3638 1079 3703 αύτῷ
1111 3640 1204 3690 καὶ
1220 3638 1483 3702 διαμείνοι
1513 3642 1648 3710 ρέων
1676 3642 1785 3706 ἀεὶ,

242 3724 499 3793 φροντίδα
524 3725 655 3791 γοῦν
693 3742 816 3778 τινα
848 3727 941 3779 καὶ
970 3728 1214 3796 σμικρὰν
1254 3728 1423 3783 ιθετο.
1472 3730 1645 3784 [iiut
1680 3733 1786 3800 γάρ

244 3818 510 3883 κοσμικὰς
538 3818 921 3885 ἀπαγορεύσας
949 3817 1242 3887 επιθυμίας
1280 3819 1538 3874 ἔσπευδεν
1585 3823 1787 3890 ἁδελφά

240 3904 409 3967 δείξαι
442 3905 518 3972 τῷ
570 3908 705 3974 μετὰ
732 3907 902 3961 ταῦτα
933 3909 1031 3979 βίῳ
1073 3909 1143 3960 τὰ
1196 3909 1290 3962 τοῦ
1336 3908 1452 3979 βίου
1506 3912 1783 3979 προοίμια,

244 3996 530 4064 σύμφωνον
559 4015 613 4051 τε
640 4002 705 4068 τῇ
738 4002 880 4070 ἀρχῇ
912 4002 1005 4053 καὶ
1028 4002 1087 4054 ea
1138 4001 1265 4071 ἑξῆς
1304 4001 1450 4055 ἅπαν
1497 4003 1782 4058 ἐπιθεῖναι.

246 4088 452 4139 Ἤκουε
480 4086 536 4137 δὲ
563 4087 654 4137 καὶ
681 4086 775 4138 τοῦ
806 4087 950 4138 θείου
975 4086 1159 4150 Δαυῒδ,
1187 4105 1205 4137 ι
1240 4089 1469 4150 Πλοῦτος
1495 4090 1589 4142 ἑὰν
1614 4093 1731 4159 ῥέῃ.
1761 4108 1779 4140 ι

244 4179 519 4243 λέγοντος,
561 4194 579 4227 ε
614 4177 687 4247 μὴ
727 4176 1079 4245 προστίθισθε
1117 4178 1333 4249 καρδίᾳ,
1366 4197 1385 4230 ι
1440 4183 1532 4231 καὶ
1567 4179 1660 4233 τοῦ
1694 4197 1785 4234 σο-

244 4266 348 4333 φοῦ
406 4266 780 4331 Σολομῶντος,
814 4283 833 4315 ι
875 4266 1262 4338 Ἐλεημοσύναι
1315 4267 1407 4319 καὶ⁵
1466 4267 1672 4327 πίστεις
1709 4268 1783 4337 μὴ

246 4354 643 4404 ἓκλειπέτωσάν
672 4368 750 4406 σε.
778 4356 866 4403 καὶ
897 4353 969 4419 μὴ
1019 4354 1231 4422 ἀπόσχῃ
1265 4348 1325 4404 εὖ
1361 4356 1531 4404 ποιεῖν
1566 4354 1737 4423 ὶ-ρδεῆ,
1759 4372 1777 4405 ι

1887 3186 2093 3242 serant,
2134 3177 2446 3231 facultatum
2482 3179 2656 3233 haeres
2702 3179 2947 3244 relictus,
2988 3192 3043 3235 et
3073 3195 3137 3236 ea
3176 3194 3440 3251 perpetuo

1888 3267 2097 3323 faciens
2126 3283 2246 3336 qua:
2276 3283 2373 3336 par
2402 3276 2487 3323 est
2513 3268 2681 3323 filium
2705 3270 2800 3339 qui
2831 3270 3005 3341 diligit
3030 3283 3303 3340 parentes,
3328 3288 3438 3327 nou

1888 3362 2068 3414 statim
2110 3362 2318 3428 aspexit
2352 3359 2415 3412 ad
2453 3359 2689 3424 divitias,
2763 3376 2938 3430 neque
2982 3362 3436 3431 quemadmodum

1889 3454 2314 3524 amplificaretur
2336 3466 2390 3509 et
2416 3456 2464 3508 ei
2495 3466 2837 3522 permaneret
2874 3456 3177 3519 har-editas,
3202 3458 3285 3511 vel
3314 3474 3440 3527 par-

1887 3560 2009 3599 vam
2038 3547 2200 3599 ullam
2232 3561 2419 3599 curam
2446 3544 2683 3615 gerebat.
2710 3546 2842 3601 Nam
2872 3562 2995 3601 cum
3031 3550 3134 3615 jam
3161 3550 3289 3602 olim
3320 3565 3437 3604 om-

1888 3637 2050 3691 nibus
2085 3638 2375 3690 mundanis
2398 3638 2772 3692 renuntiasset
2795 3638 3025 3705 deliciis,
3057 3654 3153 3707 per
3173 3654 3293 3693 eam
3317 3656 3436 3709 qua:

1886 3736 1970 3781 est
2012 3726 2128 3780 bzec
2173 3736 2462 3781 consecuta
2511 3727 2725 3781 vivendi
2777 3729 3037 3784 rationem
3077 3730 3441 3787 contendebat

1886 3819 2173 3874 ostendere
2218 3834 2342 3873 vera
2395 3820 2517 3874 vite
2563 3821 2847 3889 prooemia,
2879 3831 2934 3875 et
2984 3821 3256 3890 principio
3300 3836 3437 3876 con-

1887 3911 2129 3965 sentiens
2177 3909 2402 3964 reddere
2438 3911 2489 3963 Id
2523 3911 2668 3980 quod
2714 3910 2971 3979 deinceps
3019 3912 3328 3967 accesserit.
3370 3912 3437 3967 Et

1887 4000 2011 4055 ideo
2044 3999 2224 4053 omnia
2252 4014 2348 4054 sua
2376 3998 2486 4053 Deo
2529 4000 2849 4068 permittens
2876 4018 2889 4053 :
2929 4000 3124 4056 Notam
3167 4002 3251 4056 fac
3280 4002 3439 4068 mibi,

1888 4092 2133 4152 Domine,
2170 4088 2407 4152 diccbat,
2436 4088 2579 4142 viam
2614 4087 2670 4142 in
2703 4104 2809 4157 qua
2852 4088 3145 4153 ambulem,
3179 4090 3436 4158 quoniam

1885 4181 1952 4236 ad
1997 4188 2048 4234 te
2084 4179 2279 4234 sustuli
2322 4179 2554 4232 animam
2590 4193 2761 4233 meam
2791 4178 2810 4211 ⁸
2842 4195 2856 4233 :
2893 4189 2943 4233 ct
2973 4179 3107 4233 doce
3142 4193 3227 4234 me
3259 4179 3437 4236 facere

1888 4273 2217 4323 voluntatem
2246 4278 2412 4330 tuam,
2439 4269 2692 4335 quoniam
2719 4275 2774 4319 tu
2799 4281 2858 4319 es
2888 4267 3026 4321 Deus
3051 4281 3204 4321 meus
3226 4269 3266 4319 ⁸.
3294 4266 3439 4332 Quo-

1892 4362 2033 4417 niam
2064 4362 2117 4414 in
2149 4370 2198 4413 te
2225 4361 2499 4427 projectus
2524 4372 2639 4411 sum
2673 4357 2739 4411 ab
2772 4366 2947 4421 utero,
2975 4373 3004 4411 a
3032 4368 3219 4413 ventre
3251 4357 3440 4412 matris

246 4447 339 4494 καὶ
361 4444 446 4493 διὰ
469 4444 623 4493 τοῦτο
649 4446 745 4503 τὰς
790 4443 980 4495 ἑαυτοῦ
1015 4446 1202 4511 χεῖρας
1234 4444 1294 4494 ού
1328 4445 1461 4513 πρὸς
1489 4446 1784 4512 χρημάτων
1820 4442 1860 4494 D
1892 4466 1932 4502 ιη

1748 4465 1784 4496 ιν
1820 4442 1860 4494 D
1892 4464 2021 4504 mea:
2060 4449 2201 4502 Deus
2248 4462 2399 4499 meus
2434 4461 2491 4500 es
2538 4455 2591 4499 tu
2628 4449 2668 4499 '.
2716 4447 2909 4500 Audivi
2962 4458 3142 4501 autem
3193 4447 3434 4501 divinum

250 4537 474 4601 παίιεῐχε
509 4533 860 4600 συναγωγῆς·
913 4533 1024 4585 ἀλλ’
1078 4534 1236 4595 αὐτὸς
1298 4534 1499 4600 μᾶλλον
1549 4537 1669 4602 χεὶρ
1721 4530 1787 4606 ἦν

247 4627 433 4685 ἄνετος
462 4624 621 4675 παντὶ
644 4624 900 4692 δεομένῳ,
928 4623 1079 4694 κοινὴ
1104 4624 1390 4677 πανδαισία
1423 4629 1512 4677 καὶ
1544 4642 1584 4677 π
1602 4630 1788 4694 ,τιμὴς

249 4714 427 4782 πολλῷ
460 4716 593 4782 ῥέων
622 4715 715 4765 καὶ
746 4717 933 4781 ἡσύχῳ
962 4714 1036 4782 τῷ
1094 4716 1349 4785 ῥεύματι,
1388 4718 1559 4768 ἐκεῖνο
1579 4717 1665 4769 διά
1695 4719 1789 4785 τῆς

246 4808 492 4867 εὐποιίας
543 4806 604 4858 τὸ
662 4804 901 4873 δαψιλές,
943 4805 1098 4858 τοῦτο
1127 4806 1217 4858 διὰ
1270 4806 1329 4857 τὸ
1379 4806 1639 4858 λανθάνον
1694 4807 1789 4874 τῆς

252 4897 605 4967 μεταδόσεως.
661 4896 819 4949 Ἀλλά
864 4897 972 4963 γὰρ
1028 4896 1175 4959 ἀξιον
1222 4896 1322 4967 ἤδη
1361 4898 1456 4949 καὶ
1498 4899 1605 4949 τῶν
1653 4899 1792 4951 κατά

251 4991 411 5057 μέρος
443 4986 860 5057 ιπιμνησθῆναι,
898 4987 964 5041 ἵν’
995 4990 1022 5039 ὁ
1053 4987 1278 5049 πλοῦτος
1328 4989 1493 5042 αὑτοῦ
1526 4988 1626 5059 τῆς
1654 5007 1790 5060 χρη.

247 5083 499 5150 στότητος
525 5081 908 5149 ἀκριϐέστερον
936 5082 1229 5149 nugs-.03}.

319 5257 393 5310 E'.
438 5258 598 5327 ’Δνήρ
644 5272 725 5317 τις
772 5254 957 5319 ἄδοξος
1014 5253 1073 5319 ὶξ
1113 5254 1321 5321 ινδόξου
1352 5256 1448 5308 καὶ
1512 5257 1683 5325 πένης
1730 5258 1792 5308 lx

247 5349 517 5399 πλουσίων
537 5348 845 5414 γενόμενος.
895 5344 981 5399 οία
1019 5347 1082 5416 δὴ
1116 5348 1175 5399 τδ
1203 5348 1295 5399 τοῦ
1344 5348 1460 5416 βίου
1501 5349 1792 5417 περιπετὴς

1892 4552 2105 4607 quoque
2148 4536 2314 4590 David
2364 4536 2442 4589 sic
2477 4536 2746 4589 dicentem
2793 4553 2807 4589 :
2856 4535 3065 4589 Divitiae
3109 4538 3151 4590 si
3182 4536 3426 4603 afﬂuant,

1892 4629 2056 4683 nolite
2077 4642 2170 4681 cor
2192 4640 2461 4696 apponere
2480 4626 2519 4678 '.
2540 4625 2584 4679 Δ
2608 4630 2852 4694 sapiente
2872 4642 3085 4695 quoque
3108 4627 3393 4681 Salomone
3419 4644 3435 4683 :

1898 4740 1915 4770 ε
1949 4719 2311 4786 Eleemosynae
2338 4726 2395 4771 ct
2426 4714 2559 4769 ﬁdes
2597 4730 2665 4770 ne
2695 4725 2743 4769 te
2780 4715 3065 4781 deficiant;
3108 4733 3123 4767 ι
3156 4731 3263 4770 non
3294 4716 3439 4770 desi.

1893 4816 2067 4869 stebat
2116 4812 2432 4867 benefacere
2468 4828 2481 4865 :
2518 4810 2608 4864 sed
2650 4819 2767 4863 erat
2801 4825 2990 4862 manus
3036 4819 3221 4877 aperta
3269 4825 3435 4880 egen.

1893 4906 2056 4964 tibus,
2099 4910 2153 4956 et
2196 4901 2393 4954 ﬂuvius
2442 4898 2615 4952 ﬂuens
2671 4898 2841 4952 multo
2883 4906 2938 4950 et
2982 4898 3165 4965 quieto
3212 4897 3434 4957 fluento.

1894 4992 2089 5046 Verum
2132 4989 2407 5043 enimvero
2437 4989 2543 5057 jam
2588 5000 2685 5053 par
2728 4994 2811 5038 est
2842 4985 3153 5039 meminisse
3197 4986 3435 5052 singulo-

1891 5097 2031 5143 rum,
2064 5090 2125 5133 ut
2154 5079 2353 5133 divitia:
2382 5079 2500 5148 ejus
2547 5076 2802 5130 bonitatis
2836 5085 3231 5143 cognoscantur
3270 5090 3434 5131 accu-

1891 5174 2084 5224 ratius.

1960 5259 2023 5314 ν.
2069 5260 2161 5313 Vir
2208 5258 2427 5327 quidam
2477 5258 2570 5326 qui
2623 5272 2689 5309 ea
2737 5255 2883 5311 claro
2937 5258 3220 5313 obscurus.
3268 5264 3321 5308 et
3370 5270 3435 5313 ex

1896 5351 2063 5404 divite
2091 5349 2266 5403 fuerat
2295 5349 2469 5401 factus
2502 5362 2727 5415 pauper,
2756 5347 3012 5415 quoniam
3043 5344 3293 5401 redactus
3320 5355 3436 5399 erat

250 5440 346 5489 καὶ
390 5436 675 5504 ἀνώμαλον
727 5440 1022 5507 σχεδιάζειν
1065 5436 1236 5501 οἶδεν,
1284 5439 1467 5505 ἐπειδὴ
1518 5440 1627 5498 τοῖς
1657 5439 1795 5500 ὃλοες
1900 5457 1936 5492 ιιι

1749 5455 1795 5500 ις
1900 5440 1963 5492 ad
2012 5452 2270 5492 summam
2319 5451 2497 5489 rerum
2542 5436 2783 5488 omnium
2830 5435 3106 5501 impiam,
3150 5449 3273 5489 cum
3326 5434 3434 5501 ipsa

246 5530 523 5597 δ;απιρὼν
564 5526 651 5598 ἦν,
701 5531 795 5582 καὶ.
843 5530 1020 5582 αὐτῶν
1047 5530 1145 5601 ἤδη
1174 5532 1281 5583 τῶν
1329 5531 1640 5595 ἀναγκαίων
1675 5534 1793 5582 ἑπι-

323 5712 343 5743 ³
367 5711 503 5768 Psal.
534 5725 693 5775 cxtn,
713 5710 765 5765 8.

1901 5530 2062 5583 etiam
2101 5529 2149 5581 ei
2189 5527 2513 5582 defecissent
2550 5525 2872 5592 necessaria,
2916 5526 3052 5595 proli
3082 5524 3268 5578 dolor!
3300 5537 3435 5593 quo-

841 5709 1022 5764 ‘Psai.
1052 5723 1159 5773 ut,
1194 5707 1278 5760 Η.
1353 5706 1373 5737 ⁸
1396 5706 1537 5761 Psal.
1574 5723 1677 5769 LXI,
1710 5706 1790 5761 ιι.
1870 5709 1888 5738 ⁸
1913 5706 2076 5761 Eccli.
2112 5721 2201 5763 vn,
2230 5705 2313 5756 lO.
