4270 6428
221 406 331 468 323

1515 405 1689 463 VlTA
1731 405 1788 462 S.
1837 403 2169 466 NICOLAI.

3353 404 3457 468 3‘26

222 521 382 589 αὕτη,
437 522 572 589 πρὸς
598 521 774 590 γάμον
798 522 951 588 ἀνδρὶ
998 522 1282 583 συνάπτει,
1344 519 1438 580 τοῦ
1468 520 1786 588 αὐτομάτως
1817 525 1860 579 Α
1889 536 1908 572 ι

1768 525 1860 581 :A
1889 519 2005 584 uio,
2052 534 2152 587 pro
2183 524 2309 574 dote
2352 521 2404 575 ei
2449 522 2628 574 soluto
2671 534 2808 574 auro
2838 520 2981 588 quod
3025 520 3242 575 abunde
3282 522 3454 575 fuerat

219 610 414 683 ὥσπερ
461 613 680 681 ῥυέντος
735 614 939 684 χρυσοῦ
993 613 1026 683 ἢ
1076 612 1446 683 θεοπέμπτου,
1488 613 1690 681 μᾶλλον
1714 615 1792 665 εἰ-

222 706 371 767 πεῖν,
401 704 601 769 ίκανῶς
629 709 710 768 είς
737 710 935 773 προῖκα
964 704 1422 774 καταϐληθέντος.
1466 703 1646 773 Ὅπερ
1665 704 1789 757 tuti

224 797 363 865 πρὸς
391 797 595 864 γνῶσιν
616 794 748 869 ἦλθε
773 797 853 867 τῷ
885 797 1195 867 θαυμασίῳ,
1225 798 1319 851 καὶ
1353 796 1496 864 έγνω
1525 798 1664 850 κατά
1691 796 1789 866 τήν

222 888 450 958 γνώμην
485 890 634 958 αὐτῷ
660 888 946 959 πράξαντα
1000 888 1094 941 τὸν
1139 889 1331 959 ἀνδρα,
1361 888 1523 941 τοῦτο
1551 888 1660 959 γὰρ
1692 889 1789 941 καὶ

222 979 389 1041 αὐτὸς
414 978 663 1041 ἔσπευδε,
714 980 779 1030 τὸ
809 979 963 1031 λῦσαι
988 978 1076 1031 διὰ
1109 978 1203 1031 τοῦ
1230 980 1411 1047 γάμου
1442 978 1542 1048 τὴν
1570 976 1660 1031 τοῦ
1692 993 1790 1029 κα-

226 1065 327 1119 κοῦ
376 1068 674 1137 πρόφασιν,
710 1067 979 1138 εὐτρεπής
1009 1063 1077 1138 ἦν
1103 1068 1170 1120 τὰ
1203 1069 1363 1138 ὅμοια
1396 1069 1653 1138 καὶπρὸς
1689 1066 1787 1138 τήν

223 1158 489 1229 δευτέραν
517 1159 737 1228 δρᾶσαι.
773 1161 884 1213 Καὶ
911 1160 976 1229 δή
1005 1161 1097 1212 καὶ
1139 1158 1297 1214 ἀλλον
1323 1160 1627 1229 ἀπόδεσμον
1655 1176 1788 1230 χρυ-

230 1248 348 1311 σοῦ,
384 1251 729 1303 ίσοτάλαντον
757 1251 836 1322 τῷ
868 1249 1148 1322 προτέρῳ,
1174 1251 1365 1314 νυκτὸς
1410 1252 1659 1317 έπιστάς,
1691 1250 1787 1304 καὶ

222 1339 402 1391 οὐδενὶ
432 1340 684 1408 αἴσθησιν
730 1342 873 1405 δοὺς.
912 1342 1063 1413 αὑτῷ
1105 1341 1426 1410 έπιπέμπει.
1460 1342 1694 1413 Ὄρθρου
1730 1341 1786 1395 δὲ

223 1434 515 1499 διαναστὰς
571 1438 599 1489 6
662 1437 799 1507 ἀνὴρ
825 1439 917 1491 καὶ
949 1440 1009 1491 τὸ
1035 1439 1255 1507 χρυσίον
1312 1438 1507 1509 έπίσης
1539 1436 1786 1507 εὑρηκὼς

219 1526 497 1595 κείμενον,
560 1528 653 1580 καὶ
709 1528 833 1581 ίδὼν
853 1529 999 1590 ὅπως
1028 1531 1057 1582 6
1086 1529 1219 1591 Θεὸς
1244 1530 1459 1591 ἀπόνως
1516 1529 1667 1597 αύτῷ
1701 1527 1784 1582 ῦει

216 1618 312 1669 τὸν
366 1617 618 1683 πλοῦτον,
659 1619 772 1689 βίον
818 1636 875 1673 τε
908 1622 1138 1684 δίδωσιν,
1172 1622 1361 1691 ὥσπερ
1390 1624 1419 1675 6
1447 1621 1624 1688 λόγος,
1652 1620 1788 1689 ἀλη-

216 1709 504 1777 λεσμένον,
561 1713 627 1779 τῇ
683 1711 845 1780 ὁμοίᾳ
908 1711 1083 1781 εἴχετο
1143 1715 1237 1767 καὶ
1289 1709 1447 1775 αὖθις
1500 1712 1783 1782 έκπλήεει.

223 1801 411 1870 Ταύτῃ
470 1819 548 1854 τοι
584 1804 675 1854 καὶ
707 1806 785 1865 είς
838 1804 943 1873 γῆν
1000 1806 1203 1870 πεσὼν,
1260 1806 1354 1858 καὶ
1382 1805 1458 1874 τῷ
1483 1805 1670 1871 εδάφει
1724 1804 1786 1856 τὸ

1889 610 2323 677 suppeditatum.
2368 608 2523 674 Quod
2579 608 2799 677 quidem
2855 620 3139 678 postquam
3190 610 3340 663 venit
3387 612 3453 663 ad

1888 700 2137 753 notitiam
2170 699 2376 754 Nicolai
2411 698 2771 762 admirabilis.
2802 709 2855 754 et
2888 700 3163 754 hominem
3198 701 3455 769 cognovit

1862 784 2083 842 iecisse
2124 803 2191 842 ex
2230 788 2349 857 ejus
2380 788 2549 841 animi
2588 790 2857 842 sententia
2904 790 3030 860 (hoc
3072 790 3219 843 enim
3252 802 3368 845 erat
3400 790 3452 843 ei

1887 878 2069 933 studio
2112 893 2211 947 per
2246 878 2464 945 nuptias
2485 878 2700 933 auferre
2741 879 2869 932 mali
2918 881 3317 946 occasionem),
3355 896 3451 948 pa-

1888 978 2039 1023 ratus
2068 978 2187 1023 erat
2231 968 2428 1022 similia
2468 984 2685 1038 quoque
2732 970 2913 1025 {acere
2945 973 3000 1024 in
3042 971 3339 1025 secundum
3388 969 3453 1022 li-

1886 1059 2014 1114 liam
2038 1077 2052 1113 :
2082 1070 2244 1129 atque
2266 1060 2403 1113 adeo
2427 1061 2759 1115 tantumdem
2787 1061 2908 1116 auri
2936 1063 3151 1129 pondus
3173 1062 3451 1130 alligatum

1887 1151 2055 1206 mittit
2090 1166 2188 1219 per
2216 1150 2462 1205 eamdem
2505 1151 2799 1206 lenestram
2840 1164 3037 1216 noctu,
3083 1153 3334 1206 omnibus
3369 1153 3451 1205 in-

1885 1243 2207 1297 scientibus.
2240 1240 2377 1295 Cum
2413 1257 2540 1296 vero
2574 1243 2657 1296 vir
2689 1256 2848 1297 mane
2882 1244 3227 1301 surrexisset.
3263 1252 3317 1293 et
3351 1258 3450 1295 τευ-

1888 1348 2009 1387 rum
2043 1333 2294 1387 similiter
2337 1333 2655 1396 invenisset,
2702 1333 2893 1387 eodem
2928 1335 3091 1386 modo
3129 1348 3318 1387 rursus
3352 1332 3453 1385 fuit

1887 1421 2318 1491 obstupefactus,
2366 1422 2627 1491 humique
2674 1433 2978 1493 prostratus
3032 1425 3208 1478 solum
3261 1425 3453 1480 calidis

1886 1514 2150 1583 irrigabat
2183 1515 2458 1585 laerymis,
2542 1516 2703 1578 Deus,
2735 1516 2942 1579 dicens,
2985 1517 3078 1583 qui
3123 1519 3202 1570 vis
3240 1518 3452 1570 miseri-

1886 1604 2165 1669 cordiam,
2211 1604 2555 1672 dispensator
2607 1615 2803 1658 nostra
2863 1606 3090 1668 salutis,
3140 1607 3232 1673 qui
3286 1606 3448 1658 etiam

1886 1695 2039 1765 prius
2064 1706 2286 1765 propter
2310 1710 2482 1748 meam
2511 1694 2673 1748 homo
2696 1692 2878 1749 laetus
2898 1710 2957 1749 es
2982 1696 3405 1750 inobedtentiam
3434 1738 3448 1762 ,

1885 1796 1941 1841 et
1968 1800 2113 1839 nunc
2146 1800 2231 1839 me
2261 1800 2383 1838 cum
2411 1785 2622 1839 ﬁliabus
2651 1786 2851 1840 liberas
2892 1802 2921 1839 a
2967 1786 3166 1854 laqueo
3205 1788 3437 1849 inimici,

228 1893 484 1961 μέτωπον
519 1894 901 1964 προσερείσας,
930 1896 1281 1966 θερμοτέροις
1336 1894 1486 1965 αὐτῷ
1530 1897 1641 1957 τοῖς
1689 1893 1782 1947 δά·-
1812 1898 1855 1955 B
1883 1880 1914 1949 il

1760 1922 1782 1934 -
1812 1898 1855 1955 Β
1883 1880 2000 1949 ipse
2031 1878 2165 1932 mihi
2197 1892 2323 1932 eum
2355 1878 2581 1932 ostende
2609 1878 2703 1946 qui
2736 1887 2844 1931 tua:
2880 1878 3123 1931 deservit
3158 1877 3446 1939 voluntati,

218 1998 418 2049 κρυσιν
448 1983 658 2047 έεαλλε,
689 1984 811 2049 Θεὶ,
844 1986 1035 2051 λέγων,
1063 1987 1256 2055 ἀγαθέ,
1292 1987 1393 2039 Θεέ
1426 1988 1645 2041 πάντων
1680 2002 1781 2056 κη-

217 2075 274 2126 ὅε
290 2076 407 2142 μιύν
438 2077 532 2127 καὶ
559 2076 763 2145 ἀγαθοῦ
792 2079 987 2142 παντὸς
1035 2080 1197 2145 αίτιε,
1223 2081 1472 2149 οίκονόμε
1499 2081 1599 2150 τῆς
1625 2081 1781 2151 ήμῶν

223 2169 524 2235 σωτηρίας,
552 2172 579 2222 6
605 2172 694 2223 καὶ
736 2172 998 2241 πρότερον
1025 2172 1113 2224 διὰ
1140 2172 1238 2242 τήν
1264 2172 1403 2243 ιμήν
1430 2173 1783 2243 ένανθρωπή-

227 2274 324 2319 σας
363 2260 697 2327 παράϐασιν,
754 2264 846 2314 καὶ
878 2261 971 2314 νῦν
996 2262 1111 2331 ἅμα
1146 2264 1302 2315 παισὶ
1351 2265 1446 2332 τῆς
1478 2264 1782 2331 ἀναγκαίας

1880 1970 1970 2038 qui
2027 1970 2171 2022 inter
2226 1970 2473 2021 homines
2522 1978 2607 2020 est
2660 1968 2883 2035 angelus
2938 1975 2993 2019 et
3046 1967 3286 2019 imitator
3344 1977 3450 2018 tua

1878 2060 2267 2130 benignitatis;
2303 2060 2427 2126 quis
2456 2059 2545 2112 hic
2589 2068 2693 2122 est,
2730 2058 2823 2125 qui
2870 2073 2969 2111 nos
3010 2057 3213 2124 eripuit
3247 2072 3277 2109 a
3308 2073 3449 2125 pau-

1878 2159 2088 2221 pertate
2119 2164 2239 2217 qua:
2280 2164 2380 2202 nos
2412 2148 2713 2216 premebat,
2756 2158 2811 2201 et
2853 2164 2881 2200 a
2926 2148 3080 2201 tetris
3111 2147 3271 2201 solvit
3302 2148 3447 2214 cogi-

1883 2239 2197 2294 tationibus.
2236 2240 2375 2292 Ecce
2406 2239 2551 2291 enim
2592 2248 2681 2291 tua
2728 2238 3101 2291 misericordia
3147 2238 3444 2291 secundum

220 2364 289 2412 με
320 2348 524 2415 ταύτης
552 2350 784 2416 παγίδος
810 2349 903 2403 τοῦ
942 2327 1139 2421 ἐχθροῦ
1164 2327 1445 2421 ῥυόμενος,
1482 2327 1646 2413 αὐτος
1687 2366 1777 2420 μοι
1885 2331 1906 2386 ί

1761 2366 1777 2402 ι
1885 2331 2047 2386 ﬁliam
2093 2331 2248 2384 trado
2292 2332 2409 2384 \iro
2454 2328 2884 2398 eonjungendam
2924 2327 3272 2381 matrimonio
3309 2329 3442 2396 legi-

213 2438 309 2490 τὺν
335 2439 428 2492 τοῦ
460 2440 553 2492 σοῦ
586 2440 888 2511 θελήματος
918 2418 1215 2512 ὑπουργὸν,
1270 2418 1361 2495 τὸν
1395 2444 1488 2494 σὸν
1512 2418 1772 2512 μιμητὴν,
1888 2433 1899 2476 ¹

1758 2483 1772 2507 ν
1888 2423 2041 2482 timo,
2072 2436 2194 2489 qua
2228 2422 2338 2490 jam
2370 2420 2560 2472 vitavit
2590 2434 2655 2472 ne
2700 2420 2771 2472 sit
2799 2418 2984 2487 praeda
3018 2418 3241 2481 diaboli,
3278 2432 3334 2472 et
3377 2436 3442 2473 ne

216 2533 305 2583 τὸν
330 2534 386 2583 έν
429 2505 735 2601 ἀνθρώποις
763 2536 1017 2602 ἄγγελον,
1064 2505 1127 2598 ’δέ
1172 2535 1314 2588 οῦτω
1346 2553 1413 2603 με
1443 2505 1773 2588 ἀναπλάττει
1882 2525 1902 2561 ⁸

1759 2505 1773 2586 ί
1882 2508 2016 2561 mihi
2050 2518 2319 2575 qua-stum
2358 2505 2546 2561 aﬁ'erat
2619 2507 2813 2575 quovis
2854 2505 3075 2572 damno,
3119 2507 3253 2576 proh
3286 2508 3442 2562 dolor

215 2622 402 2689 πάλιν,
447 2624 620 2688 οὕτως
668 2626 966 2695 έγκαινίζει
995 2644 1087 2696 μοι
1124 2630 1221 2697 τὴν
1246 2627 1568 2697 εὐημερίαν,
1602 2625 1774 2687 οὕτως
1883 2613 2211 2668 8τ²ν¹οτθ¹¹¹·

216 2714 464 2786 ὀλεθρίου
489 2717 603 2770 λύει
641 2716 1029 2786 βουλεύματος,
1078 2719 1242 2781 αὑτός
1280 2736 1371 2787 μοι
1399 2717 1591 2770 τοῦτον
1629 2717 1776 2776 ὅστις
1816 2716 1933 2765 ἐστὶ
2002 2715 2287 2782 γνώρισον.
2336 2712 2467 2765 Ἰδοὺ
2498 2714 2604 2780 γὰρ
2636 2712 2714 2780 τῷ
2779 2712 2922 2765 έλέει
2952 2712 3029 2782 τῷ
3075 2714 3171 2783 σῷ,
3204 2716 3296 2764 καὶ
3347 2714 3446 2779 τὴν

219 2816 481 2883 δευτέραν
509 2814 615 2865 τῶν
649 2814 963 2881 θυγατέρων
1008 2814 1163 2882 ἀνδρὶ
1224 2813 1365 2865 κατά
1422 2814 1584 2881 νόμον
1638 2812 1919 2878 έκδίδωμι,
2002 2806 2280 2876 φυγοῦσαν
2315 2807 2415 2878 ήδη
2481 2807 2543 2858 τὸ
2598 2808 2997 2877 μνηστευθῆναι
3061 2810 3137 2877 τῷ
3190 2810 3440 2885 διαϐόλῳ,

218 2908 316 2959 καὶ
352 2904 540 2972 κέρδος
567 2903 689 2973 έμοὶ
717 2904 1068 2972 προσφέρειν,
1101 2905 1304 2974 ζημίας
1333 2904 1502 2967 ὅντως
1532 2904 1772 2973 ψυχικῆς
1819 2900 2096 2971 πρόξενον.

292 2997 365 3048 Ζ’.
404 2994 589 3048 Ταῦτά
637 3009 697 3045 τε
751 2996 922 3062 ἔλεγε,
982 2996 1074 3046 καὶ
1123 2998 1186 3064 τῇ
1228 2997 1379 3048 παιῶ
1427 2998 1771 3067 παραχρῆμα

1952 2990 2063 3045 Vll.
2117 2990 2239 3045 llaec
2306 2990 2485 3055 dixit,
2530 3002 2587 3047 et
2629 2992 2881 3046 secunda:
2921 2994 3040 3047 ﬁliae
3084 2996 3267 3049 statim
3301 2998 3442 3051 cele-

217 3087 394 3140 έτέ).ει
423 3086 548 3146 τοὺς
614 3087 857 3153 γάμους,
904 3086 1179 3155 μετέωρον
1216 3084 1404 3156 ὥσπερ
1454 3090 1552 3158 τὴν
1599 3087 1777 3156 ψυχὴν
1806 3102 1849 3160 ο
1883 3080 1903 3135 ι

1755 3106 1777 3139 ν
1806 3102 1849 3160 ο
1883 3080 2057 3135 hravit
2094 3083 2329 3148 nuptias,
2368 3094 2550 3137 erecto
2581 3083 2688 3152 jam
2732 3083 2916 3137 animo
2944 3095 2998 3138 et
3030 3087 3171 3140 bona
3215 3104 3310 3158 spe
3340 3090 3441 3142 du-

214 3182 381 3248 έχων,
419 3180 511 3231 hri.
553 3177 803 3248 χρηστῶν
840 3195 895 3230 τε
929 3177 1159 3232 ἐλπίδων
1202 3178 1515 3249 ὀχούμενος,
1560 3179 1631 3241 ὡς
1668 3180 1776 3233 οὐδ’

215 3272 313 3323 ἐπὶ
340 3270 439 3339 τῆς
463 3271 652 3338 τρίτης
678 3268 743 3321 ἂν
772 3271 851 3329 είς
873 3268 1081 3338 μακρὸν
1102 3269 1367 3339 ἀπορήσοι
1397 3270 1489 3323 τοῦ
1522 3271 1773 3339 συνοική-

218 3376 427 3422 σοντος.
460 3360 572 3427 Τὴν
600 3361 801 3427 προῖκα
847 3361 953 3429 γὰρ
990 3360 1091 3431 ήδη
1137 3362 1232 3413 καὶ
1278 3361 1365 3414 διὰ
1405 3362 1584 3430 χειρὸς
1630 3363 1774 3430 ἔχειν

216 3448 383 3516 ᾤετο,
412 3448 651 3517 θαρρῶν,
682 3447 758 3508 ὡς
782 3448 947 3510 είκδς,
978 3450 1084 3500 ἀπὸ
1107 3448 1215 3500 τῶν
1247 3451 1548 3519 προτέρων.
1582 3448 1775 3501 Ἔνθεν

216 3557 303 3593 τοι
350 3541 445 3593 καὶ
479 3538 837 3607 προσεκτικδς
886 3533 974 3608 ἦν,
1030 3540 1120 3591 καὶ
1168 3539 1267 3607 τήν
1305 3539 1482 3609 ψυχήν
1528 3542 1776 3609 έμπαρά-

216 3646 432 3691 σκευος,
471 3630 543 3698 μὴ
566 3630 659 3682 καὶ
689 3630 825 3699 λάθῃ
850 3631 1109 3699 φοιτήσας
1137 3631 1164 3682 6
1191 3631 1502 3700 εὐεργέτης,
1537 3632 1630 3683 καὶ
1668 3648 1777 3683 πα-

219 3722 435 3789 ρασχὼν
494 3721 591 3789 μὶν
651 3721 915 3791 εύφράνῃ,
952 3720 1172 3793 λυπήσῃ
1221 3720 1276 3773 δέ
1324 3720 1403 3789 τῷ
1445 3721 1579 3788 μηδι
1624 3721 1771 3791 αὐτῷ

210 3812 375 3879 δῆλος
442 3812 691 3869 γενέσθαι
738 3813 813 3877 τῷ
838 3806 896 3863 εὖ
928 3812 1210 3880 πάσχοντι,
1250 3812 1386 3881 μηδέ
1433 3813 1587 3868 τοῦτο
1613 3813 1771 3883 μόνον

219 3901 539 3953 ἀντιλασεῖν
572 3900 819 3968 θελῆσαι,
848 3904 945 3970 τήν
974 3902 1262 3972 ὁμολογίαν
1299 3903 1397 3971 τῆς
1420 3904 1657 3972 χάριτος.
1712 3907 1768 3960 ’0

215 3993 317 4059 μὲν
342 3991 406 4061 δὴ
438 3992 579 4043 οὕτω
616 3993 750 4060 πρὸς
796 3992 895 4059 τήν
934 3994 1142 4045 ἐκείνου
1175 3994 1383 4046 ἔλευσιν
1412 3996 1727 4065 διηγρύπνει
1752 4014 1763 4027 ο

210 4084 507 4150 spinossi.
538 4082 595 4134 δὲ
624 4086 684 4135 τὸ
712 4086 891 4154 τρίτον
931 4085 960 4135 ὸ
1000 4084 1293 4153 εὐεργέτης
1327 4084 1543 4152 βαθείας
1577 4088 1767 4149 νυκτὸς

210 4146 406 4238 adciqu
434 4173 572 4233 ποδὶ,
605 4173 699 4223 καὶ
730 4146 876 4242 τὶέιρά
919 4172 996 4241 τῷ
1037 4146 1260 4238 συνήθει
1278 4146 1283 4147 ί
1305 4146 1451 4240 τόπῳ
1481 4146 1768 4242 γενόμενος

210 4266 329 4314 iam:
360 4262 562 4331 χρυσοῦ
594 4264 685 4314 καὶ
717 4262 869 4325 αὖθις
892 4260 1193 4331 ἀπόδεσμον
1223 4262 1309 4315 διὰ
1333 4264 1431 4330 τῆς
1467 4264 1635 4333 αὐτῆς
1665 4266 1769 4315 είσ-

210 4350 424 4416 πέμπει
469 4349 707 4419 θυρίδος,
762 4353 854 4404 καὶ
920 4352 1261 4421 παραχρῆμα
1318 4350 1458 4403 θέων
1519 4353 1764 4421 έπανῂει.

1882 3182 1999 3225 ctus
2040 3170 2156 3223 lore
2189 3180 2246 3223 ut
2284 3186 2384 3224 nec
2420 3172 2472 3225 in
2510 3173 2667 3225 tertia
2709 3173 2927 3241 quidem
2962 3176 3013 3229 ei
3049 3177 3119 3229 sit
3152 3175 3439 3234 defuturus

1879 3262 1972 3328 qui
2024 3275 2145 3314 eam
2227 3262 2461 3324 accipiat
2517 3265 2824 3331 conjugem.
2888 3264 2955 3320 Se
3011 3267 3155 3319 enim
3214 3270 3326 3336 jam
3384 3272 3436 3323 in

1879 3362 2133 3422 promptu
2183 3353 2406 3419 putabat
2456 3353 2655 3407 habere
2691 3355 2897 3414 dotem.
2947 3371 3013 3411 ex
3065 3359 3339 3426 prioribus
3368 3362 3437 3416 de

1876 3458 1939 3496 ea
1968 3456 2207 3511 quoque,
2238 3452 2293 3495 ut
2324 3458 2420 3511 par
2449 3454 2586 3504 erat.
2620 3446 2937 3515 concipiens
2981 3448 3256 3505 ﬁduciam.
3305 3452 3436 3507 Erat

1877 3536 2061 3602 itaque
2096 3545 2342 3589 attentus
2377 3544 2429 3588 et
2463 3536 2749 3599 sollicitus,
2784 3548 2839 3591 et
2891 3549 3031 3593 totas
3080 3552 3269 3597 noctes
3298 3544 3431 3613 vigi-

1874 3625 2017 3678 labat
2058 3624 2295 3689 assidue,
2337 3639 2404 3679 ne
2442 3639 2507 3679 eo
2553 3627 2818 3681 insciente
2856 3631 3141 3684 accederet
3185 3634 3435 3703 egregius

1873 3715 1963 3767 ille
2008 3715 2383 3784 suppeditatur
2436 3718 2679 3785 pecunia
2731 3736 2744 3770 :
2800 3718 2894 3772 sed
2945 3719 2988 3773 si
3039 3722 3247 3776 veniret
3303 3740 3431 3777 eum

1874 3804 2139 3858 ambabus
2181 3804 2431 3858 manibus
2468 3808 2920 3873 apprehenderet,
2964 3822 3017 3864 et
3048 3826 3113 3864 ex
3158 3827 3224 3865 eo
3269 3815 3433 3869 sciret

1873 3897 2118 3965 quisnam
2142 3907 2303 3957 esset.
2328 3910 2381 3949 et
2403 3897 2671 3949 undenam
2703 3912 2896 3951 aurum
2919 3900 2983 3953 ad
3010 3916 3134 3954 eum
3159 3902 3424 3958 alﬁuerct.

1870 3989 2047 4053 Atque
2102 3986 2192 4039 ille
2237 3986 2455 4054 quidem
2506 3987 2585 4040 sic
2642 3988 2898 4055 vigilabat
2961 3991 3253 4046 adventum
3310 3996 3429 4064 ejus

1872 4077 2205 4144 praestolans.
2254 4076 2438 4131 Tertio
2480 4088 2660 4132 autem
2713 4083 3041 4147 pedetentim
3078 4086 3289 4140 accedit
3327 4086 3422 4141 Dvi

1870 4182 2061 4221 servus
2109 4167 2361 4221 Nicolaus
2405 4183 2530 4222 cum
2575 4181 2720 4224 esset
2762 4188 2868 4227 nos
2925 4174 3194 4243 profunda
3243 4196 3253 4229 :
3303 4192 3426 4230 cum

1870 4259 2111 4312 venisset
2150 4257 2217 4309 ad
2270 4259 2445 4310 locum
2499 4272 2857 4325 consuetum,
2916 4264 3251 4319 tantumdem
3309 4268 3429 4320 auri

1870 4365 2061 4405 rursus
2094 4351 2371 4419 alligatum
2408 4352 2651 4404 immittit
2689 4368 2783 4421 per
2815 4355 3063 4408 eamdem
3110 4356 3423 4411 fenestrarum.

210 4441 385 4503 Αὐτὸς
412 4443 465 4493 δὲ
489 4443 517 4493 6
554 4443 649 4503 τὰς
672 4441 988 4511 εὐεργεσίας
1026 4443 1270 4509 συνήθως
1315 4442 1620 4510 δεχόμενος,
1668 4441 1763 4495 τοῦ
1798 4458 1840 4513 ι)
1870 4440 1896 4494 Γ

1734 4441 1763 4493 ῦ
1798 4458 1840 4513 ι)
1870 4440 2026 4494 Pater
2053 4455 2181 4494 vero
2213 4443 2510 4509 puellarum
2538 4457 2659 4495 cum
2697 4446 2953 4497 sensisset
2982 4447 3269 4511 strepitum
3301 4451 3420 4500 auri

209 4533 559 4593 εἰσπεσόντος
603 4533 801 4600 χρυσοῦ
859 4532 969 4583 τῶν
1015 4531 1202 4600 ψόφων
1268 4531 1606 4599 αίσθόμενος.
1671 4536 1762 4587 καὶ

206 4622 386 4691 τούτῳ
416 4625 664 4690 παρεῖναι
703 4623 865 4675 πάλιν
890 4624 981 4673 τὸν
1027 4622 1232 4690 συνήθη
1272 4623 1636 4696 πλουτοδότην
1688 4627 1762 4697 μὴ

208 4716 505 4783 ἀγνοήσας,
538 4709 787 4785 ᾕτάχους
820 4709 960 4783 εἶχεν
999 4715 1162 4776 εὐθὺς
1201 4717 1388 4769 ἐδίωκε
1414 4733 1427 4748 ο
1462 4719 1557 4769 καὶ
1590 4734 1757 4770 κατα-

208 4804 387 4855 λαϐὼν
416 4807 509 4855 καὶ
538 4804 695 4870 γνυὺς
738 4804 884 4865 ὅστις
927 4804 1033 4873 εἴη,
1072 4803 1189 4856 οὐδὲ
1231 4806 1339 4875 γὰρ
1383 4806 1491 4859 τῶν
1534 4808 1761 4877 ἀσήμων

207 4892 366 4953 οέτος
419 4895 494 4950 είς
537 4892 757 4958 ἀρετὴν,
809 4893 907 4943 οῦκ
960 4889 1102 4959 εἶχεν
1147 4894 1211 4945 έκ
1266 4899 1621 4961 περιχαρείας
1657 4900 1759 4949 ὅτι

207 4988 302 5036 καὶ
334 4985 563 5049 γένοιτο,
588 4981 856 5052 ἐγκρατὴς
899 4983 997 5052 ήδη
1028 4983 1119 5035 τοῦ
1167 4985 1479 5055 θηράματος
1518 4988 1612 5054 ὢν,
1667 4992 1760 5043 καὶ

207 5079 303 5126 τὸν
341 5075 630 5141 εὐεργέτην
676 5077 732 5124 ἐν
778 5077 961 5141 χερσὶν
1013 5076 1170 5142 έχων.
1231 5077 1580 5145 Λαμσάνεται
1634 5082 1760 5147 γοῦν

208 5164 380 5228 ἡδέως
405 5161 512 5211 τῶν
541 5159 753 5211 έκείνου
783 5159 978 5222 ποδῶν,
1010 5165 1103 5213 καὶ
1154 5162 1430 5233 λυτρωτὴν
1463 5166 1625 5217 αὑτὸν
1667 5172 1759 5220 καὶ

210 5252 408 5320 βοηθὸν
448 5253 544 5303 καὶ
575 5253 801 5319 σωτῆρα
857 5252 1045 5320 ψυχῶν
1092 5254 1171 5315 είς
1214 5255 1438 5324 έσχατον
1478 5258 1755 5321 ἀπωλείας

208 5344 519 5412 ἐρχομένων
577 5341 779 5395 ἐκάλει.
816 5342 874 5394 Ei
906 5346 979 5412 μή
1011 5344 1118 5412 γὰρ
1170 5347 1295 5408 τοὺς
1335 5349 1520 5410 σοὺς,’
1552 5350 1756 5419 έλεγεν,

208 5436 528 5501 είκςιρμοῦς
559 5434 588 5484 6
616 5436 784 5499 μέγας
810 5433 946 5486 έλέει
976 5434 1291 5504 διανέστησε
1332 5438 1554 5508 Κύριος,
1594 5440 1759 5493 πάλαι

209 5531 277 5580 ἂν
311 5524 645 5587 ἀπωλώλειν,
683 5527 862 5591 πατὴρ
889 5525 1093 5587 ἄθλιος,
1126 5529 1265 5596 μετὰ
1300 5528 1610 5597 θυγατέρων
1634 5570 1645 5592 ,
1678 5536 1755 5584 οῖ-

212 5634 301 5685 μοι
330 5620 340 5667 ῐ
372 5615 557 5684 τριῶν.
609 5615 765 5667 ’Λλλά
813 5614 907 5667 νῦν
938 5615 1180 5669 σέσωκεν
1202 5620 1347 5687 ἡμᾶς
1393 5620 1480 5672 διὰ
1525 5622 1641 5687 σοῦ⁹
1668 5626 1757 5675 καὶ

211 5709 301 5760 τοῦ
352 5704 548 5773 πικροῦ
602 5705 699 5772 τῆς
762 5708 1032 5777 ἁμαρτίας
1096 5709 1359 5776 ὲῤῥύσατο
1442 5715 1750 5779 πτώματος,

281 5824 299 5850 '
323 5818 462 5874 i‘sal.
508 5832 638 5884 cxn,
670 5818 719 5872 7.

1870 4533 2011 4599 quod
2031 4532 2320 4595 ceciderat,
2337 4543 2389 4586 et
2409 4534 2876 4587 animadvertisset
2899 4536 3085 4589 adesse
3105 4548 3424 4593 consuetum

1869 4638 2032 4690 opum
2074 4627 2557 4692 suppeditatorem,
2589 4641 2751 4693 quam
2795 4629 3053 4682 citissime
3088 4632 3262 4699 patuit
3301 4649 3422 4687 eum

1870 4726 1947 4768 est
1982 4726 2298 4782 persecutus
2328 4733 2338 4768 :
2369 4732 2602 4785 cumque
2646 4732 2771 4771 eum
2815 4722 3339 4788 comprehendisset,
3372 4738 3425 4780 ct

1870 4806 2207 4873 cognovisset
2241 4806 2487 4872 quisnam
2529 4817 2691 4869 esset,
2724 4822 2899 4874 neque
2942 4810 3087 4863 enim
3130 4812 3175 4865 is
3202 4824 3422 4881 promer

1870 4898 2123 4949 virtutem
2170 4904 2224 4947 et
2279 4895 2622 4962 splendorem
2684 4899 2899 4965 generis
2959 4911 3075 4953 erat
3133 4904 3419 4967 obscurus,

1870 4986 2102 5053 procidit
2135 4985 2199 5037 ad
2232 4985 2353 5053 ejus
2386 4985 2570 5053 pedes,
2614 4997 2668 5039 et
2709 4987 2858 5039 illum
2902 4990 3297 5057 redemptorem
3332 5009 3422 5043 vo-

1868 5079 2043 5136 cabat,
2072 5084 2127 5126 et
2159 5072 2486 5142 adjutorem,
2510 5084 2565 5127 et
2598 5086 2927 5129 servatorem
2966 5077 3269 5131 animarum
3300 5096 3420 5149 qua:

1864 5168 1970 5235 jam
2011 5164 2077 5218 ad
2119 5175 2420 5217 extremum
2469 5164 2883 5219 adducebantur
2935 5168 3256 5234 perieulum.
3304 5172 3418 5225 Nisi

1865 5258 2032 5318 enim,
2075 5254 2323 5317 dicebat,
2371 5265 2491 5308 tuas
2533 5270 2758 5324 magnus
2806 5257 2894 5311 ille
2946 5259 2997 5310 in
3044 5260 3417 5315 misericordia

1866 5347 2124 5403 Dominus
2154 5354 2440 5399 excitasset
2474 5346 2872 5411 miserationes,
2903 5350 3014 5417 jam
3059 5350 3187 5404 olim
3228 5352 3419 5419 periis-

1866 5454 1977 5492 sem
2022 5438 2205 5491 inl‘elix
2242 5443 2391 5505 puter
2436 5450 2557 5488 cum
2604 5436 2802 5500 tribus,
2840 5439 2944 5492 heu
2987 5440 3138 5499 mihi.
3181 5442 3413 5498 ﬁliabus.

1866 5528 1970 5583 Sed
2003 5543 2147 5580 nunc
2177 5528 2329 5579 nobis
2365 5540 2461 5593 per
2490 5535 2538 5579 lc
2573 5526 2722 5579 dedit
2758 5529 3006 5590 salutem,
3038 5541 3088 5584 et
3116 5531 3183 5585 ab
3216 5534 3416 5586 acerbo

1865 5634 2001 5675 casu'
2029 5618 2231 5688 peccati
2269 5616 2520 5669 liberavit
2566 5634 2577 5669 :
2620 5629 2674 5671 et
2700 5620 2871 5671 erexit
2904 5622 3181 5676 mendicos
3215 5639 3243 5677 e
3277 5634 3415 5677 ster-

1866 5710 2113 5779 quilinio,
2147 5718 2200 5760 ct
2234 5722 2262 5759 c
2301 5716 2439 5758 terra
2481 5722 2699 5776 surgere
2743 5708 2867 5763 fecit
2914 5725 3177 5779 pauperes
3203 5711 3243 5763 ⁸.
3291 5712 3413 5766 ΙΙωο
