4270 6428
282 416 394 476 329

360 530 440 579 θ’.
489 524 653 577 Ἀλλὰ
685 524 890 579 τούτων
914 525 1087 589 οὕτως
1119 527 1348 596 ἐχόντων
1380 527 1490 589 τῶν
1544 528 1755 580 ναυτῶν
1782 520 1859 587 εἷς
1892 534 1937 587 Α,

282 615 474 683 (πάλιν
505 614 613 685 γὰρ
650 618 678 668 ὁ
709 615 980 684 βάσκανος
1032 617 1100 668 τὰ
1160 619 1375 686 χρηστὰ
1428 616 1601 669 ταῦτα
1644 615 1863 683 πληγὰς

284 707 483 760 ἑαυτοῦ
534 706 914 777 λογιζόμενος,
965 708 1283 762 ἀντιλυπεῖν
1319 708 1635 778 ἐπειρᾶτο),
1674 708 1766 759 ἐπὶ
1803 707 1863 757 τὸ

281 798 588 867 ἀκρότατον
636 799 733 867 τῆς
784 799 960 867 μέσης
1019 799 1260 853 ἀνελθὼν
1312 801 1563 870 κεραίας,
1610 799 1695 866 ἐφ’
1742 793 1861 866 ᾧτι

280 890 392 941 τῶν
420 890 519 956 τῆς
549 889 685 951 νεὼς
710 890 892 942 ὅπλων
921 889 980 943 εὖ
1015 890 1305 954 διαθεῖναι,
1339 891 1412 953 ὡς
1443 892 1545 962 ήδη
1574 890 1864 943 κατελθεῖν

280 978 534 1047 ἔμελλεν,
567 978 881 1048 ὀλισθήσας,
910 979 1005 1031 ἐπὶ
1029 982 1202 1050 μέσην
1222 981 1324 1051 τῆν
1354 978 1488 1031 ναῦν
1508 980 1861 1043 καταπίπτει,

282 1073 380 1125 καὶ
405 1073 613 1133 ἄπνους
645 1072 845 1135 ἔκειτο,
874 1076 969 1125 καὶ
1026 1072 1220 1142 νεκρὸς
1269 1072 1533 1142 ἄντικρυς
1570 1067 1659 1142 ῆν.
1714 1072 1774 1124 ’0
1805 1071 1860 1125 δὲ

280 1162 381 1232 τὴν
412 1163 678 1234 ταχίστην
730 1166 1048 1234 ἐπικουρεῖν
1096 1162 1305 1226 εἰωθὼς
1355 1166 1634 1233 προσευχῇ
1674 1161 1863 1215 τοῦτον

279 1258 412 1325 ῥᾷον
456 1256 488 1325 ἢ
526 1256 619 1308 τὸν
656 1256 928 1309 ύπνοῦντα
984 1257 1254 1326 διανιστᾷ,
1321 1259 1420 1309 καὶ
1460 1256 1642 1320 ζῶντα
1696 1255 1860 1309 πάλιν

278 1350 445 1401 αὑτὸν
474 1352 590 1410 τοῖς
627 1349 944 1419 πλωτῆρσιν
1016 1349 1384 1420 ἀποκαθιστᾷ.
1439 1350 1673 1403 Ἔπειτα
1714 1349 1860 1401 ίστία

278 1444 459 1494 πάντα
486 1443 843 1505 πετάσαντες,
880 1443 976 1493 καὶ
1003 1441 1070 1493 δι’
1103 1441 1279 1509 αὖρας
1306 1440 1512 1510 λεπτῆς
1543 1445 1636 1493 καὶ
1670 1442 1859 1511 ἡδείας

276 1535 339 1585 τὸ
372 1533 504 1602 ἑξῆς
529 1534 623 1585 τοῦ
657 1532 792 1585 τιλοῦ
822 1532 1203 1596 διανύσαντες,
1226 1534 1301 1596 ὡς
1327 1534 1429 1604 ήδη
1456 1536 1519 1603 τῇ
1553 1528 1623 1605 γῇ
1656 1532 1859 1603 προσέ-

280 1641 434 1693 σχον,
484 1624 656 1675 πολλά
699 1624 809 1675 τῶν
862 1622 1181 1693 παραδόξων
1228 1624 1391 1685 εύθυς
1446 1623 1714 1688 ἐτελεῖτο,
1766 1626 1860 1677 καὶ

280 1716 607 1785 θαυμασίων
655 1733 738 1770 tt:
793 1717 1089 1784 ἀνεκέχυτο
1120 1716 1387 1771 θάλασσα.
1445 1716 1507 1767 Et
1542 1718 1650 1785 γὰρ
1700 1733 1858 1768 συνε-

276 1811 437 1863 λόντα
473 1827 539 1879 με
574 1810 653 1862 δεῖ
706 1809 894 1877 φάναι,
924 1809 1099 1871 οὐδεὶς
1152 1805 1219 1879 ἦν
1268 1810 1295 1861 ὁ
1337 1808 1440 1862 ὑπὸ
1460 1807 1554 1860 τοῦ
1585 1808 1791 1868 πάθους
1823 1806 1852 1875 ἧ

1592 416 1770 477 VlTA
1812 416 1869 474 S.
1914 412 2241 473 ~NICOLM.

3436 409 3542 472 330

2037 525 2125 577 IX.
2174 524 2279 579 Sed
2326 537 2448 577 cum
2498 522 2611 575 haec
2653 524 2725 576 ita
2772 537 2830 575 se
2872 520 3156 583 haberent,
3207 519 3429 590 quidam
3475 538 3541 577 ex

1967 618 2148 670 nautis
2177 630 2300 669 cum
2331 616 2387 668 in
2421 629 2694 669 summum
2726 614 2917 667 media:
2973 621 3224 669 antennae
3260 612 3543 668 ascendis-

1964 717 2068 769 set,
2107 714 2165 757 ut
2200 706 2355 757 navis
2389 712 2851 757 armamentorum
2895 713 3041 757 recte
3074 703 3280 772 aliquid
3320 718 3544 773 compo-

1966 806 2141 861 neret,
2185 812 2308 850 cum
2353 797 2463 864 jam
2513 796 2665 849 illinc
2708 805 2851 849 esset
2887 796 3279 859 descensurus,
3320 812 3384 849 ex
3429 798 3542 851 alto

1965 887 2152 956 lapsus
2193 888 2340 941 cadit
2389 886 2445 940 in
2497 887 2732 941 mediam
2788 900 2983 939 navem
3033 896 3133 940 :et
3179 885 3270 939 ille
3317 886 3539 957 quidem

1958 980 2174 1049 jacebat
2227 982 2360 1034 nihil
2412 982 2625 1049 spirans
2678 989 2734 1035 et
2778 979 3071 1033 videbatur
3120 989 3393 1036 mortuus.
3445 979 3541 1036 Ille

1964 1088 2094 1128 vero
2119 1074 2185 1128 ad
2214 1088 2373 1143 opem
2412 1074 2691 1128 ferendam
2724 1075 2888 1127 etiam
2927 1082 3219 1141 antequam
3247 1082 3541 1127 Vucaretur

1965 1166 2365 1233 paratissimus,
2394 1164 2645 1218 oratione
2679 1180 2801 1216 eum
2842 1164 3054 1216 facilius
3083 1178 3245 1231 quam
3274 1162 3318 1215 si
3348 1179 3541 1218 somro

1962 1257 2300 1311 delineretur
2334 1258 2535 1310 excitat
2574 1274 2586 1309 :
2622 1266 2675 1309 ct
2724 1256 2906 1309 vivum
2958 1272 3150 1309 rursus
3196 1256 3380 1310 nautis
3412 1256 3505 1308 red

1962 1350 2123 1404 didit.
2176 1348 2384 1403 Deinde
2436 1365 2558 1402 cum
2614 1350 2731 1403 vela
2790 1348 2974 1402 omnia
3031 1347 3440 1415 expandissent,
3484 1359 3541 1399 et

1961 1458 2093 1495 aura
2122 1442 2231 1495 leni
2259 1453 2313 1494 et
2340 1441 2492 1493 suavi
2522 1438 2889 1493 confecissent
2920 1449 3244 1507 sequentem
3276 1437 3538 1504 deinceps

1964 1534 2386 1602 navigationem,
2421 1549 2545 1587 cum
2583 1534 2693 1602 jam
2742 1541 2902 1584 terrae
2946 1531 3303 1598 appulissent,
3341 1528 3539 1581 multas

1964 1626 2227 1677 Dominus
2284 1639 2381 1692 per
2425 1624 2712 1677 Nicolaum
2758 1621 2886 1675 fecit
2934 1624 3267 1676 curationes.
3304 1620 3439 1678 Nam
3483 1628 3538 1673 et

1960 1718 2088 1770 caeci
2126 1717 2306 1770 statim
2338 1717 2559 1770 charam
2594 1717 2770 1771 lucem
2816 1714 3155 1782 aspiciebant
3187 1732 3199 1767 :
3234 1723 3289 1767 et
3318 1714 3406 1766 alii
3442 1713 3535 1781 qul

1961 1806 2299 1869 laborabant,
2320 1806 2697 1860 liberabantur
2728 1805 2795 1857 ab
2828 1804 2891 1857 iis
2916 1818 3035 1873 quae
3056 1802 3331 1856 habebant
3354 1800 3531 1859 malis.

277 1870 589 1971 νοσήματος
631 1870 971 1971 πιεζόμενος,
1027 1870 1249 1972 ἢλύπῃ
1306 1902 1413 1953 τινὶ
1464 1870 1852 1971 βαρυνόμενος,
1889 1870 1963 1952 ui

1847 1940 1852 1959 ,
1889 1870 1927 1922 ”
1962 1900 2026 1953 Et
2065 1908 2125 1952 ιιι
2163 1899 2329 1954 semel
2375 1899 2579 1961 dicam,
2613 1897 2795 1952 nullus
2824 1906 2940 1950 erat
2989 1896 3080 1965 qui
3127 1896 3196 1949 ab
3244 1896 3353 1949 ullo
3394 1896 3533 1950 deti-

275 1995 333 2055 ὃ,
372 1999 465 2047 ἐπὶ
497 1996 753 2062 Νικολάῳ
787 1994 1101 2064 προσέλθοι,
1138 1995 1214 2063 μὴ
1244 1995 1404 2055 εὐθὺς
1459 1994 1599 2057 ἰᾶτο,
1652 1992 1746 2044 καὶ
1792 1993 1854 2043 τὸ

277 2088 484 2139 λυποῦν
539 2086 896 2139 ἀπεϐαλλετο.
950 2087 1133 2148 Οὕτως
1188 2084 1281 2138 οὖν
1313 2087 1375 2137 οὐ
1425 2085 1623 2156 ῥαδίως
1670 2084 1850 2153 μόνον,

276 2180 415 2232 ἀλλὰ
459 2181 553 2232 καὶ
604 2179 838 2247 ἀμίσοου
896 2181 993 2248 τῆς
1047 2178 1244 2239 ίὰσεως
1288 2177 1606 2247 γινομένης,
1653 2175 1852 2237 πόσους

280 2271 383 2339 μὲν
412 2268 553 2321 εἶναι
580 2270 709 2331 τοὺς
743 2268 1030 2338 ίωμένους,
1066 2268 1241 2337 πόσην
1270 2266 1328 2319 δὲ
1374 2270 1509 2336 πρὸς
1544 2266 1677 2317 Θεὸν
1708 2264 1854 2332 γίνε-

278 2358 405 2408 σθαι
436 2358 533 2426 τὴν
567 2358 946 2427 εὐχαριστίαν,
980 2360 1073 2409 καὶ
1122 2359 1297 2427 πόσην
1346 2357 1453 2425 ἀρα
1488 2355 1598 2407 τῶν
1646 2353 1853 2417 δοξολο-

274 2451 517 2516 γούντων
547 2448 899 2517 ἀθροίζεσθαι
918 2451 1013 2517 τῆν
1037 2451 1373 2518 πανήγυριν,
1405 2447 1617 2499 δίδωσιν
1646 2449 1674 2499 ό
1696 2446 1852 2514 λόγος

276 2544 396 2610 ἅμα
430 2542 676 2593 σκοπεῖν.
697 2542 768 2592 Τὸ
802 2542 909 2609 γὰρ
938 2541 1149 2593 ἕκαστα
1175 2538 1380 2591 τούτων
1411 2539 1615 2591 διδόναι
1658 2540 1848 2607 γραφῇ

278 2634 582 2705 παρόμοιον
614 2630 674 2685 εἴ
694 2651 773 2693 τι,
810 2635 903 2685 καὶ
936 2632 1211 2702 Θαλάττης
1234 2631 1464 2701 ψάμμον
1490 2632 1584 2684 καὶ
1606 2631 1852 2699 ἀστέρων

275 2726 483 2795 πλῆθος
512 2725 765 2795 ἀριθμεῖν
796 2724 1059 2793 βούλοιτο.

353 3000 408 3050 l'.
480 2997 705 3050 Εκεῖθεν
732 2996 951 3064 ἀπάρας
988 2996 1120 3065 πρὸς
1149 2994 1242 3047 τὸν
1267 2992 1360 3046 τοῦ
1389 2993 1626 3063 Χριστοῦ
1649 2995 1840 3063 τάφον,

279 3094 375 3143 καὶ
410 3092 557 3158 παρὰ
594 3090 683 3141 τὸν
747 3090 1042 3156 σεϐάσμιον
1082 3085 1238 3149 αὖθις
1294 3086 1563 3154 Γολγοθᾶν
1607 3087 1846 3156 ἔρχεται,

1957 1990 2191 2043 nebatur
2243 1989 2435 2043 morbo
2493 1998 2588 2043 aut
2642 1988 2992 2057 aegritudine,
3051 1996 3145 2039 aut
3207 1986 3315 2039 ulla
3364 1987 3528 2041 etiam

1956 2080 2371 2152 opprimebatur
2424 2081 2694 2141 molestia,
2743 2079 2834 2151 qui
2888 2079 2932 2131 si
2987 2078 3051 2130 ad
3102 2079 3384 2131 Nicolaum
3433 2093 3528 2131 ac~

1954 2175 2244 2238 cessisset,
2298 2188 2408 2227 non
2455 2174 2641 2226 statim
2685 2182 2995 2235 curaretur,
3041 2179 3097 2223 et
3143 2169 3418 2223 levaretur
3463 2184 3531 2224 eu

1954 2268 2099 2336 quod
2148 2267 2223 2320 illi
2264 2265 2530 2320 afferebat
2578 2262 2904 2318 molestiam.
2942 2262 3077 2316 Cum
3127 2262 3206 2316 sic
3252 2277 3382 2331 ergo
3419 2278 3528 2315 non

1953 2359 2130 2412 solum
2166 2359 2365 2421 facilis,
2399 2356 2494 2410 sed
2525 2356 2690 2409 etiam
2724 2355 2959 2424 gratuita
3003 2353 3143 2406 facta
3184 2354 3253 2406 sit
3290 2352 3526 2415 curatio,

1952 2451 2043 2518 qui
2082 2450 2248 2504 fuerit
2282 2459 2599 2503 curatorum
2645 2461 2931 2509 numerus.
2958 2461 3119 2515 Quam
3151 2444 3371 2499 fervidae
3403 2461 3527 2517 gra-

1957 2546 2152 2598 tiarum
2191 2545 2457 2609 actiones,
2507 2543 2597 2608 qui
2630 2545 2792 2596 ardor
2830 2542 3055 2611 gloriam
3096 2541 3339 2596 divinam
3385 2555 3530 2597 ee‘e-

1956 2639 2254 2702 brantium,
2279 2636 2498 2690 difﬁcile
2534 2651 2643 2689 non
2680 2643 2763 2689 est
2792 2634 3064 2704 judicare.
3101 2634 3203 2699 Qui
3247 2636 3393 2688 enim
3427 2636 3529 2691 ho-

1955 2748 2074 2785 rum
2116 2730 2329 2799 singula
2363 2729 2561 2783 litteris
2601 2728 2859 2782 mandare
2897 2730 3322 2797 praesumpserit,
3359 2734 3529 2783 maris

1952 2837 2219 2887 arenam,
2273 2820 2552 2877 stellarum
2620 2835 2909 2873 numerum
2977 2834 3264 2875 recensere
3343 2823 3527 2875 volue-

2023 3006 2089 3061 Χ.
2123 3006 2259 3062 Cum
2300 3007 2448 3060 illinc
2493 3015 2675 3059 autem
2716 3004 2996 3076 profectus
3018 3013 3187 3070 esset,
3214 3004 3278 3059 ad
3322 3004 3525 3060 Chrlsti

1952 3101 2265 3169 sepulcrum
2325 3114 2518 3154 rursus
2581 3101 2747 3153 etiam
2811 3100 2961 3153 venit
3017 3099 3084 3152 ad
3151 3101 3526 3155 venerandum

274 3180 338 3236 οἶδ
365 3198 427 3249 γε
457 3184 550 3233 καὶ
574 3184 600 3232 ό
629 3180 895 3248 σωτήριος
948 3177 1091 3248 ὑπὲρ
1144 3178 1305 3248 ήμῶν
1355 3179 1537 3247 ἐπάγη
1594 3179 1843 3247 σταυρός.
1875 3201 1919 3260 C
1950 3196 1960 3242 4

1838 3218 1843 3230 ι
1875 3201 1919 3260 c
1950 3191 2239 3260 Gulgollta,
2274 3192 2365 3248 ubi
2406 3191 2572 3245 etiam
2611 3206 2712 3259 pro
2757 3191 2916 3247 nobis
2953 3192 3055 3247 lixa
3090 3202 3171 3248 est
3214 3208 3348 3247 crux
3378 3192 3524 3247 salu-

278 3277 508 3328 Ἔπειτα
527 3278 618 3325 καὶ
651 3274 727 3342 τῷ
754 3272 846 3324 τοῦ
874 3272 1018 3322 θείου
1052 3270 1286 3337 σταυροῦ
1308 3270 1448 3340 ξύλῳ
1464 3272 1658 3333 νυκτὸς
1683 3272 1848 3341 πρόσ-

275 3386 401 3429 εισι,
436 3370 529 3419 καὶ
557 3366 834 3436 προσιόντι
884 3364 1184 3432 αὐτόματοι
1216 3364 1271 3415 σί
1308 3361 1401 3415 τοῦ
1456 3362 1600 3433 ίεροῦ
1645 3362 1846 3416 διανοί-

273 3476 461 3526 γονται
488 3458 675 3520 πύλαι,
702 3457 910 3526 θερμὴν
933 3456 989 3508 δὲ
1017 3456 1115 3526 τὴν
1143 3455 1454 3526 προσευχήν
1486 3455 1581 3507 καὶ
1625 3460 1836 3526 συχνήν

272 3554 451 3604 ἐκεῖσε
488 3550 873 3620 προσενεγκὼν
898 3552 997 3617 τὴν
1030 3548 1428 3618 προσκύνησιν,
1458 3546 1844 3617 ἀφθοιωτὲραν

274 3644 584 3714 καρποῦται
635 3642 729 3695 τοῦ
779 3641 987 3708 ἀγαθοῦ
1022 3642 1335 3710 Ιινεύματος
1382 3644 1481 3708 τὴν
1526 3642 1648 3709 ἐνέρ
1666 3658 1840 3707 γειαν.

285 3737 435 3789 Ἐπεὶ
465 3735 521 3788 δὲ
551 3734 749 3797 ίκανῶς
781 3730 895 3803 εἶχε
943 3734 1047 3801 τῆς
1078 3736 1135 3785 ὲν
1167 3732 1499 3801 Παλαιστίνῃ
1534 3731 1840 3801 διατριϐῆς,

270 3828 573 3896 διαποντίῳ
601 3826 735 3896 πρὸς
782 3827 881 3895 τὴν
929 3824 1261 3892 ὲνεγκοῦσαν
1310 3823 1465 3887 αὖθις
1524 3828 1722 3894 χρῆται
1774 3828 1839 3895 τῇ

273 3920 542 3988 ἐπανόδῳ,
581 3917 757 3985 ὅψεως
798 3916 951 3986 αύτῷ
1009 3915 1163 3977 Θείας
1219 3914 1379 3966 τοῦτο
1429 3916 1839 3985 ὲντειλαμένη·,

273 4013 414 4066 ὥστε
448 4011 524 4080 μή
566 4012 659 4062 ἐπὶ
686 4010 849 4062 πλέον
884 4007 1178 4078 στέρεσθαι
1207 4008 1305 4075 τῆς
1336 4007 1592 4075 γλυκείας
1633 4009 1842 4061 ἐκείνου

274 4106 459 4174 φωνῆς
488 4106 555 4155 τά
581 4103 744 4155 αὑτοῦ
780 4102 1053 4171 πρόϐατα.
1100 4100 1364 4153 Ἐνταῦθα
1393 4102 1483 4152 καὶ
1514 4100 1608 4151 τοῦ
1654 4100 1841 4152 πλοίου

272 4196 525 4249 ἐπιϐάντι
550 4194 627 4263 τῷ
674 4193 968 4262 θαυμασίῳ
996 4193 1032 4260 ῆ
1060 4209 1118 4244 τε
1168 4194 1277 4244 τῶν
1330 4191 1635 4260 πλωτήρων
1682 4192 1839 4258 ἑλίγ-

270 4304 425 4357 χεται
472 4286 809 4354 κακουργία,
870 4290 965 4337 καὶ
1016 4288 1050 4353 ή
1098 4284 1189 4336 toﬁ
1244 4285 1389 4336 θείου
1437 4284 1751 4352 Πνεύματος
1782 4286 1840 4335 ἐν

270 4380 418 4447 αύτῷ
452 4378 953 4447 θαυματουργεῖται
980 4376 1249 4445 δύναμις.
1294 4378 1352 4427 Ὀ
1394 4377 1492 4445 μὲν
1541 4379 1649 4444 γὰρ
1702 4375 1838 4444 πρὸς

268 4474 367 4536 τὴν
399 4468 634 4539 πατρίδα
664 4470 819 4519 πλεῖν
845 4467 1064 4536 ἔμελλε,
1108 4470 1200 4519 καὶ
1226 4466 1387 4518 τοῦτο
1426 4468 1695 4536 πρότερον
1721 4468 1835 4528 τοῖς

267 4563 331 4615 ού
359 4561 545 4623 καλοῖς
596 4558 821 4621 ναύταις
877 4560 1228 4628 συνθέμενος,
1278 4557 1419 4609 οὕτω
1452 4558 1517 4627 δὴ
1574 4560 1669 4628 τῆς
1703 4557 1837 4621 νεὼς

270 4652 451 4722 επιδη
484 4667 499 4682 ⁸
535 4653 584 4704 οί
620 4653 667 4704 δ’
690 4650 879 4721 επειδὴ
908 4650 1184 4703 ἀνείλοντο
1225 4650 1324 4712 τὰς
1374 4650 1645 4719 ἀγκύρας,
1686 4650 1836 4702 οῐκου

267 4746 602 4815 ἐμέμνηντο.
634 4744 740 4796 Toﬁ
773 4744 992 4811 λιμένος
1014 4742 1106 4795 οὖν
1146 4742 1573 4813 ἐξορμήσαντες,
1616 4743 1708 4794 καὶ
1740 4743 1836 4812 τὴν

266 4838 463 4907 ὀθόνην
494 4838 610 4905 ἅμα
641 4836 1097 4899 διαπετάσαντες,
1157 4835 1249 4886 τοῦ
1296 4836 1607 4904 πνεύματος
1654 4836 1837 4897 αὐτοῖς

266 4930 536 4999 ἐπιφόρου
593 4929 867 4991 πνέοντος,
928 4927 1063 4995 πρὸς
1124 4928 1221 4996 τὴν
1278 4927 1485 4980 οἰκείαν
1536 4928 1833 4983 ἀπέπλεον.

277 5023 498 5089 Ἠμέλει
546 5020 601 5072 δὲ
631 5020 882 5088 οὐδαμῶς
917 5021 950 5088 ή
997 5019 1142 5088 δίκη,
1178 5018 1313 5071 ἀλλά
1340 5020 1491 5089 παρά
1536 5020 1701 5082 πόδας
1738 5022 1837 5073 αὖ-

265 5116 382 5174 τοῖς
410 5114 592 5185 ἐπῄει,
632 5114 730 5182 τὴν
771 5112 1109 5180 κακουργίαν
1157 5112 1481 5175 κολάζουσα,
1522 5114 1614 5164 καὶ
1664 5112 1835 5182 βίαιὸν

264 5224 318 5258 τι
380 5207 633 5272 καταιγὶς
686 5205 845 5265 εὐθὺς
895 5204 1333 5268 ἀντιπνεύσασα,
1375 5205 1499 5265 τοὺς
1543 5203 1735 5267 οἴακας
1774 5222 1833 5257 τε

262 5299 580 5367 διὲστρεψε,
617 5299 711 5349 καὶ
755 5296 825 5346 τὰ
863 5296 1101 5365 πηδάλια
1136 5297 1476 5364 παρήνεγκε,
1515 5297 1607 5346 καὶ
1648 5297 1834 5356 αὐτοῖς

268 5391 369 5462 μὲν
408 5394 465 5442 ἑν
503 5392 696 5461 βραχεῖ
749 5389 995 5442 κίνδυνον
1044 5388 1283 5457 ἠπείλει,
1326 5388 1419 5439 τὸν
1460 5388 1515 5439 δὲ
1560 5389 1671 5450 τοῖς
1733 5388 1833 5461 τῆς

262 5485 523 5554 πατρίδος
588 5483 842 5536 ἀπεδίδου
919 5482 1127 5552 λιμέσι.
1184 5480 1249 5533 Τί
1304 5477 1396 5534 οὖν
1456 5482 1489 5550 ὴ
1544 5480 1831 5551 συμπαθὴς

262 5580 447 5648 εκείνη
481 5578 575 5631 καί
610 5578 979 5645 μεγαλόφρων
1010 5575 1198 5646 ψυχή;
1252 5576 1386 5627 υἱιδὲ
1428 5576 1655 5645 πικρίας
1712 5576 1832 5627 οὐδὲ

270 5672 430 5739 ὶάγου
462 5672 603 5731 τινὸς
643 5670 938 5737 στύφοντος
983 5668 1177 5738 ἐδεήθη
1230 5667 1375 5737 πρὸς
1426 5667 1625 5729 αὐτούς
1665 5684 1676 5695 ·
1716 5669 1831 5719 ἀλλ’

261 5764 399 5831 ὁμοῦ
433 5778 488 5815 τε
541 5762 1019 5831 μεταμελομένους
1068 5757 1197 5823 εἶδε,
1250 5764 1343 5814 καὶ
1394 5761 1556 5822 αὐτὸς
1617 5762 1712 5829 τῆς
1756 5764 1831 5812 c5-

265 5860 417 5919 κείας
462 5856 667 5925 ἡττηοη
711 5855 1104 5923 χρηστότητος.
1161 5854 1254 5906 καὶ
1301 5853 1465 5907 πάλιν
1523 5854 1719 5916 αὐτοὺς
1763 5854 1829 5906 δ]

540 5951 813 6008 l’n‘tttiL.
848 5950 960 6008 (in.
1006 5947 1237 6025 CXVL

1952 3286 2103 3339 taris.
2140 3286 2343 3339 Deinde
2378 3284 2541 3338 etiam
2580 3296 2745 3338 noctu
2789 3285 3003 3339 accedit
3032 3286 3275 3338 divinum
3306 3286 3523 3355 signum

1948 3376 2147 3430 crucis.
2180 3376 2246 3431 Et
2284 3375 2333 3429 ei
2371 3376 2593 3444 quidem
2627 3391 2725 3428 sua
2755 3384 2951 3444 sponte
2983 3379 3311 3446 aperiuntur
3340 3392 3523 3433 sacro-

1947 3468 2119 3521 sancti
2160 3467 2263 3521 loci
2296 3478 2484 3536 portae.
2527 3466 2662 3521 Cum
2707 3466 2985 3523 ferventes
3024 3479 3207 3524 autem
3246 3484 3441 3538 preces
3464 3481 3523 3529 et

1948 3560 2172 3612 multam
2216 3559 2511 3611 obtulisset
2560 3558 2671 3613 illic
2715 3557 3118 3625 adorationem,
3162 3563 3522 3631 consequitur

1945 3650 2109 3701 etiam
2151 3650 2409 3718 majorem
2464 3648 2587 3703 boni
2643 3648 2869 3718 spiritus
2912 3651 3311 3717 operationem.
3361 3651 3521 3705 Post-

1945 3755 2108 3811 quam
2140 3754 2271 3792 vero
2301 3739 2435 3792 satis
2479 3747 2730 3792 versatus
2762 3738 2863 3792 fuit
2904 3740 2955 3792 in
2990 3740 3296 3805 Palestina,
3328 3756 3521 3796 rursus

1944 3847 2043 3900 per
2079 3846 2226 3885 mare
2268 3832 2562 3883 revertitur
2612 3830 2666 3883 in
2709 3831 2964 3898 patriam,
3016 3846 3141 3887 cum
3187 3832 3290 3885 hoc
3333 3832 3521 3891 divina

1943 3924 1993 3977 ei
2038 3924 2292 3993 jussisset
2330 3922 2490 3985 visio,
2536 3937 2605 3975 ne
2646 3923 2803 3977 suavi
2854 3922 3001 3978 illius
3045 3937 3180 3977 voce
3223 3924 3345 3993 ejus
3386 3939 3519 3981 oves

1944 4014 2179 4084 amplius
2220 4014 2593 4081 privarentur.
2640 4010 2738 4066 llic
2783 4027 2908 4067 cum
2951 4028 3145 4066 navem
3178 4014 3519 4073 ascendisset

1945 4104 2034 4158 ille
2072 4102 2434 4163 admirabilis,
2468 4110 2525 4155 et
2560 4111 2851 4155 nautarum
2899 4102 3147 4173 arguitur
3193 4102 3519 4175 improbitas

1941 4206 1997 4249 et
2038 4194 2209 4248 divini
2247 4194 2475 4266 spiritus
2508 4194 2684 4246 virtus
2717 4193 2771 4245 in
2808 4207 2875 4246 eo
2915 4193 3148 4246 habetur
3180 4194 3233 4249 in
3276 4195 3517 4251 admira-

1944 4288 2109 4341 tione.
2150 4286 2283 4339 Nam
2342 4286 2429 4338 ille
2479 4285 2701 4355 quidem
2746 4293 2861 4338 erat
2909 4285 3265 4354 navigaturus
3314 4289 3369 4341 in
3424 4304 3518 4357 pa-

1944 4382 2101 4433 triam
2138 4396 2151 4437 :
2182 4388 2388 4431 etcum
2441 4376 2545 4430 hoc
2580 4377 2734 4445 prius
2778 4387 2971 4444 pactus
3013 4388 3160 4431 esset
3199 4394 3323 4431 cum
3355 4380 3517 4438 bonis

1943 4471 2050 4525 illis
2081 4470 2284 4533 nautis,
2321 4469 2393 4522 ita
2425 4483 2617 4521 navem
2650 4467 2919 4521 ascendit.
2953 4466 3031 4520 llli
3066 4484 3193 4521 vero
3225 4478 3513 4540 postquam

1942 4565 2292 4620 sustulissent
2342 4564 2609 4617 anchoras
2660 4561 2883 4616 domum
2941 4577 3135 4617 versus
3197 4552 3533 4621 tendebant.

1940 4657 2075 4713 Cum
2111 4673 2141 4711 e
2177 4664 2337 4725 portu
2368 4670 2498 4724 ergo
2533 4655 2736 4724 egressi
2770 4666 2975 4717 essent,
3018 4664 3073 4710 et
3104 4656 3282 4710 velum
3322 4666 3516 4713 esten.

1939 4750 2170 4813 dissent,
2215 4746 2456 4803 secundo
2499 4748 2621 4800 velo
2671 4756 2907 4812 utentes,
2954 4748 3285 4817 navigabant
3332 4748 3387 4802 in
3421 4765 3516 4818 pa-

1941 4843 2099 4897 triam
2150 4857 2324 4896 suam.
2378 4839 2731 4910 Nequaquam
2780 4850 2964 4893 autem
3019 4839 3124 4893 hoc
3172 4842 3514 4911 contemptui

1940 4935 2129 4988 hahuit
2157 4931 2369 5003 justitia
2403 4950 2415 4983 :
2450 4929 2544 4984 sed
2586 4944 2615 4983 e
2659 4929 2889 4998 vestigio
2932 4944 3029 4983 eos
3068 4939 3154 4984 est
3200 4940 3511 5000 persecuta,

1936 5035 1991 5080 et
2041 5026 2279 5080 violenta
2334 5023 2581 5095 quaedam
2642 5031 2869 5090 repente
2924 5029 3114 5076 exorta
3177 5032 3509 5092 tempestas.

1936 5119 2149 5172 clavum
2197 5115 2416 5180 avulsit,
2462 5125 2518 5169 et
2548 5114 2784 5167 detraxit
2830 5112 3223 5180 gubernacula,
3272 5124 3329 5168 et
3376 5115 3512 5186 ipsis

1936 5210 2157 5280 quidem
2225 5209 2474 5263 ultimum
2536 5206 2852 5259 minabatur
2919 5204 3223 5272 periculum
3278 5222 3291 5262 :
3355 5206 3509 5262 illum

1936 5312 2116 5357 autem
2168 5299 2393 5369 appellit
2439 5298 2493 5351 in
2540 5306 2757 5366 portum
2806 5296 3014 5365 patria.
3050 5295 3189 5363 Quid
3240 5312 3371 5367 ergo
3418 5298 3510 5353 illo

1938 5406 2163 5462 magnus
2191 5398 2247 5443 et
2280 5387 2595 5443 misericors
2636 5385 2893 5439 animus?
2939 5384 3017 5438 Ne
3048 5385 3245 5439 acerba
3284 5386 3506 5455 quidem

1937 5482 1990 5535 in
2037 5493 2135 5533 eos
2180 5494 2312 5531 usus
2352 5487 2435 5530 est
2479 5476 2747 5530 oratione.
2798 5473 2903 5528 Sed
2951 5489 3075 5528 cum
3127 5476 3362 5543 primum
3410 5490 3509 5531 eos

1935 5571 2072 5625 vidit
2097 5579 2338 5624 mutatos
2359 5580 2415 5624 et
2438 5568 2631 5622 acerba
2648 5577 2825 5621 motos
2852 5564 3200 5637 paenitentia,
3228 5580 3256 5619 a
3286 5567 3507 5635 prOpria

1934 5680 2153 5735 quoque
2184 5663 2360 5718 victus
2386 5672 2471 5716 est
2500 5660 2747 5715 bonitate
2775 5677 2787 5711 :
2813 5669 2867 5713 et
2892 5658 3129 5713 secunda
3158 5658 3507 5727 navigatione

1933 5775 2029 5813 eos
2068 5772 2255 5812 rursus
2298 5755 2513 5809 remisit
2558 5755 2611 5807 in
2661 5753 2910 5822 patriam.
2961 5751 3079 5820 Ipse
3126 5766 3257 5803 vero
3305 5760 3507 5807 sancta

1936 5856 2065 5910 Sion
2097 5854 2205 5923 jam
2235 5848 2480 5904 redditus
2512 5846 2866 5910 monasterio,
2895 5846 3037 5915 quod
3068 5844 3136 5897 ab
3166 5842 3286 5910 ejus
3314 5852 3508 5911 patruo

3121 5935 3187 5993 11
