4270 6428
710 445 805 509 331

1939 443 2222 503 MENSIS
2265 443 2696 502 DECEMBER.

3874 439 3990 501 332

710 571 839 608 ωιτη
877 553 1106 624 pulchrc
1137 554 1318 609 {uerat
1345 555 1701 621 :ediﬁcatum,
1733 563 1794 609 ut
1818 555 1928 625 jam
1959 563 2087 609 ante
2115 554 2297 608 decla-
2329 565 2370 617 Α

2329 565 2370 617 Α
2403 555 2663 618 εὐπλοίας
2695 555 2773 618 είς
2807 555 2906 624 τὴν
2941 553 3150 607 οίκείαν
3184 553 3544 622 ἀπέπεμπεν.
3584 551 3758 614 Δῦτδς
3790 552 3986 620 μέντοι

715 650 856 702 ravit
881 649 1078 711 oratio,
1104 649 1349 718 jucunde
1382 650 1450 704 ab
1483 650 1567 703 eis
1599 658 1683 704 est
1722 664 1877 714 usus,
1902 657 1957 703 et
1987 663 2180 703 omnes
2205 650 2297 716 qui

714 740 770 793 in
819 741 937 809 ipso
981 751 1138 794 erant
1193 741 1424 810 replevit
1478 742 1776 810 voluptate,
1826 757 2032 810 eosque
2083 740 2302 810 excepit

713 829 925 882 liberali
975 839 1030 883 et
1077 833 1332 885 munilica
1393 833 1586 901 gratia.
1636 832 1925 901 Sapienter
1977 842 2161 886 autem
2212 847 2301 887 res

711 922 832 989 ejus
861 935 1097 988 superna
1138 919 1492 990 dispensabat
1538 923 1910 986 Providentia,
1951 933 2008 976 et
2048 938 2297 993 magnam

715 1011 854 1065 lianc
899 1013 1075 1066 lucem
1109 1023 1232 1067 erat
1266 1030 1460 1084 magno
1503 1015 1828 1084 impositura
1857 1014 2209 1078 candelabro,
2241 1025 2294 1069 et

713 1102 837 1156 ideo
865 1117 989 1155 eum
1024 1119 1219 1157 rursus
1248 1104 1471 1158 deduxit
1493 1104 1561 1158 ad
1585 1105 1885 1171 civitatem,
1907 1105 2156 1159 divinum
2185 1105 2288 1158 niel

713 1197 934 1248 virtutis
965 1196 1259 1266 diligenter
1285 1207 1637 1265 operantem.

2399 649 2535 712 πρὸς
2577 647 2674 716 τὴν
2702 650 2798 716 τῆς
2832 647 2996 714 ἁγίας
3027 645 3169 698 Σιὼν
3203 647 3359 716 ἱερὰν
3394 647 3587 715 μονὴν,
3615 647 3680 712 ἣν
3721 644 3825 696 ὑπὸ
3881 643 3986 696 τοῦ

2399 736 2548 790 θείου
2574 735 2740 792 αὑτοῦ
2788 737 2890 808 ήδη
2950 737 3250 804 παγκάλως
3301 734 3693 806 ᾠκοδομῆσθαι
3747 734 3777 785 6
3817 733 3986 799 λόγος

2397 829 2690 898 ἐδήλωσεν,
2718 829 3101 898 ἀναστρέψας,
3140 829 3414 890 ἀσπάσιός
3462 844 3522 878 τε
3559 829 3746 889 αὐτοῖς
3791 825 3985 893 ὤφθη,

2399 921 2495 972 καὶ
2525 919 2716 990 ἡδονῆς
2768 922 2888 984 οίας
2940 922 3068 982 τοὺς
3123 923 3182 973 ἐν
3233 922 3372 990 αὐτῇ
3437 920 3647 982 πάντας
3704 919 3983 985 ἐπλήρου.

2401 1008 2510 1064 0“.δ’
2555 1010 2636 1062 ὃτι
2687 1011 2850 1072 πόθος
2897 1010 3044 1078 ὑμᾶς
3103 1010 3325 1078 κατέχει
3367 1007 3592 1078 θερμὸς,
3648 1009 3743 1060 καὶ
3784 1005 3985 1073 διψὶτε

2407 1101 2627 1172 μαθεῖν,
2663 1103 2780 1166 πῶς
2809 1120 2867 1155 τε
2903 1103 3076 1171 ἐπέϐη
3100 1103 3193 1154 τοῦ
3226 1101 3442 1170 θρόνου,
3475 1102 3569 1154 καὶ
3601 1099 3715 1161 πῶς
3739 1098 3809 1153 τὰ
3839 1097 3986 1168 μετὰ

2398 1197 2500 1264 τὴν
2553 1193 2850 1264 προεδρίαν
2906 1193 3056 1264 αὐτῷ
3104 1192 3153 1246 δι
3174 1201 3413 1259 ’,νυσταπ
3468 1192 3656 1244 Ταῦτα
3708 1190 3840 1255 γοῦν
3887 1191 3986 1241 καὶ

711 1285 773 1350 ὃς
794 1286 970 1338 ·ώσων
1001 1289 1027 1337 ό
1062 1288 1216 1351 λόγος
1258 1286 1502 1355 ἔρχεται.
1549 1288 1701 1339 Ἐπεὶ
1729 1285 1838 1354 γὰρ
1876 1285 2053 1353 σοφῶς
2085 1285 2293 1337 ἄνωθεν
2430 1285 2665 1355 Ῑιρόνοια
2693 1285 2760 1337 τὰ
2827 1284 2948 1338 κατ’
2980 1286 3141 1339 αὑτὸν
3167 1285 3410 1349 διετίθει,
3441 1285 3536 1336 καὶ
3557 1283 3616 1334 τὸ
3646 1283 3788 1352 μέγα
3818 1281 3985 1333 τοῦτο

715 1385 826 1451 φῶς
863 1385 953 1435 ἐπὶ
981 1383 1226 1452 μεγάλην
1261 1382 1454 1450 ἔμελλε
1482 1380 1743 1452 θήσεσθαι
1775 1382 2143 1452 τὴνλλυχνίαν,
2217 1381 2380 1434 πάλιν
2445 1381 2610 1433 αὑτὸν
2672 1382 2767 1434 ἐπὶ
2799 1380 2897 1452 τὴν
2964 1380 3119 1433 πόλιν
3151 1383 3379 1450 κατῆγε,
3411 1379 3713 1448 φιλοπόνως
3745 1376 3806 1429 τδ
3834 1375 3985 1429 θεῖον

720 1479 844 1545 μέλι
877 1477 972 1546 τῆς
1005 1477 1210 1547 ἀρετῆς
1243 1477 1637 1546 ἐργαζόμενον.

784 1570 874 1625 Χί.
925 1572 1062 1626 Cum
1115 1572 1194 1625 sic
1242 1582 1425 1626 autem
1475 1573 1639 1625 vitam
1691 1581 1878 1643 ageret
1927 1582 1985 1626 ut
2028 1571 2302 1626 humanos
2334 1577 2373 1635 Β

715 1677 908 1716 omnes
944 1662 1138 1715 lateret
1163 1661 1377 1724 oculos,
1411 1678 1467 1716 se
1502 1663 1674 1732 magis
1701 1664 1987 1734 aperiebat
2017 1675 2073 1720 et
2111 1673 2295 1718 osten-

714 1753 878 1806 debat
916 1766 1036 1806 esse
1073 1753 1296 1806 maximi
1347 1753 1683 1808 faciendum.
1726 1755 1845 1809 Non
1890 1755 2038 1810 enim
2082 1755 2294 1809 celabat

712 1847 889 1896 virtus
929 1845 1238 1912 operarium
1283 1861 1294 1896 :
1327 1860 1434 1898 non
1475 1846 1646 1916 magis
1673 1861 1837 1914 quam
1875 1846 1920 1900 si
1951 1847 2042 1900 lux
2073 1861 2168 1901 eos
2199 1847 2293 1914 qui

714 1953 813 2005 per
856 1938 1007 1989 illum
1053 1936 1356 1991 ambulant.
1405 1938 1547 2002 Quin
1595 1940 1761 1993 etiam
1813 1938 2024 1992 fructus
2046 1937 2293 1992 laborum

715 2027 862 2079 iliius
909 2028 1018 2080 cito
1061 2026 1318 2080 arborem
1373 2026 1676 2080 indicabat.
1729 2027 1836 2081 Sed
1884 2028 2027 2081 Deus
2073 2043 2295 2097 quoque

715 2119 805 2184 qui
857 2126 1086 2170 noverat
1132 2117 1348 2170 occulta
1398 2118 1579 2170 cordis
1631 2118 1806 2178 illius.
1857 2134 1968 2172 non
2020 2119 2295 2173 sustinens

713 2211 982 2261 cultorem
1019 2224 1177 2262 suum
1215 2209 1446 2277 amplius
1478 2208 1668 2275 latere,
1702 2214 1876 2264 virum
1912 2211 2093 2266 reddit
2123 2213 2296 2265 mani~

713 2300 936 2354 festum.
970 2301 1442 2365 Quemadmodum
1489 2312 1671 2355 autem
1707 2304 1813 2358 hoc
1855 2304 2059 2359 factum
2106 2307 2176 2358 sit
2216 2320 2295 2358 at-

716 2392 988 2446 tendenda
1012 2403 1094 2446 est
1120 2394 1385 2447 narratio.
1411 2394 1545 2447 Cum
1573 2394 1666 2447 illo
1691 2403 1938 2464 tempore
1965 2396 2295 2466 Myrensium

714 2497 944 2538 ant.5tes
971 2495 1024 2537 et
1064 2488 1249 2537 sedem
1287 2495 1340 2538 et
1371 2485 1532 2538 sitam
1559 2486 1720 2538 simul
1750 2487 2085 2556 reliquisset,
2108 2497 2163 2542 et
2193 2489 2295 2543 iter

714 2577 780 2630 ad
833 2577 999 2631 Deum
1045 2587 1191 2631 esset
1224 2577 1518 2646 ingressus.
1573 2578 1755 2631 divina
1812 2579 1980 2633 subiit
2022 2581 2298 2635 aemulatio

715 2668 993 2734 SUbjCClOS
1037 2671 1085 2719 ei
1120 2669 1411 2736 episcopos
1443 2678 1498 2721 et
1540 2683 1569 2721 e
1612 2671 1763 2722 clero
1810 2671 2064 2734 eximios,
2114 2683 2173 2724 ut
2214 2672 2299 2724 vir

713 2760 914 2829 dignus
965 2761 1015 2812 in
1074 2759 1204 2813 sede
1252 2770 1633 2829 reponeretur,
1685 2769 1740 2814 et
1788 2775 1911 2814 cum
1959 2772 2145 2817 essent
2197 2764 2297 2817 ali-

716 2850 935 2918 quando
988 2863 1180 2902 omnes
1233 2850 1545 2918 congregati
1604 2849 1657 2902 in
1714 2851 1970 2917 ecilesia,
2021 2854 2300 2909 consuluit

2475 1567 2577 1624 ιε’.
2632 1568 2788 1622 Οὕτω
2838 1567 2896 1622 δέ
2950 1569 3148 1638 μετιὼν
3196 1567 3338 1622 ὥστε
3388 1568 3606 1621 πάντων
3663 1565 3987 1634 διαιρεύγειν

2397 1661 2528 1722 τοὺς
2594 1658 2946 1728 ὀφθαλμοὺς,
3001 1659 3166 1712 πλέον
3209 1659 3404 1714 ἐαυτὸν
3455 1656 3613 1726 δῆλον
3664 1657 3839 1709 ἐποίει
3885 1656 3986 1708 καὶ

2394 1752 2491 1805 τοῦ
2521 1753 2724 1815 παντὸς
2751 1751 2922 1817 ἆξον.
2974 1753 3046 1805 Οὐ
3081 1752 3189 1823 γὰρ
3227 1752 3469 1822 ἔκρυπτε
3523 1750 3615 1803 τὸν
3655 1750 3895 1820 ἐργάτην
3950 1752 3985 1818 ἡ

2396 1842 2591 1912 ἁρετὴ,
2626 1842 2724 1911 οὐχ
2755 1837 2916 1911 ἦττον
2945 1843 2977 1912 ἢ
3012 1843 3070 1894 τὸ
3103 1842 3214 1910 ᾳῶς
3249 1845 3377 1905 τοὺς
3414 1842 3503 1894 ὑπ’
3532 1842 3726 1909 ἐκείνῳ
3758 1858 3985 1910 πορευο-

2402 1936 2595 2003 μένους
2629 1951 2643 1966 ’
2674 1939 2766 1986 καὶ
2796 1935 2845 1985 οἱ
2878 1935 2985 1987 τῶν
3018 1935 3183 1988 αὐτοῦ
3234 1935 3289 1987 δὲ
3341 1937 3519 1988 πόνων
3579 1935 3788 2004 καρποὶ
3839 1937 3982 2002 τοιχῦ

2398 2023 2492 2075 τοῦ
2552 2024 2770 2094 δένδρου
2829 2025 2890 2077 τὸ
2956 2027 3173 2092 εὐγενὲς
3222 2028 3593 2095 κατεμήνυον.

2397 2114 2670 2183 ὀςθαλμοὶ
2701 2115 2837 2168 Θεοῦ
2867 2117 2974 2169 τῶν
3005 2117 3227 2185 ἀφανῶν
3258 2118 3411 2181 ὄντες
3458 2121 3716 2181 ἐπόπται,
3775 2121 3986 2190 ﬁxes;

2400 2209 2495 2260 καὶ
2521 2209 2604 2260 ἔτι
2644 2209 2932 2262 λανθάνειν
2966 2212 3131 2261 αὐτὸν
3166 2212 3465 2280 ἠνείχοντο.
3511 2212 3732 2279 Ἀμέλει
3763 2218 3855 2264 καὶ
3883 2213 3982 2279 δῆ-

2398 2297 2488 2360 λος
2517 2303 2726 2365 γίνεται
2759 2306 2850 2353 καὶ
2884 2302 2910 2352 ό
2953 2302 3143 2372 Πατὴρ
3181 2306 3207 2354 ό
3246 2303 3461 2371 βλέπων
3494 2305 3549 2355 ἐν
3602 2303 3678 2372 τῷ
3726 2304 3983 2372 κρυπτῷ,

2398 2390 2682 2451 ἀποδιδοὺς
2716 2393 2913 2459 ἐκείνῳ
2966 2399 3104 2446 κατα
3150 2395 3209 2446 τὸ
3261 2397 3496 2465 φανερὸν
3545 2397 3842 2458 δείκνυται,
3891 2401 3985 2448 καὶ

2402 2482 2571 2544 ὅπως,
2618 2487 2950 2552 προσεκτέον
2995 2486 3071 2550 τῷ
3112 2484 3438 2555 διηγηματι.
3499 2486 3660 2555 ’Δρτι
3711 2486 3806 2537 τοῦ
3858 2485 3983 2539 κατ’

2400 2574 2580 2626 ἐκ;ῖνο
2641 2575 2838 2644 καιροῦ
2885 2577 2982 2646 τῆς
3031 2578 3267 2646 Μυρέων
3328 2579 3599 2648 προέδρου
3644 2580 3734 2630 τὸν
3787 2577 3986 2648 θρόνον

2402 2665 2571 2733 ἄμφω
2599 2669 2690 2719 καὶ
2718 2671 2809 2718 τὸν
2846 2667 2961 2736 βίον
2993 2671 3376 2735 ἀπολιπόντος,
3410 2669 3817 2739 ζῆλος-εἰσῆλθε
3839 2669 3984 2732 θεῖος

2401 2757 2527 2819 τούς
2557 2774 2615 2809 τε
2648 2758 2738 2810 ὑπ’
2777 2760 2938 2811 αὑτὸν
2970 2762 3304 2824 ἐπισκόπους
3336 2764 3430 2815 καὶ
3459 2764 3583 2824 τοὺς
3617 2762 3850 2830 λογάδας
3887 2761 3984 2814 τοῦ

2406 2848 2608 2918 κλήρου
2663 2851 2752 2902 τὸν
2805 2851 2954 2914 ἄξιον
2995 2853 3290 2907 ἀποδοῦναι
3347 2856 3424 2926 τῷ
3474 2856 3650 2925 θρόνῳ
3707 2871 3718 2883 °

3673 2027 3835 2078 Ἀλλὰ
3886 2032 3985 2080 καί

3776 2859 3869 2907 καὶ
3914 2855 3982 2922 δή

717 2942 940 3010 quidam
971 2958 1034 2994 cx
1060 2943 1161 3007 eis,
1201 2943 1290 2995 Dei
1321 2953 1374 2994 et
1409 2944 1691 3009 sapientia:
1721 2943 1875 2996 illius
1901 2946 2297 3013 dispensationi
2327 2930 2368 2984 ο
2402 2965 2403 2970 η

2327 2930 2368 2984 C
2402 2957 2532 2992 ποτε
2601 2945 2818 2995 πάντων
2869 2946 3427 3016 έκκλησιασαμένων,
3493 2948 3850 2999 συνεϐούλευέ
3900 2965 3982 3007 τις

717 3033 861 3087 hanc
905 3047 1016 3086 rem
1067 3032 1324 3101 precibus
1369 3035 1735 3087 committere.
1784 3034 1898 3088 Hoc
1937 3050 2062 3089 cum
2113 3051 2299 3100 omne,

720 3135 980 3194 tanquam
1026 3125 1408 3193 unusquisque
1449 3141 1603 3178 suam
1649 3125 1903 3196 elegisset
1946 3132 2298 3193 sententiam,

718 3217 864 3270 Deus
923 3217 1016 3284 qui
1074 3215 1204 3268 facit
1267 3217 1609 3268 voluntatem
1673 3221 1987 3272 timentium
2043 3234 2191 3283 eum,
2245 3229 2300 3273 et

719 3311 940 3362 exaudit
994 3324 1180 3377 preces
1236 3308 1476 3372 illorum,
1527 3309 1618 3362 uni
1671 3324 1865 3362 eorum
1915 3311 2123 3364 revelat
2168 3325 2295 3366 eum

721 3403 814 3460 qui
852 3411 968 3453 erat
1004 3399 1341 3468 praefuturus
1371 3399 1641 3463 ecclesiae,
1669 3409 1726 3453 et
1752 3399 1819 3454 ad
1847 3415 1976 3454 cum
2007 3402 2302 3470 aliquando

720 3492 905 3544 divina
936 3506 1208 3559 apparens
1237 3490 1394 3548 \isio,
1430 3489 1540 3542 visa
1566 3500 1652 3543 est
1677 3491 1726 3543 ei
1751 3491 1971 3561 jubere,
1998 3504 2057 3546 ut
2079 3494 2306 3547 veniens

721 3582 788 3634 ad
824 3583 1008 3649 templi
1043 3582 1248 3634 aditum
1277 3581 1384 3634 illic
1408 3589 1576 3633 staret
1615 3590 1669 3634 et
1694 3582 1916 3636 dicere:
1947 3584 2049 3650 Qui
2093 3585 2307 3654 primus

723 3673 789 3726 ad
839 3673 1098 3740 templum
1138 3673 1370 3733 venerit,
1415 3670 1460 3724 is
1488 3680 1572 3724 est
1606 3672 1698 3739 qui
1739 3686 1860 3726 meo
1904 3685 2159 3727 movetur
2188 3675 2304 3742 spi-

721 3762 858 3823 ritu,
903 3772 957 3815 et
997 3777 1119 3815 eum
1162 3762 1516 3829 accipientes,
1548 3771 1630 3814 est
1669 3771 1852 3815 autem
1882 3763 1932 3816 ei
1975 3779 2177 3817 nomen
2207 3764 2306 3818 Ni-

721 3853 938 3913 colnus,
987 3867 1111 3906 eum
1164 3861 1343 3905 create
1387 3855 1705 3920 episcopum
1741 3852 1889 3909 :hoc
1932 3853 2081 3908 enim
2129 3865 2213 3909 est
2245 3853 2294 3909 ei

719 3942 1193 4009 praedestinatum.

2399 3032 2602 3093 αὐτῶν,
2635 3032 2768 3086 Θεοῦ
2820 3035 2875 3088 δέ
2936 3037 3095 3088 τοῦτο
3156 3040 3376 3107 καὶτῆς
3424 3040 3638 3090 ἐκείνου
3674 3042 3869 3106 σοφίας
3904 3044 3987 3092 oi-

2397 3126 2651 3193 κονομία,
2697 3128 2830 3196 εὐχῇ
2888 3132 2955 3181 τὰ
2995 3130 3090 3182 τοῦ
3141 3138 3468 3200 πράγματος
3521 3134 3837 3203 ἐπιτρέψαι,
3887 3139 3984 3187 καὶ

2395 3218 2495 3284 τὴν
2522 3219 2733 3270 ἐκείνου
2762 3226 3100 3288 χεμροτονίαν
3130 3228 3192 3292 τῇ
3223 3225 3432 3277 ἄνωθεν
3452 3227 3758 3296 ἐγχειρίσαι
3790 3227 3981 3296 ψήφῳ.

2396 3309 2584 3371 Οὕτως
2635 3309 2728 3364 οὖν
2775 3312 2954 3364 αὐτῶν
3002 3317 3067 3383 τῇ
3113 3319 3243 3384 ερχῇ
3303 3321 3625 3386 χρωμένων,
3673 3321 3836 3388 ηρεσε
3873 3322 3983 3390 γὰρ

2398 3403 2427 3454 6
2487 3404 2663 3471 λόγος,
2733 3406 2760 3459 ὁ
2826 3411 2886 3459 τὸ
2945 3408 3155 3479 θέλημα
3220 3412 3327 3463 τὼν
3390 3413 3744 3482 φόόλυμένων
3811 3418 3983 3466 αξιτέν

2399 3494 2572 3546 ποιῶν
2603 3497 2829 3564 Κύριος,
2870 3499 2950 3549 ἐνὶ
2983 3502 3188 3554 τούτων
3238 3505 3332 3555 τὸν
3375 3506 3826 3574 προστησόμενον
3881 3508 3985 3574 τῆς

2415 3586 2743 3655 Ἐκκλησιας
2778 3595 2920 3642 ποιεί
2947 3593 3244 3662 γνώριμον.
3283 3595 3432 3647 Ποιεί
3457 3597 3513 3648 δέ
3541 3597 3716 3657 οὕτως
3761 3612 3772 3624 ·
3809 3598 3982 3665 Eulo-

2403 3678 2549 3746 μένῳ
2578 3677 2656 3748 τῷ
2685 3680 2840 3750 ἀνδρὶ
2866 3682 3000 3751 τῷδε
3033 3687 3155 3736 θεία
3197 3701 3278 3748 τις
3339 3687 3613 3739 ἐπιστᾶσα
3664 3686 3809 3757 ὄψις,
3857 3689 3982 3741 ἐπι-

2400 3767 2618 3820 τάττειν
2650 3771 2823 3823 εδόκει
2867 3775 3014 3840 παρὰ
3040 3778 3136 3837 τὰς
3171 3775 3266 3828 τοῦ
3296 3776 3423 3828 ναοῦ
3480 3779 3717 3839 είσόδους
3768 3777 3980 3832 ἐλθόντι

2403 3862 2616 3928 στῆναι,
2644 3866 2758 3926 καὶ,
2805 3864 3116 3936 ”υσπερᾶν,
3145 3870 3327 3934 φάναι,
3361 3870 3578 3938 Πρῶτος
3610 3873 3698 3921 τὸν
3720 3873 3843 3921 ναὸν
3867 3876 3983 3922 εἱσ-

2405 3951 2572 4014 έλθοι,
2637 3956 2828 4008 τοῦτον
2860 3954 2999 4010 εἶναι
3022 3960 3114 4010 τὸν
3156 3960 3232 4029 τῷ
3264 3961 3384 4028 ἐμῷ
3434 3962 3753 4030 κινούμενον
3807 3964 3981 4015 ΙΙνεὺ-

726 4049 879 4099 ματι.
915 4033 1181 4097 Νικόλαος
1216 4033 1389 4100 ὄνομα
1419 4032 1498 4103 τῷ
1543 4033 1704 4102 ἀνδρὶ
1729 4027 1893 4101 ᾧκαὶ
1941 4034 2041 4105 τὴν
2112 4034 2424 4107 ἐπισκοπὴν
2485 4043 2581 4096 καὶ
2628 4044 2869 4118 τῆν’·εῆς
2916 4027 3241 4120 Ἐκκλησίας
3312 4027 3652 4121 προστασίαν
3734 4054 3980 4124 ἐγχειρι.

726 4131 898 4182 στέον.
933 4127 1104 4180 Τοῦτο
1137 4129 1245 4197 γὰρ
1274 4127 1425 4197 αὐτῷ
1451 4130 1544 4181 καὶ
1573 4129 1932 4199 προώρισται.

793 4221 909 4278 Xll.
942 4221 1073 4275 Cum
1122 4222 1226 4276 hoc
1265 4222 1349 4275 vir
1385 4223 1475 4277 ille
1512 4221 1729 4277 divinus
1763 4224 2066 4293 accepisset
2095 4235 2292 4296 myste-

721 4312 888 4377 rium,
937 4311 1051 4367 liaec
1092 4313 1303 4384 synodo
1352 4322 1407 4366 et
1447 4314 1596 4367 clero
1646 4316 2039 4382 communicat,
2079 4325 2137 4370 et
2179 4332 2299 4372 om-

2476 4229 2577 4286 lB'.
2630 4230 2819 4292 Οὓτως
2851 4234 2877 4284 6
2923 4231 3063 4295 θεῖος
3121 4235 3328 4296 ἐκεῖνος
3372 4234 3513 4303 ἀνὴρ
3553 4235 3810 4305 μυηθεὶς,
3874 4237 3978 4294 οὐκ

2406 4321 2697 4391 ἀπόρρητα
2733 4323 2864 4391 παρ’
2910 4322 3089 4392 ἐαυτῷ
3145 4324 3365 4394 κατέχει
3395 4326 3464 4376 τὰ
3492 4324 3791 4394 μυηθειιτα,
3836 4326 3977 4379 ἀλλὰ

724 4407 887 4456 nibus
936 4405 1252 4474 diligentius
1303 4403 1628 4457 vacantibus
1673 4404 1932 4470 orationi,
1984 4407 2031 4459 is
2076 4411 2165 4460 cui
2209 4408 2303 4461 ille
2336 4400 2378 4455 D

2288 4422 2303 4461 Β
2336 4400 2378 4455 Ι)
2411 4417 2505 4464 καὶ
2531 4416 2596 4481 τῇ
2629 4413 2835 4482 συνόδῳ
2861 4413 3035 4466 ταῦτα
3066 4417 3160 4467 καὶ
3189 4415 3263 4486 τῷ
3293 4417 3482 4486 κλήρῳ
3509 4416 3642 4487 δῆλα
3671 4421 3834 4471 ποιεῖ.
3861 4419 3974 4471 Καὶ

719 4511 950 4566 magnus
998 4496 1177 4550 fuerat
1211 4495 1510 4561 revelatus,
1550 4497 1703 4550 venit
1751 4497 1805 4551 in
1851 4512 1980 4553 eum
2014 4498 2196 4553 locum
2228 4501 2297 4556 ad

718 4599 883 4653 quem
928 4585 1106 4638 fuerat
1135 4586 1340 4655 jussus.
1390 4586 1509 4640 Jam
1543 4595 1730 4641 autem
1778 4587 1924 4642 circa
1968 4589 2298 4645 matutinum

719 4675 907 4728 divino
952 4675 1149 4743 spiritu
1182 4685 1364 4730 motus
1407 4691 1637 4745 magnus
1683 4677 1773 4732 ille
1809 4677 2069 4735 Nicolaus
2102 4698 2114 4734 :
2153 4685 2300 4736 venit

720 4769 778 4822 in
811 4770 1120 4824 ecclesiam.
1153 4768 1291 4824 Cum
1335 4784 1468 4825 vero
1503 4771 1696 4827 fuisset
1732 4772 1788 4828 in
1815 4775 2092 4830 vestibulo
2122 4793 2137 4830 :
2171 4792 2298 4830 eum

718 4862 998 4929 accipiens
1041 4862 1088 4914 is
1117 4862 1210 4928 qui
1255 4861 1346 4916 illa
1386 4861 1564 4921 fuerat
1596 4861 1853 4934 dignatus
1888 4866 2122 4934 visione,
2152 4867 2300 4939 Quo-

718 4952 882 5005 modo
929 4953 1161 5016 vocaris,
1196 4966 1228 5004 o
1262 4951 1360 5019 ﬁli,
1393 4952 1689 5024 diligenter
1723 4956 1954 5026 rogavit.
1990 4958 2084 5013 Ille
2115 4971 2297 5016 autem

718 5042 949 5097 comiter
981 5052 1036 5097 et
1075 5042 1399 5111 simpliciter
1441 5062 1453 5098 :
1483 5045 1743 5101 Nicotaus
1789 5061 2067 5116 peccator,
2097 5050 2294 5121 inquit,

719 5133 974 5195 Domine,
998 5147 1188 5187 servus
1213 5145 1317 5188 tua
1343 5137 1669 5190 sanctitatis.
1696 5136 1791 5191 Ille
1817 5153 1947 5194 vero
1973 5144 2055 5194 vir
2077 5141 2298 5198 divinus

716 5234 1005 5294 postquam
1046 5225 1161 5280 hac
1199 5226 1479 5280 moderata
1510 5238 1567 5281 et
1602 5228 1830 5282 humilia
1866 5232 2081 5285 audivit
2116 5231 2296 5304 ﬂagni

714 5324 907 5379 verba,
949 5322 1145 5389 partim
1177 5321 1399 5391 quidem
1451 5338 1518 5378 es
1555 5326 1779 5380 nomine
1814 5325 2025 5383 Nicolai
2067 5329 2213 5399 quod
2244 5331 2295 5386 ei

716 5413 1044 5479 praedixerat
1078 5415 1219 5468 visio
1244 5431 1365 5484 qua:
1399 5429 1750 5486 apparuerat,
1782 5420 1982 5488 partim
2016 5431 2199 5476 autem
2229 5438 2297 5477 ex

715 5517 929 5554 summa
954 5503 1216 5557 modestia
1240 5506 1370 5562 (non
1395 5507 1681 5574 ignorabat
1703 5508 1872 5575 enim,
1903 5509 2112 5581 «Super
2132 5528 2294 5582 quem

711 5593 857 5648 Deus
896 5596 1121 5662 respicit
1157 5597 1262 5652 nisi
1315 5613 1479 5668 supra
1525 5605 1711 5656 mitem
1764 5613 1822 5659 et
1874 5596 2294 5679 quietum“h)

711 5701 1047 5753 cognoscens
1075 5689 1227 5742 illum
1257 5689 1400 5745 hunc
1422 5707 1544 5748 esse
1567 5709 1732 5764 quem
1757 5693 1901 5752 Deus
1923 5696 2289 5768 signiﬁcabat,

785 5878 824 5906 “
865 5873 962 5928 lsa.
998 5894 1139 5942 tui,
1177 5862 1229 5934 ἱ.

2408 4503 2473 4574 δὴ
2508 4503 2946 4574 φιλοπονώτερον
2979 4507 3198 4559 πάντων
3232 4508 3340 4578 τῆς.
3374 4509 3541 4579 εὐχῆς
3589 4513 3892 4581 ἐχομένων,
3945 4513 3975 4563 6

2404 4595 2496 4647 τὸν
2531 4596 2707 4664 μέγαν
2738 4595 3122 4663 ἐκκαλυφθεὶς,
3153 4596 3284 4652 ἐνθα
3312 4598 3375 4675 δὴ
3403 4603 3496 4654 καὶ
3522 4603 3555 4671 η
3591 4604 3825 4670 φανεῐια
3851 4603 3974 4672 ὄψις

2407 4683 2681 4748 ἐκέλευεν,
2743 4685 3080 4753 ἀφικνεῖται.
3142 4689 3286 4758 Ἤδη
3333 4690 3387 4742 δέ
3437 4695 3564 4762 περὶ
3623 4695 3715 4748 τὸν
3773 4695 3972 4764 δρθρον

2406 4775 2688 4844 Πνεύματι
2715 4774 2845 4847 θείῳ
2875 4778 3119 4846 κινηθεὶς
3145 4781 3171 4831 6
3213 4782 3385 4848 μέγας
3419 4781 3711 4846 Νικόλαος,
3762 4788 3840 4848 εἰς
3873 4787 3974 4857 τὴν

2404 4867 2704 4936 ἐκκλησίαν
2736 4870 2828 4920 καὶ
2863 4869 3026 4931 αὐτὸς
3064 4871 3304 4939 ἀπήντα.
3359 4872 3510 4925 Ἐπεὶ
3539 4875 3596 4928 δέ
3625 4877 3684 4929 ἐν
3720 4875 3798 4945 τῷ
3838 4894 3971 4947 προο

2405 4959 2519 5029 ναῷ
2576 4960 2809 5028 γένοιτο,
2864 4961 3099 5029 ἐντυχὼν
3144 4962 3295 5032 αὐτῷ
3337 4965 3365 5016 6
3414 4966 3509 5033 τῆς
3570 4966 3718 5030 θείας
3791 4967 3970 5036 ὂψεως

2403 5052 2620 5121 ἐκείνης
2643 5052 2941 5122 ἠξιωμένος
2964 5069 2979 5082 ·
2998 5053 3122 5116 Πῶς
3151 5055 3280 5124 ἄρα,
3310 5051 3356 5110 ὦ
3383 5059 3588 5121 τέκνον,
3609 5061 3745 5128 καλῇ
3768 5076 3782 5122 ;
3811 5061 3974 5124 εὐθὺς

2405 5144 2589 5215 ήρετο.
2617 5135 2623 5141 ’
2657 5148 2716 5198 '0
2742 5146 2798 5198 δέ
2831 5149 3020 5216 πράως
3074 5149 3222 5201 οὕτω
3279 5153 3371 5202 καὶ
3421 5151 3632 5219 ἀφελῶς
3661 5167 3674 5179 ⁸
3708 5152 3972 5216 Νικόλαος

2405 5236 2750 5306 ἁμαρτωλὸς,
2778 5237 3033 5302 δέσποτα,
3065 5240 3190 5309 ἔφη,
3223 5239 3324 5309 τῆς
3353 5242 3634 5312 ἁγιότητος
3660 5241 3837 5302 δοῦλο,
3872 5245 3971 5310 τῆς

2407 5325 2529 5395 σῆς.
2579 5327 2666 5389 Ὠς
2696 5323 2790 5380 οὖν
2821 5327 2848 5378 6
2873 5327 3013 5391 θεῖος
3040 5332 3246 5393 ἐκεῖνος
3285 5331 3425 5400 ἀνὴρ
3452 5332 3520 5382 τὰ
3551 5336 3749 5401 μέτρια
3792 5334 3968 5386 ταῦτα

2407 5419 2500 5468 καὶ
2529 5420 2768 5470 ταπεινὰ
2796 5420 2930 5490 πρὸς
2967 5419 3059 5471 τοῦ
3091 5421 3331 5488 μεγάλου
3363 5422 3671 5486 ἀκούσειεν,
3701 5423 3817 5492 ἆμα
3869 5425 3969 5492 μὲν

2406 5509 2515 5560 ἀπὸ
2538 5508 2638 5578 τῆς
2668 5509 2762 5562 τοῦ
2792 5511 3061 5567 Νικολάου
3088 5514 3357 5584 κλήσεως,
3396 5515 3463 5585 ἣν
3496 5518 3586 5568 καὶ
3615 5518 3646 5584 ἡ
3701 5517 3818 5567 θεία
3846 5517 3972 5583 ὅᾲις

2406 5600 2560 5672 αὐτῷ
2603 5605 2948 5672 προειρήκει,
3000 5603 3118 5675 ἅμα
3166 5606 3223 5658 δέ
3275 5609 3370 5660 καὶ
3422 5609 3532 5662 ἀπὸ
3580 5609 3673 5662 τοῦ
3706 5610 3972 5678 μεγέθους

2403 5691 2500 5760 τῆς
2530 5695 2999 5766 μετριοξρτσύνης
3035 5698 3129 5749 καὶ
3184 5694 3273 5751 τοῦ
3310 5698 3620 5768 συνᾴδοντα,
3665 5701 3800 5768 αὑτῇ
3836 5705 3974 5772 σχή-
