4270 6428
750 402 859 466 335
1996 405 2287 466 MENSIS
2327 407 2762 470 DECEMBER.
3920 418 4031 480 336

751 518 876 570 dem
934 527 1056 582 qua:
1097 510 1238 564 bona
1271 522 1421 566 esset
1454 511 1662 574 fruens,
1693 511 1836 565 mala
1874 521 2058 567 autem
2102 515 2344 570 carceris
2373 567 2376 575 λ

2373 522 2418 577 Α
2448 516 2690 586 χρηστοῦ
2726 517 2828 586 μὲν
2879 520 3098 584 οὐδενὸς
3144 523 3416 594 μετέχων,
3463 525 3575 579 τῶν
3615 527 3679 580 ἐκ
3722 526 3822 598 τῆς
3853 531 4033 597 φῦλα.

748 611 934 662 ferens
967 615 1073 659 tam
1123 603 1252 658 forti
1278 613 1334 659 et
1363 619 1631 674 generoso
1655 608 1858 671 animo,
1886 621 2050 675 quam
2071 607 2195 677 quis
2225 607 2338 662 fer-

2437 611 2541 679 κῆς
2567 609 2625 663 δὲ
2656 610 2918 681 λυπηρῶν
2939 614 3290 682 ἀνεχόμενος,
3331 616 3477 669 οὕτω
3514 620 3803 686 γενναίως,
3833 619 4030 689 ὥσπερ

749 714 836 758 ret
871 718 933 756 ea
966 717 1088 770 qute
1119 709 1304 756 essent
1351 708 1504 766 grata
1542 709 1600 754 et
1641 700 1908 770 jucunda.
1957 700 2064 756 Sed
2112 716 2213 756 nec
2257 702 2336 755 sic

2435 697 2502 750 ἀν
2527 716 2610 762 τις
2638 700 2841 769 μᾶλλον
2862 703 3034 772 ἡδέων
3064 707 3453 775 κατατρυφῶν.
3497 708 3642 778 Πλὴν
3685 710 3802 762 οὐδὲ
3851 711 4031 773 οὕτως

745 793 966 859 quidem
998 792 1405 848 intermittebat
1430 807 1562 846 suos
1587 792 1641 844 in
1668 792 1773 847 fide
1797 793 1946 847 alere
1970 811 1983 846 :
2015 794 2069 847 iu
2097 793 2253 847 firmo
2278 803 2336 848 et

2433 794 2572 845 ἀνίει
2607 793 2636 844 ὁ
2677 796 2744 848 τά
2789 797 2969 849 πάντα
3015 800 3288 866 γενναῖος,
3328 802 3446 854 ἀλλ’
3473 801 3665 872 ὥσπερ
3696 803 3819 855 τινά
3849 805 4026 872 νεαρά

744 886 979 938 infracto
1010 886 1366 938 fundamento
1410 882 1578 953 pedes
1609 882 1827 938 illorum
1856 895 2124 949 statuens,
2154 895 2212 940 et
2235 900 2332 940 eos

2432 883 2573 951 φυτά
2599 886 2724 947 τοὺς
2747 886 2837 939 ὑπ’
2867 888 3017 958 αὑτῷ
3041 890 3250 953 πάντας
3278 893 3512 960 νάμασιν
3533 893 3817 955 εὐσεϐείας
3847 894 4029 963 ὲπάρ-

743 978 979 1030 reddens
1002 975 1305 1029 vividiores
1332 983 1389 1028 et
1418 975 1660 1028 acriores
1695 989 1793 1044 pro
1824 977 2081 1031 veritate.

2429 977 2535 1029 δων
2569 974 2660 1048 ἦν,
2694 982 2755 1031 ὲν
2785 983 3026 1052 ἀῤῥαγεῖ
3064 1000 3125 1035 τε
3182 983 3419 1054 θεμελίῳ
3446 985 3572 1049 τοὺς
3599 987 3826 1038 ἐκείνων
3853 989 4027 1050 πόδας

740 1071 930 1134 ἱστῶν,
983 1072 1080 1128 ναὶ
1122 1070 1503 1141 γενναιοτέρου
1550 1069 1650 1140 μὲν
1698 1072 1993 1142 ἐμπιπλῶν
2054 1072 2400 1143 δρμήματος,
2470 1072 2804 1146 ἀξιομάχους
2842 1078 2900 1131 δὲ
2963 1076 3306 1149 στρατιώτας
3368 1079 3466 1150 τῆς
3509 1079 3766 1150 ἀληθείας
3822 1081 4024 1147 αὐτοὺς

742 1163 1131 1230 παρεχόμενος.

812 1256 948 1312 XIV.
995 1256 1100 1311 Sed
1151 1258 1336 1312 statim
1429 1257 1510 1312 sol
1555 1271 1778 1329 apparet
1814 1269 1938 1331 post
1981 1259 2229 1316 nubem:
2272 1272 2328 1316 ct

2511 1258 2609 1314 lA'.
2657 1258 2801 1314 Ἀλλ’
2830 1259 2995 1322 εὐθὺς
3022 1260 3177 1331 ἥλιος
3213 1261 3352 1330 μετά
3393 1262 3578 1331 νέφος,
3615 1265 3714 1316 καὶ
3759 1263 3904 1331 ήπία
3933 1281 4022 1326 τις

739 1353 880 1405 levis
909 1361 965 1405 et
999 1353 1184 1405 suavis
1215 1350 1465 1419 quaedam
1495 1367 1628 1406 aura
1670 1363 1790 1422 post
1823 1354 2137 1422 procellam,
2169 1355 2325 1408 beni-

2435 1349 2580 1425 αὖρα
2622 1354 2763 1423 μετά
2795 1353 2894 1422 τὴν
2920 1354 3214 1422 καταιγίδα
3241 1353 3337 1407 καὶ
3359 1355 3769 1426 φιλάνθρωπον,
3816 1359 3845 1409 ό
3886 1357 4032 1436 ἐμὸς-

738 1458 985 1513 gnusque
1041 1451 1103 1496 et
1150 1443 1392 1498 clemens
1444 1459 1598 1498 meus
1653 1444 1907 1500 Christus
1970 1446 2211 1516 desuper
2253 1448 2321 1500 ad

2430 1448 2669 1514 Χριστὸς
2702 1445 2910 1499 ἄνωθεν
2964 1447 3102 1512 πρὸς
3136 1447 3230 1499 τὸν
3281 1447 3448 1500 αὐτοῦ
3500 1447 3631 1500 λαὸν
3688 1447 4016 1515 ἐπιϐλέψας,

738 1550 896 1588 suam
932 1535 1153 1590 intuens
1185 1535 1584 1600 haereditatcm,
1616 1536 1852 1592 destruit
1886 1539 2106 1608 quidem
2137 1539 2319 1592 omnia

2430 1543 2690 1610 καθαιρεῖ
2717 1541 2817 1610 μὲν
2859 1540 3120 1604 ἀσεϐείας
3150 1539 3371 1595 ἀπάντα
3410 1543 3697 1611 σκῆπτρα,
3730 1541 3824 1594 καὶ
3873 1543 4016 1611 μετά

738 1627 1036 1696 impietatis
1083 1636 1319 1695 sceptra,
1345 1627 1593 1698 tollitque
1612 1628 1679 1684 de
1704 1630 1903 1694 medio,
1934 1630 2320 1697 Diocletianos,

2427 1630 2536 1684 τῶν
2574 1632 2746 1700 φίλων
2782 1632 2964 1694 αὐτοῖς
2999 1633 3277 1703 δαιμόνων
3321 1633 3586 1702 οἰμώζειν
3639 1638 3789 1688 ποιεῖ
3831 1651 3846 1666 ’
3891 1639 4016 1689 Ato-

743 1719 990 1786 inquam,
1042 1726 1098 1771 et
1142 1717 1503 1774 Maximianos
1548 1729 1605 1776 et
1635 1721 1953 1790 quicunque
1999 1721 2153 1776 fuere
2201 1731 2324 1791 post

2427 1723 2709 1792 κλητιανοὶ
2739 1722 2915 1778 ταῦτα
2950 1725 3046 1778 καὶ
3087 1724 3452 1795 Μαξιμιανοὶ,
3487 1729 3582 1779 καὶ
3605 1728 3720 1780 ὅσοι
3753 1729 3879 1795 μετ’
3916 1730 4016 1781 αὐ-

736 1827 832 1865 eos
853 1812 1101 1881 gentiles,
1136 1812 1296 1882 erigit
1325 1821 1509 1868 autem
1546 1828 1715 1868 cornu
1745 1813 1937 1868 salutis
1959 1815 2162 1885 populo
2197 1830 2319 1881 suo,

2422 1815 2550 1878 τοὺς
2573 1814 2669 1868 τοῦ
2701 1815 3033 1886 ἑλληνισμοῦ
3087 1820 3574 1886 προειστήκεισαν.
3642 1821 3926 1889 ’Λνίστησι
3953 1823 4012 1876 δὲ

737 1913 793 1956 ct
823 1907 994 1971 tigura
1033 1904 1218 1957 crucis
1252 1919 1349 1973 per
1389 1905 1575 1959 stellas
1608 1919 1906 1977 apparente
1928 1906 2244 1962 Constantis
2267 1917 2321 1961 et
2355 1978 2376 1984 _

2355 1978 2388 1984 _
2423 1904 2593 1975 κέρας
2628 1907 2906 1976 σωτηρίας
2935 1907 3014 1978 τῷ
3039 1906 3155 1977 λαῷ
3183 1907 3372 1971 αὑτοῦ,
3419 1912 3515 1964 καὶ
3561 1912 3720 1984 τύπῳ
3764 1913 4009 1984 σταυροῦ

737 1993 955 2048 Helena:
1003 1995 1175 2048 filium
1226 1996 1648 2050 Constantinum
1701 2009 1914 2064 evocat,
1969 2009 2025 2053 et
2057 2000 2107 2052 ei
2159 1999 2320 2052 tradit

737 2096 1017 2155 sceptrum
1049 2087 1449 2143 Romanorum.
1492 2090 1542 2144 Is
1575 2106 1705 2146 vero
1743 2107 1867 2146 cum
1897 2102 2047 2147 esset
2077 2093 2316 2163 sapiens,

733 2188 786 2230 et
808 2193 934 2230 eum
963 2179 1059 2245 qui
1094 2190 1342 2233 vocasset
1368 2194 1473 2234 non
1502 2182 1824 2251 ignorasset,
1866 2184 1921 2238 in
1947 2199 2014 2240 eo
2058 2184 2316 2238 confidit:

734 2279 789 2322 et
820 2270 1049 2338 deiectis
1083 2269 1341 2326 omnibus
1377 2271 1742 2340 adversariis,
1781 2275 2049 2331 acerrime
2073 2275 2320 2330 defendit

733 2361 994 2428 pietatem
1027 2380 1038 2415 :
1072 2371 1128 2415 et
1166 2363 1232 2416 iis
1268 2364 1360 2432 qui
1420 2366 1575 2434 prius
1623 2365 1841 2421 fuerant
1894 2368 2317 2436 imperatoribus

729 2455 932 2509 cecinit
981 2455 1332 2522 palinodiam,
1377 2459 1580 2527 jubens
1643 2462 1868 2531 qui-lem
1917 2461 2067 2516 dirui
2115 2463 2312 2533 templa

729 2547 1172 2614 simulacrorum,
1205 2551 1342 2604 solvi
1378 2561 1561 2607 autem
1612 2568 1642 2608 c
1697 2555 2022 2610 carceribus
2070 2571 2165 2611 eos
2219 2558 2313 2626 qui

727 2638 945 2692 inerant
978 2640 1177 2694 inclusi
1213 2653 1438 2712 propter
1468 2660 1668 2700 nomen
1703 2648 1929 2713 Christi,
1963 2657 2026 2702 et
2045 2649 2307 2704 adificari

732 2732 934 2800 templa
966 2732 1435 2802 Christianorum,
1474 2746 1527 2792 et
1581 2740 1846 2796 ecclesias
1871 2756 2028 2796 suum
2056 2752 2310 2797 ornatum

730 2822 1012 2891 suscipere
1038 2823 1136 2893 (ᾖ).
1169 2824 1305 2879 Cum
1336 2827 1439 2882 hoc
1469 2844 1601 2898 ergo
1635 2830 1919 2887 decretum
1943 2849 2164 2890 omnem
2194 2838 2312 2906 ejus

727 2914 963 2983 imperio
1012 2914 1315 2984 subjectam
1351 2921 1863 2990 comprehendisset
1913 2924 2211 2994 regionem,
2257 2928 2311 2979 iu

725 3021 878 3059 suam
913 3010 1148 3076 patriam
1177 3013 1609 3067 revertebantur
1640 3030 1832 3071 omnes
1856 3015 2060 3071 Christi
2089 3021 2308 3074 confes-

725 3113 899 3153 eores.
952 3101 1122 3156 Suum
1174 3103 1358 3174 itaque
1411 3106 1726 3174 pontificem
1775 3107 2062 3163 Nicolaum
2115 3111 2309 3166 civitas

729 3193 975 3261 suscepit
1005 3193 1363 3264 Myrensium,
1394 3197 1650 3252 instituto
1678 3199 1902 3267 quidem
1935 3215 2000 3254 ac
2028 3201 2310 3256 voluntate

726 3292 1021 3353 martyrem
1045 3294 1102 3339 et
1125 3286 1472 3341 incruentum
1499 3288 1782 3344 victorem.
1807 3289 1900 3345 Ille
1925 3301 2107 3348 autem
2139 3309 2169 3346 a
2194 3293 2306 3348 Deo
2334 3321 2376 3375 ρ

724 3372 867 3425 datis
895 3373 1042 3427 omni
1074 3390 1140 3428 ex
1185 3387 1339 3442 parte
1391 3377 1593 3432 ﬂorens
1627 3378 1810 3445 donis,
1849 3390 1906 3435 et
1936 3384 2157 3437 morbos
2187 3401 2306 3437 om-

727 3479 828 3517 nes
859 3466 1109 3531 curabat,
1142 3476 1197 3521 et
1235 3469 1340 3522 fuit
1368 3470 1521 3524 brevi
1550 3471 1732 3525 clarus
1763 3479 1818 3525 et
1863 3472 2162 3542 gloriosus,
2196 3489 2304 3528 non

723 3555 903 3608 solum
937 3557 1081 3625 apud
1109 3559 1318 3629 ﬁdeles,
1348 3562 1442 3616 sed
1488 3564 1655 3618 etiam
1685 3565 1828 3634 apud
1875 3566 2078 3620 multos
2113 3566 2307 3622 infide-

723 3646 824 3709 les,
855 3655 913 3700 et
953 3647 1262 3705 habebatur
1306 3653 1362 3706 in
1395 3655 1642 3710 omnium
1672 3657 1873 3711 animis
1903 3659 1955 3710 in
1990 3658 2179 3728 majori
2211 3659 2306 3713 ad-

725 3737 1015 3794 miratione
1040 3757 1206 3811 quam
1245 3759 1368 3813 qua
1393 3748 1564 3815 possit
1589 3748 1770 3802 verbis
1800 3749 2056 3819 exprimi.
2089 3750 2156 3804 Et
2179 3751 2302 3806 ideo

721 3846 846 3884 cum
880 3833 1094 3889 videret
1131 3839 1313 3896 adhuc
1349 3850 1556 3895 restare
1591 3843 1788 3897 multas
1820 3859 1943 3899 aras
1976 3844 2305 3899 simulacro-

725 3941 870 3988 rum,
903 3938 960 3982 et
987 3944 1236 4000 magnam
1283 3933 1590 3988 daemonum
1625 3945 1900 3990 catervam
1948 3938 2002 3992 in
2033 3939 2114 3993 cis
2141 3939 2301 3993 babi-

725 4025 863 4078 tare,
903 4027 959 4071 et
995 4034 1104 4073 non
1138 4037 1339 4088 paucos
1365 4025 1599 4093 perdere
1630 4042 1697 4080 ex
1725 4025 2085 4098 Myrensibua,
2113 4031 2302 4085 divino

721 4109 837 4160 zelo
879 4113 1063 4166 animo
1090 4112 1348 4170 incensus
1369 4119 1616 4187 exsurgit
1643 4117 1960 4184 fortissime,
1991 4131 2048 4174 et
2083 4137 2300 4178 omnem

722 4200 944 4254 illorum
998 4204 1194 4260 obiens
1243 4210 1541 4276 regionem,
1574 4211 1618 4265 si
1655 4211 1708 4265 in
1740 4213 1978 4282 aliquam
2019 4229 2169 4268 aram
2204 4216 2302 4270 ali-

722 4293 943 4357 quando
971 4295 1276 4362 incidisset,
1319 4299 1468 4353 humi
1502 4301 1817 4370 dejiciebat.
1845 4314 1900 4358 et
1934 4305 1985 4358 in
2021 4307 2298 4375 pulverem

722 4384 1174 4441 comminuebat:
1208 4399 1264 4442 et
1298 4391 1377 4444 sic
1443 4393 1634 4459 procul
1678 4395 1958 4463 expellens
1990 4396 2297 4451 daemonum

723 4471 1158 4543 multitudinem,
1187 4476 1374 4533 effecit
1407 4489 1465 4534 ut
1495 4495 1624 4550 grex
1656 4496 1792 4552 pace
1822 4484 2113 4554 tranquilla
2151 4485 2297 4542 frue-

720 4574 894 4618 retur.

2355 1978 2394 2030 Β
2423 1996 2488 2048 δι’
2518 1995 2770 2066 ἀστέρων
2797 1997 2890 2050 τὸν
2927 1998 3291 2062 Κώνσταντος
3315 1999 3412 2051 καὶ
3456 1978 4008 2072 Ἐλένηςνκωνσταν-

2421 2089 2568 2140 τῖνον
2598 2089 3010 2158 μετακαλεῖται,
3045 2091 3142 2144 καὶ
3183 2092 3246 2144 τὸ
3315 2089 3614 2161 Ῥωμαίων
3667 2095 3820 2166 αὑτῷ
3868 2099 4010 2167 σκῆ-

2420 2194 2592 2249 πτρον
2620 2182 2948 2250 ἐγχειρίζει.
2998 2183 3062 2236 Ὀ
3089 2183 3145 2237 δὲ
3177 2185 3399 2247 συνετὸς
3430 2186 3530 2250 ὢν,
3578 2187 3674 2241 καὶ
3709 2190 3800 2241 τὸν
3834 2190 4002 2242 καλέ-

2421 2287 2594 2325 σαντα
2623 2271 2772 2335 ὅστις
2807 2276 2892 2345 εἴη
2932 2276 3008 2346 μὴ
3047 2277 3322 2346 ἀγνοήσας
3371 2277 3523 2348 αὑτῴ
3574 2295 3632 2331 τε
3697 2279 4004 2350 ἐθάρσησε,

2421 2365 2516 2417 καὶ
2573 2365 2666 2418 ὑπ’
2707 2366 2921 2421 ἐκείνου
2973 2370 3350 2439 φραττόμενός
3389 2387 3448 2423 τε
3485 2372 3583 2426 καὶ
3632 2371 3864 2443 δύναμιν
3903 2378 4005 2445 ἑμ-

2418 2459 2742 2526 πνεόμενος,
2790 2461 2851 2513 οὐ
2897 2461 3005 2532 μὴν
3045 2462 3183 2516 ἀλλά
3228 2463 3325 2515 καὶ
3369 2463 3469 2526 τάς
3523 2467 3716 2534 χεῖρας
3765 2468 3868 2537 μὲν
3922 2470 4007 2532 είς

2418 2550 2748 2618 παράταξιν,
2793 2554 2921 2616 τοὺς
2962 2553 3280 2619 δακτύλους
3335 2555 3390 2609 δὲ
3424 2557 3504 2620 είς
3568 2559 3812 2628 πόλεμον
3858 2561 4007 2614 διδα-

2417 2643 2710 2712 σκόμενος,
2762 2645 3027 2715 τρόπαιον
3076 2648 3217 2701 κατά
3261 2649 3361 2718 τῆς
3420 2651 3644 2722 πλάνης
3695 2656 4004 2724 περιφανὲς

2416 2734 2649 2805 ἔστησεν
2679 2753 2693 2768 ο
2729 2727 2819 2790 ὅτε
2852 2740 2947 2791 καὶ
2977 2738 3348 2810 ὑπερηφάνων
3382 2742 3481 2811 μὲν
3505 2743 3777 2815 ὀφθαλμοὶ
3837 2764 4002 2799 τετα-

2415 2830 2727 2895 πείνωντο,
2785 2830 3128 2902 καθῃροῦντο
3184 2833 3240 2886 δὲ
3307 2835 3561 2889 εἰδώλων·
3594 2840 3733 2904 ναοὶ,
3787 2840 4004 2894 ἀνίεντο

2412 2920 2467 2973 δὲ
2499 2921 2608 2974 τῶν
2637 2922 2897 2990 φυλακῶν
2935 2926 2984 2976 oi
3019 2924 3111 2977 διὰ
3150 2925 3388 2996 Χριστὸν
3419 2929 3640 2999 δέσμιοι
3674 2946 3688 2960 ·
3723 2933 4004 2998 ἀνῳκοδο-

2413 3015 2568 3083 μεῖτο
2602 3013 2659 3068 δὲ
2684 3015 2752 3068 τά
2787 3016 3138 3085 Χριστιανῶν
3170 3021 3400 3091 τεμένη,
3432 3022 3527 3074 καὶ
3557 3023 3677 3086 ταῖς
3716 3025 3813 3076 τοῦ
3857 3026 4000 3078 Θεοῦ

2410 3103 2737 3174 ἐκκλησίαις
2804 3109 2832 3160 ό
2877 3108 3168 3178 προλαϐὼν
3215 3111 3414 3164 ἐδίδοτο
3462 3113 3686 3183 κόσμος.
3739 3117 3996 3171 Τοιούτου

2409 3197 2706 3266 τοιγαροῦν
2753 3198 3025 3268 δόγματος
3070 3203 3170 3270 τὴν
3198 3203 3305 3255 ὑπὸ
3361 3207 3524 3274 χεῖρα
3571 3209 3755 3260 πᾶσαν
3811 3209 4001 3262 διαλα-

2410 3287 2623 3352 ϐόντος,
2659 3291 2753 3343 ἐπὶ
2794 3292 2896 3354 τὰς
2941 3293 3155 3347 ἑαυτῶν
3204 3298 3478 3365 πατρίδας
3525 3299 3573 3350 ci
3618 3300 3712 3351 τοῦ
3753 3301 3996 3369 Χριστοῦ

2411 3381 2721 3449 κατήγοντο
2741 3383 2998 3448 ἕκαστος.
3030 3386 3129 3437 Διά
3164 3386 3336 3440 ταῦτα
3370 3390 3466 3442 καὶ
3503 3389 3597 3442 τὸν
3647 3392 3856 3445 οίκεῖον
3896 3398 3998 3465 ἀρ·

2410 3474 2598 3544 χιερέα
2630 3475 2963 3548 Νικόλαονή
2996 3481 3256 3550 Μυρέων,
3302 3483 3563 3554 μάρτυρά
3594 3502 3658 3552 γε
3689 3489 3754 3556 τῇ
3800 3504 4000 3559 προαι-

2411 3567 2585 3635 ρέσει,
2643 3569 2739 3621 καὶ
2799 3571 3143 3640 ἀναίμακτον
3204 3575 3567 3646 ἀπελάμϐανε
3631 3582 3992 3652 στεφανίτην.

2421 3656 2482 3711 '0
2508 3659 2565 3711 δὲ
2599 3662 2906 3732 χαρίσμασι
2932 3664 3298 3734 θεοδωρήτοις
3347 3668 3665 3738 κατάκομος
3700 3669 3796 3737 ὢν,
3839 3673 3991 3746 πάθη

2407 3767 2467 3804 τε
2517 3752 2697 3806 πάντα
2750 3755 2896 3822 lito,
2960 3756 3054 3809 καὶ
3105 3758 3393 3828 περίδοξος
3444 3761 3506 3813 οὐ
3543 3765 3756 3826 πιστοῖς
3785 3766 3993 3834 μόνον,

2407 3843 2548 3897 ἀλλά
2577 3844 2793 3908 πολλοῖς
2828 3847 2887 3899 εν
2919 3846 3117 3918 βραχεῖ
3148 3851 3243 3902 καὶ
3289 3851 3401 3905 τῶν
3444 3852 3700 3908 ἀπίστων
3743 3857 3988 3924 ἐγένετο.

2408 3936 2519 3990 Καὶ
2554 3935 2740 4007 θαῦμα
2773 3940 2832 3992 ὲν
2857 3942 2977 4002 ταῖς
3016 3942 3276 3996 ἁπάντων
3338 3945 3522 3997 ἔκειτο
3555 3946 3777 4017 ψυχαῖς,
3826 3949 3991 4016 λόγου

2407 4029 2606 4093 παντὸς
2642 4031 3000 4104 ὑψηλότερον,
3041 4035 3220 4110 ταύτῃ
3247 4055 3330 4091 τοι
3381 4041 3475 4091 καὶ
3511 4041 3622 4095 τῶν
3671 4043 3974 4095 εἰδωλικὼν

2404 4119 2621 4183 πολλοῖς
2651 4123 2731 4185 είς
2752 4121 2832 4175 ἔτι
2857 4125 3057 4194 βωμῶν
3070 4129 3262 4195 συχνόν
3292 4144 3342 4180 τι
3360 4128 3524 4197 φῦλον
3551 4131 3989 4199 δαιμόνιον,ὲπι-

2403 4212 2674 4286 χωριάζον
2690 4217 2849 4268 οἱονεὶ
2866 4216 3116 4283 λείψανον
3140 4220 3413 4287 ἀσεϐείας,
3441 4222 3542 4276 οὐκ
3565 4222 3766 4291 ὀλίγοις
3793 4241 3853 4280 τε
3874 4228 3990 4278 τῶν

2404 4303 2639 4375 Μυρέων
2684 4305 2943 4370 ἀπολείας
2995 4311 3168 4363 αίτιον
3212 4312 3639 4383 καθιστάμενον,
3685 4316 3834 4388 ζήλῳ
3885 4321 3986 4388 μὲν

2403 4395 2534 4467 θείῳ
2565 4399 2832 4472 πίπραται
2857 4401 2955 4473 τὴν
2968 4402 3170 4472 ψυχήν.
3204 4403 3606 4473 Ἀνδρικώτατα
3625 4406 3681 4459 δὲ
3711 4408 3987 4461 διανίστα-

2401 4505 2490 4540 ται
2514 4490 2609 4540 καὶ
2639 4491 2735 4560 τὴν
2758 4492 2982 4546 ἐκείνων
3006 4497 3186 4548 πᾶσαν
3207 4496 3531 4565 περιελθὼν,
3550 4491 3594 4566 ᾦ
3611 4500 3676 4551 ἂν
3694 4497 3862 4571 βωμῷ
3891 4519 3985 4553 πε-

2402 4581 2630 4650 ριτύχοι,
2651 4582 2840 4656 ῶσπερ
2862 4602 2943 4648 τις
2963 4586 3220 4657 ἀριστεὺς
3241 4574 3382 4642 κατά
3407 4589 3674 4660 δαιμόνων
3697 4609 3983 4663 1:991:19.-

719 4654 887 4721 σθεὶς,
947 4663 1025 4722 είς
1072 4661 1269 4728 ἑδαφός
1323 4681 1383 4717 τε
1431 4668 1687 4721 κατέσπα
1717 4670 1811 4723 καὶ
1841 4673 1923 4734 είς
1957 4673 2106 4728 κόνιν
2131 4676 2331 4742 αὐτοὺς
2366 4676 2626 4728 ὲλέπτυνε
2689 4654 2897 4749 σφόδρα
2934 4654 3292 4748 πεποιθότως,
3337 4684 3435 4736 καὶ
3499 4654 3677 4750 οὕτως
3732 4654 3982 4744 ἐκποδῶν

720 4747 823 4817 τὴν
847 4748 952 4800 τῶν
983 4753 1234 4819 πονηρῶν
1273 4756 1819 4828 πνευμάτωνπληθὺν
1847 4763 2194 4834 ποιούμενος,
2221 4767 2473 4839 καθαρᾶς
2497 4767 2796 4820 ἀπολαϐεῖν
2824 4747 3068 4839 γαλήνης
3107 4775 3173 4843 τῇ
3215 4774 3421 4847 ποίμνῃ
3458 4747 3710 4848 παρεῖχε.

789 4839 901 4893 XV.
940 4840 1077 4894 Cum
1127 4843 1208 4896 sic
1251 4845 1452 4900 bellum
1493 4858 1707 4917 gereret
1760 4861 1982 4908 sanctus
2028 4855 2290 4913 adversus
2325 4869 2366 4922 D

2355 4874 2366 4918 ι
2469 4859 2569 4914 lE'.
2605 4859 2843 4914 Τοιαῦτα
2873 4862 2951 4931 τῷ
2984 4863 3125 4935 ἁγίῳ
3149 4839 3461 4920 διαθλοῦντι
3512 4839 3660 4924 in;
3698 4874 3978 4945 δαιμόνων

716 4930 944 4998 spiritus
983 4929 1376 5000 improbitatis,
1429 4936 1489 4988 tit
1528 4937 1776 5005 quaedam
1812 4939 1862 4993 ei
1903 4955 1932 4994 ι
1963 4945 2182 5010 superis
2211 4944 2297 4998 in-

715 5022 942 5090 spiratio
968 5031 1024 5076 et
1048 5021 1292 5078 divinior
1315 5027 1593 5095 cogitatio,
1628 5038 1689 5083 ut
1718 5045 1787 5084 ne
1812 5046 1842 5084 a
1863 5031 2049 5087 Diana:
2072 5035 2294 5102 quidem

2395 4949 2574 5004 ιπεισί
2606 4967 2689 5014 τις
2721 4951 2928 5006 ἀνωθεν
2968 4955 3181 5008 ἔννοιαν
3218 4957 3494 5029 θειοτέρα,
3553 4965 3690 5033 μηδὲ
3735 4969 3830 5021 τοῦ
3875 4972 3977 5041 τῆς

2408 5037 2719 5109 Ἀρτέμιδος
2748 5043 3085 5113 ἀποσχέσθαι
3111 5046 3265 5112 ναοῦ,
3290 5049 3348 5111 ὃς
3373 5051 3560 5104 κάλλει
3593 5071 3650 5107 τε
3687 5037 3975 5123 κάλλιστος

716 5115 920 5182 templo
944 5114 1271 5181 abstineret,
1298 5119 1393 5172 sed
1431 5119 1606 5188 ipsum
1639 5136 1859 5192 quoque
1881 5125 2295 5195 aggrederetur,

2391 5124 2482 5200 ἧν,
2529 5134 2625 5184 καὶ
2677 5134 2896 5203 μεγέθει
2946 5137 3055 5190 τῶν
3106 5139 3285 5194 ἄλλων
3340 5143 3620 5212 μέγιστος,
3666 5114 3974 5221 ἀπατηλοῖς

713 5215 769 5258 et
827 5206 877 5258 ei
938 5204 1083 5260 idem
1137 5206 1336 5262 faceret
1385 5212 1530 5280 quod
1577 5215 1854 5282 prioribus
1901 5231 1919 5270 :
1979 5228 2096 5272 erat
2149 5220 2295 5273 enim

713 5297 767 5348 id
817 5305 870 5350 et
946 5296 1356 5367 pulchritudine
1415 5303 1757 5373 admirabile,
1821 5316 1878 5362 et
1940 5309 2079 5364 alios
2134 5325 2296 5381 supe-

714 5400 842 5439 rans
913 5389 1288 5458 magnitudine
1363 5405 1418 5446 ct
1487 5395 1946 5464 jucuntiissimum
2026 5401 2292 5457 daemoni-

713 5475 816 5530 bus
851 5476 1241 5536 habitaculum.
1297 5483 1432 5537 Cum
1487 5502 1619 5557 ergo
1671 5489 1844 5560 major
1882 5490 2144 5547 adversus
2191 5495 2294 5549 hoc

714 5567 974 5635 templum
1009 5583 1135 5623 eum
1183 5575 1441 5630 subiisset
1491 5579 1750 5647 impetus,
1810 5580 1971 5649 idque
1997 5585 2294 5649 juvenilius

710 5671 765 5712 ‹-ι
797 5661 979 5713 acrius
1015 5673 1182 5728 esset,
1215 5681 1320 5720 non
1356 5669 1531 5722 solntn
1570 5672 1740 5726 diruit
1767 5678 1947 5726 omnia
1979 5690 2097 5744 qua:
2123 5691 2290 5748 supra

784 5830 851 5896 (ἐς
892 5829 1088 5888 Ituran.
1129 5848 1254 5886 ann.
1286 5833 1406 5901 528,
1454 5852 1510 5889 n.
1551 5835 1637 5892 59.

2394 5221 2611 5290 δαίμοσι
2663 5224 2912 5298 διατριϐὴ
2970 5229 3360 5301 πολυεραστος.
3418 5235 3626 5306 Ὁρμῆς
3678 5243 3972 5312 τοιγαροῦν

2394 5316 2490 5368 επὶ
2520 5316 2708 5370 τοῦτον
2743 5321 2989 5385 πλείονος
3041 5325 3205 5377 αὑτὸν
3235 5328 3607 5399 είσελθούσης,
3663 5335 3760 5386 καὶ
3793 5354 3974 5391 νεανιο

2393 5406 2634 5476 κώτερον
2684 5411 2829 5482 αὐτῴ
2854 5414 3128 5483 ἐμϐαλὼν,
3161 5417 3320 5484 λέων,
3351 5421 3379 5473 ὂ
3412 5423 3566 5489 φασὶ,
3597 5428 3734 5494 μετά
3761 5427 3969 5497 ξίςςους,

2393 5497 2491 5567 οὐχ
2544 5501 2692 5563 ὅσοις
2747 5503 3156 5574 ὐπερανίστατο
3183 5510 3461 5584 καθῄρει,
3500 5516 3636 5570 ἀλλά
3666 5523 3757 5572 καὶ
3786 5521 3972 5573 αὐτῶν

2391 5591 2662 5656 ἑξανέσπα
2699 5599 2999 5667 κρηπίδων,
3038 5603 3123 5656 ἵνα
3157 5607 3292 5673 μηδὲ
3322 5610 3517 5679 μικρόν
3546 5629 3596 5664 τι
3625 5614 3721 5683 τῆς
3759 5614 3968 5686 πλάνης

2393 5683 2668 5756 ζοὲεπυρον,
2723 5692 2860 5759 μηδὲ
2909 5695 3034 5764 ῥίζα
3070 5697 3391 5770 ὑπολειφθῇ,
3425 5702 3697 5777 δυναμένη
3735 5710 3826 5758 καὶ
3886 5711 3968 5759 ἔτι
