4270 6428
256 390 362 451 33Ἱ

1559 394 1735 454 VlTA
1771 398 1829 456 S.
1882 397 2215 460 NICOLAI.

3414 401 3527 467 338

255 504 386 566 τοὺς
434 505 676 572 ἄφρονας
712 504 847 573 προς
884 504 1087 572 ταύτην
1125 504 1488 574 παρακαλεῖν,
1527 505 1617 557 καὶ
1682 522 1835 557 συνε-
1871 512 1912 567 Α

1871 512 1912 567 Α
1946 522 2145 564 terram
2184 509 2498 565 eminebant
2542 520 2596 565 et
2646 528 2708 565 ca
2753 511 2903 565 humi
2951 510 3171 580 dejecit,
3225 512 3320 569 scd
3353 515 3522 569 etiam

257 596 422 649 λόντα
450 596 639 665 φάναι,
670 597 738 650 τά
774 597 875 665 μὲν
906 599 986 660 εἰς
1015 597 1153 666 ἀέρα
1183 597 1435 666 μετέωρα
1469 596 1562 649 τού
1599 596 1731 649 ναοῦ
1763 596 1839 668 τῷ

258 688 447 756 ὶδάφει
495 691 748 759 παρεῖχε.
788 689 859 741 τὰ
892 689 950 742 δὲ
981 689 1132 741 κάτω
1180 689 1273 741 καὶ
1325 690 1429 741 ὐπὸ
1459 690 1562 756 γῆν
1592 692 1670 752 είς
1700 690 1837 758 ἀέρα

260 775 489 847 ὲλίκμα.
524 777 593 831 Οἵ
620 795 683 846 γε
723 777 830 849 μὴν
864 780 1091 848 πονηροὶ
1124 778 1398 849 δαίμονες,
1428 780 1618 851 ὥσπερ
1664 780 1839 850 βίαιόν

258 885 315 923 τι
365 871 461 925 καὶ
509 872 837 943 τυραννικὸν
883 872 1264 942 ὑφιστάμενοι,
1307 873 1523 926 δυνατοὶ
1556 874 1655 941 μὲν
1686 874 1838 927 ἀνθί-

261 963 499 1017 στασθαι
546 966 642 1019 καὶ
670 965 1001 1035 προσμένειν
1028 963 1283 1034 οὐδαμῶς
1321 960 1485 1036 ἦσαν,
1541 965 1839 1034 φεύγοντες

260 1056 317 1110 δὲ
344 1059 492 1127 ὅμως
515 1058 698 1128 φωνὰς
750 1060 1005 1127 ἠφίεσαν,
1045 1058 1139 1111 καὶ
1168 1058 1475 1112 ἀδικεῖσθαι
1505 1060 1639 1129 πρὸς
1672 1058 1838 1113 αὐτοῦ

258 1150 332 1202 τὰ
383 1151 610 1220 ἔσχατα,
648 1151 883 1205 καὶτῶν
915 1150 1136 1204 οἰκείων
1195 1151 1597 1205 ἀπελαύνεσθαι
1650 1151 1843 1205 διετεί-

260 1262 436 1297 νοντο.
474 1244 584 1297 Καὶ
628 1242 772 1297 οὕτω
823 1244 922 1312 μὲν
966 1244 1142 1297 ταῦτα
1189 1243 1267 1312 τῷ
1322 1245 1466 1313 ἀγίῳ
1498 1246 1717 1315 ἐχώρει,
1749 1246 1843 1299 κιιλ⁸

262 1337 440 1406 πέρας
498 1336 649 1403 αὐτῷ
699 1336 941 1405 χρηστὸν
984 1336 1014 1403 ἡ
1064 1337 1203 1388 κατὰ
1259 1335 1534 1405 δαιμόνων
1569 1337 1842 1404 ἐλάμϐανε

263 1432 591 1497 στρατηγία.
638 1429 799 1482 Ἀλλὰ
832 1428 1138 1497 μνησθῆναι
1174 1429 1338 1482 πάλιν
1366 1432 1393 1482 ὁ
1419 1429 1575 1497 λόγος
1606 1433 1698 1483 καὶ
1733 1431 1843 1485 τῶν

261 1520 441 1573 ἀλλων
477 1521 750 1590 βούλεται,
780 1522 875 1574 καὶ
907 1521 982 1591 μὴ
1016 1520 1156 1592 λήθῃ
1190 1522 1527 1592 παραδοῦναι
1573 1526 1640 1576 τὰ
1683 1524 1843 1592 λόγου

262 1616 360 1665 καὶ
389 1616 612 1684 μνήμης
641 1614 790 1680 ἀξια.

338 1791 456 1856 ις’.
484 1791 895 1846 Κωνσταντίνου
923 1792 1017 1846 τοῦ
1047 1792 1262 1863 πρώτου
1285 1793 1550 1865 βασιλέων
1573 1797 1843 1866 πρεσϐεύ-

264 1900 463 1946 σαντος
510 1887 610 1954 τὴν
660 1886 945 1941 εὐσέϐειαν
989 1889 1058 1940 τά
1102 1889 1390 1957 Ῥωμαίων
1436 1890 1535 1960 ήδη
1567 1892 1843 1953 διέποντος

265 1978 549 2044 σκῆπτρα,
584 1980 681 2031 καὶ
711 1981 904 2032 τούτου
934 1981 997 2051 δὴ
1029 1981 1121 2033 τοῦ
1158 1984 1399 2051 μεγάλου
1433 1985 1735 2055 ἀρχιερέως
1784 1988 1845 2039 τὸ

266 2072 397 2137 περὶ
417 2072 579 2122 αὐτὸν
600 2072 802 2139 πλῆθος
824 2074 960 2139 πρὸς
985 2073 1256 2143 ἀνάληψιν
1281 2076 1391 2127 τῶν
1415 2076 1593 2146 ὀρθῶν
1613 2078 1844 2131 ἀσκοῦν-

264 2177 358 2223 τος
389 2162 696 2231 δογμάτων,
732 2165 825 2216 καὶ
853 2167 963 2217 πᾶν
998 2166 1050 2217 εί
1077 2184 1128 2219 τι
1161 2166 1396 2236 ἔκφυλον
1436 2165 1504 2239 ἦν
1551 2172 1609 2223 ἐν
1662 2170 1847 2233 αὐτοῖς

271 2259 369 2309 καὶ
420 2260 591 2325 νόθον,
643 2262 822 2329 ῥίζαις
872 2262 1064 2323 αὐταῖς
1107 2262 1478 2331 ἀναιροῦντος,
1532 2265 1847 2334 ἀθροίζεται

272 2351 374 2419 μὲν
414 2352 555 2404 κατά
609 2351 840 2406 Νίκαιαν
889 2353 949 2406 τὸ
991 2354 1295 2425 ὀρθόδοξον,
1326 2355 1411 2424 ἐφ’
1442 2349 1485 2422 ᾧ
1514 2356 1604 2409 τὸν
1647 2356 1847 2425 εὐσεϐῆ

273 2442 375 2508 μὲν
408 2442 507 2511 τῆς
543 2444 779 2505 πίστεως
810 2444 935 2513 ὅρον
964 2444 1348 2513 διακρατῦναι,
1383 2446 1481 2514 τὴν
1523 2448 1735 2515 Ἀρείου
1795 2448 1849 2498 es

272 2534 593 2602 βλάσφημον
619 2535 851 2603 αἵρεσιν,
890 2536 1146 2604 ἀειφυγέᾳ
1177 2537 1560 2599 καταδικάσαι,
1595 2538 1689 2588 καὶ
1723 2539 1849 2605 31:3,—

271 2643 365 2677 σαι
419 2625 516 2692 μὲν
564 2627 972 2695 κυμαινομένην
1024 2625 1121 2694 τὴν
1184 2627 1535 2696 Ἐκκλησίαν,
1589 2629 1852 2697 ὁμότιμον

269 2717 365 2767 τὸν
419 2714 544 2766 Tim
581 2717 653 2782 τῷ
686 2718 859 2786 Πατρὶ
892 2716 1340 2784 δογματίσαντες,
1370 2721 1448 2781 είς
1483 2720 1541 2771 ἒν
1591 2720 1647 2771 δὲ
1676 2722 1853 2788 ἀμφό-

272 2828 408 2877 τερα
444 2808 676 2876 συνάψαι
712 2810 780 2861 τά
815 2811 977 2878 μέρη.
1012 2811 1189 2879 Μέρος
1221 2808 1314 2865 οὖν
1349 2813 1442 2865 καὶ
1472 2814 1500 2865 ὁ
1539 2813 1855 2883 θαυμαστῖις

274 2897 432 2964 οὗτος
460 2906 752 2975 ἀρχιερεὺς
778 2907 875 2973 τῆς
906 2909 1056 2977 ἱερᾶς
1086 2908 1304 2961 συνόδου
1331 2909 1645 2979 γενόμενος,
1680 2912 1855 2979 στόμα

277 2998 583 3063 πυρίπνουν
611 2996 689 3066 τῷ
720 2999 833 3051 ὄντι
867 2999 1011 3051 κατὰ
1054 3000 1263 3070 Ἀρείου
1299 3002 1513 3068 γίνεται
1564 3004 1658 3055 καὶ
1690 3003 1858 3069 φθέγ-

282 3106 432 3156 ματα
461 3090 669 3151 κοιλίας
704 3091 925 3159 μᾶλλον,
957 3092 1056 3143 οὐκ
1089 3092 1367 3161 ἀληθείας,
1403 3095 1470 3145 τὰ
1500 3094 1711 3146 ἐκείνου
1743 3096 1853 3147 δεῖ·

1942 612 2116 658 totum
2189 604 2461 659 convulsit
2522 605 2591 657 ab
2662 605 2795 674 ipsis
2861 605 3253 671 fundamentis,
3317 617 3373 661 et
3454 609 3521 660 ad

1941 710 2206 748 summam
2232 695 2413 763 templi
2444 695 2665 764 quidem
2695 712 2756 750 ea
2784 712 2905 765 quze
2935 706 3093 752 erant
3119 698 3171 751 in
3197 713 3326 753 aere
3348 696 3522 753 subli—

1942 788 2049 841 mia
2081 786 2233 840 humi
2268 788 2502 856 dejecit:
2535 803 2657 857 qua:
2680 800 2865 842 autem
2900 797 3060 842 erant
3093 787 3195 842 sub
3223 796 3366 843 terra
3390 804 3521 857 pro-

1937 879 2055 949 jicit
2081 880 2135 933 in
2160 895 2365 934 aerem.
2411 880 2532 934 Mali
2565 895 2694 934 vero
2725 879 3001 934 daemones
3036 895 3102 935 ne
3129 879 3519 935 advenientem

1941 973 2162 1043 quidem
2192 982 2442 1028 sanctum
2479 975 2587 1027 ullo
2619 974 2780 1028 modo
2815 982 3067 1041 peterant
3099 973 3395 1035 sustinere,
3423 970 3519 1026 sed

1941 1066 2107 1121 etiam
2141 1080 2303 1121 voces
2332 1065 2662 1120 emittebant
2690 1064 2985 1134 fugientes,
3010 1071 3066 1117 et
3096 1061 3441 1117 afﬁrmabant
3461 1074 3522 1115 se

1943 1158 2011 1211 ab
2046 1158 2162 1227 ipso
2196 1173 2387 1227 magna
2419 1156 2557 1210 aliici
2596 1157 2817 1227 injuria,
2842 1163 2899 1209 et
2930 1155 3131 1209 invitos
3158 1170 3188 1207 a
3217 1153 3385 1208 rebus
3410 1152 3527 1207 suis

1943 1249 2229 1304 excedere.
2259 1250 2321 1302 Et
2350 1250 2463 1303 ltazc
2493 1247 2716 1317 quidem
2766 1247 2968 1301 Sancto
3000 1245 3079 1300 sic
3108 1245 3479 1315 procedebant
3506 1263 3520 1298 :

1944 1353 1999 1396 et
2026 1342 2227 1395 bonum
2258 1343 2461 1396 exitum
2490 1350 2573 1395 est
2603 1352 2850 1396 assecuta
2882 1356 3003 1409 qua:
3029 1338 3097 1393 ab
3121 1338 3239 1407 ipso
3260 1338 3527 1392 adversus

1946 1434 2221 1487 daamoncs
2269 1441 2523 1500 suscepta
2564 1432 2741 1486 fuerat
2789 1430 3110 1500 expeditio:
3159 1428 3255 1485 sed
3290 1429 3525 1483 aliarum

1946 1526 2068 1596 ejus
2122 1540 2305 1578 rerum
2341 1525 2457 1577 vult
2510 1538 2702 1576 rursus
2738 1522 3054 1576 meminisse
3104 1520 3304 1583 oratio,
3332 1528 3389 1574 et
3415 1534 3525 1573 non

1948 1619 2204 1670 mandare
2229 1616 2491 1669 obiivioni
2524 1632 2587 1668 ea
2616 1630 2739 1683 qua!
2775 1615 2937 1683 digna
2962 1622 3093 1667 sunt
3126 1627 3249 1681 qua:
3273 1611 3529 1665 dicantur

1947 1718 1999 1762 ct
2037 1708 2365 1760 mandentur
2401 1705 2703 1759 memori-te.
3270 1696 3275 1697 ί

2020 1801 2159 1855 XVI.
2207 1801 2343 1855 Cum
2411 1801 2557 1853 enim
2608 1798 3025 1861 Constantinus,
3059 1798 3151 1867 qui
3189 1798 3400 1866 primus
3427 1796 3529 1849 im-

1949 1905 2165 1965 perator
2191 1895 2352 1963 elegit
2380 1908 2499 1947 esse
2526 1893 2670 1961 pius,
2699 1891 3109 1945 administraret
3144 1891 3523 1944 Romanorum

1947 1987 2255 2055 imperium,
2292 1995 2348 2039 et
2384 1985 2472 2037 hic
2501 1999 2729 2053 magnus
2777 1982 3023 2051 pontifex
3054 1998 3208 2036 suam
3243 1990 3529 2036 exerceret

1948 2080 2161 2148 plebem
2194 2077 2258 2129 ad
2292 2086 2435 2130 recta
2471 2074 2823 2143 suscipienda
2849 2075 3124 2143 dogmata,
3158 2081 3213 2127 et
3241 2073 3285 2126 si
3314 2070 3444 2141 quid
3472 2069 3529 2125 in

1948 2170 2029 2224 eis
2061 2180 2177 2223 erat
2204 2168 2442 2221 alienum
2470 2175 2525 2220 et
2558 2165 2953 2226 adulterinum,
2992 2164 3045 2218 id
3102 2172 3275 2219 totum
3323 2161 3529 2217 radici-

1954 2275 2040 2319 tus
2063 2261 2434 2316 exscinderet.
2464 2260 2647 2315 Niceze
2667 2258 2889 2328 quidem
2908 2272 3100 2312 omnes
3123 2265 3527 2325 congregantur

1952 2354 2263 2413 orthodoxi,
2296 2362 2355 2406 ut
2390 2352 2537 2419 pium
2591 2351 2711 2405 ﬁdei
2765 2351 3049 2404 decretum
3100 2348 3528 2410 constituerent,

1952 2448 2065 2501 Arii
2112 2455 2293 2499 autem
2352 2442 2575 2512 impiam
2648 2442 2838 2512 procul
2892 2441 3231 2509 expellerent
3279 2439 3533 2508 blasphe—

1967 2542 2155 2597 miam,
2197 2547 2252 2591 et
2283 2537 2646 2590 conciliarent
2694 2550 2881 2604 pacem
2923 2534 3194 2587 universas
3248 2530 3532 2591 Ecclesia.

1956 2629 2306 2683 decernendo
2338 2626 2532 2680 Filium
2563 2640 2683 2681 esse
2718 2626 2863 2679 Patri
2900 2624 3109 2677 honore
3158 2623 3445 2693 aqualem,
3478 2633 3535 2675 et

1956 2723 2146 2775 ambas
2192 2730 2371 2789 partes
2402 2717 2787 2788 conjungendo
2818 2718 2871 2771 in
2904 2734 3097 2772 unum.
3150 2716 3236 2770 Fit
3267 2729 3401 2785 ergo
3444 2714 3539 2768 hic

1958 2830 2177 2883 quoque
2212 2811 2555 2867 admirabilis
2588 2811 2846 2865 Nicolaus
2887 2825 3011 2879 pars
3041 2825 3212 2864 sacra:
3238 2807 3456 2879 synodi,
3481 2815 3540 2863 et

1959 2917 2180 2962 strenue
2210 2906 2424 2961 resistit
2445 2905 2603 2974 nugis
2633 2906 2745 2958 Arii
2779 2920 2904 2958 cum
2962 2905 3147 2957 omnia
3172 2902 3537 2965 dissolvisset,

1961 3009 2017 3054 et
2043 3008 2352 3053 accuratam
2387 2998 2509 3052 ﬁdei
2542 2996 2787 3067 regulam
2818 2995 3081 3050 omnibus
3107 2992 3445 3053 tradidisset,
3474 2990 3543 3045 il-

1963 3092 2073 3146 linc
2101 3091 2307 3145 recedit
2338 3099 2394 3145 et
2435 3090 2502 3144 ad
2536 3104 2698 3143 suum
2740 3086 3313 3158 gregemrevertitur,
3337 3083 3542 3141 adhor-

278 3198 435 3233 κνυσι
469 3181 736 3247 δόγματα,
774 3183 869 3234 καὶ
917 3183 1008 3235 τοῦ
1040 3183 1146 3235 τῶν
1195 3184 1380 3236 κακῶν
1415 3188 1664 3256 σπορέως
1699 3189 1856 3257 ἀτεχ-
1886 3207 1927 3262 c

1886 3207 1927 3262 ρ
1968 3191 2086 3236 tans
2118 3197 2310 3236 omnes
2344 3191 2397 3235 et
2432 3180 2719 3235 adducens
2768 3179 2835 3233 ad
2866 3178 3128 3232 virtutem
3157 3194 3170 3229 :
3201 3184 3255 3230 et
3296 3182 3542 3229 tractans

278 3276 385 3335 νῶς
416 3275 730 3342 σπέρματα,
750 3274 782 3328 ἃ
806 3275 882 3336 ὡς
908 3276 1148 3344 ἀράχνης
1177 3278 1398 3345 νήματα
1430 3277 1596 3339 λύσας
1630 3280 1851 3348 ῥᾳδίως,

279 3363 377 3417 καὶ
423 3364 624 3416 κανόνα
658 3366 790 3416 πᾶσι
821 3364 922 3431 τῆς
953 3364 1121 3435 ὀρθῆς
1154 3366 1389 3430 πίστεως
1438 3368 1640 3438 ἀκριϐῆ
1674 3386 1854 3441 παρα-

278 3456 427 3519 δοὺς,
460 3454 669 3507 ἐκεῖθέν
700 3473 759 3507 τε
810 3457 1174 3523 ἀναζεύγνυσι
1212 3461 1307 3511 καὶ
1338 3462 1471 3529 πρὸς
1505 3461 1606 3531 τὴν
1654 3463 1858 3513 οἰκείαν

281 3549 530 3601 ἐπάνεισι
565 3548 822 3617 ποίμνην.
858 3550 969 3601 Καὶ
1001 3549 1159 3601 τοῦτο
1182 3550 1239 3601 δὲ
1270 3550 1383 3613 πῶς
1411 3551 1477 3603 ἄν
1506 3568 1588 3613 τις
1614 3552 1858 3614 εὐπετῶς

282 3639 663 3709 παραδράμοι,
709 3641 972 3707 φιλοθέων
1004 3642 1174 3703 ὅντως
1214 3642 1575 3711 διηγημάτων
1622 3645 1858 3713 ἐραστὴς

278 3732 393 3794 ῶνς
432 3735 603 3801 Λιμός
634 3750 760 3785 ποτε
795 3734 891 3801 τὴν
925 3734 1131 3786 Λυκίαν
1165 3737 1371 3805 συνεῖχε
1428 3736 1599 3798 δεινός
1624 3753 1638 3766 ’
1684 3738 1856 3789 ἐσπά-

279 3825 395 3886 νιζε
424 3824 477 3876 δὲ
508 3826 599 3876 καὶ
641 3826 671 3893 η
708 3825 941 3892 Μυρέων
971 3827 1179 3891 τροφῆς
1229 3825 1323 3875 καὶ
1352 3828 1464 3886 τοῖς
1502 3826 1633 3883 ἴσοις
1667 3829 1856 3887 κακᾶς

282 3917 535 3979 ἐπιέζετο
593 3918 894 3984 Ἐμπορῗαν
937 3915 1065 3980 γοῦν
1101 3932 1207 3967 τινι
1251 3917 1359 3967 τῶν
1401 3917 1671 3969 ναυτικῶν
1709 3918 1856 3967 σίτου

283 4005 643 4073 πεποιημένῳ
691 4005 973 4069 ἐπιφανεὶς
1004 4004 1197 4064 νυκτὸς
1246 4005 1274 4054 ὁ
1331 4004 1503 4071 μέγας
1568 4004 1852 4065 Νικόλααζ,

280 4096 379 4146 καὶ
417 4097 564 4162 τρεῖς
618 4095 766 4161 αὐτῷ
814 4094 950 4161 πρὸς
995 4093 1295 4162 ἀρραϐῶνα
1323 4094 1555 4163 χρυσοῦς
1604 4096 1664 4146 οὐ
1716 4095 1858 4147 κατὰ

283 4186 582 4252 φάντασμα
615 4186 762 4248 δοὺς,
813 4185 947 4237 ἀλλά
996 4184 1249 4254 καθαρῶς
1298 4186 1433 4252 πρὸς
1466 4185 1745 4252 ἀλήθειαν,
1777 4189 1857 4247 είς

281 4276 384 4344 τὴν
432 4274 665 4343 Μυρέων
704 4276 942 4342 κατᾶραι
972 4274 1067 4327 καὶ
1098 4273 1389 4325 ἀποδόσθαι
1448 4275 1538 4327 τὸν
1569 4277 1713 4327 σῖτον
1747 4277 1857 4337 τοῖς

284 4371 402 4421 ἐκεῖ
428 4370 780 4437 ἐπισκήπτει.
816 4366 1161 4428 Διυπνισθεὶς
1191 4367 1370 4418 τοίνυν
1400 4369 1426 4418 ὁ
1460 4367 1723 4435 ἔμπορος,
1761 4370 1854 4419 καὶ

282 4462 384 4528 τὴν
432 4461 612 4525 δεξιὰν
666 4460 841 4530 εὑρὼν
900 4458 1390 4528 συμφθεγγομένην
1415 4461 1480 4528 τῇ
1511 4460 1759 4530 ἀληθείᾳ,
1796 4461 1857 4513 τὸ

283 4557 507 4623 ⁸γεγονός
556 4571 613 4605 τε
655 4554 741 4605 διὰ
771 4553 1049 4622 θαύματος
1080 4553 1332 4615 ἐποιεῖτο,
1360 4551 1453 4601 καὶ
1482 4550 1557 4612 ὡς
1590 4548 1702 4619 εἶχε
1758 4553 1955 4620 τάχους

1960 3275 2265 3329 doctrinam
2310 3275 2492 3327 acrius
2540 3282 2597 3327 et
2656 3271 2982 3326 ferventius.
3034 3268 3173 3324 Cum
3209 3275 3394 3322 autem
3438 3264 3544 3319 ali-

1960 3367 2179 3436 quando
2228 3368 2398 3420 fames
2444 3366 2735 3419 invasisset
2783 3363 3027 3435 Lyciam,
3078 3362 3343 3416 alimento
3373 3358 3542 3413 etiant

1960 3475 2098 3528 Opus
2129 3459 2361 3512 habebat
2399 3459 2592 3512 civitas
2630 3458 2982 3527 Myrensium,
3024 3464 3081 3509 et
3139 3452 3333 3509 iisdem
3384 3450 3545 3505 malis

1963 3550 2260 3603 laborabat.
2296 3549 2524 3607 Cuidam
2559 3549 2742 3615 itaque
2775 3557 2955 3601 nautae
2978 3546 3072 3615 qui
3103 3543 3364 3599 frumenti
3397 3540 3541 3597 fece-

1962 3650 2043 3695 rat
2082 3650 2463 3702 mercaturam,
2513 3650 2676 3693 noctu
2721 3654 2950 3709 magnus
2978 3644 3206 3706 apparet
3259 3633 3540 3695 Nicotaus,

1960 3745 2013 3788 et
2042 3738 2090 3787 ei
2125 3735 2299 3787 tribus
2323 3732 2466 3786 datis
2496 3748 2594 3801 pro
2629 3731 2790 3784 arrlta
2822 3730 3032 3793 aureis,
3062 3729 3220 3798 jubet
3248 3741 3374 3779 eum
3409 3740 3543 3795 pro-

1963 3822 2128 3877 ficisci
2160 3824 2211 3876 in
2244 3824 2523 3875 civitatem
2558 3822 2913 3891 Myrensium,
2947 3830 2999 3873 et
3034 3820 3098 3873 iis
3132 3818 3225 3887 qui
3274 3824 3402 3885 sunt
3429 3815 3542 3871 illic

1960 3915 2197 3969 vendere
2252 3914 2610 3969 frumentum.
2660 3914 2942 3967 Excitatus
2988 3914 3170 3982 ita-pte
3220 3919 3522 3968 mercator,

1958 4008 2144 4063 aureis
2174 4008 2229 4060 in
2266 4022 2428 4061 manu
2458 4007 2717 4067 inventis,
2749 4021 2871 4060 cum
2908 4004 3174 4059 visionem
3212 4010 3392 4056 mente
3423 4000 3539 4069 agi-

1962 4105 2150 4159 tasset,
2187 4105 2241 4150 et
2274 4096 2420 4163 quod
2453 4096 2657 4149 factum
2687 4096 2868 4148 fuerat
2901 4103 3048 4148 esset
3080 4094 3404 4151 admiratus,
3444 4107 3541 4144 ve-

1960 4189 2039 4241 nit
2072 4189 2234 4259 Myra.
2279 4189 2343 4241 Et
2387 4188 2475 4241 ille
2516 4187 2739 4256 quidem
2776 4186 2965 4240 vendit
3012 4185 3351 4239 frumentum
3373 4184 3439 4236 .in
3464 4196 3544 4237 ct-

1960 4282 2125 4334 vitate
2152 4298 2165 4333 :
2199 4283 2293 4348 qui
2324 4297 2455 4334 vero
2483 4282 2535 4333 iu
2568 4296 2630 4333 ea
2664 4289 2843 4340 erant,
2882 4280 3104 4331 invento
3134 4292 3201 4331 eo
3224 4276 3383 4329 famis
3408 4275 3546 4328 sola-

1961 4369 2056 4431 tio,
2110 4369 2160 4422 id
2196 4371 2302 4422 Deo
2353 4380 2409 4423 et
2434 4352 2657 4440 'magno
2710 4370 2957 4434 Nicolao,
2993 4369 3136 4423 sicut
3169 4366 3543 4422 etiammulta

1960 4462 2086 4525 alia,
2128 4463 2498 4516 ascribebant.

2036 4554 2171 4623 πρὸς
2220 4556 2287 4607 τὰ
2340 4554 2505 4625 Μύρα
2577 4557 2867 4624 κατήγετο.
2929 4552 3061 4607 Εἶτα
3094 4560 3192 4605 καὶ
3243 4550 3336 4603 τὸν
3392 4554 3543 4603 σῖτον

283 4650 351 4715 τῇ
406 4649 557 4698 πόλει
596 4645 965 4713 διαπωλήσας,
997 4643 1175 4713 ἑαυτῷ
1219 4644 1317 4713 μὶν
1348 4642 1595 4711 κέρδους,
1648 4643 1880 4707 ἐκείνοις
1920 4646 1975 4697 δὲ
2016 4646 2164 4714 ζωῆς
2235 4647 2529 4699 καθίστατο
2567 4647 2851 4715 πρόξενος.
2880 4648 3014 4702 Οὐδὲ
3063 4646 3223 4699 τοῦτο
3292 4626 3544 4716 παριδεῖν

285 4741 439 4804 ἄξιον
467 4740 559 4791 καὶ
590 4741 663 4807 μὴ
690 4738 867 4790 δοῦναι
896 4738 1172 4807 γραφῇ,εξ
1202 4736 1296 4788 καὶ
1320 4736 1708 4806 περιᾳδόμενόν
1741 4738 1857 4788 ἐστι
1897 4739 2033 4809 attici
2064 4742 2155 4791 καὶ
2188 4740 2661 4809 καθωμιλημένον.

365 4835 458 4887 lZ'.
520 4836 713 4894 Στάσις
765 4834 867 4884 ὐπὸ
913 4833 1019 4884 τῶν
1067 4832 1355 4901 Ταιφάλων
1414 4833 1557 4884 κατὰ
1613 4831 1851 4901 Φρυγίαν
1884 4835 1931 4893 D
2028 4834 2051 4888 1

1884 4835 1931 4893 D
2028 4834 2190 4890 xvn.
2234 4834 2436 4889 Deinde
2497 4835 2698 4889 seditio
2743 4851 2772 4890 a
2822 4834 3101 4904 'l'aiphalis
3159 4833 3237 4900 (δ)
3286 4829 3463 4884 oritur
3486 4830 3540 4885 in

288 4929 589 4982 ἀνάπτεται
638 4927 734 4994 τὴν
787 4925 1029 4993 μεγάλην
1055 4939 1068 4952 '
1127 4920 1187 4978 οὐ
1218 4925 1520 4993 πυθόμενος
1550 4928 1577 4976 ὁ
1605 4924 1857 4993 βασιλεὺς

292 5022 726 5083 Ιὶωνσταντῖνος,
775 5021 865 5071 καὶ
906 5020 1054 5087 κοινῇ
1098 5022 1224 5087 περὶ
1268 5016 1458 5069 τούτου
1489 5018 1861 5088 διασκεψάμε-

290 5131 401 5178 νος,
435 5116 580 5179 τρεῖς
612 5112 720 5163 τῶν
751 5112 1022 5179 ἀρχόντων
1057 5110 1171 5178 ἆμα
1199 5112 1310 5172 τοῖς
1339 5110 1429 5163 ὑπ’
1461 5110 1658 5173 αὐτοὺς
1697 5127 1863 5179 στρα-

290 5203 517 5261 τιώταις
570 5201 942 5271 (Νεπωτιανὸς
967 5196 1034 5271 ἦν
1063 5203 1155 5253 καὶ
1186 5196 1393 5272 Οὐρσος
1425 5203 1517 5253 καὶ
1560 5199 1864 5270 Ἐρπυλίων

295 5294 481 5355 αὐτοῖς
512 5293 577 5345 τά
608 5292 897 5363 ὀνόματα),
933 5294 1263 5346 κατευνᾶσαι
1318 5294 1386 5345 τὰ
1418 5295 1721 5362 πράγματα
1773 5290 1865 5341 καὶ

297 5386 433 5449 πρὸς
471 5384 723 5448 εὶταξίαν
780 5388 1112 5452 μεταγαγεῖν
1153 5388 1231 5445 εἰς
1286 5385 1528 5454 Φρυγίαν
1564 5383 1862 5451 ἐκπέμπει.

297 5475 359 5524 υἱ
390 5473 470 5536 δὲ,
517 5474 611 5524 σὺν
643 5474 821 5543 πολλῷ
847 5478 1001 5545 τάχει
1032 5476 1127 5545 τῆς
1161 5474 1573 5527 Κωνσταντίνου
1610 5474 1866 5542 ἀφορμη⁶

300 5563 506 5624 θέντες,
561 5563 615 5613 ἔν
656 5582 757 5616 τινι
812 5566 1010 5634 λιμένι,
1056 5559 1115 5618 οὗ
1160 5566 1471 5635 Ἀνδριακης
1524 5565 1582 5616 τὸ
1635 5566 1868 5616 ἐπίνειον

298 5654 569 5720 ἐκαλεῖτο.
603 5656 703 5724 τῆς
758 5660 969 5711 Αυκίων
1001 5658 1353 5729 κατήχθησαν
1386 5659 1672 5727 ἐπαρχίας.
1711 5659 1868 5709 Ηλεῖν

382 5817 459 5884 (Sil
500 5816 735 5873 .inanncs
762 5822 1029 5875 [liacnnus
1058 5821 1198 5889 apud
1228 5822 1421 5873 liat'un.
1463 5817 1717 5872 ann.5'.’6.

1959 4942 2151 4993 magna
2203 4925 2452 4994 Phrygia.
2514 4924 2671 4990 Quod
2731 4940 2855 4978 cum
2924 4924 3192 4977 audiisset
3240 4922 3541 4990 imperator

1956 5017 2370 5080 Constantinus,
2417 5026 2471 5070 et
2505 5017 2573 5070 de
2624 5033 2692 5071 eo
2740 5018 3109 5071 communiter
3157 5014 3538 5078 deliberasset,

1962 5119 2072 5163 tres
2100 5109 2260 5162 simul
2288 5108 2337 5161 ei
2368 5108 2647 5179 subjectos
2680 5109 2849 5162 duces
2882 5108 3183 5169 exercitus,
3220 5121 3412 5159 eorum
3437 5120 3539 5160 au-

1965 5209 2073 5255 tem
2118 5201 2338 5255 nomina
2365 5209 2523 5255 erant
2553 5200 2890 5269 Nepotianus
2936 5208 2996 5254 et
3038 5199 3207 5255 Ursus
3244 5206 3299 5252 et
3329 5198 3537 5268 Herpy-

1964 5293 2099 5354 lion,
2137 5291 2200 5344 ad
2258 5306 2363 5356 res,
2404 5291 2674 5345 sedandae
2723 5302 2777 5345 et
2823 5289 3225 5360 componendas
3267 5289 3433 5343 mittit
3477 5288 3533 5341 in

1966 5383 2271 5453 Phrygiam.
2321 5382 2398 5435 illi
2479 5397 2609 5436 vero
2690 5398 2879 5452 magna
2955 5380 3233 5436 celeritate
3307 5376 3533 5445 profecti

1966 5472 2431 5541 Constantinopoli
2495 5474 2825 5543 appulerunt
2878 5474 2931 5526 in
2978 5470 3265 5540 quemdam
3318 5478 3534 5536 portum

1970 5564 2297 5633 .‘llyrensium
2328 5564 2622 5632 provinciae
2653 5561 2855 5633 Lycias;
2894 5562 3188 5616 vocabatur
3212 5566 3393 5612 autem
3426 5558 3536 5609 An-

1972 5657 2184 5712 driaccs
2217 5655 2437 5711 Navalc.
2475 5655 2606 5709 Cum
2638 5669 2766 5709 vero
2798 5671 2902 5708 non
2932 5650 3251 5708 concederet
3283 5650 3361 5701 eis
3388 5660 3529 5699 mare
