4270 6428
772 376 879 444 339

2003 375 2291 442 MENSIS
2328 369 2764 440 DECEMBER.

3924 363 4038 429 3ίο

774 496 835 546 ιιι
876 490 1213 561 navigarent,
1243 491 1397 547 brevi
1427 500 1673 560 tempore
1708 490 1762 545 in
1792 499 1954 561 portu
1998 495 2342 550 manserunt,
2373 491 2418 546 Α
2447 503 2460 535 π

2373 491 2418 546 Α
2447 489 2630 541 τοίνυν
2673 485 2855 547 αὐτοῖς
2889 483 2950 537 οὗ
2984 482 3320 553 παρέχοντος
3368 480 3466 534 τοῦ
3511 479 3804 545 πελάγους,
3854 477 4036 548 βραχὺ

771 592 829 640 et
893 586 1100 639 interea
1154 585 1376 653 quidam
1429 599 1496 640 ex
1545 598 1735 638 eorum
1811 582 2079 638 militibus
2134 596 2166 635 e
2222 578 2347 634 navi

772 686 1000 741 exeunt,
1033 691 1096 731 ea
1125 676 1495 746 comparaturi
1535 689 1657 745 qua
1681 685 1836 731 erant
1864 675 1946 730 eis
1973 674 2039 728 ad
2071 687 2228 728 usum
2259 686 2352 724 ne-

776 768 1038 824 cessaria.
1075 769 1364 833 Quomodo
1387 780 1570 824 autem
1602 770 1782 824 solent
1812 767 2015 822 milites
2045 751 2348 820 alienarum

777 867 960 915 rerum
998 861 1187 929 rapina
1227 870 1284 915 et
1327 861 1587 915 violentia
1618 860 1776 915 Valde
1821 858 2107 915 delectari.
2147 858 2213 911 iis
2261 855 2353 910 hic

776 969 995 1024 quoque
1045 955 1360 1015 utebantur,
1412 963 1467 1009 et
1512 971 1601 1010 res
1644 953 1920 1009 vexabant
1949 951 2260 1007 accolarum
2293 957 2351 1003 et

780 1046 1274 1115 depopulabantur.
1303 1045 1515 1102 Deinde
1545 1061 1630 1101 res
1673 1047 1836 1102 etiam
1873 1043 2140 1115 processit
2168 1041 2235 1096 ad
2270 1057 2354 1096 se-

777 1139 1069 1202 ditionem,
1101 1150 1158 1194 et
1181 1139 1448 1194 excitatus
1471 1145 1556 1192 est
1583 1139 1806 1208 quidam
1842 1137 2109 1192 tumultus
2137 1135 2202 1188 ad
2234 1133 2355 1188 Pla-

778 1246 933 1285 roma
968 1233 1113 1300 quod
1149 1231 1369 1285 dicitur.
1406 1231 1520 1286 Hoc
1569 1246 1694 1286 cum
1743 1231 2058 1286 rescivisset
2097 1229 2355 1284 Nicolaus

779 1323 1141 1390 admirabilis,
1200 1324 1290 1378 ille
1335 1323 1474 1378 nihil
1529 1335 1818 1380 cunctatus
1847 1323 1997 1376 venit
2029 1321 2095 1376 ad
2140 1320 2353 1375 navale.

781 1422 1076 1491 Postquam
1098 1430 1280 1476 autem
1307 1421 1629 1475 manifestus
1658 1419 1763 1473 l'uit
1792 1418 1984 1488 paucis
2003 1416 2354 1488 quibusdam,

781 1502 923 1566 fama
957 1514 1141 1568 omnia
1192 1512 1448 1582 pervasit,
1480 1522 1539 1566 et
1574 1511 1825 1582 protinus
1857 1511 2114 1565 universa
2157 1510 2354 1564 civitas

780 1619 906 1659 cum
928 1603 1164 1659 ducibus
1187 1604 1466 1658 exercitus
1488 1603 1555 1656 de
1580 1617 1728 1656 more
1749 1601 1800 1655 ei
1826 1601 2094 1670 processit
2115 1598 2354 1656 obviam.

782 1695 921 1750 Cum
986 1696 1077 1750 ille
1143 1697 1327 1766 itaque
1382 1695 1658 1751 exercitus
1723 1692 1894 1748 duces
1966 1692 2358 1762 interrogasset

783 1789 1141 1855 quamobrem
1204 1797 1258 1842 et
1324 1788 1469 1841 unde
1520 1786 1792 1851 venirent,
1866 1784 1941 1838 illi
1995 1783 2254 1838 dixerunt
2300 1798 2358 1837 se

784 1881 956 1933 fuisse
1004 1880 1200 1934 missos
1259 1879 1328 1934 ad
1391 1879 1804 1949 imperatorem,
1857 1886 1917 1932 ut
1962 1883 2360 1947 componerent

790 1971 1088 2029 seditiones
1121 1986 1339 2029 exortas
1372 1974 1425 2027 in
1454 1971 1706 2043 Phrygia.
1741 1969 1833 2026 ille
1861 1985 1991 2025 vero
2019 1984 2114 2025 eos
2145 1969 2198 2022 in
2226 1968 2361 2022 civi-

788 2076 953 2122 tatem
983 2065 1568 2136 acceptos,'spiendide
1597 2077 1652 2122 et
1679 2065 1967 2137 magnifice
1998 2064 2234 2133 hospitio
2263 2077 2356 2117 ex-

787 2161 940 2229 cipit.
969 2160 1174 2215 Deinde
1203 2175 1325 2214 cum
1354 2160 1429 2214 illi
1461 2160 1699 2215 militum
1728 2159 2019 2213 tumultum
2045 2157 2359 2227 sopiissent,

788 2259 845 2306 et
877 2251 944 2304 ab
975 2251 1067 2306 illo
1088 2251 1324 2306 assecuti
1361 2261 1546 2309 essent
1571 2251 2035 2314 benedictionem,
2064 2250 2176 2321 jam
2202 2259 2362 2304 erant

790 2347 1084 2413 egressuri.

862 2435 1153 2492 XVlll-iX.
1198 2438 1417 2493 Interim
1452 2449 1635 2494 autem
1683 2436 1906 2507 quidam
1946 2451 2011 2490 ex
2051 2433 2265 2488 civibus
2295 2432 2362 2486 ad

792 2539 1042 2582 sanctum
1072 2530 1356 2584 Nicolaum
1385 2529 1677 2590 accedunt.
1711 2538 1767 2583 et
1799 2527 1864 2582 ad
1900 2529 2020 2597 ejus
2049 2525 2215 2596 pedes
2250 2540 2364 2578 ma-

792 2634 899 2688 gno
953 2619 1120 2673 animi
1166 2620 1360 2674 ardore
1393 2620 1764 2690 procidentes,
1798 2619 2062 2688 rogabant
2094 2627 2152 2670 ut
2203 2631 2363 2684 opem

795 2710 966 2764 ferret
1002 2711 1068 2765 iis
1096 2711 1298 2780 quibus
1331 2712 1496 2766 fiebat
1543 2712 1766 2780 injuria,
1816 2721 1872 2763 et
1919 2709 2270 2779 postulabant
2307 2717 2366 2760 ut

797 2799 1162 2853 liberarentur
1223 2815 1254 2854 a
1309 2801 1466 2855 malis
1516 2800 1898 2869 praesentibus.
1962 2799 2170 2854 Prteses
2216 2796 2364 2851 enim

794 2891 1134 2954 Eustathius,
1207 2907 1331 2946 cum
1385 2894 1589 2962 ejulatu
1648 2893 1907 2946 dicebant
1958 2902 2016 2946 et
2084 2891 2363 2959 lacrymis.

796 2981 1048 3048 pecuniis
1073 2991 1365 3051 corruptus
1417 2985 1481 3036 ab
1530 2984 1598 3038 iis
1640 2983 1732 3052 qui
1768 2983 1957 3036 colunt
2004 2982 2265 3036 invidiam
2310 2991 2366 3035 et

798 3072 1227 3140 improbitatem,
1267 3085 1377 3129 tres
1418 3061 1568 3129 viros
1605 3089 1672 3128 ex
1719 3074 1786 3128 iis
1829 3075 1924 3142 qui
1955 3083 2084 3128 sunt
2133 3073 2187 3126 in
2225 3073 2359 3126 civi-

2452 578 2589 649 πρὸς
2635 577 2713 647 τῷ
2744 575 2924 646 λιμένι
2954 574 3243 644 διέτριϐον.
3293 573 3382 625 Ἐν
3430 571 3606 637 τούτῳ
3633 571 3688 622 δέ
3722 585 3865 627 τινες
3922 567 4037 619 τῶν

2453 672 2544 724 ὑπ’
2587 670 2786 732 αὐτοὺς
2818 666 3188 737 στρατιωτῶν·
3223 665 3400 733 ἐξίασι
3432 663 3526 717 τοῦ
3560 664 3773 728 πλοίου,
3802 663 3870 714 τὰ
3907 663 4035 714 ἔπι-

2451 765 2640 834 τήδεια
2688 763 3042 833 ὠνησόμενοι.
3100 756 3202 814 Οἷα
3243 761 3302 814 6t
3362 760 3512 828 φιλεῖ
3540 758 3600 810 τὸ
3635 755 4039 826 στρατιωτικὸν

2454 857 2703 926 (ἁρπαγῇ
2733 855 2840 924 γὰρ
2874 853 2983 906 τῶν
3016 853 3315 923 ἀλλοτρίων
3353 853 3448 905 καὶ
3481 850 3574 921 βίᾳ
3610 849 3676 901 τὰ
3708 849 3880 900 πολλά
3907 846 4004 915 χαί
4017 874 4037 885 ο

2457 947 2692 1019 ρουσιν),
2717 948 2785 999 τὰ
2817 945 3027 1016 συνήθη
3057 945 3336 998 κάνταῦθα
3384 944 3677 1012 ἔπραττον,
3718 943 3815 993 καὶ
3845 937 4039 999 κακῶς

2453 1043 2522 1096 τά
2549 1040 2657 1094 τῶν
2691 1039 3002 1110 προσοίκων
3032 1038 3272 1092 ἐποίουν.
3309 1037 3542 1090 Ἔπειτα
3574 1035 3670 1087 καὶ
3729 1035 3807 1093 είς
3841 1030 4040 1083 στάσιν

2455 1135 2652 1206 ἐχώρει
2677 1133 2738 1186 τὸ
2768 1132 3025 1203 πρᾶγμα,
3051 1130 3146 1183 καὶ
3177 1129 3394 1197 ταραχή
3426 1144 3509 1188 τις
3547 1125 3686 1192 πρὸς
3717 1123 3793 1192 τῷ
3834 1120 4041 1176 καλου-

2459 1227 2606 1296 μένῳ
2641 1221 2981 1286 Πλακώματι
3005 1217 3349 1290 ἀνηρέθιστο.
3386 1215 3636 1269 Γνωσῢὲν
3667 1209 3760 1266 οὖν
3791 1214 3871 1283 τῷ
3900 1213 4042 1263 (tau-

2459 1317 2650 1390 μαστῷ
2711 1313 2990 1384 Νικολάῳ.
3042 1306 3152 1374 οἷος
3209 1312 3416 1370 ἐκεῖνος
3479 1310 3538 1359 tv
3597 1309 3708 1367 τοῖς
3769 1301 4044 1364 τοιούτοις

2457 1407 2843 1478 πνεύματιτὴν
2869 1405 3044 1476 ὁρμὴν
3068 1405 3253 1474 ὅμοιος
3280 1400 3441 1463 εὐθὺς
3465 1402 3519 1462 ές
3544 1399 3607 1451 τὸ
3624 1398 3858 1451 έπίνειον
3878 1391 4042 1466 ἧκεν.

2469 1504 2621 1556 Ἐπεὶ
2664 1502 2719 1555 δέ
2760 1517 2900 1554 τισιν
2934 1498 3137 1568 ὀλίγοις
3169 1495 3360 1563 γέγονε
3412 1492 3594 1562 δῆλος,
3637 1493 3702 1559 τῇ
3741 1491 3903 1559 φήμῃ
3951 1488 4044 1540 διὰ

2458 1598 2678 1650 πάντων
2707 1594 2921 1662 ἐφοίτα,
2954 1595 3046 1645 καὶ
3073 1586 3417 1658 παραχρῆμα
3441 1589 3471 1654 ἡ
3505 1584 3658 1645 πόλις
3687 1581 3835 1650 αὐτῷ
3861 1581 4042 1644 πᾶσα,

2459 1689 2675 1758 σύναμα
2709 1687 2802 1740 καὶ
2835 1687 2950 1748 τοῖς
2978 1680 3413 1750 ἀπεσταλμένοις
3442 1679 3673 1747 ἄρχουσι
3724 1672 4044 1743 προσκυνή-

2462 1794 2667 1844 σοντες,
2705 1777 2780 1839 ὡς
2822 1774 2965 1836 εθος,
3018 1773 3298 1837 ἀπήντων.
3343 1766 3621 1834 Ἐρομένῳ
3674 1759 3857 1814 τοίνυν
3914 1759 4046 1819 τοὺς

2461 1875 2727 1944 ἄρχοντας
2757 1870 2841 1940 ἐφ’
2878 1869 2984 1936 ὅτῳ
3011 1866 3105 1920 καλ⁵
3134 1864 3258 1917 ὅθεν
3283 1861 3491 1932 ἥκοιεν,
3525 1859 3727 1912 ἐκείνοι
3769 1853 3907 1923 πρὸς
3941 1852 4044 1920 βα.

2465 1970 2651 2030 σιλέως
2682 1963 3022 2021 ἀπεστάλθαι
3053 1957 3228 2023 εἷπον,
3260 1957 3344 2026 ἐφ’
3375 1949 3420 2024 ᾧ
3449 1957 3562 2019 τοῖς
3607 1951 3747 2006 κατὰ
3793 1948 4048 2017 Φρυγίαν

2461 2061 2559 2123 τὰς
2606 2057 2827 2120 στάσεις
2873 2054 3054 2116 καλῶς
3099 2050 3388 2105 διαθεῖναι.
3429 2047 3542 2100 Καὶ
3582 2043 3640 2107 ὃς
3700 2037 4048 2106 παραλαϐὼν

2463 2154 2660 2213 αὐτοὺς
2708 2152 2763 2202 tv
2807 2151 2873 2218 τῇ
2910 2149 3065 2200 πόλει
3109 2143 3413 2213 φιλοτίμως
3445 2137 3704 2206 ἐξένιζεν.
3753 2128 3868 2186 Εἶθ’
3895 2129 4050 2184 οὓτω

2462 2249 2555 2300 τὸν
2589 2242 2817 2314 θόρυϐον
2839 2240 3018 2308 ἠπίως
3041 2238 3396 2305 κοιμίσαντες
3423 2231 3530 2284 τῶν
3563 2225 3917 2297 στρατιωτῶν
3951 2223 4049 2276 καὶ

2466 2335 2715 2403 εὐλογίας
2748 2331 2937 2398 ὥσπερ
2964 2329 3073 2382 εδει
3105 2327 3205 2396 τῆς
3231 2325 3360 2394 παρ’
3389 2320 3557 2377 αὑτοῦ
3593 2319 3872 2388 τυχόντες.

2535 2427 2757 2482 ιη’-ιθ.
2792 2423 2943 2477 Ἐπεὶ
2966 2421 3189 2491 ἔμελλον
3209 2418 3308 2487 τῆς
3336 2416 3472 2486 πρὸς
3501 2413 3742 2483 Φρυγίαν
3769 2408 3890 2463 ὁδοῦ
3926 2406 4052 2475 ἐχε-

2468 2522 2611 2586 σθαι,
2663 2515 3049 2589 προσελθόντες
3085 2512 3226 2574 τινὲς
3278 2511 3385 2563 τῶν
3413 2507 3515 2576 τῆς
3554 2507 3784 2565 πόλεως,
3838 2502 4049 2569 θερμοο

2466 2615 2640 2683 τάτην
2694 2613 2814 2664 οταν
2849 2607 2998 2676 αὐτῷ
3049 2605 3143 2658 καὶ
3178 2601 3454 2673 περιπαθῆ
3490 2599 3896 2671 προσφέρουσιν
3927 2595 4046 2645 ἱκε-

2467 2711 2639 2762 τείαν.
2683 2705 2747 2757 Ἥ
2768 2706 2823 2756 δὲ
2857 2698 2926 2771 ἦν
2969 2699 3196 2766 ἀμύνειν
3241 2695 3618 2761 ἀδικουμένοις
3649 2706 3663 2721 ο
3690 2691 3784 2741 καὶ
3835 2687 3888 2739 τί
3937 2687 4048 2753 γάρ

2469 2793 2645 2868 ἀλλ’ἢ
2693 2798 2816 2849 ὅσον
2863 2793 3020 2846 ούπω
3056 2790 3154 2844 καὶ
3185 2786 3348 2842 αὑτοῦ
3379 2784 3473 2838 τοῦ
3508 2785 3607 2850 ζῇν
3641 2779 3824 2840 κακῶς
3872 2778 4052 2830 άπαλ⁹

2469 2888 2854 2957 λαττομέκοοις;
2901 2883 2959 2936 Ὅ
3010 2882 3119 2950 γάρ
3171 2874 3395 2946 ἡγεμὼν
3455 2871 3775 2932 Εὐσταθιος,
3832 2868 4046 2934 ἔλεγον,

2468 2984 2771 3054 χρημάτων
2803 2979 2886 3032 ὃτι
2934 2974 3207 3026 πλείστων
3237 2970 3418 3039 ἥττων
3445 2967 3756 3034 γενόμενος,
3788 2962 3893 3013 ὑπ’,
3935 2959 4050 3012 τῶν

2470 3051 2666 3143 φθόνου
2697 3071 2789 3123 καὶ
2825 3067 3023 3126 κακίας
3062 3063 3251 3124 δεινῶς
3282 3057 3611 3130 ἡττωμένων
3659 3055 3810 3122 τρεῖς
3848 3052 3961 3103 τῶν
3991 3051 4049 3101 tv

798 3171 927 3222 tate,
957 3179 1079 3216 cum
1114 3166 1249 3217 nihil
1302 3165 1528 3219 omnino
1569 3165 1869 3232 peccarint,
1922 3175 2099 3219 morte
2147 3165 2359 3218 multat.
2392 3177 2434 3232 ο
2466 3186 2484 3221 1

2356 3206 2359 3217 .
2392 3177 2434 3232 ο
2466 3171 2532 3237 τῇ
2569 3166 2720 3219 πόλει
2748 3161 2947 3230 ἄνδρας
2979 3157 3130 3211 οὐδὲν
3156 3156 3293 3215 ὅλως
3320 3149 3715 3222 ἡμαρτηκότας
3745 3146 3806 3198 ού
3841 3143 4042 3237 μετρίᾳ

797 3252 899 3306 Pio
949 3253 1035 3306 liis
1063 3270 1194 3323 ergo
1226 3255 1480 3310 universa
1526 3256 1720 3310 civitas
1759 3255 2131 3311 miserandum
2166 3255 2220 3308 in
2251 3271 2367 3308 mo—

798 3343 926 3396 dutn
956 3345 1251 3407 cruciatur,
1284 3355 1339 3400 et
1365 3344 1676 3408 alliictatur,
1707 3356 1762 3400 et
1808 3347 1862 3400 in
1902 3359 2098 3414 magno
2129 3359 2366 3400 mmrore

801 3445 947 3486 tuam
981 3435 1232 3502 implorat
1262 3438 1630 3503 praesentiam.
1664 3437 1720 3490 Si
1755 3437 1901 3491 enim
1930 3436 2223 3495 adfuisses.
2257 3452 2368 3491 non

799 3525 942 3593 apud
974 3540 1092 3578 eam
1116 3527 1219 3580 tale
1244 3525 1325 3581 soi
1350 3527 1528 3582 scelus
1557 3528 1875 3596 aspexisset.
1906 3525 2030 3582 Haec
2055 3543 2180 3582 cum
2206 3527 2370 3580 homo

798 3610 893 3670 Dei
928 3617 1212 3680 audilsset,
1257 3627 1313 3672 et
1336 3621 1579 3674 imitator
1624 3621 1770 3674 illius
1800 3620 2129 3683 clementiae,
2159 3621 2224 3675 ad
2254 3621 2369 3676 hac

799 3707 1071 3762 excitatur
1099 3714 1154 3763 et
1183 3711 1421 3780 assurgit
1448 3711 1653 3772 animo,
1677 3713 1854 3766 telum
1886 3711 2121 3768 induens
2141 3722 2196 3768 et
2231 3713 2370 3766 iidu-

798 3801 961 3863 ciam,
993 3809 1049 3854 et
1078 3803 1374 3872 assumptis
1423 3802 1656 3858 ducibus
1678 3806 1978 3866 exercitus,
2012 3804 2194 3858 statim
2225 3792 2368 3859 viam

795 3900 880 3946 est
911 3891 1206 3961 ingressus.
1236 3894 1367 3947 Cum
1397 3903 1579 3949 autem
1627 3895 1817 3950 fuisset
1843 3895 1896 3949 in
1938 3896 2175 3965 quodam
2226 3897 2368 3959 loco,

799 3982 847 4037 is
878 3997 1009 4036 vero
1047 3983 1343 4039 vocabatur
1368 3984 1499 4046 Leo.
1529 3987 1754 4056 rogabat
1777 4001 1875 4041 eos
1907 3987 2000 4057 qui
2033 3987 2368 4042 accedebant

804 4080 872 4128 ab
903 4064 969 4129 de
1019 4073 1146 4129 viris
1193 4077 1297 4132 illis
1344 4078 1552 4147 aliquid
1606 4080 1834 4142 scirent,
1866 4087 1922 4133 et
1963 4079 2055 4133 ubi
2103 4095 2199 4132 eos
2247 4079 2372 4132 reii-

803 4167 1070 4237 qnissent.
1106 4167 1188 4222 Illi
1212 4179 1416 4233 autem,
1451 4172 1504 4223 in
1534 4170 1732 4249 platea.
1766 4171 2040 4241 inquiunt,
2069 4171 2212 4240 apud
2242 4170 2371 4226 Dio-

800 4275 991 4315 scoros
1038 4260 1132 4330 qui
1183 4270 1468 4317 vocantur.
1515 4261 1609 4317 ille
1659 4279 1791 4316 vero
1838 4273 1981 4318 recta
2026 4278 2259 4332 pergens
2303 4263 2372 4317 ad

803 4351 1124 4416 martyrium
1171 4349 1500 4406 Sanetorum
1557 4349 1866 4406 Crescentis
1912 4360 1968 4406 et
2015 4351 2369 4414 Dioscoridis,

805 4439 896 4492 ubi
927 4441 1284 4497 intellexisset
1309 4459 1404 4498 eos
1434 4447 1597 4498 modo
1624 4453 1834 4513 portam
1858 4442 2205 4512 egredientes
2238 4443 2366 4497 duci

801 4533 866 4585 ad
905 4531 1073 4586 Beran
1108 4535 1175 4599 (is
1199 4545 1382 4588 autem
1412 4546 1529 4589 erat
1573 4537 1721 4590 locus
1750 4550 1860 4604 quo
1893 4535 1960 4589 ad
2007 4545 2238 4590 mortem
2269 4535 2366 4589 du-

800 4623 1070 4676 cebantur
1101 4616 1492 4691 con-ierunati),
1517 4625 1743 4696 gradum
1776 4625 2107 4686 accelerans,
2142 4637 2196 4680 et
2226 4626 2370 4695 quod

802 4715 989 4767 deerat
1038 4717 1330 4777 senectuti,
1385 4718 1567 4771 cordis
1617 4718 1832 4772 fervore
1888 4717 2168 4786 suppletis.
2215 4717 2367 4771 brevi

804 4816 1050 4872 tempore
1086 4807 1338 4873 pervenit
1367 4807 1433 4860 ad
1481 4807 1661 4860 locum
1709 4806 2091 4869 constitutum,
2126 4817 2181 4860 et
2213 4807 2364 4862 videt

803 4911 1049 4964 magnam
1102 4896 1324 4965 quidem
1370 4897 1864 4953 circumsistentem
1928 4898 2362 4961 multitudinem,

801 4988 950 5039 viros
985 5001 1134 5048 vero,
1169 4987 1301 5054 proli
1339 4986 1496 5039 dolor
1529 4989 1540 5041 !
1567 5003 1707 5056 pone
1740 4988 1956 5041 vinctos
2006 4988 2279 5049 manibus,
2311 4996 2366 5040 et

800 5087 1022 5143 opertos
1051 5076 1316 5132 habentes
1350 5077 1559 5136 oculos.
1590 5088 1643 5130 et
1674 5077 1822 5130 nudo
1853 5076 1996 5130 collo
2046 5085 2102 5130 et
2135 5086 2366 5132 extenso

801 5170 1100 5222 sectionem
1150 5180 1564 5238 exspectantes;
1606 5169 1921 5223 miserabile
1968 5168 2366 5237 spectaculum,

801 5270 856 5314 et
887 5260 1033 5328 quod
1066 5275 1167 5315 nec
1195 5261 1416 5314 oculum
1448 5262 1669 5330 quidem
1701 5270 1913 5330 poterat
1943 5260 2147 5314 habere
2176 5270 2367 5314 testem

799 5351 1170 5420 perpessionis
1190 5393 1203 5415 ,
1235 5360 1290 5405 et
1320 5352 1494 5421 ipsum
1522 5353 1830 5407 carnilicem
1865 5353 1958 5421 qui
1983 5353 2091 5420 jam
2121 5352 2362 5421 gladium

799 5444 1114 5504 strinxerat,
1141 5444 1454 5513 aedemque
1490 5445 1824 5513 spirantibus
1850 5454 1904 5498 et
1935 5443 2159 5497 furiosis
2186 5444 2366 5497 intue-

803 5533 958 5585 batur
993 5535 1189 5596 oculis,
1226 5542 1282 5586 et
1325 5535 1407 5587 vel
1445 5535 1561 5589 solo
1614 5544 1838 5604 aspectu
1891 5550 2000 5604 pra:
2045 5549 2102 5588 se
2142 5533 2366 5587 terebat

796 5635 1211 5679 immanitatem.

2470 3234 2580 3313 τινὶ
2617 3253 2880 3324 τιμωρίᾳ,
2929 3246 2997 3320 ἦν
3047 3249 3155 3316 γάρ
3195 3243 3341 3298 οὕτω
3389 3242 3451 3294 τὸ
3502 3237 3741 3324 χαλεπόν
3781 3234 4046 3324 φορητὴν,

2470 3350 2587 3404 ἀλλ’
2614 3319 2847 3416 tavit-n-
2872 3339 3142 3411 καταδίκῃ
3175 3332 3417 3390 κολάζει.
3461 3330 3635 3398 ’Υπὲρ
3665 3319 3725 3379 οὗ
3757 3328 3853 3379 καλ⁹
3880 3325 3913 3392 ἡ
3952 3323 4050 3416 πό.

2471 3439 2554 3499 λις
2584 3435 2833 3495 ὶλεεινῶς
2859 3433 3139 3492 κόπτεται,
3168 3426 3265 3494 τὴν
3293 3421 3476 3478 ἄδικόν
3497 3437 3556 3472 τε
3585 3417 3907 3486 ἁνοόύρεται
3939 3413 4051 3465 τῶν

2472 3527 2664 3583 ἀθὼων
2700 3524 2936 3594 σφαγὴν,
2987 3521 3081 3574 καὶ
3115 3516 3212 3588 τὴν
3271 3515 3387 3584 σὴν,
3417 3511 3466 3566 ὦ
3493 3509 3789 3579 θαυμάσιε,
3835 3522 4048 3574 παρου.

2473 3621 2595 3674 σίαν
2639 3618 2951 3670 ἐπιϐοᾶται.
3003 3613 3065 3664 Et
3116 3611 3222 3679 γὰρ
3272 3606 3474 3674 παρῆς,
3503 3605 3604 3658 οὐκ
3632 3601 3698 3655 ἂν
3727 3599 3974 3653 τοιοῦτον
4022 3598 4050 3648 ό

2471 3713 2622 3782 ἥλιος
2669 3708 2840 3779 μύσος
2881 3703 3075 3773 ἔμελλε
3119 3699 3382 3769 καθορᾷν.
3437 3693 3656 3748 Τούτων
3702 3693 3730 3743 ό
3761 3688 3874 3782 τοῦΔ
3909 3685 4048 3738 Θεοῦ

2473 3778 2784 3872 ἀνθρωπος,
2809 3797 2905 3851 καὶ
2937 3796 3037 3864 τῆς
3072 3793 3280 3846 ἐκείνου
3311 3783 3660 3856 συμπαθείας
3709 3778 4047 3872 ἀκριϐέστα-

2474 3867 2858 3962 τος-μιμητὴς
2907 3885 3169 3948 ἀκούσας,
3223 3882 3321 3950 ούχ
3371 3874 3722 3946 ὑπερτίθεται
3761 3873 3862 3938 τὴν
3918 3867 4050 3962 poi;-

2475 3957 2649 4051 θειαν,
2673 3957 2794 4037 οὐδὲ
2817 3957 3023 4051 νχρόνον
3052 3980 3106 4029 tv
3139 3975 3291 4045 μέσῳ
3325 3970 3417 4025 τοῦ
3449 3987 3506 4022 τε
3531 3966 3764 4021 ἀκοῦσαι
3795 3963 3889 4016 καὶ
3947 3957 4050 4051 τῆς

2475 4075 2610 4147 πρὸς
2636 4050 2969 4141 γὶπικονρίαν
2998 4065 3197 4138 ὁρμῆς,
3233 4061 3356 4117 οὐδὲ
3397 4059 3604 4128 βραχὺν
3641 4055 3874 4147 τίθεται,
3911 4050 4051 4147 ἀλλὰ

2473 4141 2564 4221 τόν
2609 4166 2748 4234 ὑπὲρ
2797 4161 2890 4214 τοῦ
2939 4157 3146 4227 ἀγαθοῦ
3196 4154 3359 4224 ζῆλον
3409 4151 3598 4218 ὥσπερ
3646 4145 3774 4200 τινὰ
3823 4141 4052 4209 λεοντῆν

2474 4257 2649 4320 ένδὺς,
2682 4254 2842 4317 εὐθὺς
2891 4250 3247 4310 διανίσταται,
3295 4245 3390 4298 καὶ
3430 4241 3744 4314 παρρησίας
3781 4237 4051 4290 πίπὶαται

2473 4349 2574 4418 τὴν
2597 4346 2797 4416 ψυχήν⁵
2822 4347 2948 4404 τοὺς
2974 4338 3299 4410 εἰρημένους
3328 4351 3386 4386 τε
3437 4335 3705 4402 ἄρχοντας
3755 4335 4054 4418 συμπαραξ

2474 4415 2829 4503 λαδωκόδοῦ
2864 4437 3115 4489 ἅπτεται.
3153 4429 3251 4482 'Ev
3281 4444 3389 4504 τινι
3417 4423 3547 4492 γοῦν
3575 4421 3749 4488 τόπῳ,
3783 4419 3938 4471 Λέων
3994 4415 4051 4467 δὲ

2474 4525 2629 4594 οὗτος
2665 4528 2933 4589 ἐκαλεῖτο,
2958 4524 3274 4593 γενόμενος,
3303 4514 3636 4570 ἐπυνθάνετο
3681 4509 3788 4562 τῶν
3825 4509 4054 4576 παριέν-

2471 4641 2598 4686 των,
2636 4622 2689 4675 εῐ
2739 4639 2790 4673 τι
2838 4618 2966 4687 περὶ
3005 4614 3113 4668 τῶν
3157 4608 3369 4679 ἀνδρῶν
3427 4605 3653 4659 ἐκείνων
3686 4601 3902 4660 είδεῖεν,
3952 4596 4050 4649 καὶ

2468 4719 2589 4770 ὅποι
2617 4716 2684 4770 ἂν
2709 4713 2903 4772 αὐτοὺς
2939 4705 3278 4762 ἀπολίποιεν.
3306 4699 3370 4755 Οί
3404 4698 3460 4751 δὲ
3494 4695 3645 4748 Κατά
3683 4695 3809 4748 τοὺς
3843 4690 4048 4743 καλου-

2470 4811 2684 4879 μένους,
2720 4805 2950 4874 ἔφησαν,
2975 4797 3296 4864 Διοσκόρους
3331 4794 3388 4844 tv
3435 4792 3500 4859 τῇ
3529 4788 3781 4853 πλατείᾳ.
3831 4781 3944 4834 Καὶ
3991 4780 4050 4840 ὃς

2466 4875 2595 4950 εὐθὺ
2632 4894 2727 4948 τοῦ
2759 4891 3063 4963 μαρτυρίου
3087 4887 3194 4939 τῶν
3226 4884 3398 4951 ἁγίων
3429 4880 3763 4948 Κρίσκεντος
3794 4876 3889 4924 καί
3925 4875 4047 4923 Διο-

2470 4981 2716 5052 σκορίῖου
2749 4958 2962 5051 προῄει·
2997 4975 3088 5029 καί
3127 4972 3314 5039 ἐπειδὴ
3349 4968 3509 5037 μάθοι
3537 4964 3759 5025 τούτους
3788 4961 3913 5030 ἀρτι
3934 4958 4045 5052 ⁸τὴν

2470 5049 2645 5142 πύλην
2701 5049 3127 5138 ὑπερϐαίνοντας
3183 5059 3333 5129 παρά
3385 5058 3477 5110 τὸν
3532 5054 3716 5123 Βηρὰν
3783 5049 4043 5142 ἄγεσθαι,

2467 5140 2629 5224 τόπος
2669 5161 2724 5213 δὲ
2769 5153 2922 5218 οὗτος
2972 5155 3080 5208 τῶν
3117 5151 3426 5206 καταδίκων
3479 5143 3854 5201 ὲπιθανάτιος,
3916 5140 4045 5190 tm-

2467 5255 2647 5315 τεξνας
2687 5251 2783 5321 τὴν
2835 5248 3082 5317 πορείαν,
3139 5247 3230 5297 καὶ
3273 5241 3333 5293 τὸ
3397 5239 3572 5291 ἐνδέον
3635 5233 3712 5303 τῷ
3747 5235 3907 5300 γήρει
3962 5229 4042 5298 τῷ

2470 5344 2716 5414 διαπύρῳ
2743 5342 2841 5411 τῆς
2873 5337 3181 5409 προθυμίας
3234 5330 3585 5398 ἀναπληρῶν,
3622 5330 3677 5380 tv
3716 5325 3913 5395 βραχεῖ
3951 5323 4041 5373 τὸν

2469 5436 2774 5506 ὡρισμένον
2826 5431 3111 5498 ἐπιφθάνει
3157 5428 3339 5480 τόπον.
3390 5420 3522 5476 Εἶτα
3562 5420 3664 5491 ὁρᾷ
3716 5419 3881 5471 πολὺν
3944 5416 4042 5484 μὲν

2470 5530 2623 5599 ὂχῐιοι
2659 5524 3020 5596 περιεστῶτα,
3053 5522 3177 5583 τοὺς
3214 5519 3409 5588 ἄνδρας
3443 5516 3498 5569 δὲ
3535 5516 3728 5574 ὀπίσω,
3761 5509 3898 5579 φεῦί
3945 5509 4044 5569 τάς

2475 5621 2657 5687 χεῖρας
2711 5615 3171 5683 δεδεσμημένους,
3225 5613 3318 5662 καὶ
3356 5613 3452 5671 τὰς
3505 5608 3654 5675 ὅψεις
3688 5600 4042 5668 κεκαλυμμέ·

799 5735 943 5780 vov‘,
996 5719 1089 5769 καὶ
1141 5719 1329 5787 γυμνῷ
1367 5719 1626 5788 τραχήλῳ
1663 5720 1760 5785 τὴν
1811 5718 2027 5788 πληγὴν
2069 5716 2464 5783 ἀναμένοντας,
2543 5715 2704 5766 αὐτόν
2736 5730 2792 5764 τε
2826 5712 2914 5764 τὸν
2977 5711 3170 5779 δήμιον
3206 5709 3263 5759 τ’)
3324 5706 3474 5772 ξίφος
3526 5703 3626 5773 ἤδη
3697 5697 4040 5763 διεσπασμέ-

797 5819 906 5868 νον,
957 5810 1052 5860 καὶ
1108 5809 1292 5875 φόνιόν
1339 5826 1390 5860 τι

1444 5811 1535 5861 καὶ
1577 5810 1802 5876 μανικον
1861 5809 2150 5878 βλέποντα,
2189 5808 2279 5858 καὶ
2308 5808 2367 5858 τι
2409 5808 2542 5873 πρὸς
2609 5803 2820 5873 σφαγὴν
2850 5805 3076 5872 ὅρμημα
3106 5800 3182 5870 τῷ
3212 5797 3483 5868 προσώπῳ
3543 5790 4039 5864 χαρακτηρίξοντα,

804 5897 1033 5956 haud?”
1067 5902 1242 5970 θέαμα
1284 5905 1371 5958 καὶ
1409 5905 1538 5973 μηδὲ
1575 5904 1836 5975 ὀφθαλμῷ
1875 5904 2101 5974 σώφρονι
2165 5904 2360 5972 ᾖξδίυς
2402 5901 2712 5970 ivx-1122’”.
