4270 6428
781 377 887 442 343

2005 377 2290 437 MENSIS
2324 375 2749 438 DECEMBER.

3930 349 4042 415 344

776 490 907 541 ΜΠ]
929 502 1051 540 cum
1077 487 1192 554 ipse
1215 485 1465 556 protinus
1484 485 1726 541 venisset
1748 486 1800 540 in
1817 495 2171 556 conspectum
2191 487 2358 554 impe-
2385 497 2426 552 Α
2459 503 2462 513 ε

2351 497 2426 552 -Α
2459 482 2741 550 νεωτέροις
2793 479 2900 546 γὰρ
2955 471 3294 542 ἐπιχειροῦσι
3343 469 3688 539 πράγμασιν,
3747 468 3846 519 ὅσα
3885 465 4037 531 ἡμᾶς

777 581 998 641 ratoris,
1038 586 1223 632 narrat
1259 593 1380 647 qua:
1409 577 1479 633 ab
1507 577 1617 633 illis
1639 574 1937 642 audiverit,
1964 587 2020 632 et
2049 577 2346 648 persuadet

774 681 833 726 ut
863 670 1068 724 indicta
1105 683 1266 723 causa
1297 668 1366 723 ab
1413 669 1509 724 illo
1541 669 1852 738 capiantur,
1883 677 1940 725 et
1980 671 2034 724 in
2064 683 2342 724 carcerem

770 764 1138 832 conjiciantur
1169 779 1182 815 :
1212 759 1289 816 Ne
1319 761 1503 826 nobis,
1527 761 1730 828 inquit,
1761 775 1872 814 non
1907 759 2348 814 animadverten-

769 856 919 910 tibus
968 855 1170 910 faciant
1213 871 1278 910 ea
1319 870 1440 923 qua:
1487 861 1615 907 sunt
1663 852 1934 907 meditati.
1988 850 2077 907 Sic
2122 851 2344 921 quidem

769 950 970 1002 factum
1004 957 1109 1012 est,
1143 957 1198 1002 et
1223 946 1454 1014 conjecti
1504 955 1632 999 sunt
1678 945 1754 999 illi
1802 945 1856 1000 in
1887 959 2188 1006 carcerem,
2221 955 2346 995 cum

768 1054 869 1092 nec
918 1039 1095 1107 ipsum
1153 1038 1375 1108 quidem
1424 1036 1632 1091 scirent
1677 1051 1776 1090 cur
1823 1046 2008 1091 essent
2060 1034 2244 1089 traditi
2293 1035 2348 1088 in'

766 1131 1096 1192 custodiam,
1151 1139 1359 1183 tantum
1392 1128 1585 1182 aberat
1621 1139 1682 1181 ut
1717 1127 1924 1196 aliquid
1975 1126 2102 1182 mali
2139 1126 2350 1181 machi-

767 1221 881 1274 nati
907 1238 1042 1275 esse:
1073 1232 1089 1274 t
1117 1221 1380 1274 adversus
1407 1221 1818 1288 imperatorem.

2456 575 2712 631 ἀκοῦσαι.
2761 572 2855 625 καὶ
2905 567 3118 637 πονηρᾶ
3167 566 3529 635 τεκμαίρουσι
3567 562 3706 614 κατὰ
3739 558 4038 630 βασιλέως.

2453 669 2609 722 Οὕτω
2637 665 2743 718 τῶν
2794 661 3002 731 ἀνδρῶν
3030 657 3403 721 κατειπόντες,
3437 654 3531 710 καὶ
3559 651 3784 722 χρυσίου
3833 647 4038 702 πολλοῦ

2444 761 2538 812 τὸν
2573 759 2813 827 ἔπαρχον
2842 753 3214 823 ὠνησάμενοι,
3255 749 3355 812 τὰς
3397 747 3684 819 βααιλικας
3723 744 3789 797 δι’
3818 743 4036 794 ἐκείνου

2445 852 2761 921 φθείρουσιν
2799 847 2990 908 ἀκοάς.
3027 843 3204 906 Εὐθὺς
3232 844 3342 912 γὰρ
3373 844 3452 904 είς
3487 839 3613 908 ὄψιν
3639 837 3803 896 αὐτὸς
3831 835 3911 906 τῷ
3937 833 4040 904 βαο

2448 945 2589 998 σιλεῖ
2618 939 2909 1010 γενόμενος
2931 935 3152 1003 διέξεισί
3180 952 3236 988 τε
3271 934 3306 988 ἃ.
3331 934 3462 1002 παρ’
3491 931 3720 986 ἐκείνων
3751 927 4036 992 ἀκούσειε,

2447 1033 2538 1088 καὶ
2589 1032 2765 1086 πείθει
2802 1030 3017 1101 ἐρήμην
3049 1028 3141 1081 ὑπ’
3172 1023 3338 1080 αὐτοῦ
3373 1025 3573 1078 ἁλῶναι
3619 1023 3747 1084 τοὺς
3796 1019 4024 1090 ἄνδρας.

2442 1127 2503 1179 τὸ
2523 1125 2580 1180 δὲ
2625 1123 2720 1178 νῦν
2755 1123 2901 1194 ἕχον,
2936 1122 3151 1190 φυλακῇ
3182 1119 3401 1188 δοθῆναι
3430 1132 3442 1146 ⁸
3493 1117 3582 1186 Μὴ
3612 1114 3893 1175 λαθόντες,
3923 1125 4034 1178 φη-

2449 1217 2555 1282 σὶν,
2633 1216 2930 1287 δράσωσιν,
2980 1213 3016 1267 ἃ.
3070 1211 3250 1264 πάντα
3305 1207 3736 1279 μεμελετήκασι.
3795 1203 4033 1268 Γέγονεν

764 1315 928 1376 οἱτω,
985 1316 1076 1366 καὶ
1117 1315 1242 1391 τους
1293 1314 1492 1382 ἄνδρας
1564 1312 1712 1382 εἶχεν
1759 1312 1998 1382 φυλακὴ,
2074 1311 2183 1364 οὐδ’
2253 1309 2386 1366 αὐτὸ
2423 1309 2582 1364 τοῦτο
2634 1307 3060 1377 ἐπισταμένους,
3113 1304 3236 1358 ὅτου
3322 1303 3483 1372 χάριν
3535 1298 3596 1352 τὸ
3651 1294 4046 1375 δεσμωτήριον-

765 1408 1172 1477 mrem-Ionem
1203 1425 1215 1438 ·
1269 1405 1522 1460 τοσοῦτον
1576 1409 1798 1477 ἀπεῖχον
1852 1408 1943 1461 τοῦ
1994 1408 2228 1479 πονηρόν
2282 1426 2332 1462 τι
2379 1404 2768 1478 βουλεύσασθαι
2801 1402 2943 1457 κατὰ
2969 1400 3256 1473 βασιλέως.

838 1504 1000 1558 XXII.
1044 1503 1358 1558 lntcrcessit
1417 1504 1757 1572 aliquantum
1809 1507 2095 1574 temporis,
2138 1513 2194 1560 et
2225 1521 2349 1559 rur-

761 1613 859 1652 sus
909 1598 1222 1666 malignitas
1276 1606 1534 1663 tanquam
1591 1612 1700 1650 non
1752 1606 2011 1651 contenta
2065 1597 2347 1667 prioribus

765 1693 1028 1762 adimplet.
1079 1693 1242 1747 etiam
1280 1693 1330 1745 id
1367 1693 1512 1761 quod
1549 1693 1756 1747 deerat.
1812 1693 1942 1747 Nam
1996 1693 2075 1747 sic
2120 1693 2342 1761 quidem

763 1788 1036 1852 degebant
1070 1785 1144 1838 illi
1173 1785 1276 1839 viri
1319 1786 1504 1841 amicti
1531 1787 1584 1839 in
1614 1801 1875 1851 carcere;
1920 1787 2346 1842 calumniatores

765 1887 947 1930 autem
981 1894 1104 1931 cum
1138 1879 1394 1934 viderent
1435 1889 1648 1946 tempus
1685 1879 1875 1943 fluere,
1909 1881 2169 1936 timentes
2203 1896 2272 1935 ne
2295 1882 2340 1935 si

2518 1502 2645 1557 KB'.
2680 1501 2885 1569 Χρόνος
2920 1499 2949 1551 ὀ
2983 1497 3190 1567 μεταξὺ
3223 1509 3436 1564 συχνος,
3472 1492 3572 1547 καὶ
3602 1492 3764 1546 πάλιν
3798 1492 3830 1560 ἡ
3859 1508 4032 1560 πονη-

2449 1594 2560 1662 ρία,
2602 1593 2857 1659 καθάπερ
2916 1590 3017 1643 οὐκ
3077 1589 3394 1659 ἀρκουμένη
3463 1587 3577 1650 τοῖς
3636 1583 4030 1654 προλαϐοῦσιν,

2442 1684 2735 1740 ἀκόλουθον
2783 1684 2878 1738 καὶ
2936 1682 3088 1747 τέλος
3122 1683 3346 1735 ἐπινοεῖ.
3396 1679 3728 1749 Ἐτύγχανον
3778 1678 3880 1747 μὲν
3919 1678 4033 1744 γὰρ

2445 1779 2616 1841 οὕτως
2641 1779 2686 1831 οδ
2724 1777 2918 1846 ἄνδρες
2947 1778 3013 1845 τῇ
3055 1775 3271 1844 φυλακῇ
3304 1770 3896 1843 προσκακοπαθοῦντες
3929 1788 3942 1801 ο
3980 1771 4032 1822 εί

2449 1873 2784 1938 συκοφάνται
2813 1869 2889 1934 δὲ,
2922 1868 3046 1921 ἐπεὶ
3076 1866 3414 1936 ὑπορρέοντα
3466 1865 3554 1920 τὸν
3589 1863 3781 1934 χρόνον
3811 1862 4026 1932 ἐώρων,

761 1973 1038 2025 evenisset
1070 1971 1275 2040 aliquid
1330 1973 1698 2041 inopinatum,
1737 1983 1964 2028 structa:
1988 1974 2211 2043 quidem
2247 1989 2334 2027 ar-
2364 1964 2447 2049 Βὲ

2364 1989 2410 2049 Β
2437 1964 2706 2025 δείσαντες
2741 1963 2814 2032 μή
2866 1961 2967 2014 πού
3004 1979 3054 2013 τι
3087 1959 3198 2016 τῶν
3233 1959 3522 2027 ἀδοκήτων
3577 1955 3791 2024 συμϐὰν
3825 1956 3891 2006 τὰ
3927 1955 4029 2022 μὲν

762 2072 1065 2121 uuerentur
1117 2076 1308 2115 eorum
1360 2061 1595 2124 insidiae,
1653 2068 2070 2115 converteretur
2115 2074 2246 2114 vero
2279 2058 2334 2112 in

763 2155 1095 2220 periculum,
1151 2169 1342 2207 rursus
1391 2135 1657 2208 accedunt
1710 2152 1778 2206 ad
1830 2153 2169 2222 praefectum,
2205 2160 2257 2207 et
2287 2153 2338 2206 ei

765 2257 1044 2301 lacessunt
1091 2247 1368 2317 negotium
1408 2262 1474 2298 ne
1511 2245 1590 2300 sic
1630 2245 1780 2299 viros
1829 2246 2191 2314 relinqueret,
2241 2245 2339 2299 sed

762 2342 841 2393 vis
874 2343 1081 2410 justum
1119 2340 1350 2394 inferret
1380 2339 1738 2408 supplicium.
1763 2339 1858 2392 llle
1887 2348 2093 2403 autem,
2128 2339 2340 2394 veritus

765 2451 832 2488 ne
864 2451 1056 2488 aurum
1083 2435 1186 2490 sibi
1219 2434 1551 2494 auferretur,
1586 2433 1630 2487 si
1663 2432 1822 2486 linem
1855 2447 1963 2485 non
1993 2432 2340 2500 accepissent

762 2543 884 2597 qua:
931 2536 1050 2581 erat
1085 2525 1386 2595 pollicitus,
1437 2526 1650 2580 accedit
1683 2539 1874 2579 rursus
1909 2525 1976 2577 ad
2031 2524 2336 2592 imperato-

762 2637 916 2675 rem:
954 2621 1244 2688 vultusque
1294 2619 1584 2673 severitate
1630 2628 1684 2672 et
1733 2618 1850 2685 ipso
1899 2614 2043 2670 triSIi
2087 2625 2336 2685 aspectu,

762 2727 872 2779 pra:
914 2724 971 2762 se
997 2708 1178 2761 ferens
1215 2709 1485 2762 malorum
1521 2723 1576 2761 se
1614 2709 1802 2761 venire
1831 2708 2089 2761 nuntium
2124 2724 2137 2759 :
2177 2716 2233 2760 et
2265 2707 2338 2760 si-

761 2803 872 2855 mul
911 2802 1100 2856 volens
1131 2802 1424 2855 ostendere
1457 2816 1514 2855 se
1567 2801 1714 2854 illius
1747 2801 1869 2854 vita:
1897 2814 2082 2853 cui-am
2111 2799 2337 2852 omnino

761 2906 972 2952 verere,
1002 2905 1234 2959 esseque
1261 2891 1314 2944 in
1340 2905 1464 2944 eum
1490 2905 1702 2943 summa
1730 2890 1834 2944 fide
1853 2899 1909 2944 et
1933 2887 2334 2942 benevolentia.

763 2980 972 3034 Deinde
1007 2982 1157 3035 varie
1192 2981 1472 3035 insidiosis
1505 2982 1686 3034 verbis
1730 2981 1921 3050 irrepit
1945 2989 1998 3034 et
2031 2996 2089 3034 se
2117 2983 2165 3033 ei
2199 2978 2334 3033 insi-

755 3081 913 3135 nuat,
968 3071 1200 3126 dicens:
1248 3073 1499 3136 Domine,
1551 3072 1644 3141 qui
1691 3071 1956 3126 adversus
2003 3080 2150 3125 tuam
2196 3070 2336 3125 mala

756 3169 888 3214 sunt
934 3160 1180 3214 meditati
1231 3163 1568 3229 potentiam,
1599 3176 1696 3230 pro
1747 3162 1814 3215 iis
1855 3162 2014 3215 bonis
2044 3177 2165 3230 qua:
2205 3176 2235 3214 a
2283 3170 2334 3217 te

755 3257 886 3302 sinit
921 3250 1222 3311 consecuti,
1252 3264 1320 3303 ne
1373 3251 1426 3304 in
1475 3265 1699 3305 carcere
1729 3251 1953 3320 quidem
1989 3251 2268 3306 desistunt
2299 3267 2329 3306 a

2443 2057 2733 2126 ἀπόρρητα
2798 2053 2891 2106 τοῦ
2928 2053 3203 2123 δράματος
3255 2049 3526 2122 διελέγξῃ,
3563 2047 3880 2120 περιτραπῇ
3912 2046 3972 2098 δὲ
4001 2047 4032 2096 ὁ

2440 2147 2686 2210 κίνδυνος
2735 2146 2855 2200 κατ’
2897 2146 3099 2210 αὐτῶν,
3152 2144 3248 2198 καὶ
3303 2140 3378 2197 ῶν
3419 2143 3681 2212 ἔσπειραν
3711 2141 3868 2192 αὐτοὶ
3901 2139 4030 2196 τοὺς

2440 2245 2680 2313 καρποὺς
2734 2244 3076 2313 ἀμήσωνται,
3129 2241 3386 2310 προσίασι
3441 2238 3516 2308 τῷ
3551 2238 3775 2308 ἐπάρχῳ
3835 2233 4026 2295 πάλιν,

2440 2335 2533 2386 καὶ
2566 2333 2632 2385 δι’
2665 2331 2822 2402 ὄχλου
2870 2330 3115 2394 πλείονος
3157 2329 3462 2399 γεγονότες,
3496 2328 3684 2396 ἠξίουν
3719 2327 3794 2396 μὴ
3848 2324 4029 2384 οὕτως

2439 2426 2534 2497 ἑᾷν
2564 2427 2690 2488 τοὺς
2727 2424 2927 2494 ἄνδρας
2965 2422 3148 2492 μένειν
3183 2423 3275 2475 ἐπὶ
3312 2420 3528 2490 μακρῷ,
3561 2420 3675 2473 ἀλλ’
3704 2419 3864 2484 ἀξίαν
3923 2419 4026 2471 αὖ-

2439 2520 2551 2579 τοῑς
2593 2517 2690 2586 τὴν
2725 2517 2884 2585 δίκην
2915 2517 3255 2581 ἐπενεγκεῖν.
3297 2513 3540 2575 Ἐκεῖνος
3591 2510 3707 2573 οὖν,
3738 2511 3836 2564 ἅτε
3872 2514 4030 2578 φιλοο

2442 2613 2742 2685 χρημάτως
2778 2614 2938 2682 ἔχων,
2983 2611 3079 2666 καὶ
3112 2612 3252 2680 ὑπὲρ
3281 2609 3373 2662 τοῦ
3403 2606 3842 2676 καταϐληθέντος
3874 2606 4028 2672 αὐτῷ

2438 2709 2667 2777 χρυσίου
2701 2707 2800 2775 τὴν
2833 2706 3062 2775 καρδίαν
3091 2704 3441 2765 διασεισθεῖς,
3469 2704 3545 2771 μὴ
3578 2703 3668 2753 καὶ
3695 2699 4026 2769 ἀφαιρεθείη

2439 2799 2651 2860 τοῦτον,
2715 2797 2890 2866 πέρας
2940 2795 3049 2847 τῶν
3085 2793 3495 2862 ὑποσχεθέντων
3531 2793 3630 2845 οὐκ
3669 2792 3976 2858 είληφότων
4005 2807 4018 2818 θ

2438 2890 2609 2942 δειλὸν
2636 2888 2744 2959 γὰρ
2777 2891 2803 2940 ὁ
2830 2887 3060 2948 πλοῦτος
3089 2902 3104 2916 ·
3153 2888 3403 2956 πρόσεισι
3437 2885 3514 2954 τῷ
3555 2884 3766 2954 βασιλεῖ
3795 2886 3892 2936 καὶ
3933 2883 4030 2934 αὖε

2439 2982 2540 3047 θις,
2574 2985 2641 3052 τῇ
2676 2997 2736 3034 τε
2769 2981 2861 3034 τοῦ
2894 2979 3189 3050 προσώπου
3224 2979 3476 3032 ὲνστάσει
3511 2975 3608 3029 καὶ
3649 2975 3727 3043 τῷ
3769 2975 4028 3044 σκυθρωο

2440 3074 2526 3145 πῷ
2581 3075 2679 3144 τῆς
2712 3073 2909 3142 ὅψεως,
2942 3072 3130 3124 κακῶν
3165 3071 3399 3137 ἄγγελος
3432 3070 3593 3139 ἥκειν
3647 3069 4024 3135 ὑποφαινὸμε-

2440 3185 2527 3230 νος
2574 3167 2671 3220 καὶ
2719 3167 2836 3234 ἀμα
2886 3165 3044 3235 δῆλος
3092 3161 3233 3216 εἶναι
3293 3162 3638 3232 βουλόμενος,
3670 3162 3772 3229 τῆς
3805 3159 4023 3212 ἐκείνου

2439 3258 2586 3325 ζωῆς
2623 3259 2688 3312 ὲκ
2740 3257 2941 3321 παντὸς
2982 3255 3310 3324 φροντίζων,
3355 3254 3621 3317 εὐνοϊκῶς
3665 3270 3724 3306 τε
3755 3257 3892 3321 πρὸς
3929 3253 4028 3302 αὑ-

756 3339 850 3393 tali
884 3339 1260 3406 meditatione,
1298 3356 1480 3410 neque
1527 3342 1637 3395 ulla
1671 3341 1954 3397 ducuntur
1986 3344 2332 3412 pmnitentia,
2359 3343 2407 3403 ϐ
2437 3370 2442 3384 ε

2359 3343 2407 3403 C
2437 3352 2530 3403 τὸν
2585 3349 2750 3419 ἔχων,
2789 3348 2885 3400 καί
2943 3347 3243 3400 πιστότατα
3293 3345 3657 3414 διακείμενος.
3695 3342 3892 3394 Ἔνθεν
3939 3359 4023 3392 τοι

755 3431 848 3484 sed
879 3447 1024 3485 nunc
1049 3447 1268 3502 quoque
1304 3442 1660 3502 perseverant
1704 3433 1761 3488 in
1790 3435 1989 3504 emptis
2027 3436 2332 3504 prioribus,

755 3530 812 3573 et
844 3519 1094 3590 improbe
1126 3523 1318 3577 eadem
1369 3539 1564 3578 rursus
1613 3532 1858 3578 struunt.
1901 3524 2058 3578 Nunc
2110 3540 2244 3594 ergo
2288 3528 2336 3581 si

757 3613 917 3666 liceat
949 3615 1191 3680 quidem,
1245 3631 1342 3669 eos
1373 3617 1519 3685 juste
1551 3617 1870 3685 puniemus.
1904 3614 2000 3668 Sin
2050 3616 2252 3678 minus,
2282 3627 2336 3672 at

755 3707 1214 3762 considerandum
1243 3719 1326 3762 est
1372 3725 1441 3764 ne
1471 3710 1517 3763 si
1559 3710 1648 3762 isti
1691 3723 1790 3763 nos
1822 3709 2205 3776 prievenerint,
2232 3709 2332 3775 ipsi

758 3799 896 3851 male
951 3798 1205 3853 alliciant.
1264 3799 1388 3853 Hmc
1437 3799 1770 3853 conturbant
1817 3799 2227 3866 imperatorem,
2277 3809 2334 3852 et

757 3889 1014 3957 injiciunt
1039 3892 1089 3945 ei
1125 3892 1523 3960 suspicionem.
1557 3891 1676 3959 Ipse
1706 3907 1838 3961 ergo
1869 3892 2061 3946 volens
2093 3900 2331 3946 mentem

757 3979 991 4034 liberare
1032 3997 1060 4034 a
1085 3983 1459 4036 sollicitudine
1498 3992 1554 4037 et
1584 3984 1639 4036 in
1673 3983 1917 4036 futurum
1956 3999 2061 4036 non
2097 3983 2334 4052 amplius

758 4071 975 4135 timere,
1011 4084 1185 4127 morte
1226 4074 1561 4127 condemnat
1596 4074 1942 4128 innocentes.

2443 3438 2540 3492 καὶ
2589 3437 2848 3497 ποικίλως
2895 3436 3059 3489 αὑτὸν
3102 3434 3299 3498 ὑπιὼν,
3339 3435 3404 3488 Οἱ
3435 3433 3578 3487 κατά
3627 3432 3721 3485 τοῦ
3758 3432 4024 3501 κράτους,

2443 3529 2695 3594 δέσποτα,
2723 3527 2847 3595 ἔφη,
2879 3526 2975 3580 τοῦ
3007 3527 3103 3578 σοῦ
3135 3526 3574 3596 μεμελετηκότες
3605 3524 3725 3578 ἀνθ’
3757 3519 3834 3577 ῶν
3889 3525 4026 3576 ἀπέο

2441 3621 2649 3674 λαυσαν
2675 3619 2919 3687 ἀγαθῶν,
2956 3620 3156 3687 ὀλίγων
3188 3621 3298 3688 γὰρ
3330 3621 3473 3671 πάνυ
3505 3618 3565 3672 τὸ
3597 3618 3892 3687 σωφρόνως
3928 3618 4027 3682 et-

2438 3729 2554 3782 ρειν
2591 3711 2919 3781 εὐημερίαν,
2954 3710 3062 3762 οὐδ’
3092 3713 3150 3763 ὲν
3178 3714 3242 3780 τῇ
3275 3711 3492 3781 φυλακῇ
3527 3710 3679 3774 ὄντες
3710 3710 4026 3777 ἀποστῆναι

2434 3805 2530 3858 τοῦ
2561 3804 2750 3867 κακῶς
2782 3806 3002 3874 φρονεῖν
3033 3805 3334 3866 πείθονται,
3369 3805 3491 3857 οὐδέ
3526 3822 3612 3867 τις
3644 3805 3844 3865 αὐτοὺς
3874 3803 4026 3872 αἱρεῖ

2440 3897 2794 3966 μεταμέλεια,
2838 3895 2973 3950 ἀλλὰ
3029 3897 3124 3949 καὶ
3171 3895 3267 3948 νῦν
3313 3897 3618 3966 ιμμένουσι
3666 3899 3780 3957 τοῖς
3820 3895 4024 3964 προτέ-

2441 4003 2577 4053 ροις,
2611 3989 2707 4039 καὶ
2739 3986 2806 4037 τὰ
2840 3985 2979 4038 αὑτά
3007 3985 3173 4038 πάλιν
3205 3987 3534 4055 κακούργως
3572 3986 3895 4056 ῥάπτουσιν.
3961 3987 4023 4037 ΕΞ

2442 4077 2542 4146 μὲν
2587 4073 2679 4130 οὖν
2731 4077 2847 4128 ἐστι
2886 4076 3099 4144 χαλεπά
3132 4076 3596 4146 βεϐουλευμένους
3626 4076 3818 4129 παθεῖν
3865 4076 4028 4144 χαλε-

757 4162 894 4225 πῶς,
927 4165 973 4214 εἰ
1005 4165 1049 4215 δ’
1079 4162 1190 4227 οὖν,
1223 4165 1336 4217 am
1405 4166 1554 4241 ὅπως
1622 4165 1694 4233 μὴ
1762 4165 2068 4232 φθάσαντες
2114 4161 2258 4219 οὗτοι
2303 4167 2566 4236 πρότερον
2613 4166 2802 4228 κακῶς
2849 4168 2998 4234 ἡμᾶς
3045 4166 3309 4234 δράσωσι.
3359 4167 3660 4236 Θορυσοῦσι
3685 4167 3862 4219 ταῦτα
3933 4167 4026 4220 τὸν

759 4255 980 4323 βασιλέα
1025 4257 1117 4307 καὶ
1167 4259 1245 4316 εἰς
1297 4257 1548 4317 ὑπονοίας
1594 4257 1976 4323 ἐμϐάλλουσιν,
2049 4257 2317 4325 οὕμενουν
2388 4257 2920 4327 εὐκαταφρονήτους.
2985 4257 3204 4325 Ἀμέλει
3258 4259 3353 4309 καὶ
3443 4260 3654 4311 ἀνεῖναι
3718 4257 4029 4325 φροντίδων

756 4349 880 4409 τοὺς
930 4348 1223 4417 λογισμοὺς
1258 4349 1600 4418 βουλόμενος,
1635 4350 1728 4402 καὶ
1772 4349 1844 4419 μὴ
1877 4349 2134 4419 περιδεὴς
2187 4351 2331 4403 οὓτω
2373 4349 2466 4400 καὶ
2513 4351 2826 4418 κατάφοϐος
2879 4351 3000 4420 ζῇν,

757 4443 907 4495 τίων.

3075 4350 3306 4405 θάνατον
3372 4351 3694 4421 κατακρίνει
3723 4351 3830 4403 τῶν
3867 4353 4026 4403 ἀναι-

834 4537 1024 4590 XXiil.
1068 4537 1439 4592 Constitutum
1475 4554 1603 4608 ergo
1634 4540 1812 4594 fuerat
1849 4547 1910 4593 ut
1953 4541 2042 4594 die
2077 4542 2329 4610 sequcnti
2369 4546 2408 4599 ί)
2505 4538 2520 4588 1

2369 4546 2408 4599 n
2505 4534 2636 4590 Kl”.
2661 4537 2885 4606 Ὢριστο
2920 4536 3102 4589 τοίνυν
3129 4535 3190 4589 τδ
3223 4536 3404 4589 θανεῖν
3432 4536 3627 4598 αὐτοὺς
3656 4536 3738 4595 είς
3764 4535 3864 4604 τὴν
3895 4538 4017 4590 ἔπιε

759 4637 1126 4680 morerentur.
1183 4627 1421 4695 Vespere
1456 4631 1601 4682 enim
1655 4630 1759 4682 lata
1808 4631 1987 4684 fuerat
2020 4634 2328 4695 sententia;

758 4729 813 4771 et
841 4718 907 4772 ad
932 4718 1217 4773 custodem
1249 4721 1489 4775 carceris
1523 4721 1672 4776 venit
1704 4721 1894 4776 infelix
1927 4725 2156 4778 nuntius
2189 4740 2326 4778 con-

759 4811 1144 4870 demnationis.
1179 4812 1342 4866 et'illi
1377 4813 1444 4866 de
1466 4813 1548 4868 eis
1571 4816 1752 4867 omnia
1789 4816 2080 4884 significat.
2115 4816 2210 4871 llle
2235 4832 2334 4869 au-

762 4914 866 4957 tem
899 4918 1019 4956 cum
1077 4904 1306 4956 multum
1359 4918 1513 4958 suam
1563 4905 1905 4972 deplorasset
1937 4910 2330 4968 calamitatem,

759 4998 875 5042 crat
911 4990 1057 5042 enim
1096 4998 1151 5043 ut
1194 4991 1433 5054 videtur,
1466 4993 1625 5060 longe
1655 4993 1912 5061 przefeczo
1944 4996 2254 5060 humanior,
2279 5007 2334 5051 et

759 5081 963 5149 alioqui
987 5082 1101 5150 jam
1125 5083 1205 5136 eis
1223 5093 1470 5136 evaserat
1494 5086 1704 5139 amicus
1725 5097 1781 5140 et
1807 5088 2109 5152 familiaris,
2135 5091 2332 5144 deinde

761 5188 1022 5235 mmrcns,
1057 5173 1124 5226 ad
1173 5189 1270 5228 eos
1318 5176 1548 5238 accedit,
1602 5188 1697 5230 et:
1736 5177 1979 5243 Utinam,
2019 5181 2217 5248 inquit,
2265 5198 2332 5235 ne

761 5265 1044 5318 vobiscum
1090 5267 1313 5334 quidem
1367 5269 1544 5335 primo
1591 5283 1900 5322 sermonem
1951 5273 2328 5336 contulissem,

762 5368 938 5420 neque
974 5364 1184 5408 tantum
1221 5368 1436 5426 tempus
1461 5359 1604 5426 apud
1646 5375 1731 5413 me
1758 5361 1954 5414 versati
1986 5363 2204 5426 essetis,
2233 5379 2327 5416 ne-

764 5458 871 5508 que
903 5446 1033 5498 satis
1063 5445 1286 5500 fuissem
1322 5449 1604 5502 Vobiscum
1630 5451 1921 5517 particeps,
1952 5451 2166 5506 facilius
2186 5455 2333 5507 enim

769 5535 1151 5591 sustinuissem
1189 5539 1585 5606 calamitatem;
1623 5541 1689 5594 de
1743 5541 2114 5611 disjunctione
2161 5547 2338 5598 miuo-

775 5642 886 5680 rem
915 5628 1159 5685 dolorem
1187 5633 1515 5703 acciperem,
1549 5649 1650 5688 nec
1681 5635 1758 5688 sic
1789 5637 2130 5703 perturbatio
2157 5655 2335 5693 meum

2429 4628 2614 4682 οὖσαν.
2661 4627 2726 4680 Ἦ
2755 4628 2861 4697 γὰρ
2885 4627 3064 4696 ψῆφος
3085 4629 3321 4696 ἑσπέρας
3345 4628 3546 4690 δέδοτο,
3583 4629 3681 4679 καὶ
3713 4626 3794 4698 τῷ
3821 4629 4022 4694 δεσμο-

2435 4721 2635 4786 φύλακι
2662 4719 2894 4788 χαλεπὸς
2920 4737 3006 4783 τις
3031 4722 3263 4789 ἄγγελος
3297 4719 3611 4790 προσελθὼν
3640 4721 3816 4774 πάντα
3849 4738 4021 4772 κατε-

2433 4812 2580 4878 λέγει
2635 4813 2704 4862 τὰ
2748 4811 3110 4880 ψηφισθέντα.
3163 4813 3219 4867 ’0
3269 4813 3325 4864 δὲ
3375 4811 3545 4863 πολλὰ
3577 4813 3850 4880 πρότερον
3890 4814 4021 4864 καθ’

2434 4901 2628 4955 ἑαυτὸν
2684 4900 2963 4971 θρηνήσας
3010 4903 3110 4970 τὴν
3159 4903 3467 4970 συμφορὰν,
3505 4897 3573 4970 ἦν
3611 4905 3719 4971 γὰρ
3766 4903 3841 4965 ὠς
3873 4903 4018 4955 ἔοικε

2442 4993 2822 5060 φιλάνθρωπος
2853 4993 3052 5062 μᾶλλον
3080 4993 3110 5062 ἦ
3144 4995 3330 5060 ὅμοιος
3373 4993 3450 5060 τῷ
3486 4993 3713 5060 ὑπάρχῳ
3757 4994 4022 5062 φιλόχρυ-

2441 5103 2554 5150 σος,
2582 5087 2757 5147 ἀλλως
2782 5103 2838 5139 τε
2869 5087 2963 5138 καὶ
2993 5087 3142 5154 φίλος
3176 5087 3355 5138 αὐτῶν
3388 5089 3480 5138 καὶ
3518 5087 3754 5156 συνήθης
3789 5088 3890 5155 ἤδη
3927 5105 4020 5153 γε-

2439 5181 2763 5248 γενημὲνος,
2793 5176 2914 5232 εἶτα
2951 5180 3046 5232 καὶ
3081 5181 3193 5240 τοῖς
3220 5179 3445 5248 ἀνδράσι
3480 5181 3734 5248 πρόσεισι
3763 5179 4020 5248 σκυθρίοο

2439 5271 2539 5332 πὸς
2577 5275 2671 5324 καὶ
2715 5273 3139 5342 δεδακρυμένος,
3196 5273 3287 5324 καὶ
3337 5274 3429 5323 ἀπ’
3462 5274 3626 5341 αὐτῆς
3680 5273 3869 5342 ῶσπερ
3919 5274 4022 5340 τῆς

2439 5364 2612 5430 ὅψεως
2644 5363 2703 5415 τὸ
2732 5364 2970 5434 λυπηρὸν
2997 5364 3087 5416 τοῦ
3118 5365 3440 5434 πράγματος
3467 5365 3875 5433 προαγγέλλων,
3900 5368 4018 5429 κατ,

2449 5457 2699 5522 Ὄφελον,
2734 5456 2859 5522 ἔφη,
2900 5458 3031 5524 μηδὲ
3060 5458 3160 5522 τὴν
3202 5456 3426 5526 πρώτην
3459 5457 3588 5524 ὑμῖν
3631 5452 3793 5526 ἦλθον
3825 5458 3904 5518 είς
3936 5458 4024 5508 3.6-

2448 5566 2599 5613 γους.
2652 5549 2785 5618 μηδὲ
2831 5549 3084 5600 τοσοῦτον
3137 5548 3272 5615 ὁμοῦ
3323 5548 3571 5616 διέτριψα
3623 5551 3837 5619 χρκξνον,
3878 5550 4019 5615 μηδὲ

2448 5641 2730 5711 τραπέζης
2779 5643 2910 5711 μηδὲ
2963 5642 3106 5695 ἀλῶν
3143 5641 3272 5710 ὑμῖν
3330 5641 3662 5713 ἐκοινώνησα
3710 5643 4015 5711 δυστυχῶν.

847 5805 918 5875 (5}
956 5810 1288 5865 Hilarianum
1329 5813 1471 5866 hunc
1505 5827 1649 5871 vocnt
1712 5815 1845 5870 .loan
1901 5819 2165 5872 Diaronns
2184 5818 2320 5887 apud
2364 5819 2651 5872 Baronium
