4270 6428
236 348 346 409 31ιὸ

1539 362 1718 422 νιΤΑ
1759 365 1819 422 S.
1865 365 2194 431 NICOLM.

3347 394 3353 399 ‘
3400 381 3507 444 346

245 462 411 532 Ῥᾷον
457 462 566 531 γὰρ
617 464 681 515 ἂν
730 462 974 538 ὑπέστην
1026 467 1126 539 τὴν
1167 474 1475 544 συμφοράν,
1530 474 1694 549 ἦττον
1729 483 1817 551 ἠλο
1854 487 1882 540 Α

1890 490 2255 555 .perculisset
2319 491 2584 545 animum.
2636 491 2773 547 Cras
2824 495 2970 548 enim
3006 510 3036 549 a
3084 495 3245 551 nobis
3276 496 3511 555 invicem

240 570 386 621 γησα
436 552 536 621 τὴν
585 558 959 627 προκειμένην
1007 559 1304 629 διάζευξιν,
1372 568 1473 622 οὐκ
1522 572 1587 624 ἀν
1621 591 1722 643 μου
1761 578 1823 628 τὸ

236 643 414 705 πάθος
466 643 607 696 οὕτω
659 646 916 701 καθίκετο
969 650 1064 719 τῆς
1095 650 1275 722 ψυχῆς
1304 671 1317 684 ⁶
1356 657 1548 729 αὔριον
1579 664 1686 732 γάρ
1727 666 1824 717 ἀπ’

238 733 512 800 ἀλλήλων,
569 735 814 803 ἀδελφοὶ,
846 738 1205 809 διαιρούμεθα
1237 747 1334 815 τὴν
1367 753 1594 821 πικρὰν,
1630 757 1776 825 οίμοι
1806 760 1817 810 l

240 826 340 878 καὶ
384 827 709 880 τελευταίαν
753 829 1039 899 διαίρεσιν.
1075 836 1140 889 Εῐ
1168 853 1220 887 τι
1256 838 1388 904 γοῦν
1423 844 1548 906 περὶ
1595 846 1695 916 τῆς
1726 853 1822 902 οὐ.

241 919 365 979 σίας
399 917 652 985 βούλεσθε
680 920 961 974 διαθέσθαι
992 926 1091 995 τῆς
1129 928 1423 999 ὑμετέρας,
1461 935 1534 1005 μὴ
1569 940 1663 992 καὶ
1691 943 1823 1009 φθά.

242 1018 311 1079 οῃ
356 1009 453 1077 τὴν
500 1009 655 1077 ὑμῶν
702 1012 929 1081 γνώμην
956 1017 984 1068 6
1015 1021 1211 1088 πικρὸς
1262 1022 1514 1090 θάνατος.
1552 1031 1738 1087 Ταῦτα
1795 1041 1822 1091 6

244 1097 347 1166 μιν
379 1093 522 1162 εἷπε,
556 1101 794 1171 θρηνῶν·
826 1105 874 1157 οῖ
907 1107 960 1161 δὲ
989 1109 1062 1178 (τί
1098 1112 1203 1181 γάρ
1243 1114 1310 1166 ἃν
1336 1117 1431 1170 καὶ
1465 1118 1694 1189 ἔδρασεν
1726 1127 1821 1181 ἐπὶ

154 1270 161 1275 1
239 1190 454 1291 τούτοις
484 1192 631 1263 ψυχὴ
659 1195 828 1263 μηδὲν
860 1200 1024 1269 ἑαυτῇ
1057 1207 1331 1259 συνειδυῖα
1356 1208 1587 1267 θανάτου
1622 1219 1819 1291 ἇξιονς)

241 1278 717 1345 περιερρήγνυντο
775 1284 871 1344 τάς
907 1286 1165 1354 ἐσθῆτας,
1203 1290 1302 1357 τὰς
1338 1298 1531 1366 χεῖρας
1565 1278 1820 1373 ἀλληλοις

242 1367 592 1431 συνέσαλλον,
648 1372 746 1434 τὰς
796 1374 990 1445 τρίχας
1028 1378 1254 1448 ἔτιλλον,
1297 1384 1571 1457 θρηνῶδὲς
1614 1367 1698 1446 τι.
1725 1367 1817 1450 καῖ

240 1460 438 1528 γοερὸν
485 1462 912 1533 ἀνακράζοντες,
963 1472 1274 1529 ἀπέδλεπόν
1323 1496 1381 1531 τε
1429 1482 1511 1541 είς
1562 1487 1814 1557 οὐρανὸν,

239 1552 337 1603 καὶ
368 1553 626 1623 μάρτυρα
656 1556 755 1626 τὴν
786 1557 941 1611 θείαν
974 1562 1328 1627 ἐξεκαλοῦντο
1361 1570 1541 1644 δίκην.
1561 1578 1657 1641 Τίς
1683 1552 1815 1650 ἡμῖν

236 1643 449 1713 δαίμων
495 1646 789 1718 ἐϐάσκηνε,
835 1650 1106 1720 λέγοντες,
1154 1658 1251 1727 τῆς
1296 1643 1481 1733 ζωῆςς
1526 1667 1590 1720 Τί
1640 1643 1813 1726 δεινὸν

236 1737 403 1803 ἡμεῖς
441 1739 820 1807 είργασμένοι,
864 1744 955 1795 τὶν
994 1746 1105 1799 τῶν
1141 1752 1467 1824 κακούργων
1510 1759 1809 1832 ὑποστῆναι

236 1831 471 1885 θάνατον
532 1837 938 1907 κατεκρίθημεν
976 1859 986 1905 ;

234 1923 414 1990 ἡμῶν,
466 1924 607 1977 τίνες
649 1926 696 1977 οί
743 1929 807 1980 τὰ
858 1936 1225 2001 πεπραγμένα
1290 1938 1481 2002 κακῶς
1510 1923 1812 2015 διελέγχον-

233 2027 359 2075 τεςς
415 2011 598 2067 Ταῦτά
634 2032 691 2068 τε
726 2017 931 2084 ἔλεγον,
971 2024 1061 2073 καὶ
1094 2025 1218 2085 τοὺς
1261 2028 1494 2094 οἰκείους
1549 2032 1811 2103 ὀνομαστὶ

236 2106 491 2170 ἐκάλουν,
523 2112 648 2171 τοὺς
692 2118 999 2182 συγγενεῖς,
1040 2120 1167 2181 τοὺς
1214 2126 1487 2194 συνήθεις,
1557 2130 1647 2181 τὸν
1717 2134 1946 2191 θάνατον

1929 579 2321 651 disiungimur,
2373 583 2591 647 acerba,
2626 585 2731 639 heu
2772 584 2930 651 mihi,
2978 596 3033 642 et
3074 588 3267 643 ultima
3303 590 3516 661 disiun-

1928 673 2132 727 ctione.
2166 675 2356 744 Neque
2389 690 2485 730 vos
2533 678 2766 745 amplius
2814 679 3117 747 jucundum
3153 681 3353 736 videbo
3383 698 3513 752 spe-

1926 766 2221 831 ctaculum,
2254 784 2363 821 non
2389 769 2607 823 audiam
2637 772 2949 839 loquentes,
2978 788 3086 827 non
3115 790 3308 842 panem
3341 792 3511 846 appo-

1926 874 2049 912 nam
2081 875 2447 915 communem.
2485 861 2630 917 Jussi
2669 865 2814 918 enim
2845 866 2976 919 estis
3011 866 3278 921 interimi.
3314 868 3420 923 Sed
3457 872 3504 926 si

1924 948 1993 1003 de
2041 954 2243 1005 vestris
2294 952 2650 1009 facultatibus
2702 955 2870 1009 vultis
2919 957 3126 1024 aliquid
3190 958 3508 1027 disponere,

1917 1042 2028 1109 jam
2062 1051 2145 1096 est
2179 1052 2396 1111 tempus
2425 1062 2437 1099 :
2472 1062 2540 1099 ne
2594 1062 2740 1102 mors
2771 1058 3006 1101 vestram
3055 1052 3349 1117 praeveniat
3380 1068 3509 1105 sen-

1924 1132 2170 1187 tentiam.
2210 1133 2336 1189 Haec
2364 1134 2454 1189 ille
2484 1137 2703 1205 quidem
2737 1138 2874 1192 dixit
2900 1154 3159 1205 mmrens,
3194 1150 3248 1195 et
3285 1144 3503 1198 illorum

1922 1235 2153 1279 mortem
2193 1228 2391 1283 acerbe
2437 1229 2749 1298 deplorans.
2806 1230 2883 1285 Illi
2929 1246 3133 1298 autem,
3167 1236 3321 1304 (quid
3358 1238 3505 1291 enim

1920 1317 1988 1370 ad
2024 1317 2136 1371 haec
2172 1318 2430 1375 fecissent
2462 1323 2681 1388 animae,
2721 1340 2843 1393 quae
2874 1326 3081 1380 nullius
3108 1329 3185 1381 rei
3218 1344 3339 1398 qua
3365 1345 3508 1384 mor-

1922 1414 2028 1460 tem
2060 1420 2367 1464 mereretur
2394 1411 2498 1465 sibi
2523 1423 2681 1467 erant
2703 1415 2938 1469 conscia
2961 1415 3003 1481 ἳ)
3018 1425 3071 1469 et
3100 1426 3280 1472 vestes
3304 1412 3506 1474 lacera-

1923 1496 2076 1563 bant,
2104 1510 2156 1553 et
2186 1502 2413 1570 capillos
2445 1504 2643 1559 misere
2670 1507 2944 1561 vellebant
2974 1525 2986 1562 :
3017 1508 3153 1574 Quis
3184 1510 3344 1565 nobis
3378 1511 3494 1570 die-

1917 1602 2069 1654 mon,
2098 1590 2367 1656 dicentes,
2397 1594 2563 1649 vitam
2596 1596 2832 1651 invidit?
2865 1598 2978 1652 Cur
3005 1616 3103 1655 nos
3163 1610 3344 1655 autem
3373 1602 3504 1657 sub-

1918 1682 2117 1738 ibimus
2169 1695 2402 1740 mortem
2454 1687 3192 1755 maleﬁciorum?Quidnam
3246 1692 3500 1759 fecimus,

1919 1775 2062 1842 quod
2103 1787 2331 1831 mortem
2368 1780 2683 1833 mereatur?
2731 1781 2949 1836 Amicos
3011 1798 3141 1836 suos
3176 1786 3495 1844 nominatim

976 1859 988 1905 ;
1049 1842 1205 1907 Τίνες
1263 1850 1311 1899 οἱ
1377 1825 1882 1926 κατηγοροῦντεςΕ

1920 1866 2225 1929 vocabant;
2274 1880 2550 1938 cognatos,
2606 1870 2920 1931 familiares.
2978 1873 3149 1927 Deum
3198 1875 3264 1927 ad
3317 1891 3499 1928 rerum

1890 1959 2269 2021 praesentium
2304 1962 2571 2013 vocabant
2596 1962 2997 2027 testimonium,
3019 1965 3130 2033 jam
3157 1975 3283 2020 ante
3311 1968 3502 2021 oculos

1920 2058 2150 2100 mortem
2184 2050 2393 2104 visione
2426 2053 2929 2121 apprebendebaut.

1993 2141 2090 2211 ἤδη
2139 2145 2243 2212 πρὸ
2315 2146 2423 2199 τῶν
2466 2148 2762 2217 ὀφθαλμῶν
2801 2149 3049 2206 ἔϐλεπον.
3114 2152 3331 2222 Μικροῦ
3400 2153 3491 2207 καὶ

234 2198 373 2267 πρὸς
399 2204 479 2307 ,τὸ
507 2202 681 2307 θεῖον,
718 2207 793 2269 ὡς
826 2211 901 2280 μὴ
938 2214 1347 2285 ἐπιμαρτυροῦν
1398 2221 1581 2286 αὐτοῖς
1621 2227 1718 2296 τὴν
1751 2228 1936 2285 ἄδικον
1968 2198 2204 2307 σιραγὴν,
2240 2198 2661 2306 κατεγόγγιυξονί

306 2295 433 2351 KA'.
466 2297 623 2352 Οὕτω
658 2302 756 2370 τὴν
802 2310 1112 2374 συμφοπὰν,
1144 2312 1281 2378 φεῦί
1321 2320 1642 2383 περιπαθῶς
1677 2295 1817 2377 ἀπο-

230 2387 565 2459 δυρομένων,
602 2386 683 2455 εἷς
714 2396 823 2447 τῶν
851 2399 1039 2467 τριῶν,
1068 2403 1419 2473 Νεπωτιανὸς
1481 2412 1671 2482 ὄνομα,
1738 2420 1817 2480 είς

236 2482 463 2573 μνήμην
492 2483 662 2536 ὲλθὼν
686 2486 981 2553 Νικολάου,
1020 2496 1114 2546 καὶ
1164 2498 1311 2561 ὅπως
1346 2502 1404 2552 ἐν
1456 2503 1665 2573 Μύροις
1721 2509 1817 2560 ἀν-

231 2566 376 2641 δρῶν
408 2575 615 2638 ἐκεῖνος
646 2580 814 2646 τριῶν
837 2582 1099 2653 προέστη,
1132 2589 1226 2641 καὶ
1277 2590 1511 2646 θανάτου
1561 2596 1810 2664 ἐξείλετο,

234 2663 419 2730 σωτὴρ
447 2663 630 2726 αὐτοῖς
656 2666 720 2718 ὲκ
748 2670 1056 2735 παραδόξου
1110 2677 1203 2727 καὶ
1260 2676 1464 2744 ἀγαθὸς
1501 2663 1815 2753 προστάτης

236 2756 554 2822 γενόμενος,
586 2758 744 2824 λόγον
774 2762 1049 2828 ὲμῦαλὼν,
1083 2768 1271 2830 ἐκίνει,
1322 2773 1415 2823 καὶ
1472 2776 1584 2836 τοῖς
1640 2777 1820 2838 ἄλλοις

232 2847 495 2917 ἔνδακρυς
533 2852 943 2920 ἐκοινολογεῖτο.
1022 2859 1317 2926 Εὑρετικδν
1348 2866 1454 2931 γὰρ
1486 2868 1696 2936 ἀνάγκη
1724 2872 1817 2922 καὶ

236 2940 377 3007 πρὸς
410 2941 610 3006 πολλὰς
647 2947 861 3010 ἐννοίας
888 2950 1178 3020 ἐγείρουσα
1228 2954 1325 3025 τὴν
1382 2956 1578 3027 ψυχήν.
1633 2959 1820 3023 Οὕτως

233 3026 327 3083 οἷν
358 3032 491 3100 πρὸς
520 3035 781 3105 ἀλλήλους
847 3039 1275 3110 διομιλουμένοις
1336 3048 1519 3111 αὐτοῖς
1597 3054 1822 3120 μεσίτης

236 3126 516 3185 κάκείνοις
541 3128 608 3179 τὰ
633 3130 765 3197 πρὸς
793 3130 925 3181 Θεὸν
958 3132 1222 3196 Νικόλαος
1272 3137 1474 3191 αὐτίκα
1529 3142 1815 3210 παρελαμ-

235 3216 455 3280 Caveto,
483 3220 597 3280 καὶ,
625 3219 796 3290 Κύριε
818 3223 846 3272 6
881 3222 972 3274 τοῦ
1006 3225 1100 3276 σοῦ
1124 3225 1397 3279 Νικολάου
1420 3228 1570 3293 Θεὸς,
1628 3232 1655 3281 6
1687 3233 1812 3294 τοὺς

234 3309 383 3374 τρεῖς
418 3308 617 3377 ἄνδρας
649 3310 834 3364 ἀδίκου
865 3315 1129 3385 πρότερον
1160 3317 1358 3380 ἐξελὼν
1381 3319 1636 3387 θανάτου,
1666 3322 1813 3376 ἔπιδε

232 3399 327 3448 καὶ
355 3398 449 3450 νῦν
478 3400 562 3467 ἐφ’
604 3402 779 3470 ἡμᾶς,
823 3403 1051 3472 ἔλεγον,
1106 3406 1181 3477 μὴ
1226 3408 1377 3471 ὄντος
1409 3411 1466 3462 ὲν
1506 3411 1812 3480 ἀνθρώποις

229 3491 389 3559 δρᾷς,
419 3490 676 3553 δέσποτα,
712 3493 807 3547 τοῦ
826 3495 1195 3566 λυτρουμένου
1227 3498 1322 3551 νῦν
1356 3500 1489 3569 μηδὲ
1524 3501 1806 3564 σώζοντος.

244 3584 377 3639 Ἰδοὺ
412 3586 519 3655 γάρ
572 3591 854 3657 συνέχεται
906 3594 1039 3662 ἡμῖν
1072 3596 1105 3664 η
1134 3595 1351 3660 καρδία,
1375 3598 1467 3648 καὶ
1511 3598 1566 3646 ai
1603 3598 1809 3666 θλίψεις

230 3681 407 3749 αὐτῆς
442 3681 877 3753 ὲπληθύνθησαν’
902 3686 1009 3738 ίδοὺ
1032 3688 1123 3738 καὶ
1154 3689 1185 3756 ἡ
1220 3688 1370 3756 φωνὴ
1423 3689 1529 3760 πρὸ
1559 3690 1655 3757 τῆς
1708 3692 1807 3759 ψυ-

228 3774 331 3841 χῆς
366 3774 511 3840 ἡμᾶς
541 3774 831 3839 ἐπιλείπει,
857 3777 952 3829 καὶ
986 3778 1017 3845 ὴ
1043 3777 1255 3845 γλῶττα
1294 3780 1370 3846 τῷ
1396 3781 1529 3849 πυρὶ
1552 3781 1648 3849 τῆς
1676 3800 1809 3850 καρ-

228 3864 350 3925 δίας
385 3864 517 3917 ὡσεὶ
542 3867 707 3935 κηρὸς
738 3869 990 3935 τήκεται,
1013 3871 1107 3921 καὶ
1134 3871 1234 3922 οὐκ
1263 3870 1344 3924 ἔτι
1372 3871 1598 3941 σοιζοὺδὲ
1632 3890 1804 3941 προσ-

230 3961 482 4025 ενεγκεῖν
544 3958 823 4028 δυνάμεθα
852 3961 1057 4030 δέησιν,
1094 3965 1158 4032 τῇ
1197 3966 1391 4034 συνοχῇ
1432 3962 1526 4015 τοῦ
1560 3965 1807 4030 πνεύμα-

232 4066 328 4113 τος
361 4050 754 4120 ἀφαιρεθείσης
778 4053 934 4121 ἡμῶν
968 4056 1065 4124 τῆς
1102 4054 1367 4123 φθογγῆς.
1403 4056 1553 4124 Ταχὺ
1599 4074 1805 4125 προκα-

228 4141 618 4194 ταλαϐἑτωσαν
648 4144 792 4212 ἡμᾶς
821 4146 869 4196 οἱ
899 4145 1175 4213 οἰκτιρμοί
1233 4163 1352 4209 σου,
1390 4146 1585 4214 Κύριε·
1619 4146 1803 4210 ἐξελοῦ

230 4235 377 4301 ἡμᾶς
405 4237 469 4287 ἐκ
494 4234 676 4303 χειρὸς
705 4234 811 4286 τῶν
835 4234 1114 4303 διψώντων
1136 4237 1313 4306 ἡμῶν·
1350 4238 1581 4291 σπεῦσον
1606 4243 1632 4292 6
1665 4242 1803 4310 άγα-

232 4325 343 4386 (δὸς,
377 4326 615 4377 σπεῦσον
658 4329 738 4389 εἰς
775 4328 1054 4397 τὴνήμῶν
1085 4328 1364 4398 βοήθειαν.

1991 2331 2175 2387 XXIV.
2219 2334 2353 2389 Cum
2404 2337 2483 2390 sic
2527 2340 2722 2392 acerbe
2776 2338 3229 2402 lamentarentur,
3281 2350 3336 2396 et
3386 2352 3492 2396 tam

1919 2424 2309 2481 miserabiliter
2342 2443 2494 2482 suam
2526 2430 2776 2500 lugerent
2801 2432 3189 2498 calamitatem,
3222 2436 3361 2489 alter
3391 2454 3488 2489 co-

1917 2531 2038 2570 rum
2069 2520 2155 2571 cui
2184 2535 2381 2575 nomen
2412 2521 2770 2590 Nepotianus,
2808 2526 3132 2578 recordatur
3162 2526 3394 2591 Nicolai,
3436 2538 3493 2581 et

1916 2609 2376 2675 quemadmodum
2410 2612 2571 2682 Myris
2624 2614 2713 2667 ille
2744 2625 2852 2669 tres
2884 2601 3030 2671 viros
3078 2616 3342 2682 defendit,
3373 2629 3427 2674 et
3464 2635 3492 2673 a

1920 2709 2094 2751 morte
2119 2701 2341 2769 eripuit,
2370 2718 2491 2757 cum
2523 2720 2585 2757 ex
2617 2705 2897 2773 inOpinato
2921 2707 3003 2761 eis
3030 2706 3222 2763 fuisset
3248 2722 3497 2764 servator

1919 2800 1973 2843 ct
2008 2790 2281 2845 defensor.
2320 2793 2443 2848 Haec
2500 2796 2580 2849 eis
2631 2797 2772 2849 inter
2804 2812 2860 2850 se
2897 2796 3249 2865 loquentibus
3284 2801 3497 2867 (iuven-

1923 2882 2069 2934 tione
2101 2884 2245 2936 enim
2277 2884 2420 2937 valet
2452 2887 2776 2950 necessitas,
2825 2896 2879 2940 et
2929 2888 3166 2942 animam
3198 2890 3263 2943 ad
3298 2893 3495 2947 multas

1920 2977 2121 3025 excitat
2150 2974 2553 3043 cogitatioiies),
2586 2978 2653 3031 ab
2699 2978 2807 3032 illis
2840 2994 3061 3049 quoque
3103 2980 3169 3034 ad
3205 2981 3372 3035 Deum
3407 2984 3492 3036 in-

1926 3072 2194 3118 tercessor
2224 3067 2405 3118 statim
2438 3076 2754 3135 assumptus
2806 3080 2890 3123 est
2940 3070 3218 3133 Nicolaus,
3258 3071 3495 3126 dicenti-

1923 3158 2065 3212 bus:
2104 3157 2351 3223 Domine,
2382 3165 2459 3215 tui
2498 3162 2704 3215 Nicolai
2752 3163 2916 3226 Deus,
2965 3164 3061 3232 qui
3092 3175 3204 3219 tres
3248 3166 3394 3220 viros
3428 3169 3496 3218 ab

1922 3249 2119 3318 injusta
2154 3260 2329 3304 morte
2362 3254 2513 3320 prius
2544 3253 2821 3321 eripuisti,
2860 3254 2927 3308 ad
2960 3271 3061 3310 nos
3090 3272 3312 3326 quoque
3348 3260 3496 3328 aspi-

1919 3356 2011 3404 ce;
2038 3342 2300 3409 quoniam
2333 3358 2439 3396 non
2463 3353 2546 3397 est
2571 3344 2716 3399 inter
2746 3346 2997 3400 homines
3020 3348 3114 3416 qui
3143 3364 3301 3418 opem
3330 3350 3492 3405 ferat.

1919 3431 2057 3487 Ecce
2086 3433 2233 3486 enim
2272 3448 2369 3487 cor
2402 3444 2648 3488 nostrum
2694 3436 3101 3504 comprimitur,
3133 3447 3189 3492 et
3210 3440 3329 3508 ejus
3354 3440 3489 3494 allii-

1917 3525 2128 3578 ctiones
2163 3525 2537 3593 multiplicata:
2584 3533 2712 3579 sunt
2744 3541 2913 3593 super
2956 3542 3078 3589 nos,
3107 3537 3164 3581 et
3210 3545 3370 3583 nemo
3402 3542 3490 3586 est

1915 3617 2008 3683 qui
2045 3632 2143 3669 nos
2165 3616 2364 3669 educat
2393 3631 2423 3669 e
2457 3617 2783 3670 tentatione.
2820 3616 2961 3671 Ecce
2998 3633 3099 3672 nos
3125 3634 3345 3687 quoque
3380 3636 3482 3673 vox

1915 3707 2098 3761 deficit
2128 3718 2253 3761 ante
2301 3709 2560 3772 animam,
2596 3718 2651 3761 et
2686 3709 2869 3778 lingua
2911 3710 3033 3778 igne
3086 3712 3268 3764 cordis
3301 3714 3479 3765 exsic-

1914 3809 2105 3852 catur:
2141 3810 2195 3852 et
2225 3801 2321 3853 tibi
2372 3816 2479 3852 non
2515 3816 2803 3867 possumus
2850 3801 3084 3869 amplius
3116 3802 3318 3857 oﬂerre
3351 3820 3478 3871 pre-

1913 3903 2023 3942 ces.
2043 3888 2165 3943 Cito
2191 3891 2523 3957 praeveniant
2545 3904 2642 3941 nos
2668 3889 3056 3944 misericordia:
3080 3901 3208 3953 tum,
3242 3891 3493 3959 Domine,

1914 3996 1981 4033 ne
2012 3980 2289 4050 despicias
2321 3981 2638 4049 iniustitiam
2663 3991 2718 4034 et
2746 3980 2997 4051 injustam
3036 3993 3289 4037 mortem.
3328 3985 3491 4053 Eripe

1912 4081 2009 4118 nos
2037 4082 2066 4119 e
2094 4082 2253 4119 manu
2278 4083 2472 4120 eorum
2504 4068 2594 4136 qui
2644 4077 2900 4136 quarrunt
2933 4081 3173 4124 nostram
3203 4074 3440 4125 animam
3471 4086 3485 4131 ;

1907 4166 1964 4209 et
2007 4155 2206 4209 festina
2240 4157 2305 4209 ad
2344 4167 2591 4210 nostrum
2626 4158 2914 4211 auxilium.
2948 4159 3081 4213 Cras
3136 4165 3282 4215 enim
3319 4162 3461 4216 dede

1910 4261 2033 4300 mur
2067 4246 2255 4301 morti.

304 4413 432 4471 ΚΕ.
464 4416 686 4480 Τούτοις
723 4419 1011 4489 προσσχὼν
1043 4423 1069 4473 6
1098 4421 1204 4475 τῶν
1240 4421 1592 4489 φοϐουμένων
1616 4425 1797 4491 αὐτὸν,
1829 4468 1881 4528 D

305 4509 320 4528 \
358 4525 384 4528 η
405 4506 453 4528 5-,
468 4508 486 4528 ἵ
505 4525 521 4528 _
589 4508 614 4528 Ι
675 4527 684 4528 η
742 4527 758 4528 7
772 4512 781 4528 1
1005 4516 1025 4526 ι·
1111 4513 1122 4527 ο
1418 4514 1430 4528 \
1656 4516 1665 4528 ι

1979 4435 2143 4492 XXV.
2197 4433 2332 4489 Cum
2393 4434 2505 4488 hac
2569 4433 2911 4499 attendisset,
2963 4437 3054 4505 qui
3131 4453 3322 4493 eorum
3392 4439 3485 4508 qui

228 4509 327 4561 καὶ
355 4506 619 4580 μᾶλλονη
654 4512 835 4580 πατὴρ
898 4513 1317 4580 προϊστάμενος,
1380 4514 1477 4584 τὴν
1539 4516 1802 4587 ταχίστην

227 4603 411 4661 αὐτοῖς
468 4603 744 4671 ἐκπέμπει
785 4603 1061 4673 βοήθειαν.
1102 4604 1164 4656 Ἢ
1193 4604 1248 4656 δὲ
1288 4601 1403 4673 ἦνδ
1447 4607 1589 4669 θεῖος
1640 4609 1805 4663 αὑτοῦ

227 4695 488 4761 θεράπων
518 4696 545 4747 6
571 4692 881 4764 θαυμαστὸς
910 4697 989 4764 τῷ
1010 4696 1122 4750 δντι
1155 4696 1447 4759 Νικόλαος.
1478 4700 1535 4761 ὃς
1570 4701 1701 4770 ὄναρ
1730 4701 1805 4770 τῷ

230 4783 444 4851 βασιλεῖ
477 4787 703 4847 ἐπιστάς
728 4824 744 4848 ,
794 4784 1043 4850 Βασιλεῦ,
1084 4787 1208 4856 ἔεξη.
1244 4789 1302 4839 τὸ
1347 4790 1507 4858 τάχος
1548 4793 1806 4854 ἀναστάς,

227 4876 355 4933 τοὺς
381 4876 785 4946 κατεχομένους
837 4878 894 4929 ὲν
925 4881 987 4947 τῇ
1015 4880 1228 4949 φρουρᾷ
1258 4882 1628 4949 στρατηλάτας
1661 4886 1807 4951 τρεῖς

227 4966 487 5029 ἀϐλαϐεῖς
517 4967 664 5029 ἄνες.
724 4968 1069 5034 Συκοφαντία
1096 4970 1203 5038 γάρ
1227 4971 1436 5040 πονηρά
1468 4976 1558 5024 καὶ
1589 4974 1807 5045 διαϐολὴ

230 5056 436 5123 ματαία
473 5056 533 5107 τὸ
559 5058 681 5108 κατ’
710 5056 912 5112 αὐτῶν.
948 5053 1059 5109 Εἶθ’
1088 5057 1229 5109 οὔτω
1258 5060 1350 5109 καὶ
1392 5061 1455 5128 ἣν
1508 5060 1803 5130 πάσχουσιν

224 5147 444 5202 ἀδικίαν
472 5147 833 5218 ὲξετραγῴδει
857 5150 951 5201 καὶ
980 5148 1048 5201 τὰ
1068 5149 1159 5200 τοῦ
1176 5149 1454 5217 δράματος
1488 5153 1618 5221 πρὸς
1652 5156 1807 5223 ἀκρί-

227 5240 381 5291 ίείαν
406 5238 625 5311 διεξῄει,
658 5242 705 5291 εί
737 5240 781 5291 δ’
811 5235 925 5305 οὖν,
961 5241 1195 5309 πόλεμον
1219 5241 1338 5293 κατ’
1362 5243 1528 5295 αὑτοῦ
1561 5247 1801 5314 κινήσειν

227 5332 319 5384 καὶ
340 5331 701 5392 κακῶςάὑτὸν
719 5331 935 5384 ἀπολεῖν
953 5332 1183 5401 ἠπείλει.
1217 5332 1537 5401 Ἐκπλαγεις
1555 5334 1693 5403 οῦνξδ
1712 5336 1808 5404 βα-

231 5424 410 5486 σιλεὺς
444 5424 540 5492 τὴν
570 5424 665 5476 τοῦ
698 5424 887 5490 ἀνδρὸς
914 5424 1230 5494 παρρησίαν
1260 5428 1325 5494 τῇ
1364 5442 1418 5475 τε
1450 5426 1584 5495 άλλη
1613 5429 1703 5479 καὶ
1729 5430 1806 5480 ὅτι

225 5517 367 5583 ἀωρὶ
395 5516 499 5566 τῶν
530 5516 738 5568 νυκτῶν
763 5516 865 5568 τῶν
892 5515 1073 5584 βασιλε
1089 5520 1174 5567 ’ων
1204 5516 1348 5567 ἔνδον
1379 5518 1659 5582 ἐφαίνετο·
1688 5520 1807 5572 Ἀλ-

223 5608 291 5658 λκ
313 5608 414 5671 τίς,
434 5609 614 5677 ἤρετο,
643 5608 727 5660 οὺ.
757 5611 783 5658 6
813 5607 1031 5661 τοιαῦτα
1053 5608 1306 5659 ἐπισείων
1330 5609 1454 5676 ἐμοὶ
1476 5610 1567 5661 καὶ
1597 5610 1805 5664 διαπει-

225 5698 514 5764 λ;υ;ιενος;
547 5701 604 5751 ὐ
627 5699 702 5753 δέ’
724 5700 983 5762 Νικόλαος
1001 5699 1099 5752 ὀὲν
1119 5702 1180 5769 τῇ
1203 5699 1433 5769 Μυρέων
1456 5720 1630 5771 μητρο
1644 5706 1804 5766 πόλςι,

225 5794 351 5859 ἔρῃ.
397 5792 501 5841 Καὶ
535 5792 731 5845 αὑτεκα
763 5792 860 5860 μὲν
903 5793 1005 5844 im")
1036 5791 1133 5860 τῆς
1161 5792 1333 5859 ὅψεως
1388 5792 1801 5863 διαταραχθεὶς,

1913 4530 2090 4599 ipsum
2127 4530 2338 4587 timent.
2366 4536 2622 4595 tanquam
2656 4535 2814 4595 pater
2845 4527 3109 4590 filiorum.
3166 4532 3482 4593 miseretur,

1911 4620 2076 4673 mittit
2104 4619 2364 4672 auxilium
2403 4632 2432 4669 a
2474 4626 2688 4676 sancto.
2748 4632 2945 4685 nempe
2974 4634 3133 4671 suum
3194 4620 3482 4684 fatnulunt,

1908 4721 1963 4765 et
1994 4721 2154 4765 noctu
2179 4723 2447 4777 apparens
2473 4707 2785 4775 imperatori
2810 4706 3067 4762 Nicolaus
3093 4707 3436 4763 admirabilis
3467 4727 3481 4763 :

1910 4799 2229 4866 Imperator,
2290 4796 2486 4863 inquit,
2546 4810 2713 4862 surge
2765 4797 2897 4857 cito,
2931 4804 2986 4848 et
3045 4811 3142 4849 eos
3175 4807 3286 4850 tres
3314 4797 3483 4851 duces

1909 4889 2179 4941 exercitus
2211 4886 2303 4954 qui
2336 4884 2655 4938 detinentur
2710 4884 2762 4937 in
2815 4899 3059 4949 carcere,
3117 4886 3307 4939 libera.
3346 4886 3483 4940 Fue-

1912 4988 2039 5031 runt
2082 4978 2226 5031 enim
2257 4987 2460 5030 temere
2506 4976 2731 5043 appetiti
2793 4976 3099 5030 calumniis.
3151 4977 3357 5031 Deinde
3399 4979 3481 5031 in-

1902 5069 2132 5139 justitim
2187 5082 2346 5134 quam
2406 5066 2689 5134 patiuntur
2741 5067 2964 5134 exponit
3011 5068 3352 5136 tragmdiam,
3425 5079 3480 5123 et

1908 5158 2364 5231 quemadmodum
2395 5158 2477 5211 eis
2505 5156 2727 5211 fuerunt
2750 5166 2949 5225 paratae
2986 5158 3196 5213 insidia:
3218 5168 3474 5213 accurate

1910 5251 2273 5323 persequitur.
2314 5248 2409 5301 Sin
2434 5250 2637 5311 minus,
2666 5262 2725 5301 se
2756 5256 2810 5301 et
2836 5248 3035 5301 bellum
3088 5259 3384 5313 moturum,
3421 5263 3476 5305 et

1909 5346 2046 5399 male
2093 5346 2267 5413 ipsum
2322 5342 2693 5411 perditurum,
2726 5350 2783 5393 et
2818 5350 3058 5393 extrema
3096 5340 3145 5395 ei
3205 5343 3472 5396 facturum

1907 5444 1989 5486 est
2061 5434 2317 5486 minatus.
2376 5431 2692 5485 Admiratus
2753 5430 2935 5497 itaque
2991 5431 3288 5498 imperator
3357 5433 3477 5497 ejus

1910 5525 2184 5578 fidentiam
2222 5533 2276 5577 et
2310 5521 2525 5577 dicendi
2584 5520 2920 5583 libertatem,
2972 5530 3027 5573 et
3083 5522 3286 5590 alioqui
3330 5522 3476 5590 quod

1910 5618 2234 5685 intempesta
2270 5625 2430 5669 nocte
2462 5615 2541 5667 sic
2575 5617 2853 5683 ingressus
2885 5622 3030 5667 esset
3074 5615 3271 5681 regiam
3300 5631 3311 5665 :
3368 5613 3474 5668 Sed

1910 5724 2033 5776 quis
2056 5720 2108 5759 ιιι
2142 5723 2220 5767 es,
2256 5707 2485 5775 rogavit,
2512 5707 2604 5772 qui
2632 5707 2743 5760 haec
2784 5720 2917 5759 meae
2947 5706 3202 5773 potentiae
3242 5708 3478 5760 intentas

1910 5809 1965 5852 ct
1994 5796 2255 5850 minaris?
2285 5797 2540 5851 Nicolaus
2572 5806 2750 5850 autem
2793 5816 2802 5849 :
2845 5796 2949 5861 Qui
2984 5812 3239 5863 praesum,
3278 5796 3473 5862 inquit,
