4260 6430
774 355 877 417 31ιῖ
2006 353 2294 415 MENSIS
2336 351 2771 416 DECEMBEH.
3928 351 4039 412 M3

773 467 1107 538 Hyrensium
1143 466 1472 536 metropoli;
1507 475 1562 522 et
1586 465 1768 524 statim
1808 464 1900 524 ille
1931 470 2153 536 quidem
2178 468 2356 538 surgit
2380 468 2430 524 Α

2380 468 2430 524 Α
2456 469 2734 526 ἀνίστατο.
2782 471 2840 525 '0
2870 468 2924 524 δέ
2949 466 3106 539 ἅγιος
3127 466 3324 541 ἐπίσης
3363 469 3460 523 καὶ
3479 464 3557 539 τῷ
3587 469 3814 538 ἐπάρχῳ
3853 467 4045 520 mea.

774 561 1140 616 conturbatus
1202 575 1232 613 a
1300 559 1536 615 visione.
1592 561 1830 617 Sanctus
1889 578 2018 618 vero
2094 564 2349 618 similiter
2455 578 2456 595 π

2455 559 2560 630 ϐίῳ
2595 560 2851 613 ὑπνοῦντι
2883 560 3172 627 ἐπιφανεὶς
3205 561 3272 614 τὰ
3312 559 3456 615 αὐτὰ
3483 559 3611 629 περὶ
3666 558 3774 612 τῶν
3832 557 4054 625 ἀνδρῶν

777 655 941 708 etiam
971 662 1194 721 apparet
1215 650 1450 708 Ablabio
1483 655 1744 723 praelecto
1797 655 2124 721 dormienti;
2182 665 2239 712 et
2279 655 2350 710 de

780 747 863 800 eis
887 747 1105 800 mandat
1125 764 1136 795 ι
1157 744 1336 802 adem.
1359 747 1590 801 Ablabio
1612 757 1819 813 autem,
1855 750 1947 819 qui
1977 749 2090 818 ipse
2131 763 2351 820 quoque

783 839 994 910 rogavit
1021 841 1271 907 quisnam
1303 849 1470 904 esset,
1498 841 1780 905 Nicotaus,
1822 845 2121 910 respondit,
2145 843 2352 899 Christi

781 949 995 988 servus.
1029 933 1312 988 Excitatus
1356 949 1488 1004 ergo
1539 936 1825 993 Ablabius.
1861 945 2045 991 mente
2099 938 2356 993 versabat

786 1026 838 1080 id
870 1025 1017 1093 quod
1056 1027 1109 1078 in
1143 1027 1355 1080 somnis
1381 1027 1616 1086 viderat.
1649 1037 1706 1080 et
1735 1028 1996 1096 quidnam
2041 1041 2188 1082 esset
2209 1029 2354 1096 quod

785 1120 835 1174 ei
890 1129 1243 1188 apparuerat,
1270 1128 1329 1174 et
1357 1119 1617 1188 quidnam
1663 1121 2040 1188 signiﬁcaret:
2076 1133 2132 1177 et
2173 1124 2357 1179 statim

785 1210 944 1265 venit
974 1210 1040 1264 ad
1071 1211 1248 1278 ipsum
1304 1212 1528 1279 quidam
1559 1217 1627 1266 ab
1663 1214 2011 1281 imperatore,
2047 1215 2362 1283 signiﬁcans

788 1317 853 1355 ea
883 1317 1007 1369 quae
1042 1301 1362 1369 imperatori
1400 1302 1512 1356 visa
1553 1303 1791 1357 erantin
1823 1305 2056 1359 somnis.
2108 1302 2204 1360 Ille
2230 1321 2363 1362 vero

792 1396 839 1450 ei
867 1410 1059 1448 rursus
1082 1394 1359 1448 renuntiat
1396 1394 1688 1459 visionem,
1739 1407 1797 1452 et
1846 1409 2037 1454 narrat
2071 1401 2120 1454 ei
2179 1401 2364 1454 omnia

791 1501 912 1555 quae
940 1485 1012 1539 ibi
1055 1499 1442 1554 apparuerant.
1498 1486 1592 1540 Illa
1623 1503 1755 1558 ergo
1801 1489 2132 1554 admirabili,
2166 1501 2222 1546 et
2243 1507 2366 1562 qua

791 1589 995 1648 praeter
1021 1580 1363 1647 opinionem.
1406 1579 1616 1634 visione
1645 1581 2038 1651 obstupefacti,
2071 1585 2369 1654 imperator

792 1682 858 1725 et
887 1672 1274 1740 przeleetus,et
1300 1672 1444 1741 quod
1494 1673 1663 1726 veluti
1698 1675 1856 1744 signo
1911 1677 2040 1731 dato
2063 1679 2254 1734 eadem
2300 1680 2366 1734 ad

795 1774 1096 1830 utrumque
1138 1763 1401 1824 venisset,
1453 1764 1710 1831 quoniam
1747 1767 2024 1821 somnium
2076 1781 2184 1823 non
2220 1779 2370 1837 pote-

797 1864 922 1908 ι·;ιιιι
967 1856 1265 1924 conjicere.
1294 1856 1576 1910 accersitis
1624 1872 1655 1912 e
1711 1872 1935 1912 carcere
1985 1859 2091 1914 illis
2136 1861 2372 1918 ducibus

795 1950 1093 2013 exorcitus,
1135 1948 1397 2003 omnibus
1457 1949 1998 2007 circumsistentibus
2049 1972 2062 2008 :
2106 1952 2374 2020 Quanam,

803 2041 1003 2110 inquit.
1033 2052 1151 2096 arte
1178 2042 1383 2110 magica
1425 2052 1664 2104 utentes,
1716 2045 1842 2098 talia
1881 2045 1947 2098 ad
2003 2062 2101 2100 nos
2151 2047 2379 2102 misistis

803 2135 1036 2193 somnia,
1072 2141 1180 2186 tam
1244 2148 1371 2187 acre
1404 2132 1608 2187 bellum
1646 2134 2013 2189 intentantia?
2059 2136 2140 2191 Illi
2193 2150 2376 2193 autem

804 2226 897 2292 qui
938 2226 1143 2279 nullius
1174 2226 1252 2278 rei
1291 2226 1559 2294 ejusmodi
1588 2226 1690 2279 sibi
1717 2237 1875 2281 erant
1897 2229 2126 2292 conscii,
2157 2245 2216 2284 se
2240 2239 2378 2285 nutu

806 2318 1046 2371 invicem
1075 2318 1508 2386 interrogabant.
1540 2320 1584 2373 si
1627 2321 1754 2387 quis
1779 2335 1973 2374 eorum
2013 2323 2141 2390 quid
2172 2333 2378 2391 nosset,

809 2409 1247 2477 obstupefactum
1289 2411 1428 2462 alter
1454 2410 1508 2462 in
1541 2411 1776 2464 alterum
1814 2413 2033 2466 oculum
2081 2415 2381 2486 conjicien-

812 2513 911 2554 tes.
947 2502 1250 2570 Imperator
1277 2516 1410 2555 vero
1435 2518 1532 2556 eos
1557 2504 1748 2557 videns
1777 2503 1856 2558 sic
1905 2506 2154 2572 allectos,
2209 2516 2385 2562 muta-

809 2604 898 2647 tur
929 2593 993 2646 ad
1029 2593 1331 2657 lenitatem,
1359 2603 1413 2647 et
1453 2608 1619 2663 prope
1666 2609 1762 2650 eos
1802 2596 2090 2662 accedens,
2123 2597 2281 2668 jubet
2316 2600 2384 2654 ad

815 2685 933 2738 haec
966 2685 1319 2754 respondere.

882 2863 1072 2921 XXVI.
1125 2866 1204 2921 illi
1231 2876 1412 2920 autem
1442 2868 1634 2920 oculos
1681 2865 1959 2934 repientes
2003 2867 2278 2937 lacrymis.
2333 2879 2389 2923 et

812 2959 1039 3014 a~sidue
1067 2957 1344 3011 ululantes
1373 2976 1385 3010 :
1417 2957 1549 3018 Nos,
1577 2957 1858 3016 dixerunt.
1885 2972 1919 3010 ο
1944 2957 2264 3026 imperator,
2295 2973 2390 3010 ne-

2455 654 2816 722 ἐπισκήπτει.
2863 653 3136 722 Ἀϐλαϐίῳ
3170 653 3227 707 δὲ
3252 653 3499 724 ἐρομένῳ
3560 655 3656 706 καὶ
3706 651 3857 720 αὐτῷ
3891 653 4053 712 ὅστις

2453 749 2562 816 είη,
2621 746 2910 810 Νικόλαος,
2965 746 3323 815 ἁπεκρίνατο.
3386 746 3508 800 τοῦ·
3538 744 3776 818 Χριστοῦ
3837 744 4051 806 δοῦλος.

2455 838 2810 904 Διυπνισθεὶς
2860 840 3044 892 τοίνυν
3108 837 3410 902 Ἀϐλάϐιος,
3474 838 3716 907 ἐστραφε
3773 838 3872 907 τὴν
3924 835 4057 905 ὄψιν

2455 933 2579 988 καθ’
2605 934 2822 996 ἑαυτὸν,
2855 937 2952 988 καὶ
2979 935 3033 988 τί
3085 952 3216 989 ποτε
3248 935 3354 1001 ἄρα
3389 933 3449 986 τδ
3479 933 3649 1004 φανὲν
3683 932 3778 986 καὶ
3815 933 3844 986 ϐ
3876 944 3930 983 τι
3955 929 4050 1001 δη⁵

2456 1027 3002 1092 λοῦν,ϐιεσκιπτετο⁶
3034 1031 3130 1082 καὶ
3183 1031 3297 1097 ἅμα
3342 1022 3470 1098 ἥκει
3499 1044 3585 1090 τις
3635 1020 3712 1087 ὡς
3767 1026 3934 1078 αὐτὸν
3990 1026 4059 1077 ἐκ

2463 1117 2754 1188 βασιλέως,
2786 1115 3008 1189 μηνύων
3048 1113 3193 1187 ἆπερ
3231 1121 3260 1172 ὀ
3290 1116 3548 1188 βασιλεὺς
3593 1117 3651 1169 ἐν
3715 1114 3871 1184 ὕπνῳ
3925 1113 4060 1166 θεά-

2463 1221 2618 1263 σαιτο
2647 1226 2662 1240 '
2687 1210 2782 1263 καὶ
2808 1206 2866 1271 ὃς
2905 1211 3246 1280 ἀπαγγέλλει
3270 1213 3369 1279 τὴν
3406 1210 3557 1278 ϐψιν,
3590 1209 3687 1262 καὶ
3716 1207 3784 1261 τὰ
3817 1207 4064 1271 φανέντα

2463 1301 2614 1373 αὐτῷ
2635 1301 2882 1366 διέξεισι.
2912 1301 3055 1374 Πρὸς
3085 1304 3146 1356 τὸ
3178 1301 3487 1373 παράδοξον
3503 1303 3688 1355 τοίνυν
3711 1301 3892 1352 ἐκεῖνο
3956 1298 4066 1369 τῆς⁹

2466 1393 2596 1457 θέας
2654 1396 2821 1465 ἄμφω
2871 1391 3344 1462 καταπλαγέντες,
3385 1396 3412 1448 ὅ
3472 1412 3533 1448 τε
3597 1392 3853 1463 βασιλεὺς
3905 1390 4064 1444 καλὸ

2467 1487 2727 1558 ἔπαρχος,
2755 1489 2847 1542 καὶ
2876 1489 3024 1550 ὅπως
3074 1487 3269 1557 ὥσπερ
3314 1489 3422 1541 ἀπδ
3454 1487 3800 1556 συνθήματος
3827 1487 3859 1554 ἡ
3918 1483 4064 1550 αὑτὴ

2467 1577 2592 1642 Mn;
2625 1580 2873 1651 ἐκατέρῳ
2908 1579 3130 1648 φανείη.
3165 1579 3359 1650 ἐπειδὴ
3385 1579 3475 1632 τὸν
3515 1577 3724 1648 ὄνειρον
3757 1575 4065 1644 συμϐαλεῖν

2468 1670 2569 1722 οὐκ
2593 1665 2766 1740 εἴχον,
2809 1669 3332 1739 μετακαλεσάμενος
3363 1668 3474 1722 ἀπὸ
3496 1670 3593 1738 τῆς
3625 1660 3878 1736 φυλακῆς
3933 1666 4068 1726 τοὺς

2473 1762 2849 1832 στρατηλάτας
2897 1763 2925 1813 6
2989 1760 3241 1831 βασιλεὺς
3280 1803 3295 1826 ,
3336 1760 3725 1830 περιεστώτων
3773 1759 4064 1820 ἁπάντων,

2477 1853 2626 1920 τίσι,
2671 1854 2825 1939 φησι.
2862 1856 3123 1922 μαγείαις
3157 1854 3318 1923 ὑμεῖς
3361 1853 3724 1924 χρησάμενοι,
3779 1852 4068 1913 τοιούτους

2478 1950 2614 2017 ἡμῖν
2645 1946 2928 2016 ἐπέμψατε
2964 1949 3090 2011 τοὺς
3123 1947 3392 2011 ὀνείρους,
3449 1947 3693 2015 πόλεμον
3735 1943 3880 1997 οὕτω
3935 1961 4071 2012 σφοι

2478 2034 2608 2108 δρδν
2631 2039 2994 2101 ἐπισείοντας.
3019 2040 3111 2092 καὶ
3137 2039 3208 2093 τὰ
3250 2038 3532 2110 βαρύτατα
3564 2035 3686 2090 καθ’
3717 2035 3879 2104 ἡμῶν
3909 2037 4071 2088 ἀπει-

2479 2131 2731 2196 λοῦνταςς
2766 2132 2830 2184 Οί
2869 2131 2948 2196 δέ,
2978 2133 3146 2199 μηδὲν
3175 2132 3417 2184 τοιοῦτον
3467 2131 3684 2191 ἑαυτοῖς
3740 2127 4069 2190 συνειδότες,

2481 2219 2744 2288 νεύμασιν
2764 2220 2953 2287 ὥσπερ
2976 2218 3238 2288 ἀλλήλους
3258 2218 3486 2287 ἠρώτων
3512 2218 3563 2270 εἴ
3583 2235 3633 2270 τι
3661 2216 3727 2270 ἄν
3749 2233 3832 2279 τις
3868 2213 4068 2284 εἰδείη,

2482 2311 2940 2381 ἐκπεπληγμένον
2967 2306 3079 2364 οἷον
3109 2310 3327 2380 ἑκάστῳ
3360 2310 3453 2361 τὸν
3505 2308 3790 2376 ὀφθαλμὸν
3844 2306 4075 2359 ἐπιϐαλ-

2484 2405 2688 2466 λοντες.
2734 2403 2794 2456 ’0
2815 2402 3067 2470 βασιλεὺς
3087 2403 3269 2456 τοίνυν
3285 2402 3429 2454 οὓτω
3446 2401 3571 2458 τοὺς
3599 2400 3802 2469 ἄνδρας
3836 2399 4074 2468 ἔχοντας

2485 2497 2844 2564 Θεασάμενος.
2884 2496 3038 2548 οὐδέν
3060 2513 3119 2548 τε
3148 2495 3210 2548 τὸ
3243 2495 3512 2564 παράπαν
3569 2492 3814 2555 ἐοικότας
3855 2492 4068 2544 ειδέναι

2486 2589 2578 2641 καὶ
2615 2587 2993 2655 ξενιζομένους
3017 2589 3119 2658 τὴν
3149 2587 3344 2655 ἀκοὴν,
3374 2586 3468 2638 ἐπὶ
3497 2584 3558 2637 τὸ
3605 2583 3914 2655 πραότερον
3976 2582 4075 2636 εὖ·

2488 2682 2587 2743 θὺς
2615 2681 2968 2748 μεταϐάλλει,
2995 2682 3088 2732 καὶ
3120 2678 3376 2749 προσχὼν
3407 2678 3594 2740 αὐτοῖς
3647 2676 4075 2746 ἀποκρίνασθαι

2489 2772 2628 2843 πρὸς
2656 2768 2827 2824 ταῦτα
2855 2772 3089 2825 κελεύει.

2562 2867 2705 2934 κατ.
2739 2869 2799 2920 Oi
2829 2864 2886 2920 δὲ
2940 2869 3019 2929 είς
3073 2863 3181 2936 γῆν
3241 2867 3442 2931 ίδόντες
3485 2868 3579 2922 καὶ
3627 2866 3884 2935 δακρύων
3947 2863 4078 2925 τοὺς

2490 2961 2799 3029 ὀφθαλμοὺς
2814 2961 3175 3029 πλήσσαντες,
3215 2961 3430 3030 Ἡμεῖς,
3455 2955 3632 3024 εἶπον,
3665 2959 3912 3029 βασιλεῦ,
3952 2957 4078 3010 οὔτε

813 3068 924 3121 que
953 3067 1044 3105 ars
1067 3051 1274 3119 magica
1303 3050 1434 3117 quid
1467 3050 1561 3111 sit,
1595 3052 1886 3113 novimus;
1919 3064 2099 3118 neque
2128 3050 2393 3105 adversus

2497 3053 2734 3122 μαγείαν
2762 3052 2789 3104 ὃ
2811 3051 2864 3104 τί
2899 3054 3032 3104 ποτέ
3064 3056 3212 3106 ἐστιν
3249 3053 3494 3120 οἴδαμεν,
3525 3049 3651 3105 οὕτε
3686 3051 3828 3104 κατὰ
3854 3050 3950 3102 τοῦ
3981 3048 4080 3102 σοι]

820 3153 969 3194 lnam
999 3141 1300 3208 potentiam
1339 3154 1501 3207 grave
1533 3141 1662 3208 quid
1701 3153 1892 3195 sumus
1914 3140 2181 3195 meditati.
2215 3142 2391 3196 Testis
2417 3163 2459 3218 ς
2494 3160 2502 3195 :

2417 3163 2459 3218 ς
2494 3146 2753 3211 κράτους,
2783 3145 2996 3213 μάρτυς
3025 3147 3052 3196 ὀ
3101 3145 3282 3196 πάντα
3311 3143 3525 3212 ἐφορῶν
3570 3142 3868 3211 ὀφθαλμὸς,
3901 3142 4080 3193 δεινόν

822 3243 908 3287 est
939 3232 1031 3300 qui
1058 3232 1244 3285 omnia
1277 3231 1425 3284 videt
1451 3231 1664 3284 oculus.
1698 3231 1754 3285 Si
1790 3240 1973 3286 autem
2028 3232 2144 3286 haec
2185 3249 2292 3287 non
2318 3233 2390 3287 ita
2492 3249 2504 3271 ι

2492 3249 2545 3288 τι
2577 3236 3054 3303 μεμελετήκαμεν.
3082 3232 3146 3285 Et
3174 3231 3233 3286 δὲ
3261 3232 3335 3303 μὴ
3355 3231 3499 3285 οὕτω
3526 3232 3722 3298 ταῦτα,
3743 3231 3879 3285 ἀλλά
3902 3248 3958 3284 τι
3987 3249 4083 3282 te-

821 3333 971 3386 sunt,
1002 3323 1095 3377 ard
1129 3323 1256 3376 mali
1283 3322 1490 3390 aliquid
1519 3323 1572 3375 in
1606 3332 1657 3376 te
1682 3323 2063 3393 cogitavimus,
2103 3325 2334 3384 nullam,
2359 3339 2394 3379 ο
2495 3346 2503 3362 ε

2495 3329 2662 3395 vr,pr
2691 3328 2822 3394 ἡμῖν
2856 3325 3119 3376 ἔσκεπται
3149 3322 3290 3375 κατὰ
3323 3323 3442 3385 σοῦ,
3480 3321 3705 3390 μηδένα,
3746 3313 3790 3374 ὦ
3826 3320 4077 3388 βασιλεῦ,

821 3419 1144 3486 imperator.
1185 3415 1253 3470 de
1293 3416 1455 3470 nobis
1502 3417 1716 3483 ceperis
1743 3415 2199 3469 misericordiam.
2249 3414 2393 3480 Non,
2501 3447 2503 3488 ρ

2501 3421 2707 3490 μηδένα
2729 3417 2854 3470 καθ’
2886 3417 3066 3486 ἡμῶν,
3097 3416 3170 3487 μὴ
3202 3415 3341 3484 πρδς
3359 3414 3458 3482 τῆς
3487 3411 3718 3483 Τριὰδος
3748 3413 3943 3479 αὐτῆς,
3977 3412 4077 3463 λά-

820 3526 854 3563 o
915 3510 1236 3578 imperator,
1295 3523 1393 3576 per
1441 3507 1617 3575 ipsam
1674 3505 2023 3566 Trinitatem.
2062 3523 2240 3576 neque
2297 3509 2396 3562 toti
2498 3525 2502 3557 ι

2498 3513 2598 3583 ϐῃς
2633 3511 2802 3570 ἔλεον,
2868 3508 3003 3580 μηδὲ
3031 3508 3153 3560 ὅλου
3190 3508 3354 3576 φείσῃ
3386 3503 3482 3557 τοῦ
3522 3505 3714 3571 γένους
3744 3501 3926 3570 ήμῶν,
3967 3500 4082 3554 ἀλλ’

822 3612 1011 3655 nostro
1031 3600 1218 3669 generi
1248 3601 1580 3668 peperceris.
1612 3599 1719 3653 Sed
1761 3600 1806 3653 si
1829 3599 1962 3666 quid
1994 3608 2080 3654 est
2114 3600 2199 3653 vel
2223 3611 2397 3654 morte
2499 3623 2504 3654 ι

2393 3622 2397 3647 ι
2499 3606 2551 3656 εί
2581 3621 2633 3656 τι
2659 3603 2753 3656 καὶ
2782 3601 3015 3654 θανάτου
3045 3599 3371 3670 βαρύτερον,
3407 3595 3686 3665 ἀπόφηναι
3728 3592 3853 3646 καθ’
3891 3593 4075 3661 ἡμῶν.

821 3690 1070 3761 gravius,
1103 3689 1158 3743 id
1196 3691 1249 3742 in
1283 3706 1387 3744 nos
1416 3690 1764 3759 pronunties.
1791 3690 1983 3756 Nobis,
2014 3707 2050 3744 ο
2078 3691 2398 3758 imperator,

827 3781 931 3835 fuit
960 3781 1078 3835 hanc
1106 3779 1399 3833 itaet-editas
1448 3779 1638 3833 relicta
1674 3795 1704 3833 a
1746 3780 2092 3848 parentibus,
2128 3780 2402 3833 honorare

827 3871 1248 3941 imperatorem,
1301 3877 1360 3923 et
1402 3869 1458 3921 in
1497 3884 1627 3923 eum
1675 3869 2114 3924 benevolentiam
2146 3868 2404 3938 pralerre

827 3962 1292 4019 rebusomnibus.
1341 3959 1397 4016 Si
1438 3961 1565 4030 quis
1618 3977 1753 4016 vero
1794 3959 1913 4016 bac
1941 3959 2402 4032 transgrediatur,

829 4056 969 4108 male
1003 4070 1130 4109 eum
1181 4054 1439 4115 multare,
1491 4062 1548 4107 et
1594 4066 1662 4107 eo
1705 4053 1786 4107 uti
1830 4052 2094 4123 deinceps
2145 4062 2404 4121 tanquam

830 4143 1011 4200 hoste.
1052 4144 1423 4209 Quamobrem
1468 4152 1654 4198 nostra
1705 4145 1977 4213 neglecta,
2028 4144 2098 4198 ad
2151 4153 2323 4202 tuam.
2373 4155 2408 4196 ο

833 4239 1150 4306 imperator,
1183 4235 1418 4288 salutem
1444 4235 1778 4302 aspeximus.
1799 4234 2044 4299 Quando
2069 4242 2258 4288 autem
2291 4248 2409 4286 ma-

835 4342 940 4380 nus
973 4340 1189 4394 quoque
1215 4325 1429 4377 hostilis
1453 4322 1718 4377 adversus
1763 4332 1913 4376 tuam
1960 4324 2284 4376 movebatur
2309 4337 2410 4390 po-

837 4416 1089 4480 ten.2am,
1112 4425 1168 4469 et
1209 4425 1425 4483 tempus
1455 4413 1768 4481 postulabat
1817 4411 1980 4466 talem
2027 4414 2275 4466 virorum
2302 4413 2414 4465 vir-

2510 3697 2692 3765 Ἦμῖν,
2721 3689 2766 3748 ὦ
2804 3690 3050 3759 βασιλεῦ,
3083 3687 3240 3754 οὗτος
3267 3693 3330 3743 ἐκ
3359 3689 3615 3758 πατέρων
3641 3681 3729 3738 οἵα
3762 3686 3967 3753 κλήρος
4000 3687 4085 3744 εἰς

2504 3787 2592 3842 ἀεὶ
2625 3786 3048 3854 φυλαττόμενος,
3079 3783 3139 3836 τὺ
3160 3781 3389 3846 βασιλέα
3411 3781 3579 3850 τιμᾷν
3612 3779 3708 3830 καὶ
3747 3776 3846 3844 τὴν
3884 3774 3966 3837 είς
3988 3772 4089 3827 αὑ⁸

2502 3882 2596 3935 τὸν
2624 3879 2841 3933 εὔνοιαν
2869 3877 2965 3930 τοῦ
2988 3875 3193 3938 παντὸς
3233 3873 3528 3943 προτιμᾷν.
3580 3869 3645 3924 Et
3677 3869 3733 3923 δέ
3763 3881 3850 3929 τις
3909 3866 4090 3918 ταῦτα

2505 3969 2854 4039 παραϐαίνοι,
2881 3965 3117 4036 ζημιοῦν
3147 3965 3312 4018 αὐτὸν
3340 3962 3410 4016 τὰ
3445 3963 3702 4032 μέγιστα,
3736 3959 3832 4012 καὶ
3859 3957 3938 4018 ὡς
3987 3971 4092 4008 που

2506 4062 2683 4132 λεμίῳ
2709 4061 2771 4114 τὸ
2806 4060 2994 4114 λοιπὸν
3027 4057 3291 4129 χρῆσθαι,
3320 4054 3464 4109 ὥστε
3501 4053 3632 4123 περὶ
3662 4051 3910 4111 πλείονος
3953 4049 4093 4118 μᾶλ-

2508 4155 2601 4208 λον
2624 4153 2784 4224 ἡμῶν
2830 4153 2931 4221 τὴν
2955 4151 3056 4222 σὴν
3089 4150 3301 4221 ἢγομεν
3334 4146 3629 4218 σωτηρίαν,
3660 4144 3758 4198 καὶ
3783 4143 3873 4196 διὰ
3906 4142 4090 4195 ταῦτα

2511 4248 2745 4310 ἔπαινοι,
2774 4244 3018 4314 χάριτες,
3047 4242 3142 4295 καὶ
3190 4239 3421 4308 ἀμοιϐαὶ
3457 4239 3732 4306 φιλότιμοι
3791 4236 3944 4305 παρὰ
3987 4235 4090 4300 τῆς

2514 4343 2612 4409 σῆς
2639 4339 2772 4408 ἡμῖν
2802 4335 3096 4404 ἠλπίζοντο
3125 4333 3326 4397 δεξιᾶς.
3376 4329 3597 4399 Ἐπειδὴ
3622 4329 3680 4381 δὲ
3731 4328 3825 4381 καὶ
3860 4327 4096 4380 στασιώ-

2513 4432 2608 4501 δης
2641 4430 2764 4499 χεὶρ
2799 4427 2941 4480 κατὰ
2962 4425 3058 4478 τοῦ
3092 4425 3186 4478 σοῦ
3217 4423 3452 4494 κράτους
3477 4422 3756 4489 κεκίνητο,
3791 4422 3883 4471 καὶ
3905 4417 4094 4471 τοιαύ·

838 4520 1037 4572 tutem,
1076 4508 1198 4562 aliis
1231 4506 1616 4575 praetermissis
1660 4504 1756 4574 qui
1783 4513 1939 4559 erant
1966 4501 2211 4574 ejusdem
2258 4506 2415 4573 cujus
2447 4513 2520 4567 lt.

2410 4522 2415 4556 ι
2447 4513 2490 4567 υ
2517 4535 2616 4591 την
2655 4519 2869 4588 ἀνδρῶν
2919 4518 3123 4586 ἀρετὴν
3163 4519 3192 4568 ὁ
3235 4509 3430 4584 καιρὸς
3471 4514 3676 4582 ἐζήτει*
3716 4512 3843 4572 τοὺς
3896 4511 4092 4575 ἄλλους

839 4616 940 4656 nos
957 4598 1316 4658 auctoritatis.
1337 4613 1456 4658 nos.
1474 4597 1620 4666 quod
1639 4597 1848 4650 utinam
1877 4612 1988 4650 non
2010 4596 2260 4649 fecissesl
2293 4597 2410 4650 ele-

839 4691 968 4762 gisti
1005 4706 1115 4760 pra:
1158 4689 1392 4750 caeteris.
1419 4695 1476 4741 et
1515 4687 1643 4741 belli
1677 4688 1730 4740 iu
1787 4699 1884 4742 eos
1942 4686 2168 4756 gerendi
2222 4701 2411 4740 curam

850 4781 1014 4835 nobis
1044 4797 1127 4832 ma
1170 4779 1336 4832 dasti.
1385 4776 1497 4831 liae
1527 4777 1596 4830 de
1626 4791 1790 4831 causa
1846 4784 2099 4846 prompto
2147 4786 2203 4829 ct
2246 4775 2413 4830 alacri

2514 4609 2910 4680 παραδραμὼν,
2953 4609 3068 4660 ὅσοι
3087 4605 3183 4659 τοῦ
3220 4603 3387 4658 αὑτοῦ
3416 4607 3551 4674 ἡμῖν
3582 4602 3886 4670 ἐτύγχανον
3923 4601 4094 4665 ἀξιώ-

2517 4717 2704 4771 ματος,
2735 4701 2902 4770 ἡμᾶς,
2930 4697 3005 4760 ὡς
3049 4697 3149 4749 οὐκ
3182 4695 3398 4763 ὄφελον,
3444 4698 3506 4746 ἐκ
3561 4693 3785 4746 πάντων
3810 4692 4090 4759 προείλου,

2514 4791 2608 4842 καὶ
2636 4790 2728 4839 τὸν
2774 4786 2898 4840 κατ’
2947 4787 3174 4838 ἐκείνων
3229 4786 3368 4854 ἡμῖν
3422 4782 3767 4850 ἐνεχείρισας
3830 4779 4092 4843 πόλεμον,

845 4876 1032 4929 animo
1057 4883 1149 4927 tuo
1176 4871 1351 4942 jussui
1384 4871 1688 4938 paruimus,
1727 4877 1785 4922 et
1815 4869 2020 4923 bellum
2073 4868 2416 4934 suscepimus

843 4965 1113 5018 adversus
1173 4961 1444 5019 inimicos,
1477 4968 1532 5012 et
1567 4959 1845 5027 pr0priam
1905 4960 2188 5019 virtutem,
2223 4956 2274 5009 id
2307 4957 2417 5011 Deo

842 5055 1053 5109 dictum
1105 5054 1176 5107 sit
1233 5050 1497 5121 propitio,
1547 5049 1704 5103 factis
1769 5049 1902 5104 satis
1952 5046 2318 5113 ostendimus,
2361 5047 2416 5100 in

845 5162 957 5214 quo
994 5144 1214 5212 quidem
1246 5158 1438 5197 omnes
1463 5149 1547 5195 sat
1571 5141 1686 5194 scio
1717 5155 2106 5194 consensuros.
2133 5140 2249 5194 Hoc
2271 5137 2417 5207 quod

849 5234 1008 5288 nobis
1035 5235 1184 5302 prius
1219 5230 1454 5301 praebuit
1487 5228 1830 5291 felicitatem,
1858 5230 2124 5283 adversus
2147 5243 2247 5282 nos
2272 5241 2418 5281 nunc

846 5337 1024 5381 armat
1056 5325 1257 5378 invidia
1292 5339 1306 5378 :
1335 5333 1392 5377 et
1433 5321 1893 5386 condemnamur,
1944 5320 2080 5391 prob
2135 5320 2292 5374 dolor
2323 5321 2415 5374 tut

854 5418 1040 5481 vides;
1070 5425 1126 5471 et
1150 5430 1254 5469 nos
1287 5430 1408 5468 esse
1438 5422 1683 5468 extrema
1710 5429 1971 5482 passuros
2012 5422 2418 5481 exspectamus.

850 5507 1118 5574 Quocirca
1160 5521 1228 5560 eo
1293 5505 1457 5558 rediit
1523 5513 1726 5558 nostra:
1794 5504 1847 5557 in
1915 5513 1966 5558 te
2025 5503 2423 5558 benevolentim

2513 4881 2684 4936 ταῦτα
2711 4897 2797 4932 τοι
2833 4878 2926 4931 καὶ
2945 4878 3217 4946 πρόθυμοι
3249 4875 3328 4943 τῷ
3364 4873 3442 4943 σῷ
3473 4873 3808 4938 κελεύσματι
3843 4869 4092 4938 εἴξαμεν.

2517 4975 2626 5028 Καὶ
2649 4973 2720 5024 τὰ
2785 4970 2924 5037 πρὸς
2972 4969 3171 5030 αὐτοὺς
3222 4966 3473 5035 εὐψύχως
3526 4961 3952 5029 ἐπανειλόμεθα,
4003 4962 4096 5011 καὶ

2516 5066 2616 5135 τὴν
2641 5064 2848 5116 οἰκείαν
2883 5062 3104 5130 ἀρετὴν,
3137 5060 3233 5112 σὺν
3262 5059 3382 5126 Θεῷ
3437 5058 3492 5110 δέ
3547 5055 3808 5125 εἰρήσθω,
3842 5054 3934 5105 ἐπὶ
3988 5054 4097 5104 τῶν

2519 5157 2699 5225 ἐργων
2750 5153 3167 5219 ἐπεδειξάμεθα.
3199 5154 3378 5221 ὐπερ
3408 5147 3468 5204 εὖ
3499 5147 3599 5203 οἷδ’
3630 5151 3712 5202 ὅτι
3746 5147 4097 5214 συμφήσουσι

2521 5251 2744 5309 πάντες,
2779 5246 2938 5297 τοῦτο
2965 5244 3061 5312 τὴν
3081 5243 3429 5311 εὐδαιμονίαν
3461 5242 3728 5312 πρότερον
3755 5240 3888 5308 ἡμῖν
3923 5254 4102 5306 παραο

2524 5338 2672 5407 σχδν,
2706 5334 2802 5388 νῦν
2831 5332 2952 5386 καθ’
2976 5332 3136 5400 ἡμῶν
3172 5333 3201 5384 ό
3235 5333 3430 5400 φθόνος
3488 5329 3726 5392 ὁπλίζει·
3775 5327 3870 5378 κα)⁴
3917 5325 4104 5393 κρινό-

2528 5429 2688 5499 μεθα,
2723 5427 2824 5494 φεῦ
2858 5427 2871 5479 i
2908 5420 2954 5479 ὦ
2979 5424 3114 5477 Θεοῦ
3164 5424 3455 5492 ὀφθαλμοὶ,
3506 5423 3732 5490 γνώμης
3781 5416 4099 5480 ἐπιϐούλου,

2527 5525 2621 5573 καὶ
2645 5521 2715 5572 τὰ
2745 5518 2950 5587 ἐσχατα
2979 5514 3272 5568 πείσεσθαι
3301 5513 3719 5582 προσδοκῶμεν.
3789 5510 3958 5560 Ὥστε
4007 5525 4104 5560 πει

853 5598 1122 5662 ostensio,
1152 5605 1213 5651 ut
1234 5608 1383 5652 esset
1409 5596 1625 5650 occasio
1666 5595 1888 5664 majoris
1916 5594 2196 5663 supplicii,
2234 5602 2291 5648 et
2327 5607 2426 5662 pro
2529 5639 2535 5683 1

2417 5610 2426 5643 ⁵
2529 5615 2818 5683 ριέστηκεν
2843 5612 2995 5678 ημῖν,
3020 5602 3064 5660 ὦ
3092 5605 3394 5677 ﬂectit-sill]
3433 5606 3531 5676 τῆς
3579 5606 3714 5671 πρδλς
3761 5602 3821 5655 σέ
3881 5602 4099 5662 εύνοὲας

855 5690 1028 5761 gloria
1064 5705 1185 5758 quae
1233 5688 1555 5759 sperabatur
1608 5693 1666 5741 et
1720 5685 2277 5746 remuneratiouibus,
2327 5698 2428 5738 nos
2527 5723 2537 5758 η

2424 5703 2428 5734 ⁵
2527 5703 2799 5766 ἀπόδειξις
2861 5700 3136 5771 τιμωρίας
3192 5698 3440 5769 μείζονος
3493 5695 3750 5757 ὑπόθεσις
3819 5688 4106 5752 εἶνπι,κ;ὶ

863 5792 1012 5838 tenet
1046 5790 1222 5837 metus
1252 5779 1442 5835 mortis
1476 5786 1531 5834 et
1553 5778 2050 5835 condemnationis.
2077 5786 2299 5849 propter
2323 5777 2426 5831 hoc
2533 5799 2545 5851 ε

2419 5790 2426 5827 ⁵
2533 5797 2652 5851 ἀντὶ
2683 5793 2839 5863 δόξης
2872 5791 3236 5861 ἔλπιζομένης
3264 5791 3356 5844 καὶ
3382 5789 3558 5843 ἂλλων
3589 5784 3837 5855 ἀμ’,ιϐὦν
3865 5783 4101 5837 Οανάτυ
