  <div class='ocr_page' id='page_1' title='image "/cluster/home/n/w/nwhite01/storage/ocr_20150623/116/nnc1.0046980156/205.png"; bbox 0 0 4260 6430; ppageno 0'>
   <div class='ocr_carea' id='block_1_1' title="bbox 777 387 878 444">
    <p class='ocr_par' dir='ltr' id='par_1_1' title="bbox 777 387 878 444">
     <span class='ocr_line' id='line_1_1' title="bbox 777 387 878 444; baseline -0.05 1"><span class='ocrx_word' id='word_1_1' title='bbox 777 387 878 444; x_wconf 78' lang='grc'><strong>351</strong></span> 
     </span>
    </p>
   </div>
   <div class='ocr_carea' id='block_1_2' title="bbox 780 581 2350 657">
    <p class='ocr_par' dir='ltr' id='par_1_2' title="bbox 780 581 2350 657">
     <span class='ocr_line' id='line_1_2' title="bbox 780 581 2350 657; baseline -0.004 -19"><span class='ocrx_word' id='word_1_2' title='bbox 780 588 876 657; x_wconf 82' lang='grc' dir='ltr'>ηιιί</span> <span class='ocrx_word' id='word_1_3' title='bbox 904 602 1029 640; x_wconf 90' lang='lat' dir='ltr'><strong>cum</strong></span> <span class='ocrx_word' id='word_1_4' title='bbox 1063 601 1181 639; x_wconf 85' lang='lat' dir='ltr'><strong>eam</strong></span> <span class='ocrx_word' id='word_1_5' title='bbox 1209 599 1330 652; x_wconf 77' lang='lat' dir='ltr'><strong>qua:</strong></span> <span class='ocrx_word' id='word_1_6' title='bbox 1386 583 1438 635; x_wconf 90' lang='lat' dir='ltr'><strong>in</strong></span> <span class='ocrx_word' id='word_1_7' title='bbox 1473 581 1727 635; x_wconf 87' lang='lat' dir='ltr'><strong>manibus</strong></span> <span class='ocrx_word' id='word_1_8' title='bbox 1759 595 1946 633; x_wconf 86' lang='lat' dir='ltr'><strong>eorum</strong></span> <span class='ocrx_word' id='word_1_9' title='bbox 2008 588 2126 634; x_wconf 87' lang='lat' dir='ltr'><strong>erat</strong></span> <span class='ocrx_word' id='word_1_10' title='bbox 2175 581 2350 648; x_wconf 88' lang='lat' dir='ltr'><strong>posita</strong></span> 
     </span>
    </p>
   </div>
   <div class='ocr_carea' id='block_1_3' title="bbox 781 674 2352 748">
    <p class='ocr_par' dir='ltr' id='par_1_3' title="bbox 781 674 2352 748">
     <span class='ocr_line' id='line_1_3' title="bbox 781 674 2352 748; baseline -0.005 -13"><span class='ocrx_word' id='word_1_11' title='bbox 781 700 808 735; x_wconf 71' lang='grc' dir='ltr'><strong>ε</strong></span> <span class='ocrx_word' id='word_1_12' title='bbox 827 686 1012 736; x_wconf 75' lang='grc' dir='ltr'>ιΙιιιειη</span> <span class='ocrx_word' id='word_1_13' title='bbox 1038 681 1439 748; x_wconf 85' lang='lat' dir='ltr'><strong>desperassent,</strong></span> <span class='ocrx_word' id='word_1_14' title='bbox 1458 678 1715 745; x_wconf 89' lang='lat' dir='ltr'><strong>quoniam</strong></span> <span class='ocrx_word' id='word_1_15' title='bbox 1735 690 1986 744; x_wconf 84' lang='lat' dir='ltr'><strong>magnum</strong></span> <span class='ocrx_word' id='word_1_16' title='bbox 2017 674 2296 727; x_wconf 79' lang='lat' dir='ltr'><strong>Nicolaum</strong></span> <span class='ocrx_word' id='word_1_17' title='bbox 2321 689 2352 727; x_wconf 70' lang='grc' dir='ltr'><strong>ε</strong></span> 
     </span>
    </p>
   </div>
   <div class='ocr_carea' id='block_1_4' title="bbox 784 766 2353 839">
    <p class='ocr_par' dir='ltr' id='par_1_4' title="bbox 784 766 2353 839">
     <span class='ocr_line' id='line_1_4' title="bbox 784 766 2353 839; baseline -0.006 -15"><span class='ocrx_word' id='word_1_18' title='bbox 784 774 922 826; x_wconf 83' lang='lat' dir='ltr'><strong>fama</strong></span> <span class='ocrx_word' id='word_1_19' title='bbox 954 779 1412 839; x_wconf 84' lang='lat' dir='ltr'><strong>acceperantesse</strong></span> <span class='ocrx_word' id='word_1_20' title='bbox 1431 769 1585 821; x_wconf 83' lang='lat' dir='ltr'><strong>velox</strong></span> <span class='ocrx_word' id='word_1_21' title='bbox 1605 768 1864 820; x_wconf 74' lang='lat' dir='ltr'><strong>auxilium</strong></span> <span class='ocrx_word' id='word_1_22' title='bbox 1899 766 1949 818; x_wconf 94' lang='lat' dir='ltr'><strong>in</strong></span> <span class='ocrx_word' id='word_1_23' title='bbox 1985 766 2050 818; x_wconf 88' lang='lat' dir='ltr'><strong>iis</strong></span> <span class='ocrx_word' id='word_1_24' title='bbox 2076 781 2196 833; x_wconf 54' lang='lat' dir='ltr'><strong>quia</strong></span> <span class='ocrx_word' id='word_1_25' title='bbox 2221 781 2353 834; x_wconf 69' lang='lat' dir='ltr'><strong>prw-</strong></span> 
     </span>
    </p>
   </div>
   <div class='ocr_carea' id='block_1_5' title="bbox 785 857 2356 934">
    <p class='ocr_par' dir='ltr' id='par_1_5' title="bbox 785 857 2356 934">
     <span class='ocr_line' id='line_1_5' title="bbox 785 857 2356 934; baseline -0.008 -12"><span class='ocrx_word' id='word_1_26' title='bbox 785 879 867 922; x_wconf 87' lang='lat' dir='ltr'><strong>ter</strong></span> <span class='ocrx_word' id='word_1_27' title='bbox 889 863 1412 934; x_wconf 86' lang='lat' dir='ltr'><strong>spemeveniunt,se</strong></span> <span class='ocrx_word' id='word_1_28' title='bbox 1440 872 1585 915; x_wconf 89' lang='lat' dir='ltr'><strong>tutos</strong></span> <span class='ocrx_word' id='word_1_29' title='bbox 1608 862 1674 913; x_wconf 86' lang='lat' dir='ltr'><strong>ad</strong></span> <span class='ocrx_word' id='word_1_30' title='bbox 1706 875 1829 912; x_wconf 89' lang='lat' dir='ltr'><strong>eum</strong></span> <span class='ocrx_word' id='word_1_31' title='bbox 1859 857 2191 928; x_wconf 89' lang='lat' dir='ltr'><strong>precandum</strong></span> <span class='ocrx_word' id='word_1_32' title='bbox 2225 871 2356 911; x_wconf 83' lang='lat' dir='ltr'><strong>con-</strong></span> 
     </span>
    </p>
   </div>
   <div class='ocr_carea' id='block_1_6' title="bbox 789 951 2356 1020">
    <p class='ocr_par' dir='ltr' id='par_1_6' title="bbox 789 951 2356 1020">
     <span class='ocr_line' id='line_1_6' title="bbox 789 951 2356 1020; baseline -0.01 -6"><span class='ocrx_word' id='word_1_33' title='bbox 789 960 995 1020; x_wconf 80' lang='lat' dir='ltr'><strong>ferunt,</strong></span> <span class='ocrx_word' id='word_1_34' title='bbox 1050 965 1105 1010; x_wconf 87' lang='lat' dir='ltr'><strong>et</strong></span> <span class='ocrx_word' id='word_1_35' title='bbox 1164 971 1290 1009; x_wconf 86' lang='lat' dir='ltr'><strong>eum</strong></span> <span class='ocrx_word' id='word_1_36' title='bbox 1339 953 1660 1007; x_wconf 87' lang='lat' dir='ltr'><strong>invocabant</strong></span> <span class='ocrx_word' id='word_1_37' title='bbox 1699 951 1750 1003; x_wconf 89' lang='lat' dir='ltr'><strong>in</strong></span> <span class='ocrx_word' id='word_1_38' title='bbox 1786 959 2126 1019; x_wconf 85' lang='lat' dir='ltr'><strong>tempestate,</strong></span> <span class='ocrx_word' id='word_1_39' title='bbox 2157 957 2211 1003; x_wconf 89' lang='lat' dir='ltr'><strong>ct</strong></span> <span class='ocrx_word' id='word_1_40' title='bbox 2243 963 2356 1001; x_wconf 84' lang='lat' dir='ltr'><strong>ma-</strong></span> 
     </span>
    </p>
   </div>
   <div class='ocr_carea' id='block_1_7' title="bbox 788 1043 2357 1113">
    <p class='ocr_par' dir='ltr' id='par_1_7' title="bbox 788 1043 2357 1113">
     <span class='ocr_line' id='line_1_7' title="bbox 788 1043 2357 1113; baseline -0.01 -5"><span class='ocrx_word' id='word_1_41' title='bbox 788 1070 894 1108; x_wconf 87' lang='lat' dir='ltr'><strong>nus</strong></span> <span class='ocrx_word' id='word_1_42' title='bbox 922 1051 987 1106; x_wconf 91' lang='lat' dir='ltr'><strong>ad</strong></span> <span class='ocrx_word' id='word_1_43' title='bbox 1017 1066 1143 1104; x_wconf 91' lang='lat' dir='ltr'><strong>eum</strong></span> <span class='ocrx_word' id='word_1_44' title='bbox 1181 1048 1494 1110; x_wconf 82' lang='lat' dir='ltr'><strong>tendebant,</strong></span> <span class='ocrx_word' id='word_1_45' title='bbox 1530 1057 1584 1098; x_wconf 84' lang='lat' dir='ltr'><strong>et</strong></span> <span class='ocrx_word' id='word_1_46' title='bbox 1634 1061 1662 1098; x_wconf 93' lang='lat' dir='ltr'><strong>a</strong></span> <span class='ocrx_word' id='word_1_47' title='bbox 1696 1044 1812 1097; x_wconf 91' lang='lat' dir='ltr'><strong>solo</strong></span> <span class='ocrx_word' id='word_1_48' title='bbox 1870 1044 1989 1113; x_wconf 81' lang='lat' dir='ltr'><strong>ejus</strong></span> <span class='ocrx_word' id='word_1_49' title='bbox 2048 1043 2357 1111; x_wconf 88' lang='lat' dir='ltr'><strong>pcndebam</strong></span> 
     </span>
    </p>
   </div>
   <div class='ocr_carea' id='block_1_8' title="bbox 790 1136 2358 1207">
    <p class='ocr_par' dir='ltr' id='par_1_8' title="bbox 790 1136 2358 1207">
     <span class='ocr_line' id='line_1_8' title="bbox 790 1136 2358 1207; baseline -0.007 -8"><span class='ocrx_word' id='word_1_50' title='bbox 790 1145 1015 1200; x_wconf 79' lang='lat' dir='ltr'><strong>auxilio.</strong></span> <span class='ocrx_word' id='word_1_51' title='bbox 1049 1144 1144 1197; x_wconf 84' lang='lat' dir='ltr'><strong>Ille</strong></span> <span class='ocrx_word' id='word_1_52' title='bbox 1188 1150 1367 1194; x_wconf 89' lang='lat' dir='ltr'><strong>autem</strong></span> <span class='ocrx_word' id='word_1_53' title='bbox 1431 1154 1498 1191; x_wconf 90' lang='lat' dir='ltr'><strong>ne</strong></span> <span class='ocrx_word' id='word_1_54' title='bbox 1556 1153 1748 1207; x_wconf 86' lang='lat' dir='ltr'><strong>parum</strong></span> <span class='ocrx_word' id='word_1_55' title='bbox 1798 1136 2018 1206; x_wconf 87' lang='lat' dir='ltr'><strong>quidem</strong></span> <span class='ocrx_word' id='word_1_56' title='bbox 2067 1144 2358 1189; x_wconf 89' lang='lat' dir='ltr'><strong>cunctatus</strong></span> 
     </span>
    </p>
   </div>
   <div class='ocr_carea' id='block_1_9' title="bbox 795 1230 2358 1309">
    <p class='ocr_par' dir='ltr' id='par_1_9' title="bbox 795 1230 2358 1309">
     <span class='ocr_line' id='line_1_9' title="bbox 795 1230 2358 1309; baseline -0.006 -17"><span class='ocrx_word' id='word_1_57' title='bbox 795 1239 1049 1309; x_wconf 76' lang='lat' dir='ltr'><strong>protinus</strong></span> <span class='ocrx_word' id='word_1_58' title='bbox 1077 1249 1265 1288; x_wconf 83' lang='lat' dir='ltr'><strong>navem</strong></span> <span class='ocrx_word' id='word_1_59' title='bbox 1325 1233 1517 1292; x_wconf 89' lang='lat' dir='ltr'><strong>insilit,</strong></span> <span class='ocrx_word' id='word_1_60' title='bbox 1557 1241 1609 1284; x_wconf 90' lang='lat' dir='ltr'><strong>et</strong></span> <span class='ocrx_word' id='word_1_61' title='bbox 1641 1247 1763 1283; x_wconf 81' lang='lat' dir='ltr'><strong>cuin</strong></span> <span class='ocrx_word' id='word_1_62' title='bbox 1802 1247 1857 1284; x_wconf 90' lang='lat' dir='ltr'><strong>se</strong></span> <span class='ocrx_word' id='word_1_63' title='bbox 1893 1230 2179 1284; x_wconf 80' lang='lat' dir='ltr'><strong>manifeste</strong></span> <span class='ocrx_word' id='word_1_64' title='bbox 2228 1247 2358 1285; x_wconf 88' lang='lat' dir='ltr'><strong>con-</strong></span> 
     </span>
    </p>
   </div>
   <div class='ocr_carea' id='block_1_10' title="bbox 786 1324 2357 1397">
    <p class='ocr_par' dir='ltr' id='par_1_10' title="bbox 786 1324 2357 1397">
     <span class='ocr_line' id='line_1_10' title="bbox 786 1324 2357 1397; baseline -0.005 -11"><span class='ocrx_word' id='word_1_65' title='bbox 786 1331 1126 1397; x_wconf 83' lang='lat' dir='ltr'><strong>spiciendum</strong></span> <span class='ocrx_word' id='word_1_66' title='bbox 1182 1327 1398 1380; x_wconf 90' lang='lat' dir='ltr'><strong>illorum</strong></span> <span class='ocrx_word' id='word_1_67' title='bbox 1443 1325 1763 1395; x_wconf 62' lang='lat' dir='ltr'><strong>praebuisset</strong></span> <span class='ocrx_word' id='word_1_68' title='bbox 1817 1324 1992 1377; x_wconf 77' lang='lat' dir='ltr'><strong>oculis</strong></span> <span class='ocrx_word' id='word_1_69' title='bbox 2024 1342 2036 1376; x_wconf 90' lang='lat'>:</span> <span class='ocrx_word' id='word_1_70' title='bbox 2069 1325 2227 1387; x_wconf 85' lang='lat' dir='ltr'><strong>Ecce,</strong></span> <span class='ocrx_word' id='word_1_71' title='bbox 2251 1340 2357 1388; x_wconf 89' lang='lat' dir='ltr'><strong>me,</strong></span> 
     </span>
    </p>
   </div>
   <div class='ocr_carea' id='block_1_11' title="bbox 790 1418 2359 1492">
    <p class='ocr_par' dir='ltr' id='par_1_11' title="bbox 790 1418 2359 1492">
     <span class='ocr_line' id='line_1_11' title="bbox 790 1418 2359 1492; baseline -0.004 -13"><span class='ocrx_word' id='word_1_72' title='bbox 790 1426 985 1492; x_wconf 89' lang='lat' dir='ltr'><strong>inquit,</strong></span> <span class='ocrx_word' id='word_1_73' title='bbox 1024 1420 1342 1485; x_wconf 82' lang='lat' dir='ltr'><strong>vocavistis,</strong></span> <span class='ocrx_word' id='word_1_74' title='bbox 1373 1429 1429 1474; x_wconf 91' lang='lat' dir='ltr'><strong>et</strong></span> <span class='ocrx_word' id='word_1_75' title='bbox 1485 1421 1678 1472; x_wconf 81' lang='lat' dir='ltr'><strong>adsum</strong></span> <span class='ocrx_word' id='word_1_76' title='bbox 1726 1418 1880 1472; x_wconf 80' lang='lat' dir='ltr'><strong>vobis</strong></span> <span class='ocrx_word' id='word_1_77' title='bbox 1911 1433 2070 1487; x_wconf 89' lang='lat' dir='ltr'><strong>opem</strong></span> <span class='ocrx_word' id='word_1_78' title='bbox 2128 1419 2359 1472; x_wconf 85' lang='lat' dir='ltr'><strong>laturus.</strong></span> 
     </span>
    </p>
   </div>
   <div class='ocr_carea' id='block_1_12' title="bbox 792 1509 2363 1581">
    <p class='ocr_par' dir='ltr' id='par_1_12' title="bbox 792 1509 2363 1581">
     <span class='ocr_line' id='line_1_12' title="bbox 792 1509 2363 1581; baseline -0.006 -10"><span class='ocrx_word' id='word_1_79' title='bbox 792 1517 997 1572; x_wconf 76' lang='lat' dir='ltr'><strong>Deinde</strong></span> <span class='ocrx_word' id='word_1_80' title='bbox 1028 1530 1151 1568; x_wconf 90' lang='lat' dir='ltr'><strong>cum</strong></span> <span class='ocrx_word' id='word_1_81' title='bbox 1193 1513 1567 1581; x_wconf 80' lang='lat' dir='ltr'><strong>eosjussisset</strong></span> <span class='ocrx_word' id='word_1_82' title='bbox 1611 1525 1732 1564; x_wconf 89' lang='lat' dir='ltr'><strong>esse</strong></span> <span class='ocrx_word' id='word_1_83' title='bbox 1792 1509 1937 1563; x_wconf 89' lang='lat' dir='ltr'><strong>bono</strong></span> <span class='ocrx_word' id='word_1_84' title='bbox 1996 1510 2202 1567; x_wconf 90' lang='lat' dir='ltr'><strong>animo.</strong></span> <span class='ocrx_word' id='word_1_85' title='bbox 2247 1509 2363 1562; x_wconf 89' lang='lat' dir='ltr'><strong>cla-</strong></span> 
     </span>
    </p>
   </div>
   <div class='ocr_carea' id='block_1_13' title="bbox 789 1599 2364 1671">
    <p class='ocr_par' dir='ltr' id='par_1_13' title="bbox 789 1599 2364 1671">
     <span class='ocr_line' id='line_1_13' title="bbox 789 1599 2364 1671; baseline -0.005 -12"><span class='ocrx_word' id='word_1_86' title='bbox 789 1623 916 1659; x_wconf 90' lang='lat' dir='ltr'><strong>vum</strong></span> <span class='ocrx_word' id='word_1_87' title='bbox 944 1606 1112 1658; x_wconf 88' lang='lat' dir='ltr'><strong>sumit</strong></span> <span class='ocrx_word' id='word_1_88' title='bbox 1152 1606 1203 1657; x_wconf 92' lang='lat' dir='ltr'><strong>in</strong></span> <span class='ocrx_word' id='word_1_89' title='bbox 1231 1611 1528 1671; x_wconf 83' lang='lat' dir='ltr'><strong>conspectu</strong></span> <span class='ocrx_word' id='word_1_90' title='bbox 1553 1602 1826 1666; x_wconf 89' lang='lat' dir='ltr'><strong>omnium,</strong></span> <span class='ocrx_word' id='word_1_91' title='bbox 1868 1610 1924 1655; x_wconf 87' lang='lat' dir='ltr'><strong>et</strong></span> <span class='ocrx_word' id='word_1_92' title='bbox 1957 1601 2030 1654; x_wconf 91' lang='lat' dir='ltr'><strong>ita</strong></span> <span class='ocrx_word' id='word_1_93' title='bbox 2055 1615 2252 1654; x_wconf 88' lang='lat' dir='ltr'><strong>navem</strong></span> <span class='ocrx_word' id='word_1_94' title='bbox 2287 1599 2364 1653; x_wconf 84' lang='lat' dir='ltr'><strong>vi-</strong></span> 
     </span>
    </p>
   </div>
   <div class='ocr_carea' id='block_1_14' title="bbox 792 1693 2365 1765">
    <p class='ocr_par' dir='ltr' id='par_1_14' title="bbox 792 1693 2365 1765">
     <span class='ocr_line' id='line_1_14' title="bbox 792 1693 2365 1765; baseline -0.004 -13"><span class='ocrx_word' id='word_1_95' title='bbox 792 1698 1025 1753; x_wconf 89' lang='lat' dir='ltr'><strong>debatur</strong></span> <span class='ocrx_word' id='word_1_96' title='bbox 1075 1697 1332 1765; x_wconf 80' lang='lat' dir='ltr'><strong>dirigere.</strong></span> <span class='ocrx_word' id='word_1_97' title='bbox 1385 1695 1591 1750; x_wconf 82' lang='lat' dir='ltr'><strong>Deinde</strong></span> <span class='ocrx_word' id='word_1_98' title='bbox 1641 1695 1805 1750; x_wconf 89' lang='lat' dir='ltr'><strong>etiam</strong></span> <span class='ocrx_word' id='word_1_99' title='bbox 1862 1709 2012 1749; x_wconf 90' lang='lat' dir='ltr'><strong>mare</strong></span> <span class='ocrx_word' id='word_1_100' title='bbox 2074 1693 2365 1763; x_wconf 82' lang='lat' dir='ltr'><strong>increpans</strong></span> 
     </span>
    </p>
   </div>
   <div class='ocr_carea' id='block_1_15' title="bbox 793 1787 2360 1857">
    <p class='ocr_par' dir='ltr' id='par_1_15' title="bbox 793 1787 2360 1857">
     <span class='ocr_line' id='line_1_15' title="bbox 793 1787 2360 1857; baseline -0.005 -10"><span class='ocrx_word' id='word_1_101' title='bbox 793 1792 949 1847; x_wconf 79' lang='lat' dir='ltr'><strong>sedat</strong></span> <span class='ocrx_word' id='word_1_102' title='bbox 979 1793 1177 1844; x_wconf 81' lang='lat' dir='ltr'><strong>ﬂuctus</strong></span> <span class='ocrx_word' id='word_1_103' title='bbox 1214 1801 1267 1843; x_wconf 87' lang='lat' dir='ltr'><strong>et</strong></span> <span class='ocrx_word' id='word_1_104' title='bbox 1292 1788 1562 1852; x_wconf 89' lang='lat' dir='ltr'><strong>turbines,</strong></span> <span class='ocrx_word' id='word_1_105' title='bbox 1609 1799 1663 1842; x_wconf 89' lang='lat' dir='ltr'><strong>et</strong></span> <span class='ocrx_word' id='word_1_106' title='bbox 1694 1788 1795 1840; x_wconf 89' lang='lat' dir='ltr'><strong>alia</strong></span> <span class='ocrx_word' id='word_1_107' title='bbox 1833 1787 1968 1840; x_wconf 90' lang='lat' dir='ltr'><strong>mala</strong></span> <span class='ocrx_word' id='word_1_108' title='bbox 1997 1787 2360 1857; x_wconf 84' lang='lat' dir='ltr'><strong>tempestatis,</strong></span> 
     </span>
    </p>
   </div>
   <div class='ocr_carea' id='block_1_16' title="bbox 793 1878 2362 1954">
    <p class='ocr_par' dir='ltr' id='par_1_16' title="bbox 793 1878 2362 1954">
     <span class='ocr_line' id='line_1_16' title="bbox 793 1878 2362 1954; baseline -0.003 -18"><span class='ocrx_word' id='word_1_109' title='bbox 793 1883 1073 1954; x_wconf 92' lang='lat' dir='ltr'><strong>quomodo</strong></span> <span class='ocrx_word' id='word_1_110' title='bbox 1104 1883 1254 1951; x_wconf 85' lang='lat' dir='ltr'><strong>prius</strong></span> <span class='ocrx_word' id='word_1_111' title='bbox 1280 1898 1499 1950; x_wconf 89' lang='lat' dir='ltr'><strong>quoque</strong></span> <span class='ocrx_word' id='word_1_112' title='bbox 1556 1895 1709 1933; x_wconf 88' lang='lat' dir='ltr'><strong>meus</strong></span> <span class='ocrx_word' id='word_1_113' title='bbox 1760 1880 1939 1938; x_wconf 88' lang='lat' dir='ltr'><strong>.lcsus.</strong></span> <span class='ocrx_word' id='word_1_114' title='bbox 1972 1889 2027 1933; x_wconf 90' lang='lat' dir='ltr'><strong>et</strong></span> <span class='ocrx_word' id='word_1_115' title='bbox 2055 1881 2132 1934; x_wconf 87' lang='lat' dir='ltr'><strong>sic</strong></span> <span class='ocrx_word' id='word_1_116' title='bbox 2167 1880 2247 1932; x_wconf 90' lang='lat' dir='ltr'><strong>cis</strong></span> <span class='ocrx_word' id='word_1_117' title='bbox 2285 1878 2362 1931; x_wconf 76' lang='grc' dir='ltr'>[ιι-</span> 
     </span>
    </p>
   </div>
   <div class='ocr_carea' id='block_1_17' title="bbox 795 1971 2360 2042">
    <p class='ocr_par' dir='ltr' id='par_1_17' title="bbox 795 1971 2360 2042">
     <span class='ocr_line' id='line_1_17' title="bbox 795 1971 2360 2042; baseline -0.004 -11"><span class='ocrx_word' id='word_1_118' title='bbox 795 1978 957 2031; x_wconf 90' lang='lat' dir='ltr'><strong>cilem</strong></span> <span class='ocrx_word' id='word_1_119' title='bbox 987 1987 1042 2030; x_wconf 89' lang='lat' dir='ltr'><strong>ct</strong></span> <span class='ocrx_word' id='word_1_120' title='bbox 1075 1973 1421 2042; x_wconf 88' lang='lat' dir='ltr'><strong>tranquillam</strong></span> <span class='ocrx_word' id='word_1_121' title='bbox 1479 1975 1684 2041; x_wconf 57' lang='lat' dir='ltr'><strong>praebet</strong></span> <span class='ocrx_word' id='word_1_122' title='bbox 1729 1973 2158 2042; x_wconf 81' lang='lat' dir='ltr'><strong>navigationem.</strong></span> <span class='ocrx_word' id='word_1_123' title='bbox 2222 1971 2360 2025; x_wconf 90' lang='lat' dir='ltr'><strong>Cum</strong></span> 
     </span>
    </p>
   </div>
   <div class='ocr_carea' id='block_1_18' title="bbox 793 2064 2364 2133">
    <p class='ocr_par' dir='ltr' id='par_1_18' title="bbox 793 2064 2364 2133">
     <span class='ocr_line' id='line_1_18' title="bbox 793 2064 2364 2133; baseline -0.004 -11"><span class='ocrx_word' id='word_1_124' title='bbox 793 2081 974 2122; x_wconf 88' lang='lat' dir='ltr'><strong>autem</strong></span> <span class='ocrx_word' id='word_1_125' title='bbox 1001 2085 1094 2121; x_wconf 79' lang='lat' dir='ltr'><strong>eos</strong></span> <span class='ocrx_word' id='word_1_126' title='bbox 1124 2068 1229 2119; x_wconf 90' lang='lat' dir='ltr'><strong>leni</strong></span> <span class='ocrx_word' id='word_1_127' title='bbox 1267 2076 1321 2119; x_wconf 87' lang='lat' dir='ltr'><strong>et</strong></span> <span class='ocrx_word' id='word_1_128' title='bbox 1374 2066 1588 2133; x_wconf 78' lang='lat' dir='ltr'><strong>placido</strong></span> <span class='ocrx_word' id='word_1_129' title='bbox 1630 2076 1814 2119; x_wconf 85' lang='lat' dir='ltr'><strong>vectos</strong></span> <span class='ocrx_word' id='word_1_130' title='bbox 1868 2075 2012 2118; x_wconf 84' lang='lat' dir='ltr'><strong>terra</strong></span> <span class='ocrx_word' id='word_1_131' title='bbox 2071 2064 2307 2132; x_wconf 81' lang='lat' dir='ltr'><strong>excepit.</strong></span> <span class='ocrx_word' id='word_1_132' title='bbox 2334 2079 2364 2116; x_wconf 91' lang='lat' dir='ltr'><strong>e</strong></span> 
     </span>
    </p>
   </div>
   <div class='ocr_carea' id='block_1_19' title="bbox 795 2155 2366 2215">
    <p class='ocr_par' dir='ltr' id='par_1_19' title="bbox 795 2155 2366 2215">
     <span class='ocr_line' id='line_1_19' title="bbox 795 2155 2366 2215; baseline -0.003 -1"><span class='ocrx_word' id='word_1_133' title='bbox 795 2163 917 2215; x_wconf 71' lang='lat' dir='ltr'><strong>navi</strong></span> <span class='ocrx_word' id='word_1_134' title='bbox 963 2161 1363 2213; x_wconf 85' lang='lat' dir='ltr'><strong>descendentes</strong></span> <span class='ocrx_word' id='word_1_135' title='bbox 1393 2159 1799 2211; x_wconf 56' lang='lat' dir='ltr'><strong>contendebant</strong></span> <span class='ocrx_word' id='word_1_136' title='bbox 1849 2158 1914 2210; x_wconf 89' lang='lat' dir='ltr'><strong>ad</strong></span> <span class='ocrx_word' id='word_1_137' title='bbox 1949 2172 2072 2210; x_wconf 90' lang='lat' dir='ltr'><strong>eum</strong></span> <span class='ocrx_word' id='word_1_138' title='bbox 2105 2155 2366 2210; x_wconf 87' lang='lat' dir='ltr'><strong>accedere</strong></span> 
     </span>
    </p>
   </div>
   <div class='ocr_carea' id='block_1_20' title="bbox 792 2252 2370 2323">
    <p class='ocr_par' dir='ltr' id='par_1_20' title="bbox 792 2252 2370 2323">
     <span class='ocr_line' id='line_1_20' title="bbox 792 2252 2370 2323; baseline -0.003 -16"><span class='ocrx_word' id='word_1_139' title='bbox 792 2258 884 2323; x_wconf 85' lang='lat' dir='ltr'><strong>qui</strong></span> <span class='ocrx_word' id='word_1_140' title='bbox 938 2271 1032 2307; x_wconf 82' lang='lat' dir='ltr'><strong>eos</strong></span> <span class='ocrx_word' id='word_1_141' title='bbox 1095 2255 1351 2307; x_wconf 76' lang='lat' dir='ltr'><strong>liberarat</strong></span> <span class='ocrx_word' id='word_1_142' title='bbox 1398 2267 1425 2305; x_wconf 91' lang='lat' dir='ltr'><strong>a</strong></span> <span class='ocrx_word' id='word_1_143' title='bbox 1489 2253 1750 2320; x_wconf 79' lang='lat' dir='ltr'><strong>periculo.</strong></span> <span class='ocrx_word' id='word_1_144' title='bbox 1809 2252 2008 2304; x_wconf 79' lang='lat' dir='ltr'><strong>Deinde</strong></span> <span class='ocrx_word' id='word_1_145' title='bbox 2052 2265 2175 2304; x_wconf 90' lang='lat' dir='ltr'><strong>cum</strong></span> <span class='ocrx_word' id='word_1_146' title='bbox 2213 2263 2370 2303; x_wconf 85' lang='lat' dir='ltr'><strong>acce-</strong></span> 
     </span>
    </p>
   </div>
   <div class='ocr_carea' id='block_1_21' title="bbox 797 2336 2366 2415">
    <p class='ocr_par' dir='ltr' id='par_1_21' title="bbox 797 2336 2366 2415">
     <span class='ocr_line' id='line_1_21' title="bbox 797 2336 2366 2415; baseline -0.004 -20"><span class='ocrx_word' id='word_1_147' title='bbox 797 2349 1003 2415; x_wconf 57' lang='lat' dir='ltr'><strong>pissent</strong></span> <span class='ocrx_word' id='word_1_148' title='bbox 1042 2359 1163 2395; x_wconf 83' lang='lat' dir='ltr'><strong>eunt</strong></span> <span class='ocrx_word' id='word_1_149' title='bbox 1206 2342 1367 2394; x_wconf 85' lang='lat' dir='ltr'><strong>ivisse</strong></span> <span class='ocrx_word' id='word_1_150' title='bbox 1421 2342 1484 2393; x_wconf 90' lang='lat' dir='ltr'><strong>ad</strong></span> <span class='ocrx_word' id='word_1_151' title='bbox 1524 2341 1832 2401; x_wconf 79' lang='lat' dir='ltr'><strong>ecclesiam,</strong></span> <span class='ocrx_word' id='word_1_152' title='bbox 1870 2339 2075 2390; x_wconf 83' lang='lat' dir='ltr'><strong>vadunt</strong></span> <span class='ocrx_word' id='word_1_153' title='bbox 2127 2336 2193 2390; x_wconf 84' lang='lat' dir='ltr'><strong>ad</strong></span> <span class='ocrx_word' id='word_1_154' title='bbox 2228 2348 2366 2389; x_wconf 55' lang='lat' dir='ltr'><strong>tem-</strong></span> 
     </span>
    </p>
   </div>
   <div class='ocr_carea' id='block_1_22' title="bbox 796 2430 2366 2504">
    <p class='ocr_par' dir='ltr' id='par_1_22' title="bbox 796 2430 2366 2504">
     <span class='ocr_line' id='line_1_22' title="bbox 796 2430 2366 2504; baseline -0.003 -20"><span class='ocrx_word' id='word_1_155' title='bbox 796 2435 1172 2504; x_wconf 61' lang='lat' dir='ltr'><strong>pluunAtquc</strong></span> <span class='ocrx_word' id='word_1_156' title='bbox 1211 2434 1299 2486; x_wconf 89' lang='lat' dir='ltr'><strong>ille</strong></span> <span class='ocrx_word' id='word_1_157' title='bbox 1333 2434 1553 2500; x_wconf 76' lang='lat' dir='ltr'><strong>quidem</strong></span> <span class='ocrx_word' id='word_1_158' title='bbox 1605 2448 1727 2483; x_wconf 85' lang='lat' dir='ltr'><strong>cum</strong></span> <span class='ocrx_word' id='word_1_159' title='bbox 1784 2446 1841 2483; x_wconf 83' lang='lat' dir='ltr'><strong>se</strong></span> <span class='ocrx_word' id='word_1_160' title='bbox 1891 2430 2110 2483; x_wconf 79' lang='lat' dir='ltr'><strong>fecisset</strong></span> <span class='ocrx_word' id='word_1_161' title='bbox 2157 2438 2366 2495; x_wconf 89' lang='lat' dir='ltr'><strong>partem</strong></span> 
     </span>
    </p>
   </div>
   <div class='ocr_carea' id='block_1_23' title="bbox 796 2519 2367 2588">
    <p class='ocr_par' dir='ltr' id='par_1_23' title="bbox 796 2519 2367 2588">
     <span class='ocr_line' id='line_1_23' title="bbox 796 2519 2367 2588; baseline -0.006 -9"><span class='ocrx_word' id='word_1_162' title='bbox 796 2528 953 2588; x_wconf 83' lang='lat' dir='ltr'><strong>clcrt,</strong></span> <span class='ocrx_word' id='word_1_163' title='bbox 1008 2526 1185 2578; x_wconf 84' lang='lat' dir='ltr'><strong>stabat</strong></span> <span class='ocrx_word' id='word_1_164' title='bbox 1239 2539 1362 2575; x_wconf 89' lang='lat' dir='ltr'><strong>cum</strong></span> <span class='ocrx_word' id='word_1_165' title='bbox 1409 2522 1547 2575; x_wconf 82' lang='lat' dir='ltr'><strong>aliis.</strong></span> <span class='ocrx_word' id='word_1_166' title='bbox 1606 2522 1683 2573; x_wconf 88' lang='lat' dir='ltr'><strong>llli</strong></span> <span class='ocrx_word' id='word_1_167' title='bbox 1730 2532 1912 2572; x_wconf 88' lang='lat' dir='ltr'><strong>autem</strong></span> <span class='ocrx_word' id='word_1_168' title='bbox 1963 2535 2086 2572; x_wconf 90' lang='lat' dir='ltr'><strong>cum</strong></span> <span class='ocrx_word' id='word_1_169' title='bbox 2142 2519 2195 2572; x_wconf 91' lang='lat' dir='ltr'><strong>in</strong></span> <span class='ocrx_word' id='word_1_170' title='bbox 2241 2532 2367 2571; x_wconf 85' lang='lat' dir='ltr'><strong>eum</strong></span> 
     </span>
    </p>
   </div>
   <div class='ocr_carea' id='block_1_24' title="bbox 797 2611 2369 2682">
    <p class='ocr_par' dir='ltr' id='par_1_24' title="bbox 797 2611 2369 2682">
     <span class='ocr_line' id='line_1_24' title="bbox 797 2611 2369 2682; baseline -0.005 -11"><span class='ocrx_word' id='word_1_171' title='bbox 797 2620 1164 2681; x_wconf 78' lang='lat' dir='ltr'><strong>coniecissent</strong></span> <span class='ocrx_word' id='word_1_172' title='bbox 1191 2618 1386 2668; x_wconf 87' lang='lat' dir='ltr'><strong>oculos</strong></span> <span class='ocrx_word' id='word_1_173' title='bbox 1410 2617 1502 2682; x_wconf 88' lang='lat' dir='ltr'><strong>qui</strong></span> <span class='ocrx_word' id='word_1_174' title='bbox 1542 2631 1645 2667; x_wconf 87' lang='lat' dir='ltr'><strong>non</strong></span> <span class='ocrx_word' id='word_1_175' title='bbox 1673 2623 1790 2666; x_wconf 91' lang='lat' dir='ltr'><strong>erat</strong></span> <span class='ocrx_word' id='word_1_176' title='bbox 1839 2613 1920 2667; x_wconf 90' lang='lat' dir='ltr'><strong>eis</strong></span> <span class='ocrx_word' id='word_1_177' title='bbox 1978 2611 2130 2680; x_wconf 85' lang='lat' dir='ltr'><strong>prius</strong></span> <span class='ocrx_word' id='word_1_178' title='bbox 2178 2611 2369 2680; x_wconf 77' lang='lat' dir='ltr'><strong>cogni-</strong></span> 
     </span>
    </p>
   </div>
   <div class='ocr_carea' id='block_1_25' title="bbox 800 2704 2369 2779">
    <p class='ocr_par' dir='ltr' id='par_1_25' title="bbox 800 2704 2369 2779">
     <span class='ocr_line' id='line_1_25' title="bbox 800 2704 2369 2779; baseline -0.005 -15"><span class='ocrx_word' id='word_1_179' title='bbox 800 2723 909 2774; x_wconf 83' lang='lat' dir='ltr'><strong>tus,</strong></span> <span class='ocrx_word' id='word_1_180' title='bbox 931 2728 994 2764; x_wconf 76' lang='lat' dir='ltr'><strong>ex</strong></span> <span class='ocrx_word' id='word_1_181' title='bbox 1019 2727 1080 2764; x_wconf 79' lang='lat' dir='ltr'><strong>ea</strong></span> <span class='ocrx_word' id='word_1_182' title='bbox 1112 2726 1233 2779; x_wconf 74' lang='lat' dir='ltr'><strong>quae</strong></span> <span class='ocrx_word' id='word_1_183' title='bbox 1267 2710 1347 2762; x_wconf 92' lang='lat' dir='ltr'><strong>eis</strong></span> <span class='ocrx_word' id='word_1_184' title='bbox 1377 2710 1430 2760; x_wconf 90' lang='lat' dir='ltr'><strong>in</strong></span> <span class='ocrx_word' id='word_1_185' title='bbox 1458 2708 1590 2760; x_wconf 86' lang='lat' dir='ltr'><strong>inari</strong></span> <span class='ocrx_word' id='word_1_186' title='bbox 1628 2706 1766 2759; x_wconf 81' lang='lat' dir='ltr'><strong>facta</strong></span> <span class='ocrx_word' id='word_1_187' title='bbox 1805 2704 1979 2758; x_wconf 76' lang='lat' dir='ltr'><strong>fuerat</strong></span> <span class='ocrx_word' id='word_1_188' title='bbox 2006 2704 2369 2774; x_wconf 82' lang='lat' dir='ltr'><strong>apparitione,</strong></span> 
     </span>
    </p>
   </div>
   <div class='ocr_carea' id='block_1_26' title="bbox 804 2793 2372 2868">
    <p class='ocr_par' dir='ltr' id='par_1_26' title="bbox 804 2793 2372 2868">
     <span class='ocr_line' id='line_1_26' title="bbox 804 2793 2372 2868; baseline -0.006 -14"><span class='ocrx_word' id='word_1_189' title='bbox 804 2818 929 2854; x_wconf 88' lang='lat' dir='ltr'><strong>eum</strong></span> <span class='ocrx_word' id='word_1_190' title='bbox 961 2803 1226 2855; x_wconf 90' lang='lat' dir='ltr'><strong>continuo</strong></span> <span class='ocrx_word' id='word_1_191' title='bbox 1287 2806 1668 2868; x_wconf 79' lang='lat' dir='ltr'><strong>agnoverunt:</strong></span> <span class='ocrx_word' id='word_1_192' title='bbox 1703 2807 1759 2850; x_wconf 91' lang='lat' dir='ltr'><strong>et</strong></span> <span class='ocrx_word' id='word_1_193' title='bbox 1798 2804 2148 2850; x_wconf 87' lang='lat' dir='ltr'><strong>accurrentes</strong></span> <span class='ocrx_word' id='word_1_194' title='bbox 2195 2793 2372 2862; x_wconf 86' lang='lat' dir='ltr'><strong>proci-</strong></span> 
     </span>
    </p>
   </div>
   <div class='ocr_carea' id='block_1_27' title="bbox 802 2888 2375 2965">
    <p class='ocr_par' dir='ltr' id='par_1_27' title="bbox 802 2888 2375 2965">
     <span class='ocr_line' id='line_1_27' title="bbox 802 2888 2375 2965; baseline -0.006 -16"><span class='ocrx_word' id='word_1_195' title='bbox 802 2898 940 2949; x_wconf 90' lang='lat' dir='ltr'><strong>dunt</strong></span> <span class='ocrx_word' id='word_1_196' title='bbox 975 2896 1039 2948; x_wconf 91' lang='lat' dir='ltr'><strong>ad</strong></span> <span class='ocrx_word' id='word_1_197' title='bbox 1071 2897 1189 2965; x_wconf 78' lang='lat' dir='ltr'><strong>ejus</strong></span> <span class='ocrx_word' id='word_1_198' title='bbox 1222 2893 1409 2963; x_wconf 75' lang='lat' dir='ltr'><strong>pedes,</strong></span> <span class='ocrx_word' id='word_1_199' title='bbox 1442 2901 1496 2944; x_wconf 90' lang='lat' dir='ltr'><strong>et</strong></span> <span class='ocrx_word' id='word_1_200' title='bbox 1550 2891 1732 2960; x_wconf 84' lang='lat' dir='ltr'><strong>lingua</strong></span> <span class='ocrx_word' id='word_1_201' title='bbox 1784 2888 2005 2958; x_wconf 91' lang='lat' dir='ltr'><strong>quidem</strong></span> <span class='ocrx_word' id='word_1_202' title='bbox 2038 2888 2122 2942; x_wconf 89' lang='lat' dir='ltr'><strong>eis</strong></span> <span class='ocrx_word' id='word_1_203' title='bbox 2189 2901 2375 2940; x_wconf 78' lang='lat' dir='ltr'><strong>move—</strong></span> 
     </span>
    </p>
   </div>
   <div class='ocr_carea' id='block_1_28' title="bbox 803 2980 2373 3057">
    <p class='ocr_par' dir='ltr' id='par_1_28' title="bbox 803 2980 2373 3057">
     <span class='ocr_line' id='line_1_28' title="bbox 803 2980 2373 3057; baseline -0.009 -14"><span class='ocrx_word' id='word_1_204' title='bbox 803 2991 968 3043; x_wconf 86' lang='lat' dir='ltr'><strong>batur</strong></span> <span class='ocrx_word' id='word_1_205' title='bbox 1001 2988 1064 3041; x_wconf 90' lang='lat' dir='ltr'><strong>ad</strong></span> <span class='ocrx_word' id='word_1_206' title='bbox 1086 2989 1324 3057; x_wconf 79' lang='lat' dir='ltr'><strong>agendas</strong></span> <span class='ocrx_word' id='word_1_207' title='bbox 1349 2986 1549 3053; x_wconf 80' lang='lat' dir='ltr'><strong>gratias</strong></span> <span class='ocrx_word' id='word_1_208' title='bbox 1576 3002 1588 3035; x_wconf 84' lang='lat'><strong>;</strong></span> <span class='ocrx_word' id='word_1_209' title='bbox 1619 2983 1781 3036; x_wconf 82' lang='lat' dir='ltr'><strong>simul</strong></span> <span class='ocrx_word' id='word_1_210' title='bbox 1816 2997 1948 3036; x_wconf 91' lang='lat' dir='ltr'><strong>vero</strong></span> <span class='ocrx_word' id='word_1_211' title='bbox 1983 2997 2106 3034; x_wconf 90' lang='lat' dir='ltr'><strong>cum</strong></span> <span class='ocrx_word' id='word_1_212' title='bbox 2125 2995 2189 3034; x_wconf 89' lang='lat' dir='ltr'><strong>ea</strong></span> <span class='ocrx_word' id='word_1_213' title='bbox 2213 2980 2373 3030; x_wconf 69' lang='lat' dir='ltr'><strong>etiam</strong></span> 
     </span>
    </p>
   </div>
   <div class='ocr_carea' id='block_1_29' title="bbox 806 3071 2375 3152">
    <p class='ocr_par' dir='ltr' id='par_1_29' title="bbox 806 3071 2375 3152">
     <span class='ocr_line' id='line_1_29' title="bbox 806 3071 2375 3152; baseline -0.009 -15"><span class='ocrx_word' id='word_1_214' title='bbox 806 3083 1138 3152; x_wconf 87' lang='lat' dir='ltr'><strong>loquebatur</strong></span> <span class='ocrx_word' id='word_1_215' title='bbox 1168 3083 1406 3141; x_wconf 89' lang='lat' dir='ltr'><strong>animus,</strong></span> <span class='ocrx_word' id='word_1_216' title='bbox 1441 3093 1631 3131; x_wconf 86' lang='lat' dir='ltr'><strong>eorum</strong></span> <span class='ocrx_word' id='word_1_217' title='bbox 1654 3092 1775 3146; x_wconf 73' lang='lat' dir='ltr'><strong>qua:</strong></span> <span class='ocrx_word' id='word_1_218' title='bbox 1798 3090 1990 3145; x_wconf 88' lang='lat' dir='ltr'><strong>passus</strong></span> <span class='ocrx_word' id='word_1_219' title='bbox 2016 3083 2071 3129; x_wconf 88' lang='lat' dir='ltr'><strong>et</strong></span> <span class='ocrx_word' id='word_1_220' title='bbox 2099 3071 2375 3141; x_wconf 76' lang='lat' dir='ltr'><strong>Quomodo</strong></span> 
     </span>
    </p>
   </div>
   <div class='ocr_carea' id='block_1_30' title="bbox 2007 371 2766 434">
    <p class='ocr_par' dir='ltr' id='par_1_30' title="bbox 2007 371 2766 434">
     <span class='ocr_line' id='line_1_30' title="bbox 2007 371 2766 434; baseline -0.004 -1"><span class='ocrx_word' id='word_1_221' title='bbox 2007 373 2169 433; x_wconf 75' lang='grc' dir='ltr'><strong>ΜΕΝ</strong></span> <span class='ocrx_word' id='word_1_222' title='bbox 2187 371 2292 431; x_wconf 39' lang='lat' dir='ltr'><strong>{IS</strong></span> <span class='ocrx_word' id='word_1_223' title='bbox 2338 371 2584 434; x_wconf 79' lang='lat' dir='ltr'><strong>DECEM</strong></span> <span class='ocrx_word' id='word_1_224' title='bbox 2598 372 2766 433; x_wconf 76' lang='lat' dir='ltr'><strong>BER.</strong></span> 
     </span>
    </p>
   </div>
   <div class='ocr_carea' id='block_1_31' title="bbox 782 483 2464 562">
    <p class='ocr_par' dir='ltr' id='par_1_31' title="bbox 782 483 2464 562">
     <span class='ocr_line' id='line_1_31' title="bbox 782 483 2464 562; baseline -0.005 -14"><span class='ocrx_word' id='word_1_225' title='bbox 782 498 968 562; x_wconf 85' lang='lat' dir='ltr'><strong>itaque</strong></span> <span class='ocrx_word' id='word_1_226' title='bbox 996 488 1292 558; x_wconf 85' lang='lat' dir='ltr'><strong>aliquando</strong></span> <span class='ocrx_word' id='word_1_227' title='bbox 1317 490 1371 542; x_wconf 87' lang='lat' dir='ltr'><strong>in</strong></span> <span class='ocrx_word' id='word_1_228' title='bbox 1398 503 1644 558; x_wconf 80' lang='lat' dir='ltr'><strong>magnam</strong></span> <span class='ocrx_word' id='word_1_229' title='bbox 1664 487 1914 541; x_wconf 83' lang='lat' dir='ltr'><strong>incidunt</strong></span> <span class='ocrx_word' id='word_1_230' title='bbox 1950 495 2347 553; x_wconf 68' lang='grc' dir='ltr'>ιοιιιῃρειδιινιι,</span> <span class='ocrx_word' id='word_1_231' title='bbox 2383 483 2428 540; x_wconf 83' lang='grc' dir='ltr'>Α</span> <span class='ocrx_word' id='word_1_232' title='bbox 2458 503 2464 515; x_wconf 66' lang='grc' dir='ltr'><strong>ι</strong></span> 
     </span>
    </p>
   </div>
   <div class='ocr_carea' id='block_1_32' title="bbox 1894 483 3576 562">
    <p class='ocr_par' dir='ltr' id='par_1_32' title="bbox 1896 483 3576 556">
     <span class='ocr_line' id='line_1_32' title="bbox 1896 483 3576 556; baseline 0.001 -18"><span class='ocrx_word' id='word_1_233' title='bbox 1896 494 1914 537; x_wconf 90' lang='lat' dir='ltr'><strong>t</strong></span> <span class='ocrx_word' id='word_1_234' title='bbox 1950 495 2347 553; x_wconf 63' lang='lat' dir='ltr'><strong>tempestati-ni,</strong></span> <span class='ocrx_word' id='word_1_235' title='bbox 2383 483 2428 540; x_wconf 82' lang='grc' dir='ltr'>Α</span> <span class='ocrx_word' id='word_1_236' title='bbox 2458 501 2588 535; x_wconf 86' lang='grc' dir='ltr'>ποτε</span> <span class='ocrx_word' id='word_1_237' title='bbox 2622 484 2854 536; x_wconf 81' lang='grc' dir='ltr'><strong>κλύδωνι</strong></span> <span class='ocrx_word' id='word_1_238' title='bbox 2883 485 3112 555; x_wconf 85' lang='grc' dir='ltr'>χαλεπῷ</span> <span class='ocrx_word' id='word_1_239' title='bbox 3165 486 3576 556; x_wconf 72' lang='grc' dir='ltr'><strong>περιτυχόντες,</strong></span> 
     </span>
    </p>
   </div>
   <div class='ocr_carea' id='block_1_33' title="bbox 3931 374 4039 438">
    <p class='ocr_par' dir='ltr' id='par_1_33' title="bbox 3931 374 4039 438">
     <span class='ocr_line' id='line_1_33' title="bbox 3931 374 4039 438; baseline 0.028 -3"><span class='ocrx_word' id='word_1_240' title='bbox 3931 374 4039 438; x_wconf 76' lang='grc'><strong>352</strong></span> 
     </span>
    </p>
   </div>
   <div class='ocr_carea' id='block_1_34' title="bbox 3637 487 4038 558">
    <p class='ocr_par' dir='ltr' id='par_1_34' title="bbox 3637 487 4038 558">
     <span class='ocr_line' id='line_1_34' title="bbox 3637 487 4038 558; baseline 0.002 -18"><span class='ocrx_word' id='word_1_241' title='bbox 3637 487 3776 540; x_wconf 77' lang='grc' dir='ltr'>ὥστε</span> <span class='ocrx_word' id='word_1_242' title='bbox 3833 488 3934 558; x_wconf 79' lang='grc' dir='ltr'>τὴν</span> <span class='ocrx_word' id='word_1_243' title='bbox 3979 491 4038 541; x_wconf 86' lang='grc' dir='ltr'><strong>ἐν</strong></span> 
     </span>
    </p>
   </div>
   <div class='ocr_carea' id='block_1_35' title="bbox 2456 579 4039 651">
    <p class='ocr_par' dir='ltr' id='par_1_35' title="bbox 2456 579 4039 651">
     <span class='ocr_line' id='line_1_35' title="bbox 2456 579 4039 651; baseline 0.002 -22"><span class='ocrx_word' id='word_1_244' title='bbox 2456 580 2644 647; x_wconf 78' lang='grc' dir='ltr'>χερσὶν</span> <span class='ocrx_word' id='word_1_245' title='bbox 2665 579 2884 631; x_wconf 73' lang='grc' dir='ltr'>ἃπασαν</span> <span class='ocrx_word' id='word_1_246' title='bbox 2914 579 3172 632; x_wconf 80' lang='grc' dir='ltr'><strong>ἀπειπεῖν</strong></span> <span class='ocrx_word' id='word_1_247' title='bbox 3201 581 3505 650; x_wconf 79' lang='grc' dir='ltr'><strong>σωτηρίαν,</strong></span> <span class='ocrx_word' id='word_1_248' title='bbox 3530 580 3716 651; x_wconf 80' lang='grc' dir='ltr'>ἐπειδὴ</span> <span class='ocrx_word' id='word_1_249' title='bbox 3743 582 3835 632; x_wconf 72' lang='grc' dir='ltr'><strong>τον</strong></span> <span class='ocrx_word' id='word_1_250' title='bbox 3861 580 4039 650; x_wconf 83' lang='grc' dir='ltr'>μέγαν</span> 
     </span>
    </p>
   </div>
   <div class='ocr_carea' id='block_1_36' title="bbox 2457 670 4039 742">
    <p class='ocr_par' dir='ltr' id='par_1_36' title="bbox 2457 670 4039 742">
     <span class='ocr_line' id='line_1_36' title="bbox 2457 670 4039 742; baseline 0.002 -19"><span class='ocrx_word' id='word_1_251' title='bbox 2457 671 2722 723; x_wconf 73' lang='grc' dir='ltr'><strong>Νικόλαον</strong></span> <span class='ocrx_word' id='word_1_252' title='bbox 2750 670 2930 734; x_wconf 76' lang='grc' dir='ltr'>ὀξεῖαν</span> <span class='ocrx_word' id='word_1_253' title='bbox 2953 672 3009 725; x_wconf 78' lang='grc' dir='ltr'><strong>ἐν</strong></span> <span class='ocrx_word' id='word_1_254' title='bbox 3047 674 3225 725; x_wconf 82' lang='grc' dir='ltr'>τοῖσδε</span> <span class='ocrx_word' id='word_1_255' title='bbox 3255 675 3367 736; x_wconf 77' lang='grc' dir='ltr'>τοῖς</span> <span class='ocrx_word' id='word_1_256' title='bbox 3388 672 3532 742; x_wconf 76' lang='grc' dir='ltr'>παρ’</span> <span class='ocrx_word' id='word_1_257' title='bbox 3557 672 3747 725; x_wconf 79' lang='grc' dir='ltr'><strong>ἐλπίδα</strong></span> <span class='ocrx_word' id='word_1_258' title='bbox 3779 673 4039 742; x_wconf 75' lang='grc' dir='ltr'>βοήθειαν</span> 
     </span>
    </p>
   </div>
   <div class='ocr_carea' id='block_1_37' title="bbox 2457 767 4038 838">
    <p class='ocr_par' dir='ltr' id='par_1_37' title="bbox 2457 767 4038 838">
     <span class='ocr_line' id='line_1_37' title="bbox 2457 767 4038 838; baseline 0.001 -19"><span class='ocrx_word' id='word_1_259' title='bbox 2457 767 2561 819; x_wconf 73' lang='grc' dir='ltr'><strong>ὑπὸ</strong></span> <span class='ocrx_word' id='word_1_260' title='bbox 2587 767 2684 836; x_wconf 77' lang='grc' dir='ltr'>τῆς</span> <span class='ocrx_word' id='word_1_261' title='bbox 2713 767 2900 838; x_wconf 81' lang='grc' dir='ltr'><strong>φήμης</strong></span> <span class='ocrx_word' id='word_1_262' title='bbox 2934 768 3260 837; x_wconf 75' lang='grc' dir='ltr'>ἐμάνθανον,</span> <span class='ocrx_word' id='word_1_263' title='bbox 3310 769 3420 822; x_wconf 83' lang='grc' dir='ltr'><strong>ὅλοι</strong></span> <span class='ocrx_word' id='word_1_264' title='bbox 3444 770 3542 838; x_wconf 78' lang='grc' dir='ltr'>τῆς</span> <span class='ocrx_word' id='word_1_265' title='bbox 3574 769 3709 838; x_wconf 81' lang='grc' dir='ltr'>πρὸς</span> <span class='ocrx_word' id='word_1_266' title='bbox 3745 768 3910 821; x_wconf 66' lang='grc' dir='ltr'>αὑτὶν</span> <span class='ocrx_word' id='word_1_267' title='bbox 3947 768 4038 821; x_wconf 80' lang='grc' dir='ltr'>ἐλ-</span> 
     </span>
    </p>
   </div>
   <div class='ocr_carea' id='block_1_38' title="bbox 2458 858 4041 942">
    <p class='ocr_par' dir='ltr' id='par_1_38' title="bbox 2458 858 4041 942">
     <span class='ocr_line' id='line_1_38' title="bbox 2458 858 4041 942; baseline 0 -30"><span class='ocrx_word' id='word_1_268' title='bbox 2458 861 2612 924; x_wconf 84' lang='grc' dir='ltr'>πίδος</span> <span class='ocrx_word' id='word_1_269' title='bbox 2640 861 2937 942; x_wconf 81' lang='grc' dir='ltr'>ἐκκρεμεῖς</span> <span class='ocrx_word' id='word_1_270' title='bbox 2955 858 3118 932; x_wconf 74' lang='grc' dir='ltr'>ἦσαν,</span> <span class='ocrx_word' id='word_1_271' title='bbox 3146 863 3337 916; x_wconf 88' lang='grc' dir='ltr'>τοῦτόν</span> <span class='ocrx_word' id='word_1_272' title='bbox 3363 879 3422 914; x_wconf 86' lang='grc' dir='ltr'><strong>τε</strong></span> <span class='ocrx_word' id='word_1_273' title='bbox 3456 863 3658 932; x_wconf 83' lang='grc' dir='ltr'>νοερῶς</span> <span class='ocrx_word' id='word_1_274' title='bbox 3677 860 4041 925; x_wconf 69' lang='grc' dir='ltr'><strong>ἐξεκαλοῦντο</strong></span> 
     </span>
    </p>
   </div>
   <div class='ocr_carea' id='block_1_39' title="bbox 2458 952 4041 1026">
    <p class='ocr_par' dir='ltr' id='par_1_39' title="bbox 2458 952 4041 1026">
     <span class='ocr_line' id='line_1_39' title="bbox 2458 952 4041 1026; baseline -0.001 -19"><span class='ocrx_word' id='word_1_275' title='bbox 2458 955 2604 1008; x_wconf 77' lang='grc' dir='ltr'>κατὰ</span> <span class='ocrx_word' id='word_1_276' title='bbox 2634 952 2732 1007; x_wconf 88' lang='grc' dir='ltr'><strong>τοῦ</strong></span> <span class='ocrx_word' id='word_1_277' title='bbox 2783 953 3078 1019; x_wconf 84' lang='grc' dir='ltr'>κλύδωνος,</span> <span class='ocrx_word' id='word_1_278' title='bbox 3098 955 3367 1024; x_wconf 74' lang='grc' dir='ltr'>καὶαύτῷ</span> <span class='ocrx_word' id='word_1_279' title='bbox 3409 959 3508 1018; x_wconf 77' lang='grc' dir='ltr'><strong>τὰς</strong></span> <span class='ocrx_word' id='word_1_280' title='bbox 3554 957 3741 1026; x_wconf 83' lang='grc' dir='ltr'>χεῖρας</span> <span class='ocrx_word' id='word_1_281' title='bbox 3777 953 4041 1021; x_wconf 79' lang='grc' dir='ltr'>ἐκθύμως</span> 
     </span>
    </p>
   </div>
   <div class='ocr_carea' id='block_1_40' title="bbox 2458 1043 4042 1116">
    <p class='ocr_par' dir='ltr' id='par_1_40' title="bbox 2458 1043 4042 1116">
     <span class='ocr_line' id='line_1_40' title="bbox 2458 1043 4042 1116; baseline 0.001 -20"><span class='ocrx_word' id='word_1_282' title='bbox 2458 1043 2688 1114; x_wconf 79' lang='grc' dir='ltr'>ὤρεγον,</span> <span class='ocrx_word' id='word_1_283' title='bbox 2745 1050 2840 1098; x_wconf 72' lang='grc' dir='ltr'><strong>καὶ</strong></span> <span class='ocrx_word' id='word_1_284' title='bbox 2877 1047 3046 1116; x_wconf 87' lang='grc' dir='ltr'>μόνης</span> <span class='ocrx_word' id='word_1_285' title='bbox 3076 1046 3352 1116; x_wconf 81' lang='grc' dir='ltr'>ἐξείχοντο</span> <span class='ocrx_word' id='word_1_286' title='bbox 3377 1047 3477 1115; x_wconf 84' lang='grc' dir='ltr'>τῆς</span> <span class='ocrx_word' id='word_1_287' title='bbox 3504 1047 3640 1115; x_wconf 78' lang='grc' dir='ltr'>παρ’</span> <span class='ocrx_word' id='word_1_288' title='bbox 3674 1045 3845 1098; x_wconf 81' lang='grc' dir='ltr'>αὐτοῦ</span> <span class='ocrx_word' id='word_1_289' title='bbox 3907 1045 4042 1116; x_wconf 75' lang='grc' dir='ltr'>βοηο</span> 
     </span>
    </p>
   </div>
   <div class='ocr_carea' id='block_1_41' title="bbox 2461 1137 4041 1209">
    <p class='ocr_par' dir='ltr' id='par_1_41' title="bbox 2461 1137 4041 1209">
     <span class='ocr_line' id='line_1_41' title="bbox 2461 1137 4041 1209; baseline 0.001 -21"><span class='ocrx_word' id='word_1_290' title='bbox 2461 1137 2632 1199; x_wconf 88' lang='grc' dir='ltr'>θείας.</span> <span class='ocrx_word' id='word_1_291' title='bbox 2667 1139 2773 1191; x_wconf 74' lang='grc' dir='ltr'><strong>Καὶ</strong></span> <span class='ocrx_word' id='word_1_292' title='bbox 2807 1138 2865 1201; x_wconf 76' lang='grc' dir='ltr'>ὃς</span> <span class='ocrx_word' id='word_1_293' title='bbox 2900 1139 3022 1191; x_wconf 79' lang='grc' dir='ltr'><strong>ούδέ</strong></span> <span class='ocrx_word' id='word_1_294' title='bbox 3050 1139 3224 1208; x_wconf 75' lang='grc' dir='ltr'>βραχὺ</span> <span class='ocrx_word' id='word_1_295' title='bbox 3258 1139 3534 1209; x_wconf 66' lang='grc' dir='ltr'>μελλήσας</span> <span class='ocrx_word' id='word_1_296' title='bbox 3581 1139 3924 1208; x_wconf 72' lang='grc' dir='ltr'><strong>ἐπιπηδήσας</strong></span> <span class='ocrx_word' id='word_1_297' title='bbox 3974 1140 4041 1206; x_wconf 70' lang='grc' dir='ltr'>τῇ</span> 
     </span>
    </p>
   </div>
   <div class='ocr_carea' id='block_1_42' title="bbox 2463 1226 4047 1302">
    <p class='ocr_par' dir='ltr' id='par_1_42' title="bbox 2463 1226 4047 1302">
     <span class='ocr_line' id='line_1_42' title="bbox 2463 1226 4047 1302; baseline -0.001 -21"><span class='ocrx_word' id='word_1_298' title='bbox 2463 1226 2553 1299; x_wconf 74' lang='grc' dir='ltr'>νηῒ</span> <span class='ocrx_word' id='word_1_299' title='bbox 2583 1231 2787 1291; x_wconf 82' lang='grc' dir='ltr'>ἐπάνω,</span> <span class='ocrx_word' id='word_1_300' title='bbox 2813 1232 2903 1282; x_wconf 67' lang='grc' dir='ltr'><strong>καὶ</strong></span> <span class='ocrx_word' id='word_1_301' title='bbox 2930 1231 3157 1302; x_wconf 72' lang='grc' dir='ltr'>φανερὸς</span> <span class='ocrx_word' id='word_1_302' title='bbox 3191 1235 3301 1293; x_wconf 86' lang='grc' dir='ltr'>τοῖς</span> <span class='ocrx_word' id='word_1_303' title='bbox 3329 1233 3444 1283; x_wconf 84' lang='grc' dir='ltr'>ἐκεῖ</span> <span class='ocrx_word' id='word_1_304' title='bbox 3484 1231 3776 1299; x_wconf 84' lang='grc' dir='ltr'>γενόμενος</span> <span class='ocrx_word' id='word_1_305' title='bbox 3844 1229 4047 1297; x_wconf 79' lang='grc' dir='ltr'>ὀφθαλ-</span> 
     </span>
    </p>
   </div>
   <div class='ocr_carea' id='block_1_43' title="bbox 2467 1322 4046 1392">
    <p class='ocr_par' dir='ltr' id='par_1_43' title="bbox 2467 1322 4046 1392">
     <span class='ocr_line' id='line_1_43' title="bbox 2467 1322 4046 1392; baseline -0.002 -19"><span class='ocrx_word' id='word_1_306' title='bbox 2467 1325 2607 1391; x_wconf 79' lang='grc' dir='ltr'>μοῖς,</span> <span class='ocrx_word' id='word_1_307' title='bbox 2647 1324 2802 1383; x_wconf 76' lang='grc' dir='ltr'>Ἰδοὺ,</span> <span class='ocrx_word' id='word_1_308' title='bbox 2840 1323 3142 1392; x_wconf 74' lang='grc' dir='ltr'>κεκλήκατέ</span> <span class='ocrx_word' id='word_1_309' title='bbox 3169 1341 3258 1391; x_wconf 83' lang='grc' dir='ltr'><strong>με,</strong></span> <span class='ocrx_word' id='word_1_310' title='bbox 3283 1325 3435 1392; x_wconf 61' lang='grc' dir='ltr'>φησὶ,</span> <span class='ocrx_word' id='word_1_311' title='bbox 3471 1323 3566 1375; x_wconf 75' lang='grc' dir='ltr'>καὶ</span> <span class='ocrx_word' id='word_1_312' title='bbox 3597 1322 3880 1391; x_wconf 68' lang='grc' dir='ltr'>βοηθήσων</span> <span class='ocrx_word' id='word_1_313' title='bbox 3913 1322 4046 1386; x_wconf 70' lang='grc' dir='ltr'>ὑμῖν</span> 
     </span>
    </p>
   </div>
   <div class='ocr_carea' id='block_1_44' title="bbox 2465 1410 4071 1485">
    <p class='ocr_par' dir='ltr' id='par_1_44' title="bbox 2465 1410 4071 1485">
     <span class='ocr_line' id='line_1_44' title="bbox 2465 1410 4071 1485; baseline -0.002 -20"><span class='ocrx_word' id='word_1_314' title='bbox 2465 1413 2719 1484; x_wconf 83' lang='grc' dir='ltr'>πάρειμι.</span> <span class='ocrx_word' id='word_1_315' title='bbox 2757 1410 2890 1466; x_wconf 75' lang='grc' dir='ltr'>Εἶτα</span> <span class='ocrx_word' id='word_1_316' title='bbox 2923 1415 3019 1467; x_wconf 77' lang='grc' dir='ltr'><strong>καὶ</strong></span> <span class='ocrx_word' id='word_1_317' title='bbox 3053 1414 3280 1485; x_wconf 75' lang='grc' dir='ltr'>θαρρεῖν</span> <span class='ocrx_word' id='word_1_318' title='bbox 3311 1415 3496 1475; x_wconf 82' lang='grc' dir='ltr'>αὐτοῖς</span> <span class='ocrx_word' id='word_1_319' title='bbox 3551 1412 4071 1480; x_wconf 78' lang='grc' dir='ltr'>διακελευσάμενος</span> 
     </span>
    </p>
   </div>
   <div class='ocr_carea' id='block_1_45' title="bbox 2466 1501 4045 1574">
    <p class='ocr_par' dir='ltr' id='par_1_45' title="bbox 2466 1501 4045 1574">
     <span class='ocr_line' id='line_1_45' title="bbox 2466 1501 4045 1574; baseline -0.005 -16"><span class='ocrx_word' id='word_1_320' title='bbox 2466 1505 2560 1558; x_wconf 89' lang='grc' dir='ltr'><strong>τοῦ</strong></span> <span class='ocrx_word' id='word_1_321' title='bbox 2598 1504 2865 1572; x_wconf 78' lang='grc' dir='ltr'><strong>πηδαλίου</strong></span> <span class='ocrx_word' id='word_1_322' title='bbox 2898 1522 2957 1557; x_wconf 90' lang='grc' dir='ltr'><strong>τε</strong></span> <span class='ocrx_word' id='word_1_323' title='bbox 2986 1505 3324 1573; x_wconf 78' lang='grc' dir='ltr'>ἐλαμϐάνετο</span> <span class='ocrx_word' id='word_1_324' title='bbox 3359 1504 3464 1557; x_wconf 71' lang='grc' dir='ltr'><strong>ὑπὸ</strong></span> <span class='ocrx_word' id='word_1_325' title='bbox 3487 1504 3587 1574; x_wconf 78' lang='grc' dir='ltr'>τὴν</span> <span class='ocrx_word' id='word_1_326' title='bbox 3642 1504 3862 1555; x_wconf 76' lang='grc' dir='ltr'>πάντων</span> <span class='ocrx_word' id='word_1_327' title='bbox 3895 1501 4045 1570; x_wconf 58' lang='grc' dir='ltr'>ὄψιν,</span> 
     </span>
    </p>
   </div>
   <div class='ocr_carea' id='block_1_46' title="bbox 2469 1593 4048 1670">
    <p class='ocr_par' dir='ltr' id='par_1_46' title="bbox 2469 1593 4048 1670">
     <span class='ocr_line' id='line_1_46' title="bbox 2469 1593 4048 1670; baseline -0.003 -20"><span class='ocrx_word' id='word_1_328' title='bbox 2469 1599 2564 1650; x_wconf 74' lang='grc' dir='ltr'>καὶ</span> <span class='ocrx_word' id='word_1_329' title='bbox 2590 1598 2764 1670; x_wconf 80' lang='grc' dir='ltr'>ταύτῃ</span> <span class='ocrx_word' id='word_1_330' title='bbox 2794 1597 2890 1666; x_wconf 76' lang='grc' dir='ltr'>τὴν</span> <span class='ocrx_word' id='word_1_331' title='bbox 2921 1597 3053 1650; x_wconf 90' lang='grc' dir='ltr'>ναῦν</span> <span class='ocrx_word' id='word_1_332' title='bbox 3092 1597 3291 1650; x_wconf 78' lang='grc' dir='ltr'><strong>ἰθύνειν</strong></span> <span class='ocrx_word' id='word_1_333' title='bbox 3315 1597 3528 1666; x_wconf 81' lang='grc' dir='ltr'>τρανῶς</span> <span class='ocrx_word' id='word_1_334' title='bbox 3583 1594 3870 1656; x_wconf 77' lang='grc' dir='ltr'>ἐϐλέπετο,</span> <span class='ocrx_word' id='word_1_335' title='bbox 3907 1593 4048 1660; x_wconf 67' lang='grc' dir='ltr'>πρὸς</span> 
     </span>
    </p>
   </div>
   <div class='ocr_carea' id='block_1_47' title="bbox 2467 1683 4051 1759">
    <p class='ocr_par' dir='ltr' id='par_1_47' title="bbox 2467 1683 4051 1759">
     <span class='ocr_line' id='line_1_47' title="bbox 2467 1683 4051 1759; baseline -0.004 -18"><span class='ocrx_word' id='word_1_336' title='bbox 2467 1688 2676 1750; x_wconf 82' lang='grc' dir='ltr'>τούτοις</span> <span class='ocrx_word' id='word_1_337' title='bbox 2730 1689 2822 1741; x_wconf 79' lang='grc' dir='ltr'>καὶ</span> <span class='ocrx_word' id='word_1_338' title='bbox 2861 1692 2926 1759; x_wconf 83' lang='grc' dir='ltr'>τῇ</span> <span class='ocrx_word' id='word_1_339' title='bbox 2990 1688 3231 1757; x_wconf 81' lang='grc' dir='ltr'><strong>θαλάσσῃ</strong></span> <span class='ocrx_word' id='word_1_340' title='bbox 3294 1687 3650 1757; x_wconf 83' lang='grc' dir='ltr'>ἐπιτιμήσας,</span> <span class='ocrx_word' id='word_1_341' title='bbox 3705 1683 3804 1746; x_wconf 72' lang='grc' dir='ltr'>τὰς</span> <span class='ocrx_word' id='word_1_342' title='bbox 3858 1700 4051 1754; x_wconf 88' lang='grc' dir='ltr'>τρικυ-</span> 
     </span>
    </p>
   </div>
   <div class='ocr_carea' id='block_1_48' title="bbox 2475 1773 4050 1848">
    <p class='ocr_par' dir='ltr' id='par_1_48' title="bbox 2475 1773 4050 1848">
     <span class='ocr_line' id='line_1_48' title="bbox 2475 1773 4050 1848; baseline -0.004 -18"><span class='ocrx_word' id='word_1_343' title='bbox 2475 1780 2605 1848; x_wconf 83' lang='grc' dir='ltr'>μίας</span> <span class='ocrx_word' id='word_1_344' title='bbox 2635 1779 2824 1840; x_wconf 83' lang='grc' dir='ltr'>αὐτοῖς</span> <span class='ocrx_word' id='word_1_345' title='bbox 2867 1779 2962 1831; x_wconf 74' lang='grc' dir='ltr'><strong>καὶ</strong></span> <span class='ocrx_word' id='word_1_346' title='bbox 2991 1779 3118 1841; x_wconf 77' lang='grc' dir='ltr'>τοὺς</span> <span class='ocrx_word' id='word_1_347' title='bbox 3149 1777 3472 1848; x_wconf 77' lang='grc' dir='ltr'>στροϐίλους</span> <span class='ocrx_word' id='word_1_348' title='bbox 3507 1777 3603 1828; x_wconf 74' lang='grc' dir='ltr'>καὶ</span> <span class='ocrx_word' id='word_1_349' title='bbox 3630 1777 3699 1827; x_wconf 74' lang='grc' dir='ltr'>τὰ</span> <span class='ocrx_word' id='word_1_350' title='bbox 3720 1773 3859 1826; x_wconf 78' lang='grc' dir='ltr'>ἄλλα</span> <span class='ocrx_word' id='word_1_351' title='bbox 3881 1775 3950 1826; x_wconf 78' lang='grc' dir='ltr'><strong>τά</strong></span> <span class='ocrx_word' id='word_1_352' title='bbox 3989 1775 4050 1825; x_wconf 80' lang='grc' dir='ltr'><strong>ἐκ</strong></span> 
     </span>
    </p>
   </div>
   <div class='ocr_carea' id='block_1_49' title="bbox 2468 1865 4051 1940">
    <p class='ocr_par' dir='ltr' id='par_1_49' title="bbox 2468 1865 4051 1940">
     <span class='ocr_line' id='line_1_49' title="bbox 2468 1865 4051 1940; baseline -0.003 -18"><span class='ocrx_word' id='word_1_353' title='bbox 2468 1869 2560 1922; x_wconf 87' lang='grc' dir='ltr'><strong>τοῦ</strong></span> <span class='ocrx_word' id='word_1_354' title='bbox 2591 1870 2857 1940; x_wconf 82' lang='grc' dir='ltr'>χειμῶνος</span> <span class='ocrx_word' id='word_1_355' title='bbox 2888 1871 3124 1939; x_wconf 79' lang='grc' dir='ltr'>κοιμίζει</span> <span class='ocrx_word' id='word_1_356' title='bbox 3148 1869 3295 1922; x_wconf 71' lang='grc' dir='ltr'>κακὰ</span> <span class='ocrx_word' id='word_1_357' title='bbox 3316 1911 3331 1934; x_wconf 94' lang='grc'><strong>,</strong></span> <span class='ocrx_word' id='word_1_358' title='bbox 3365 1867 3555 1938; x_wconf 84' lang='grc' dir='ltr'>ὥσπερ</span> <span class='ocrx_word' id='word_1_359' title='bbox 3603 1867 3666 1936; x_wconf 81' lang='grc' dir='ltr'>δὴ</span> <span class='ocrx_word' id='word_1_360' title='bbox 3703 1867 3798 1919; x_wconf 76' lang='grc' dir='ltr'>καὶ</span> <span class='ocrx_word' id='word_1_361' title='bbox 3831 1867 3859 1919; x_wconf 87' lang='grc' dir='ltr'>ὁ</span> <span class='ocrx_word' id='word_1_362' title='bbox 3918 1865 4051 1934; x_wconf 46' lang='grc' dir='ltr'><strong>ἐμὴ</strong></span> 
     </span>
    </p>
   </div>
   <div class='ocr_carea' id='block_1_50' title="bbox 2482 1957 4051 2031">
    <p class='ocr_par' dir='ltr' id='par_1_50' title="bbox 2482 1957 4051 2031">
     <span class='ocr_line' id='line_1_50' title="bbox 2482 1957 4051 2031; baseline -0.006 -17"><span class='ocrx_word' id='word_1_363' title='bbox 2482 1961 2691 2030; x_wconf 87' lang='grc' dir='ltr'>Ἰησοῦς</span> <span class='ocrx_word' id='word_1_364' title='bbox 2724 1961 3012 2031; x_wconf 83' lang='grc' dir='ltr'>πρότερον,</span> <span class='ocrx_word' id='word_1_365' title='bbox 3041 1962 3136 2015; x_wconf 79' lang='grc' dir='ltr'>καὶ</span> <span class='ocrx_word' id='word_1_366' title='bbox 3174 1961 3350 2024; x_wconf 79' lang='grc' dir='ltr'>οὕτως</span> <span class='ocrx_word' id='word_1_367' title='bbox 3384 1962 3593 2031; x_wconf 80' lang='grc' dir='ltr'>ἥμερον</span> <span class='ocrx_word' id='word_1_368' title='bbox 3624 1959 3716 2011; x_wconf 69' lang='grc' dir='ltr'>καὶ</span> <span class='ocrx_word' id='word_1_369' title='bbox 3751 1957 4051 2026; x_wconf 79' lang='grc' dir='ltr'>εύγάληνον</span> 
     </span>
    </p>
   </div>
   <div class='ocr_carea' id='block_1_51' title="bbox 2471 2049 4048 2120">
    <p class='ocr_par' dir='ltr' id='par_1_51' title="bbox 2471 2049 4048 2120">
     <span class='ocr_line' id='line_1_51' title="bbox 2471 2049 4048 2120; baseline -0.003 -15"><span class='ocrx_word' id='word_1_370' title='bbox 2471 2056 2702 2118; x_wconf 84' lang='grc' dir='ltr'>ἐκείνοις</span> <span class='ocrx_word' id='word_1_371' title='bbox 2734 2056 2826 2107; x_wconf 73' lang='grc' dir='ltr'>τὸν</span> <span class='ocrx_word' id='word_1_372' title='bbox 2857 2055 3025 2109; x_wconf 81' lang='grc' dir='ltr'>πλοῦν</span> <span class='ocrx_word' id='word_1_373' title='bbox 3052 2056 3289 2110; x_wconf 80' lang='grc' dir='ltr'>δίδωσιν.</span> <span class='ocrx_word' id='word_1_374' title='bbox 3325 2053 3412 2117; x_wconf 83' lang='grc' dir='ltr'>Ὠς</span> <span class='ocrx_word' id='word_1_375' title='bbox 3449 2053 3542 2106; x_wconf 85' lang='grc' dir='ltr'><strong>οῦν</strong></span> <span class='ocrx_word' id='word_1_376' title='bbox 3592 2054 3753 2120; x_wconf 68' lang='grc' dir='ltr'>πράῳ</span> <span class='ocrx_word' id='word_1_377' title='bbox 3783 2049 3860 2120; x_wconf 81' lang='grc' dir='ltr'>τῷ</span> <span class='ocrx_word' id='word_1_378' title='bbox 3882 2049 4048 2100; x_wconf 81' lang='grc' dir='ltr'>πνεύ-</span> 
     </span>
    </p>
   </div>
   <div class='ocr_carea' id='block_1_52' title="bbox 2475 2140 4053 2216">
    <p class='ocr_par' dir='ltr' id='par_1_52' title="bbox 2475 2140 4053 2216">
     <span class='ocr_line' id='line_1_52' title="bbox 2475 2140 4053 2216; baseline -0.004 -20"><span class='ocrx_word' id='word_1_379' title='bbox 2475 2163 2606 2213; x_wconf 89' lang='grc' dir='ltr'>ματι</span> <span class='ocrx_word' id='word_1_380' title='bbox 2647 2146 2986 2215; x_wconf 80' lang='grc' dir='ltr'>φερομένους</span> <span class='ocrx_word' id='word_1_381' title='bbox 3033 2149 3065 2215; x_wconf 83' lang='grc' dir='ltr'>ἡ</span> <span class='ocrx_word' id='word_1_382' title='bbox 3095 2148 3298 2216; x_wconf 83' lang='grc' dir='ltr'>χέρσος</span> <span class='ocrx_word' id='word_1_383' title='bbox 3357 2143 3556 2204; x_wconf 72' lang='grc' dir='ltr'>αὐτοὺς</span> <span class='ocrx_word' id='word_1_384' title='bbox 3600 2141 3891 2209; x_wconf 80' lang='grc' dir='ltr'>ἐξεδέχετο,</span> <span class='ocrx_word' id='word_1_385' title='bbox 3954 2140 4053 2205; x_wconf 75' lang='grc' dir='ltr'>τῆς</span> 
     </span>
    </p>
   </div>
   <div class='ocr_carea' id='block_1_53' title="bbox 2471 2231 4044 2301">
    <p class='ocr_par' dir='ltr' id='par_1_53' title="bbox 2471 2231 4044 2301">
     <span class='ocr_line' id='line_1_53' title="bbox 2471 2231 4044 2301; baseline -0.004 -14"><span class='ocrx_word' id='word_1_386' title='bbox 2471 2237 2598 2301; x_wconf 71' lang='grc' dir='ltr'>νηὸς</span> <span class='ocrx_word' id='word_1_387' title='bbox 2635 2236 3044 2301; x_wconf 77' lang='grc' dir='ltr'>άποὸαίνοντες,</span> <span class='ocrx_word' id='word_1_388' title='bbox 3109 2237 3200 2289; x_wconf 76' lang='grc' dir='ltr'><strong>τὸν</strong></span> <span class='ocrx_word' id='word_1_389' title='bbox 3244 2235 3584 2288; x_wconf 80' lang='grc' dir='ltr'>διασώσαντα</span> <span class='ocrx_word' id='word_1_390' title='bbox 3642 2231 3735 2284; x_wconf 90' lang='grc' dir='ltr'><strong>τοῦ</strong></span> <span class='ocrx_word' id='word_1_391' title='bbox 3793 2231 4044 2282; x_wconf 81' lang='grc' dir='ltr'>κινδύνου</span> 
     </span>
    </p>
   </div>
   <div class='ocr_carea' id='block_1_54' title="bbox 2473 2325 4051 2400">
    <p class='ocr_par' dir='ltr' id='par_1_54' title="bbox 2473 2325 4051 2400">
     <span class='ocr_line' id='line_1_54' title="bbox 2473 2325 4051 2400; baseline -0.006 -18"><span class='ocrx_word' id='word_1_392' title='bbox 2473 2332 2770 2400; x_wconf 71' lang='grc' dir='ltr'>ἠπείγοντο</span> <span class='ocrx_word' id='word_1_393' title='bbox 2809 2331 3057 2399; x_wconf 83' lang='grc' dir='ltr'>φθάνειν.</span> <span class='ocrx_word' id='word_1_394' title='bbox 3093 2325 3232 2383; x_wconf 78' lang='grc' dir='ltr'>Εἶτα</span> <span class='ocrx_word' id='word_1_395' title='bbox 3290 2329 3559 2397; x_wconf 82' lang='grc' dir='ltr'>μαθόντες</span> <span class='ocrx_word' id='word_1_396' title='bbox 3607 2327 3685 2388; x_wconf 85' lang='grc' dir='ltr'><strong>είς</strong></span> <span class='ocrx_word' id='word_1_397' title='bbox 3727 2325 3826 2393; x_wconf 78' lang='grc' dir='ltr'>τὴν</span> <span class='ocrx_word' id='word_1_398' title='bbox 3853 2325 4051 2391; x_wconf 75' lang='grc' dir='ltr'>ἐκκληο</span> 
     </span>
    </p>
   </div>
   <div class='ocr_carea' id='block_1_55' title="bbox 2475 2414 4050 2489">
    <p class='ocr_par' dir='ltr' id='par_1_55' title="bbox 2475 2414 4050 2489">
     <span class='ocr_line' id='line_1_55' title="bbox 2475 2414 4050 2489; baseline -0.006 -16"><span class='ocrx_word' id='word_1_399' title='bbox 2475 2423 2596 2474; x_wconf 81' lang='grc' dir='ltr'>σὶαν</span> <span class='ocrx_word' id='word_1_400' title='bbox 2623 2422 2785 2474; x_wconf 79' lang='grc' dir='ltr'>αὑτὸν</span> <span class='ocrx_word' id='word_1_401' title='bbox 2817 2420 3081 2489; x_wconf 73' lang='grc' dir='ltr'>οἴχεσθαι,</span> <span class='ocrx_word' id='word_1_402' title='bbox 3104 2420 3299 2472; x_wconf 81' lang='grc' dir='ltr'>ἀπίασι</span> <span class='ocrx_word' id='word_1_403' title='bbox 3332 2419 3480 2486; x_wconf 76' lang='grc' dir='ltr'>παρὰ</span> <span class='ocrx_word' id='word_1_404' title='bbox 3516 2421 3606 2470; x_wconf 69' lang='grc' dir='ltr'>τὸν</span> <span class='ocrx_word' id='word_1_405' title='bbox 3675 2417 3821 2470; x_wconf 80' lang='grc' dir='ltr'>ναόν.</span> <span class='ocrx_word' id='word_1_406' title='bbox 3858 2417 3917 2468; x_wconf 81' lang='grc'><strong>’0</strong></span> <span class='ocrx_word' id='word_1_407' title='bbox 3954 2414 4050 2482; x_wconf 76' lang='grc' dir='ltr'><strong>μὲν</strong></span> 
     </span>
    </p>
   </div>
   <div class='ocr_carea' id='block_1_56' title="bbox 2474 2508 4052 2583">
    <p class='ocr_par' dir='ltr' id='par_1_56' title="bbox 2474 2508 4052 2583">
     <span class='ocr_line' id='line_1_56' title="bbox 2474 2508 4052 2583; baseline -0.007 -18"><span class='ocrx_word' id='word_1_408' title='bbox 2474 2512 2568 2566; x_wconf 71' lang='grc' dir='ltr'><strong>οῦν</strong></span> <span class='ocrx_word' id='word_1_409' title='bbox 2606 2513 2771 2583; x_wconf 81' lang='grc' dir='ltr'>μέρος</span> <span class='ocrx_word' id='word_1_410' title='bbox 2805 2512 2996 2564; x_wconf 84' lang='grc' dir='ltr'>ἐαυτὸν</span> <span class='ocrx_word' id='word_1_411' title='bbox 3023 2511 3116 2563; x_wconf 91' lang='grc' dir='ltr'><strong>τοῦ</strong></span> <span class='ocrx_word' id='word_1_412' title='bbox 3136 2512 3339 2580; x_wconf 83' lang='grc' dir='ltr'>κλήρου</span> <span class='ocrx_word' id='word_1_413' title='bbox 3367 2510 3625 2578; x_wconf 85' lang='grc' dir='ltr'>ποιήσας,</span> <span class='ocrx_word' id='word_1_414' title='bbox 3659 2509 3908 2577; x_wconf 71' lang='grc' dir='ltr'>εἱστήκει</span> <span class='ocrx_word' id='word_1_415' title='bbox 3941 2508 4052 2568; x_wconf 80' lang='grc' dir='ltr'>τοῖς</span> 
     </span>
    </p>
   </div>
   <div class='ocr_carea' id='block_1_57' title="bbox 2478 2595 4052 2671">
    <p class='ocr_par' dir='ltr' id='par_1_57' title="bbox 2478 2595 4052 2671">
     <span class='ocr_line' id='line_1_57' title="bbox 2478 2595 4052 2671; baseline -0.006 -15"><span class='ocrx_word' id='word_1_416' title='bbox 2478 2602 2688 2665; x_wconf 78' lang='grc' dir='ltr'>πολλοῖς</span> <span class='ocrx_word' id='word_1_417' title='bbox 2718 2604 2903 2671; x_wconf 85' lang='grc' dir='ltr'>ὅμοιος</span> <span class='ocrx_word' id='word_1_418' title='bbox 2930 2620 2942 2632; x_wconf 91' lang='grc'>·</span> <span class='ocrx_word' id='word_1_419' title='bbox 2977 2603 3026 2656; x_wconf 90' lang='grc' dir='ltr'><strong>οί</strong></span> <span class='ocrx_word' id='word_1_420' title='bbox 3063 2603 3118 2654; x_wconf 87' lang='grc' dir='ltr'>δὲ</span> <span class='ocrx_word' id='word_1_421' title='bbox 3147 2601 3220 2663; x_wconf 84' lang='grc' dir='ltr'>ὡς</span> <span class='ocrx_word' id='word_1_422' title='bbox 3271 2601 3535 2653; x_wconf 81' lang='grc' dir='ltr'>ἐπέὀαλον</span> <span class='ocrx_word' id='word_1_423' title='bbox 3564 2599 3712 2667; x_wconf 65' lang='grc' dir='ltr'>αὐτῷ</span> <span class='ocrx_word' id='word_1_424' title='bbox 3753 2600 3851 2660; x_wconf 82' lang='grc' dir='ltr'>τὰς</span> <span class='ocrx_word' id='word_1_425' title='bbox 3902 2595 4052 2664; x_wconf 69' lang='grc' dir='ltr'>ὄψεις</span> 
     </span>
    </p>
   </div>
   <div class='ocr_carea' id='block_1_58' title="bbox 2479 2685 4038 2760">
    <p class='ocr_par' dir='ltr' id='par_1_58' title="bbox 2479 2685 4038 2760">
     <span class='ocr_line' id='line_1_58' title="bbox 2479 2685 4038 2760; baseline -0.003 -19"><span class='ocrx_word' id='word_1_426' title='bbox 2479 2695 2644 2760; x_wconf 72' lang='grc' dir='ltr'>μήπω</span> <span class='ocrx_word' id='word_1_427' title='bbox 2672 2692 2881 2754; x_wconf 86' lang='grc' dir='ltr'>τούτοις</span> <span class='ocrx_word' id='word_1_428' title='bbox 2909 2692 3207 2758; x_wconf 86' lang='grc' dir='ltr'>γνωσθέντι</span> <span class='ocrx_word' id='word_1_429' title='bbox 3247 2691 3536 2759; x_wconf 84' lang='grc' dir='ltr'>πρότερον,</span> <span class='ocrx_word' id='word_1_430' title='bbox 3573 2691 3667 2742; x_wconf 76' lang='grc' dir='ltr'>ἀπ’</span> <span class='ocrx_word' id='word_1_431' title='bbox 3702 2690 3872 2752; x_wconf 80' lang='grc' dir='ltr'>αὐτῆς</span> <span class='ocrx_word' id='word_1_432' title='bbox 3905 2685 4038 2753; x_wconf 87' lang='grc' dir='ltr'>γοῦν</span> 
     </span>
    </p>
   </div>
   <div class='ocr_carea' id='block_1_59' title="bbox 2476 2781 4052 2852">
    <p class='ocr_par' dir='ltr' id='par_1_59' title="bbox 2476 2781 4052 2852">
     <span class='ocr_line' id='line_1_59' title="bbox 2476 2781 4052 2852; baseline -0.003 -18"><span class='ocrx_word' id='word_1_433' title='bbox 2476 2783 2572 2852; x_wconf 76' lang='grc' dir='ltr'><strong>τῆς</strong></span> <span class='ocrx_word' id='word_1_434' title='bbox 2604 2786 2661 2834; x_wconf 91' lang='grc' dir='ltr'><strong>ἐν</strong></span> <span class='ocrx_word' id='word_1_435' title='bbox 2685 2783 2764 2852; x_wconf 79' lang='grc' dir='ltr'>τῷ</span> <span class='ocrx_word' id='word_1_436' title='bbox 2788 2785 3014 2849; x_wconf 72' lang='grc' dir='ltr'>πελάγει</span> <span class='ocrx_word' id='word_1_437' title='bbox 3058 2785 3383 2850; x_wconf 78' lang='grc' dir='ltr'>ἐπιφανείας</span> <span class='ocrx_word' id='word_1_438' title='bbox 3439 2782 3809 2848; x_wconf 66' lang='grc' dir='ltr'>ἀνεγίνωσκον</span> <span class='ocrx_word' id='word_1_439' title='bbox 3865 2797 3921 2830; x_wconf 85' lang='grc' dir='ltr'><strong>τε</strong></span> <span class='ocrx_word' id='word_1_440' title='bbox 3959 2781 4052 2830; x_wconf 73' lang='grc' dir='ltr'><strong>καὶ</strong></span> 
     </span>
    </p>
   </div>
   <div class='ocr_carea' id='block_1_60' title="bbox 2477 2872 4053 2942">
    <p class='ocr_par' dir='ltr' id='par_1_60' title="bbox 2477 2872 4053 2942">
     <span class='ocr_line' id='line_1_60' title="bbox 2477 2872 4053 2942; baseline -0.003 -18"><span class='ocrx_word' id='word_1_441' title='bbox 2477 2876 2556 2935; x_wconf 84' lang='grc' dir='ltr'><strong>είς</strong></span> <span class='ocrx_word' id='word_1_442' title='bbox 2580 2877 2789 2927; x_wconf 83' lang='grc' dir='ltr'>ἐκεῖνον</span> <span class='ocrx_word' id='word_1_443' title='bbox 2807 2874 2968 2936; x_wconf 71' lang='grc' dir='ltr'>εὐθὺς</span> <span class='ocrx_word' id='word_1_444' title='bbox 2993 2875 3281 2942; x_wconf 79' lang='grc' dir='ltr'>ἀνέφερον,</span> <span class='ocrx_word' id='word_1_445' title='bbox 3311 2874 3403 2924; x_wconf 77' lang='grc' dir='ltr'><strong>καὶ</strong></span> <span class='ocrx_word' id='word_1_446' title='bbox 3430 2872 3892 2942; x_wconf 73' lang='grc' dir='ltr'>προσδραμόντες,</span> <span class='ocrx_word' id='word_1_447' title='bbox 3924 2887 4053 2936; x_wconf 80' lang='grc' dir='ltr'>προ-</span> 
     </span>
    </p>
   </div>
   <div class='ocr_carea' id='block_1_61' title="bbox 2479 2963 4052 3032">
    <p class='ocr_par' dir='ltr' id='par_1_61' title="bbox 2479 2963 4052 3032">
     <span class='ocr_line' id='line_1_61' title="bbox 2479 2963 4052 3032; baseline -0.004 -12"><span class='ocrx_word' id='word_1_448' title='bbox 2479 2969 2740 3020; x_wconf 82' lang='grc' dir='ltr'>σέπιπτον</span> <span class='ocrx_word' id='word_1_449' title='bbox 2779 2967 3082 3028; x_wconf 84' lang='grc' dir='ltr'>αὐτοῦτοῖς</span> <span class='ocrx_word' id='word_1_450' title='bbox 3113 2967 3262 3030; x_wconf 82' lang='grc' dir='ltr'>ποσὶ,</span> <span class='ocrx_word' id='word_1_451' title='bbox 3322 2966 3416 3018; x_wconf 76' lang='grc' dir='ltr'><strong>καὶ</strong></span> <span class='ocrx_word' id='word_1_452' title='bbox 3461 2968 3574 3025; x_wconf 83' lang='grc' dir='ltr'>τοῖς</span> <span class='ocrx_word' id='word_1_453' title='bbox 3623 2965 3829 3032; x_wconf 79' lang='grc' dir='ltr'>χείλεσι</span> <span class='ocrx_word' id='word_1_454' title='bbox 3891 2963 4052 3013; x_wconf 76' lang='grc' dir='ltr'>τοῦτο</span> 
     </span>
    </p>
   </div>
   <div class='ocr_carea' id='block_1_62' title="bbox 2481 3055 4054 3139">
    <p class='ocr_par' dir='ltr' id='par_1_62' title="bbox 2481 3055 4054 3139">
     <span class='ocr_line' id='line_1_62' title="bbox 2481 3055 4054 3139; baseline -0.004 -27"><span class='ocrx_word' id='word_1_455' title='bbox 2481 3061 2580 3128; x_wconf 80' lang='grc' dir='ltr'>μὲν</span> <span class='ocrx_word' id='word_1_456' title='bbox 2605 3059 2936 3129; x_wconf 73' lang='grc' dir='ltr'>ἠσπάζοντο,</span> <span class='ocrx_word' id='word_1_457' title='bbox 2968 3059 3126 3112; x_wconf 91' lang='grc' dir='ltr'>τοῦτο</span> <span class='ocrx_word' id='word_1_458' title='bbox 3158 3058 3214 3110; x_wconf 82' lang='grc' dir='ltr'>δὲ</span> <span class='ocrx_word' id='word_1_459' title='bbox 3249 3059 3342 3139; x_wconf 56' lang='grc' dir='ltr'><strong>και</strong></span> <span class='ocrx_word' id='word_1_460' title='bbox 3372 3055 3707 3125; x_wconf 74' lang='grc' dir='ltr'>ἐφθέγγοντο</span> <span class='ocrx_word' id='word_1_461' title='bbox 3733 3055 4054 3126; x_wconf 69' lang='grc' dir='ltr'>εὐχάριστον</span> 
     </span>
    </p>
   </div>
   <div class='ocr_carea' id='block_1_63' title="bbox 803 3145 2485 3231">
    <p class='ocr_par' dir='ltr' id='par_1_63' title="bbox 803 3145 2485 3229">
     <span class='ocr_line' id='line_1_63' title="bbox 803 3145 2485 3229; baseline -0.008 0"><span class='ocrx_word' id='word_1_462' title='bbox 803 3177 983 3229; x_wconf 81' lang='lat' dir='ltr'><strong>luerat</strong></span> <span class='ocrx_word' id='word_1_463' title='bbox 1017 3175 1280 3228; x_wconf 89' lang='lat' dir='ltr'><strong>lileratus</strong></span> <span class='ocrx_word' id='word_1_464' title='bbox 1331 3169 1626 3224; x_wconf 86' lang='lat' dir='ltr'><strong>recordans</strong></span> <span class='ocrx_word' id='word_1_465' title='bbox 1664 3145 1685 3221; x_wconf 17' lang='lat'><strong>:7</strong></span> <span class='ocrx_word' id='word_1_466' title='bbox 1718 3176 1775 3222; x_wconf 89' lang='lat' dir='ltr'><strong>et</strong></span> <span class='ocrx_word' id='word_1_467' title='bbox 1827 3167 2004 3220; x_wconf 89' lang='lat' dir='ltr'><strong>oculis</strong></span> <span class='ocrx_word' id='word_1_468' title='bbox 2050 3165 2374 3219; x_wconf 89' lang='lat' dir='ltr'><strong>emittebant</strong></span> <span class='ocrx_word' id='word_1_469' title='bbox 2404 3174 2446 3229; x_wconf 74' lang='grc' dir='ltr'>ο</span> <span class='ocrx_word' id='word_1_470' title='bbox 2479 3174 2485 3187; x_wconf 90' lang='grc'><strong>·</strong></span> 
     </span>
    </p>
   </div>
   <div class='ocr_carea' id='block_1_64' title="bbox 2370 3145 4052 3231">
    <p class='ocr_par' dir='ltr' id='par_1_64' title="bbox 2370 3145 4052 3231">
     <span class='ocr_line' id='line_1_64' title="bbox 2370 3145 4052 3231; baseline -0.004 -22"><span class='ocrx_word' id='word_1_471' title='bbox 2370 3205 2374 3216; x_wconf 84' lang='lat'><strong>,</strong></span> <span class='ocrx_word' id='word_1_472' title='bbox 2404 3174 2446 3229; x_wconf 71' lang='grc' dir='ltr'>ο</span> <span class='ocrx_word' id='word_1_473' title='bbox 2479 3174 2554 3218; x_wconf 84' lang='grc' dir='ltr'><strong>τι,</strong></span> <span class='ocrx_word' id='word_1_474' title='bbox 2580 3156 2677 3208; x_wconf 70' lang='grc' dir='ltr'><strong>καὶ⁵</strong></span> <span class='ocrx_word' id='word_1_475' title='bbox 2704 3155 2968 3222; x_wconf 84' lang='grc' dir='ltr'>δάκρυσιν</span> <span class='ocrx_word' id='word_1_476' title='bbox 3013 3152 3210 3224; x_wconf 77' lang='grc' dir='ltr'>ἡδονῆς</span> <span class='ocrx_word' id='word_1_477' title='bbox 3249 3151 3678 3231; x_wconf 61' lang='grc' dir='ltr'>κεκερασμένον,</span> <span class='ocrx_word' id='word_1_478' title='bbox 3719 3145 3798 3203; x_wconf 81' lang='grc' dir='ltr'>ὦν</span> <span class='ocrx_word' id='word_1_479' title='bbox 3830 3167 3886 3202; x_wconf 88' lang='grc' dir='ltr'><strong>τε</strong></span> <span class='ocrx_word' id='word_1_480' title='bbox 3920 3150 4052 3202; x_wconf 80' lang='grc' dir='ltr'>ἔπα-</span> 
     </span>
    </p>
   </div>
   <div class='ocr_carea' id='block_1_65' title="bbox 803 3257 2375 3337">
    <p class='ocr_par' dir='ltr' id='par_1_65' title="bbox 803 3257 2375 3337">
     <span class='ocr_line' id='line_1_65' title="bbox 803 3257 2375 3337; baseline -0.007 -15"><span class='ocrx_word' id='word_1_481' title='bbox 803 3271 1075 3337; x_wconf 79' lang='lat' dir='ltr'><strong>lacrynias</strong></span> <span class='ocrx_word' id='word_1_482' title='bbox 1134 3273 1302 3318; x_wconf 88' lang='lat' dir='ltr'><strong>testes</strong></span> <span class='ocrx_word' id='word_1_483' title='bbox 1351 3279 1545 3318; x_wconf 86' lang='lat' dir='ltr'><strong>eorum</strong></span> <span class='ocrx_word' id='word_1_484' title='bbox 1602 3278 1720 3330; x_wconf 69' lang='lat' dir='ltr'><strong>quae</strong></span> <span class='ocrx_word' id='word_1_485' title='bbox 1757 3260 2105 3313; x_wconf 85' lang='lat' dir='ltr'><strong>dicebantur.</strong></span> <span class='ocrx_word' id='word_1_486' title='bbox 2170 3257 2375 3311; x_wconf 87' lang='lat' dir='ltr'><strong>Deinde</strong></span> 
     </span>
    </p>
   </div>
   <div class='ocr_carea' id='block_1_66' title="bbox 806 3347 2372 3427">
    <p class='ocr_par' dir='ltr' id='par_1_66' title="bbox 806 3347 2372 3427">
     <span class='ocr_line' id='line_1_66' title="bbox 806 3347 2372 3427; baseline -0.01 -11"><span class='ocrx_word' id='word_1_487' title='bbox 806 3363 973 3416; x_wconf 84' lang='lat' dir='ltr'><strong>ctiam</strong></span> <span class='ocrx_word' id='word_1_488' title='bbox 1026 3361 1097 3412; x_wconf 89' lang='lat' dir='ltr'><strong>iis</strong></span> <span class='ocrx_word' id='word_1_489' title='bbox 1121 3361 1213 3427; x_wconf 90' lang='lat' dir='ltr'><strong>qui</strong></span> <span class='ocrx_word' id='word_1_490' title='bbox 1246 3359 1469 3410; x_wconf 86' lang='lat' dir='ltr'><strong>aderant</strong></span> <span class='ocrx_word' id='word_1_491' title='bbox 1511 3353 1826 3423; x_wconf 81' lang='lat' dir='ltr'><strong>singillatim</strong></span> <span class='ocrx_word' id='word_1_492' title='bbox 1853 3351 2152 3406; x_wconf 89' lang='lat' dir='ltr'><strong>narrabant</strong></span> <span class='ocrx_word' id='word_1_493' title='bbox 2175 3347 2372 3403; x_wconf 86' lang='lat' dir='ltr'><strong>seriem</strong></span> 
     </span>
    </p>
   </div>
   <div class='ocr_carea' id='block_1_67' title="bbox 802 3457 1099 3520">
    <p class='ocr_par' dir='ltr' id='par_1_67' title="bbox 802 3457 1099 3520">
     <span class='ocr_line' id='line_1_67' title="bbox 802 3457 1099 3520; baseline -0.007 -12"><span class='ocrx_word' id='word_1_494' title='bbox 802 3457 881 3508; x_wconf 89' lang='lat' dir='ltr'><strong>rei</strong></span> <span class='ocrx_word' id='word_1_495' title='bbox 914 3463 1099 3520; x_wconf 61' lang='lat' dir='ltr'><strong>gestat.</strong></span> 
     </span>
    </p>
   </div>
   <div class='ocr_carea' id='block_1_68' title="bbox 874 3535 2380 3600">
    <p class='ocr_par' dir='ltr' id='par_1_68' title="bbox 874 3535 2380 3600">
     <span class='ocr_line' id='line_1_68' title="bbox 874 3535 2380 3600; baseline -0.009 -1"><span class='ocrx_word' id='word_1_496' title='bbox 874 3544 1070 3600; x_wconf 77' lang='lat' dir='ltr'><strong>XXIX.</strong></span> <span class='ocrx_word' id='word_1_497' title='bbox 1128 3541 1482 3596; x_wconf 84' lang='lat' dir='ltr'><strong>Adtnirabilis</strong></span> <span class='ocrx_word' id='word_1_498' title='bbox 1535 3555 1668 3592; x_wconf 83' lang='lat' dir='ltr'><strong>vero</strong></span> <span class='ocrx_word' id='word_1_499' title='bbox 1715 3538 1968 3592; x_wconf 83' lang='lat' dir='ltr'><strong>Nicolaus</strong></span> <span class='ocrx_word' id='word_1_500' title='bbox 2044 3551 2149 3588; x_wconf 90' lang='lat' dir='ltr'><strong>non</strong></span> <span class='ocrx_word' id='word_1_501' title='bbox 2199 3535 2380 3587; x_wconf 90' lang='lat' dir='ltr'><strong>minus</strong></span> 
     </span>
    </p>
   </div>
   <div class='ocr_carea' id='block_1_69' title="bbox 807 3626 2376 3702">
    <p class='ocr_par' dir='ltr' id='par_1_69' title="bbox 807 3626 2376 3702">
     <span class='ocr_line' id='line_1_69' title="bbox 807 3626 2376 3702; baseline -0.011 -9"><span class='ocrx_word' id='word_1_502' title='bbox 807 3640 989 3694; x_wconf 77' lang='lat' dir='ltr'><strong>sciens</strong></span> <span class='ocrx_word' id='word_1_503' title='bbox 1020 3637 1258 3690; x_wconf 91' lang='lat' dir='ltr'><strong>liberarc</strong></span> <span class='ocrx_word' id='word_1_504' title='bbox 1285 3650 1312 3686; x_wconf 87' lang='lat' dir='ltr'><strong>a</strong></span> <span class='ocrx_word' id='word_1_505' title='bbox 1347 3632 1595 3702; x_wconf 82' lang='lat' dir='ltr'><strong>periculo</strong></span> <span class='ocrx_word' id='word_1_506' title='bbox 1641 3632 1856 3692; x_wconf 65' lang='lat' dir='ltr'><strong>animm,</strong></span> <span class='ocrx_word' id='word_1_507' title='bbox 1881 3627 2026 3696; x_wconf 93' lang='lat' dir='ltr'><strong>quod</strong></span> <span class='ocrx_word' id='word_1_508' title='bbox 2052 3637 2169 3679; x_wconf 86' lang='lat' dir='ltr'><strong>erat</strong></span> <span class='ocrx_word' id='word_1_509' title='bbox 2209 3626 2376 3678; x_wconf 90' lang='lat' dir='ltr'><strong>etiam</strong></span> 
     </span>
    </p>
   </div>
   <div class='ocr_carea' id='block_1_70' title="bbox 808 3716 2382 3798">
    <p class='ocr_par' dir='ltr' id='par_1_70' title="bbox 808 3716 2382 3798">
     <span class='ocr_line' id='line_1_70' title="bbox 808 3716 2382 3798; baseline -0.01 -14"><span class='ocrx_word' id='word_1_510' title='bbox 808 3730 858 3784; x_wconf 90' lang='lat' dir='ltr'><strong>ei</strong></span> <span class='ocrx_word' id='word_1_511' title='bbox 882 3728 1078 3798; x_wconf 78' lang='lat' dir='ltr'><strong>majori</strong></span> <span class='ocrx_word' id='word_1_512' title='bbox 1121 3741 1287 3788; x_wconf 73' lang='lat' dir='ltr'><strong>curae,</strong></span> <span class='ocrx_word' id='word_1_513' title='bbox 1319 3739 1442 3778; x_wconf 90' lang='lat' dir='ltr'><strong>cum</strong></span> <span class='ocrx_word' id='word_1_514' title='bbox 1492 3721 1859 3792; x_wconf 87' lang='lat' dir='ltr'><strong>perspiciendi</strong></span> <span class='ocrx_word' id='word_1_515' title='bbox 1906 3716 2184 3783; x_wconf 75' lang='lat' dir='ltr'><strong>facultatis</strong></span> <span class='ocrx_word' id='word_1_516' title='bbox 2237 3717 2382 3770; x_wconf 91' lang='lat' dir='ltr'><strong>dono</strong></span> 
     </span>
    </p>
   </div>
   <div class='ocr_carea' id='block_1_71' title="bbox 809 3811 2384 3890">
    <p class='ocr_par' dir='ltr' id='par_1_71' title="bbox 809 3811 2384 3890">
     <span class='ocr_line' id='line_1_71' title="bbox 809 3811 2384 3890; baseline -0.011 -13"><span class='ocrx_word' id='word_1_517' title='bbox 809 3822 1038 3890; x_wconf 79' lang='lat' dir='ltr'><strong>spiritus</strong></span> <span class='ocrx_word' id='word_1_518' title='bbox 1067 3819 1147 3873; x_wconf 87' lang='lat' dir='ltr'><strong>eis</strong></span> <span class='ocrx_word' id='word_1_519' title='bbox 1185 3816 1518 3870; x_wconf 86' lang='lat' dir='ltr'><strong>insidentem</strong></span> <span class='ocrx_word' id='word_1_520' title='bbox 1572 3812 1710 3866; x_wconf 91' lang='lat' dir='ltr'><strong>vidit</strong></span> <span class='ocrx_word' id='word_1_521' title='bbox 1765 3811 2197 3881; x_wconf 86' lang='lat' dir='ltr'><strong>improbitatem,</strong></span> <span class='ocrx_word' id='word_1_522' title='bbox 2261 3824 2384 3876; x_wconf 62' lang='lat' dir='ltr'><strong>qua:</strong></span> 
     </span>
    </p>
   </div>
   <div class='ocr_carea' id='block_1_72' title="bbox 809 3899 2380 3982">
    <p class='ocr_par' dir='ltr' id='par_1_72' title="bbox 809 3899 2380 3982">
     <span class='ocr_line' id='line_1_72' title="bbox 809 3899 2380 3982; baseline -0.009 -16"><span class='ocrx_word' id='word_1_523' title='bbox 809 3911 1000 3982; x_wconf 87' lang='lat' dir='ltr'><strong>procul</strong></span> <span class='ocrx_word' id='word_1_524' title='bbox 1051 3926 1079 3964; x_wconf 91' lang='lat' dir='ltr'><strong>a</strong></span> <span class='ocrx_word' id='word_1_525' title='bbox 1122 3909 1236 3962; x_wconf 87' lang='lat' dir='ltr'><strong>Deo</strong></span> <span class='ocrx_word' id='word_1_526' title='bbox 1271 3905 1585 3959; x_wconf 89' lang='lat' dir='ltr'><strong>removebat</strong></span> <span class='ocrx_word' id='word_1_527' title='bbox 1637 3912 1692 3958; x_wconf 88' lang='lat' dir='ltr'><strong>et</strong></span> <span class='ocrx_word' id='word_1_528' title='bbox 1743 3903 1811 3956; x_wconf 91' lang='lat' dir='ltr'><strong>ab</strong></span> <span class='ocrx_word' id='word_1_529' title='bbox 1875 3903 2024 3955; x_wconf 89' lang='lat' dir='ltr'><strong>illius</strong></span> <span class='ocrx_word' id='word_1_530' title='bbox 2060 3899 2380 3953; x_wconf 89' lang='lat' dir='ltr'><strong>mandatis:</strong></span> 
     </span>
    </p>
   </div>
   <div class='ocr_carea' id='block_1_73' title="bbox 813 3990 2385 4070">
    <p class='ocr_par' dir='ltr' id='par_1_73' title="bbox 813 3990 2385 4070">
     <span class='ocr_line' id='line_1_73' title="bbox 813 3990 2385 4070; baseline -0.011 -14"><span class='ocrx_word' id='word_1_531' title='bbox 813 4003 923 4056; x_wconf 84' lang='lat' dir='ltr'><strong>Vos</strong></span> <span class='ocrx_word' id='word_1_532' title='bbox 953 4001 1121 4070; x_wconf 83' lang='lat' dir='ltr'><strong>ipsos,</strong></span> <span class='ocrx_word' id='word_1_533' title='bbox 1153 4013 1186 4051; x_wconf 92' lang='grc' dir='ltr'><strong>ο</strong></span> <span class='ocrx_word' id='word_1_534' title='bbox 1213 3997 1328 4061; x_wconf 88' lang='lat' dir='ltr'><strong>lilii,</strong></span> <span class='ocrx_word' id='word_1_535' title='bbox 1361 3995 1604 4054; x_wconf 91' lang='lat' dir='ltr'><strong>dicebat,</strong></span> <span class='ocrx_word' id='word_1_536' title='bbox 1629 3993 1931 4061; x_wconf 82' lang='lat' dir='ltr'><strong>agnoscite,</strong></span> <span class='ocrx_word' id='word_1_537' title='bbox 1994 3990 2238 4058; x_wconf 91' lang='lat' dir='ltr'><strong>inquam,</strong></span> <span class='ocrx_word' id='word_1_538' title='bbox 2292 4003 2385 4040; x_wconf 87' lang='lat' dir='ltr'><strong>vos</strong></span> 
     </span>
    </p>
   </div>
   <div class='ocr_carea' id='block_1_74' title="bbox 813 4085 2388 4161">
    <p class='ocr_par' dir='ltr' id='par_1_74' title="bbox 813 4085 2388 4161">
     <span class='ocr_line' id='line_1_74' title="bbox 813 4085 2388 4161; baseline -0.01 -16"><span class='ocrx_word' id='word_1_539' title='bbox 813 4107 985 4161; x_wconf 86' lang='lat' dir='ltr'><strong>rogo:</strong></span> <span class='ocrx_word' id='word_1_540' title='bbox 1017 4099 1073 4144; x_wconf 91' lang='lat' dir='ltr'><strong>et</strong></span> <span class='ocrx_word' id='word_1_541' title='bbox 1103 4089 1268 4143; x_wconf 90' lang='lat' dir='ltr'><strong>corda</strong></span> <span class='ocrx_word' id='word_1_542' title='bbox 1305 4098 1484 4140; x_wconf 73' lang='lat' dir='ltr'><strong>veStra</strong></span> <span class='ocrx_word' id='word_1_543' title='bbox 1531 4093 1587 4138; x_wconf 92' lang='lat' dir='ltr'><strong>et</strong></span> <span class='ocrx_word' id='word_1_544' title='bbox 1616 4085 1818 4136; x_wconf 90' lang='lat' dir='ltr'><strong>mentis</strong></span> <span class='ocrx_word' id='word_1_545' title='bbox 1848 4087 2043 4134; x_wconf 63' lang='lat' dir='ltr'><strong>vestrae</strong></span> <span class='ocrx_word' id='word_1_546' title='bbox 2100 4087 2285 4131; x_wconf 88' lang='lat' dir='ltr'><strong>motus</strong></span> <span class='ocrx_word' id='word_1_547' title='bbox 2331 4089 2388 4130; x_wconf 90' lang='lat' dir='ltr'><strong>ct</strong></span> 
     </span>
    </p>
   </div>
   <div class='ocr_carea' id='block_1_75' title="bbox 813 4168 2384 4251">
    <p class='ocr_par' dir='ltr' id='par_1_75' title="bbox 813 4168 2384 4251">
     <span class='ocr_line' id='line_1_75' title="bbox 813 4168 2384 4251; baseline -0.011 -13"><span class='ocrx_word' id='word_1_548' title='bbox 813 4183 1172 4251; x_wconf 80' lang='lat' dir='ltr'><strong>cogitationes</strong></span> <span class='ocrx_word' id='word_1_549' title='bbox 1194 4180 1259 4233; x_wconf 92' lang='lat' dir='ltr'><strong>ad</strong></span> <span class='ocrx_word' id='word_1_550' title='bbox 1294 4180 1397 4231; x_wconf 92' lang='lat' dir='ltr'><strong>hoc</strong></span> <span class='ocrx_word' id='word_1_551' title='bbox 1435 4177 1653 4246; x_wconf 81' lang='lat' dir='ltr'><strong>dirigite</strong></span> <span class='ocrx_word' id='word_1_552' title='bbox 1700 4186 1760 4228; x_wconf 92' lang='lat' dir='ltr'><strong>ut</strong></span> <span class='ocrx_word' id='word_1_553' title='bbox 1790 4175 1902 4228; x_wconf 94' lang='lat' dir='ltr'><strong>Dco</strong></span> <span class='ocrx_word' id='word_1_554' title='bbox 1932 4171 2215 4241; x_wconf 89' lang='lat' dir='ltr'><strong>placeatis.</strong></span> <span class='ocrx_word' id='word_1_555' title='bbox 2251 4168 2384 4222; x_wconf 86' lang='lat' dir='ltr'><strong>Nam</strong></span> 
     </span>
    </p>
   </div>
   <div class='ocr_carea' id='block_1_76' title="bbox 814 4263 2390 4332">
    <p class='ocr_par' dir='ltr' id='par_1_76' title="bbox 814 4263 2390 4332">
     <span class='ocr_line' id='line_1_76' title="bbox 814 4263 2390 4332; baseline -0.013 -1"><span class='ocrx_word' id='word_1_556' title='bbox 814 4277 918 4332; x_wconf 85' lang='lat' dir='ltr'><strong>etsi</strong></span> <span class='ocrx_word' id='word_1_557' title='bbox 979 4275 1184 4328; x_wconf 90' lang='lat' dir='ltr'><strong>multos</strong></span> <span class='ocrx_word' id='word_1_558' title='bbox 1208 4274 1494 4332; x_wconf 89' lang='lat' dir='ltr'><strong>lateamus,</strong></span> <span class='ocrx_word' id='word_1_559' title='bbox 1530 4277 1583 4323; x_wconf 91' lang='lat' dir='ltr'><strong>et</strong></span> <span class='ocrx_word' id='word_1_560' title='bbox 1633 4267 1758 4319; x_wconf 90' lang='lat' dir='ltr'><strong>boni</strong></span> <span class='ocrx_word' id='word_1_561' title='bbox 1802 4280 1923 4318; x_wconf 85' lang='lat' dir='ltr'><strong>esse</strong></span> <span class='ocrx_word' id='word_1_562' title='bbox 1979 4263 2288 4322; x_wconf 86' lang='lat' dir='ltr'><strong>videamur,</strong></span> <span class='ocrx_word' id='word_1_563' title='bbox 2335 4269 2390 4311; x_wconf 89' lang='lat' dir='ltr'><strong>at</strong></span> 
     </span>
    </p>
   </div>
   <div class='ocr_carea' id='block_1_77' title="bbox 816 4355 2385 4437">
    <p class='ocr_par' dir='ltr' id='par_1_77' title="bbox 816 4355 2385 4437">
     <span class='ocr_line' id='line_1_77' title="bbox 816 4355 2385 4437; baseline -0.013 -13"><span class='ocrx_word' id='word_1_564' title='bbox 816 4371 972 4424; x_wconf 86' lang='lat' dir='ltr'><strong>illum</strong></span> <span class='ocrx_word' id='word_1_565' title='bbox 1013 4369 1234 4437; x_wconf 83' lang='lat' dir='ltr'><strong>quidem</strong></span> <span class='ocrx_word' id='word_1_566' title='bbox 1297 4372 1445 4417; x_wconf 89' lang='lat' dir='ltr'><strong>certe</strong></span> <span class='ocrx_word' id='word_1_567' title='bbox 1494 4360 1721 4415; x_wconf 89' lang='lat' dir='ltr'><strong>omnino</strong></span> <span class='ocrx_word' id='word_1_568' title='bbox 1764 4357 1899 4411; x_wconf 86' lang='lat' dir='ltr'><strong>nihil</strong></span> <span class='ocrx_word' id='word_1_569' title='bbox 1947 4355 2138 4409; x_wconf 91' lang='lat' dir='ltr'><strong>latebit</strong></span> <span class='ocrx_word' id='word_1_570' title='bbox 2193 4367 2385 4406; x_wconf 90' lang='lat' dir='ltr'><strong>eorum</strong></span> 
     </span>
    </p>
   </div>
   <div class='ocr_carea' id='block_1_78' title="bbox 815 4445 2385 4531">
    <p class='ocr_par' dir='ltr' id='par_1_78' title="bbox 815 4445 2385 4531">
     <span class='ocr_line' id='line_1_78' title="bbox 815 4445 2385 4531; baseline -0.011 -15"><span class='ocrx_word' id='word_1_571' title='bbox 815 4478 937 4531; x_wconf 72' lang='lat' dir='ltr'><strong>quae</strong></span> <span class='ocrx_word' id='word_1_572' title='bbox 969 4468 1158 4514; x_wconf 89' lang='lat' dir='ltr'><strong>nostra</strong></span> <span class='ocrx_word' id='word_1_573' title='bbox 1183 4465 1334 4512; x_wconf 84' lang='lat' dir='ltr'><strong>sunt.</strong></span> <span class='ocrx_word' id='word_1_574' title='bbox 1368 4472 1386 4505; x_wconf 74' lang='grc' dir='ltr'><strong>ι</strong></span> <span class='ocrx_word' id='word_1_575' title='bbox 1416 4452 1551 4506; x_wconf 86' lang='lat' dir='ltr'><strong>Nam</strong></span> <span class='ocrx_word' id='word_1_576' title='bbox 1602 4451 1768 4504; x_wconf 89' lang='lat' dir='ltr'><strong>homo</strong></span> <span class='ocrx_word' id='word_1_577' title='bbox 1826 4447 2070 4516; x_wconf 84' lang='lat' dir='ltr'><strong>quidem,</strong></span> <span class='ocrx_word' id='word_1_578' title='bbox 2104 4445 2298 4515; x_wconf 88' lang='lat' dir='ltr'><strong>inquit.</strong></span> <span class='ocrx_word' id='word_1_579' title='bbox 2334 4445 2385 4498; x_wconf 90' lang='lat' dir='ltr'><strong>in</strong></span> 
     </span>
    </p>
   </div>
   <div class='ocr_carea' id='block_1_79' title="bbox 2481 3244 4057 3319">
    <p class='ocr_par' dir='ltr' id='par_1_79' title="bbox 2481 3244 4057 3319">
     <span class='ocr_line' id='line_1_79' title="bbox 2481 3244 4057 3319; baseline -0.008 -16"><span class='ocrx_word' id='word_1_580' title='bbox 2481 3249 2573 3302; x_wconf 81' lang='grc' dir='ltr'><strong>θον</strong></span> <span class='ocrx_word' id='word_1_581' title='bbox 2609 3250 3067 3319; x_wconf 79' lang='grc' dir='ltr'>μιμνησκόμενοι,</span> <span class='ocrx_word' id='word_1_582' title='bbox 3109 3247 3205 3300; x_wconf 74' lang='grc' dir='ltr'><strong>καὶ</strong></span> <span class='ocrx_word' id='word_1_583' title='bbox 3229 3247 3376 3308; x_wconf 82' lang='grc' dir='ltr'>ὅπως</span> <span class='ocrx_word' id='word_1_584' title='bbox 3434 3244 3684 3314; x_wconf 80' lang='grc' dir='ltr'>ρυσθείεν</span> <span class='ocrx_word' id='word_1_585' title='bbox 3722 3245 3928 3316; x_wconf 73' lang='grc' dir='ltr'>σφόδρα</span> <span class='ocrx_word' id='word_1_586' title='bbox 3958 3259 4057 3292; x_wconf 82' lang='grc' dir='ltr'>πε-</span> 
     </span>
    </p>
   </div>
   <div class='ocr_carea' id='block_1_80' title="bbox 2483 3335 4057 3412">
    <p class='ocr_par' dir='ltr' id='par_1_80' title="bbox 2483 3335 4057 3412">
     <span class='ocr_line' id='line_1_80' title="bbox 2483 3335 4057 3412; baseline -0.004 -20"><span class='ocrx_word' id='word_1_587' title='bbox 2483 3342 2724 3412; x_wconf 85' lang='grc' dir='ltr'>ριχαρῶς</span> <span class='ocrx_word' id='word_1_588' title='bbox 2754 3338 3131 3408; x_wconf 67' lang='grc' dir='ltr'>ἐξηγούμενον</span> <span class='ocrx_word' id='word_1_589' title='bbox 3156 3339 3347 3391; x_wconf 71' lang='grc' dir='ltr'>ἔπειτα</span> <span class='ocrx_word' id='word_1_590' title='bbox 3375 3337 3473 3390; x_wconf 71' lang='grc' dir='ltr'><strong>καὶ</strong></span> <span class='ocrx_word' id='word_1_591' title='bbox 3503 3337 3617 3397; x_wconf 84' lang='grc' dir='ltr'>τοῖς</span> <span class='ocrx_word' id='word_1_592' title='bbox 3642 3335 3878 3406; x_wconf 81' lang='grc' dir='ltr'>παροῦσι</span> <span class='ocrx_word' id='word_1_593' title='bbox 3913 3335 4057 3387; x_wconf 67' lang='grc' dir='ltr'>κατὰ.</span> 
     </span>
    </p>
   </div>
   <div class='ocr_carea' id='block_1_81' title="bbox 2484 3427 3558 3501">
    <p class='ocr_par' dir='ltr' id='par_1_81' title="bbox 2484 3427 3558 3501">
     <span class='ocr_line' id='line_1_81' title="bbox 2484 3427 3558 3501; baseline -0.007 -17"><span class='ocrx_word' id='word_1_594' title='bbox 2484 3433 2650 3501; x_wconf 84' lang='grc' dir='ltr'>μέρος</span> <span class='ocrx_word' id='word_1_595' title='bbox 2680 3431 2747 3484; x_wconf 78' lang='grc' dir='ltr'>τὰ</span> <span class='ocrx_word' id='word_1_596' title='bbox 2770 3429 2864 3484; x_wconf 89' lang='grc' dir='ltr'><strong>τοῦ</strong></span> <span class='ocrx_word' id='word_1_597' title='bbox 2901 3429 3228 3500; x_wconf 86' lang='grc' dir='ltr'>πράγματος</span> <span class='ocrx_word' id='word_1_598' title='bbox 3249 3427 3558 3495; x_wconf 82' lang='grc' dir='ltr'>διηγοῦντο.</span> 
     </span>
    </p>
   </div>
   <div class='ocr_carea' id='block_1_82' title="bbox 2554 3511 4057 3591">
    <p class='ocr_par' dir='ltr' id='par_1_82' title="bbox 2554 3511 4057 3591">
     <span class='ocr_line' id='line_1_82' title="bbox 2554 3511 4057 3591; baseline -0.01 -14"><span class='ocrx_word' id='word_1_599' title='bbox 2554 3522 2683 3577; x_wconf 85' lang='grc' dir='ltr'><strong>ΚΘ’.</strong></span> <span class='ocrx_word' id='word_1_600' title='bbox 2741 3523 2802 3574; x_wconf 87' lang='lat'><strong>&#39;0</strong></span> <span class='ocrx_word' id='word_1_601' title='bbox 2847 3520 3168 3591; x_wconf 76' lang='grc' dir='ltr'>θαυμαστὸς</span> <span class='ocrx_word' id='word_1_602' title='bbox 3232 3518 3416 3571; x_wconf 84' lang='grc' dir='ltr'>τοίνυν</span> <span class='ocrx_word' id='word_1_603' title='bbox 3480 3515 3746 3573; x_wconf 80' lang='grc' dir='ltr'>Νικόλαος</span> <span class='ocrx_word' id='word_1_604' title='bbox 3809 3511 4057 3563; x_wconf 75' lang='grc' dir='ltr'>κινδύνου</span> 
     </span>
    </p>
   </div>
   <div class='ocr_carea' id='block_1_83' title="bbox 2484 3604 4059 3686">
    <p class='ocr_par' dir='ltr' id='par_1_83' title="bbox 2484 3604 4059 3686">
     <span class='ocr_line' id='line_1_83' title="bbox 2484 3604 4059 3686; baseline -0.01 -17"><span class='ocrx_word' id='word_1_605' title='bbox 2484 3617 2712 3686; x_wconf 79' lang='grc' dir='ltr'>ῥύεσθαι</span> <span class='ocrx_word' id='word_1_606' title='bbox 2745 3613 2840 3668; x_wconf 86' lang='grc' dir='ltr'><strong>τοῦ</strong></span> <span class='ocrx_word' id='word_1_607' title='bbox 2871 3615 2971 3682; x_wconf 84' lang='grc' dir='ltr'><strong>τῆς</strong></span> <span class='ocrx_word' id='word_1_608' title='bbox 2991 3613 3172 3683; x_wconf 78' lang='grc' dir='ltr'>ψυχῆς</span> <span class='ocrx_word' id='word_1_609' title='bbox 3203 3611 3300 3678; x_wconf 85' lang='grc' dir='ltr'><strong>οὐχ</strong></span> <span class='ocrx_word' id='word_1_610' title='bbox 3325 3605 3487 3680; x_wconf 78' lang='grc' dir='ltr'>ἧττον</span> <span class='ocrx_word' id='word_1_611' title='bbox 3514 3606 3693 3668; x_wconf 82' lang='grc' dir='ltr'>εἰδὼς,</span> <span class='ocrx_word' id='word_1_612' title='bbox 3725 3605 3754 3656; x_wconf 86' lang='grc' dir='ltr'><strong>ὃ</strong></span> <span class='ocrx_word' id='word_1_613' title='bbox 3811 3608 3904 3656; x_wconf 75' lang='grc' dir='ltr'><strong>καὶ</strong></span> <span class='ocrx_word' id='word_1_614' title='bbox 3964 3604 4059 3671; x_wconf 80' lang='grc' dir='ltr'>τῆς</span> 
     </span>
    </p>
   </div>
   <div class='ocr_carea' id='block_1_84' title="bbox 2484 3689 4062 3771">
    <p class='ocr_par' dir='ltr' id='par_1_84' title="bbox 2484 3689 4062 3771">
     <span class='ocr_line' id='line_1_84' title="bbox 2484 3689 4062 3771; baseline -0.012 -14"><span class='ocrx_word' id='word_1_615' title='bbox 2484 3706 2728 3766; x_wconf 87' lang='grc' dir='ltr'>πλείονος</span> <span class='ocrx_word' id='word_1_616' title='bbox 2765 3702 2968 3771; x_wconf 80' lang='grc' dir='ltr'>μᾶλλον</span> <span class='ocrx_word' id='word_1_617' title='bbox 2993 3701 3146 3768; x_wconf 73' lang='grc' dir='ltr'>ἠξίου</span> <span class='ocrx_word' id='word_1_618' title='bbox 3203 3696 3508 3768; x_wconf 82' lang='grc' dir='ltr'>φροντίδος,</span> <span class='ocrx_word' id='word_1_619' title='bbox 3543 3691 3733 3758; x_wconf 83' lang='grc' dir='ltr'>ἐπειδὴ</span> <span class='ocrx_word' id='word_1_620' title='bbox 3777 3689 3856 3758; x_wconf 80' lang='grc' dir='ltr'>τῷ</span> <span class='ocrx_word' id='word_1_621' title='bbox 3878 3690 4062 3756; x_wconf 81' lang='grc' dir='ltr'>διορα-</span> 
     </span>
    </p>
   </div>
   <div class='ocr_carea' id='block_1_85' title="bbox 2485 3781 4064 3865">
    <p class='ocr_par' dir='ltr' id='par_1_85' title="bbox 2485 3781 4064 3865">
     <span class='ocr_line' id='line_1_85' title="bbox 2485 3781 4064 3865; baseline -0.013 -15"><span class='ocrx_word' id='word_1_622' title='bbox 2485 3797 2622 3865; x_wconf 86' lang='grc' dir='ltr'>τικῷ</span> <span class='ocrx_word' id='word_1_623' title='bbox 2671 3795 2767 3848; x_wconf 88' lang='grc' dir='ltr'><strong>τοῦ</strong></span> <span class='ocrx_word' id='word_1_624' title='bbox 2819 3794 3128 3861; x_wconf 84' lang='grc' dir='ltr'>πνεύματος</span> <span class='ocrx_word' id='word_1_625' title='bbox 3178 3789 3448 3857; x_wconf 80' lang='grc' dir='ltr'>ὀφθαλμῷ</span> <span class='ocrx_word' id='word_1_626' title='bbox 3508 3786 3815 3854; x_wconf 81' lang='grc' dir='ltr'>μοχθηρίαν</span> <span class='ocrx_word' id='word_1_627' title='bbox 3880 3781 4064 3840; x_wconf 77' lang='grc' dir='ltr'>αὐτοῖς</span> 
     </span>
    </p>
   </div>
   <div class='ocr_carea' id='block_1_86' title="bbox 2486 3873 4064 3957">
    <p class='ocr_par' dir='ltr' id='par_1_86' title="bbox 2486 3873 4064 3957">
     <span class='ocr_line' id='line_1_86' title="bbox 2486 3873 4064 3957; baseline -0.013 -14"><span class='ocrx_word' id='word_1_628' title='bbox 2486 3889 2913 3957; x_wconf 70' lang='grc' dir='ltr'>ὑποκαθημένην</span> <span class='ocrx_word' id='word_1_629' title='bbox 2950 3885 3118 3955; x_wconf 83' lang='grc' dir='ltr'>ἐώρα,</span> <span class='ocrx_word' id='word_1_630' title='bbox 3148 3886 3339 3954; x_wconf 76' lang='grc' dir='ltr'>πόρρω</span> <span class='ocrx_word' id='word_1_631' title='bbox 3385 3878 3526 3932; x_wconf 88' lang='grc' dir='ltr'>Θεοῦ</span> <span class='ocrx_word' id='word_1_632' title='bbox 3571 3876 3804 3931; x_wconf 79' lang='grc' dir='ltr'>καὶτῶν</span> <span class='ocrx_word' id='word_1_633' title='bbox 3855 3873 4064 3926; x_wconf 77' lang='grc' dir='ltr'>ἐκείνου</span> 
     </span>
    </p>
   </div>
   <div class='ocr_carea' id='block_1_87' title="bbox 2487 3964 4067 4049">
    <p class='ocr_par' dir='ltr' id='par_1_87' title="bbox 2487 3964 4067 4049">
     <span class='ocr_line' id='line_1_87' title="bbox 2487 3964 4067 4049; baseline -0.013 -17"><span class='ocrx_word' id='word_1_634' title='bbox 2487 3979 2785 4049; x_wconf 78' lang='grc' dir='ltr'>βάλλουσαν</span> <span class='ocrx_word' id='word_1_635' title='bbox 2813 3975 3060 4038; x_wconf 73' lang='grc' dir='ltr'>ἐντολῶν,</span> <span class='ocrx_word' id='word_1_636' title='bbox 3108 3974 3406 4038; x_wconf 82' lang='grc' dir='ltr'>Ἐπίγνωτε</span> <span class='ocrx_word' id='word_1_637' title='bbox 3437 3969 3680 4032; x_wconf 75' lang='grc' dir='ltr'>ἐαυτοῦς,</span> <span class='ocrx_word' id='word_1_638' title='bbox 3702 3965 3925 4034; x_wconf 66' lang='grc' dir='ltr'>ἐφώνει,</span> <span class='ocrx_word' id='word_1_639' title='bbox 3950 3964 4067 4016; x_wconf 77' lang='grc' dir='ltr'>δέο-</span> 
     </span>
    </p>
   </div>
   <div class='ocr_carea' id='block_1_88' title="bbox 2491 4051 4067 4138">
    <p class='ocr_par' dir='ltr' id='par_1_88' title="bbox 2491 4051 4067 4138">
     <span class='ocr_line' id='line_1_88' title="bbox 2491 4051 4067 4138; baseline -0.011 -17"><span class='ocrx_word' id='word_1_640' title='bbox 2491 4087 2610 4138; x_wconf 91' lang='grc' dir='ltr'>μαι,</span> <span class='ocrx_word' id='word_1_641' title='bbox 2637 4068 2828 4129; x_wconf 82' lang='grc' dir='ltr'>τέκνα,</span> <span class='ocrx_word' id='word_1_642' title='bbox 2860 4067 3152 4133; x_wconf 84' lang='grc' dir='ltr'>ἐπίγνωτε,</span> <span class='ocrx_word' id='word_1_643' title='bbox 3181 4063 3392 4122; x_wconf 72' lang='grc' dir='ltr'>καὶτὰς</span> <span class='ocrx_word' id='word_1_644' title='bbox 3432 4059 3654 4128; x_wconf 87' lang='grc' dir='ltr'>καρδίας</span> <span class='ocrx_word' id='word_1_645' title='bbox 3686 4055 3843 4125; x_wconf 82' lang='grc' dir='ltr'>ὑμῶν</span> <span class='ocrx_word' id='word_1_646' title='bbox 3867 4055 3966 4106; x_wconf 71' lang='grc' dir='ltr'><strong>καὶ</strong></span> <span class='ocrx_word' id='word_1_647' title='bbox 4001 4051 4067 4104; x_wconf 76' lang='grc' dir='ltr'>τὰ</span> 
     </span>
    </p>
   </div>
   <div class='ocr_carea' id='block_1_89' title="bbox 2487 4145 4066 4226">
    <p class='ocr_par' dir='ltr' id='par_1_89' title="bbox 2487 4145 4066 4226">
     <span class='ocr_line' id='line_1_89' title="bbox 2487 4145 4066 4226; baseline -0.011 -15"><span class='ocrx_word' id='word_1_648' title='bbox 2487 4158 2582 4211; x_wconf 88' lang='grc' dir='ltr'><strong>τοῦ</strong></span> <span class='ocrx_word' id='word_1_649' title='bbox 2619 4159 2707 4212; x_wconf 84' lang='grc' dir='ltr'><strong>νοῦ</strong></span> <span class='ocrx_word' id='word_1_650' title='bbox 2739 4157 3018 4226; x_wconf 81' lang='grc' dir='ltr'>κινήματά</span> <span class='ocrx_word' id='word_1_651' title='bbox 3047 4172 3108 4206; x_wconf 86' lang='grc' dir='ltr'><strong>τε</strong></span> <span class='ocrx_word' id='word_1_652' title='bbox 3146 4154 3242 4207; x_wconf 82' lang='grc' dir='ltr'><strong>καὶ</strong></span> <span class='ocrx_word' id='word_1_653' title='bbox 3277 4152 3622 4219; x_wconf 85' lang='grc' dir='ltr'>διανοήματα</span> <span class='ocrx_word' id='word_1_654' title='bbox 3649 4149 3728 4206; x_wconf 81' lang='grc' dir='ltr'>εἰς</span> <span class='ocrx_word' id='word_1_655' title='bbox 3757 4145 4066 4214; x_wconf 79' lang='grc' dir='ltr'>εὐαρέστη-</span> 
     </span>
    </p>
   </div>
   <div class='ocr_carea' id='block_1_90' title="bbox 2489 4236 4069 4310">
    <p class='ocr_par' dir='ltr' id='par_1_90' title="bbox 2489 4236 4069 4310">
     <span class='ocr_line' id='line_1_90' title="bbox 2489 4236 4069 4310; baseline -0.011 -7"><span class='ocrx_word' id='word_1_656' title='bbox 2489 4269 2572 4305; x_wconf 91' lang='grc' dir='ltr'><strong>σιν</strong></span> <span class='ocrx_word' id='word_1_657' title='bbox 2596 4249 2938 4305; x_wconf 76' lang='grc' dir='ltr'>άπευθῦνατε</span> <span class='ocrx_word' id='word_1_658' title='bbox 2994 4247 3090 4300; x_wconf 89' lang='grc' dir='ltr'><strong>τοῦ</strong></span> <span class='ocrx_word' id='word_1_659' title='bbox 3143 4244 3307 4298; x_wconf 86' lang='grc' dir='ltr'>Θεοῦ.</span> <span class='ocrx_word' id='word_1_660' title='bbox 3342 4243 3458 4296; x_wconf 72' lang='grc' dir='ltr'>Κᾶν</span> <span class='ocrx_word' id='word_1_661' title='bbox 3499 4242 3608 4310; x_wconf 74' lang='grc' dir='ltr'><strong>γάρ</strong></span> <span class='ocrx_word' id='word_1_662' title='bbox 3653 4237 3780 4299; x_wconf 77' lang='grc' dir='ltr'>τοὺς</span> <span class='ocrx_word' id='word_1_663' title='bbox 3841 4236 4069 4296; x_wconf 70' lang='grc' dir='ltr'>πολλοὺς</span> 
     </span>
    </p>
   </div>
   <div class='ocr_carea' id='block_1_91' title="bbox 2488 4324 4069 4412">
    <p class='ocr_par' dir='ltr' id='par_1_91' title="bbox 2488 4324 4069 4412">
     <span class='ocr_line' id='line_1_91' title="bbox 2488 4324 4069 4412; baseline -0.015 -13"><span class='ocrx_word' id='word_1_664' title='bbox 2488 4345 2778 4399; x_wconf 78' lang='grc' dir='ltr'>λανθάνειν</span> <span class='ocrx_word' id='word_1_665' title='bbox 2809 4343 3028 4412; x_wconf 76' lang='grc' dir='ltr'>ἔχομεν,</span> <span class='ocrx_word' id='word_1_666' title='bbox 3057 4339 3084 4391; x_wconf 86' lang='grc' dir='ltr'>ὃ</span> <span class='ocrx_word' id='word_1_667' title='bbox 3112 4339 3173 4389; x_wconf 79' lang='grc' dir='ltr'><strong>τὸ</strong></span> <span class='ocrx_word' id='word_1_668' title='bbox 3200 4336 3309 4388; x_wconf 79' lang='grc' dir='ltr'>πᾶν</span> <span class='ocrx_word' id='word_1_669' title='bbox 3343 4337 3401 4385; x_wconf 86' lang='grc' dir='ltr'><strong>ἐν</strong></span> <span class='ocrx_word' id='word_1_670' title='bbox 3450 4331 3526 4399; x_wconf 78' lang='grc' dir='ltr'>τῷ</span> <span class='ocrx_word' id='word_1_671' title='bbox 3555 4330 3624 4380; x_wconf 68' lang='grc' dir='ltr'>τὰ</span> <span class='ocrx_word' id='word_1_672' title='bbox 3658 4326 3839 4395; x_wconf 81' lang='grc' dir='ltr'>φαῦλα</span> <span class='ocrx_word' id='word_1_673' title='bbox 3885 4324 4069 4393; x_wconf 83' lang='grc' dir='ltr'>πράτ-</span> 
     </span>
    </p>
   </div>
   <div class='ocr_carea' id='block_1_92' title="bbox 2491 4414 4072 4501">
    <p class='ocr_par' dir='ltr' id='par_1_92' title="bbox 2491 4414 4072 4501">
     <span class='ocr_line' id='line_1_92' title="bbox 2491 4414 4072 4501; baseline -0.016 -12"><span class='ocrx_word' id='word_1_674' title='bbox 2491 4454 2605 4489; x_wconf 77' lang='grc' dir='ltr'>τειν</span> <span class='ocrx_word' id='word_1_675' title='bbox 2634 4430 2777 4488; x_wconf 77' lang='grc' dir='ltr'>εἶναι</span> <span class='ocrx_word' id='word_1_676' title='bbox 2824 4431 3144 4501; x_wconf 77' lang='grc' dir='ltr'>νομίζομεν,</span> <span class='ocrx_word' id='word_1_677' title='bbox 3191 4428 3288 4480; x_wconf 84' lang='grc' dir='ltr'>καὶ</span> <span class='ocrx_word' id='word_1_678' title='bbox 3338 4423 3569 4493; x_wconf 80' lang='grc' dir='ltr'>χρηστοὶ</span> <span class='ocrx_word' id='word_1_679' title='bbox 3642 4417 3917 4485; x_wconf 84' lang='grc' dir='ltr'>δοκῶμεν,</span> <span class='ocrx_word' id='word_1_680' title='bbox 3956 4414 4072 4468; x_wconf 73' lang='grc' dir='ltr'>ἀλλ’</span> 
     </span>
    </p>
   </div>
   <div class='ocr_carea' id='block_1_93' title="bbox 815 4508 2497 4614">
    <p class='ocr_par' dir='ltr' id='par_1_93' title="bbox 815 4508 2464 4614">
     <span class='ocr_line' id='line_1_93' title="bbox 815 4508 2464 4614; baseline -0.013 -7"><span class='ocrx_word' id='word_1_681' title='bbox 815 4508 1034 4614; x_wconf 51' lang='lat' dir='ltr'><strong>Faciem,</strong></span> <span class='ocrx_word' id='word_1_682' title='bbox 1061 4550 1207 4603; x_wconf 89' lang='lat' dir='ltr'><strong>Deus</strong></span> <span class='ocrx_word' id='word_1_683' title='bbox 1236 4555 1416 4600; x_wconf 88' lang='lat' dir='ltr'><strong>autem</strong></span> <span class='ocrx_word' id='word_1_684' title='bbox 1449 4543 1513 4596; x_wconf 87' lang='lat' dir='ltr'><strong>ad</strong></span> <span class='ocrx_word' id='word_1_685' title='bbox 1550 4557 1645 4596; x_wconf 93' lang='lat' dir='ltr'><strong>cor</strong></span> <span class='ocrx_word' id='word_1_686' title='bbox 1677 4541 1738 4593; x_wconf 83' lang='lat'><strong>&quot;.</strong></span> <span class='ocrx_word' id='word_1_687' title='bbox 1783 4559 1800 4590; x_wconf 76' lang='grc' dir='ltr'><strong>ι</strong></span> <span class='ocrx_word' id='word_1_688' title='bbox 1838 4540 1952 4593; x_wconf 86' lang='lat' dir='ltr'><strong>lloc</strong></span> <span class='ocrx_word' id='word_1_689' title='bbox 1981 4508 2199 4606; x_wconf 80' lang='lat' dir='ltr'><strong>quoque</strong></span> <span class='ocrx_word' id='word_1_690' title='bbox 2227 4536 2378 4591; x_wconf 88' lang='lat' dir='ltr'><strong>Scri-</strong></span> <span class='ocrx_word' id='word_1_691' title='bbox 2424 4516 2464 4566; x_wconf 82' lang='grc' dir='ltr'>υ</span> 
     </span>
    </p>
   </div>
   <div class='ocr_carea' id='block_1_94' title="bbox 2393 4508 4075 4614">
    <p class='ocr_par' dir='ltr' id='par_1_94' title="bbox 2424 4508 4075 4586">
     <span class='ocr_line' id='line_1_94' title="bbox 2424 4508 4075 4586; baseline -0.016 -4"><span class='ocrx_word' id='word_1_692' title='bbox 2424 4516 2464 4566; x_wconf 81' lang='grc' dir='ltr'>υ</span> <span class='ocrx_word' id='word_1_693' title='bbox 2498 4530 2703 4581; x_wconf 79' lang='grc' dir='ltr'>ἐκεῖνον</span> <span class='ocrx_word' id='word_1_694' title='bbox 2720 4526 2854 4586; x_wconf 79' lang='grc' dir='ltr'>ὅλως</span> <span class='ocrx_word' id='word_1_695' title='bbox 2874 4523 3026 4575; x_wconf 67' lang='grc' dir='ltr'>οὐδὲν</span> <span class='ocrx_word' id='word_1_696' title='bbox 3057 4518 3346 4586; x_wconf 79' lang='grc' dir='ltr'>διαφεύγει</span> <span class='ocrx_word' id='word_1_697' title='bbox 3395 4514 3504 4567; x_wconf 83' lang='grc' dir='ltr'>τῶν</span> <span class='ocrx_word' id='word_1_698' title='bbox 3547 4509 3855 4581; x_wconf 79' lang='grc' dir='ltr'>ἡμετέρων.</span> <span class='ocrx_word' id='word_1_699' title='bbox 3900 4526 3917 4557; x_wconf 80' lang='grc' dir='ltr'><strong>ι</strong></span> <span class='ocrx_word' id='word_1_700' title='bbox 3953 4508 4075 4558; x_wconf 82' lang='lat' dir='ltr'><strong>&#39;Av-</strong></span> 
     </span>
    </p>
   </div>
   <div class='ocr_carea' id='block_1_95' title="bbox 817 4628 2383 4714">
    <p class='ocr_par' dir='ltr' id='par_1_95' title="bbox 817 4628 2383 4714">
     <span class='ocr_line' id='line_1_95' title="bbox 817 4628 2383 4714; baseline -0.011 -18"><span class='ocrx_word' id='word_1_701' title='bbox 817 4652 1035 4714; x_wconf 84' lang='lat' dir='ltr'><strong>pturam</strong></span> <span class='ocrx_word' id='word_1_702' title='bbox 1073 4635 1364 4692; x_wconf 84' lang='lat' dir='ltr'><strong>audivistis</strong></span> <span class='ocrx_word' id='word_1_703' title='bbox 1398 4635 1714 4687; x_wconf 79' lang='lat' dir='ltr'><strong>dicentem:</strong></span> <span class='ocrx_word' id='word_1_704' title='bbox 1773 4649 1791 4681; x_wconf 83' lang='grc'><em>‹</em></span> <span class='ocrx_word' id='word_1_705' title='bbox 1843 4629 1921 4683; x_wconf 84' lang='lat' dir='ltr'><strong>Ne</strong></span> <span class='ocrx_word' id='word_1_706' title='bbox 1953 4628 2168 4682; x_wconf 75' lang='lat' dir='ltr'><strong>faciatis</strong></span> <span class='ocrx_word' id='word_1_707' title='bbox 2218 4628 2383 4693; x_wconf 87' lang='lat' dir='ltr'><strong>mala,</strong></span> 
     </span>
    </p>
   </div>
   <div class='ocr_carea' id='block_1_96' title="bbox 819 4721 2391 4797">
    <p class='ocr_par' dir='ltr' id='par_1_96' title="bbox 819 4721 2391 4797">
     <span class='ocr_line' id='line_1_96' title="bbox 819 4721 2391 4797; baseline -0.01 -9"><span class='ocrx_word' id='word_1_708' title='bbox 819 4745 876 4789; x_wconf 88' lang='lat' dir='ltr'><strong>et</strong></span> <span class='ocrx_word' id='word_1_709' title='bbox 900 4749 998 4786; x_wconf 85' lang='lat' dir='ltr'><strong>vos</strong></span> <span class='ocrx_word' id='word_1_710' title='bbox 1015 4747 1124 4785; x_wconf 89' lang='lat' dir='ltr'><strong>non</strong></span> <span class='ocrx_word' id='word_1_711' title='bbox 1156 4726 1626 4797; x_wconf 73' lang='lat' dir='ltr'><strong>comprehendant</strong></span> <span class='ocrx_word' id='word_1_712' title='bbox 1665 4724 1801 4776; x_wconf 87' lang='lat' dir='ltr'><strong>mala</strong></span> <span class='ocrx_word' id='word_1_713' title='bbox 1837 4723 1899 4775; x_wconf 72' lang='lat'><strong>“.</strong></span> <span class='ocrx_word' id='word_1_714' title='bbox 1941 4740 1959 4772; x_wconf 75' lang='grc' dir='ltr'><strong>ι</strong></span> <span class='ocrx_word' id='word_1_715' title='bbox 1991 4721 2203 4774; x_wconf 84' lang='lat' dir='ltr'><strong>Discite</strong></span> <span class='ocrx_word' id='word_1_716' title='bbox 2260 4734 2391 4772; x_wconf 89' lang='lat' dir='ltr'><strong>vero</strong></span> 
     </span>
    </p>
   </div>
   <div class='ocr_carea' id='block_1_97' title="bbox 821 4811 2388 4893">
    <p class='ocr_par' dir='ltr' id='par_1_97' title="bbox 821 4811 2388 4893">
     <span class='ocr_line' id='line_1_97' title="bbox 821 4811 2388 4893; baseline -0.011 -14"><span class='ocrx_word' id='word_1_717' title='bbox 821 4825 1012 4893; x_wconf 82' lang='lat' dir='ltr'><strong>potius</strong></span> <span class='ocrx_word' id='word_1_718' title='bbox 1065 4819 1412 4882; x_wconf 83' lang='lat' dir='ltr'><strong>benefacere,</strong></span> <span class='ocrx_word' id='word_1_719' title='bbox 1482 4826 1537 4871; x_wconf 90' lang='lat' dir='ltr'><strong>et</strong></span> <span class='ocrx_word' id='word_1_720' title='bbox 1591 4815 1839 4883; x_wconf 66' lang='lat' dir='ltr'><strong>corporis</strong></span> <span class='ocrx_word' id='word_1_721' title='bbox 1898 4811 2388 4866; x_wconf 79' lang='lat' dir='ltr'><strong>sanctiﬁcationem</strong></span> 
     </span>
    </p>
   </div>
   <div class='ocr_carea' id='block_1_98' title="bbox 825 4899 2393 4978">
    <p class='ocr_par' dir='ltr' id='par_1_98' title="bbox 825 4899 2393 4978">
     <span class='ocr_line' id='line_1_98' title="bbox 825 4899 2393 4978; baseline -0.009 -11"><span class='ocrx_word' id='word_1_722' title='bbox 825 4925 940 4967; x_wconf 52' lang='lat' dir='ltr'><strong>tuto</strong></span> <span class='ocrx_word' id='word_1_723' title='bbox 980 4925 1232 4966; x_wconf 83' lang='lat' dir='ltr'><strong>exercere</strong></span> <span class='ocrx_word' id='word_1_724' title='bbox 1262 4908 1563 4978; x_wconf 83' lang='lat' dir='ltr'><strong>proposito.</strong></span> <span class='ocrx_word' id='word_1_725' title='bbox 1606 4925 1623 4956; x_wconf 83' lang='grc' dir='ltr'><strong>ι</strong></span> <span class='ocrx_word' id='word_1_726' title='bbox 1653 4899 1766 4958; x_wconf 74' lang='lat' dir='ltr'><strong>Vos</strong></span> <span class='ocrx_word' id='word_1_727' title='bbox 1791 4904 1934 4958; x_wconf 85' lang='lat' dir='ltr'><strong>enini</strong></span> <span class='ocrx_word' id='word_1_728' title='bbox 1970 4903 2104 4957; x_wconf 83' lang='lat' dir='ltr'><strong>estis</strong></span> <span class='ocrx_word' id='word_1_729' title='bbox 2135 4902 2393 4968; x_wconf 85' lang='lat' dir='ltr'><strong>templum</strong></span> 
     </span>
    </p>
   </div>
   <div class='ocr_carea' id='block_1_99' title="bbox 2487 4597 4076 4691">
    <p class='ocr_par' dir='ltr' id='par_1_99' title="bbox 2487 4597 4076 4691">
     <span class='ocr_line' id='line_1_99' title="bbox 2487 4597 4076 4691; baseline -0.018 -16"><span class='ocrx_word' id='word_1_730' title='bbox 2487 4622 2702 4691; x_wconf 83' lang='grc' dir='ltr'>θρωπος</span> <span class='ocrx_word' id='word_1_731' title='bbox 2735 4619 2835 4687; x_wconf 82' lang='grc' dir='ltr'><strong>μέν</strong></span> <span class='ocrx_word' id='word_1_732' title='bbox 2867 4617 2977 4684; x_wconf 82' lang='grc' dir='ltr'>γὰρ</span> <span class='ocrx_word' id='word_1_733' title='bbox 3003 4616 3080 4676; x_wconf 81' lang='grc' dir='ltr'><strong>είς</strong></span> <span class='ocrx_word' id='word_1_734' title='bbox 3109 4613 3430 4680; x_wconf 63' lang='grc' dir='ltr'>πρόσωπον,</span> <span class='ocrx_word' id='word_1_735' title='bbox 3478 4624 3496 4657; x_wconf 77' lang='grc' dir='ltr'><strong>ι</strong></span> <span class='ocrx_word' id='word_1_736' title='bbox 3528 4604 3721 4671; x_wconf 70' lang='grc' dir='ltr'>φησὶν,</span> <span class='ocrx_word' id='word_1_737' title='bbox 3761 4620 3778 4650; x_wconf 83' lang='grc' dir='ltr'><strong>ι</strong></span> <span class='ocrx_word' id='word_1_738' title='bbox 3830 4599 3965 4660; x_wconf 75' lang='grc' dir='ltr'>Θεὸς</span> <span class='ocrx_word' id='word_1_739' title='bbox 4023 4597 4076 4649; x_wconf 77' lang='grc' dir='ltr'><strong>δέ</strong></span> 
     </span>
    </p>
   </div>
   <div class='ocr_carea' id='block_1_100' title="bbox 2490 4689 4075 4780">
    <p class='ocr_par' dir='ltr' id='par_1_100' title="bbox 2490 4689 4075 4780">
     <span class='ocr_line' id='line_1_100' title="bbox 2490 4689 4075 4780; baseline -0.017 -15"><span class='ocrx_word' id='word_1_740' title='bbox 2490 4689 2567 4769; x_wconf 77' lang='grc' dir='ltr'><strong>είς</strong></span> <span class='ocrx_word' id='word_1_741' title='bbox 2595 4712 2840 4780; x_wconf 82' lang='grc' dir='ltr'>καρδίαν.</span> <span class='ocrx_word' id='word_1_742' title='bbox 2871 4727 2888 4760; x_wconf 72' lang='grc' dir='ltr'><strong>ι</strong></span> <span class='ocrx_word' id='word_1_743' title='bbox 2939 4706 3244 4760; x_wconf 78' lang='grc' dir='ltr'>Ἠκούσατε</span> <span class='ocrx_word' id='word_1_744' title='bbox 3274 4704 3371 4768; x_wconf 83' lang='grc' dir='ltr'>τῆς</span> <span class='ocrx_word' id='word_1_745' title='bbox 3403 4698 3626 4768; x_wconf 73' lang='grc' dir='ltr'>Γραφῆς</span> <span class='ocrx_word' id='word_1_746' title='bbox 3660 4695 3758 4747; x_wconf 73' lang='grc' dir='ltr'>καὶ</span> <span class='ocrx_word' id='word_1_747' title='bbox 3789 4690 3954 4744; x_wconf 87' lang='grc' dir='ltr'>τοῦτο</span> <span class='ocrx_word' id='word_1_748' title='bbox 3986 4689 4075 4740; x_wconf 81' lang='grc' dir='ltr'>λε-</span> 
     </span>
    </p>
   </div>
   <div class='ocr_carea' id='block_1_101' title="bbox 2491 4781 4079 4872">
    <p class='ocr_par' dir='ltr' id='par_1_101' title="bbox 2491 4781 4079 4872">
     <span class='ocr_line' id='line_1_101' title="bbox 2491 4781 4079 4872; baseline -0.019 -14"><span class='ocrx_word' id='word_1_749' title='bbox 2491 4805 2714 4872; x_wconf 85' lang='grc' dir='ltr'>γούσης,</span> <span class='ocrx_word' id='word_1_750' title='bbox 2740 4821 2758 4853; x_wconf 77' lang='grc' dir='ltr'><strong>ι</strong></span> <span class='ocrx_word' id='word_1_751' title='bbox 2791 4800 2882 4869; x_wconf 78' lang='grc' dir='ltr'><strong>Μὴ</strong></span> <span class='ocrx_word' id='word_1_752' title='bbox 2907 4799 3108 4850; x_wconf 74' lang='grc' dir='ltr'>ποιεῖτε</span> <span class='ocrx_word' id='word_1_753' title='bbox 3134 4793 3300 4854; x_wconf 77' lang='grc' dir='ltr'>κακά,</span> <span class='ocrx_word' id='word_1_754' title='bbox 3328 4792 3420 4844; x_wconf 74' lang='grc' dir='ltr'><strong>καὶ</strong></span> <span class='ocrx_word' id='word_1_755' title='bbox 3445 4790 3505 4842; x_wconf 82' lang='grc' dir='ltr'><strong>ού</strong></span> <span class='ocrx_word' id='word_1_756' title='bbox 3531 4788 3603 4857; x_wconf 82' lang='grc' dir='ltr'>μὴ</span> <span class='ocrx_word' id='word_1_757' title='bbox 3628 4781 3914 4872; x_wconf 72' lang='grc' dir='ltr'>καταλάθη</span> <span class='ocrx_word' id='word_1_758' title='bbox 3939 4781 4079 4848; x_wconf 77' lang='grc' dir='ltr'>ὑμᾶς</span> 
     </span>
    </p>
   </div>
   <div class='ocr_carea' id='block_1_102' title="bbox 2493 4870 4078 4952">
    <p class='ocr_par' dir='ltr' id='par_1_102' title="bbox 2493 4870 4078 4952">
     <span class='ocr_line' id='line_1_102' title="bbox 2493 4870 4078 4952; baseline -0.02 -6"><span class='ocrx_word' id='word_1_759' title='bbox 2493 4870 2560 4946; x_wconf 76' lang='grc' dir='ltr'><strong>τά</strong></span> <span class='ocrx_word' id='word_1_760' title='bbox 2582 4870 2746 4947; x_wconf 79' lang='grc' dir='ltr'>κακά.</span> <span class='ocrx_word' id='word_1_761' title='bbox 2780 4910 2796 4942; x_wconf 77' lang='grc' dir='ltr'><strong>ι</strong></span> <span class='ocrx_word' id='word_1_762' title='bbox 2832 4889 2906 4942; x_wconf 70' lang='lat' dir='ltr'><strong>Eii</strong></span> <span class='ocrx_word' id='word_1_763' title='bbox 2925 4889 2980 4941; x_wconf 79' lang='grc' dir='ltr'>δὲ</span> <span class='ocrx_word' id='word_1_764' title='bbox 2997 4886 3167 4938; x_wconf 74' lang='grc' dir='ltr'>ποιεῖν</span> <span class='ocrx_word' id='word_1_765' title='bbox 3190 4881 3389 4952; x_wconf 84' lang='grc' dir='ltr'>μᾶλλον</span> <span class='ocrx_word' id='word_1_766' title='bbox 3415 4877 3687 4946; x_wconf 74' lang='grc' dir='ltr'>ἐπιμόνως</span> <span class='ocrx_word' id='word_1_767' title='bbox 3718 4870 4078 4928; x_wconf 78' lang='grc' dir='ltr'>σπουδάσατε,</span> 
     </span>
    </p>
   </div>
   <div class='ocr_carea' id='block_1_103' title="bbox 832 4966 2514 5069">
    <p class='ocr_par' dir='ltr' id='par_1_103' title="bbox 832 4966 2514 5069">
     <span class='ocr_line' id='line_1_103' title="bbox 832 4966 2514 5069; baseline -0.008 -8"><span class='ocrx_word' id='word_1_768' title='bbox 832 5005 952 5061; x_wconf 79' lang='lat' dir='ltr'><strong>Dei.</strong></span> <span class='ocrx_word' id='word_1_769' title='bbox 985 5003 1088 5069; x_wconf 88' lang='lat' dir='ltr'><strong>Qui</strong></span> <span class='ocrx_word' id='word_1_770' title='bbox 1137 4966 1320 5056; x_wconf 60' lang='lat' dir='ltr'><strong>autem</strong></span> <span class='ocrx_word' id='word_1_771' title='bbox 1349 4966 1659 5067; x_wconf 73' lang='lat' dir='ltr'><strong>corrumpit</strong></span> <span class='ocrx_word' id='word_1_772' title='bbox 1721 4999 1823 5051; x_wconf 90' lang='lat' dir='ltr'><strong>hoc</strong></span> <span class='ocrx_word' id='word_1_773' title='bbox 1877 4997 2158 5063; x_wconf 86' lang='lat' dir='ltr'><strong>templum,</strong></span> <span class='ocrx_word' id='word_1_774' title='bbox 2209 4966 2403 5063; x_wconf 82' lang='lat' dir='ltr'><strong>perdet</strong></span> <span class='ocrx_word' id='word_1_775' title='bbox 2499 5004 2514 5038; x_wconf 72' lang='grc' dir='ltr'><strong>ι</strong></span> 
     </span>
    </p>
   </div>
   <div class='ocr_carea' id='block_1_104' title="bbox 2391 4966 4073 5069">
    <p class='ocr_par' dir='ltr' id='par_1_104' title="bbox 2391 4966 4073 5052">
     <span class='ocr_line' id='line_1_104' title="bbox 2391 4966 4073 5052; baseline -0.019 -11"><span class='ocrx_word' id='word_1_776' title='bbox 2391 5004 2403 5048; x_wconf 77' lang='lat' dir='ltr'><strong>t</strong></span> <span class='ocrx_word' id='word_1_777' title='bbox 2499 4988 2592 5039; x_wconf 75' lang='grc' dir='ltr'><strong>καὶ</strong></span> <span class='ocrx_word' id='word_1_778' title='bbox 2617 4986 2704 5037; x_wconf 88' lang='grc' dir='ltr'><strong>τὸν</strong></span> <span class='ocrx_word' id='word_1_779' title='bbox 2728 4983 2999 5052; x_wconf 74' lang='grc' dir='ltr'>άγιασμὸν</span> <span class='ocrx_word' id='word_1_780' title='bbox 3025 4977 3119 5030; x_wconf 89' lang='grc' dir='ltr'><strong>τοῦ</strong></span> <span class='ocrx_word' id='word_1_781' title='bbox 3145 4977 3394 5044; x_wconf 84' lang='grc' dir='ltr'>σώματος</span> <span class='ocrx_word' id='word_1_782' title='bbox 3432 4972 3527 5039; x_wconf 76' lang='grc' dir='ltr'><strong>ὅλῃ</strong></span> <span class='ocrx_word' id='word_1_783' title='bbox 3591 4966 3850 5034; x_wconf 79' lang='grc' dir='ltr'>προθέσει</span> <span class='ocrx_word' id='word_1_784' title='bbox 3912 4977 4073 5029; x_wconf 87' lang='grc' dir='ltr'>μετα-</span> 
     </span>
    </p>
   </div>
   <div class='ocr_carea' id='block_1_105' title="bbox 825 5085 2398 5150">
    <p class='ocr_par' dir='ltr' id='par_1_105' title="bbox 825 5085 2398 5150">
     <span class='ocr_line' id='line_1_105' title="bbox 825 5085 2398 5150; baseline -0.007 0"><span class='ocrx_word' id='word_1_785' title='bbox 825 5112 953 5150; x_wconf 89' lang='lat' dir='ltr'><strong>eum</strong></span> <span class='ocrx_word' id='word_1_786' title='bbox 980 5095 1142 5149; x_wconf 87' lang='lat' dir='ltr'><strong>Deus.</strong></span> <span class='ocrx_word' id='word_1_787' title='bbox 1177 5113 1194 5140; x_wconf 79' lang='grc' dir='ltr'><strong>ι</strong></span> <span class='ocrx_word' id='word_1_788' title='bbox 1226 5091 1345 5146; x_wconf 71' lang='lat' dir='ltr'><strong>Ilaec</strong></span> <span class='ocrx_word' id='word_1_789' title='bbox 1369 5093 1502 5145; x_wconf 87' lang='lat' dir='ltr'><strong>dicit</strong></span> <span class='ocrx_word' id='word_1_790' title='bbox 1534 5091 1753 5144; x_wconf 89' lang='lat' dir='ltr'><strong>divinus</strong></span> <span class='ocrx_word' id='word_1_791' title='bbox 1779 5088 1979 5142; x_wconf 84' lang='lat' dir='ltr'><strong>Paulus</strong></span> <span class='ocrx_word' id='word_1_792' title='bbox 2009 5088 2073 5140; x_wconf 84' lang='lat'><strong>&quot;.</strong></span> <span class='ocrx_word' id='word_1_793' title='bbox 2099 5085 2191 5140; x_wconf 89' lang='lat' dir='ltr'><strong>Sic</strong></span> <span class='ocrx_word' id='word_1_794' title='bbox 2218 5086 2398 5148; x_wconf 81' lang='lat' dir='ltr'><strong>facite,</strong></span> 
     </span>
    </p>
   </div>
   <div class='ocr_carea' id='block_1_106' title="bbox 824 5176 2404 5250">
    <p class='ocr_par' dir='ltr' id='par_1_106' title="bbox 824 5176 2404 5250">
     <span class='ocr_line' id='line_1_106' title="bbox 824 5176 2404 5250; baseline -0.007 -11"><span class='ocrx_word' id='word_1_795' title='bbox 824 5198 884 5239; x_wconf 89' lang='lat' dir='ltr'><strong>ct</strong></span> <span class='ocrx_word' id='word_1_796' title='bbox 938 5185 1005 5238; x_wconf 91' lang='lat' dir='ltr'><strong>de</strong></span> <span class='ocrx_word' id='word_1_797' title='bbox 1055 5191 1256 5237; x_wconf 60' lang='lat' dir='ltr'><strong>caetero</strong></span> <span class='ocrx_word' id='word_1_798' title='bbox 1306 5183 1476 5235; x_wconf 84' lang='lat' dir='ltr'><strong>Deum</strong></span> <span class='ocrx_word' id='word_1_799' title='bbox 1526 5178 1801 5234; x_wconf 82' lang='lat' dir='ltr'><strong>habebitis</strong></span> <span class='ocrx_word' id='word_1_800' title='bbox 1850 5178 2184 5250; x_wconf 72' lang='lat' dir='ltr'><strong>adiutorem.</strong></span> <span class='ocrx_word' id='word_1_801' title='bbox 2246 5176 2404 5229; x_wconf 76' lang='lat' dir='ltr'><strong>Suni-</strong></span> 
     </span>
    </p>
   </div>
   <div class='ocr_carea' id='block_1_107' title="bbox 826 5269 2402 5343">
    <p class='ocr_par' dir='ltr' id='par_1_107' title="bbox 826 5269 2402 5343">
     <span class='ocr_line' id='line_1_107' title="bbox 826 5269 2402 5343; baseline -0.006 -11"><span class='ocrx_word' id='word_1_802' title='bbox 826 5280 986 5333; x_wconf 85' lang='lat' dir='ltr'><strong>ciunt</strong></span> <span class='ocrx_word' id='word_1_803' title='bbox 1024 5275 1158 5329; x_wconf 93' lang='lat' dir='ltr'><strong>mihi</strong></span> <span class='ocrx_word' id='word_1_804' title='bbox 1210 5275 1324 5328; x_wconf 78' lang='lat' dir='ltr'><strong>haec</strong></span> <span class='ocrx_word' id='word_1_805' title='bbox 1354 5290 1474 5343; x_wconf 74' lang='lat' dir='ltr'><strong>qua:</strong></span> <span class='ocrx_word' id='word_1_806' title='bbox 1519 5273 1664 5326; x_wconf 88' lang='lat' dir='ltr'><strong>dicta</strong></span> <span class='ocrx_word' id='word_1_807' title='bbox 1723 5280 1851 5324; x_wconf 86' lang='lat' dir='ltr'><strong>sunt</strong></span> <span class='ocrx_word' id='word_1_808' title='bbox 1913 5270 1978 5322; x_wconf 79' lang='lat' dir='ltr'><strong>ad</strong></span> <span class='ocrx_word' id='word_1_809' title='bbox 2034 5269 2402 5322; x_wconf 66' lang='lat' dir='ltr'><strong>ostendendas</strong></span> 
     </span>
    </p>
   </div>
   <div class='ocr_carea' id='block_1_108' title="bbox 835 5359 2406 5439">
    <p class='ocr_par' dir='ltr' id='par_1_108' title="bbox 835 5359 2406 5439">
     <span class='ocr_line' id='line_1_108' title="bbox 835 5359 2406 5439; baseline -0.01 -15"><span class='ocrx_word' id='word_1_810' title='bbox 835 5386 970 5439; x_wconf 86' lang='lat' dir='ltr'><strong>opes</strong></span> <span class='ocrx_word' id='word_1_811' title='bbox 1000 5367 1202 5436; x_wconf 82' lang='lat' dir='ltr'><strong>quibus</strong></span> <span class='ocrx_word' id='word_1_812' title='bbox 1226 5365 1312 5418; x_wconf 91' lang='lat' dir='ltr'><strong>ille</strong></span> <span class='ocrx_word' id='word_1_813' title='bbox 1335 5382 1364 5418; x_wconf 92' lang='lat' dir='ltr'><strong>a</strong></span> <span class='ocrx_word' id='word_1_814' title='bbox 1391 5366 1500 5419; x_wconf 89' lang='lat' dir='ltr'><strong>Deo</strong></span> <span class='ocrx_word' id='word_1_815' title='bbox 1528 5372 1647 5418; x_wconf 90' lang='lat' dir='ltr'><strong>erat</strong></span> <span class='ocrx_word' id='word_1_816' title='bbox 1671 5363 2055 5430; x_wconf 85' lang='lat' dir='ltr'><strong>locupletatus.</strong></span> <span class='ocrx_word' id='word_1_817' title='bbox 2083 5359 2186 5414; x_wconf 86' lang='lat' dir='ltr'><strong>Sed</strong></span> <span class='ocrx_word' id='word_1_818' title='bbox 2221 5359 2406 5412; x_wconf 89' lang='lat' dir='ltr'><strong>nescio</strong></span> 
     </span>
    </p>
   </div>
   <div class='ocr_carea' id='block_1_109' title="bbox 833 5449 2395 5529">
    <p class='ocr_par' dir='ltr' id='par_1_109' title="bbox 833 5449 2395 5529">
     <span class='ocr_line' id='line_1_109' title="bbox 833 5449 2395 5529; baseline -0.011 -14"><span class='ocrx_word' id='word_1_819' title='bbox 833 5459 1112 5529; x_wconf 83' lang='lat' dir='ltr'><strong>quomodo</strong></span> <span class='ocrx_word' id='word_1_820' title='bbox 1172 5472 1292 5521; x_wconf 87' lang='lat' dir='ltr'><strong>c,us</strong></span> <span class='ocrx_word' id='word_1_821' title='bbox 1348 5455 1576 5519; x_wconf 91' lang='lat' dir='ltr'><strong>mentio,</strong></span> <span class='ocrx_word' id='word_1_822' title='bbox 1613 5469 1715 5507; x_wconf 85' lang='lat' dir='ltr'><strong>nec</strong></span> <span class='ocrx_word' id='word_1_823' title='bbox 1770 5453 1861 5506; x_wconf 82' lang='lat' dir='ltr'><strong>hic</strong></span> <span class='ocrx_word' id='word_1_824' title='bbox 1913 5451 2132 5519; x_wconf 86' lang='lat' dir='ltr'><strong>quidem</strong></span> <span class='ocrx_word' id='word_1_825' title='bbox 2189 5449 2395 5518; x_wconf 91' lang='lat' dir='ltr'><strong>patitur</strong></span> 
     </span>
    </p>
   </div>
   <div class='ocr_carea' id='block_1_110' title="bbox 833 5549 1474 5606">
    <p class='ocr_par' dir='ltr' id='par_1_110' title="bbox 833 5549 1474 5606">
     <span class='ocr_line' id='line_1_110' title="bbox 833 5549 1474 5606; baseline -0.012 0"><span class='ocrx_word' id='word_1_826' title='bbox 833 5553 1032 5606; x_wconf 85' lang='lat' dir='ltr'><strong>sistere</strong></span> <span class='ocrx_word' id='word_1_827' title='bbox 1095 5549 1348 5602; x_wconf 87' lang='lat' dir='ltr'><strong>oratione</strong></span> <span class='ocrx_word' id='word_1_828' title='bbox 1361 5562 1409 5598; x_wconf 93' lang='lat' dir='ltr'><strong>m</strong></span> <span class='ocrx_word' id='word_1_829' title='bbox 1462 5565 1474 5598; x_wconf 91' lang='lat'>:</span> 
     </span>
    </p>
   </div>
   <div class='ocr_carea' id='block_1_111' title="bbox 833 5636 2083 5711">
    <p class='ocr_par' dir='ltr' id='par_1_111' title="bbox 833 5636 2083 5711">
     <span class='ocr_line' id='line_1_111' title="bbox 833 5636 2083 5711; baseline -0.01 -16"><span class='ocrx_word' id='word_1_830' title='bbox 833 5641 1113 5711; x_wconf 73' lang='lat' dir='ltr'><strong>adiecerit,</strong></span> <span class='ocrx_word' id='word_1_831' title='bbox 1141 5641 1394 5693; x_wconf 60' lang='lat' dir='ltr'><strong>damnum</strong></span> <span class='ocrx_word' id='word_1_832' title='bbox 1436 5636 1587 5690; x_wconf 92' lang='lat' dir='ltr'><strong>ducit</strong></span> <span class='ocrx_word' id='word_1_833' title='bbox 1619 5649 1738 5688; x_wconf 88' lang='lat' dir='ltr'><strong>esse</strong></span> <span class='ocrx_word' id='word_1_834' title='bbox 1772 5636 2083 5686; x_wconf 76' lang='lat' dir='ltr'><strong>maximum.</strong></span> 
     </span>
    </p>
   </div>
   <div class='ocr_carea' id='block_1_112' title="bbox 1531 5544 2410 5610">
    <p class='ocr_par' dir='ltr' id='par_1_112' title="bbox 1531 5544 2410 5610">
     <span class='ocr_line' id='line_1_112' title="bbox 1531 5544 2410 5610; baseline -0.011 -12"><span class='ocrx_word' id='word_1_835' title='bbox 1531 5545 1622 5598; x_wconf 87' lang='lat' dir='ltr'><strong>sed</strong></span> <span class='ocrx_word' id='word_1_836' title='bbox 1678 5544 1779 5596; x_wconf 88' lang='lat' dir='ltr'><strong>nisi</strong></span> <span class='ocrx_word' id='word_1_837' title='bbox 1837 5558 1899 5595; x_wconf 89' lang='lat' dir='ltr'><strong>ea</strong></span> <span class='ocrx_word' id='word_1_838' title='bbox 1945 5556 2064 5610; x_wconf 71' lang='lat' dir='ltr'><strong>qua:</strong></span> <span class='ocrx_word' id='word_1_839' title='bbox 2116 5545 2410 5606; x_wconf 87' lang='lat' dir='ltr'><strong>supersunt</strong></span> 
     </span>
    </p>
   </div>
   <div class='ocr_carea' id='block_1_113' title="bbox 2498 5053 4080 5141">
    <p class='ocr_par' dir='ltr' id='par_1_113' title="bbox 2498 5053 4080 5141">
     <span class='ocr_line' id='line_1_113' title="bbox 2498 5053 4080 5141; baseline -0.02 -10"><span class='ocrx_word' id='word_1_840' title='bbox 2498 5077 2743 5141; x_wconf 78' lang='grc' dir='ltr'>διώξατε.</span> <span class='ocrx_word' id='word_1_841' title='bbox 2786 5093 2804 5125; x_wconf 79' lang='grc' dir='ltr'><strong>ι</strong></span> <span class='ocrx_word' id='word_1_842' title='bbox 2840 5074 2987 5134; x_wconf 77' lang='grc' dir='ltr'>Ναὸς</span> <span class='ocrx_word' id='word_1_843' title='bbox 3016 5071 3126 5140; x_wconf 84' lang='grc' dir='ltr'>γὰρ</span> <span class='ocrx_word' id='word_1_844' title='bbox 3189 5070 3348 5136; x_wconf 75' lang='grc' dir='ltr'>ἡμεῖς</span> <span class='ocrx_word' id='word_1_845' title='bbox 3400 5062 3561 5116; x_wconf 86' lang='grc' dir='ltr'>Θεοῦ.</span> <span class='ocrx_word' id='word_1_846' title='bbox 3615 5062 3713 5119; x_wconf 84' lang='grc' dir='ltr'>Ὃς</span> <span class='ocrx_word' id='word_1_847' title='bbox 3772 5056 3830 5108; x_wconf 67' lang='grc' dir='ltr'>δὲ</span> <span class='ocrx_word' id='word_1_848' title='bbox 3867 5053 4080 5121; x_wconf 82' lang='grc' dir='ltr'>φθείρει</span> 
     </span>
    </p>
   </div>
   <div class='ocr_carea' id='block_1_114' title="bbox 2498 5147 4079 5225">
    <p class='ocr_par' dir='ltr' id='par_1_114' title="bbox 2498 5147 4079 5225">
     <span class='ocr_line' id='line_1_114' title="bbox 2498 5147 4079 5225; baseline -0.018 -1"><span class='ocrx_word' id='word_1_849' title='bbox 2498 5172 2589 5224; x_wconf 65' lang='grc' dir='ltr'><strong>τδν</strong></span> <span class='ocrx_word' id='word_1_850' title='bbox 2628 5170 2754 5222; x_wconf 77' lang='grc' dir='ltr'>ναὸν</span> <span class='ocrx_word' id='word_1_851' title='bbox 2782 5167 2877 5220; x_wconf 87' lang='grc' dir='ltr'><strong>τοῦ</strong></span> <span class='ocrx_word' id='word_1_852' title='bbox 2913 5165 3074 5225; x_wconf 87' lang='grc' dir='ltr'>Θεοῦ,</span> <span class='ocrx_word' id='word_1_853' title='bbox 3111 5182 3130 5214; x_wconf 71' lang='grc' dir='ltr'><strong>ι</strong></span> <span class='ocrx_word' id='word_1_854' title='bbox 3165 5162 3374 5220; x_wconf 83' lang='grc' dir='ltr'>Παῦλος</span> <span class='ocrx_word' id='word_1_855' title='bbox 3427 5155 3599 5210; x_wconf 83' lang='grc' dir='ltr'>ταῦτά</span> <span class='ocrx_word' id='word_1_856' title='bbox 3638 5170 3802 5222; x_wconf 84' lang='grc' dir='ltr'>φησιν</span> <span class='ocrx_word' id='word_1_857' title='bbox 3838 5151 3865 5201; x_wconf 84' lang='grc' dir='ltr'>ὁ</span> <span class='ocrx_word' id='word_1_858' title='bbox 3917 5147 4079 5204; x_wconf 83' lang='grc' dir='ltr'>θεῖος,</span> 
     </span>
    </p>
   </div>
   <div class='ocr_carea' id='block_1_115' title="bbox 2509 5240 4082 5331">
    <p class='ocr_par' dir='ltr' id='par_1_115' title="bbox 2509 5240 4082 5331">
     <span class='ocr_line' id='line_1_115' title="bbox 2509 5240 4082 5331; baseline -0.017 -17"><span class='ocrx_word' id='word_1_859' title='bbox 2509 5283 2526 5314; x_wconf 83' lang='grc' dir='ltr'><strong>ι</strong></span> <span class='ocrx_word' id='word_1_860' title='bbox 2556 5263 2743 5331; x_wconf 77' lang='grc' dir='ltr'>φθερεί</span> <span class='ocrx_word' id='word_1_861' title='bbox 2771 5260 2958 5313; x_wconf 87' lang='grc' dir='ltr'>τοῦτον</span> <span class='ocrx_word' id='word_1_862' title='bbox 2981 5260 3006 5310; x_wconf 84' lang='grc' dir='ltr'>ὀ</span> <span class='ocrx_word' id='word_1_863' title='bbox 3033 5255 3186 5316; x_wconf 74' lang='grc' dir='ltr'>Θεὸς.</span> <span class='ocrx_word' id='word_1_864' title='bbox 3204 5272 3220 5302; x_wconf 73' lang='grc' dir='ltr'><strong>ι</strong></span> <span class='ocrx_word' id='word_1_865' title='bbox 3279 5251 3433 5304; x_wconf 83' lang='grc' dir='ltr'>Οῦτω</span> <span class='ocrx_word' id='word_1_866' title='bbox 3455 5248 3684 5306; x_wconf 84' lang='grc' dir='ltr'>ποιεῖτε,</span> <span class='ocrx_word' id='word_1_867' title='bbox 3716 5243 3882 5308; x_wconf 57' lang='grc' dir='ltr'>καζτο</span> <span class='ocrx_word' id='word_1_868' title='bbox 3904 5240 4082 5292; x_wconf 74' lang='grc' dir='ltr'>λοιπὸν</span> 
     </span>
    </p>
   </div>
   <div class='ocr_carea' id='block_1_116' title="bbox 2503 5331 4081 5417">
    <p class='ocr_par' dir='ltr' id='par_1_116' title="bbox 2503 5331 4081 5417">
     <span class='ocr_line' id='line_1_116' title="bbox 2503 5331 4081 5417; baseline -0.015 -14"><span class='ocrx_word' id='word_1_869' title='bbox 2503 5351 2653 5415; x_wconf 68' lang='grc' dir='ltr'>ἕξετε</span> <span class='ocrx_word' id='word_1_870' title='bbox 2690 5349 2880 5417; x_wconf 75' lang='grc' dir='ltr'>βοηθὸν</span> <span class='ocrx_word' id='word_1_871' title='bbox 2911 5348 3122 5414; x_wconf 82' lang='grc' dir='ltr'>ἄμαχον</span> <span class='ocrx_word' id='word_1_872' title='bbox 3161 5344 3248 5393; x_wconf 61' lang='grc' dir='ltr'><strong>τὸν</strong></span> <span class='ocrx_word' id='word_1_873' title='bbox 3279 5339 3439 5391; x_wconf 72' lang='grc' dir='ltr'>Θεόν.</span> <span class='ocrx_word' id='word_1_874' title='bbox 3481 5337 3688 5404; x_wconf 80' lang='grc' dir='ltr'>Ἤρκει</span> <span class='ocrx_word' id='word_1_875' title='bbox 3719 5332 3786 5384; x_wconf 83' lang='grc' dir='ltr'>τὰ</span> <span class='ocrx_word' id='word_1_876' title='bbox 3819 5331 4081 5400; x_wconf 79' lang='grc' dir='ltr'>εἰρημένα</span> 
     </span>
    </p>
   </div>
   <div class='ocr_carea' id='block_1_117' title="bbox 2509 5426 4081 5512">
    <p class='ocr_par' dir='ltr' id='par_1_117' title="bbox 2509 5426 4081 5512">
     <span class='ocr_line' id='line_1_117' title="bbox 2509 5426 4081 5512; baseline -0.013 -18"><span class='ocrx_word' id='word_1_877' title='bbox 2509 5445 2574 5512; x_wconf 70' lang='grc' dir='ltr'>ἣν</span> <span class='ocrx_word' id='word_1_878' title='bbox 2609 5437 2762 5502; x_wconf 68' lang='grc' dir='ltr'>οὗτος</span> <span class='ocrx_word' id='word_1_879' title='bbox 2789 5439 3037 5492; x_wconf 77' lang='grc' dir='ltr'>ἐπλούτει</span> <span class='ocrx_word' id='word_1_880' title='bbox 3073 5435 3223 5504; x_wconf 71' lang='grc' dir='ltr'>παρὰ</span> <span class='ocrx_word' id='word_1_881' title='bbox 3264 5432 3399 5485; x_wconf 79' lang='grc' dir='ltr'>Θεοῦ</span> <span class='ocrx_word' id='word_1_882' title='bbox 3437 5432 3638 5499; x_wconf 84' lang='grc' dir='ltr'>ῥοπὴν,</span> <span class='ocrx_word' id='word_1_883' title='bbox 3675 5426 3878 5486; x_wconf 79' lang='grc' dir='ltr'>ἱκανῶς</span> <span class='ocrx_word' id='word_1_884' title='bbox 3909 5441 4081 5493; x_wconf 72' lang='grc' dir='ltr'><strong>παρα⁹</strong></span> 
     </span>
    </p>
   </div>
   <div class='ocr_carea' id='block_1_118' title="bbox 2513 5518 4079 5600">
    <p class='ocr_par' dir='ltr' id='par_1_118' title="bbox 2513 5518 4079 5600">
     <span class='ocr_line' id='line_1_118' title="bbox 2513 5518 4079 5600; baseline -0.011 -14"><span class='ocrx_word' id='word_1_885' title='bbox 2513 5536 2725 5600; x_wconf 73' lang='grc' dir='ltr'>στῆσαι.</span> <span class='ocrx_word' id='word_1_886' title='bbox 2768 5533 2904 5585; x_wconf 75' lang='grc' dir='ltr'>Ἀλλ’</span> <span class='ocrx_word' id='word_1_887' title='bbox 2936 5532 3036 5583; x_wconf 77' lang='grc' dir='ltr'>οὐκ</span> <span class='ocrx_word' id='word_1_888' title='bbox 3066 5525 3161 5581; x_wconf 72' lang='grc' dir='ltr'>οἷδ’</span> <span class='ocrx_word' id='word_1_889' title='bbox 3211 5528 3360 5586; x_wconf 78' lang='grc' dir='ltr'>ὅπως</span> <span class='ocrx_word' id='word_1_890' title='bbox 3431 5526 3463 5591; x_wconf 79' lang='grc' dir='ltr'>ἡ</span> <span class='ocrx_word' id='word_1_891' title='bbox 3518 5524 3644 5591; x_wconf 80' lang='grc' dir='ltr'>περὶ</span> <span class='ocrx_word' id='word_1_892' title='bbox 3680 5518 3844 5571; x_wconf 65' lang='grc' dir='ltr'>αἰτοῦ</span> <span class='ocrx_word' id='word_1_893' title='bbox 3898 5519 4079 5585; x_wconf 69' lang='grc' dir='ltr'>μνήμη</span> 
     </span>
    </p>
   </div>
   <div class='ocr_carea' id='block_1_119' title="bbox 2515 5607 4081 5691">
    <p class='ocr_par' dir='ltr' id='par_1_119' title="bbox 2515 5607 4081 5691">
     <span class='ocr_line' id='line_1_119' title="bbox 2515 5607 4081 5691; baseline -0.017 -14"><span class='ocrx_word' id='word_1_894' title='bbox 2515 5626 2624 5677; x_wconf 76' lang='grc' dir='ltr'>οὐδ’</span> <span class='ocrx_word' id='word_1_895' title='bbox 2664 5624 2898 5678; x_wconf 80' lang='grc' dir='ltr'>ἐνταῦθα</span> <span class='ocrx_word' id='word_1_896' title='bbox 2927 5620 3121 5691; x_wconf 74' lang='grc' dir='ltr'>στῆσαι</span> <span class='ocrx_word' id='word_1_897' title='bbox 3158 5617 3248 5670; x_wconf 71' lang='grc' dir='ltr'>τὸν</span> <span class='ocrx_word' id='word_1_898' title='bbox 3273 5617 3431 5682; x_wconf 66' lang='grc' dir='ltr'>λίγον</span> <span class='ocrx_word' id='word_1_899' title='bbox 3464 5611 3734 5680; x_wconf 72' lang='grc' dir='ltr'>ἀνέχεται,</span> <span class='ocrx_word' id='word_1_900' title='bbox 3768 5608 3896 5658; x_wconf 72' lang='grc' dir='ltr'>ἀλλ’</span> <span class='ocrx_word' id='word_1_901' title='bbox 3927 5608 3976 5658; x_wconf 80' lang='grc' dir='ltr'>εἰ</span> <span class='ocrx_word' id='word_1_902' title='bbox 4013 5607 4081 5672; x_wconf 66' lang='grc' dir='ltr'>μὴ</span> 
     </span>
    </p>
   </div>
   <div class='ocr_carea' id='block_1_120' title="bbox 838 5723 2721 5803">
    <p class='ocr_par' dir='ltr' id='par_1_120' title="bbox 838 5723 2721 5803">
     <span class='ocr_line' id='line_1_120' title="bbox 838 5723 2721 5803; baseline -0.013 -11"><span class='ocrx_word' id='word_1_903' title='bbox 838 5742 923 5792; x_wconf 71' lang='grc' dir='ltr'><strong>καὶ</strong></span> <span class='ocrx_word' id='word_1_904' title='bbox 967 5740 1033 5791; x_wconf 73' lang='grc' dir='ltr'><strong>τά</strong></span> <span class='ocrx_word' id='word_1_905' title='bbox 1064 5737 1361 5803; x_wconf 76' lang='grc' dir='ltr'>λειπόμενα</span> <span class='ocrx_word' id='word_1_906' title='bbox 1415 5733 1735 5800; x_wconf 64' lang='grc' dir='ltr'>ποοσθήτει,</span> <span class='ocrx_word' id='word_1_907' title='bbox 1799 5728 1997 5796; x_wconf 61' lang='grc' dir='ltr'>ζημίαν</span> <span class='ocrx_word' id='word_1_908' title='bbox 2068 5727 2274 5782; x_wconf 73' lang='grc' dir='ltr'>τίθεται</span> <span class='ocrx_word' id='word_1_909' title='bbox 2306 5724 2402 5791; x_wconf 66' lang='grc' dir='ltr'><strong>τὴν</strong></span> <span class='ocrx_word' id='word_1_910' title='bbox 2441 5723 2721 5790; x_wconf 68' lang='grc' dir='ltr'>μεγὲςτην.</span> 
     </span>
    </p>
   </div>
   <div class='ocr_carea' id='block_1_121' title="bbox 914 5848 1947 5926">
    <p class='ocr_par' dir='ltr' id='par_1_121' title="bbox 914 5848 1947 5926">
     <span class='ocr_line' id='line_1_121' title="bbox 914 5848 1947 5926; baseline -0.013 -15"><span class='ocrx_word' id='word_1_911' title='bbox 914 5861 954 5890; x_wconf 83' lang='grc'><strong>⁸³</strong></span> <span class='ocrx_word' id='word_1_912' title='bbox 988 5858 1158 5926; x_wconf 62' lang='grc' dir='ltr'>ιιιμέ.</span> <span class='ocrx_word' id='word_1_913' title='bbox 1197 5873 1302 5920; x_wconf 76' lang='lat' dir='ltr'><strong>xvi,</strong></span> <span class='ocrx_word' id='word_1_914' title='bbox 1339 5857 1387 5905; x_wconf 73' lang='grc' dir='ltr'><strong>ἲ.</strong></span> <span class='ocrx_word' id='word_1_915' title='bbox 1474 5853 1686 5908; x_wconf 82' lang='lat' dir='ltr'><strong>&quot;Juau.</strong></span> <span class='ocrx_word' id='word_1_916' title='bbox 1739 5867 1830 5913; x_wconf 77' lang='lat' dir='ltr'><strong>xu,</strong></span> <span class='ocrx_word' id='word_1_917' title='bbox 1863 5848 1947 5901; x_wconf 61' lang='lat' dir='ltr'><strong>LE.</strong></span> 
     </span>
    </p>
   </div>
   <div class='ocr_carea' id='block_1_122' title="bbox 2036 5837 2506 5905">
    <p class='ocr_par' dir='ltr' id='par_1_122' title="bbox 2036 5837 2506 5905">
     <span class='ocr_line' id='line_1_122' title="bbox 2036 5837 2506 5905; baseline -0.009 -9"><span class='ocrx_word' id='word_1_918' title='bbox 2036 5846 2072 5871; x_wconf 77' lang='lat'><strong>&quot;&quot;</strong></span> <span class='ocrx_word' id='word_1_919' title='bbox 2112 5844 2270 5896; x_wconf 62' lang='lat' dir='ltr'><strong>[Cur</strong></span> <span class='ocrx_word' id='word_1_920' title='bbox 2303 5857 2381 5905; x_wconf 86' lang='grc' dir='ltr'>ιιι,</span> <span class='ocrx_word' id='word_1_921' title='bbox 2429 5837 2506 5892; x_wconf 78' lang='grc'><strong>10.</strong></span> 
     </span>
    </p>
   </div>
  </div>
