4260 6430
196 470 313 541 353

1512 456 1687 519 VITA
1724 455 1783 513 S.
1820 452 2155 511 NICOLH.

3364 448 3467 508 353

282 579 364 636 A'.
418 582 592 649 Λόγος
624 580 733 650 γάρ
768 595 850 642 τις
878 578 940 629 ἔκ
999 572 1211 645 μακροῦ
1247 569 1341 626 τοῦ
1357 568 1562 641 ιχρόνου
1603 568 1697 621 καὶ
1728 566 1803 627 εἰς
1832 568 1882 625 Α

1801 568 1882 625 ,Α
1980 564 2151 619 XXX.
2203 564 2435 630 Quidam
2492 564 2638 618 enim
2707 576 2889 617 sermo
2946 561 3014 615 ab
3070 558 3313 629 antiquis
3370 563 3483 612 uti-

199 675 362 744 ἡμᾶς
394 674 663 741 φοιτήσας
693 670 787 723 τὸν
853 668 1127 739 μακάριον
1184 664 1404 716 τουτονὶ
1453 658 1793 729 παραδίδωσι

195 764 592 835 ⁴πρεσϐυτικὸν
627 764 726 833 μὲν
762 761 825 814 τδ
860 756 1015 830 ἦθος,
1045 754 1341 825 ἀγγελικδν
1399 752 1457 805 δὶ
1492 754 1591 820 τὴν
1639 750 1791 812 θέαν,

192 855 480 925 ἁγιασμοῦ
515 855 569 906 δὲ
627 857 721 906 καὶ
771 853 994 922 χάριτος
1048 847 1394 903 ἀποπνέοντα
1426 860 1440 874 ⁸
1476 843 1574 895 καὶ
1605 842 1701 903 ὡς,
1740 839 1794 891 εί

196 965 286 1009 τις
320 948 515 1016 ἐκείνῳ
563 947 655 997 καὶ
686 944 859 1013 ψιλῶς
889 940 1105 1010 ἐντύχοι
1163 937 1333 1005 πολλὴ
1378 933 1457 1003 τῷ
1513 932 1793 1000 ὲντυχὸντι

200 1040 555 1109 παραχρῆμα
591 1039 686 1089 καὶ
715 1035 802 1087 διὰ
837 1034 1009 1103 μόνης
1041 1031 1243 1100 δηλαδὴ
1268 1030 1365 1098 τῆς
1394 1026 1524 1087 θέας
1551 1022 1794 1109 ἐπίδοσίς

200 1148 263 1181 τε
291 1106 440 1199 -πρδς
464 1106 526 1180 τὸ
553 1128 764 1197 βέλτιον
796 1125 889 1178 καὶ
919 1123 1193 1194 μεταϐολή
1219 1138 1303 1182 τις
1332 1119 1567 1187 ἐγίνετο.
1615 1115 1721 1166 Καὶ
1749 1106 1793 1180 ᾧ

197 1222 246 1273 δ’
273 1223 341 1274 ἂν
374 1220 593 1289 ὑπῆρχε
623 1219 786 1272 πάθει
823 1218 931 1269 τινὶ
986 1216 1078 1267 καὶ
1105 1214 1251 1282 λύπῃ
1312 1208 1641 1282 βαρύνεσθαι
1699 1206 1794 1274 τὴν

197 1312 413 1382 ψυχὴν,
461 1308 639 1375 οὗτος,
671 1314 718 1361 εί
744 1312 837 1362 καὶ
872 1309 1031 1377 μόνον
1065 1306 1213 1375 αὐτῷ
1251 1303 1567 1362 ἀτενίσειεν,
1604 1300 1796 1365 ίκανῆς

200 1403 451 1456 ἀπέλαϐε
481 1400 577 1453 τοῦ
610 1400 908 1459 λυποῦντος
961 1396 1314 1466 παραψυχῆς.
1360 1392 1572 1463 Ἐξῂειν
1606 1391 1661 1442 δὲ
1705 1389 1794 1441 καί

199 1509 289 1555 τις
332 1492 661 1562 ὑπέρφωτος
694 1489 953 1559 ἀστραπὴ
1001 1488 1098 1557 τῆς
1134 1488 1347 1539 ἐκείνου
1396 1485 1549 1551 θέας,
1596 1484 1691 1535 καὶ
1737 1483 1797 1533 τὸ

202 1583 507 1651 πρόσωπον
537 1581 859 1647 κατέλαμπε
901 1578 1107 1646 μᾶλλον
1140 1576 1253 1647 ἢτδ
1277 1576 1539 1635 Μωσέως.
1594 1572 1660 1625 Εἴ
1690 1578 1793 1625 που

199 1679 391 1729 τοίνυν
425 1673 671 1743 συμϐαίη
732 1672 843 1724 τῶν
898 1668 1228 1739 ἑτεροδόξων
1281 1667 1432 1737 αὐτῴ
1459 1684 1610 1729 τινας
1670 1663 1793 1717 καθ’

198 1768 321 1820 ὁδὸν
357 1766 661 1828 συνελθεῖν,
701 1765 859 1834 μόνον
896 1766 944 1815 εί
986 1766 1081 1830 τῆς
1113 1761 1325 1814 ἐκείνου
1369 1759 1627 1827 γλυκείας
1658 1758 1793 1810 ἀπέ-

198 1858 410 1910 λαυσαν
443 1857 709 1925 γλώττης,
744 1855 904 1917 εὐθὺς
942 1853 1191 1925 ἀπῄεσαν
1218 1853 1313 1923 τὴν
1336 1854 1399 1904 ὲκ
1435 1851 1641 1904 παίδων
1670 1866 1791 1902 συν-

198 1950 531 2018 αυξίηθεῖσαν
583 1950 765 2011 αὐτοῖς
826 1947 1037 2018 αἵρεσιν
1071 1944 1530 2013 ἀποϐεϐληκότες,
1580 1944 1669 1995 καὶ
1704 1942 1795 1993 τὸν
1830 1936 1867 1989 Β

198 2043 366 2110 ὀρθὸν
396 2044 493 2111 τῆς
535 2042 797 2109 ἀληθείας
830 2041 990 2106 λόγον
1051 2038 1550 2107 ἑνστερνισάμενοι.
1597 2035 1656 2087 '0
1694 2036 1792 2103 μὲν

197 2132 295 2185 οὖν
321 2133 467 2185 οὕτω
497 2131 798 2200 βεϐιωκὼς,
835 2133 925 2183 καὶ
954 2131 1253 2200 λαμπρῶς,
1321 2129 1461 2182 κατά
1488 2144 1549 2197 γε
1585 2128 1790 2193 τὸντῆς

197 2224 407 2293 ἀρετῆς
433 2223 610 2288 λόγον,
663 2224 755 2274 καὶ
790 2224 1021 2281 ἀστείως
1061 2221 1537 2289 πολιτευσάμενος,
1569 2220 1661 2270 καὶ
1682 2213 1792 2269 οἷόν

198 2332 254 2366 τι
277 2315 450 2384 μύρον
475 2314 692 2383 ἥδιστον
721 2315 815 2366 καί
841 2315 1201 2383 προσαγωγὸν
1230 2315 1287 2365 ὲν
1315 2315 1453 2382 μέσῃ
1476 2314 1537 2379 τῇ
1561 2311 1793 2379 Μυρέων

202 2409 336 2468 τοὺς
382 2408 635 2467 συνόντος
670 2406 928 2475 μυρίσας·
973 2403 1254 2472 βαθύτατα
1288 2420 1347 2455 τε
1390 2404 1662 2473 γηράσας,
1697 2402 1792 2453 καὶ

201 2498 422 2568 πλήρης
460 2498 680 2567 ἡμερῶν
707 2497 815 2549 τῶν
854 2514 913 2549 τε
946 2495 1109 2548 θείων
1138 2495 1364 2548 καὶτῶν
1389 2495 1670 2565 λυομένων
1694 2494 1791 2561 γέ-

202 2589 459 2657 νόμενος,
494 2590 619 2639 ἐπεὶ
660 2589 755 2638 καὶ
797 2586 959 2638 αὑτὸν
1010 2584 1303 2653 ἄνθρωπον
1359 2585 1510 2645 ὄντα,
1551 2586 1659 2637 ἔδει
1714 2584 1793 2653 τῷ

203 2682 377 2750 κοινῷ
417 2681 807 2751 λειτουργῆσαι
838 2679 988 2748 νόμῳ
1021 2680 1117 2747 τῆς
1149 2678 1337 2745 κοινῆς
1372 2679 1610 2745 φύσεως,
1654 2677 1792 2746 νόσῳ

202 2772 536 2842 περιπίπτει
575 2772 831 2841 βραχείᾳ.
888 2769 948 2823 'H
997 2770 1055 2822 δὲ
1104 2770 1254 2839 αὐτῷ
1299 2771 1379 2833 εἰς
1442 2771 1792 2839 εὐχαριστίας

201 2866 301 2925 τὰς
362 2865 496 2933 πρὸς
536 2864 669 2915 θεὸν
704 2865 798 2914 καὶ
854 2860 1057 2929 ὕμνους
1114 2862 1344 2926 ὲξοδίυυς
1402 2864 1491 2914 καί
1538 2876 1791 2929 προπεμ-

205 2958 480 3027 πτηρίους
516 2956 775 3022 διέϐαινε,
808 2958 901 3010 καὶ
933 2960 998 3027 τῇ
1033 2957 1128 3019 τῆς
1160 2956 1430 3024 ἐκδημίας
1475 2956 1651 3007 ἐλπίδι
1687 2973 1789 3023 χα-

205 3055 472 3122 ριέστατα
506 3050 672 3102 ἐτίθει
700 3050 790 3100 τὸν
821 3051 1019 3117 μέγαν.
1057 3049 1235 3117 Ὅπερ
1286 3049 1395 3117 γὰρ
1454 3052 1563 3109 τοῖς
1612 3048 1790 3109 ἄλλοις

204 3144 269 3194 τδ
297 3145 365 3210 τῇ
396 3145 558 3213 σαρκὶ
596 3144 961 3211 παραμένειν,
1000 3142 1160 3192 τοῦτο
1205 3142 1401 3210 ἐκείνῳ
1458 3144 1518 3192 τὸ
1571 3142 1789 3203 διαζευ-

205 3234 401 3304 χθῆναι
437 3235 527 3285 τοῦ
560 3233 812 3301 σώματος
845 3229 936 3302 ἦν.
982 3233 1121 3285 Ἀλλ’
1169 3237 1197 3285 ὀ
1233 3234 1333 3301 μὲν
1380 3233 1524 3286 οὓτω
1547 3238 1636 3285 τὶν
1667 3234 1793 3286 ἐπί-

206 3344 381 3397 κηρον
409 3327 734 3379 καταλείπει
760 3326 876 3394 βίον
910 3328 1002 3379 καὶ
1039 3328 1174 3397 πρὸς
1204 3328 1303 3397 τὴν
1340 3329 1562 3396 μακρὰν
1582 3330 1794 3397 ἐκείνην

208 3419 307 3471 καὶ
345 3420 628 3487 μακαρίαν
667 3420 935 3471 διαϐαίνει
976 3420 1146 3489 ζωὴν,
1206 3420 1585 3488 λαμπρότησιν
1632 3422 1796 3487 ἀγγέ-

207 3508 318 3562 λων
354 3510 527 3559 συνὼν
592 3510 686 3561 καὶ
715 3510 1202 3578 συναγαλλόμενος,
1234 3510 1327 3561 καὶ
1354 3510 1412 3561 τὸ
1440 3511 1540 3578 τῆς
1567 3511 1793 3579 Τριάὸος

206 3599 415 3665 φέγγος
443 3600 606 3668 ὀρῶν,
636 3602 962 3669 τρανέτερόν
989 3615 1048 3650 τε
1073 3604 1165 3651 καὶ
1195 3600 1603 3670 καθαρώτερον.
1652 3603 1722 3652 Τὸ
1741 3602 1794 3652 δὲ

207 3689 406 3741 ’τούτου
440 3691 602 3757 σῶμα
652 3690 936 3757 τὸτίμιον,
976 3690 1171 3757 χερσὶν
1222 3688 1398 3750 ὁσίαις
1450 3689 1788 3750 ἐπισκόπων,

206 3782 305 3833 τοῦ
339 3783 545 3851 κλήρου
607 3784 833 3845 παντὸς,
869 3784 963 3833 καὶ
1014 3783 1405 3851 λαμπροφορίᾳ
1454 3778 1789 3848 τιμώμενον,

206 3875 287 3944 τῷ
310 3876 367 3926 εν
402 3874 612 3942 Μύροις
637 3871 755 3943 ναῷ
784 3872 1169 3951 κατατίθεται,
1208 3872 1378 3941 μύρον
1403 3874 1496 3923 καὶ
1544 3875 1621 3933 εὶς
1671 3872 1791 3923 τόδε

209 3970 404 4038 χρόνον
453 3968 708 4038 προχέον,
790 3966 964 4019 νόσων
1008 3966 1255 4037 ψυχικῶν
1303 3968 1396 4020 καὶ
1466 3966 1791 4035 σωματικῶν

209 4062 372 4128 ίαμα.

287 4330 413 4385 AA'.
457 4329 579 4383 Τῶν
604 4328 736 4398 γοῦν
763 4324 1145 4396 ἁπανταχόθεν
1176 4323 1279 4393 γῆς
1312 4324 1427 4375 ἐκεῖ
1452 4322 1790 4393 συρρεόντων

210 4425 311 4477 καὶ
341 4423 580 4491 ἀφθόνου
612 4422 1139 4490 μεταλαγχανόντων
1163 4417 1261 4483 τῆς
1310 4418 1468 4484 lam
1503 4432 1549 4477 ς,
1591 4414 1788 4481 συνέϐη

213 4518 406 4587 πόρρω
434 4517 585 4575 τινας
618 4512 715 4582 τῆς
743 4515 958 4565 Λυκίων
986 4512 1406 4579 διῳκισμένους,
1442 4511 1536 4558 καὶ
1564 4506 1668 4573 ὁδῷ
1701 4523 1792 4557 συ-

1901 676 2007 731 que
2062 656 2402 725 temporibus
2438 656 2696 721 repetitus
2733 654 2798 708 ad
2841 668 2941 706 nos
2986 653 3228 716 veniens,
3275 651 3480 704 descri~

1897 754 1976 808 bit
2003 752 2151 805 hunc
2202 749 2420 802 beatum
2472 746 2721 799 moribus
2774 744 2999 814 quidem
3031 743 3280 804 senilem,
3317 754 3483 807 aspe-

1898 854 1989 897 ctu
2025 851 2207 895 autem
2248 840 2578 908 angelicum,
2630 838 2929 905 Spirantem
2987 849 3119 888 vero
3165 833 3483 886 sanctiﬁca-

1898 933 2104 987 tionem
2160 939 2216 985 et
2284 931 2521 983 divinam
2575 930 2827 999 gratiam.
2899 929 3069 981 Porro
3134 933 3318 979 autem
3366 925 3482 977 hac

1897 1036 2116 1093 quoque
2141 1021 2209 1073 de
2231 1036 2298 1073 eo
2333 1020 2540 1089 adjicit,
2572 1019 2717 1086 quod
2751 1021 2793 1072 si
2829 1018 2951 1087 quis
2987 1020 3040 1071 in
3077 1033 3204 1071 eum
3246 1015 3473 1070 incidis-

1897 1124 2003 1175 set,
2031 1112 2081 1167 ei
2113 1112 2205 1181 qui
2238 1112 2533 1175 inciderat,
2582 1128 2649 1165 ex
2693 1112 2811 1165 solo
2850 1112 2971 1180 cjus
3004 1120 3254 1177 aspectu,
3288 1124 3481 1179 magna

1901 1206 2065 1263 ﬂebat
2096 1210 2164 1262 ad
2194 1208 2245 1263 id
2271 1208 2417 1278 quod
2452 1215 2537 1262 est
2579 1209 2773 1261 melius
2841 1206 3101 1266 accessio,
3144 1214 3200 1258 et
3227 1204 3479 1256 mutatio.

1896 1299 2286 1369 Unusquisque
2318 1316 2449 1353 vero
2479 1301 2635 1369 cujus
2669 1298 2880 1352 animus
2918 1299 3099 1366 aliquo
3123 1295 3477 1366 premebatur

1898 1393 2087 1447 dolore
2123 1402 2179 1446 et
2217 1393 2659 1461 perturbatione.
2707 1406 2831 1445 cum
2884 1390 2968 1443 vel
3029 1390 3204 1443 solum
3245 1390 3298 1441 in
3352 1403 3479 1441 cum

1898 1483 2182 1538 deﬁxisset
2216 1484 2426 1544 oculos,
2478 1482 2610 1536 satis
2643 1498 2897 1552 magnum
2956 1479 3269 1533 inveniebat
3309 1478 3479 1531 mole-

1900 1577 1988 1631 tiae
2011 1576 2292 1630 solatium.
2328 1576 2403 1630 Ex
2438 1576 2557 1645 ejus
2591 1591 2808 1643 quoque
2860 1575 3011 1626 vultu
3060 1572 3329 1625 emicabat
3364 1570 3479 1623 ful-

1899 1683 1997 1739 gor
2024 1668 2245 1737 quidam
2270 1683 2434 1736 supra
2464 1667 2687 1721 modum
2722 1666 3046 1727 Iuminosus,
3085 1674 3140 1717 et
3178 1664 3296 1731 ejus
3352 1662 3477 1715 illu-

1896 1762 2106 1816 strabat
2136 1762 2332 1815 faciem
2387 1763 2676 1831 plusquam
2716 1760 2897 1813 Mosis.
2950 1757 3004 1810 Si
3060 1757 3243 1825 itaque
3298 1756 3476 1811 conti-

1896 1857 2068 1928 gisset
2100 1857 2315 1925 aliquos
2348 1870 2416 1909 ex
2458 1855 2522 1908 iis
2551 1853 2643 1923 qui
2682 1863 2838 1906 erant
2898 1851 3126 1905 diversae
3176 1858 3339 1905 sectas
3392 1848 3478 1902 vel

1901 1951 1953 2002 in
2012 1950 2096 2002 \ia
2142 1964 2263 2002 cum
2306 1964 2373 2002 eo
2423 1946 2706 2016 congredi,
2768 1946 2811 1999 si
2859 1944 3201 1999 solummodo
3250 1958 3474 1996 suavem

1902 2041 2047 2095 illius
2087 2042 2323 2110 linguam
2359 2042 2681 2101 sensissent,
2734 2038 2915 2094 statim
2954 2037 3181 2091 abibant
3216 2035 3478 2104 abiicien-

1903 2144 1983 2189 tcs
2014 2134 2261 2187 haeresim
2291 2150 2412 2202 quae
2448 2134 2554 2187 illis
2580 2132 2901 2185 coaluerata
2938 2132 3161 2199 pueris:
3193 2142 3249 2184 et.
3276 2140 3478 2184 rectam

1902 2227 2147 2280 veritatis
2198 2230 2464 2279 rationem
2525 2234 2639 2278 toto
2692 2234 2915 2293 pectore
2968 2223 3351 2277 admittebant.
3386 2223 3480 2275 ille

1904 2334 2034 2388 ergo
2066 2335 2188 2373 cum
2247 2318 2329 2371 sic
2378 2317 2621 2379 vixisset,
2685 2325 2741 2370 et
2794 2332 2859 2371 ex
2905 2317 3127 2371 virtutis
3181 2315 3391 2369 ratione
3423 2330 3482 2369 se

1900 2410 2158 2480 praeclare
2181 2413 2437 2480 gessisset
2473 2428 2485 2461 :
2544 2420 2597 2463 et
2630 2425 2759 2463 vere
2809 2409 3055 2479 jucunde
3083 2418 3139 2462 et
3174 2407 3329 2461 suavi
3373 2422 3481 2459 un-

1899 2508 2119 2572 gdenlo,
2157 2500 2388 2554 mediam
2437 2500 2767 2571 Myrensium
2809 2501 3109 2565 civitaiem,
3147 2500 3481 2565 divinarum,

1901 2593 2146 2661 inquam,
2172 2593 2470 2664 gratiarum
2505 2591 2732 2645 “Oribas
2764 2591 3119 2660 perlttdisset,
3156 2601 3213 2646 et
3249 2592 3314 2645 ad
3353 2607 3482 2660 pro-

1900 2685 2282 2739 fundissimam
2332 2684 2674 2753 pervenisset
2744 2692 3107 2746 senectutem,
3173 2684 3479 2753 fuissetque

1907 2778 2101 2847 plenus
2150 2776 2365 2833 diebus.
2427 2786 2534 2829 tam
2585 2775 2805 2837 divinis,
2858 2792 3019 2845 quam
3079 2776 3146 2829 iis
3179 2778 3268 2846 qui
3313 2778 3483 2831 resol-

1903 2881 2145 2923 vuntur:
2181 2872 2440 2939 quoniam
2475 2887 2623 2933 eum,
2661 2886 2784 2923 cum
2816 2880 2962 2924 esset
3014 2871 3199 2933 homo,
3255 2884 3477 2939 Oporte-

1902 2964 1995 3015 bat
2042 2963 2317 3015 communi
2379 2962 2482 3032 legi
2541 2963 2810 3016 inservire
2862 2974 3091 3025 natum,
3146 2963 3198 3016 in
3257 2963 3478 3017 brevem

1900 3055 2149 3107 morbum
2184 3055 2397 3108 incidit.
2430 3055 2524 3109 Ille
2567 3070 2700 3109 vero
2752 3057 2820 3109 ab
2870 3071 2936 3109 eo
2991 3066 3352 3125 consumptus
3393 3066 3477 3111 cst

1902 3149 1955 3201 in
1993 3148 2215 3217 agendis
2260 3148 2370 3201 Deo
2417 3148 2624 3215 gratiis,
2680 3148 3005 3215 hymnisque
3063 3148 3155 3215 qui
3220 3149 3480 3201 dicuntur

1903 3240 1955 3292 in
1990 3255 2239 3302 excessu,
2296 3250 2353 3292 et
2393 3254 2486 3307 Spe
2524 3239 2869 3306 migrationis
2897 3239 3297 3307 jucundissime
3351 3255 3476 3293 eum

1901 3329 2166 3383 reddebat
2195 3327 2477 3381 allectum.
2536 3328 2671 3380 Nam
2709 3327 2854 3395 quod
2887 3326 3010 3379 aliis
3044 3341 3368 3393 permanere
3424 3327 3475 3379 in

1899 3434 2083 3477 carne.
2116 3420 2218 3472 hoc
2248 3419 2327 3471 illi
2367 3419 2601 3488 disjuugi
2639 3434 2665 3469 a
2718 3432 2969 3485 corpore.
3006 3416 3108 3469 Sed
3141 3418 3230 3469 ille
3254 3418 3476 3479 quidem

1899 3510 2039 3564 lianc
2064 3511 2284 3563 brevem
2320 3522 2371 3563 et
2397 3510 2657 3562 caducam
2693 3508 2952 3577 relinquit
2977 3509 3164 3571 vitam,
3209 3521 3259 3561 et
3295 3519 3476 3563 trans-

1900 3603 1938 3655 it
1977 3602 2042 3654 ad
2077 3602 2224 3656 illam
2279 3601 2597 3655 diuturnam
2633 3611 2687 3654 ct
2744 3601 2979 3663 beatam,
3010 3615 3132 3653 cum
3165 3601 3474 3669 splendori-

1897 3694 1999 3746 bus
2022 3693 2339 3761 angelorum
2374 3709 2714 3747 conversaris
2737 3704 2793 3747 et
2823 3694 3127 3757 exsultans,
3171 3703 3229 3746 et
3285 3695 3476 3748 videns

1894 3786 2071 3838 lucem
2098 3785 2342 3838 veritatis
2375 3786 2624 3851 apertius
2649 3796 2705 3839 et
2751 3790 2963 3855 purius.
3023 3787 3327 3839 Pretiosum
3380 3802 3476 3839 au-

1898 3884 2005 3927 tem
2064 3874 2184 3943 ejus
2240 3888 2460 3943 corpus,
2531 3875 2738 3929 sanctis
2786 3876 3166 3944 episcoporum
3222 3875 3476 3928 manibus

1894 3971 1949 4015 et
1986 3962 2119 4015 cleri
2154 3964 2341 4026 totius,
2398 3962 2721 4032 facibusque
2776 3973 2830 4017 et
2890 3964 3190 4017 luminibus
3234 3963 3476 4016 honora-

1897 4064 2033 4119 tum,
2070 4056 2363 4124 deponitur
2393 4056 2444 4109 in
2475 4058 2675 4125 templo
2705 4056 2850 4125 quod
2882 4068 2967 4109 est
3000 4056 3187 4125 Myris,
3230 4072 3476 4125 unguen-

1897 4150 2093 4204 tumin
2138 4150 2242 4203 hoc
2299 4165 2472 4218 usque
2528 4159 2746 4217 tempus
2797 4148 3096 4218 proﬂuens,
3154 4150 3472 4204 morborum

1893 4243 2145 4310 corporis
2181 4243 2452 4296 etanima:
2484 4242 2816 4296 remedium.

1964 4332 2151 4386 XXXI.
2204 4330 2340 4386 Cum
2372 4342 2554 4387 autem
2601 4348 2667 4386 ex
2707 4332 2967 4386 omnibus
3013 4344 3173 4387 terrai
3215 4333 3468 4403 partibus

1894 4425 2025 4479 illuc
2050 4424 2503 4494 proﬂuerentqui
2540 4426 2777 4494 copiosae
2834 4424 2983 4477 illius
3032 4426 3222 4493 gratia
3269 4425 3471 4478 liebant

1894 4514 2210 4583 participes,
2253 4512 2520 4581 quosdam
2577 4529 2645 4565 ex
2710 4511 2890 4582 Lyciis
2925 4514 3019 4581 qui
3057 4523 3217 4566 erant
3276 4514 3468 4581 procul

210 4608 357 4677 χνῶν
383 4605 606 4675 ἡμερῶν
637 4604 968 4671 ἀπέχοντας.
1001 4601 1166 4669 ἔρωτι
1219 4598 1494 4669 ληφθῆναι
1548 4598 1787 4667 χρηστῷ,
1824 4614 1870 4673 ι)

1824 4614 1870 4673 ι)
1899 4606 2194 4669 remoti,et
2234 4604 2529 4657 multorum
2576 4604 2789 4658 dierum
2838 4608 2942 4659 iter
2995 4605 3244 4670 aberant,
3301 4605 3470 4658 vebc-

212 4704 275 4753 τὸ
297 4698 393 4751 τοῦ
420 4699 579 4766 ἁγίου
607 4698 799 4766 μνῆμα
828 4692 1181 4757 καταλαϐεῖν,
1228 4690 1537 4760 ἀρύσασθαι
1585 4706 1645 4741 τε
1695 4691 1787 4740 τοῦ

218 4789 394 4860 μύρου
418 4790 514 4839 καὶ
542 4787 969 4855 κατατρυφῆσαι
1016 4782 1114 4833 τοῦ
1140 4783 1508 4848 ἀγιὰσματος.
1553 4780 1662 4832 Καὶ
1725 4780 1789 4848 δὴ

213 4882 284 4937 τὰ
306 4882 451 4934 σιτία
486 4878 763 4947 ἐνθέμενοι
792 4880 858 4946 τῇ
885 4873 993 4945 νηῒ,
1021 4876 1155 4943 πρὸς
1179 4874 1272 4945 τὴν
1304 4873 1508 4925 Λυκίαν
1530 4872 1789 4924 ἀποπλεῖν

214 4976 318 5046 ήδη
350 4971 597 5041 ῐμελλον.
632 4968 952 5037 Πονηρὸνᾶ
975 4967 1252 5035 δαιμόνιον
1309 4964 1338 5017 δ
1367 4964 1443 5033 τῷ
1486 4964 1653 5035 βωμῴ
1688 4981 1789 5015 πέ-

218 5068 308 5119 λαι
358 5065 455 5134 τῆς
521 5060 834 5132 Ἀρτέμιδος
879 5056 1145 5121 ἐνοικοῦν,
1196 5058 1224 5108 ὀ
1288 5057 1454 5117 πολὺς
1523 5055 1829 5114 Νικόλαος·

215 5155 426 5207 ἐκεῖθεν
458 5152 597 5221 μετά
626 5151 734 5202 τῶν
763 5149 941 5203 ἀλλων
970 5146 1247 5209 ἀπώσατο,
1306 5148 1387 5208 είς
1443 5145 1639 5213 ἔδαφος
1699 5162 1788 5196 τιν

215 5246 397 5317 βωμὸν
434 5242 790 5304 κατασείσας.
818 5240 993 5292 Τοῦτο
1022 5239 1086 5305 δὴ
1110 5239 1170 5289 τὸ
1197 5237 1431 5307 πονηρὸν
1454 5237 1670 5305 πνεῦμα
1700 5238 1787 5287 τὸν

216 5336 386 5389 πλοῦν
414 5337 625 5387 ἐκεῖνον
655 5330 1008 5400 αἰσθόμενον,
1057 5329 1153 5381 καὶ
1177 5327 1295 5397 ἅμα
1347 5328 1445 5397 μὲν
1512 5345 1783 5396 μνησικα-

215 5426 327 5480 κῶν
359 5425 437 5495 τῷ
469 5425 609 5492 ἀγίῳ
643 5425 742 5493 τῆς
768 5438 827 5473 τε
860 5420 957 5473 τοῦ
988 5420 1091 5472 νεὼ
1123 5419 1509 5489 καταστροφῆς
1541 5424 1634 5471 καὶ
1689 5420 1784 5487 τῆς

215 5518 425 5578 οίκείας
456 5514 667 5568 ἐκεῖθεν
700 5513 1019 5582 ὑπερορίας·
1051 5513 1145 5563 καὶ
1200 5512 1299 5581 ὅση
1360 5510 1586 5578 δύναμις
1640 5511 1788 5561 ἀντι-

214 5611 423 5676 ϐλάψαι
455 5606 780 5672 σπουδάζον,
814 5608 929 5673 ἄμα
954 5604 1010 5655 δὲ
1049 5605 1145 5656 καὶ
1186 5602 1281 5656 τοῦ
1326 5602 1599 5671 ἀγιασμοῦ
1659 5599 1785 5662 τοὺς

215 5703 413 5773 ἄνδρας
446 5703 823 5770 ἀποστερῆσαι
854 5697 1201 5768 βουλόμενον,
1228 5695 1435 5749 καὶτὸν
1472 5694 1636 5746 πόθον
1675 5694 1784 5761 ἀμο

215 5796 433 5860 ϐλύναι,
466 5797 701 5861 γυναῖκα
735 5791 1052 5862 ὑποκριθὲν,
1074 5789 1242 5856 ἄγγος
1273 5804 1325 5839 τι
1368 5786 1575 5857 πλῆρες
1602 5785 1782 5836 ἐλαίου

218 5887 613 5959 μετακομίζειν
641 5885 827 5955 ἐῴκει,
890 5887 985 5939 καὶ
1045 5884 1177 5936 αὐτὸ
1224 5879 1622 5951 προθυμεῖσθαι
1686 5880 1783 5947 μὲν

1895 4713 2049 4750 mens
2075 4696 2635 4749 invaditdesidcrium
2678 4698 2931 4750 veniendi
2959 4696 3024 4749 ad
3065 4699 3237 4750 sancti
3272 4712 3470 4749 monu-

1895 4797 2137 4840 montum
2193 4798 2249 4841 et
2316 4788 2676 4856 participandi
2756 4788 3271 4841 sanetiﬂeationem.
3332 4787 3468 4841 Cum

1893 4882 2073 4946 itaque
2120 4880 2274 4933 cibos
2322 4881 2377 4931 in
2437 4894 2630 4932 navem
2688 4879 3070 4944 immisissent,
3133 4880 3189 4933 in
3249 4879 3467 4950 Lyciam

1889 4979 2048 5023 erant
2116 4968 2442 5036 navigaturi.
2515 4969 2809 5039 Maliguum
2895 4980 3078 5022 autem
3133 4970 3464 5023 daemonium

1890 5064 2037 5129 quod
2059 5061 2244 5114 Diana:
2276 5062 2535 5129 templum
2589 5061 2717 5113 olim
2777 5060 3081 5123 habitabat,
3115 5060 3261 5135 quod
3293 5060 3466 5129 incly-

1895 5163 1981 5204 tus
2016 5152 2271 5205 Nicolaus
2304 5166 2429 5203 cum
2477 5151 2665 5205 multis
2714 5152 2839 5203 aliis
2899 5152 3049 5203 illinc
3094 5151 3323 5219 expulit,
3368 5166 3464 5203 ara

1892 5244 2043 5296 humi
2090 5244 2322 5312 dejecta,
2375 5258 2498 5296 cum
2558 5244 2822 5297 sensisset
2883 5244 3101 5297 illorum
3162 5244 3463 5311 tta'vigalio-

1889 5336 2269 5404 nem;partim
2328 5334 2547 5405 quidem
2598 5334 2653 5387 in
2722 5347 2968 5388 sanctum
3006 5344 3270 5399 concepto
3322 5333 3457 5386 odio

1888 5429 2033 5498 quod
2056 5438 2110 5482 et
2133 5428 2390 5497 templum
2417 5428 2535 5496 ejus
2583 5426 2886 5488 evertisset,
2936 5434 2991 5478 et
3023 5439 3146 5479 eum
3178 5424 3327 5477 illinc
3355 5440 3451 5475 ex—

1887 5521 2259 5584 terminasset,
2284 5531 2339 5573 et
2366 5534 2462 5587 pro
2504 5519 2711 5572 viribus
2738 5535 2863 5572 eum
2920 5518 3168 5572 studeret
3216 5516 3404 5570 ulcisci
3440 5535 3453 5571 :

1888 5613 2085 5681 partim
2108 5620 2288 5664 autem
2331 5612 2521 5664 volens
2553 5611 2699 5663 viros
2740 5611 2954 5679 privare
3002 5609 3456 5671 sanctiﬁcatione,

1887 5713 1941 5756 et
1966 5701 2164 5756 laedere
2195 5700 2553 5763 desiderium,
2590 5718 2647 5755 sc
2684 5702 2948 5755 simulans
2971 5700 3277 5761 mulierem,
3306 5697 3424 5749 Vidi}

1890 5794 2050 5847 batur
2077 5793 2221 5847 ferre
2252 5809 2345 5847 vas
2386 5807 2606 5863 plenum
2638 5796 2780 5855 olvo,
2830 5802 2883 5846 et
2942 5791 3161 5844 dicebat
3192 5804 3250 5842 se
3300 5788 3456 5841 valde

1890 5886 2112 5954 quidem
2149 5902 2349 5955 cupere
2396 5887 2446 5940 id
2478 5886 2620 5941 ferre
2652 5887 2718 5940 ad
2768 5886 2939 5937 sancti
2976 5884 3286 5951 sepulcrum
3317 5898 3327 5933 :
3361 5880 3454 5933 seJ
