4260 6430
814 364 922 426 35')

2068 371 2360 432 MENSIS
2409 375 2850 437 DECEMBER.

3999 385 4103 445 360

887 475 974 529 Ill.
1001 474 1136 530 Cum
1167 490 1300 547 ergo
1333 475 1488 531 multi
1519 474 1883 538 conﬂuerent,
1906 489 1961 530 et
1999 489 2223 548 propter
2253 483 2392 533 mul-
2430 487 2474 539 Α

2430 487 2474 539 Α
2576 483 2650 535 Γ¹.
2693 483 2780 544 Ὠ,
2817 480 2911 536 οἷν
2946 483 3082 537 πολὺ
3115 486 3175 538 τὸ
3207 488 3439 558 συρρέον
3489 483 3581 559 ἦν,
3615 489 3712 543 καὶ
3744 493 3953 558 πόλεως
3991 515 4097 550 πα-

815 565 1104 619 titudinem
1144 582 1334 621 eorum
1373 571 1466 636 qui
1511 567 1888 632 accedebant,
1927 570 2197 637 praeberet
2263 574 2397 627 soli--

817 656 951 709 tudo
1013 658 1255 725 speciem
1322 658 1580 718 civitatis.
1643 658 1710 711 ab
1781 659 1872 712 illa
1932 661 2157 729 quidem
2190 677 2247 716 se
2279 664 2404 734 fuga

813 749 1091 811 subducit,
1130 757 1274 801 etab
1319 750 1386 803 iis
1416 751 1508 818 qui
1537 751 1717 818 ipsum
1748 761 1893 803 recte
1926 761 2120 804 norant
2153 753 2405 821 :ignotus

811 855 945 894 vero
978 842 1124 894 venit
1155 840 1712 910 Constantinapolim,
1752 851 1807 895 et
1861 858 1985 896 cum
2040 849 2106 896 ad
2148 861 2394 911 murum,

812 935 904 1002 qui
937 942 1022 986 est
1071 933 1126 986 in
1163 932 1503 997 Blachernis,
1537 932 1750 987 ﬁxisset
1779 935 1965 988 sedem
2018 951 2132 988 sua:
2185 937 2401 992 habita.

816 1023 1007 1086 tionis,
1033 1024 1135 1078 soli
1188 1023 1291 1078 sibi
1323 1031 1380 1077 et
1418 1023 1532 1077 Deo
1561 1024 1810 1083 vacabat,
1868 1024 2066 1092 hospes
2101 1027 2400 1094 solitarius,

813 1125 868 1168 et
908 1115 1000 1183 qui
1031 1131 1207 1185 neque
1236 1130 1362 1169 cum
1388 1115 1580 1170 multis
1602 1116 1768 1169 ullam
1797 1116 2033 1170 habebat
2058 1121 2403 1188 congressio-

814 1222 969 1272 nem,
1032 1223 1220 1278 neque
1295 1208 1363 1262 ab
1410 1209 1494 1262 eis
1534 1208 1953 1278 aspiciebatur:
1985 1219 2042 1264 et
2093 1226 2215 1280 quae
2259 1212 2403 1268 alius

813 1303 976 1354 linem
1034 1302 1312 1355 statuisset
1368 1302 1760 1364 certaminum,
1820 1318 1886 1356 ea
1942 1303 2244 1359 arbitratus
2306 1306 2398 1360 ille

813 1408 936 1446 esse
987 1393 1343 1461 principium,
1405 1394 1800 1463 prmeedentia,
1844 1399 2092 1466 inquam,
2157 1409 2214 1453 et
2277 1416 2398 1469 quze

816 1486 931 1552 ipse
958 1485 1069 1553 jam
1111 1496 1258 1539 recte
1306 1497 1570 1556 gesserat,
1611 1489 1813 1542 acriter
1844 1489 2102 1543 tendebat
2149 1491 2214 1544 ad
2250 1503 2404 1546 ante-

813 1578 980 1641 riora,
1019 1578 1223 1646 majora
1261 1579 1428 1632 veluti
1480 1578 1786 1632 certamina
1843 1581 2190 1650 aggrediens,
2237 1591 2293 1636 et
2345 1599 2403 1637 se

813 1680 988 1724 totum
1021 1685 1215 1724 arcens
1243 1687 1271 1724 a
1307 1672 1675 1726 consensione
1724 1673 2083 1727 aﬂ'ectionum
2131 1677 2398 1745 corporis.

812 1761 962 1816 Nihil
997 1775 1121 1815 erat
1160 1763 1208 1816 ei
1239 1779 1385 1818 cura:
1408 1765 1661 1828 vestitus,
1700 1765 1836 1818 nihil
1865 1765 2214 1828 alimentum.
2261 1769 2400 1821 nihil

2513 577 2657 643 ρεῖχε
2690 577 2875 644 σχῆμα
2900 576 2974 642 τῷ
3018 576 3212 645 πλήθει
3256 579 3367 630 τῶν
3415 582 3754 650 προσιόντων
3790 587 3820 652 ἠ
3866 586 4101 656 ἔρημος,

2509 667 2726 735 ἐκείνην
2763 669 2866 736 μὲν
2906 668 3122 735 φεύγει,
3151 671 3247 721 καὶ
3279 673 3408 734 τοὺς
3453 674 3635 736 καλῶς
3667 677 3879 738 εἰδότας
3910 679 4099 742 αὑτὸν,

2507 760 2787 822 ἄγνωστος
2833 760 2888 810 δὲ
2921 763 2988 830 τῇ
3030 762 3452 816 Κωνσταντίνου
3485 767 3765 838 ἐπιφοιτᾷ,
3817 770 3916 820 καὶ
3965 773 4102 839 πρὸς

2505 849 2584 916 τῷ
2616 851 2677 903 ἐν
2743 851 3076 921 Βλαχέρναις
3123 854 3293 924 τείχει
3351 856 3450 928 τὴν
3502 860 3789 913 κατοικίαν
3846 862 4100 930 θέμενος,

2506 943 2684 1013 ἐαυτῷ
2716 944 2863 1014 μόνῳ
2907 946 3002 997 καὶ
3039 946 3118 1014 τῷ
3149 946 3272 1017 Θεῷ
3317 949 3606 1018 προσέχων
3634 946 3726 1021 ἦν,
3763 950 3936 1018 ξένος.
3976 952 4102 1022 ἔρη-

2509 1050 2631 1102 μος,
2675 1035 2909 1103 ἄμικτος
2939 1038 3048 1097 τιῖς
3083 1037 3301 1100 πολλοῖς
3326 1039 3420 1092 καὶ
3441 1041 3691 1106 ἀθέατος,
3722 1044 3816 1094 καὶ
3849 1043 4000 1113 ἅπερ
4033 1046 4099 1096 ἂν

2505 1125 2662 1187 ἄλλος
2713 1127 2887 1198 πέρας
2916 1126 3071 1180 ἔθετο
3101 1127 3211 1182 τῶν
3255 1130 3507 1198 ἀγώνων,
3543 1131 3718 1183 ταῦτα
3747 1134 3962 1196 ἐκεῖνος
3997 1135 4100 1203 ἁρ-

2505 1217 2607 1287 χὴν
2659 1213 2799 1270 εἶναι
2832 1219 3086 1288 νομίσας,
3123 1220 3194 1273 τὰ
3226 1222 3572 1290 προλασόντα
3618 1224 3765 1293 φημὶ
3804 1227 3898 1277 καὶ
3945 1227 4099 1296 αὐτῷ

2506 1311 2606 1380 ήδη
2649 1311 3086 1380 κατορθωθέντα,
3121 1312 3349 1384 θερμῶς
3377 1315 3575 1384 ἐχώρει
3609 1319 3720 1380 τοῖς
3753 1317 4097 1389 ἔμπροσθεν,

2510 1403 2776 1471 μειζόνων
2808 1403 3000 1473 ὥσπερ
3023 1405 3131 1456 τῶν
3160 1406 3389 1473 ἀγώνων
3416 1409 3749 1477 ἁπτόμενος,
3779 1412 3872 1462 καὶ
3903 1410 4099 1464 ἑαυτὸν

2507 1497 2628 1548 ὅλον
2659 1495 2756 1565 τῆς
2785 1497 2920 1566 πρὸς
2949 1496 3012 1549 τὸ
3044 1497 3206 1567 σῶμα
3228 1499 3576 1568 συμπαθείας
3607 1504 3913 1570 ἁπεῐργων,
3941 1505 4098 1556 οὐδὲν

2508 1587 2656 1656 αὐτῷ
2694 1589 2856 1658 μέλον
2889 1589 3104 1657 στολῆς,
3139 1591 3294 1642 οὐδὲν
3321 1593 3554 1662 τροφῆς,
3593 1594 3762 1647 ὕπνου
3797 1598 3974 1655 οὐδὲν.
4006 1599 4097 1649 τὸν

2511 1673 2610 1741 μὲν
2644 1676 2947 1742 ἀσκητικὸν
2980 1678 3158 1731 εἷτουν
3217 1685 3527 1749 πρακτικὸν
3589 1684 3892 1754 ὑπερσάντι
3957 1687 4092 1756 βίον,

2511 1763 2604 1815 τὸν
2648 1765 2941 1832 ἁγγελικὸν
2976 1769 3032 1821 δὲ
3061 1768 3314 1839 ζηλοῦντι
3357 1777 3449 1826 καὶ
3485 1777 3622 1844 μετὰ
3657 1778 3932 1846 σώματος,
3975 1786 4090 1844 τοῖς

812 1869 1045 1908 somnus
1078 1874 1088 1906 :
1139 1865 1198 1908 ut
1227 1856 1320 1924 qui
1378 1858 1822 1910 esercitatoriam
1857 1859 2100 1927 quidem,
2155 1875 2250 1913 seu
2282 1876 2403 1928 quae
2437 1831 2474 1886 Β

2437 1831 2474 1886 Β
2506 1872 2564 1907 τε
2598 1855 2778 1919 ἄλλοις
2807 1860 2902 1911 καὶ
2933 1861 3009 1929 τῷ
3044 1863 3216 1932 νοερῷ
3248 1866 3632 1932 συγγίνεσθαι,
3681 1872 3775 1921 καὶ
3807 1872 3899 1920 τὶν
3945 1872 4094 1940 λογι-

813 1948 867 2000 in
904 1948 1114 2017 agendo
1161 1949 1438 2013 consistit,
1475 1950 1639 2002 vitam
1689 1963 2068 2022 superaverat,
2101 1951 2404 2020 angelicam

2511 1949 2647 2019 σμὺν
2683 1952 3098 2020 ἐπιστρέψαντα
3147 1955 3208 2007 τὸ
3265 1960 3528 2026 συγγενὲς
3589 1964 3766 2014 ἐκεῖνο
3797 1966 3891 2015 καὶ
3947 1963 4093 2018 θεῖον

809 2049 991 2094 autem
1017 2042 1377 2095 :emulahatur
1397 2041 1562 2096 etiam
1599 2057 1726 2096 cum
1749 2057 2001 2112 corpore,
2030 2053 2086 2096 et
2110 2043 2165 2096 in
2189 2044 2331 2105 aliis,
2351 2054 2406 2098 et

2507 2042 2698 2104 κάλλος
2726 2043 3118 2110 φαντάζεσθαι.
3155 2047 3314 2101 Οὕτω
3341 2054 3407 2121 τῇ
3450 2053 3651 2121 πράξει
3699 2054 4090 2127 συνδραμοῦσα

807 2132 954 2200 quod
1013 2131 1388 2201 intelligenter
1446 2144 1760 2187 versaretur
1823 2150 1949 2188 cum
2022 2136 2401 2206 intelligentia,

807 2233 862 2276 et
881 2222 1026 2276 illam
1054 2224 1292 2276 divinam
1319 2222 1528 2278 visione
1553 2225 1994 2293 apprehenderet
2020 2227 2392 2295 pulchritudi-

807 2329 953 2370 nem.
1001 2315 1091 2371 Sic
1125 2330 1248 2370 cum
1305 2317 1518 2370 actione
1570 2332 1904 2372 concurrens
1964 2320 2389 2389 contemplatio,

805 2419 1053 2463 erectum
1097 2419 1148 2463 et
1177 2410 1466 2462 sublimem
1506 2411 1724 2465 tenebat
1754 2413 2202 2473 exercitatorem.
2236 2423 2293 2469 et
2324 2415 2392 2468 ad

2505 2135 2538 2200 ἡ
2567 2132 2789 2202 θεωρία,
2817 2135 2940 2187 ὅλον
2977 2137 3078 2206 ήδη
3113 2140 3388 2210 μετέωρον
3423 2139 3538 2212 εἶχε
3571 2145 3664 2196 τὸν
3691 2148 3958 2216 ἀσκητὴν,
3999 2151 4091 2200 καὶ

2504 2225 2641 2295 πρὸς
2672 2227 2834 2279 αὐτὸν
2871 2230 3176 2300 ἀνεπτέρου
3216 2232 3307 2284 τὸν
3339 2233 3594 2303 οὐρανόν.
3633 2239 3814 2309 Πολλὴ
3843 2243 3898 2294 δέ
3933 2246 4028 2294 καὶ
4058 2245 4088 2312 ἡ

2499 2317 2926 2390 θαυματουργὸς
2963 2323 3257 2394 ύπερήνθει
3315 2327 3498 2397 χάρις,
3569 2331 3834 2400 κρύπτειν
3896 2335 4089 2407 ὥσπερ

2499 2410 2599 2478 τῆς
2627 2411 2830 2481 ἀρετῆς
2861 2413 2954 2464 τὸν
2989 2415 3232 2484 ἐργάτην
3258 2419 3335 2488 μὴ
3366 2419 3691 2492 δυναμένης,
3719 2433 3814 2478 καὶ
3845 2426 3895 2492 ἆ,
3927 2445 3963 2479 α
3993 2431 4087 2483 τοῦ

806 2503 984 2568 ipsum
1054 2517 1227 2570 usque
1299 2505 1499 2557 caelum
1569 2506 1889 2561 extollebat.
1946 2507 2110 2561 Multa
2162 2523 2293 2562 vero
2347 2519 2403 2562 et

2401 2549 2403 2558 ,
2501 2499 2642 2552 Θεοῦ
2672 2501 2988 2566 δοξάζοντος
3018 2506 3144 2568 τοὺς
3178 2508 3341 2561 αὑτὸν
3367 2510 3610 2576 δοξάζειν
3641 2523 4083 2589 προῃρημένους.

804 2592 1203 2647 admirabilium
1227 2609 1408 2647 rerum
1431 2594 1702 2659 ellectrix,
1733 2598 2044 2652 mirandum
2079 2599 2134 2653 in
2177 2601 2401 2653 modum

803 2686 1021 2756 vigebat
1047 2695 1103 2740 et
1133 2686 1360 2740 ﬂorebat
1409 2689 1605 2756 gratia,
1644 2700 1836 2760 utpote
1890 2691 2035 2761 quod
2062 2707 2170 2746 non
2211 2707 2371 2760 posse

804 2778 978 2832 virtus
1005 2795 1162 2832 suum
1198 2779 1375 2834 celare
1401 2782 1734 2849 operarium,
1769 2791 1824 2835 et
1848 2781 1992 2836 Deus
2012 2782 2173 2836 simul
2203 2782 2373 2852 glori—

805 2869 992 2923 ﬁcaret
1013 2873 1242 2941 eos,qui
1286 2875 1576 2945 elegerunt
1632 2873 1812 2943 ipsum
1861 2873 2169 2944 gloriﬁcare
2197 2875 2211 2904 ¹
2239 2914 2254 2928 .
2289 2873 2394 2929 Sed

2517 2594 2661 2648 Ἀλλ’
2709 2599 2736 2649 ὃ
2779 2616 2868 2667 μοι
2899 2599 3077 2666 λέγειν
3105 2602 3134 2654 6
3179 2602 3334 2670 λόγος
3363 2605 3642 2677 ὥρμηται,
3675 2610 3823 2672 ὅπως
3859 2611 3957 2680 τῆς
3991 2614 4088 2680 μὲν

2504 2685 2663 2756 δόξης
2718 2688 2793 2751 ὡς
2842 2690 3042 2760 ἦκιστα
3083 2695 3406 2763 φροντίζων,
3455 2697 3545 2752 τοῦ
3581 2699 3637 2752 δὲ
3690 2699 3981 2757 λανθάνειν
4013 2706 4088 2767 ὡς

2509 2780 2748 2850 μάλιστα
2797 2782 2974 2851 δῆλος,
3034 2787 3312 2842 κάνταῦθα
3361 2791 3390 2842 6
3430 2793 3603 2861 μέγας
3635 2795 3744 2848 τῶν
3787 2795 4088 2868 θαυμάτων

2508 2872 2778 2942 θησαυρὸς
2801 2876 2894 2926 καὶ
2917 2877 3017 2944 τῆς
3040 2878 3244 2946 ἀρετῆς
3272 2881 3622 2937 καθίσταται.

801 2960 947 3029 quod
966 2962 1076 3030 jam
1105 2963 1240 3017 mihi
1275 2964 1460 3019 dicere
1487 2979 1739 3034 aggressa
1767 2964 1946 3018 fuerat
2007 2966 2209 3029 oratio,
2257 2965 2490 3036 gloriam
2543 2964 2765 3032 quidem
2789 2967 3013 3022 minime
3035 2969 3336 3039 admirans,
3380 2973 3552 3030 latere
3609 2986 3793 3032 autem
3852 2980 4087 3034 maxime

801 3053 1050 3119 cupiens,
1078 3055 1168 3110 hic
1207 3071 1429 3127 quoque
1479 3059 1664 3119 evadit
1714 3056 2044 3113 manifestus
2077 3058 2476 3113 miraculorum
2506 3065 2563 3111 et
2585 3059 2808 3114 virtutis
2835 3059 3146 3118 thesaurus.

871 3145 960 3198 ιν.
997 3147 1326 3204 Adolescens
1370 3149 1614 3219 quidam,
1666 3150 1761 3220 qui
1812 3151 2104 3206 oculorum
2162 3151 2384 3222 quidem
2414 3156 2458 3212 (ι

2414 3156 2458 3212 (ζ
2560 3148 2636 3205 Δ’.
2674 3150 2912 3217 Νεανίας
2947 3171 3054 3221 τις,
3106 3157 3204 3229 τὴν
3261 3160 3362 3230 μὲν
3411 3163 3590 3234 αὐγὴν
3647 3166 3759 3220 τῶν
3807 3168 3986 3233 ὄψεων
4021 3173 4083 3224 ἐκ

801 3236 1148 3306 splendorem
1207 3239 1276 3294 ab
1322 3251 1444 3296 ortu
1508 3241 1788 3305 amiserat,
1827 3242 1947 3297 ﬁdei
1973 3252 2156 3296 autem
2183 3243 2388 3297 lumine

800 3330 1206 3398 resplendebat,
1229 3348 1355 3386 eum
1381 3331 1619 3402 desuper
1643 3333 1710 3388 ad
1732 3333 1783 3386 id
1810 3346 2063 3389 movente
2091 3334 2388 3404 providen-

800 3421 894 3484 tia,
933 3420 998 3474 ad
1045 3422 1191 3478 hunc
1221 3439 1474 3493 magnum
1517 3425 1750 3488 accedit,
1775 3434 1831 3478 et
1869 3425 2117 3480 imitatur
2174 3441 2382 3481 etcum

798 3512 890 3578 qui
915 3512 1116 3566 dicitur
1137 3513 1190 3566 in
1221 3514 1529 3585 Evangeliis
1558 3519 1576 3546 '
1603 3534 1616 3582 ;
1650 3516 1752 3570 nisi
1777 3516 1924 3586 quod
1953 3517 2044 3572 ille
2065 3517 2287 3586 quidem
2318 3515 2387 3570 ad

795 3602 1074 3657 Christum
1115 3621 1128 3668 ;
1157 3603 1248 3658 hic
1281 3622 1409 3661 vero
1432 3607 1496 3661 ad
1524 3608 1729 3662 Christi
1752 3607 2043 3674 famulum,
2067 3620 2122 3664 et
2143 3609 2388 3677 loquitur

796 3693 987 3746 eadem
1013 3709 1134 3763 quae
1160 3695 1270 3759 ille,
1296 3706 1352 3751 et
1378 3713 1502 3752 cum
1545 3699 1738 3753 eodem
1766 3699 1961 3753 ardore
1986 3710 2042 3754 et
2066 3699 2380 3764 aﬂ’ectione,

796 3786 986 3839 ducens
1014 3803 1028 3839 :
1064 3785 1328 3842 Miserere
1362 3804 1490 3853 met,
1515 3798 1570 3844 et
1605 3789 1786 3858 prmbe
1811 3791 1996 3844 lumen
2021 3792 2159 3846 meis
2180 3791 2378 3854 oculis,

798 3873 892 3941 qui
925 3888 987 3927 es
1045 3889 1189 3929 vera:
1221 3876 1362 3931 lucis
1399 3878 1546 3932 ﬁlius
1605 3891 1657 3932 et
1686 3879 1911 3949 gratiae:
1947 3890 2005 3934 ut
2032 3895 2134 3951 ego
2163 3896 2382 3950 quoque

794 3962 1023 4017 etIectus
1052 3968 1455 4036 contemplator
1483 3968 1702 4034 borum,
1735 3985 1855 4039 qua:
1881 3969 2164 4036 videntur,
2205 3971 2382 4026 admi-

803 4068 893 4107 rer
919 4055 1144 4122 quidem
1176 4072 1368 4112 eorum
1429 4061 1814 4116 excellentiam
1845 4078 1859 4114 :
1894 4077 1992 4132 per
2042 4079 2131 4118 res
2193 4073 2378 4118 autem

793 4154 1028 4207 creatas.
1093 4148 1369 4202 celebrem
1452 4147 1794 4205 Creatorem.
1851 4152 1920 4206 Et
1979 4153 2098 4208 hac
2153 4155 2378 4223 quidem

793 4251 974 4289 caecus
1014 4254 1027 4289 :
1063 4237 1168 4292 ille
1208 4253 1340 4293 vero
1371 4239 1537 4294 homo
1573 4241 1982 4308 misericordiae,
2014 4246 2206 4300 videns
2243 4263 2382 4302 ocu-

792 4325 875 4380 los
908 4329 1130 4397 quidem
1163 4331 1368 4385 nullius
1401 4332 1628 4387 omnino
1685 4335 1996 4404 splendoris
2056 4340 2375 4410 participes,

796 4426 999 4471 tantam
1031 4429 1212 4474 autem
1243 4421 1426 4486 ﬁdem,
1482 4439 1646 4493 quam
1685 4423 1820 4479 dicit
1852 4427 2039 4481 divina
2075 4426 2361 4500 Scriptura

791 4508 1007 4564 elﬁcere
1031 4511 1216 4577 etiam,
1244 4523 1304 4567 ut
1336 4524 1552 4571 montes
1587 4517 1984 4572 transterantur
2015 4520 2034 4550 ³
2057 4559 2072 4585 ,
2103 4521 2370 4592 frangitur
2403 4502 2446 4558 υ

791 4601 1010 4668 quidem
1039 4620 1052 4656 :
1080 4602 1098 4673 (
1123 4605 1313 4674 quidni
1336 4607 1508 4670 enim,
1557 4623 1680 4660 eum
1715 4617 1864 4664 esset
1907 4609 2094 4666 animo
2120 4612 2370 4667 clemen-

793 4692 1002 4745 tissimo
1017 4703 1072 4747 et
1087 4697 1571 4751 mansuetissimo?
1599 4702 1615 4767 )
1654 4711 1710 4753 et
1755 4700 1919 4756 simul
1966 4714 2204 4759 mentem
2233 4705 2381 4761 illius

788 4782 1106 4837 examinans
1156 4803 1169 4838 :
1217 4784 1356 4851 Quid
1406 4789 1472 4840 ad
1525 4805 1632 4853 me,
1686 4793 1882 4862 inquit,
1934 4809 1967 4848 ο
2023 4796 2378 4864 adolescens,

789 4870 991 4932 quaeris
1036 4881 1095 4924 ut.
1146 4887 1211 4926 ea
1265 4875 1486 4942 donem,
1553 4893 1674 4948 quae
1704 4896 1852 4937 meas
1891 4883 2037 4940 vires
2072 4889 2382 4956 superant?

787 4958 927 5023 Quid
956 4960 1010 5012 in
1045 4976 1132 5015 me
1184 4963 1367 5017 vidisti
1398 4969 1689 5036 ejusmodi,
1718 4983 1779 5025 ut
1810 4975 1863 5026 id
1900 4992 1928 5028 a
1958 4993 2044 5031 me
2102 4981 2368 5048 postules,

788 5049 934 5117 quod
959 5053 1107 5105 solus
1133 5063 1312 5122 potest
1340 5054 1555 5113 efﬁcere
1600 5062 1982 5120 universorum
2014 5071 2249 5138 Opilex?
2279 5073 2373 5127 Ille

786 5141 934 5193 enim
972 5141 1110 5206 haec,
1141 5145 1254 5209 ubi,
1287 5158 1343 5200 et
1375 5152 1614 5218 quando,
1642 5163 1697 5207 et
1733 5156 1802 5209 iis
1853 5161 2056 5227 quibus
2106 5165 2242 5231 vult,
2277 5165 2370 5220 dat

786 5233 1204 5291 admirabiliter.
1258 5238 1351 5294 llis
1406 5246 1608 5298 sensim
1668 5250 1852 5303 verbis
1915 5254 2144 5324 abigens
2180 5258 2369 5314 adole-

786 5336 1050 5390 scentem,
1109 5330 1473 5389 nihilominus
1527 5352 1654 5391 eum
1684 5341 1892 5410 aliquid
1918 5343 2133 5401 invenit
2161 5349 2229 5404 de
2255 5351 2362 5406 ﬁde

787 5417 1178 5482 remittentem,
1223 5437 1400 5492 neque
1449 5441 1479 5479 a
1531 5442 1629 5481 sua
1667 5435 1930 5498 petitione
1975 5446 2034 5490 et
2085 5438 2364 5496 desiderio

785 5506 1161 5574 desistentem,
1222 5513 1316 5566 sed
1374 5531 1534 5572 voces
1587 5520 1771 5577 adhuc
1819 5523 2031 5582 ﬂebiles
2068 5531 2357 5589 emittebat

783 5607 838 5652 et
881 5600 1244 5656 miserabiles.
1280 5604 1344 5659 Et
1373 5608 1720 5668 miserandus
1773 5617 1997 5685 quidem
2054 5622 2171 5692 ejus
2196 5625 2354 5682 vide-

858 5775 1085 5848 'lReg.
1121 5795 1178 5846 ιι,
1213 5782 1298 5837 30.

2497 3248 2724 3316 γενετῆς
2761 3246 3150 3317 ἀπολωλεκὼς,
3180 3253 3258 3323 τῷ
3291 3254 3348 3307 δέ
3396 3260 3539 3324 φωτὶ
3569 3261 3668 3328 τῆς
3695 3262 3935 3325 πίστεως
3963 3266 4082 3335 ἄρι-

2499 3356 2601 3391 στα
2642 3337 3120 3411 λαμπρυνάμενος,
3155 3347 3364 3400 ἄνωθεν
3423 3350 3586 3403 αὐτὸν
3629 3354 3724 3406 ἐπὶ
3783 3356 3943 3407 τοῦτο
3985 3359 4082 3425 τῆς

2500 3430 2764 3499 Προνοίας
2792 3434 3070 3504 κινούσης,
3104 3437 3182 3507 τῷ
3223 3441 3443 3510 μεγάλῳ
3476 3443 3652 3512 τούτῳ
3689 3449 4077 3518 προσέρχεται.

2492 3521 2604 3573 Καὶ
2638 3525 2886 3589 μιμεῖται
2910 3524 3000 3575 τὸν
3035 3527 3093 3577 ἐν
3127 3527 3482 3595 [εὐαγγελίοις
3504 3533 3705 3600 τυφλόν
3728 3550 3745 3565 ο
3780 3537 3922 3608 πλὴν
3958 3541 4080 3592 ὅσον

2487 3611 2565 3679 τῷ
2589 3612 2812 3682 Χριστῷ
2842 3614 2942 3682 μὲν
2989 3616 3215 3682 ἐκεῖνος,
3253 3613 3404 3683 οὗτος
3429 3622 3488 3674 δὲ
3515 3624 3593 3693 τῷ
3640 3627 3879 3697 Χριστοῦ
3916 3631 4077 3702 θερά-

2489 3719 2646 3756 ποντι
2681 3704 2957 3774 πρόσεισι.
3007 3712 3100 3762 καὶ
3133 3711 3430 3781 φθέγγεται
3465 3716 3536 3769 τὰ
3563 3718 3778 3772 ἐκείνου
3811 3725 3952 3791 μετὰ
3979 3729 4077 3793 τῆς

2485 3797 2659 3865 αὐτῆς
2721 3798 3055 3870 θερμότητος
3109 3804 3206 3857 καὶ
3257 3807 3350 3858 τοῦ
3387 3808 3634 3875 πάθους,
3682 3813 3938 3884 Ἐλέησόν
3985 3837 4073 3886 με,

2487 3889 2682 3964 λέγων,
2723 3895 2821 3945 καὶ
2885 3895 3000 3962 φῶς
3037 3913 3128 3965 μοι
3180 3901 3294 3964 τοῖς
3328 3901 3628 3971 ὀφθαλμοῖς
3681 3905 3890 3975 δρεξον,
3925 3913 3953 3962 6
3981 3911 4075 3963 τοῦ

2485 3983 2663 4049 φωτὸς
2686 3983 2856 4046 ὅντως
2884 3988 2995 4050 υἱὸς
3019 3991 3111 4040 καὶ
3135 3990 3234 4058 τῆς
3267 3994 3512 4063 χάριτος,
3545 3998 3630 4048 ἵνα
3662 4000 3838 4066 κάγὼ,
3869 4000 4072 4072 θεατὴς

2483 4074 2595 4124 τῶν
2619 4074 2904 4145 ὀρωρένων
2932 4078 3140 4132 τούτων
3173 4083 3488 4152 γενόμενος,
3533 4089 3803 4159 θαυμάσω
3837 4094 3939 4160 μὲν
3979 4098 4075 4149 αὐ-

2482 4163 2592 4216 τῶν
2623 4165 2683 4218 τὸ
2716 4167 3019 4239 ἐξαίρετον,
3074 4171 3303 4242 ὑμνήσω
3359 4176 3415 4229 δὲ
3473 4178 3562 4232 διὰ
3593 4182 3704 4234 τῶν
3749 4186 4070 4254 κτισμάτων

2483 4255 2573 4306 τὸν
2619 4257 2908 4313 κτίσαντα.
2969 4261 3076 4314 Καὶ
3123 4264 3295 4318 ταῦτα
3339 4267 3442 4334 μὶν
3473 4269 3502 4322 6
3528 4273 3733 4339 τυφλός
3757 4290 3772 4305 ⁶
3803 4277 3832 4327 6
3859 4277 3918 4330 δὲ
3977 4280 4072 4331 τοῦ

2481 4347 2668 4412 ἐλέους
2715 4353 2922 4415 ἐκεῖνος
2968 4353 3279 4425 ἄνθρωπος,
3312 4359 3436 4412 ἰδὼν
3464 4365 3591 4426 τοῖος
3617 4365 3720 4433 μὲν
3755 4367 4072 4438 ὀφθαλμοὺς

2481 4441 2618 4510 μηδέ
2659 4445 2889 4514 μετρίας
2918 4447 3094 4518 αὐγῆς
3129 4450 3482 4522 μετέχοντας,
3508 4457 3610 4526 τὴν
3651 4458 3710 4511 δέ
3749 4460 3936 4514 πίστιν
3976 4481 4068 4516 το-

2486 4533 2691 4624 σαύτην
2715 4536 2784 4606 ἥν
2829 4555 2998 4610 φησιν
3023 4542 3057 4611 ὴ
3110 4542 3231 4597 θεία
3272 4545 3424 4616 φωνὴ
3482 4549 3575 4600 καὶ
3618 4549 3721 4621 ὅρη
3753 4556 3931 4604 ποιεῖν
3972 4573 4071 4624 με·

2479 4623 2787 4694 θίστασθαι,
2820 4629 3111 4686 ἐπικλᾶται
3141 4634 3261 4702 μιν,
3293 4637 3409 4700 πῶς
3441 4637 3548 4708 γάρ
3576 4640 3675 4705 οὖς
3708 4643 3889 4714 ψυχῆς
3910 4623 3987 4699 ῶν
4011 4651 4071 4716 ὴ·

2487 4717 2812 4789 μερωτάτης
2845 4722 2940 4774 καὶ
2987 4724 3396 4796 φιλανθρώπου,
3431 4732 3527 4783 καὶ
3558 4734 3676 4802 ἅμα
3707 4736 3808 4806 τὴν
3852 4743 4067 4792 ἐκείνου

2489 4809 2799 4878 βασανίζων
2843 4813 3092 4886 γνώμην.
3122 4818 3186 4870 Τί
3220 4837 3337 4889 μοι,
3373 4825 3578 4888 νεανία,
3627 4830 3765 4895 φησι
3795 4832 4066 4900 προσιὼν,

2485 4902 2553 4953 τὰ
2591 4903 2733 4974 ὑπὲρ
2791 4906 2894 4974 ἐμὲ
2948 4907 3148 4962 διδόναι
3181 4911 3363 4981 ζητεῖς
3395 4932 3409 4979 ;
3447 4916 3513 4968 Τί
3566 4919 3809 4974 τοιοῦτον
3849 4925 3908 4976 ἐν
3945 4927 4068 4994 ἐμοὶ

2477 4993 2836 5063 θεασάμενος,
2864 4998 3024 5067 ἔργον
3047 5003 3301 5066 ἀπαιτεῖς
3330 5007 3605 5074 τοσοῦτον,
3632 5011 3660 5062 ὃ
3695 5013 3855 5078 μόνος
3885 5016 4065 5069 τελεῖν

2473 5086 2700 5148 δυνατὸς
2730 5090 2758 5140 6
2789 5089 2898 5141 τῶν
2922 5093 3061 5145 ὅλων
3094 5095 3429 5166 δημιουργός
3454 5102 3730 5167 ξἘκεῖνος
3753 5105 3862 5174 γὰρ
3884 5109 4061 5160 ταῦτα

2473 5176 2602 5230 ἔνθα
2637 5179 2730 5230 καὶ
2761 5180 2849 5232 ὅτε
2909 5183 3001 5234 καὶ
3029 5178 3110 5246 οἷς
3151 5185 3422 5254 βούλεται,
3465 5194 3792 5261 παραδόξως
3847 5196 4061 5256 δίδωσι.

2472 5266 2700 5330 Τούτοις
2738 5270 2922 5338 ἡρέμα
2967 5275 3080 5335 τοῖς
3109 5277 3320 5344 ῥήμασι
3355 5282 3446 5333 τὸν
3492 5285 3712 5338 νεανίαν
3740 5288 4056 5352 ἀποσοσιιν,

2471 5358 2624 5410 οὐδέν
2650 5375 2705 5410 τι
2743 5361 2946 5428 μᾶλλον
2987 5363 3209 5432 εὕρισκε
3235 5368 3336 5436 τῆς
3375 5372 3612 5436 πίστεως
3644 5377 3896 5445 ὑφιέντα,
3935 5382 4057 5433 οὐδὲ

2471 5451 2570 5519 τῆς
2596 5455 2728 5523 πρὸς
2753 5456 2915 5508 αὐτὸν
2938 5461 3204 5528 αἰτήσεως
3229 5480 3285 5515 τε
3308 5468 3400 5518 καὶ
3423 5468 3521 5536 τῆς
3544 5470 3720 5539 ὁρμῆς
3746 5475 4022 5529 ἐνδιδόντα
4043 5493 4054 5507 ·

2469 5543 2587 5634 αλλ’
2622 5547 2846 5617 οἰκτρὰς
2902 5548 2984 5602 ἐτι
3043 5553 3225 5618 φωνὰς
3257 5557 3428 5624 ἠφίει.
3495 5560 3605 5614 Καὶ
3661 5561 3890 5626 ἐλεεινὸς
3957 5566 4058 5634 μὲν

2471 5633 2680 5705 ἑωρᾶτο
2736 5635 2831 5690 τοῦ
2861 5639 3159 5710 σχήματος,
3193 5641 3508 5714 θαυμαστὸς
3556 5647 3613 5703 δέ
3638 5647 3729 5702 τοῦ
3767 5633 4056 5722 φρονήμι·

1447 5787 1465 5815 ¹
1509 5787 1640 5845 Luc.
1677 5807 1827 5862 svnt,
1863 5797 1949 5850 33.
2031 5802 2049 5832 ³
2083 5801 2254 5860 lCor.
2288 5821 2405 5874 stu,
2432 5808 2484 5862 ἓ.
