  <div class='ocr_page' id='page_1' title='image "/cluster/home/n/w/nwhite01/storage/ocr_20150623/116/nnc1.0046980156/210.png"; bbox 0 0 4260 6430; ppageno 0'>
   <div class='ocr_carea' id='block_1_1' title="bbox 272 378 379 443">
    <p class='ocr_par' dir='ltr' id='par_1_1' title="bbox 272 378 379 443">
     <span class='ocr_line' id='line_1_1' title="bbox 272 378 379 443; baseline 0.019 -2"><span class='ocrx_word' id='word_1_1' title='bbox 272 378 379 443; x_wconf 72' lang='lat'><strong>36!</strong></span> 
     </span>
    </p>
   </div>
   <div class='ocr_carea' id='block_1_2' title="bbox 1562 380 2199 447">
    <p class='ocr_par' dir='ltr' id='par_1_2' title="bbox 1562 380 2199 447">
     <span class='ocr_line' id='line_1_2' title="bbox 1562 380 2199 447; baseline -0.005 -1"><span class='ocrx_word' id='word_1_2' title='bbox 1562 381 1739 447; x_wconf 75' lang='lat' dir='ltr'><strong>VlTA</strong></span> <span class='ocrx_word' id='word_1_3' title='bbox 1773 383 1833 443; x_wconf 93' lang='lat' dir='ltr'><strong>S.</strong></span> <span class='ocrx_word' id='word_1_4' title='bbox 1876 380 2199 443; x_wconf 78' lang='grc' dir='ltr'><strong>ΡΑΤΑΡΙῙ.</strong></span> 
     </span>
    </p>
   </div>
   <div class='ocr_carea' id='block_1_3' title="bbox 3426 384 3531 447">
    <p class='ocr_par' dir='ltr' id='par_1_3' title="bbox 3426 384 3531 447">
     <span class='ocr_line' id='line_1_3' title="bbox 3426 384 3531 447; baseline 0 0"><span class='ocrx_word' id='word_1_5' title='bbox 3426 384 3531 447; x_wconf 79' lang='lat'><strong>362</strong></span> 
     </span>
    </p>
   </div>
   <div class='ocr_carea' id='block_1_4' title="bbox 258 494 1940 573">
    <p class='ocr_par' dir='ltr' id='par_1_4' title="bbox 258 495 1921 573">
     <span class='ocr_line' id='line_1_4' title="bbox 258 495 1921 573; baseline 0.008 -27"><span class='ocrx_word' id='word_1_6' title='bbox 258 511 357 557; x_wconf 83' lang='grc' dir='ltr'><strong>τος</strong></span> <span class='ocrx_word' id='word_1_7' title='bbox 384 496 611 549; x_wconf 75' lang='grc' dir='ltr'>καὶτῶν</span> <span class='ocrx_word' id='word_1_8' title='bbox 646 496 822 564; x_wconf 81' lang='grc' dir='ltr'>λόγων</span> <span class='ocrx_word' id='word_1_9' title='bbox 870 495 1077 553; x_wconf 78' lang='grc' dir='ltr'>πείθων</span> <span class='ocrx_word' id='word_1_10' title='bbox 1108 499 1347 569; x_wconf 80' lang='grc' dir='ltr'>ῥήμασι,</span> <span class='ocrx_word' id='word_1_11' title='bbox 1382 498 1613 573; x_wconf 78' lang='grc' dir='ltr'>δάκρυσι</span> <span class='ocrx_word' id='word_1_12' title='bbox 1658 499 1847 568; x_wconf 76' lang='grc' dir='ltr'>δεόμε-</span> <span class='ocrx_word' id='word_1_13' title='bbox 1881 506 1921 559; x_wconf 90' lang='grc' dir='ltr'><strong>Α</strong></span> 
     </span>
    </p>
   </div>
   <div class='ocr_carea' id='block_1_5' title="bbox 1853 494 3535 573">
    <p class='ocr_par' dir='ltr' id='par_1_5' title="bbox 1881 494 3535 566">
     <span class='ocr_line' id='line_1_5' title="bbox 1881 494 3535 566; baseline 0.003 -16"><span class='ocrx_word' id='word_1_14' title='bbox 1881 506 1921 559; x_wconf 88' lang='grc' dir='ltr'><strong>Α</strong></span> <span class='ocrx_word' id='word_1_15' title='bbox 1953 497 2113 551; x_wconf 82' lang='lat' dir='ltr'><strong>batur</strong></span> <span class='ocrx_word' id='word_1_16' title='bbox 2140 496 2360 553; x_wconf 84' lang='lat' dir='ltr'><strong>habitus</strong></span> <span class='ocrx_word' id='word_1_17' title='bbox 2389 512 2403 549; x_wconf 89' lang='lat'><strong>:</strong></span> <span class='ocrx_word' id='word_1_18' title='bbox 2433 494 2750 549; x_wconf 83' lang='lat' dir='ltr'><strong>admiranda</strong></span> <span class='ocrx_word' id='word_1_19' title='bbox 2783 504 2965 549; x_wconf 86' lang='lat' dir='ltr'><strong>autem</strong></span> <span class='ocrx_word' id='word_1_20' title='bbox 2997 495 3286 566; x_wconf 70' lang='lat' dir='ltr'><strong>prudentia</strong></span> <span class='ocrx_word' id='word_1_21' title='bbox 3321 508 3379 556; x_wconf 91' lang='lat' dir='ltr'><strong>et</strong></span> <span class='ocrx_word' id='word_1_22' title='bbox 3407 516 3535 555; x_wconf 82' lang='lat' dir='ltr'><strong>ora-</strong></span> 
     </span>
    </p>
   </div>
   <div class='ocr_carea' id='block_1_6' title="bbox 260 585 1854 659">
    <p class='ocr_par' dir='ltr' id='par_1_6' title="bbox 260 585 1854 659">
     <span class='ocr_line' id='line_1_6' title="bbox 260 585 1854 659; baseline 0.001 -19"><span class='ocrx_word' id='word_1_23' title='bbox 260 602 379 649; x_wconf 87' lang='grc' dir='ltr'>νος.</span> <span class='ocrx_word' id='word_1_24' title='bbox 434 585 775 657; x_wconf 79' lang='grc' dir='ltr'>ίλεούμενος,</span> <span class='ocrx_word' id='word_1_25' title='bbox 837 591 1099 653; x_wconf 73' lang='grc' dir='ltr'><strong>παντοῖος</strong></span> <span class='ocrx_word' id='word_1_26' title='bbox 1151 588 1296 643; x_wconf 84' lang='grc' dir='ltr'>οὑτω</span> <span class='ocrx_word' id='word_1_27' title='bbox 1338 589 1654 659; x_wconf 84' lang='grc' dir='ltr'>γενόμενος,</span> <span class='ocrx_word' id='word_1_28' title='bbox 1700 589 1854 653; x_wconf 80' lang='grc' dir='ltr'><strong>τέλος</strong></span> 
     </span>
    </p>
   </div>
   <div class='ocr_carea' id='block_1_7' title="bbox 258 676 1859 750">
    <p class='ocr_par' dir='ltr' id='par_1_7' title="bbox 258 676 1859 750">
     <span class='ocr_line' id='line_1_7' title="bbox 258 676 1859 750; baseline 0.002 -20"><span class='ocrx_word' id='word_1_29' title='bbox 258 676 747 749; x_wconf 74' lang='grc' dir='ltr'>διαϐεϐαιούμενος</span> <span class='ocrx_word' id='word_1_30' title='bbox 766 678 842 743; x_wconf 80' lang='grc' dir='ltr'><strong>ὡς</strong></span> <span class='ocrx_word' id='word_1_31' title='bbox 863 679 967 734; x_wconf 89' lang='grc' dir='ltr'><strong>οὑκ</strong></span> <span class='ocrx_word' id='word_1_32' title='bbox 987 680 1378 750; x_wconf 72' lang='grc' dir='ltr'>ἀποστήσεται.</span> <span class='ocrx_word' id='word_1_33' title='bbox 1402 681 1560 743; x_wconf 74' lang='grc' dir='ltr'>εἰδὼς</span> <span class='ocrx_word' id='word_1_34' title='bbox 1584 681 1666 733; x_wconf 79' lang='grc' dir='ltr'>ὅτι</span> <span class='ocrx_word' id='word_1_35' title='bbox 1691 680 1859 750; x_wconf 69' lang='grc' dir='ltr'>λήψει</span> 
     </span>
    </p>
   </div>
   <div class='ocr_carea' id='block_1_8' title="bbox 258 769 1875 844">
    <p class='ocr_par' dir='ltr' id='par_1_8' title="bbox 258 769 1875 844">
     <span class='ocr_line' id='line_1_8' title="bbox 258 769 1875 844; baseline 0.002 -23"><span class='ocrx_word' id='word_1_36' title='bbox 258 785 357 821; x_wconf 86' lang='grc' dir='ltr'><strong>ται</strong></span> <span class='ocrx_word' id='word_1_37' title='bbox 389 769 522 840; x_wconf 79' lang='grc' dir='ltr'>παρ’</span> <span class='ocrx_word' id='word_1_38' title='bbox 551 771 765 824; x_wconf 66' lang='grc' dir='ltr'>ἐκείνου</span> <span class='ocrx_word' id='word_1_39' title='bbox 798 770 901 841; x_wconf 80' lang='grc' dir='ltr'>τὴν</span> <span class='ocrx_word' id='word_1_40' title='bbox 956 772 1280 844; x_wconf 84' lang='grc' dir='ltr'>θεραπείαν.</span> <span class='ocrx_word' id='word_1_41' title='bbox 1312 773 1449 825; x_wconf 81' lang='grc' dir='ltr'>Τότε</span> <span class='ocrx_word' id='word_1_42' title='bbox 1479 770 1613 839; x_wconf 82' lang='grc' dir='ltr'>γοῦν</span> <span class='ocrx_word' id='word_1_43' title='bbox 1660 772 1875 828; x_wconf 84' lang='grc' dir='ltr'>άδίκα-’</span> 
     </span>
    </p>
   </div>
   <div class='ocr_carea' id='block_1_9' title="bbox 260 858 1856 934">
    <p class='ocr_par' dir='ltr' id='par_1_9' title="bbox 260 858 1856 934">
     <span class='ocr_line' id='line_1_9' title="bbox 260 858 1856 934; baseline 0.002 -23"><span class='ocrx_word' id='word_1_44' title='bbox 260 858 392 912; x_wconf 84' lang='grc' dir='ltr'>στόν</span> <span class='ocrx_word' id='word_1_45' title='bbox 422 876 483 912; x_wconf 89' lang='grc' dir='ltr'><strong>τε</strong></span> <span class='ocrx_word' id='word_1_46' title='bbox 508 862 600 914; x_wconf 77' lang='grc' dir='ltr'>καὶ</span> <span class='ocrx_word' id='word_1_47' title='bbox 626 860 1004 930; x_wconf 77' lang='grc' dir='ltr'>άναμφίὸολον</span> <span class='ocrx_word' id='word_1_48' title='bbox 1036 864 1169 933; x_wconf 81' lang='grc' dir='ltr'>παρ’</span> <span class='ocrx_word' id='word_1_49' title='bbox 1216 862 1367 931; x_wconf 86' lang='grc' dir='ltr'>αὑτῷ</span> <span class='ocrx_word' id='word_1_50' title='bbox 1394 863 1493 934; x_wconf 83' lang='grc' dir='ltr'>τὴν</span> <span class='ocrx_word' id='word_1_51' title='bbox 1528 865 1713 916; x_wconf 88' lang='grc' dir='ltr'>πίστιν</span> <span class='ocrx_word' id='word_1_52' title='bbox 1766 861 1856 914; x_wconf 84' lang='grc' dir='ltr'>εὑ-</span> 
     </span>
    </p>
   </div>
   <div class='ocr_carea' id='block_1_10' title="bbox 264 950 1856 1026">
    <p class='ocr_par' dir='ltr' id='par_1_10' title="bbox 264 950 1856 1026">
     <span class='ocr_line' id='line_1_10' title="bbox 264 950 1856 1026; baseline 0.004 -23"><span class='ocrx_word' id='word_1_53' title='bbox 264 950 405 1021; x_wconf 87' lang='grc' dir='ltr'>ρὼν,</span> <span class='ocrx_word' id='word_1_54' title='bbox 471 955 668 1023; x_wconf 83' lang='grc' dir='ltr'>μετρεῖ</span> <span class='ocrx_word' id='word_1_55' title='bbox 711 954 815 1026; x_wconf 76' lang='grc' dir='ltr'>τὴν</span> <span class='ocrx_word' id='word_1_56' title='bbox 869 957 1035 1026; x_wconf 81' lang='grc' dir='ltr'>χάριν</span> <span class='ocrx_word' id='word_1_57' title='bbox 1086 958 1115 1007; x_wconf 88' lang='lat'><strong>6</strong></span> <span class='ocrx_word' id='word_1_58' title='bbox 1160 956 1359 1025; x_wconf 86' lang='grc' dir='ltr'>μέγας,</span> <span class='ocrx_word' id='word_1_59' title='bbox 1406 955 1501 1008; x_wconf 72' lang='grc' dir='ltr'>καὶ</span> <span class='ocrx_word' id='word_1_60' title='bbox 1534 955 1659 1009; x_wconf 69' lang='grc' dir='ltr'>ἐπεὶ</span> <span class='ocrx_word' id='word_1_61' title='bbox 1698 954 1856 1023; x_wconf 86' lang='grc' dir='ltr'>λόγον</span> 
     </span>
    </p>
   </div>
   <div class='ocr_carea' id='block_1_11' title="bbox 260 1040 1854 1121">
    <p class='ocr_par' dir='ltr' id='par_1_11' title="bbox 260 1040 1854 1121">
     <span class='ocr_line' id='line_1_11' title="bbox 260 1040 1854 1121; baseline 0.003 -25"><span class='ocrx_word' id='word_1_62' title='bbox 260 1040 415 1113; x_wconf 77' lang='grc' dir='ltr'>εἶχεν</span> <span class='ocrx_word' id='word_1_63' title='bbox 474 1045 754 1115; x_wconf 75' lang='grc' dir='ltr'>ἀρκοῦντα</span> <span class='ocrx_word' id='word_1_64' title='bbox 803 1051 941 1121; x_wconf 81' lang='grc' dir='ltr'>πρὸς</span> <span class='ocrx_word' id='word_1_65' title='bbox 993 1048 1317 1119; x_wconf 74' lang='grc' dir='ltr'>θεραπείαν,</span> <span class='ocrx_word' id='word_1_66' title='bbox 1364 1049 1455 1103; x_wconf 82' lang='grc' dir='ltr'>Ἐν</span> <span class='ocrx_word' id='word_1_67' title='bbox 1502 1049 1854 1120; x_wconf 82' lang='grc' dir='ltr'>τῷ”όνόματι</span> 
     </span>
    </p>
   </div>
   <div class='ocr_carea' id='block_1_12' title="bbox 274 1137 1854 1211">
    <p class='ocr_par' dir='ltr' id='par_1_12' title="bbox 274 1137 1854 1211">
     <span class='ocr_line' id='line_1_12' title="bbox 274 1137 1854 1211; baseline 0.003 -21"><span class='ocrx_word' id='word_1_68' title='bbox 274 1137 457 1207; x_wconf 79' lang='grc' dir='ltr'>Ἰησοῦ</span> <span class='ocrx_word' id='word_1_69' title='bbox 520 1140 786 1210; x_wconf 81' lang='grc' dir='ltr'><strong>Χριστοῦ,</strong></span> <span class='ocrx_word' id='word_1_70' title='bbox 843 1143 1015 1210; x_wconf 84' lang='grc' dir='ltr'>λέγει,</span> <span class='ocrx_word' id='word_1_71' title='bbox 1057 1141 1154 1196; x_wconf 80' lang='grc' dir='ltr'><strong>τοῦ</strong></span> <span class='ocrx_word' id='word_1_72' title='bbox 1209 1144 1304 1197; x_wconf 76' lang='grc' dir='ltr'>καὶ</span> <span class='ocrx_word' id='word_1_73' title='bbox 1335 1144 1560 1211; x_wconf 76' lang='grc' dir='ltr'><strong>τυφλοῖς</strong></span> <span class='ocrx_word' id='word_1_74' title='bbox 1608 1142 1723 1211; x_wconf 80' lang='grc' dir='ltr'>φῶς</span> <span class='ocrx_word' id='word_1_75' title='bbox 1759 1144 1854 1198; x_wconf 75' lang='grc' dir='ltr'><strong>καὶ</strong></span> 
     </span>
    </p>
   </div>
   <div class='ocr_carea' id='block_1_13' title="bbox 263 1229 1854 1306">
    <p class='ocr_par' dir='ltr' id='par_1_13' title="bbox 263 1229 1854 1306">
     <span class='ocr_line' id='line_1_13' title="bbox 263 1229 1854 1306; baseline -0.003 -14"><span class='ocrx_word' id='word_1_76' title='bbox 263 1229 418 1300; x_wconf 71' lang='grc' dir='ltr'>ζωὴν</span> <span class='ocrx_word' id='word_1_77' title='bbox 444 1233 813 1303; x_wconf 72' lang='grc' dir='ltr'><strong>χαριζομένου</strong></span> <span class='ocrx_word' id='word_1_78' title='bbox 849 1238 1089 1306; x_wconf 75' lang='grc' dir='ltr'>νεκροῖς.</span> <span class='ocrx_word' id='word_1_79' title='bbox 1146 1235 1235 1304; x_wconf 67' lang='grc' dir='ltr'>ιφ*</span> <span class='ocrx_word' id='word_1_80' title='bbox 1285 1229 1331 1304; x_wconf 81' lang='grc' dir='ltr'><strong>ᾧ</strong></span> <span class='ocrx_word' id='word_1_81' title='bbox 1363 1238 1458 1290; x_wconf 64' lang='grc' dir='ltr'><strong>καὶ⁵</strong></span> <span class='ocrx_word' id='word_1_82' title='bbox 1484 1236 1649 1299; x_wconf 80' lang='grc' dir='ltr'>αὑτὸς</span> <span class='ocrx_word' id='word_1_83' title='bbox 1684 1252 1854 1289; x_wconf 78' lang='grc' dir='ltr'>πεπι-</span> 
     </span>
    </p>
   </div>
   <div class='ocr_carea' id='block_1_14' title="bbox 260 1324 1851 1400">
    <p class='ocr_par' dir='ltr' id='par_1_14' title="bbox 260 1324 1851 1400">
     <span class='ocr_line' id='line_1_14' title="bbox 260 1324 1851 1400; baseline 0.005 -27"><span class='ocrx_word' id='word_1_84' title='bbox 260 1324 513 1388; x_wconf 82' lang='grc' dir='ltr'>στευκὼς</span> <span class='ocrx_word' id='word_1_85' title='bbox 539 1329 945 1396; x_wconf 72' lang='grc' dir='ltr'><strong>παραγέγονας,</strong></span> <span class='ocrx_word' id='word_1_86' title='bbox 971 1328 1064 1383; x_wconf 73' lang='grc' dir='ltr'><strong>[σο</strong></span> <span class='ocrx_word' id='word_1_87' title='bbox 1086 1328 1322 1398; x_wconf 77' lang='grc' dir='ltr'>βλέπων.</span> <span class='ocrx_word' id='word_1_88' title='bbox 1365 1330 1426 1383; x_wconf 83' lang='grc'><strong>’0</strong></span> <span class='ocrx_word' id='word_1_89' title='bbox 1464 1330 1566 1400; x_wconf 68' lang='grc' dir='ltr'>μιν</span> <span class='ocrx_word' id='word_1_90' title='bbox 1597 1328 1851 1400; x_wconf 74' lang='grc' dir='ltr'>εἴρηκεν·</span> 
     </span>
    </p>
   </div>
   <div class='ocr_carea' id='block_1_15' title="bbox 257 1414 1855 1491">
    <p class='ocr_par' dir='ltr' id='par_1_15' title="bbox 257 1414 1855 1491">
     <span class='ocr_line' id='line_1_15' title="bbox 257 1414 1855 1491; baseline 0.006 -27"><span class='ocrx_word' id='word_1_91' title='bbox 257 1414 289 1464; x_wconf 88' lang='lat'><strong>6</strong></span> <span class='ocrx_word' id='word_1_92' title='bbox 348 1414 405 1466; x_wconf 72' lang='grc' dir='ltr'>δὲ</span> <span class='ocrx_word' id='word_1_93' title='bbox 466 1415 636 1485; x_wconf 71' lang='grc' dir='ltr'>ἑώρα,</span> <span class='ocrx_word' id='word_1_94' title='bbox 698 1420 795 1471; x_wconf 81' lang='grc' dir='ltr'>καὶ</span> <span class='ocrx_word' id='word_1_95' title='bbox 840 1420 1005 1483; x_wconf 82' lang='grc' dir='ltr'>εὐθὺς</span> <span class='ocrx_word' id='word_1_96' title='bbox 1068 1418 1244 1484; x_wconf 80' lang='grc' dir='ltr'>οὕτως</span> <span class='ocrx_word' id='word_1_97' title='bbox 1294 1420 1435 1491; x_wconf 68' lang='grc' dir='ltr'>ἔχων</span> <span class='ocrx_word' id='word_1_98' title='bbox 1497 1420 1728 1489; x_wconf 67' lang='grc' dir='ltr'>ἑωρᾶτο,</span> <span class='ocrx_word' id='word_1_99' title='bbox 1760 1421 1855 1474; x_wconf 74' lang='grc' dir='ltr'>καὶ</span> 
     </span>
    </p>
   </div>
   <div class='ocr_carea' id='block_1_16' title="bbox 258 1506 1851 1584">
    <p class='ocr_par' dir='ltr' id='par_1_16' title="bbox 258 1506 1851 1584">
     <span class='ocr_line' id='line_1_16' title="bbox 258 1506 1851 1584; baseline 0.013 -27"><span class='ocrx_word' id='word_1_100' title='bbox 258 1506 433 1576; x_wconf 78' lang='grc' dir='ltr'>ἀπῄει</span> <span class='ocrx_word' id='word_1_101' title='bbox 465 1508 646 1562; x_wconf 85' lang='grc' dir='ltr'>πάντα</span> <span class='ocrx_word' id='word_1_102' title='bbox 697 1510 892 1577; x_wconf 86' lang='grc' dir='ltr'>ποιῶν,</span> <span class='ocrx_word' id='word_1_103' title='bbox 926 1513 1153 1583; x_wconf 87' lang='grc' dir='ltr'>χαίρων,</span> <span class='ocrx_word' id='word_1_104' title='bbox 1189 1513 1452 1580; x_wconf 73' lang='grc' dir='ltr'>δοξάζων,</span> <span class='ocrx_word' id='word_1_105' title='bbox 1493 1514 1851 1584; x_wconf 68' lang='grc' dir='ltr'>εὐχαριστῶν.</span> 
     </span>
    </p>
   </div>
   <div class='ocr_carea' id='block_1_17' title="bbox 257 1597 1851 1675">
    <p class='ocr_par' dir='ltr' id='par_1_17' title="bbox 257 1597 1851 1675">
     <span class='ocr_line' id='line_1_17' title="bbox 257 1597 1851 1675; baseline 0.006 -27"><span class='ocrx_word' id='word_1_106' title='bbox 257 1597 393 1659; x_wconf 83' lang='grc' dir='ltr'>τοὺς</span> <span class='ocrx_word' id='word_1_107' title='bbox 427 1597 744 1669; x_wconf 82' lang='grc' dir='ltr'>ὀφθαλμοὺς</span> <span class='ocrx_word' id='word_1_108' title='bbox 792 1604 1015 1657; x_wconf 85' lang='grc' dir='ltr'>πάντων</span> <span class='ocrx_word' id='word_1_109' title='bbox 1065 1605 1417 1675; x_wconf 72' lang='grc' dir='ltr'>έπιστρέφων</span> <span class='ocrx_word' id='word_1_110' title='bbox 1445 1604 1582 1674; x_wconf 82' lang='grc' dir='ltr'>πρὸς</span> <span class='ocrx_word' id='word_1_111' title='bbox 1634 1606 1851 1669; x_wconf 73' lang='grc' dir='ltr'>ἑαυτὸν.</span> 
     </span>
    </p>
   </div>
   <div class='ocr_carea' id='block_1_18' title="bbox 257 1689 1856 1766">
    <p class='ocr_par' dir='ltr' id='par_1_18' title="bbox 257 1689 1856 1766">
     <span class='ocr_line' id='line_1_18' title="bbox 257 1689 1856 1766; baseline 0.005 -25"><span class='ocrx_word' id='word_1_112' title='bbox 257 1689 342 1752; x_wconf 82' lang='grc' dir='ltr'>ὡς</span> <span class='ocrx_word' id='word_1_113' title='bbox 386 1690 481 1742; x_wconf 86' lang='grc' dir='ltr'><strong>καί</strong></span> <span class='ocrx_word' id='word_1_114' title='bbox 533 1708 688 1754; x_wconf 88' lang='grc' dir='ltr'>τινας</span> <span class='ocrx_word' id='word_1_115' title='bbox 733 1695 1199 1764; x_wconf 72' lang='grc' dir='ltr'>ἐπισημαίνεσθαι</span> <span class='ocrx_word' id='word_1_116' title='bbox 1250 1695 1324 1766; x_wconf 83' lang='grc' dir='ltr'>τῷ</span> <span class='ocrx_word' id='word_1_117' title='bbox 1374 1695 1649 1765; x_wconf 76' lang='grc' dir='ltr'><strong>δακτύλῳ,</strong></span> <span class='ocrx_word' id='word_1_118' title='bbox 1685 1690 1856 1757; x_wconf 74' lang='grc' dir='ltr'>Οὗτός</span> 
     </span>
    </p>
   </div>
   <div class='ocr_carea' id='block_1_19' title="bbox 258 1784 1853 1859">
    <p class='ocr_par' dir='ltr' id='par_1_19' title="bbox 258 1784 1853 1859">
     <span class='ocr_line' id='line_1_19' title="bbox 258 1784 1853 1859; baseline 0.004 -24"><span class='ocrx_word' id='word_1_119' title='bbox 258 1785 406 1845; x_wconf 68' lang='grc' dir='ltr'>εστι.</span> <span class='ocrx_word' id='word_1_120' title='bbox 442 1784 727 1851; x_wconf 87' lang='grc' dir='ltr'>λέγοντας,</span> <span class='ocrx_word' id='word_1_121' title='bbox 758 1788 786 1840; x_wconf 94' lang='lat'><strong>6</strong></span> <span class='ocrx_word' id='word_1_122' title='bbox 814 1788 944 1840; x_wconf 81' lang='grc' dir='ltr'>ποτὲ</span> <span class='ocrx_word' id='word_1_123' title='bbox 977 1786 1204 1856; x_wconf 73' lang='grc' dir='ltr'>τυφλός.</span> <span class='ocrx_word' id='word_1_124' title='bbox 1234 1786 1383 1859; x_wconf 83' lang='grc' dir='ltr'>Δῦτη</span> <span class='ocrx_word' id='word_1_125' title='bbox 1413 1787 1522 1841; x_wconf 93' lang='grc' dir='ltr'><strong>τῶν</strong></span> <span class='ocrx_word' id='word_1_126' title='bbox 1545 1787 1641 1840; x_wconf 85' lang='grc' dir='ltr'><strong>τοῦ</strong></span> <span class='ocrx_word' id='word_1_127' title='bbox 1679 1787 1853 1857; x_wconf 82' lang='grc' dir='ltr'>μεγά-</span> 
     </span>
    </p>
   </div>
   <div class='ocr_carea' id='block_1_20' title="bbox 1959 588 3529 659">
    <p class='ocr_par' dir='ltr' id='par_1_20' title="bbox 1959 588 3529 659">
     <span class='ocr_line' id='line_1_20' title="bbox 1959 588 3529 659; baseline 0.006 -17"><span class='ocrx_word' id='word_1_128' title='bbox 1959 589 2057 653; x_wconf 90' lang='lat' dir='ltr'><strong>tio,</strong></span> <span class='ocrx_word' id='word_1_129' title='bbox 2083 590 2419 659; x_wconf 71' lang='lat' dir='ltr'><strong>persuadens</strong></span> <span class='ocrx_word' id='word_1_130' title='bbox 2452 589 2656 654; x_wconf 87' lang='lat' dir='ltr'><strong>verbis,</strong></span> <span class='ocrx_word' id='word_1_131' title='bbox 2701 588 2957 659; x_wconf 78' lang='lat' dir='ltr'><strong>lacrymis</strong></span> <span class='ocrx_word' id='word_1_132' title='bbox 2988 605 3203 659; x_wconf 86' lang='lat' dir='ltr'><strong>rogans,</strong></span> <span class='ocrx_word' id='word_1_133' title='bbox 3237 607 3295 647; x_wconf 83' lang='lat' dir='ltr'><strong>se</strong></span> <span class='ocrx_word' id='word_1_134' title='bbox 3329 594 3381 648; x_wconf 92' lang='lat' dir='ltr'><strong>in</strong></span> <span class='ocrx_word' id='word_1_135' title='bbox 3409 610 3529 651; x_wconf 83' lang='lat' dir='ltr'><strong>om-</strong></span> 
     </span>
    </p>
   </div>
   <div class='ocr_carea' id='block_1_21' title="bbox 1961 680 3531 750">
    <p class='ocr_par' dir='ltr' id='par_1_21' title="bbox 1961 680 3531 750">
     <span class='ocr_line' id='line_1_21' title="bbox 1961 680 3531 750; baseline 0.004 -16"><span class='ocrx_word' id='word_1_136' title='bbox 1961 696 2085 734; x_wconf 90' lang='lat' dir='ltr'><strong>nem</strong></span> <span class='ocrx_word' id='word_1_137' title='bbox 2112 681 2353 750; x_wconf 81' lang='lat' dir='ltr'><strong>speciem</strong></span> <span class='ocrx_word' id='word_1_138' title='bbox 2397 689 2638 743; x_wconf 87' lang='lat' dir='ltr'><strong>mutans,</strong></span> <span class='ocrx_word' id='word_1_139' title='bbox 2679 689 2734 734; x_wconf 90' lang='lat' dir='ltr'><strong>et</strong></span> <span class='ocrx_word' id='word_1_140' title='bbox 2765 690 3045 749; x_wconf 86' lang='lat' dir='ltr'><strong>postremo</strong></span> <span class='ocrx_word' id='word_1_141' title='bbox 3107 680 3406 749; x_wconf 76' lang='lat' dir='ltr'><strong>affirmans,</strong></span> <span class='ocrx_word' id='word_1_142' title='bbox 3469 701 3531 740; x_wconf 87' lang='lat' dir='ltr'><strong>se</strong></span> 
     </span>
    </p>
   </div>
   <div class='ocr_carea' id='block_1_22' title="bbox 1959 772 3531 840">
    <p class='ocr_par' dir='ltr' id='par_1_22' title="bbox 1959 772 3531 840">
     <span class='ocr_line' id='line_1_22' title="bbox 1959 772 3531 840; baseline 0.006 -16"><span class='ocrx_word' id='word_1_143' title='bbox 1959 786 2068 825; x_wconf 92' lang='lat' dir='ltr'><strong>non</strong></span> <span class='ocrx_word' id='word_1_144' title='bbox 2096 786 2217 825; x_wconf 87' lang='lat' dir='ltr'><strong>esse</strong></span> <span class='ocrx_word' id='word_1_145' title='bbox 2245 772 2753 832; x_wconf 82' lang='lat' dir='ltr'><strong>abscessurum..ut</strong></span> <span class='ocrx_word' id='word_1_146' title='bbox 2778 772 2872 840; x_wconf 87' lang='lat' dir='ltr'><strong>qui</strong></span> <span class='ocrx_word' id='word_1_147' title='bbox 2904 772 3042 829; x_wconf 84' lang='lat' dir='ltr'><strong>sciat</strong></span> <span class='ocrx_word' id='word_1_148' title='bbox 3074 772 3215 836; x_wconf 75' lang='lat' dir='ltr'><strong>fore,</strong></span> <span class='ocrx_word' id='word_1_149' title='bbox 3243 788 3300 830; x_wconf 86' lang='lat' dir='ltr'><strong>ut</strong></span> <span class='ocrx_word' id='word_1_150' title='bbox 3340 777 3409 832; x_wconf 84' lang='lat' dir='ltr'><strong>ab</strong></span> <span class='ocrx_word' id='word_1_151' title='bbox 3436 778 3531 834; x_wconf 88' lang='lat' dir='ltr'><strong>illo</strong></span> 
     </span>
    </p>
   </div>
   <div class='ocr_carea' id='block_1_23' title="bbox 1958 860 3536 932">
    <p class='ocr_par' dir='ltr' id='par_1_23' title="bbox 1958 860 3536 932">
     <span class='ocr_line' id='line_1_23' title="bbox 1958 860 3536 932; baseline 0.003 -15"><span class='ocrx_word' id='word_1_152' title='bbox 1958 863 2191 930; x_wconf 79' lang='lat' dir='ltr'><strong>accipiat</strong></span> <span class='ocrx_word' id='word_1_153' title='bbox 2222 878 2288 916; x_wconf 92' lang='lat' dir='ltr'><strong>cu</strong></span> <span class='ocrx_word' id='word_1_154' title='bbox 2302 864 2591 917; x_wconf 88' lang='lat' dir='ltr'><strong>rationem.</strong></span> <span class='ocrx_word' id='word_1_155' title='bbox 2623 860 2779 917; x_wconf 82' lang='lat' dir='ltr'><strong>Tunc</strong></span> <span class='ocrx_word' id='word_1_156' title='bbox 2796 878 2927 932; x_wconf 87' lang='lat' dir='ltr'><strong>ergo</strong></span> <span class='ocrx_word' id='word_1_157' title='bbox 2959 880 3083 919; x_wconf 88' lang='lat' dir='ltr'><strong>cum</strong></span> <span class='ocrx_word' id='word_1_158' title='bbox 3115 874 3324 922; x_wconf 80' lang='lat' dir='ltr'><strong>certam</strong></span> <span class='ocrx_word' id='word_1_159' title='bbox 3352 878 3412 921; x_wconf 92' lang='lat' dir='ltr'><strong>et</strong></span> <span class='ocrx_word' id='word_1_160' title='bbox 3430 870 3536 924; x_wconf 74' lang='lat' dir='ltr'><strong>mi-</strong></span> 
     </span>
    </p>
   </div>
   <div class='ocr_carea' id='block_1_24' title="bbox 1961 954 3537 1030">
    <p class='ocr_par' dir='ltr' id='par_1_24' title="bbox 1961 954 3537 1030">
     <span class='ocr_line' id='line_1_24' title="bbox 1961 954 3537 1030; baseline 0.004 -22"><span class='ocrx_word' id='word_1_161' title='bbox 1961 955 2108 1009; x_wconf 86' lang='lat' dir='ltr'><strong>nime</strong></span> <span class='ocrx_word' id='word_1_162' title='bbox 2138 954 2361 1009; x_wconf 87' lang='lat' dir='ltr'><strong>dubiam</strong></span> <span class='ocrx_word' id='word_1_163' title='bbox 2397 955 2557 1009; x_wconf 87' lang='lat' dir='ltr'><strong>lidem</strong></span> <span class='ocrx_word' id='word_1_164' title='bbox 2586 956 2728 1024; x_wconf 85' lang='lat' dir='ltr'><strong>apud</strong></span> <span class='ocrx_word' id='word_1_165' title='bbox 2754 970 2881 1010; x_wconf 83' lang='lat' dir='ltr'><strong>eum</strong></span> <span class='ocrx_word' id='word_1_166' title='bbox 2922 956 3242 1023; x_wconf 87' lang='lat' dir='ltr'><strong>invenisset,</strong></span> <span class='ocrx_word' id='word_1_167' title='bbox 3287 959 3537 1030; x_wconf 74' lang='lat' dir='ltr'><strong>impertit</strong></span> 
     </span>
    </p>
   </div>
   <div class='ocr_carea' id='block_1_25' title="bbox 1955 1044 3536 1115">
    <p class='ocr_par' dir='ltr' id='par_1_25' title="bbox 1955 1044 3536 1115">
     <span class='ocr_line' id='line_1_25' title="bbox 1955 1044 3536 1115; baseline 0.003 -17"><span class='ocrx_word' id='word_1_168' title='bbox 1955 1045 2006 1098; x_wconf 89' lang='lat' dir='ltr'><strong>ei</strong></span> <span class='ocrx_word' id='word_1_169' title='bbox 2038 1060 2270 1112; x_wconf 83' lang='lat' dir='ltr'><strong>magnus</strong></span> <span class='ocrx_word' id='word_1_170' title='bbox 2295 1044 2524 1114; x_wconf 78' lang='lat' dir='ltr'><strong>gratiam</strong></span> <span class='ocrx_word' id='word_1_171' title='bbox 2558 1054 2651 1099; x_wconf 89' lang='lat' dir='ltr'><strong>:et</strong></span> <span class='ocrx_word' id='word_1_172' title='bbox 2691 1048 2952 1115; x_wconf 87' lang='lat' dir='ltr'><strong>quoniam</strong></span> <span class='ocrx_word' id='word_1_173' title='bbox 2983 1048 3049 1101; x_wconf 87' lang='lat' dir='ltr'><strong>ad</strong></span> <span class='ocrx_word' id='word_1_174' title='bbox 3082 1050 3423 1106; x_wconf 75' lang='lat' dir='ltr'><strong>curationem</strong></span> <span class='ocrx_word' id='word_1_175' title='bbox 3483 1051 3536 1105; x_wconf 87' lang='lat' dir='ltr'><strong>ei</strong></span> 
     </span>
    </p>
   </div>
   <div class='ocr_carea' id='block_1_26' title="bbox 1956 1134 3540 1211">
    <p class='ocr_par' dir='ltr' id='par_1_26' title="bbox 1956 1134 3540 1211">
     <span class='ocr_line' id='line_1_26' title="bbox 1956 1134 3540 1211; baseline 0.004 -21"><span class='ocrx_word' id='word_1_176' title='bbox 1956 1151 2139 1190; x_wconf 88' lang='lat' dir='ltr'><strong>sermo</strong></span> <span class='ocrx_word' id='word_1_177' title='bbox 2164 1134 2489 1201; x_wconf 76' lang='lat' dir='ltr'><strong>Sltﬂit&#39;iebat,</strong></span> <span class='ocrx_word' id='word_1_178' title='bbox 2542 1136 2602 1190; x_wconf 92' lang='lat' dir='ltr'><strong>ln</strong></span> <span class='ocrx_word' id='word_1_179' title='bbox 2663 1140 2885 1191; x_wconf 87' lang='lat' dir='ltr'><strong>nomine</strong></span> <span class='ocrx_word' id='word_1_180' title='bbox 2922 1137 3051 1195; x_wconf 80' lang='lat' dir='ltr'><strong>Jesu</strong></span> <span class='ocrx_word' id='word_1_181' title='bbox 3085 1138 3312 1203; x_wconf 72' lang='lat' dir='ltr'><strong>Christi,</strong></span> <span class='ocrx_word' id='word_1_182' title='bbox 3335 1142 3432 1211; x_wconf 93' lang='lat' dir='ltr'><strong>qui</strong></span> <span class='ocrx_word' id='word_1_183' title='bbox 3482 1151 3540 1197; x_wconf 86' lang='lat' dir='ltr'><strong>et</strong></span> 
     </span>
    </p>
   </div>
   <div class='ocr_carea' id='block_1_27' title="bbox 1956 1226 3533 1299">
    <p class='ocr_par' dir='ltr' id='par_1_27' title="bbox 1956 1226 3533 1299">
     <span class='ocr_line' id='line_1_27' title="bbox 1956 1226 3533 1299; baseline 0.004 -19"><span class='ocrx_word' id='word_1_184' title='bbox 1956 1228 2138 1289; x_wconf 60' lang='lat' dir='ltr'><strong>cacis,</strong></span> <span class='ocrx_word' id='word_1_185' title='bbox 2167 1228 2364 1297; x_wconf 89' lang='lat' dir='ltr'><strong>inquit,</strong></span> <span class='ocrx_word' id='word_1_186' title='bbox 2392 1228 2574 1281; x_wconf 89' lang='lat' dir='ltr'><strong>lucem</strong></span> <span class='ocrx_word' id='word_1_187' title='bbox 2618 1236 2675 1282; x_wconf 89' lang='lat' dir='ltr'><strong>et</strong></span> <span class='ocrx_word' id='word_1_188' title='bbox 2728 1226 2982 1297; x_wconf 80' lang='lat' dir='ltr'><strong>spiritum</strong></span> <span class='ocrx_word' id='word_1_189' title='bbox 3012 1229 3248 1299; x_wconf 85' lang='lat' dir='ltr'><strong>largitur</strong></span> <span class='ocrx_word' id='word_1_190' title='bbox 3278 1234 3533 1296; x_wconf 84' lang='lat' dir='ltr'><strong>mortuis,</strong></span> 
     </span>
    </p>
   </div>
   <div class='ocr_carea' id='block_1_28' title="bbox 1957 1318 3536 1387">
    <p class='ocr_par' dir='ltr' id='par_1_28' title="bbox 1957 1318 3536 1387">
     <span class='ocr_line' id='line_1_28' title="bbox 1957 1318 3536 1387; baseline 0.005 -14"><span class='ocrx_word' id='word_1_191' title='bbox 1957 1319 2013 1373; x_wconf 90' lang='lat' dir='ltr'><strong>in</strong></span> <span class='ocrx_word' id='word_1_192' title='bbox 2043 1334 2152 1387; x_wconf 85' lang='lat' dir='ltr'><strong>quo</strong></span> <span class='ocrx_word' id='word_1_193' title='bbox 2186 1320 2351 1373; x_wconf 88' lang='lat' dir='ltr'><strong>etiam</strong></span> <span class='ocrx_word' id='word_1_194' title='bbox 2375 1318 2611 1374; x_wconf 80' lang='lat' dir='ltr'><strong>credens</strong></span> <span class='ocrx_word' id='word_1_195' title='bbox 2655 1320 2962 1386; x_wconf 85' lang='lat' dir='ltr'><strong>accessisti,</strong></span> <span class='ocrx_word' id='word_1_196' title='bbox 2992 1332 3113 1377; x_wconf 83' lang='lat' dir='ltr'><strong>esto</strong></span> <span class='ocrx_word' id='word_1_197' title='bbox 3166 1324 3385 1379; x_wconf 86' lang='lat' dir='ltr'><strong>videns.</strong></span> <span class='ocrx_word' id='word_1_198' title='bbox 3441 1326 3536 1381; x_wconf 89' lang='lat' dir='ltr'><strong>llle</strong></span> 
     </span>
    </p>
   </div>
   <div class='ocr_carea' id='block_1_29' title="bbox 1957 1411 3539 1480">
    <p class='ocr_par' dir='ltr' id='par_1_29' title="bbox 1957 1411 3539 1480">
     <span class='ocr_line' id='line_1_29' title="bbox 1957 1411 3539 1480; baseline 0.007 -17"><span class='ocrx_word' id='word_1_199' title='bbox 1957 1411 2180 1480; x_wconf 81' lang='lat' dir='ltr'><strong>quidem</strong></span> <span class='ocrx_word' id='word_1_200' title='bbox 2207 1412 2345 1466; x_wconf 83' lang='lat' dir='ltr'><strong>dixit</strong></span> <span class='ocrx_word' id='word_1_201' title='bbox 2373 1429 2387 1465; x_wconf 91' lang='lat'><strong>:</strong></span> <span class='ocrx_word' id='word_1_202' title='bbox 2420 1411 2509 1467; x_wconf 84' lang='lat' dir='ltr'><strong>hic</strong></span> <span class='ocrx_word' id='word_1_203' title='bbox 2538 1422 2725 1467; x_wconf 88' lang='lat' dir='ltr'><strong>autem</strong></span> <span class='ocrx_word' id='word_1_204' title='bbox 2752 1413 2909 1476; x_wconf 86' lang='lat' dir='ltr'><strong>vidit.</strong></span> <span class='ocrx_word' id='word_1_205' title='bbox 2933 1422 2989 1469; x_wconf 89' lang='lat' dir='ltr'><strong>et</strong></span> <span class='ocrx_word' id='word_1_206' title='bbox 3020 1414 3094 1469; x_wconf 84' lang='lat' dir='ltr'><strong>ita</strong></span> <span class='ocrx_word' id='word_1_207' title='bbox 3133 1431 3192 1471; x_wconf 88' lang='lat' dir='ltr'><strong>se</strong></span> <span class='ocrx_word' id='word_1_208' title='bbox 3226 1417 3431 1472; x_wconf 83' lang='lat' dir='ltr'><strong>habere</strong></span> <span class='ocrx_word' id='word_1_209' title='bbox 3448 1429 3539 1474; x_wconf 83' lang='lat' dir='ltr'><strong>est</strong></span> 
     </span>
    </p>
   </div>
   <div class='ocr_carea' id='block_1_30' title="bbox 1957 1504 3536 1581">
    <p class='ocr_par' dir='ltr' id='par_1_30' title="bbox 1957 1504 3536 1581">
     <span class='ocr_line' id='line_1_30' title="bbox 1957 1504 3536 1581; baseline 0.006 -26"><span class='ocrx_word' id='word_1_210' title='bbox 1957 1513 2307 1573; x_wconf 77' lang='lat' dir='ltr'><strong>conspectus,</strong></span> <span class='ocrx_word' id='word_1_211' title='bbox 2337 1513 2393 1558; x_wconf 91' lang='lat' dir='ltr'><strong>et</strong></span> <span class='ocrx_word' id='word_1_212' title='bbox 2419 1504 2531 1567; x_wconf 87' lang='lat' dir='ltr'><strong>ibat</strong></span> <span class='ocrx_word' id='word_1_213' title='bbox 2558 1507 2741 1559; x_wconf 81' lang='lat' dir='ltr'><strong>omnia</strong></span> <span class='ocrx_word' id='word_1_214' title='bbox 2774 1506 3005 1570; x_wconf 72' lang='lat' dir='ltr'><strong>fat-iens,</strong></span> <span class='ocrx_word' id='word_1_215' title='bbox 3026 1511 3291 1576; x_wconf 87' lang='lat' dir='ltr'><strong>gaudens,</strong></span> <span class='ocrx_word' id='word_1_216' title='bbox 3324 1511 3536 1581; x_wconf 83' lang='lat' dir='ltr'><strong>gloriﬁ-</strong></span> 
     </span>
    </p>
   </div>
   <div class='ocr_carea' id='block_1_31' title="bbox 1957 1596 3539 1665">
    <p class='ocr_par' dir='ltr' id='par_1_31' title="bbox 1957 1596 3539 1665">
     <span class='ocr_line' id='line_1_31' title="bbox 1957 1596 3539 1665; baseline 0.005 -18"><span class='ocrx_word' id='word_1_217' title='bbox 1957 1609 2107 1655; x_wconf 87' lang='lat' dir='ltr'><strong>cans.</strong></span> <span class='ocrx_word' id='word_1_218' title='bbox 2159 1596 2362 1663; x_wconf 75' lang='lat' dir='ltr'><strong>gratias</strong></span> <span class='ocrx_word' id='word_1_219' title='bbox 2397 1611 2586 1665; x_wconf 82' lang='lat' dir='ltr'><strong>agens.</strong></span> <span class='ocrx_word' id='word_1_220' title='bbox 2620 1598 2811 1652; x_wconf 64' lang='lat' dir='ltr'><strong>Oculos</strong></span> <span class='ocrx_word' id='word_1_221' title='bbox 2838 1598 3087 1655; x_wconf 90' lang='lat' dir='ltr'><strong>omnium</strong></span> <span class='ocrx_word' id='word_1_222' title='bbox 3118 1599 3184 1654; x_wconf 95' lang='lat' dir='ltr'><strong>ad</strong></span> <span class='ocrx_word' id='word_1_223' title='bbox 3218 1616 3278 1655; x_wconf 92' lang='lat' dir='ltr'><strong>se</strong></span> <span class='ocrx_word' id='word_1_224' title='bbox 3307 1617 3539 1657; x_wconf 85' lang='lat' dir='ltr'><strong>conver-</strong></span> 
     </span>
    </p>
   </div>
   <div class='ocr_carea' id='block_1_32' title="bbox 1960 1688 3533 1761">
    <p class='ocr_par' dir='ltr' id='par_1_32' title="bbox 1960 1688 3533 1761">
     <span class='ocr_line' id='line_1_32' title="bbox 1960 1688 3533 1761; baseline 0.004 -21"><span class='ocrx_word' id='word_1_225' title='bbox 1960 1698 2099 1750; x_wconf 86' lang='lat' dir='ltr'><strong>tens,</strong></span> <span class='ocrx_word' id='word_1_226' title='bbox 2131 1688 2268 1742; x_wconf 87' lang='lat' dir='ltr'><strong>adeo</strong></span> <span class='ocrx_word' id='word_1_227' title='bbox 2292 1698 2351 1741; x_wconf 92' lang='lat' dir='ltr'><strong>ut</strong></span> <span class='ocrx_word' id='word_1_228' title='bbox 2390 1689 2641 1742; x_wconf 80' lang='lat' dir='ltr'><strong>nonnulli</strong></span> <span class='ocrx_word' id='word_1_229' title='bbox 2689 1689 3059 1757; x_wconf 79' lang='lat' dir='ltr'><strong>signiﬁcarent</strong></span> <span class='ocrx_word' id='word_1_230' title='bbox 3086 1692 3282 1761; x_wconf 78' lang='lat' dir='ltr'><strong>digito,</strong></span> <span class='ocrx_word' id='word_1_231' title='bbox 3330 1692 3533 1748; x_wconf 87' lang='lat' dir='ltr'><strong>dicen-</strong></span> 
     </span>
    </p>
   </div>
   <div class='ocr_carea' id='block_1_33' title="bbox 1959 1778 3538 1849">
    <p class='ocr_par' dir='ltr' id='par_1_33' title="bbox 1959 1778 3538 1849">
     <span class='ocr_line' id='line_1_33' title="bbox 1959 1778 3538 1849; baseline 0.004 -17"><span class='ocrx_word' id='word_1_232' title='bbox 1959 1788 2078 1833; x_wconf 87' lang='lat' dir='ltr'><strong>tes:</strong></span> <span class='ocrx_word' id='word_1_233' title='bbox 2111 1778 2208 1833; x_wconf 71' lang='lat' dir='ltr'><strong>llic</strong></span> <span class='ocrx_word' id='word_1_234' title='bbox 2242 1792 2347 1846; x_wconf 89' lang='lat' dir='ltr'><strong>est,</strong></span> <span class='ocrx_word' id='word_1_235' title='bbox 2406 1778 2501 1848; x_wconf 83' lang='lat' dir='ltr'><strong>qui</strong></span> <span class='ocrx_word' id='word_1_236' title='bbox 2551 1788 2669 1833; x_wconf 89' lang='lat' dir='ltr'><strong>erat</strong></span> <span class='ocrx_word' id='word_1_237' title='bbox 2700 1780 2995 1849; x_wconf 86' lang='lat' dir='ltr'><strong>aliquando</strong></span> <span class='ocrx_word' id='word_1_238' title='bbox 3046 1796 3241 1838; x_wconf 67' lang='lat' dir='ltr'><strong>caecus.</strong></span> <span class='ocrx_word' id='word_1_239' title='bbox 3278 1783 3392 1838; x_wconf 84' lang='lat' dir='ltr'><strong>Hoc</strong></span> <span class='ocrx_word' id='word_1_240' title='bbox 3430 1783 3538 1838; x_wconf 78' lang='lat' dir='ltr'><strong>fuit</strong></span> 
     </span>
    </p>
   </div>
   <div class='ocr_carea' id='block_1_34' title="bbox 263 1855 1945 1952">
    <p class='ocr_par' dir='ltr' id='par_1_34' title="bbox 263 1855 1929 1952">
     <span class='ocr_line' id='line_1_34' title="bbox 263 1855 1929 1952; baseline 0.003 -24"><span class='ocrx_word' id='word_1_241' title='bbox 263 1874 363 1931; x_wconf 90' lang='grc' dir='ltr'><strong>λου</strong></span> <span class='ocrx_word' id='word_1_242' title='bbox 395 1876 684 1931; x_wconf 83' lang='grc' dir='ltr'>Παταπίου</span> <span class='ocrx_word' id='word_1_243' title='bbox 715 1878 1013 1949; x_wconf 79' lang='grc' dir='ltr'><strong>θαυμάτων</strong></span> <span class='ocrx_word' id='word_1_244' title='bbox 1045 1881 1214 1952; x_wconf 75' lang='grc' dir='ltr'>ἁρχὴ,</span> <span class='ocrx_word' id='word_1_245' title='bbox 1246 1884 1343 1934; x_wconf 75' lang='grc' dir='ltr'>καὶ</span> <span class='ocrx_word' id='word_1_246' title='bbox 1369 1855 1535 1944; x_wconf 38' lang='grc' dir='ltr'>ὀὗτος</span> <span class='ocrx_word' id='word_1_247' title='bbox 1570 1881 1599 1933; x_wconf 97' lang='lat'><strong>6</strong></span> <span class='ocrx_word' id='word_1_248' title='bbox 1646 1855 1854 1951; x_wconf 86' lang='grc' dir='ltr'>τρόπος</span> <span class='ocrx_word' id='word_1_249' title='bbox 1885 1855 1929 1911; x_wconf 68' lang='grc' dir='ltr'>Β</span> 
     </span>
    </p>
   </div>
   <div class='ocr_carea' id='block_1_35' title="bbox 1852 1855 3534 1952">
    <p class='ocr_par' dir='ltr' id='par_1_35' title="bbox 1852 1855 3534 1941">
     <span class='ocr_line' id='line_1_35' title="bbox 1852 1855 3534 1941; baseline 0.006 -20"><span class='ocrx_word' id='word_1_250' title='bbox 1852 1855 2289 1940; x_wconf 72' lang='grc' dir='ltr'>›Βρι·ἱηοίρίυιιι</span> <span class='ocrx_word' id='word_1_251' title='bbox 2346 1872 2523 1941; x_wconf 85' lang='lat' dir='ltr'><strong>magni</strong></span> <span class='ocrx_word' id='word_1_252' title='bbox 2580 1870 2791 1941; x_wconf 84' lang='lat' dir='ltr'><strong>Patapii</strong></span> <span class='ocrx_word' id='word_1_253' title='bbox 2869 1873 3286 1939; x_wconf 87' lang='lat' dir='ltr'><strong>miraculorum,</strong></span> <span class='ocrx_word' id='word_1_254' title='bbox 3338 1883 3395 1930; x_wconf 85' lang='lat' dir='ltr'><strong>et</strong></span> <span class='ocrx_word' id='word_1_255' title='bbox 3445 1877 3534 1931; x_wconf 87' lang='lat' dir='ltr'><strong>hic</strong></span> 
     </span>
    </p>
   </div>
   <div class='ocr_carea' id='block_1_36' title="bbox 260 1967 1856 2045">
    <p class='ocr_par' dir='ltr' id='par_1_36' title="bbox 260 1967 1856 2045">
     <span class='ocr_line' id='line_1_36' title="bbox 260 1967 1856 2045; baseline 0.004 -24"><span class='ocrx_word' id='word_1_256' title='bbox 260 1967 363 2021; x_wconf 76' lang='grc' dir='ltr'><strong>τοῦ</strong></span> <span class='ocrx_word' id='word_1_257' title='bbox 397 1969 474 2040; x_wconf 76' lang='grc' dir='ltr'>μὴ</span> <span class='ocrx_word' id='word_1_258' title='bbox 504 1971 566 2023; x_wconf 83' lang='grc' dir='ltr'>τὸ</span> <span class='ocrx_word' id='word_1_259' title='bbox 597 1971 739 2039; x_wconf 81' lang='grc' dir='ltr'>μέγα</span> <span class='ocrx_word' id='word_1_260' title='bbox 766 1972 865 2042; x_wconf 83' lang='grc' dir='ltr'>τῆς</span> <span class='ocrx_word' id='word_1_261' title='bbox 918 1972 1132 2026; x_wconf 64' lang='grc' dir='ltr'>ἑκείνου</span> <span class='ocrx_word' id='word_1_262' title='bbox 1169 1975 1395 2044; x_wconf 83' lang='grc' dir='ltr'>χάριτος</span> <span class='ocrx_word' id='word_1_263' title='bbox 1428 1974 1547 2043; x_wconf 82' lang='grc' dir='ltr'><strong>φῶς</strong></span> <span class='ocrx_word' id='word_1_264' title='bbox 1604 1974 1856 2045; x_wconf 83' lang='grc' dir='ltr'>ἀμάρτυ-</span> 
     </span>
    </p>
   </div>
   <div class='ocr_carea' id='block_1_37' title="bbox 262 2059 1853 2132">
    <p class='ocr_par' dir='ltr' id='par_1_37' title="bbox 262 2059 1853 2132">
     <span class='ocr_line' id='line_1_37' title="bbox 262 2059 1853 2132; baseline 0.004 -18"><span class='ocrx_word' id='word_1_265' title='bbox 262 2078 362 2132; x_wconf 86' lang='grc' dir='ltr'>ρον</span> <span class='ocrx_word' id='word_1_266' title='bbox 393 2059 535 2116; x_wconf 83' lang='grc' dir='ltr'>εῐναι</span> <span class='ocrx_word' id='word_1_267' title='bbox 589 2067 683 2117; x_wconf 80' lang='grc' dir='ltr'>καὶ</span> <span class='ocrx_word' id='word_1_268' title='bbox 739 2068 852 2129; x_wconf 81' lang='grc' dir='ltr'><strong>τοίς</strong></span> <span class='ocrx_word' id='word_1_269' title='bbox 886 2067 1102 2129; x_wconf 78' lang='grc' dir='ltr'><strong>πολλοῖς</strong></span> <span class='ocrx_word' id='word_1_270' title='bbox 1128 2067 1380 2121; x_wconf 82' lang='grc' dir='ltr'>ἀθέατον.</span> <span class='ocrx_word' id='word_1_271' title='bbox 1432 2066 1691 2121; x_wconf 83' lang='grc' dir='ltr'>Βούλεται</span> <span class='ocrx_word' id='word_1_272' title='bbox 1737 2066 1795 2121; x_wconf 69' lang='grc' dir='ltr'>δὲ</span> <span class='ocrx_word' id='word_1_273' title='bbox 1822 2068 1853 2120; x_wconf 90' lang='lat'><strong>6</strong></span> 
     </span>
    </p>
   </div>
   <div class='ocr_carea' id='block_1_38' title="bbox 262 2152 1851 2229">
    <p class='ocr_par' dir='ltr' id='par_1_38' title="bbox 262 2152 1851 2229">
     <span class='ocr_line' id='line_1_38' title="bbox 262 2152 1851 2229; baseline 0.004 -25"><span class='ocrx_word' id='word_1_274' title='bbox 262 2152 425 2221; x_wconf 80' lang='grc' dir='ltr'>λόγος</span> <span class='ocrx_word' id='word_1_275' title='bbox 459 2155 553 2207; x_wconf 81' lang='grc' dir='ltr'>καὶ</span> <span class='ocrx_word' id='word_1_276' title='bbox 585 2155 776 2224; x_wconf 79' lang='grc' dir='ltr'>ιτερον</span> <span class='ocrx_word' id='word_1_277' title='bbox 823 2158 910 2209; x_wconf 77' lang='grc' dir='ltr'><strong>ἐπ’</strong></span> <span class='ocrx_word' id='word_1_278' title='bbox 963 2156 1116 2227; x_wconf 89' lang='grc' dir='ltr'><strong>αὑτῷ</strong></span> <span class='ocrx_word' id='word_1_279' title='bbox 1163 2158 1509 2229; x_wconf 78' lang='grc' dir='ltr'>προσθεῖναι,</span> <span class='ocrx_word' id='word_1_280' title='bbox 1560 2158 1716 2211; x_wconf 73' lang='grc' dir='ltr'>οὑδδν</span> <span class='ocrx_word' id='word_1_281' title='bbox 1771 2159 1851 2221; x_wconf 84' lang='grc' dir='ltr'><strong>είς</strong></span> 
     </span>
    </p>
   </div>
   <div class='ocr_carea' id='block_1_39' title="bbox 264 2246 1545 2320">
    <p class='ocr_par' dir='ltr' id='par_1_39' title="bbox 264 2246 1545 2320">
     <span class='ocr_line' id='line_1_39' title="bbox 264 2246 1545 2320; baseline 0.004 -23"><span class='ocrx_word' id='word_1_282' title='bbox 264 2246 553 2314; x_wconf 80' lang='grc' dir='ltr'>θαύματος</span> <span class='ocrx_word' id='word_1_283' title='bbox 578 2246 735 2315; x_wconf 87' lang='grc' dir='ltr'>λόγον</span> <span class='ocrx_word' id='word_1_284' title='bbox 768 2246 864 2301; x_wconf 83' lang='grc' dir='ltr'><strong>τοῦ</strong></span> <span class='ocrx_word' id='word_1_285' title='bbox 896 2251 1169 2320; x_wconf 76' lang='grc' dir='ltr'>προτέρου</span> <span class='ocrx_word' id='word_1_286' title='bbox 1200 2248 1545 2318; x_wconf 83' lang='grc' dir='ltr'>λειπόμενον.</span> 
     </span>
    </p>
   </div>
   <div class='ocr_carea' id='block_1_40' title="bbox 336 2337 1851 2413">
    <p class='ocr_par' dir='ltr' id='par_1_40' title="bbox 336 2337 1851 2413">
     <span class='ocr_line' id='line_1_40' title="bbox 336 2337 1851 2413; baseline 0.001 -19"><span class='ocrx_word' id='word_1_287' title='bbox 336 2337 414 2395; x_wconf 74' lang='grc' dir='ltr'>ε’.</span> <span class='ocrx_word' id='word_1_288' title='bbox 466 2341 635 2413; x_wconf 82' lang='grc' dir='ltr'>’Δνήρ</span> <span class='ocrx_word' id='word_1_289' title='bbox 672 2358 758 2406; x_wconf 91' lang='grc' dir='ltr'><strong>τις</strong></span> <span class='ocrx_word' id='word_1_290' title='bbox 790 2344 848 2396; x_wconf 73' lang='grc' dir='ltr'>ιν</span> <span class='ocrx_word' id='word_1_291' title='bbox 878 2343 1194 2408; x_wconf 76' lang='grc' dir='ltr'>Βυζαντίοις</span> <span class='ocrx_word' id='word_1_292' title='bbox 1243 2342 1518 2410; x_wconf 67' lang='grc' dir='ltr'>ἐπίσημος</span> <span class='ocrx_word' id='word_1_293' title='bbox 1569 2340 1744 2412; x_wconf 87' lang='grc' dir='ltr'>ὑδέρῳ</span> <span class='ocrx_word' id='word_1_294' title='bbox 1790 2358 1851 2395; x_wconf 89' lang='grc' dir='ltr'><strong>τε</strong></span> 
     </span>
    </p>
   </div>
   <div class='ocr_carea' id='block_1_41' title="bbox 260 2424 1848 2505">
    <p class='ocr_par' dir='ltr' id='par_1_41' title="bbox 260 2424 1848 2505">
     <span class='ocr_line' id='line_1_41' title="bbox 260 2424 1848 2505; baseline 0.001 -20"><span class='ocrx_word' id='word_1_295' title='bbox 260 2433 469 2503; x_wconf 75' lang='grc' dir='ltr'>εἴχετο,</span> <span class='ocrx_word' id='word_1_296' title='bbox 506 2436 602 2488; x_wconf 74' lang='grc' dir='ltr'>καὶ</span> <span class='ocrx_word' id='word_1_297' title='bbox 630 2433 820 2498; x_wconf 82' lang='grc' dir='ltr'>δεινῶς</span> <span class='ocrx_word' id='word_1_298' title='bbox 847 2435 911 2490; x_wconf 76' lang='grc' dir='ltr'><strong>τὸ</strong></span> <span class='ocrx_word' id='word_1_299' title='bbox 938 2436 1104 2505; x_wconf 86' lang='grc' dir='ltr'>σῶμα</span> <span class='ocrx_word' id='word_1_300' title='bbox 1133 2424 1654 2504; x_wconf 54' lang='grc' dir='ltr'>πεφύσητοζῐιάντα</span> <span class='ocrx_word' id='word_1_301' title='bbox 1684 2435 1742 2488; x_wconf 68' lang='grc' dir='ltr'>δὲ</span> <span class='ocrx_word' id='word_1_302' title='bbox 1778 2435 1848 2487; x_wconf 78' lang='grc' dir='ltr'><strong>τὰ</strong></span> 
     </span>
    </p>
   </div>
   <div class='ocr_carea' id='block_1_42' title="bbox 264 2527 1850 2597">
    <p class='ocr_par' dir='ltr' id='par_1_42' title="bbox 264 2527 1850 2597">
     <span class='ocr_line' id='line_1_42' title="bbox 264 2527 1850 2597; baseline 0 -19"><span class='ocrx_word' id='word_1_303' title='bbox 264 2527 542 2595; x_wconf 80' lang='grc' dir='ltr'>προσόντα</span> <span class='ocrx_word' id='word_1_304' title='bbox 564 2529 643 2589; x_wconf 83' lang='grc' dir='ltr'><strong>είς</strong></span> <span class='ocrx_word' id='word_1_305' title='bbox 676 2527 880 2597; x_wconf 73' lang='grc' dir='ltr'>ἰατρῶν</span> <span class='ocrx_word' id='word_1_306' title='bbox 906 2528 1220 2590; x_wconf 72' lang='grc' dir='ltr'>ἐκκενώσας</span> <span class='ocrx_word' id='word_1_307' title='bbox 1246 2528 1458 2597; x_wconf 82' lang='grc' dir='ltr'>χεῖρας,</span> <span class='ocrx_word' id='word_1_308' title='bbox 1481 2527 1719 2590; x_wconf 74' lang='grc' dir='ltr'>ἐκείνους</span> <span class='ocrx_word' id='word_1_309' title='bbox 1752 2527 1850 2595; x_wconf 72' lang='grc' dir='ltr'><strong>μεν</strong></span> 
     </span>
    </p>
   </div>
   <div class='ocr_carea' id='block_1_43' title="bbox 261 2613 1847 2687">
    <p class='ocr_par' dir='ltr' id='par_1_43' title="bbox 261 2613 1847 2687">
     <span class='ocr_line' id='line_1_43' title="bbox 261 2613 1847 2687; baseline 0.001 -21"><span class='ocrx_word' id='word_1_310' title='bbox 261 2613 478 2685; x_wconf 78' lang='grc' dir='ltr'>ὤνησεν</span> <span class='ocrx_word' id='word_1_311' title='bbox 497 2616 785 2685; x_wconf 73' lang='grc' dir='ltr'>ἀποφήνας</span> <span class='ocrx_word' id='word_1_312' title='bbox 814 2615 1251 2685; x_wconf 80' lang='grc' dir='ltr'>εὐπορωτέρους,</span> <span class='ocrx_word' id='word_1_313' title='bbox 1290 2618 1486 2669; x_wconf 72' lang='grc' dir='ltr'>ἑαυτὸν</span> <span class='ocrx_word' id='word_1_314' title='bbox 1530 2616 1584 2668; x_wconf 79' lang='grc' dir='ltr'>δὲ</span> <span class='ocrx_word' id='word_1_315' title='bbox 1615 2617 1752 2686; x_wconf 84' lang='grc' dir='ltr'>πρὸς</span> <span class='ocrx_word' id='word_1_316' title='bbox 1780 2618 1847 2687; x_wconf 77' lang='grc' dir='ltr'>τῇ</span> 
     </span>
    </p>
   </div>
   <div class='ocr_carea' id='block_1_44' title="bbox 263 2703 1846 2779">
    <p class='ocr_par' dir='ltr' id='par_1_44' title="bbox 263 2703 1846 2779">
     <span class='ocr_line' id='line_1_44' title="bbox 263 2703 1846 2779; baseline 0.004 -22"><span class='ocrx_word' id='word_1_317' title='bbox 263 2703 427 2775; x_wconf 71' lang='grc' dir='ltr'>ὑγεία</span> <span class='ocrx_word' id='word_1_318' title='bbox 452 2706 550 2759; x_wconf 83' lang='grc' dir='ltr'>καὶ</span> <span class='ocrx_word' id='word_1_319' title='bbox 575 2706 675 2777; x_wconf 80' lang='grc' dir='ltr'><strong>τὴν</strong></span> <span class='ocrx_word' id='word_1_320' title='bbox 697 2706 888 2760; x_wconf 85' lang='grc' dir='ltr'>οὑσίαν</span> <span class='ocrx_word' id='word_1_321' title='bbox 912 2706 1285 2761; x_wconf 77' lang='grc' dir='ltr'>ἁποόαλέσθαι</span> <span class='ocrx_word' id='word_1_322' title='bbox 1308 2707 1634 2779; x_wconf 83' lang='grc' dir='ltr'>πεποίηκεν.</span> <span class='ocrx_word' id='word_1_323' title='bbox 1658 2707 1846 2775; x_wconf 77' lang='grc' dir='ltr'>Οὗτος,</span> 
     </span>
    </p>
   </div>
   <div class='ocr_carea' id='block_1_45' title="bbox 261 2796 1846 2870">
    <p class='ocr_par' dir='ltr' id='par_1_45' title="bbox 261 2796 1846 2870">
     <span class='ocr_line' id='line_1_45' title="bbox 261 2796 1846 2870; baseline 0.004 -21"><span class='ocrx_word' id='word_1_324' title='bbox 261 2796 375 2851; x_wconf 82' lang='grc' dir='ltr'><strong>τῶν</strong></span> <span class='ocrx_word' id='word_1_325' title='bbox 402 2798 505 2867; x_wconf 70' lang='grc' dir='ltr'>μιν</span> <span class='ocrx_word' id='word_1_326' title='bbox 541 2801 837 2867; x_wconf 57' lang='grc' dir='ltr'>ἀπογνοξς,</span> <span class='ocrx_word' id='word_1_327' title='bbox 868 2799 962 2870; x_wconf 63' lang='grc' dir='ltr'>τὴν</span> <span class='ocrx_word' id='word_1_328' title='bbox 1009 2800 1066 2853; x_wconf 70' lang='grc' dir='ltr'>δὲ</span> <span class='ocrx_word' id='word_1_329' title='bbox 1097 2799 1375 2870; x_wconf 76' lang='grc' dir='ltr'>σωτηρίαν</span> <span class='ocrx_word' id='word_1_330' title='bbox 1402 2801 1501 2870; x_wconf 83' lang='grc' dir='ltr'>τῆς</span> <span class='ocrx_word' id='word_1_331' title='bbox 1531 2802 1738 2855; x_wconf 75' lang='grc' dir='ltr'>ἄνωθέν</span> <span class='ocrx_word' id='word_1_332' title='bbox 1787 2820 1846 2855; x_wconf 88' lang='grc' dir='ltr'>τε</span> 
     </span>
    </p>
   </div>
   <div class='ocr_carea' id='block_1_46' title="bbox 266 2890 1851 2963">
    <p class='ocr_par' dir='ltr' id='par_1_46' title="bbox 266 2890 1851 2963">
     <span class='ocr_line' id='line_1_46' title="bbox 266 2890 1851 2963; baseline 0.004 -22"><span class='ocrx_word' id='word_1_333' title='bbox 266 2890 443 2959; x_wconf 65' lang='grc' dir='ltr'>ῥοπῆς</span> <span class='ocrx_word' id='word_1_334' title='bbox 468 2890 565 2943; x_wconf 67' lang='grc' dir='ltr'>καὶ</span> <span class='ocrx_word' id='word_1_335' title='bbox 588 2891 686 2960; x_wconf 84' lang='grc' dir='ltr'>τῆς</span> <span class='ocrx_word' id='word_1_336' title='bbox 704 2890 801 2944; x_wconf 79' lang='grc' dir='ltr'><strong>τοῦ</strong></span> <span class='ocrx_word' id='word_1_337' title='bbox 838 2892 1079 2960; x_wconf 78' lang='grc' dir='ltr'>μεγάλου</span> <span class='ocrx_word' id='word_1_338' title='bbox 1110 2893 1441 2962; x_wconf 70' lang='grc' dir='ltr'>ἀπαρτήσας</span> <span class='ocrx_word' id='word_1_339' title='bbox 1478 2894 1668 2962; x_wconf 68' lang='grc' dir='ltr'>εὐχῆς,</span> <span class='ocrx_word' id='word_1_340' title='bbox 1695 2894 1851 2963; x_wconf 74' lang='grc' dir='ltr'>ἑρκε-</span> 
     </span>
    </p>
   </div>
   <div class='ocr_carea' id='block_1_47' title="bbox 266 2981 1849 3054">
    <p class='ocr_par' dir='ltr' id='par_1_47' title="bbox 266 2981 1849 3054">
     <span class='ocr_line' id='line_1_47' title="bbox 266 2981 1849 3054; baseline 0.004 -21"><span class='ocrx_word' id='word_1_341' title='bbox 266 2996 359 3033; x_wconf 86' lang='grc' dir='ltr'><strong>ται</strong></span> <span class='ocrx_word' id='word_1_342' title='bbox 392 2981 528 3049; x_wconf 87' lang='grc' dir='ltr'>παρ’</span> <span class='ocrx_word' id='word_1_343' title='bbox 556 2982 747 3046; x_wconf 75' lang='grc' dir='ltr'>αὑτὸν,</span> <span class='ocrx_word' id='word_1_344' title='bbox 782 2984 879 3036; x_wconf 81' lang='grc' dir='ltr'>καὶ</span> <span class='ocrx_word' id='word_1_345' title='bbox 902 2983 1145 3038; x_wconf 78' lang='grc' dir='ltr'>δείκνυσι</span> <span class='ocrx_word' id='word_1_346' title='bbox 1177 2982 1273 3035; x_wconf 84' lang='grc' dir='ltr'><strong>τοῦ</strong></span> <span class='ocrx_word' id='word_1_347' title='bbox 1317 2983 1525 3047; x_wconf 78' lang='grc' dir='ltr'>πάθους</span> <span class='ocrx_word' id='word_1_348' title='bbox 1562 2985 1662 3054; x_wconf 79' lang='grc' dir='ltr'>τὴν</span> <span class='ocrx_word' id='word_1_349' title='bbox 1691 2988 1849 3054; x_wconf 79' lang='grc' dir='ltr'>χαλε-</span> 
     </span>
    </p>
   </div>
   <div class='ocr_carea' id='block_1_48' title="bbox 268 3072 1844 3144">
    <p class='ocr_par' dir='ltr' id='par_1_48' title="bbox 268 3072 1844 3144">
     <span class='ocr_line' id='line_1_48' title="bbox 268 3072 1844 3144; baseline 0.003 -20"><span class='ocrx_word' id='word_1_350' title='bbox 268 3074 505 3142; x_wconf 78' lang='grc' dir='ltr'>πότητα,</span> <span class='ocrx_word' id='word_1_351' title='bbox 549 3075 649 3142; x_wconf 82' lang='grc' dir='ltr'>τὴν</span> <span class='ocrx_word' id='word_1_352' title='bbox 682 3072 992 3144; x_wconf 87' lang='grc' dir='ltr'>δριμύτητά</span> <span class='ocrx_word' id='word_1_353' title='bbox 1034 3090 1093 3127; x_wconf 84' lang='grc' dir='ltr'><strong>τε</strong></span> <span class='ocrx_word' id='word_1_354' title='bbox 1136 3072 1245 3125; x_wconf 86' lang='grc' dir='ltr'><strong>τῶν</strong></span> <span class='ocrx_word' id='word_1_355' title='bbox 1267 3072 1474 3127; x_wconf 79' lang='grc' dir='ltr'>ὀδυνῶν</span> <span class='ocrx_word' id='word_1_356' title='bbox 1505 3074 1844 3142; x_wconf 80' lang='grc' dir='ltr'>ἐξαγγέλλει.</span> 
     </span>
    </p>
   </div>
   <div class='ocr_carea' id='block_1_49' title="bbox 282 3163 1918 3247">
    <p class='ocr_par' dir='ltr' id='par_1_49' title="bbox 282 3163 1918 3247">
     <span class='ocr_line' id='line_1_49' title="bbox 282 3163 1918 3247; baseline -0.001 -28"><span class='ocrx_word' id='word_1_357' title='bbox 282 3163 344 3219; x_wconf 85' lang='grc' dir='ltr'>ὀ</span> <span class='ocrx_word' id='word_1_358' title='bbox 374 3165 455 3230; x_wconf 77' lang='grc' dir='ltr'><strong>δι,</strong></span> <span class='ocrx_word' id='word_1_359' title='bbox 484 3168 721 3236; x_wconf 78' lang='grc' dir='ltr'>πρᾶγμα</span> <span class='ocrx_word' id='word_1_360' title='bbox 754 3167 943 3219; x_wconf 82' lang='grc' dir='ltr'>καινὸν</span> <span class='ocrx_word' id='word_1_361' title='bbox 978 3165 1102 3219; x_wconf 81' lang='grc' dir='ltr'>ίδὼν</span> <span class='ocrx_word' id='word_1_362' title='bbox 1129 3168 1224 3219; x_wconf 75' lang='grc' dir='ltr'>καὶ</span> <span class='ocrx_word' id='word_1_363' title='bbox 1248 3165 1490 3234; x_wconf 70' lang='grc' dir='ltr'>οἰκτρὸν,</span> <span class='ocrx_word' id='word_1_364' title='bbox 1543 3166 1721 3237; x_wconf 83' lang='grc' dir='ltr'>δέρμα</span> <span class='ocrx_word' id='word_1_365' title='bbox 1747 3167 1847 3237; x_wconf 83' lang='grc' dir='ltr'>μὲν</span> <span class='ocrx_word' id='word_1_366' title='bbox 1876 3189 1918 3247; x_wconf 75' lang='lat' dir='ltr'><strong>C</strong></span> 
     </span>
    </p>
   </div>
   <div class='ocr_carea' id='block_1_50' title="bbox 268 3254 1844 3325">
    <p class='ocr_par' dir='ltr' id='par_1_50' title="bbox 268 3254 1844 3325">
     <span class='ocr_line' id='line_1_50' title="bbox 268 3254 1844 3325; baseline -0.001 -16"><span class='ocrx_word' id='word_1_367' title='bbox 268 3258 449 3309; x_wconf 75' lang='grc' dir='ltr'>ικείνο</span> <span class='ocrx_word' id='word_1_368' title='bbox 489 3254 768 3324; x_wconf 76' lang='grc' dir='ltr'>διῳδηκὼς</span> <span class='ocrx_word' id='word_1_369' title='bbox 816 3254 874 3307; x_wconf 79' lang='grc' dir='ltr'>ὃν</span> <span class='ocrx_word' id='word_1_370' title='bbox 917 3256 1011 3307; x_wconf 79' lang='grc' dir='ltr'>καὶ</span> <span class='ocrx_word' id='word_1_371' title='bbox 1066 3254 1244 3325; x_wconf 79' lang='grc' dir='ltr'>φύσης</span> <span class='ocrx_word' id='word_1_372' title='bbox 1292 3254 1602 3321; x_wconf 83' lang='grc' dir='ltr'>ὑπόπλεων,</span> <span class='ocrx_word' id='word_1_373' title='bbox 1658 3257 1750 3309; x_wconf 85' lang='grc' dir='ltr'>τὸν</span> <span class='ocrx_word' id='word_1_374' title='bbox 1788 3257 1844 3308; x_wconf 71' lang='grc' dir='ltr'>δι</span> 
     </span>
    </p>
   </div>
   <div class='ocr_carea' id='block_1_51' title="bbox 264 3346 1847 3418">
    <p class='ocr_par' dir='ltr' id='par_1_51' title="bbox 264 3346 1847 3418">
     <span class='ocr_line' id='line_1_51' title="bbox 264 3346 1847 3418; baseline -0.001 -17"><span class='ocrx_word' id='word_1_375' title='bbox 264 3348 432 3415; x_wconf 78' lang='grc' dir='ltr'>δγκον</span> <span class='ocrx_word' id='word_1_376' title='bbox 453 3348 629 3401; x_wconf 77' lang='grc' dir='ltr'>διόλου</span> <span class='ocrx_word' id='word_1_377' title='bbox 665 3347 1038 3418; x_wconf 81' lang='grc' dir='ltr'>διαδραμόντα</span> <span class='ocrx_word' id='word_1_378' title='bbox 1083 3346 1173 3400; x_wconf 85' lang='grc' dir='ltr'>τοῦ</span> <span class='ocrx_word' id='word_1_379' title='bbox 1203 3349 1481 3416; x_wconf 81' lang='grc' dir='ltr'>σώματος,</span> <span class='ocrx_word' id='word_1_380' title='bbox 1512 3346 1759 3418; x_wconf 64' lang='grc' dir='ltr'>ἔμψυχον</span> <span class='ocrx_word' id='word_1_381' title='bbox 1790 3346 1847 3401; x_wconf 77' lang='grc' dir='ltr'><strong>δέ</strong></span> 
     </span>
    </p>
   </div>
   <div class='ocr_carea' id='block_1_52' title="bbox 266 3437 1847 3515">
    <p class='ocr_par' dir='ltr' id='par_1_52' title="bbox 266 3437 1847 3515">
     <span class='ocr_line' id='line_1_52' title="bbox 266 3437 1847 3515; baseline 0.003 -23"><span class='ocrx_word' id='word_1_382' title='bbox 266 3458 388 3496; x_wconf 87' lang='grc' dir='ltr'>τινα</span> <span class='ocrx_word' id='word_1_383' title='bbox 416 3445 589 3513; x_wconf 80' lang='grc' dir='ltr'>τάφον</span> <span class='ocrx_word' id='word_1_384' title='bbox 621 3444 813 3515; x_wconf 84' lang='grc' dir='ltr'>ῶσπερ</span> <span class='ocrx_word' id='word_1_385' title='bbox 855 3444 949 3497; x_wconf 79' lang='grc' dir='ltr'><strong>τὸν</strong></span> <span class='ocrx_word' id='word_1_386' title='bbox 977 3442 1290 3514; x_wconf 77' lang='grc' dir='ltr'>ἄνθρωπον,</span> <span class='ocrx_word' id='word_1_387' title='bbox 1355 3437 1538 3496; x_wconf 79' lang='grc' dir='ltr'>οἶκτον</span> <span class='ocrx_word' id='word_1_388' title='bbox 1578 3441 1847 3512; x_wconf 80' lang='grc' dir='ltr'>λαμσάνει</span> 
     </span>
    </p>
   </div>
   <div class='ocr_carea' id='block_1_53' title="bbox 264 3533 1847 3609">
    <p class='ocr_par' dir='ltr' id='par_1_53' title="bbox 264 3533 1847 3609">
     <span class='ocr_line' id='line_1_53' title="bbox 264 3533 1847 3609; baseline 0.002 -25"><span class='ocrx_word' id='word_1_389' title='bbox 264 3535 367 3602; x_wconf 81' lang='grc' dir='ltr'>τῆς</span> <span class='ocrx_word' id='word_1_390' title='bbox 415 3538 727 3609; x_wconf 73' lang='grc' dir='ltr'>συμφορᾶς.</span> <span class='ocrx_word' id='word_1_391' title='bbox 788 3536 899 3588; x_wconf 71' lang='grc' dir='ltr'><strong>Καὶ</strong></span> <span class='ocrx_word' id='word_1_392' title='bbox 959 3537 1109 3605; x_wconf 69' lang='grc' dir='ltr'>τρισὶ</span> <span class='ocrx_word' id='word_1_393' title='bbox 1167 3536 1381 3598; x_wconf 81' lang='grc' dir='ltr'>τούτοις</span> <span class='ocrx_word' id='word_1_394' title='bbox 1448 3533 1651 3605; x_wconf 84' lang='grc' dir='ltr'>χρῆται</span> <span class='ocrx_word' id='word_1_395' title='bbox 1712 3536 1847 3605; x_wconf 71' lang='grc' dir='ltr'>πρδς</span> 
     </span>
    </p>
   </div>
   <div class='ocr_carea' id='block_1_54' title="bbox 265 3623 1848 3696">
    <p class='ocr_par' dir='ltr' id='par_1_54' title="bbox 265 3623 1848 3696">
     <span class='ocr_line' id='line_1_54' title="bbox 265 3623 1848 3696; baseline 0.001 -21"><span class='ocrx_word' id='word_1_396' title='bbox 265 3623 587 3693; x_wconf 75' lang='grc' dir='ltr'>θεραπείαν,</span> <span class='ocrx_word' id='word_1_397' title='bbox 622 3628 780 3696; x_wconf 79' lang='grc' dir='ltr'>εὐχῇ,</span> <span class='ocrx_word' id='word_1_398' title='bbox 814 3628 905 3679; x_wconf 79' lang='grc' dir='ltr'>καὶ</span> <span class='ocrx_word' id='word_1_399' title='bbox 951 3625 1193 3694; x_wconf 84' lang='grc' dir='ltr'>σταυρῷ,</span> <span class='ocrx_word' id='word_1_400' title='bbox 1228 3626 1323 3678; x_wconf 74' lang='grc' dir='ltr'>καὶ</span> <span class='ocrx_word' id='word_1_401' title='bbox 1346 3625 1619 3695; x_wconf 82' lang='grc' dir='ltr'>δάκρυσι·</span> <span class='ocrx_word' id='word_1_402' title='bbox 1653 3627 1719 3694; x_wconf 76' lang='grc' dir='ltr'>τῇ</span> <span class='ocrx_word' id='word_1_403' title='bbox 1747 3624 1848 3693; x_wconf 76' lang='grc' dir='ltr'>μὲν</span> 
     </span>
    </p>
   </div>
   <div class='ocr_carea' id='block_1_55' title="bbox 261 3709 1846 3788">
    <p class='ocr_par' dir='ltr' id='par_1_55' title="bbox 261 3709 1846 3788">
     <span class='ocr_line' id='line_1_55' title="bbox 261 3709 1846 3788; baseline -0.002 -18"><span class='ocrx_word' id='word_1_404' title='bbox 261 3716 340 3780; x_wconf 76' lang='grc' dir='ltr'><strong>ὡς</strong></span> <span class='ocrx_word' id='word_1_405' title='bbox 374 3719 679 3787; x_wconf 78' lang='grc' dir='ltr'>φαρμάκῳ,</span> <span class='ocrx_word' id='word_1_406' title='bbox 707 3719 786 3787; x_wconf 85' lang='grc' dir='ltr'>τῷ</span> <span class='ocrx_word' id='word_1_407' title='bbox 819 3718 878 3771; x_wconf 75' lang='grc' dir='ltr'>δι</span> <span class='ocrx_word' id='word_1_408' title='bbox 905 3717 981 3781; x_wconf 86' lang='grc' dir='ltr'><strong>ῶς</strong></span> <span class='ocrx_word' id='word_1_409' title='bbox 1014 3718 1251 3788; x_wconf 87' lang='grc' dir='ltr'>όργάνῳ,</span> <span class='ocrx_word' id='word_1_410' title='bbox 1285 3709 1329 3785; x_wconf 84' lang='grc' dir='ltr'>ᾧ</span> <span class='ocrx_word' id='word_1_411' title='bbox 1370 3716 1464 3770; x_wconf 81' lang='grc' dir='ltr'>καὶ</span> <span class='ocrx_word' id='word_1_412' title='bbox 1488 3717 1557 3770; x_wconf 77' lang='grc' dir='ltr'><strong>τά</strong></span> <span class='ocrx_word' id='word_1_413' title='bbox 1587 3716 1719 3786; x_wconf 78' lang='grc' dir='ltr'>περὶ</span> <span class='ocrx_word' id='word_1_414' title='bbox 1748 3714 1846 3787; x_wconf 72' lang='grc' dir='ltr'>τὴν</span> 
     </span>
    </p>
   </div>
   <div class='ocr_carea' id='block_1_56' title="bbox 265 3808 1841 3881">
    <p class='ocr_par' dir='ltr' id='par_1_56' title="bbox 265 3808 1841 3881">
     <span class='ocr_line' id='line_1_56' title="bbox 265 3808 1841 3881; baseline 0 -20"><span class='ocrx_word' id='word_1_415' title='bbox 265 3811 516 3879; x_wconf 80' lang='grc' dir='ltr'>γαστέρα</span> <span class='ocrx_word' id='word_1_416' title='bbox 576 3814 758 3865; x_wconf 88' lang='grc' dir='ltr'>πάντα</span> <span class='ocrx_word' id='word_1_417' title='bbox 811 3812 1129 3881; x_wconf 78' lang='grc' dir='ltr'>σφραγίζει.</span> <span class='ocrx_word' id='word_1_418' title='bbox 1181 3812 1298 3873; x_wconf 80' lang='grc' dir='ltr'>τοῖς</span> <span class='ocrx_word' id='word_1_419' title='bbox 1330 3809 1387 3863; x_wconf 69' lang='grc' dir='ltr'>δὲ</span> <span class='ocrx_word' id='word_1_420' title='bbox 1437 3808 1515 3872; x_wconf 82' lang='grc' dir='ltr'>ὡς</span> <span class='ocrx_word' id='word_1_421' title='bbox 1551 3810 1841 3880; x_wconf 67' lang='grc' dir='ltr'>χρίσμιισι.</span> 
     </span>
    </p>
   </div>
   <div class='ocr_carea' id='block_1_57' title="bbox 267 3899 1841 3973">
    <p class='ocr_par' dir='ltr' id='par_1_57' title="bbox 267 3899 1841 3973">
     <span class='ocr_line' id='line_1_57' title="bbox 267 3899 1841 3973; baseline -0.001 -21"><span class='ocrx_word' id='word_1_422' title='bbox 267 3899 454 3953; x_wconf 81' lang='grc' dir='ltr'>Ταῦτα</span> <span class='ocrx_word' id='word_1_423' title='bbox 488 3919 597 3973; x_wconf 85' lang='grc' dir='ltr'><strong>γαρ</strong></span> <span class='ocrx_word' id='word_1_424' title='bbox 652 3903 817 3971; x_wconf 80' lang='grc' dir='ltr'>ἐλαίῳ</span> <span class='ocrx_word' id='word_1_425' title='bbox 850 3900 1153 3971; x_wconf 80' lang='grc' dir='ltr'>συμμίξας,</span> <span class='ocrx_word' id='word_1_426' title='bbox 1186 3902 1247 3951; x_wconf 85' lang='grc' dir='ltr'>τὸ</span> <span class='ocrx_word' id='word_1_427' title='bbox 1296 3900 1458 3968; x_wconf 87' lang='grc' dir='ltr'>σῶμα</span> <span class='ocrx_word' id='word_1_428' title='bbox 1490 3900 1841 3969; x_wconf 79' lang='grc' dir='ltr'>κατέχρισεν,</span> 
     </span>
    </p>
   </div>
   <div class='ocr_carea' id='block_1_58' title="bbox 263 3982 1845 4058">
    <p class='ocr_par' dir='ltr' id='par_1_58' title="bbox 263 3982 1845 4058">
     <span class='ocr_line' id='line_1_58' title="bbox 263 3982 1845 4058; baseline 0.001 -21"><span class='ocrx_word' id='word_1_429' title='bbox 263 3982 389 4039; x_wconf 86' lang='grc' dir='ltr'>είτα</span> <span class='ocrx_word' id='word_1_430' title='bbox 443 3989 537 4040; x_wconf 80' lang='grc' dir='ltr'>καὶ</span> <span class='ocrx_word' id='word_1_431' title='bbox 590 3989 651 4040; x_wconf 83' lang='grc' dir='ltr'>τὸ</span> <span class='ocrx_word' id='word_1_432' title='bbox 684 3990 1014 4043; x_wconf 81' lang='grc' dir='ltr'>Δεσποτικὺν</span> <span class='ocrx_word' id='word_1_433' title='bbox 1066 3987 1276 4058; x_wconf 72' lang='grc' dir='ltr'>έπάσας</span> <span class='ocrx_word' id='word_1_434' title='bbox 1328 3985 1477 4056; x_wconf 87' lang='grc' dir='ltr'>αὑτῷ</span> <span class='ocrx_word' id='word_1_435' title='bbox 1529 3986 1721 4056; x_wconf 75' lang='grc' dir='ltr'>ὄνομα,</span> <span class='ocrx_word' id='word_1_436' title='bbox 1753 3988 1845 4039; x_wconf 75' lang='grc' dir='ltr'>καὶ</span> 
     </span>
    </p>
   </div>
   <div class='ocr_carea' id='block_1_59' title="bbox 262 4064 1843 4147">
    <p class='ocr_par' dir='ltr' id='par_1_59' title="bbox 262 4064 1843 4147">
     <span class='ocr_line' id='line_1_59' title="bbox 262 4064 1843 4147; baseline -0.002 -19"><span class='ocrx_word' id='word_1_437' title='bbox 262 4064 434 4129; x_wconf 76' lang='grc' dir='ltr'>ε’ίπών</span> <span class='ocrx_word' id='word_1_438' title='bbox 460 4095 476 4108; x_wconf 77' lang='grc' dir='ltr'>ο</span> <span class='ocrx_word' id='word_1_439' title='bbox 522 4076 731 4147; x_wconf 79' lang='grc' dir='ltr'>Ἰησοῦς</span> <span class='ocrx_word' id='word_1_440' title='bbox 771 4078 1029 4147; x_wconf 78' lang='grc' dir='ltr'>Χριστὸς,</span> <span class='ocrx_word' id='word_1_441' title='bbox 1057 4079 1085 4130; x_wconf 91' lang='lat'><strong>6</strong></span> <span class='ocrx_word' id='word_1_442' title='bbox 1120 4079 1213 4131; x_wconf 75' lang='grc' dir='ltr'>καὶ</span> <span class='ocrx_word' id='word_1_443' title='bbox 1251 4077 1384 4146; x_wconf 74' lang='grc' dir='ltr'>πρὶν</span> <span class='ocrx_word' id='word_1_444' title='bbox 1425 4074 1504 4145; x_wconf 84' lang='grc' dir='ltr'>τῷ</span> <span class='ocrx_word' id='word_1_445' title='bbox 1564 4074 1843 4145; x_wconf 78' lang='grc' dir='ltr'>ὑδεριῶντι</span> 
     </span>
    </p>
   </div>
   <div class='ocr_carea' id='block_1_60' title="bbox 263 4165 1842 4239">
    <p class='ocr_par' dir='ltr' id='par_1_60' title="bbox 263 4165 1842 4239">
     <span class='ocr_line' id='line_1_60' title="bbox 263 4165 1842 4239; baseline -0.001 -21"><span class='ocrx_word' id='word_1_446' title='bbox 263 4167 366 4235; x_wconf 74' lang='grc' dir='ltr'>τὴν</span> <span class='ocrx_word' id='word_1_447' title='bbox 405 4168 548 4220; x_wconf 84' lang='grc' dir='ltr'>ίασιν</span> <span class='ocrx_word' id='word_1_448' title='bbox 610 4170 1053 4239; x_wconf 81' lang='grc' dir='ltr'>παρασχόμενος,</span> <span class='ocrx_word' id='word_1_449' title='bbox 1092 4169 1255 4229; x_wconf 76' lang='grc' dir='ltr'>αὑτὸς</span> <span class='ocrx_word' id='word_1_450' title='bbox 1306 4169 1401 4220; x_wconf 72' lang='grc' dir='ltr'>καὶ</span> <span class='ocrx_word' id='word_1_451' title='bbox 1433 4166 1494 4219; x_wconf 65' lang='grc' dir='ltr'><strong>σε</strong></span> <span class='ocrx_word' id='word_1_452' title='bbox 1541 4165 1635 4217; x_wconf 87' lang='grc' dir='ltr'>νῦν</span> <span class='ocrx_word' id='word_1_453' title='bbox 1672 4166 1842 4225; x_wconf 74' lang='grc' dir='ltr'>ἰᾶται.</span> 
     </span>
    </p>
   </div>
   <div class='ocr_carea' id='block_1_61' title="bbox 265 4252 1842 4327">
    <p class='ocr_par' dir='ltr' id='par_1_61' title="bbox 265 4252 1842 4327">
     <span class='ocr_line' id='line_1_61' title="bbox 265 4252 1842 4327; baseline -0.004 -17"><span class='ocrx_word' id='word_1_454' title='bbox 265 4258 361 4309; x_wconf 78' lang='grc' dir='ltr'>καὶ</span> <span class='ocrx_word' id='word_1_455' title='bbox 424 4256 523 4327; x_wconf 78' lang='grc' dir='ltr'>τῆς</span> <span class='ocrx_word' id='word_1_456' title='bbox 584 4258 882 4326; x_wconf 73' lang='grc' dir='ltr'>πεζούσης</span> <span class='ocrx_word' id='word_1_457' title='bbox 914 4257 1198 4327; x_wconf 74' lang='grc' dir='ltr'>ιλευθεροί</span> <span class='ocrx_word' id='word_1_458' title='bbox 1245 4257 1529 4325; x_wconf 83' lang='grc' dir='ltr'>μάστιγος.</span> <span class='ocrx_word' id='word_1_459' title='bbox 1579 4253 1747 4305; x_wconf 78' lang='grc' dir='ltr'>Τοῦτο</span> <span class='ocrx_word' id='word_1_460' title='bbox 1777 4252 1842 4321; x_wconf 75' lang='grc' dir='ltr'>δὴ</span> 
     </span>
    </p>
   </div>
   <div class='ocr_carea' id='block_1_62' title="bbox 262 4338 1842 4419">
    <p class='ocr_par' dir='ltr' id='par_1_62' title="bbox 262 4338 1842 4419">
     <span class='ocr_line' id='line_1_62' title="bbox 262 4338 1842 4419; baseline -0.005 -19"><span class='ocrx_word' id='word_1_461' title='bbox 262 4347 512 4410; x_wconf 72' lang='grc' dir='ltr'>εἰπόντος</span> <span class='ocrx_word' id='word_1_462' title='bbox 540 4348 729 4409; x_wconf 84' lang='grc' dir='ltr'>αὑτοῦ,</span> <span class='ocrx_word' id='word_1_463' title='bbox 761 4347 1076 4419; x_wconf 73' lang='grc' dir='ltr'>παραυτίκα</span> <span class='ocrx_word' id='word_1_464' title='bbox 1102 4348 1152 4399; x_wconf 75' lang='grc' dir='ltr'><strong>οι</strong></span> <span class='ocrx_word' id='word_1_465' title='bbox 1178 4347 1278 4416; x_wconf 77' lang='grc' dir='ltr'>μὲν</span> <span class='ocrx_word' id='word_1_466' title='bbox 1310 4345 1502 4413; x_wconf 80' lang='grc' dir='ltr'>δεσμοὶ</span> <span class='ocrx_word' id='word_1_467' title='bbox 1525 4340 1634 4396; x_wconf 78' lang='grc' dir='ltr'><strong>τῶν</strong></span> <span class='ocrx_word' id='word_1_468' title='bbox 1658 4338 1842 4409; x_wconf 85' lang='grc' dir='ltr'>ὑγρῶν</span> 
     </span>
    </p>
   </div>
   <div class='ocr_carea' id='block_1_63' title="bbox 261 4431 1842 4511">
    <p class='ocr_par' dir='ltr' id='par_1_63' title="bbox 261 4431 1842 4511">
     <span class='ocr_line' id='line_1_63' title="bbox 261 4431 1842 4511; baseline -0.005 -20"><span class='ocrx_word' id='word_1_469' title='bbox 261 4438 365 4507; x_wconf 85' lang='grc' dir='ltr'>τῆς</span> <span class='ocrx_word' id='word_1_470' title='bbox 418 4439 625 4501; x_wconf 84' lang='grc' dir='ltr'>κοιλίας</span> <span class='ocrx_word' id='word_1_471' title='bbox 672 4441 1001 4511; x_wconf 71' lang='grc' dir='ltr'>ὲμφράξεων</span> <span class='ocrx_word' id='word_1_472' title='bbox 1049 4436 1346 4501; x_wconf 87' lang='grc' dir='ltr'>διελύοντο,</span> <span class='ocrx_word' id='word_1_473' title='bbox 1403 4435 1454 4488; x_wconf 77' lang='lat' dir='ltr'><strong>oi</strong></span> <span class='ocrx_word' id='word_1_474' title='bbox 1504 4433 1564 4485; x_wconf 75' lang='grc' dir='ltr'>δὲ</span> <span class='ocrx_word' id='word_1_475' title='bbox 1619 4431 1842 4503; x_wconf 79' lang='grc' dir='ltr'>φυσικοὶ</span> 
     </span>
    </p>
   </div>
   <div class='ocr_carea' id='block_1_64' title="bbox 1959 1963 3530 2035">
    <p class='ocr_par' dir='ltr' id='par_1_64' title="bbox 1959 1963 3530 2035">
     <span class='ocr_line' id='line_1_64' title="bbox 1959 1963 3530 2035; baseline 0.004 -19"><span class='ocrx_word' id='word_1_476' title='bbox 1959 1963 2175 2029; x_wconf 84' lang='lat' dir='ltr'><strong>modus,</strong></span> <span class='ocrx_word' id='word_1_477' title='bbox 2205 1980 2272 2019; x_wconf 92' lang='lat' dir='ltr'><strong>ne</strong></span> <span class='ocrx_word' id='word_1_478' title='bbox 2304 1980 2558 2035; x_wconf 85' lang='lat' dir='ltr'><strong>magnum</strong></span> <span class='ocrx_word' id='word_1_479' title='bbox 2590 1965 2775 2020; x_wconf 88' lang='lat' dir='ltr'><strong>lumen</strong></span> <span class='ocrx_word' id='word_1_480' title='bbox 2802 1966 2953 2027; x_wconf 84' lang='lat' dir='ltr'><strong>illius</strong></span> <span class='ocrx_word' id='word_1_481' title='bbox 2980 1967 3169 2035; x_wconf 73' lang='lat' dir='ltr'><strong>gratia:</strong></span> <span class='ocrx_word' id='word_1_482' title='bbox 3215 1978 3369 2023; x_wconf 86' lang='lat' dir='ltr'><strong>esset</strong></span> <span class='ocrx_word' id='word_1_483' title='bbox 3408 1970 3530 2025; x_wconf 86' lang='lat' dir='ltr'><strong>sine</strong></span> 
     </span>
    </p>
   </div>
   <div class='ocr_carea' id='block_1_65' title="bbox 1956 2058 3532 2117">
    <p class='ocr_par' dir='ltr' id='par_1_65' title="bbox 1956 2058 3532 2117">
     <span class='ocr_line' id='line_1_65' title="bbox 1956 2058 3532 2117; baseline 0.004 -10"><span class='ocrx_word' id='word_1_484' title='bbox 1956 2062 2117 2117; x_wconf 85' lang='lat' dir='ltr'><strong>teste,</strong></span> <span class='ocrx_word' id='word_1_485' title='bbox 2143 2062 2199 2108; x_wconf 90' lang='lat' dir='ltr'><strong>et</strong></span> <span class='ocrx_word' id='word_1_486' title='bbox 2227 2068 2296 2108; x_wconf 90' lang='lat' dir='ltr'><strong>ne</strong></span> <span class='ocrx_word' id='word_1_487' title='bbox 2336 2070 2445 2107; x_wconf 89' lang='lat' dir='ltr'><strong>non</strong></span> <span class='ocrx_word' id='word_1_488' title='bbox 2484 2066 2802 2108; x_wconf 88' lang='lat' dir='ltr'><strong>cerneretur</strong></span> <span class='ocrx_word' id='word_1_489' title='bbox 2851 2072 2882 2109; x_wconf 89' lang='lat' dir='ltr'><strong>a</strong></span> <span class='ocrx_word' id='word_1_490' title='bbox 2927 2058 3140 2112; x_wconf 90' lang='lat' dir='ltr'><strong>multis.</strong></span> <span class='ocrx_word' id='word_1_491' title='bbox 3179 2058 3306 2113; x_wconf 80' lang='lat' dir='ltr'><strong>Vult</strong></span> <span class='ocrx_word' id='word_1_492' title='bbox 3347 2068 3532 2113; x_wconf 87' lang='lat' dir='ltr'><strong>autem</strong></span> 
     </span>
    </p>
   </div>
   <div class='ocr_carea' id='block_1_66' title="bbox 1954 2146 3527 2217">
    <p class='ocr_par' dir='ltr' id='par_1_66' title="bbox 1954 2146 3527 2217">
     <span class='ocr_line' id='line_1_66' title="bbox 1954 2146 3527 2217; baseline 0.005 -20"><span class='ocrx_word' id='word_1_493' title='bbox 1954 2149 2133 2199; x_wconf 83' lang='lat' dir='ltr'><strong>oratio</strong></span> <span class='ocrx_word' id='word_1_494' title='bbox 2152 2146 2204 2199; x_wconf 92' lang='lat' dir='ltr'><strong>ei</strong></span> <span class='ocrx_word' id='word_1_495' title='bbox 2237 2161 2459 2216; x_wconf 90' lang='lat' dir='ltr'><strong>quoque</strong></span> <span class='ocrx_word' id='word_1_496' title='bbox 2483 2149 2715 2201; x_wconf 89' lang='lat' dir='ltr'><strong>alterum</strong></span> <span class='ocrx_word' id='word_1_497' title='bbox 2747 2148 2974 2213; x_wconf 80' lang='lat' dir='ltr'><strong>addere,</strong></span> <span class='ocrx_word' id='word_1_498' title='bbox 3005 2150 3152 2217; x_wconf 90' lang='lat' dir='ltr'><strong>quod</strong></span> <span class='ocrx_word' id='word_1_499' title='bbox 3177 2151 3244 2203; x_wconf 88' lang='lat' dir='ltr'><strong>ad</strong></span> <span class='ocrx_word' id='word_1_500' title='bbox 3277 2151 3527 2205; x_wconf 88' lang='lat' dir='ltr'><strong>miraculi</strong></span> 
     </span>
    </p>
   </div>
   <div class='ocr_carea' id='block_1_67' title="bbox 1957 2236 2951 2308">
    <p class='ocr_par' dir='ltr' id='par_1_67' title="bbox 1957 2236 2951 2308">
     <span class='ocr_line' id='line_1_67' title="bbox 1957 2236 2951 2308; baseline 0.006 -20"><span class='ocrx_word' id='word_1_501' title='bbox 1957 2236 2225 2291; x_wconf 86' lang='lat' dir='ltr'><strong>rationem</strong></span> <span class='ocrx_word' id='word_1_502' title='bbox 2260 2252 2369 2292; x_wconf 87' lang='lat' dir='ltr'><strong>non</strong></span> <span class='ocrx_word' id='word_1_503' title='bbox 2398 2246 2484 2293; x_wconf 88' lang='lat' dir='ltr'><strong>est</strong></span> <span class='ocrx_word' id='word_1_504' title='bbox 2504 2240 2677 2308; x_wconf 88' lang='lat' dir='ltr'><strong>priori</strong></span> <span class='ocrx_word' id='word_1_505' title='bbox 2704 2240 2951 2294; x_wconf 82' lang='lat' dir='ltr'><strong>inferius.</strong></span> 
     </span>
    </p>
   </div>
   <div class='ocr_carea' id='block_1_68' title="bbox 2029 2324 3535 2399">
    <p class='ocr_par' dir='ltr' id='par_1_68' title="bbox 2029 2324 3535 2399">
     <span class='ocr_line' id='line_1_68' title="bbox 2029 2324 3535 2399; baseline 0.007 -21"><span class='ocrx_word' id='word_1_506' title='bbox 2029 2324 2088 2378; x_wconf 76' lang='grc' dir='ltr'><strong>ν.</strong></span> <span class='ocrx_word' id='word_1_507' title='bbox 2112 2325 2205 2381; x_wconf 83' lang='lat' dir='ltr'><strong>Vir</strong></span> <span class='ocrx_word' id='word_1_508' title='bbox 2218 2326 2442 2394; x_wconf 87' lang='lat' dir='ltr'><strong>quidam</strong></span> <span class='ocrx_word' id='word_1_509' title='bbox 2461 2328 2607 2382; x_wconf 86' lang='lat' dir='ltr'><strong>inter</strong></span> <span class='ocrx_word' id='word_1_510' title='bbox 2618 2328 2955 2399; x_wconf 77' lang='lat' dir='ltr'><strong>Byzantinos</strong></span> <span class='ocrx_word' id='word_1_511' title='bbox 2969 2328 3223 2399; x_wconf 85' lang='lat' dir='ltr'><strong>insignis,</strong></span> <span class='ocrx_word' id='word_1_512' title='bbox 3242 2331 3535 2389; x_wconf 72' lang='lat' dir='ltr'><strong>laborabat</strong></span> 
     </span>
    </p>
   </div>
   <div class='ocr_carea' id='block_1_69' title="bbox 1953 2415 3526 2493">
    <p class='ocr_par' dir='ltr' id='par_1_69' title="bbox 1953 2415 3526 2493">
     <span class='ocr_line' id='line_1_69' title="bbox 1953 2415 3526 2493; baseline 0.006 -24"><span class='ocrx_word' id='word_1_513' title='bbox 1953 2415 2219 2487; x_wconf 86' lang='lat' dir='ltr'><strong>bydrope.</strong></span> <span class='ocrx_word' id='word_1_514' title='bbox 2252 2428 2309 2473; x_wconf 93' lang='lat' dir='ltr'><strong>et</strong></span> <span class='ocrx_word' id='word_1_515' title='bbox 2354 2418 2405 2472; x_wconf 91' lang='lat' dir='ltr'><strong>ei</strong></span> <span class='ocrx_word' id='word_1_516' title='bbox 2436 2428 2557 2473; x_wconf 86' lang='lat' dir='ltr'><strong>erat</strong></span> <span class='ocrx_word' id='word_1_517' title='bbox 2605 2433 2809 2489; x_wconf 90' lang='lat' dir='ltr'><strong>corpus</strong></span> <span class='ocrx_word' id='word_1_518' title='bbox 2841 2420 3001 2475; x_wconf 83' lang='lat' dir='ltr'><strong>valde</strong></span> <span class='ocrx_word' id='word_1_519' title='bbox 3033 2421 3283 2476; x_wconf 82' lang='lat' dir='ltr'><strong>inﬂatum</strong></span> <span class='ocrx_word' id='word_1_520' title='bbox 3316 2439 3329 2476; x_wconf 92' lang='lat'>:</span> <span class='ocrx_word' id='word_1_521' title='bbox 3375 2439 3526 2493; x_wconf 64' lang='lat' dir='ltr'><strong>qua-</strong></span> 
     </span>
    </p>
   </div>
   <div class='ocr_carea' id='block_1_70' title="bbox 1953 2496 3537 2576">
    <p class='ocr_par' dir='ltr' id='par_1_70' title="bbox 1953 2496 3537 2576">
     <span class='ocr_line' id='line_1_70' title="bbox 1953 2496 3537 2576; baseline 0.002 -15"><span class='ocrx_word' id='word_1_522' title='bbox 1953 2522 2173 2576; x_wconf 85' lang='lat' dir='ltr'><strong>cunque</strong></span> <span class='ocrx_word' id='word_1_523' title='bbox 2202 2517 2386 2562; x_wconf 90' lang='lat' dir='ltr'><strong>autem</strong></span> <span class='ocrx_word' id='word_1_524' title='bbox 2423 2496 2685 2575; x_wconf 82' lang='lat' dir='ltr'><strong>habebat,</strong></span> <span class='ocrx_word' id='word_1_525' title='bbox 2726 2508 3020 2565; x_wconf 66' lang='lat' dir='ltr'><strong>edundens</strong></span> <span class='ocrx_word' id='word_1_526' title='bbox 3051 2512 3106 2565; x_wconf 93' lang='lat' dir='ltr'><strong>in</strong></span> <span class='ocrx_word' id='word_1_527' title='bbox 3136 2527 3333 2567; x_wconf 88' lang='lat' dir='ltr'><strong>manus</strong></span> <span class='ocrx_word' id='word_1_528' title='bbox 3358 2513 3537 2567; x_wconf 82' lang='lat' dir='ltr'><strong>medi-</strong></span> 
     </span>
    </p>
   </div>
   <div class='ocr_carea' id='block_1_71' title="bbox 1953 2600 3529 2673">
    <p class='ocr_par' dir='ltr' id='par_1_71' title="bbox 1953 2600 3529 2673">
     <span class='ocr_line' id='line_1_71' title="bbox 1953 2600 3529 2673; baseline 0.005 -22"><span class='ocrx_word' id='word_1_529' title='bbox 1953 2613 2164 2665; x_wconf 90' lang='lat' dir='ltr'><strong>corum,</strong></span> <span class='ocrx_word' id='word_1_530' title='bbox 2191 2600 2315 2654; x_wconf 87' lang='lat' dir='ltr'><strong>illos</strong></span> <span class='ocrx_word' id='word_1_531' title='bbox 2344 2600 2569 2670; x_wconf 90' lang='lat' dir='ltr'><strong>quidem</strong></span> <span class='ocrx_word' id='word_1_532' title='bbox 2594 2602 2760 2673; x_wconf 90' lang='lat' dir='ltr'><strong>juvit,</strong></span> <span class='ocrx_word' id='word_1_533' title='bbox 2821 2603 3061 2658; x_wconf 89' lang='lat' dir='ltr'><strong>reddens</strong></span> <span class='ocrx_word' id='word_1_534' title='bbox 3090 2604 3491 2673; x_wconf 81' lang='lat' dir='ltr'><strong>locupletiores</strong></span> <span class='ocrx_word' id='word_1_535' title='bbox 3516 2622 3529 2668; x_wconf 89' lang='lat'>;</span> 
     </span>
    </p>
   </div>
   <div class='ocr_carea' id='block_1_72' title="bbox 1953 2690 3535 2763">
    <p class='ocr_par' dir='ltr' id='par_1_72' title="bbox 1953 2690 3535 2763">
     <span class='ocr_line' id='line_1_72' title="bbox 1953 2690 3535 2763; baseline 0.004 -20"><span class='ocrx_word' id='word_1_536' title='bbox 1953 2703 2012 2743; x_wconf 85' lang='lat' dir='ltr'><strong>se</strong></span> <span class='ocrx_word' id='word_1_537' title='bbox 2042 2700 2225 2745; x_wconf 86' lang='lat' dir='ltr'><strong>autem</strong></span> <span class='ocrx_word' id='word_1_538' title='bbox 2260 2699 2463 2760; x_wconf 65' lang='lat' dir='ltr'><strong>prater</strong></span> <span class='ocrx_word' id='word_1_539' title='bbox 2509 2690 2827 2757; x_wconf 82' lang='lat' dir='ltr'><strong>sanitatem,</strong></span> <span class='ocrx_word' id='word_1_540' title='bbox 2863 2692 3100 2763; x_wconf 85' lang='lat' dir='ltr'><strong>privavit</strong></span> <span class='ocrx_word' id='word_1_541' title='bbox 3131 2694 3301 2749; x_wconf 87' lang='lat' dir='ltr'><strong>etiam</strong></span> <span class='ocrx_word' id='word_1_542' title='bbox 3358 2695 3535 2750; x_wconf 77' lang='lat' dir='ltr'><strong>facul-</strong></span> 
     </span>
    </p>
   </div>
   <div class='ocr_carea' id='block_1_73' title="bbox 1958 2780 3537 2857">
    <p class='ocr_par' dir='ltr' id='par_1_73' title="bbox 1958 2780 3537 2857">
     <span class='ocr_line' id='line_1_73' title="bbox 1958 2780 3537 2857; baseline 0.004 -22"><span class='ocrx_word' id='word_1_543' title='bbox 1958 2780 2188 2836; x_wconf 89' lang='lat' dir='ltr'><strong>tatibus.</strong></span> <span class='ocrx_word' id='word_1_544' title='bbox 2219 2782 2272 2837; x_wconf 87' lang='lat' dir='ltr'><strong>Is</strong></span> <span class='ocrx_word' id='word_1_545' title='bbox 2294 2782 2363 2838; x_wconf 90' lang='lat' dir='ltr'><strong>de</strong></span> <span class='ocrx_word' id='word_1_546' title='bbox 2397 2782 2506 2838; x_wconf 84' lang='lat' dir='ltr'><strong>illis</strong></span> <span class='ocrx_word' id='word_1_547' title='bbox 2529 2784 2752 2853; x_wconf 88' lang='lat' dir='ltr'><strong>quidem</strong></span> <span class='ocrx_word' id='word_1_548' title='bbox 2777 2799 2873 2855; x_wconf 88' lang='lat' dir='ltr'><strong>spe</strong></span> <span class='ocrx_word' id='word_1_549' title='bbox 2928 2785 3171 2854; x_wconf 88' lang='lat' dir='ltr'><strong>abjecta,</strong></span> <span class='ocrx_word' id='word_1_550' title='bbox 3205 2786 3261 2840; x_wconf 90' lang='lat' dir='ltr'><strong>in</strong></span> <span class='ocrx_word' id='word_1_551' title='bbox 3292 2802 3537 2857; x_wconf 86' lang='lat' dir='ltr'><strong>superno</strong></span> 
     </span>
    </p>
   </div>
   <div class='ocr_carea' id='block_1_74' title="bbox 1952 2873 3537 2949">
    <p class='ocr_par' dir='ltr' id='par_1_74' title="bbox 1952 2873 3537 2949">
     <span class='ocr_line' id='line_1_74' title="bbox 1952 2873 3537 2949; baseline 0.004 -23"><span class='ocrx_word' id='word_1_552' title='bbox 1952 2887 2085 2927; x_wconf 87' lang='lat' dir='ltr'><strong>vero</strong></span> <span class='ocrx_word' id='word_1_553' title='bbox 2115 2873 2344 2939; x_wconf 52' lang='lat' dir='ltr'><strong>auxilio,</strong></span> <span class='ocrx_word' id='word_1_554' title='bbox 2377 2883 2434 2928; x_wconf 91' lang='lat' dir='ltr'><strong>et</strong></span> <span class='ocrx_word' id='word_1_555' title='bbox 2476 2875 2658 2945; x_wconf 87' lang='lat' dir='ltr'><strong>magni</strong></span> <span class='ocrx_word' id='word_1_556' title='bbox 2692 2875 2902 2946; x_wconf 89' lang='lat' dir='ltr'><strong>Patapii</strong></span> <span class='ocrx_word' id='word_1_557' title='bbox 2951 2877 3209 2946; x_wconf 76' lang='lat' dir='ltr'><strong>precibus</strong></span> <span class='ocrx_word' id='word_1_558' title='bbox 3238 2893 3392 2949; x_wconf 83' lang='lat' dir='ltr'><strong>spem</strong></span> <span class='ocrx_word' id='word_1_559' title='bbox 3421 2894 3537 2935; x_wconf 65' lang='lat' dir='ltr'><strong>sua</strong></span> 
     </span>
    </p>
   </div>
   <div class='ocr_carea' id='block_1_75' title="bbox 1952 2965 3536 3031">
    <p class='ocr_par' dir='ltr' id='par_1_75' title="bbox 1952 2965 3536 3031">
     <span class='ocr_line' id='line_1_75' title="bbox 1952 2965 3536 3031; baseline 0.006 -12"><span class='ocrx_word' id='word_1_560' title='bbox 1952 2965 2143 3019; x_wconf 88' lang='lat' dir='ltr'><strong>salutis</strong></span> <span class='ocrx_word' id='word_1_561' title='bbox 2170 2966 2467 3025; x_wconf 76' lang='lat' dir='ltr'><strong>collocatis.</strong></span> <span class='ocrx_word' id='word_1_562' title='bbox 2502 2968 2654 3022; x_wconf 87' lang='lat' dir='ltr'><strong>venit</strong></span> <span class='ocrx_word' id='word_1_563' title='bbox 2686 2967 2755 3023; x_wconf 90' lang='lat' dir='ltr'><strong>ad</strong></span> <span class='ocrx_word' id='word_1_564' title='bbox 2784 2984 2936 3031; x_wconf 90' lang='lat' dir='ltr'><strong>eum,</strong></span> <span class='ocrx_word' id='word_1_565' title='bbox 2973 2978 3031 3024; x_wconf 89' lang='lat' dir='ltr'><strong>et</strong></span> <span class='ocrx_word' id='word_1_566' title='bbox 3054 2970 3234 3025; x_wconf 86' lang='lat' dir='ltr'><strong>morbi</strong></span> <span class='ocrx_word' id='word_1_567' title='bbox 3288 2973 3536 3029; x_wconf 76' lang='lat' dir='ltr'><strong>ostendit</strong></span> 
     </span>
    </p>
   </div>
   <div class='ocr_carea' id='block_1_76' title="bbox 1952 3053 3535 3123">
    <p class='ocr_par' dir='ltr' id='par_1_76' title="bbox 1952 3053 3535 3123">
     <span class='ocr_line' id='line_1_76' title="bbox 1952 3053 3535 3123; baseline 0.006 -17"><span class='ocrx_word' id='word_1_568' title='bbox 1952 3053 2300 3123; x_wconf 82' lang='lat' dir='ltr'><strong>gravitatem,</strong></span> <span class='ocrx_word' id='word_1_569' title='bbox 2329 3063 2387 3109; x_wconf 91' lang='lat' dir='ltr'><strong>et</strong></span> <span class='ocrx_word' id='word_1_570' title='bbox 2437 3054 2690 3110; x_wconf 88' lang='lat' dir='ltr'><strong>dolorum</strong></span> <span class='ocrx_word' id='word_1_571' title='bbox 2726 3060 2981 3110; x_wconf 74' lang='lat' dir='ltr'><strong>enuntiat</strong></span> <span class='ocrx_word' id='word_1_572' title='bbox 3030 3059 3415 3115; x_wconf 83' lang='lat' dir='ltr'><strong>acerbitatem.</strong></span> <span class='ocrx_word' id='word_1_573' title='bbox 3439 3060 3535 3117; x_wconf 83' lang='lat' dir='ltr'><strong>Ille</strong></span> 
     </span>
    </p>
   </div>
   <div class='ocr_carea' id='block_1_77' title="bbox 1952 3147 3534 3222">
    <p class='ocr_par' dir='ltr' id='par_1_77' title="bbox 1952 3147 3534 3222">
     <span class='ocr_line' id='line_1_77' title="bbox 1952 3147 3534 3222; baseline 0.007 -24"><span class='ocrx_word' id='word_1_574' title='bbox 1952 3160 2135 3200; x_wconf 90' lang='lat' dir='ltr'><strong>autem</strong></span> <span class='ocrx_word' id='word_1_575' title='bbox 2170 3162 2284 3200; x_wconf 90' lang='lat' dir='ltr'><strong>rem</strong></span> <span class='ocrx_word' id='word_1_576' title='bbox 2331 3163 2523 3201; x_wconf 74' lang='lat' dir='ltr'><strong>novam</strong></span> <span class='ocrx_word' id='word_1_577' title='bbox 2552 3147 2743 3201; x_wconf 91' lang='lat' dir='ltr'><strong>videns</strong></span> <span class='ocrx_word' id='word_1_578' title='bbox 2787 3158 2844 3202; x_wconf 90' lang='lat' dir='ltr'><strong>et</strong></span> <span class='ocrx_word' id='word_1_579' title='bbox 2894 3148 3292 3215; x_wconf 87' lang='lat' dir='ltr'><strong>miserabilem,</strong></span> <span class='ocrx_word' id='word_1_580' title='bbox 3335 3154 3534 3222; x_wconf 83' lang='lat' dir='ltr'><strong>pellem</strong></span> 
     </span>
    </p>
   </div>
   <div class='ocr_carea' id='block_1_78' title="bbox 1950 3236 3533 3305">
    <p class='ocr_par' dir='ltr' id='par_1_78' title="bbox 1950 3236 3533 3305">
     <span class='ocr_line' id='line_1_78' title="bbox 1950 3236 3533 3305; baseline 0.007 -16"><span class='ocrx_word' id='word_1_581' title='bbox 1950 3236 2173 3305; x_wconf 87' lang='lat' dir='ltr'><strong>quidem</strong></span> <span class='ocrx_word' id='word_1_582' title='bbox 2220 3238 2367 3291; x_wconf 91' lang='lat' dir='ltr'><strong>illam</strong></span> <span class='ocrx_word' id='word_1_583' title='bbox 2421 3238 2667 3293; x_wconf 80' lang='lat' dir='ltr'><strong>innatant</strong></span> <span class='ocrx_word' id='word_1_584' title='bbox 2714 3250 2774 3294; x_wconf 93' lang='lat' dir='ltr'><strong>et</strong></span> <span class='ocrx_word' id='word_1_585' title='bbox 2825 3242 3197 3304; x_wconf 80' lang='lat' dir='ltr'><strong>tumefactatu.</strong></span> <span class='ocrx_word' id='word_1_586' title='bbox 3260 3254 3533 3300; x_wconf 80' lang='lat' dir='ltr'><strong>tumorem</strong></span> 
     </span>
    </p>
   </div>
   <div class='ocr_carea' id='block_1_79' title="bbox 1953 3331 3534 3405">
    <p class='ocr_par' dir='ltr' id='par_1_79' title="bbox 1953 3331 3534 3405">
     <span class='ocr_line' id='line_1_79' title="bbox 1953 3331 3534 3405; baseline 0.008 -25"><span class='ocrx_word' id='word_1_587' title='bbox 1953 3342 2101 3392; x_wconf 92' lang='lat' dir='ltr'><strong>vero,</strong></span> <span class='ocrx_word' id='word_1_588' title='bbox 2136 3331 2228 3398; x_wconf 89' lang='lat' dir='ltr'><strong>qui</strong></span> <span class='ocrx_word' id='word_1_589' title='bbox 2262 3339 2435 3383; x_wconf 84' lang='lat' dir='ltr'><strong>totum</strong></span> <span class='ocrx_word' id='word_1_590' title='bbox 2471 3346 2670 3401; x_wconf 90' lang='lat' dir='ltr'><strong>corpus</strong></span> <span class='ocrx_word' id='word_1_591' title='bbox 2695 3344 3037 3400; x_wconf 85' lang='lat' dir='ltr'><strong>pervaserat,</strong></span> <span class='ocrx_word' id='word_1_592' title='bbox 3073 3345 3127 3388; x_wconf 92' lang='lat' dir='ltr'><strong>et</strong></span> <span class='ocrx_word' id='word_1_593' title='bbox 3157 3336 3327 3391; x_wconf 82' lang='lat' dir='ltr'><strong>veluti</strong></span> <span class='ocrx_word' id='word_1_594' title='bbox 3357 3338 3534 3405; x_wconf 84' lang='lat' dir='ltr'><strong>quod-</strong></span> 
     </span>
    </p>
   </div>
   <div class='ocr_carea' id='block_1_80' title="bbox 1950 3418 3533 3494">
    <p class='ocr_par' dir='ltr' id='par_1_80' title="bbox 1950 3418 3533 3494">
     <span class='ocr_line' id='line_1_80' title="bbox 1950 3418 3533 3494; baseline 0.008 -23"><span class='ocrx_word' id='word_1_595' title='bbox 1950 3418 2075 3472; x_wconf 89' lang='lat' dir='ltr'><strong>dam</strong></span> <span class='ocrx_word' id='word_1_596' title='bbox 2128 3422 2445 3489; x_wconf 86' lang='lat' dir='ltr'><strong>sepulcrum</strong></span> <span class='ocrx_word' id='word_1_597' title='bbox 2500 3424 2831 3488; x_wconf 89' lang='lat' dir='ltr'><strong>animatum,</strong></span> <span class='ocrx_word' id='word_1_598' title='bbox 2887 3425 3216 3481; x_wconf 86' lang='lat' dir='ltr'><strong>calamitatis</strong></span> <span class='ocrx_word' id='word_1_599' title='bbox 3278 3437 3533 3494; x_wconf 79' lang='lat' dir='ltr'><strong>movetur</strong></span> 
     </span>
    </p>
   </div>
   <div class='ocr_carea' id='block_1_81' title="bbox 1952 3511 3535 3589">
    <p class='ocr_par' dir='ltr' id='par_1_81' title="bbox 1952 3511 3535 3589">
     <span class='ocr_line' id='line_1_81' title="bbox 1952 3511 3535 3589; baseline 0.008 -25"><span class='ocrx_word' id='word_1_600' title='bbox 1952 3511 2353 3577; x_wconf 84' lang='lat' dir='ltr'><strong>misericordia,</strong></span> <span class='ocrx_word' id='word_1_601' title='bbox 2426 3526 2480 3569; x_wconf 90' lang='lat' dir='ltr'><strong>et</strong></span> <span class='ocrx_word' id='word_1_602' title='bbox 2514 3514 2600 3569; x_wconf 88' lang='lat' dir='ltr'><strong>bis</strong></span> <span class='ocrx_word' id='word_1_603' title='bbox 2658 3515 2835 3569; x_wconf 91' lang='lat' dir='ltr'><strong>tribus</strong></span> <span class='ocrx_word' id='word_1_604' title='bbox 2881 3516 3055 3571; x_wconf 83' lang='lat' dir='ltr'><strong>utitur</strong></span> <span class='ocrx_word' id='word_1_605' title='bbox 3107 3518 3174 3572; x_wconf 89' lang='lat' dir='ltr'><strong>ad</strong></span> <span class='ocrx_word' id='word_1_606' title='bbox 3212 3520 3334 3589; x_wconf 85' lang='lat' dir='ltr'><strong>ejus</strong></span> <span class='ocrx_word' id='word_1_607' title='bbox 3370 3536 3535 3577; x_wconf 83' lang='lat' dir='ltr'><strong>cura-</strong></span> 
     </span>
    </p>
   </div>
   <div class='ocr_carea' id='block_1_82' title="bbox 1953 3604 3528 3685">
    <p class='ocr_par' dir='ltr' id='par_1_82' title="bbox 1953 3604 3528 3685">
     <span class='ocr_line' id='line_1_82' title="bbox 1953 3604 3528 3685; baseline 0.008 -28"><span class='ocrx_word' id='word_1_608' title='bbox 1953 3604 2178 3669; x_wconf 68' lang='lat' dir='ltr'><strong>tionem,</strong></span> <span class='ocrx_word' id='word_1_609' title='bbox 2227 3621 2423 3675; x_wconf 86' lang='lat' dir='ltr'><strong>nempe</strong></span> <span class='ocrx_word' id='word_1_610' title='bbox 2460 3609 2711 3662; x_wconf 88' lang='lat' dir='ltr'><strong>oratione</strong></span> <span class='ocrx_word' id='word_1_611' title='bbox 2776 3617 2833 3662; x_wconf 93' lang='lat' dir='ltr'><strong>et</strong></span> <span class='ocrx_word' id='word_1_612' title='bbox 2882 3623 3074 3672; x_wconf 89' lang='lat' dir='ltr'><strong>cruce,</strong></span> <span class='ocrx_word' id='word_1_613' title='bbox 3133 3623 3190 3665; x_wconf 89' lang='lat' dir='ltr'><strong>et</strong></span> <span class='ocrx_word' id='word_1_614' title='bbox 3238 3612 3528 3685; x_wconf 81' lang='lat' dir='ltr'><strong>lacrymis;</strong></span> 
     </span>
    </p>
   </div>
   <div class='ocr_carea' id='block_1_83' title="bbox 1949 3693 3529 3765">
    <p class='ocr_par' dir='ltr' id='par_1_83' title="bbox 1949 3693 3529 3765">
     <span class='ocr_line' id='line_1_83' title="bbox 1949 3693 3529 3765; baseline 0.008 -20"><span class='ocrx_word' id='word_1_615' title='bbox 1949 3693 2201 3749; x_wconf 86' lang='lat' dir='ltr'><strong>oratione</strong></span> <span class='ocrx_word' id='word_1_616' title='bbox 2233 3694 2479 3763; x_wconf 88' lang='lat' dir='ltr'><strong>quidem,</strong></span> <span class='ocrx_word' id='word_1_617' title='bbox 2547 3706 2807 3765; x_wconf 88' lang='lat' dir='ltr'><strong>tanquam</strong></span> <span class='ocrx_word' id='word_1_618' title='bbox 2859 3696 3264 3753; x_wconf 86' lang='lat' dir='ltr'><strong>medicamento</strong></span> <span class='ocrx_word' id='word_1_619' title='bbox 3302 3717 3316 3754; x_wconf 85' lang='lat'><strong>:</strong></span> <span class='ocrx_word' id='word_1_620' title='bbox 3360 3716 3529 3757; x_wconf 83' lang='lat' dir='ltr'><strong>cruce</strong></span> 
     </span>
    </p>
   </div>
   <div class='ocr_carea' id='block_1_84' title="bbox 1949 3787 3530 3865">
    <p class='ocr_par' dir='ltr' id='par_1_84' title="bbox 1949 3787 3530 3865">
     <span class='ocr_line' id='line_1_84' title="bbox 1949 3787 3530 3865; baseline 0.007 -28"><span class='ocrx_word' id='word_1_621' title='bbox 1949 3794 2129 3839; x_wconf 87' lang='lat' dir='ltr'><strong>autem</strong></span> <span class='ocrx_word' id='word_1_622' title='bbox 2189 3789 2447 3855; x_wconf 80' lang='lat' dir='ltr'><strong>tanquam</strong></span> <span class='ocrx_word' id='word_1_623' title='bbox 2508 3787 2899 3851; x_wconf 89' lang='lat' dir='ltr'><strong>instrumento.</strong></span> <span class='ocrx_word' id='word_1_624' title='bbox 2958 3805 3065 3859; x_wconf 90' lang='lat' dir='ltr'><strong>qua</strong></span> <span class='ocrx_word' id='word_1_625' title='bbox 3124 3792 3290 3845; x_wconf 83' lang='lat' dir='ltr'><strong>etiam</strong></span> <span class='ocrx_word' id='word_1_626' title='bbox 3350 3794 3530 3865; x_wconf 87' lang='lat' dir='ltr'><strong>signat</strong></span> 
     </span>
    </p>
   </div>
   <div class='ocr_carea' id='block_1_85' title="bbox 1948 3875 3530 3952">
    <p class='ocr_par' dir='ltr' id='par_1_85' title="bbox 1948 3875 3530 3952">
     <span class='ocr_line' id='line_1_85' title="bbox 1948 3875 3530 3952; baseline 0.006 -25"><span class='ocrx_word' id='word_1_627' title='bbox 1948 3875 2132 3928; x_wconf 86' lang='lat' dir='ltr'><strong>omnia</strong></span> <span class='ocrx_word' id='word_1_628' title='bbox 2164 3875 2309 3929; x_wconf 88' lang='lat' dir='ltr'><strong>circa</strong></span> <span class='ocrx_word' id='word_1_629' title='bbox 2343 3885 2588 3931; x_wconf 88' lang='lat' dir='ltr'><strong>ventrem</strong></span> <span class='ocrx_word' id='word_1_630' title='bbox 2614 3894 2628 3939; x_wconf 74' lang='grc' dir='ltr'><strong>ς</strong></span> <span class='ocrx_word' id='word_1_631' title='bbox 2662 3878 2916 3947; x_wconf 84' lang='lat' dir='ltr'><strong>lacrymis</strong></span> <span class='ocrx_word' id='word_1_632' title='bbox 2943 3894 3095 3942; x_wconf 79' lang='lat' dir='ltr'><strong>vero,</strong></span> <span class='ocrx_word' id='word_1_633' title='bbox 3136 3891 3395 3952; x_wconf 84' lang='lat' dir='ltr'><strong>tanquam</strong></span> <span class='ocrx_word' id='word_1_634' title='bbox 3426 3899 3530 3938; x_wconf 81' lang='lat' dir='ltr'><strong>un-</strong></span> 
     </span>
    </p>
   </div>
   <div class='ocr_carea' id='block_1_86' title="bbox 1948 3968 3526 4041">
    <p class='ocr_par' dir='ltr' id='par_1_86' title="bbox 1948 3968 3526 4041">
     <span class='ocr_line' id='line_1_86' title="bbox 1948 3968 3526 4041; baseline 0.007 -21"><span class='ocrx_word' id='word_1_635' title='bbox 1948 3968 2187 4033; x_wconf 81' lang='lat' dir='ltr'><strong>guentis.</strong></span> <span class='ocrx_word' id='word_1_636' title='bbox 2219 3968 2324 4026; x_wconf 85' lang='lat' dir='ltr'><strong>Eas</strong></span> <span class='ocrx_word' id='word_1_637' title='bbox 2354 3984 2478 4022; x_wconf 90' lang='lat' dir='ltr'><strong>cum</strong></span> <span class='ocrx_word' id='word_1_638' title='bbox 2517 3970 2958 4025; x_wconf 86' lang='lat' dir='ltr'><strong>commiscuisset</strong></span> <span class='ocrx_word' id='word_1_639' title='bbox 3016 3973 3161 4041; x_wconf 84' lang='lat' dir='ltr'><strong>oleo.</strong></span> <span class='ocrx_word' id='word_1_640' title='bbox 3195 3976 3352 4031; x_wconf 81' lang='lat' dir='ltr'><strong>unxit</strong></span> <span class='ocrx_word' id='word_1_641' title='bbox 3398 3990 3526 4031; x_wconf 85' lang='lat' dir='ltr'><strong>cor-</strong></span> 
     </span>
    </p>
   </div>
   <div class='ocr_carea' id='block_1_87' title="bbox 1952 4058 3524 4130">
    <p class='ocr_par' dir='ltr' id='par_1_87' title="bbox 1952 4058 3524 4130">
     <span class='ocr_line' id='line_1_87' title="bbox 1952 4058 3524 4130; baseline 0.004 -18"><span class='ocrx_word' id='word_1_642' title='bbox 1952 4074 2074 4128; x_wconf 92' lang='lat' dir='ltr'><strong>pus.</strong></span> <span class='ocrx_word' id='word_1_643' title='bbox 2104 4058 2315 4114; x_wconf 86' lang='lat' dir='ltr'><strong>Deinde</strong></span> <span class='ocrx_word' id='word_1_644' title='bbox 2336 4064 2500 4114; x_wconf 90' lang='lat' dir='ltr'><strong>etiam</strong></span> <span class='ocrx_word' id='word_1_645' title='bbox 2534 4061 2582 4115; x_wconf 90' lang='lat' dir='ltr'><strong>ei</strong></span> <span class='ocrx_word' id='word_1_646' title='bbox 2612 4077 2814 4116; x_wconf 88' lang='lat' dir='ltr'><strong>nomen</strong></span> <span class='ocrx_word' id='word_1_647' title='bbox 2844 4064 3107 4120; x_wconf 88' lang='lat' dir='ltr'><strong>occinens</strong></span> <span class='ocrx_word' id='word_1_648' title='bbox 3147 4066 3524 4130; x_wconf 81' lang='lat' dir='ltr'><strong>Dominicum,</strong></span> 
     </span>
    </p>
   </div>
   <div class='ocr_carea' id='block_1_88' title="bbox 1948 4149 3528 4225">
    <p class='ocr_par' dir='ltr' id='par_1_88' title="bbox 1948 4149 3528 4225">
     <span class='ocr_line' id='line_1_88' title="bbox 1948 4149 3528 4225; baseline 0.006 -22"><span class='ocrx_word' id='word_1_649' title='bbox 1948 4160 2003 4204; x_wconf 79' lang='lat' dir='ltr'><strong>et</strong></span> <span class='ocrx_word' id='word_1_650' title='bbox 2037 4149 2228 4205; x_wconf 63' lang='lat' dir='ltr'><strong>dicens</strong></span> <span class='ocrx_word' id='word_1_651' title='bbox 2264 4150 2461 4205; x_wconf 83' lang='lat' dir='ltr'><strong>:Jesus</strong></span> <span class='ocrx_word' id='word_1_652' title='bbox 2489 4150 2766 4217; x_wconf 83' lang='lat' dir='ltr'><strong>Christus,</strong></span> <span class='ocrx_word' id='word_1_653' title='bbox 2801 4154 2893 4222; x_wconf 91' lang='lat' dir='ltr'><strong>qui</strong></span> <span class='ocrx_word' id='word_1_654' title='bbox 2931 4153 3001 4217; x_wconf 91' lang='lat' dir='ltr'><strong>ei,</strong></span> <span class='ocrx_word' id='word_1_655' title='bbox 3039 4154 3132 4224; x_wconf 93' lang='lat' dir='ltr'><strong>qui</strong></span> <span class='ocrx_word' id='word_1_656' title='bbox 3179 4156 3336 4225; x_wconf 90' lang='lat' dir='ltr'><strong>prius</strong></span> <span class='ocrx_word' id='word_1_657' title='bbox 3374 4158 3528 4212; x_wconf 60' lang='lat' dir='ltr'><strong>labo.</strong></span> 
     </span>
    </p>
   </div>
   <div class='ocr_carea' id='block_1_89' title="bbox 1951 4241 3526 4316">
    <p class='ocr_par' dir='ltr' id='par_1_89' title="bbox 1951 4241 3526 4316">
     <span class='ocr_line' id='line_1_89' title="bbox 1951 4241 3526 4316; baseline 0.007 -23"><span class='ocrx_word' id='word_1_658' title='bbox 1951 4244 2104 4294; x_wconf 83' lang='lat' dir='ltr'><strong>rabat</strong></span> <span class='ocrx_word' id='word_1_659' title='bbox 2158 4241 2429 4312; x_wconf 86' lang='lat' dir='ltr'><strong>bydrope,</strong></span> <span class='ocrx_word' id='word_1_660' title='bbox 2464 4242 2697 4312; x_wconf 66' lang='lat' dir='ltr'><strong>praabuit</strong></span> <span class='ocrx_word' id='word_1_661' title='bbox 2751 4246 3069 4307; x_wconf 89' lang='lat' dir='ltr'><strong>sanitatem,</strong></span> <span class='ocrx_word' id='word_1_662' title='bbox 3113 4246 3228 4316; x_wconf 89' lang='lat' dir='ltr'><strong>ipse</strong></span> <span class='ocrx_word' id='word_1_663' title='bbox 3263 4254 3316 4301; x_wconf 90' lang='lat' dir='ltr'><strong>te</strong></span> <span class='ocrx_word' id='word_1_664' title='bbox 3378 4264 3526 4304; x_wconf 88' lang='lat' dir='ltr'><strong>nunc</strong></span> 
     </span>
    </p>
   </div>
   <div class='ocr_carea' id='block_1_90' title="bbox 1948 4334 3522 4406">
    <p class='ocr_par' dir='ltr' id='par_1_90' title="bbox 1948 4334 3522 4406">
     <span class='ocr_line' id='line_1_90' title="bbox 1948 4334 3522 4406; baseline 0.006 -19"><span class='ocrx_word' id='word_1_665' title='bbox 1948 4344 2121 4397; x_wconf 85' lang='lat' dir='ltr'><strong>curat,</strong></span> <span class='ocrx_word' id='word_1_666' title='bbox 2153 4342 2209 4387; x_wconf 90' lang='lat' dir='ltr'><strong>et</strong></span> <span class='ocrx_word' id='word_1_667' title='bbox 2236 4334 2487 4388; x_wconf 82' lang='lat' dir='ltr'><strong>liberata</strong></span> <span class='ocrx_word' id='word_1_668' title='bbox 2520 4336 2699 4404; x_wconf 88' lang='lat' dir='ltr'><strong>plaga,</strong></span> <span class='ocrx_word' id='word_1_669' title='bbox 2736 4350 2859 4404; x_wconf 79' lang='lat' dir='ltr'><strong>qua:</strong></span> <span class='ocrx_word' id='word_1_670' title='bbox 2888 4346 2939 4391; x_wconf 85' lang='lat' dir='ltr'><strong>te</strong></span> <span class='ocrx_word' id='word_1_671' title='bbox 2978 4338 3197 4406; x_wconf 81' lang='lat' dir='ltr'><strong>premit.</strong></span> <span class='ocrx_word' id='word_1_672' title='bbox 3252 4338 3368 4395; x_wconf 87' lang='lat' dir='ltr'><strong>Hoc</strong></span> <span class='ocrx_word' id='word_1_673' title='bbox 3394 4355 3522 4396; x_wconf 84' lang='lat' dir='ltr'><strong>cum</strong></span> 
     </span>
    </p>
   </div>
   <div class='ocr_carea' id='block_1_91' title="bbox 1951 4424 3522 4493">
    <p class='ocr_par' dir='ltr' id='par_1_91' title="bbox 1951 4424 3522 4493">
     <span class='ocr_line' id='line_1_91' title="bbox 1951 4424 3522 4493; baseline 0.007 -16"><span class='ocrx_word' id='word_1_674' title='bbox 1951 4424 2066 4493; x_wconf 89' lang='lat' dir='ltr'><strong>ipse</strong></span> <span class='ocrx_word' id='word_1_675' title='bbox 2116 4424 2367 4486; x_wconf 82' lang='lat' dir='ltr'><strong>dixisset,</strong></span> <span class='ocrx_word' id='word_1_676' title='bbox 2402 4425 2585 4478; x_wconf 81' lang='lat' dir='ltr'><strong>statim</strong></span> <span class='ocrx_word' id='word_1_677' title='bbox 2634 4426 2856 4487; x_wconf 85' lang='lat' dir='ltr'><strong>quidem</strong></span> <span class='ocrx_word' id='word_1_678' title='bbox 2904 4429 3080 4483; x_wconf 86' lang='lat' dir='ltr'><strong>soluta</strong></span> <span class='ocrx_word' id='word_1_679' title='bbox 3132 4440 3260 4485; x_wconf 90' lang='lat' dir='ltr'><strong>sunt</strong></span> <span class='ocrx_word' id='word_1_680' title='bbox 3308 4434 3522 4489; x_wconf 78' lang='lat' dir='ltr'><strong>vincula</strong></span> 
     </span>
    </p>
   </div>
   <div class='ocr_carea' id='block_1_92' title="bbox 261 4516 1943 4600">
    <p class='ocr_par' dir='ltr' id='par_1_92' title="bbox 261 4516 1922 4600">
     <span class='ocr_line' id='line_1_92' title="bbox 261 4516 1922 4600; baseline -0.005 -18"><span class='ocrx_word' id='word_1_681' title='bbox 261 4532 423 4600; x_wconf 77' lang='grc' dir='ltr'>πόροι</span> <span class='ocrx_word' id='word_1_682' title='bbox 475 4533 585 4585; x_wconf 74' lang='grc' dir='ltr'>πᾶν</span> <span class='ocrx_word' id='word_1_683' title='bbox 613 4534 740 4585; x_wconf 80' lang='grc' dir='ltr'>ὅσον</span> <span class='ocrx_word' id='word_1_684' title='bbox 771 4532 937 4600; x_wconf 85' lang='grc' dir='ltr'>ὑγρόν</span> <span class='ocrx_word' id='word_1_685' title='bbox 968 4547 1028 4583; x_wconf 87' lang='grc' dir='ltr'><strong>τε</strong></span> <span class='ocrx_word' id='word_1_686' title='bbox 1064 4530 1159 4583; x_wconf 76' lang='grc' dir='ltr'>καὶ</span> <span class='ocrx_word' id='word_1_687' title='bbox 1187 4526 1459 4599; x_wconf 79' lang='grc' dir='ltr'>ῑχωρῶδες</span> <span class='ocrx_word' id='word_1_688' title='bbox 1504 4524 1839 4591; x_wconf 75' lang='grc' dir='ltr'>ἐξέπεμπον,</span> <span class='ocrx_word' id='word_1_689' title='bbox 1872 4516 1922 4574; x_wconf 84' lang='grc' dir='ltr'><strong>Ι)</strong></span> 
     </span>
    </p>
   </div>
   <div class='ocr_carea' id='block_1_93' title="bbox 1836 4516 3518 4600">
    <p class='ocr_par' dir='ltr' id='par_1_93' title="bbox 1836 4516 3518 4582">
     <span class='ocr_line' id='line_1_93' title="bbox 1836 4516 3518 4582; baseline 0.005 -8"><span class='ocrx_word' id='word_1_690' title='bbox 1836 4565 1839 4582; x_wconf 85' lang='grc'><strong>,</strong></span> <span class='ocrx_word' id='word_1_691' title='bbox 1872 4516 1922 4574; x_wconf 85' lang='grc' dir='ltr'><strong>Ι)</strong></span> <span class='ocrx_word' id='word_1_692' title='bbox 1953 4518 2299 4572; x_wconf 82' lang='lat' dir='ltr'><strong>ltttmidarum</strong></span> <span class='ocrx_word' id='word_1_693' title='bbox 2338 4517 2548 4571; x_wconf 83' lang='lat' dir='ltr'><strong>ventris</strong></span> <span class='ocrx_word' id='word_1_694' title='bbox 2573 4518 3018 4574; x_wconf 86' lang='lat' dir='ltr'><strong>obstructionum</strong></span> <span class='ocrx_word' id='word_1_695' title='bbox 3054 4534 3301 4577; x_wconf 86' lang='lat' dir='ltr'><strong>:meatus</strong></span> <span class='ocrx_word' id='word_1_696' title='bbox 3335 4537 3518 4581; x_wconf 78' lang='lat' dir='ltr'><strong>autem</strong></span> 
     </span>
    </p>
   </div>
   <div class='ocr_carea' id='block_1_94' title="bbox 260 4615 1843 4693">
    <p class='ocr_par' dir='ltr' id='par_1_94' title="bbox 260 4615 1843 4693">
     <span class='ocr_line' id='line_1_94' title="bbox 260 4615 1843 4693; baseline -0.006 -17"><span class='ocrx_word' id='word_1_697' title='bbox 260 4625 357 4676; x_wconf 81' lang='grc' dir='ltr'>καὶ</span> <span class='ocrx_word' id='word_1_698' title='bbox 389 4625 424 4693; x_wconf 74' lang='grc' dir='ltr'>ἡ</span> <span class='ocrx_word' id='word_1_699' title='bbox 472 4622 620 4677; x_wconf 68' lang='grc' dir='ltr'>ἔνδον</span> <span class='ocrx_word' id='word_1_700' title='bbox 652 4624 800 4677; x_wconf 79' lang='grc' dir='ltr'>πᾶσα</span> <span class='ocrx_word' id='word_1_701' title='bbox 834 4622 943 4675; x_wconf 89' lang='grc' dir='ltr'><strong>τῶν</strong></span> <span class='ocrx_word' id='word_1_702' title='bbox 978 4622 1302 4691; x_wconf 68' lang='grc' dir='ltr'>σπλάγχνων</span> <span class='ocrx_word' id='word_1_703' title='bbox 1348 4615 1633 4688; x_wconf 72' lang='grc' dir='ltr'>οἰκονομία</span> <span class='ocrx_word' id='word_1_704' title='bbox 1674 4615 1843 4668; x_wconf 73' lang='grc' dir='ltr'>κεκάο</span> 
     </span>
    </p>
   </div>
   <div class='ocr_carea' id='block_1_95' title="bbox 264 4711 1254 4786">
    <p class='ocr_par' dir='ltr' id='par_1_95' title="bbox 264 4711 1254 4786">
     <span class='ocr_line' id='line_1_95' title="bbox 264 4711 1254 4786; baseline -0.002 -17"><span class='ocrx_word' id='word_1_705' title='bbox 264 4716 457 4786; x_wconf 86' lang='grc' dir='ltr'>θαρτο,</span> <span class='ocrx_word' id='word_1_706' title='bbox 495 4718 590 4771; x_wconf 81' lang='grc' dir='ltr'>καὶ</span> <span class='ocrx_word' id='word_1_707' title='bbox 614 4716 643 4769; x_wconf 86' lang='lat'><strong>6</strong></span> <span class='ocrx_word' id='word_1_708' title='bbox 673 4715 964 4783; x_wconf 73' lang='grc' dir='ltr'>ἄνθρωπος</span> <span class='ocrx_word' id='word_1_709' title='bbox 991 4716 1137 4785; x_wconf 82' lang='grc' dir='ltr'><strong>ρᾀν</strong></span> <span class='ocrx_word' id='word_1_710' title='bbox 1164 4711 1254 4783; x_wconf 78' lang='grc' dir='ltr'>ἦν.</span> 
     </span>
    </p>
   </div>
   <div class='ocr_carea' id='block_1_96' title="bbox 338 4890 1842 4967">
    <p class='ocr_par' dir='ltr' id='par_1_96' title="bbox 338 4890 1842 4967">
     <span class='ocr_line' id='line_1_96' title="bbox 338 4890 1842 4967; baseline -0.005 -18"><span class='ocrx_word' id='word_1_711' title='bbox 338 4894 430 4964; x_wconf 65' lang='grc' dir='ltr'><strong>(τ’.</strong></span> <span class='ocrx_word' id='word_1_712' title='bbox 467 4897 663 4967; x_wconf 82' lang='grc' dir='ltr'>Τρίτον</span> <span class='ocrx_word' id='word_1_713' title='bbox 692 4898 786 4949; x_wconf 68' lang='grc' dir='ltr'>επὶ</span> <span class='ocrx_word' id='word_1_714' title='bbox 814 4895 1029 4958; x_wconf 82' lang='grc' dir='ltr'>τούτοις</span> <span class='ocrx_word' id='word_1_715' title='bbox 1059 4895 1087 4948; x_wconf 93' lang='lat'><strong>6</strong></span> <span class='ocrx_word' id='word_1_716' title='bbox 1117 4894 1274 4961; x_wconf 88' lang='grc' dir='ltr'>λόγος</span> <span class='ocrx_word' id='word_1_717' title='bbox 1330 4891 1621 4956; x_wconf 76' lang='grc' dir='ltr'>διεξελθεῖν</span> <span class='ocrx_word' id='word_1_718' title='bbox 1656 4890 1842 4961; x_wconf 86' lang='grc' dir='ltr'>βούλε-</span> 
     </span>
    </p>
   </div>
   <div class='ocr_carea' id='block_1_97' title="bbox 261 4982 1872 5058">
    <p class='ocr_par' dir='ltr' id='par_1_97' title="bbox 261 4982 1872 5058">
     <span class='ocr_line' id='line_1_97' title="bbox 261 4982 1872 5058; baseline -0.004 -16"><span class='ocrx_word' id='word_1_719' title='bbox 261 5003 380 5054; x_wconf 79' lang='grc' dir='ltr'>ται,</span> <span class='ocrx_word' id='word_1_720' title='bbox 409 4991 502 5043; x_wconf 80' lang='grc' dir='ltr'>καὶ</span> <span class='ocrx_word' id='word_1_721' title='bbox 524 4991 696 5053; x_wconf 77' lang='grc' dir='ltr'>ειπείν</span> <span class='ocrx_word' id='word_1_722' title='bbox 732 4988 919 5058; x_wconf 74' lang='grc' dir='ltr'>μεῖζον</span> <span class='ocrx_word' id='word_1_723' title='bbox 971 4987 1068 5039; x_wconf 77' lang='grc' dir='ltr'>καὶ</span> <span class='ocrx_word' id='word_1_724' title='bbox 1100 4985 1334 5039; x_wconf 79' lang='grc' dir='ltr'>ἀκοῦσαι</span> <span class='ocrx_word' id='word_1_725' title='bbox 1388 4982 1838 5054; x_wconf 80' lang='grc' dir='ltr'>παραδοξότερον.</span> <span class='ocrx_word' id='word_1_726' title='bbox 1859 4992 1872 5023; x_wconf 80' lang='grc'><strong>’-</strong></span> 
     </span>
    </p>
   </div>
   <div class='ocr_carea' id='block_1_98' title="bbox 262 5073 1840 5150">
    <p class='ocr_par' dir='ltr' id='par_1_98' title="bbox 262 5073 1840 5150">
     <span class='ocr_line' id='line_1_98' title="bbox 262 5073 1840 5150; baseline -0.006 -15"><span class='ocrx_word' id='word_1_727' title='bbox 262 5082 461 5143; x_wconf 85' lang='grc' dir='ltr'>Ἀλλος</span> <span class='ocrx_word' id='word_1_728' title='bbox 493 5098 599 5147; x_wconf 91' lang='grc' dir='ltr'>τις,</span> <span class='ocrx_word' id='word_1_729' title='bbox 620 5080 720 5149; x_wconf 80' lang='grc' dir='ltr'>τὴν</span> <span class='ocrx_word' id='word_1_730' title='bbox 752 5080 854 5150; x_wconf 74' lang='grc' dir='ltr'>μὲν</span> <span class='ocrx_word' id='word_1_731' title='bbox 888 5077 1107 5148; x_wconf 78' lang='grc' dir='ltr'>ἡλικίαν</span> <span class='ocrx_word' id='word_1_732' title='bbox 1136 5079 1276 5139; x_wconf 64' lang='grc' dir='ltr'>νέοέ,</span> <span class='ocrx_word' id='word_1_733' title='bbox 1310 5075 1493 5139; x_wconf 69' lang='grc' dir='ltr'>ἄθλιος</span> <span class='ocrx_word' id='word_1_734' title='bbox 1534 5073 1591 5127; x_wconf 66' lang='grc' dir='ltr'>δὲ</span> <span class='ocrx_word' id='word_1_735' title='bbox 1618 5076 1717 5143; x_wconf 79' lang='grc' dir='ltr'>τὴν</span> <span class='ocrx_word' id='word_1_736' title='bbox 1739 5076 1840 5143; x_wconf 80' lang='grc' dir='ltr'>ψυ-</span> 
     </span>
    </p>
   </div>
   <div class='ocr_carea' id='block_1_99' title="bbox 256 5166 1840 5245">
    <p class='ocr_par' dir='ltr' id='par_1_99' title="bbox 256 5166 1840 5245">
     <span class='ocr_line' id='line_1_99' title="bbox 256 5166 1840 5245; baseline -0.005 -21"><span class='ocrx_word' id='word_1_737' title='bbox 256 5175 383 5245; x_wconf 78' lang='grc' dir='ltr'>χὴν,</span> <span class='ocrx_word' id='word_1_738' title='bbox 416 5174 522 5227; x_wconf 79' lang='grc' dir='ltr'>ὑπὸ</span> <span class='ocrx_word' id='word_1_739' title='bbox 552 5171 729 5226; x_wconf 83' lang='grc' dir='ltr'>δεινοῦ</span> <span class='ocrx_word' id='word_1_740' title='bbox 752 5170 844 5224; x_wconf 82' lang='grc' dir='ltr'><strong>τοῦ</strong></span> <span class='ocrx_word' id='word_1_741' title='bbox 876 5170 1131 5241; x_wconf 86' lang='grc' dir='ltr'>δαίμονος</span> <span class='ocrx_word' id='word_1_742' title='bbox 1155 5167 1538 5236; x_wconf 63' lang='grc' dir='ltr'>ἐλαυνόμενος,</span> <span class='ocrx_word' id='word_1_743' title='bbox 1571 5166 1702 5218; x_wconf 68' lang='grc' dir='ltr'>ποτε</span> <span class='ocrx_word' id='word_1_744' title='bbox 1742 5170 1840 5235; x_wconf 83' lang='grc' dir='ltr'>μὲν</span> 
     </span>
    </p>
   </div>
   <div class='ocr_carea' id='block_1_100' title="bbox 257 5252 1837 5331">
    <p class='ocr_par' dir='ltr' id='par_1_100' title="bbox 257 5252 1837 5331">
     <span class='ocr_line' id='line_1_100' title="bbox 257 5252 1837 5331; baseline -0.006 -17"><span class='ocrx_word' id='word_1_745' title='bbox 257 5264 360 5331; x_wconf 73' lang='grc' dir='ltr'>τὴν</span> <span class='ocrx_word' id='word_1_746' title='bbox 392 5259 598 5328; x_wconf 62' lang='grc' dir='ltr'>ἐσθῆτα</span> <span class='ocrx_word' id='word_1_747' title='bbox 633 5260 1031 5329; x_wconf 75' lang='grc' dir='ltr'>περιρρηγνὺς,</span> <span class='ocrx_word' id='word_1_748' title='bbox 1079 5254 1289 5327; x_wconf 81' lang='grc' dir='ltr'>γυμνὸς</span> <span class='ocrx_word' id='word_1_749' title='bbox 1338 5254 1618 5321; x_wconf 78' lang='grc' dir='ltr'>ἀλώμενος</span> <span class='ocrx_word' id='word_1_750' title='bbox 1646 5252 1837 5305; x_wconf 86' lang='grc' dir='ltr'>διεδεί-</span> 
     </span>
    </p>
   </div>
   <div class='ocr_carea' id='block_1_101' title="bbox 261 5344 1839 5418">
    <p class='ocr_par' dir='ltr' id='par_1_101' title="bbox 261 5344 1839 5418">
     <span class='ocr_line' id='line_1_101' title="bbox 261 5344 1839 5418; baseline -0.004 -13"><span class='ocrx_word' id='word_1_751' title='bbox 261 5370 446 5413; x_wconf 84' lang='grc' dir='ltr'>κνυτο,</span> <span class='ocrx_word' id='word_1_752' title='bbox 480 5353 608 5403; x_wconf 66' lang='grc' dir='ltr'>ποτὲ</span> <span class='ocrx_word' id='word_1_753' title='bbox 647 5351 703 5403; x_wconf 77' lang='grc' dir='ltr'>δὲ</span> <span class='ocrx_word' id='word_1_754' title='bbox 758 5352 854 5403; x_wconf 76' lang='grc' dir='ltr'>καὶ</span> <span class='ocrx_word' id='word_1_755' title='bbox 889 5350 1031 5403; x_wconf 76' lang='grc' dir='ltr'>κατὰ</span> <span class='ocrx_word' id='word_1_756' title='bbox 1068 5348 1332 5418; x_wconf 77' lang='grc' dir='ltr'>κρημνῶν</span> <span class='ocrx_word' id='word_1_757' title='bbox 1369 5364 1426 5399; x_wconf 86' lang='grc' dir='ltr'><strong>τε</strong></span> <span class='ocrx_word' id='word_1_758' title='bbox 1463 5349 1557 5397; x_wconf 69' lang='grc' dir='ltr'>καὶ</span> <span class='ocrx_word' id='word_1_759' title='bbox 1599 5344 1839 5415; x_wconf 77' lang='grc' dir='ltr'>βοθύνων</span> 
     </span>
    </p>
   </div>
   <div class='ocr_carea' id='block_1_102' title="bbox 258 5436 1838 5512">
    <p class='ocr_par' dir='ltr' id='par_1_102' title="bbox 258 5436 1838 5512">
     <span class='ocr_line' id='line_1_102' title="bbox 258 5436 1838 5512; baseline -0.004 -17"><span class='ocrx_word' id='word_1_760' title='bbox 258 5444 579 5512; x_wconf 65' lang='grc' dir='ltr'>φερόμενος,</span> <span class='ocrx_word' id='word_1_761' title='bbox 618 5441 808 5493; x_wconf 78' lang='grc' dir='ltr'>ἄλλοτε</span> <span class='ocrx_word' id='word_1_762' title='bbox 848 5443 925 5503; x_wconf 86' lang='grc' dir='ltr'><strong>είς</strong></span> <span class='ocrx_word' id='word_1_763' title='bbox 956 5440 1057 5510; x_wconf 79' lang='grc' dir='ltr'>ὅρη</span> <span class='ocrx_word' id='word_1_764' title='bbox 1103 5439 1200 5491; x_wconf 83' lang='grc' dir='ltr'>καὶ</span> <span class='ocrx_word' id='word_1_765' title='bbox 1240 5439 1482 5509; x_wconf 63' lang='grc' dir='ltr'>ἐρημίας</span> <span class='ocrx_word' id='word_1_766' title='bbox 1512 5436 1838 5491; x_wconf 83' lang='grc' dir='ltr'>ἀποπλανώ-</span> 
     </span>
    </p>
   </div>
   <div class='ocr_carea' id='block_1_103' title="bbox 260 5527 1834 5603">
    <p class='ocr_par' dir='ltr' id='par_1_103' title="bbox 260 5527 1834 5603">
     <span class='ocr_line' id='line_1_103' title="bbox 260 5527 1834 5603; baseline -0.004 -18"><span class='ocrx_word' id='word_1_767' title='bbox 260 5551 444 5603; x_wconf 79' lang='grc' dir='ltr'>μενος,</span> <span class='ocrx_word' id='word_1_768' title='bbox 472 5533 590 5592; x_wconf 81' lang='grc' dir='ltr'>ιστι</span> <span class='ocrx_word' id='word_1_769' title='bbox 615 5533 671 5585; x_wconf 73' lang='grc' dir='ltr'>δὲ</span> <span class='ocrx_word' id='word_1_770' title='bbox 694 5535 782 5585; x_wconf 82' lang='grc' dir='ltr'>ὅτε</span> <span class='ocrx_word' id='word_1_771' title='bbox 812 5533 906 5584; x_wconf 78' lang='grc' dir='ltr'>καὶ</span> <span class='ocrx_word' id='word_1_772' title='bbox 938 5527 1060 5583; x_wconf 81' lang='grc' dir='ltr'>καθ’</span> <span class='ocrx_word' id='word_1_773' title='bbox 1087 5529 1299 5583; x_wconf 81' lang='grc' dir='ltr'>ὑδάτων</span> <span class='ocrx_word' id='word_1_774' title='bbox 1328 5528 1529 5592; x_wconf 80' lang='grc' dir='ltr'>ἀθλίως</span> <span class='ocrx_word' id='word_1_775' title='bbox 1568 5527 1834 5599; x_wconf 76' lang='grc' dir='ltr'>βαλλόμεο</span> 
     </span>
    </p>
   </div>
   <div class='ocr_carea' id='block_1_104' title="bbox 259 5613 1836 5691">
    <p class='ocr_par' dir='ltr' id='par_1_104' title="bbox 259 5613 1836 5691">
     <span class='ocr_line' id='line_1_104' title="bbox 259 5613 1836 5691; baseline -0.003 -15"><span class='ocrx_word' id='word_1_776' title='bbox 259 5640 370 5690; x_wconf 72' lang='grc' dir='ltr'>νος,</span> <span class='ocrx_word' id='word_1_777' title='bbox 422 5622 652 5676; x_wconf 88' lang='grc' dir='ltr'>θάνατον</span> <span class='ocrx_word' id='word_1_778' title='bbox 699 5621 876 5691; x_wconf 68' lang='grc' dir='ltr'>ἑαυτῷ</span> <span class='ocrx_word' id='word_1_779' title='bbox 918 5622 1138 5691; x_wconf 70' lang='grc' dir='ltr'>ἠπείλει</span> <span class='ocrx_word' id='word_1_780' title='bbox 1173 5622 1265 5675; x_wconf 81' lang='grc' dir='ltr'>τὸν</span> <span class='ocrx_word' id='word_1_781' title='bbox 1318 5620 1614 5674; x_wconf 76' lang='grc' dir='ltr'>οἴκτιστον.</span> <span class='ocrx_word' id='word_1_782' title='bbox 1667 5613 1836 5681; x_wconf 74' lang='grc' dir='ltr'>Οὗτος</span> 
     </span>
    </p>
   </div>
   <div class='ocr_carea' id='block_1_105' title="bbox 1948 4609 3522 4680">
    <p class='ocr_par' dir='ltr' id='par_1_105' title="bbox 1948 4609 3522 4680">
     <span class='ocr_line' id='line_1_105' title="bbox 1948 4609 3522 4680; baseline 0.006 -17"><span class='ocrx_word' id='word_1_783' title='bbox 1948 4610 2231 4664; x_wconf 86' lang='lat' dir='ltr'><strong>naturales</strong></span> <span class='ocrx_word' id='word_1_784' title='bbox 2274 4609 2583 4663; x_wconf 88' lang='lat' dir='ltr'><strong>emiserunt</strong></span> <span class='ocrx_word' id='word_1_785' title='bbox 2639 4609 2911 4680; x_wconf 78' lang='lat' dir='ltr'><strong>quidquid</strong></span> <span class='ocrx_word' id='word_1_786' title='bbox 2970 4622 3087 4667; x_wconf 88' lang='lat' dir='ltr'><strong>erat</strong></span> <span class='ocrx_word' id='word_1_787' title='bbox 3130 4613 3418 4670; x_wconf 88' lang='lat' dir='ltr'><strong>humidum</strong></span> <span class='ocrx_word' id='word_1_788' title='bbox 3464 4632 3522 4672; x_wconf 90' lang='lat' dir='ltr'><strong>et</strong></span> 
     </span>
    </p>
   </div>
   <div class='ocr_carea' id='block_1_106' title="bbox 1949 4701 3522 4771">
    <p class='ocr_par' dir='ltr' id='par_1_106' title="bbox 1949 4701 3522 4771">
     <span class='ocr_line' id='line_1_106' title="bbox 1949 4701 3522 4771; baseline 0.005 -18"><span class='ocrx_word' id='word_1_789' title='bbox 1949 4702 2233 4754; x_wconf 54' lang='lat' dir='ltr'><strong>saniosum</strong></span> <span class='ocrx_word' id='word_1_790' title='bbox 2273 4717 2286 4754; x_wconf 88' lang='lat'><strong>:</strong></span> <span class='ocrx_word' id='word_1_791' title='bbox 2318 4710 2374 4755; x_wconf 92' lang='lat' dir='ltr'><strong>et</strong></span> <span class='ocrx_word' id='word_1_792' title='bbox 2416 4708 2646 4771; x_wconf 89' lang='lat' dir='ltr'><strong>purgata</strong></span> <span class='ocrx_word' id='word_1_793' title='bbox 2694 4701 2800 4755; x_wconf 77' lang='lat' dir='ltr'><strong>fuit</strong></span> <span class='ocrx_word' id='word_1_794' title='bbox 2838 4703 3051 4757; x_wconf 90' lang='lat' dir='ltr'><strong>interna</strong></span> <span class='ocrx_word' id='word_1_795' title='bbox 3084 4703 3360 4760; x_wconf 81' lang='lat' dir='ltr'><strong>viseerum</strong></span> <span class='ocrx_word' id='word_1_796' title='bbox 3392 4710 3522 4761; x_wconf 86' lang='lat' dir='ltr'><strong>uni-</strong></span> 
     </span>
    </p>
   </div>
   <div class='ocr_carea' id='block_1_107' title="bbox 1948 4792 3182 4855">
    <p class='ocr_par' dir='ltr' id='par_1_107' title="bbox 1948 4792 3182 4855">
     <span class='ocr_line' id='line_1_107' title="bbox 1948 4792 3182 4855; baseline 0.003 -10"><span class='ocrx_word' id='word_1_797' title='bbox 1948 4807 2233 4846; x_wconf 77' lang='lat' dir='ltr'><strong>versorum</strong></span> <span class='ocrx_word' id='word_1_798' title='bbox 2266 4802 2565 4855; x_wconf 86' lang='lat' dir='ltr'><strong>structura,</strong></span> <span class='ocrx_word' id='word_1_799' title='bbox 2600 4799 2657 4846; x_wconf 89' lang='lat' dir='ltr'><strong>et</strong></span> <span class='ocrx_word' id='word_1_800' title='bbox 2694 4792 2857 4847; x_wconf 83' lang='lat' dir='ltr'><strong>homo</strong></span> <span class='ocrx_word' id='word_1_801' title='bbox 2877 4793 3182 4849; x_wconf 89' lang='lat' dir='ltr'><strong>convaluit.</strong></span> 
     </span>
    </p>
   </div>
   <div class='ocr_carea' id='block_1_108' title="bbox 2018 4881 3523 4956">
    <p class='ocr_par' dir='ltr' id='par_1_108' title="bbox 2018 4881 3523 4956">
     <span class='ocr_line' id='line_1_108' title="bbox 2018 4881 3523 4956; baseline 0.005 -21"><span class='ocrx_word' id='word_1_802' title='bbox 2018 4882 2106 4936; x_wconf 82' lang='lat' dir='ltr'><strong>Vl.</strong></span> <span class='ocrx_word' id='word_1_803' title='bbox 2138 4881 2391 4936; x_wconf 83' lang='lat' dir='ltr'><strong>Tertium</strong></span> <span class='ocrx_word' id='word_1_804' title='bbox 2424 4882 2540 4936; x_wconf 91' lang='lat' dir='ltr'><strong>vult</strong></span> <span class='ocrx_word' id='word_1_805' title='bbox 2572 4881 2657 4936; x_wconf 88' lang='lat' dir='ltr'><strong>bis</strong></span> <span class='ocrx_word' id='word_1_806' title='bbox 2708 4883 2950 4954; x_wconf 84' lang='lat' dir='ltr'><strong>adjicere</strong></span> <span class='ocrx_word' id='word_1_807' title='bbox 3002 4885 3204 4952; x_wconf 90' lang='lat' dir='ltr'><strong>oratio,</strong></span> <span class='ocrx_word' id='word_1_808' title='bbox 3250 4887 3396 4956; x_wconf 89' lang='lat' dir='ltr'><strong>quod</strong></span> <span class='ocrx_word' id='word_1_809' title='bbox 3438 4898 3523 4943; x_wconf 87' lang='lat' dir='ltr'><strong>est</strong></span> 
     </span>
    </p>
   </div>
   <div class='ocr_carea' id='block_1_109' title="bbox 1942 4976 3517 5046">
    <p class='ocr_par' dir='ltr' id='par_1_109' title="bbox 1942 4976 3517 5046">
     <span class='ocr_line' id='line_1_109' title="bbox 1942 4976 3517 5046; baseline 0.003 -16"><span class='ocrx_word' id='word_1_810' title='bbox 1942 4985 1997 5030; x_wconf 91' lang='lat' dir='ltr'><strong>et</strong></span> <span class='ocrx_word' id='word_1_811' title='bbox 2031 4976 2182 5030; x_wconf 88' lang='lat' dir='ltr'><strong>dictu</strong></span> <span class='ocrx_word' id='word_1_812' title='bbox 2217 4978 2414 5046; x_wconf 85' lang='lat' dir='ltr'><strong>majus,</strong></span> <span class='ocrx_word' id='word_1_813' title='bbox 2464 4984 2522 5029; x_wconf 92' lang='lat' dir='ltr'><strong>et</strong></span> <span class='ocrx_word' id='word_1_814' title='bbox 2561 4985 2790 5029; x_wconf 88' lang='lat' dir='ltr'><strong>narratu</strong></span> <span class='ocrx_word' id='word_1_815' title='bbox 2847 4976 3248 5033; x_wconf 87' lang='lat' dir='ltr'><strong>admirabilius.</strong></span> <span class='ocrx_word' id='word_1_816' title='bbox 3276 4980 3517 5045; x_wconf 81' lang='lat' dir='ltr'><strong>Quidam</strong></span> 
     </span>
    </p>
   </div>
   <div class='ocr_carea' id='block_1_110' title="bbox 1945 5061 3518 5131">
    <p class='ocr_par' dir='ltr' id='par_1_110' title="bbox 1945 5061 3518 5131">
     <span class='ocr_line' id='line_1_110' title="bbox 1945 5061 3518 5131; baseline 0.006 -17"><span class='ocrx_word' id='word_1_817' title='bbox 1945 5062 2086 5115; x_wconf 87' lang='lat' dir='ltr'><strong>alius</strong></span> <span class='ocrx_word' id='word_1_818' title='bbox 2136 5071 2302 5116; x_wconf 66' lang='lat' dir='ltr'><strong>aetate</strong></span> <span class='ocrx_word' id='word_1_819' title='bbox 2345 5061 2584 5131; x_wconf 74' lang='lat' dir='ltr'><strong>juvenis,</strong></span> <span class='ocrx_word' id='word_1_820' title='bbox 2628 5062 2796 5117; x_wconf 89' lang='lat' dir='ltr'><strong>miser</strong></span> <span class='ocrx_word' id='word_1_821' title='bbox 2840 5072 3025 5119; x_wconf 86' lang='lat' dir='ltr'><strong>autem</strong></span> <span class='ocrx_word' id='word_1_822' title='bbox 3072 5066 3258 5121; x_wconf 88' lang='lat' dir='ltr'><strong>animo</strong></span> <span class='ocrx_word' id='word_1_823' title='bbox 3308 5084 3338 5122; x_wconf 97' lang='lat' dir='ltr'><strong>a</strong></span> <span class='ocrx_word' id='word_1_824' title='bbox 3373 5084 3518 5124; x_wconf 65' lang='lat' dir='ltr'><strong>sevo</strong></span> 
     </span>
    </p>
   </div>
   <div class='ocr_carea' id='block_1_111' title="bbox 1943 5154 3518 5227">
    <p class='ocr_par' dir='ltr' id='par_1_111' title="bbox 1943 5154 3518 5227">
     <span class='ocr_line' id='line_1_111' title="bbox 1943 5154 3518 5227; baseline 0.006 -20"><span class='ocrx_word' id='word_1_825' title='bbox 1943 5154 2193 5209; x_wconf 68' lang='lat' dir='ltr'><strong>daemone</strong></span> <span class='ocrx_word' id='word_1_826' title='bbox 2252 5154 2514 5223; x_wconf 81' lang='lat' dir='ltr'><strong>agitatus,</strong></span> <span class='ocrx_word' id='word_1_827' title='bbox 2580 5155 2879 5223; x_wconf 85' lang='lat' dir='ltr'><strong>aliquando</strong></span> <span class='ocrx_word' id='word_1_828' title='bbox 2933 5168 3087 5213; x_wconf 87' lang='lat' dir='ltr'><strong>veste</strong></span> <span class='ocrx_word' id='word_1_829' title='bbox 3117 5170 3278 5227; x_wconf 90' lang='lat' dir='ltr'><strong>rupta</strong></span> <span class='ocrx_word' id='word_1_830' title='bbox 3334 5163 3518 5217; x_wconf 85' lang='lat' dir='ltr'><strong>nudus</strong></span> 
     </span>
    </p>
   </div>
   <div class='ocr_carea' id='block_1_112' title="bbox 1940 5246 3515 5322">
    <p class='ocr_par' dir='ltr' id='par_1_112' title="bbox 1940 5246 3515 5322">
     <span class='ocr_line' id='line_1_112' title="bbox 1940 5246 3515 5322; baseline 0.003 -20"><span class='ocrx_word' id='word_1_831' title='bbox 1940 5248 2162 5302; x_wconf 88' lang='lat' dir='ltr'><strong>errabat</strong></span> <span class='ocrx_word' id='word_1_832' title='bbox 2196 5265 2207 5301; x_wconf 93' lang='lat'>:</span> <span class='ocrx_word' id='word_1_833' title='bbox 2246 5246 2543 5316; x_wconf 90' lang='lat' dir='ltr'><strong>aliquando</strong></span> <span class='ocrx_word' id='word_1_834' title='bbox 2566 5248 2733 5301; x_wconf 89' lang='lat' dir='ltr'><strong>etiam</strong></span> <span class='ocrx_word' id='word_1_835' title='bbox 2761 5261 2821 5302; x_wconf 85' lang='lat' dir='ltr'><strong>se</strong></span> <span class='ocrx_word' id='word_1_836' title='bbox 2847 5248 2901 5302; x_wconf 95' lang='lat' dir='ltr'><strong>in</strong></span> <span class='ocrx_word' id='word_1_837' title='bbox 2932 5264 3131 5319; x_wconf 88' lang='lat' dir='ltr'><strong>aquam</strong></span> <span class='ocrx_word' id='word_1_838' title='bbox 3155 5252 3388 5322; x_wconf 88' lang='lat' dir='ltr'><strong>jaciens,</strong></span> <span class='ocrx_word' id='word_1_839' title='bbox 3412 5255 3515 5308; x_wconf 78' lang='lat' dir='ltr'><strong>sibi</strong></span> 
     </span>
    </p>
   </div>
   <div class='ocr_carea' id='block_1_113' title="bbox 1951 5337 3514 5412">
    <p class='ocr_par' dir='ltr' id='par_1_113' title="bbox 1951 5337 3514 5412">
     <span class='ocr_line' id='line_1_113' title="bbox 1951 5337 3514 5412; baseline 0.003 -19"><span class='ocrx_word' id='word_1_840' title='bbox 1951 5349 2183 5394; x_wconf 90' lang='lat' dir='ltr'><strong>mortem</strong></span> <span class='ocrx_word' id='word_1_841' title='bbox 2241 5337 2561 5393; x_wconf 85' lang='lat' dir='ltr'><strong>minabatur</strong></span> <span class='ocrx_word' id='word_1_842' title='bbox 2596 5338 2984 5393; x_wconf 87' lang='lat' dir='ltr'><strong>miserabilem.</strong></span> <span class='ocrx_word' id='word_1_843' title='bbox 3019 5340 3120 5396; x_wconf 87' lang='lat' dir='ltr'><strong>Hic</strong></span> <span class='ocrx_word' id='word_1_844' title='bbox 3164 5357 3295 5412; x_wconf 86' lang='lat' dir='ltr'><strong>ergo</strong></span> <span class='ocrx_word' id='word_1_845' title='bbox 3328 5359 3454 5398; x_wconf 88' lang='lat' dir='ltr'><strong>cum</strong></span> <span class='ocrx_word' id='word_1_846' title='bbox 3485 5360 3514 5397; x_wconf 73' lang='grc' dir='ltr'><strong>τι</strong></span> 
     </span>
    </p>
   </div>
   <div class='ocr_carea' id='block_1_114' title="bbox 1941 5429 3513 5504">
    <p class='ocr_par' dir='ltr' id='par_1_114' title="bbox 1941 5429 3513 5504">
     <span class='ocr_line' id='line_1_114' title="bbox 1941 5429 3513 5504; baseline 0.003 -20"><span class='ocrx_word' id='word_1_847' title='bbox 1941 5439 2206 5485; x_wconf 89' lang='lat' dir='ltr'><strong>consueta</strong></span> <span class='ocrx_word' id='word_1_848' title='bbox 2238 5440 2295 5487; x_wconf 89' lang='lat' dir='ltr'><strong>et</strong></span> <span class='ocrx_word' id='word_1_849' title='bbox 2322 5429 2658 5485; x_wconf 65' lang='lat' dir='ltr'><strong>daamoniaca</strong></span> <span class='ocrx_word' id='word_1_850' title='bbox 2686 5432 2844 5501; x_wconf 91' lang='lat' dir='ltr'><strong>plaga</strong></span> <span class='ocrx_word' id='word_1_851' title='bbox 2871 5432 3167 5502; x_wconf 87' lang='lat' dir='ltr'><strong>aliquando</strong></span> <span class='ocrx_word' id='word_1_852' title='bbox 3190 5435 3513 5504; x_wconf 70' lang='lat' dir='ltr'><strong>agitantur,</strong></span> 
     </span>
    </p>
   </div>
   <div class='ocr_carea' id='block_1_115' title="bbox 1942 5524 3514 5596">
    <p class='ocr_par' dir='ltr' id='par_1_115' title="bbox 1942 5524 3514 5596">
     <span class='ocr_line' id='line_1_115' title="bbox 1942 5524 3514 5596; baseline 0.002 -18"><span class='ocrx_word' id='word_1_853' title='bbox 1942 5526 1996 5578; x_wconf 92' lang='lat' dir='ltr'><strong>in</strong></span> <span class='ocrx_word' id='word_1_854' title='bbox 2042 5540 2213 5590; x_wconf 89' lang='lat' dir='ltr'><strong>mare,</strong></span> <span class='ocrx_word' id='word_1_855' title='bbox 2251 5524 2388 5594; x_wconf 89' lang='lat' dir='ltr'><strong>proh</strong></span> <span class='ocrx_word' id='word_1_856' title='bbox 2439 5524 2595 5579; x_wconf 89' lang='lat' dir='ltr'><strong>dolor</strong></span> <span class='ocrx_word' id='word_1_857' title='bbox 2635 5525 2916 5579; x_wconf 77' lang='lat' dir='ltr'><strong>lmaximo</strong></span> <span class='ocrx_word' id='word_1_858' title='bbox 2948 5527 3154 5596; x_wconf 90' lang='lat' dir='ltr'><strong>impetu</strong></span> <span class='ocrx_word' id='word_1_859' title='bbox 3217 5527 3514 5583; x_wconf 76' lang='lat' dir='ltr'><strong>ferebatur.</strong></span> 
     </span>
    </p>
   </div>
   <div class='ocr_carea' id='block_1_116' title="bbox 1942 5618 3513 5688">
    <p class='ocr_par' dir='ltr' id='par_1_116' title="bbox 1942 5618 3513 5688">
     <span class='ocr_line' id='line_1_116' title="bbox 1942 5618 3513 5688; baseline 0.003 -19"><span class='ocrx_word' id='word_1_860' title='bbox 1942 5618 2049 5671; x_wconf 85' lang='lat' dir='ltr'><strong>Sed</strong></span> <span class='ocrx_word' id='word_1_861' title='bbox 2087 5618 2231 5670; x_wconf 88' lang='lat' dir='ltr'><strong>Deus</strong></span> <span class='ocrx_word' id='word_1_862' title='bbox 2276 5632 2307 5670; x_wconf 92' lang='lat' dir='ltr'><strong>a</strong></span> <span class='ocrx_word' id='word_1_863' title='bbox 2355 5619 2572 5685; x_wconf 87' lang='lat' dir='ltr'><strong>superis</strong></span> <span class='ocrx_word' id='word_1_864' title='bbox 2610 5618 2728 5688; x_wconf 76' lang='lat' dir='ltr'><strong>ejus</strong></span> <span class='ocrx_word' id='word_1_865' title='bbox 2790 5618 2935 5672; x_wconf 89' lang='lat' dir='ltr'><strong>sistit</strong></span> <span class='ocrx_word' id='word_1_866' title='bbox 2988 5618 3280 5687; x_wconf 88' lang='lat' dir='ltr'><strong>impetum,</strong></span> <span class='ocrx_word' id='word_1_867' title='bbox 3312 5630 3513 5688; x_wconf 64' lang='lat' dir='ltr'><strong>prater</strong></span> 
     </span>
    </p>
   </div>
   <div class='ocr_carea' id='block_1_117' title="bbox 256 5707 1938 5783">
    <p class='ocr_par' dir='ltr' id='par_1_117' title="bbox 256 5710 1834 5783">
     <span class='ocr_line' id='line_1_117' title="bbox 256 5710 1834 5783; baseline -0.004 -17"><span class='ocrx_word' id='word_1_868' title='bbox 256 5712 350 5766; x_wconf 79' lang='grc' dir='ltr'><strong>οὑν</strong></span> <span class='ocrx_word' id='word_1_869' title='bbox 384 5713 488 5764; x_wconf 79' lang='grc' dir='ltr'>ὑπὸ</span> <span class='ocrx_word' id='word_1_870' title='bbox 524 5713 620 5783; x_wconf 82' lang='grc' dir='ltr'>τῆς</span> <span class='ocrx_word' id='word_1_871' title='bbox 646 5713 914 5782; x_wconf 69' lang='grc' dir='ltr'>συνήθους</span> <span class='ocrx_word' id='word_1_872' title='bbox 951 5712 1082 5765; x_wconf 65' lang='grc' dir='ltr'>ποτε</span> <span class='ocrx_word' id='word_1_873' title='bbox 1116 5712 1210 5765; x_wconf 77' lang='grc' dir='ltr'>καὶ</span> <span class='ocrx_word' id='word_1_874' title='bbox 1250 5712 1535 5781; x_wconf 85' lang='grc' dir='ltr'>δαιμονίας</span> <span class='ocrx_word' id='word_1_875' title='bbox 1565 5710 1834 5782; x_wconf 80' lang='grc' dir='ltr'>μάστιγος</span> 
     </span>
    </p>
   </div>
   <div class='ocr_carea' id='block_1_118' title="bbox 1828 5707 3510 5783">
    <p class='ocr_par' dir='ltr' id='par_1_118' title="bbox 1828 5707 3510 5778">
     <span class='ocr_line' id='line_1_118' title="bbox 1828 5707 3510 5778; baseline 0.002 -18"><span class='ocrx_word' id='word_1_876' title='bbox 1828 5728 1834 5769; x_wconf 83' lang='lat'><strong>,-</strong></span> <span class='ocrx_word' id='word_1_877' title='bbox 1938 5708 2255 5775; x_wconf 79' lang='lat' dir='ltr'><strong>Opinionem</strong></span> <span class='ocrx_word' id='word_1_878' title='bbox 2282 5707 2348 5761; x_wconf 88' lang='lat' dir='ltr'><strong>ad</strong></span> <span class='ocrx_word' id='word_1_879' title='bbox 2408 5723 2536 5762; x_wconf 88' lang='lat' dir='ltr'><strong>eum</strong></span> <span class='ocrx_word' id='word_1_880' title='bbox 2589 5724 2844 5778; x_wconf 88' lang='lat' dir='ltr'><strong>magnum</strong></span> <span class='ocrx_word' id='word_1_881' title='bbox 2885 5709 3167 5765; x_wconf 86' lang='lat' dir='ltr'><strong>adducens</strong></span> <span class='ocrx_word' id='word_1_882' title='bbox 3206 5709 3510 5778; x_wconf 88' lang='lat' dir='ltr'><strong>Patapium.</strong></span> 
     </span>
    </p>
   </div>
   <div class='ocr_carea' id='block_1_119' title="bbox 257 5799 1829 5874">
    <p class='ocr_par' dir='ltr' id='par_1_119' title="bbox 257 5799 1829 5874">
     <span class='ocr_line' id='line_1_119' title="bbox 257 5799 1829 5874; baseline -0.001 -19"><span class='ocrx_word' id='word_1_883' title='bbox 257 5803 637 5872; x_wconf 66' lang='grc' dir='ltr'>δλαυνόμενος,</span> <span class='ocrx_word' id='word_1_884' title='bbox 676 5806 815 5857; x_wconf 73' lang='grc' dir='ltr'>κατὰ</span> <span class='ocrx_word' id='word_1_885' title='bbox 844 5803 1124 5873; x_wconf 76' lang='grc' dir='ltr'>θαλάσσης</span> <span class='ocrx_word' id='word_1_886' title='bbox 1156 5806 1300 5873; x_wconf 78' lang='grc' dir='ltr'>οἴμοι</span> <span class='ocrx_word' id='word_1_887' title='bbox 1330 5808 1342 5857; x_wconf 87' lang='lat'><strong>!</strong></span> <span class='ocrx_word' id='word_1_888' title='bbox 1368 5804 1441 5866; x_wconf 77' lang='grc' dir='ltr'>ὡς</span> <span class='ocrx_word' id='word_1_889' title='bbox 1476 5799 1619 5871; x_wconf 71' lang='grc' dir='ltr'>εἶχεν</span> <span class='ocrx_word' id='word_1_890' title='bbox 1655 5804 1829 5874; x_wconf 45' lang='lat' dir='ltr'><strong>ita?»</strong></span> 
     </span>
    </p>
   </div>
   <div class='ocr_carea' id='block_1_120' title="bbox 580 5898 1261 5960">
    <p class='ocr_par' dir='ltr' id='par_1_120' title="bbox 580 5898 1261 5960">
     <span class='ocr_line' id='line_1_120' title="bbox 580 5898 1261 5960; baseline 0.003 -2"><span class='ocrx_word' id='word_1_891' title='bbox 580 5901 845 5960; x_wconf 68' lang='lat' dir='ltr'><strong>Parnm.</strong></span> <span class='ocrx_word' id='word_1_892' title='bbox 892 5901 1006 5959; x_wconf 81' lang='lat' dir='ltr'><strong>Gn.</strong></span> <span class='ocrx_word' id='word_1_893' title='bbox 1038 5898 1142 5957; x_wconf 73' lang='lat' dir='ltr'><strong>CX</strong></span> <span class='ocrx_word' id='word_1_894' title='bbox 1160 5902 1261 5960; x_wconf 74' lang='lat' dir='ltr'><strong>Vl.</strong></span> 
     </span>
    </p>
   </div>
   <div class='ocr_carea' id='block_1_121' title="bbox 1941 5798 3509 5867">
    <p class='ocr_par' dir='ltr' id='par_1_121' title="bbox 1941 5798 3509 5867">
     <span class='ocr_line' id='line_1_121' title="bbox 1941 5798 3509 5867; baseline 0.003 -18"><span class='ocrx_word' id='word_1_895' title='bbox 1941 5799 2070 5851; x_wconf 63' lang='lat' dir='ltr'><strong>Nam</strong></span> <span class='ocrx_word' id='word_1_896' title='bbox 2101 5815 2223 5851; x_wconf 76' lang='lat' dir='ltr'><strong>cum</strong></span> <span class='ocrx_word' id='word_1_897' title='bbox 2258 5798 2304 5850; x_wconf 86' lang='lat' dir='ltr'><strong>ei</strong></span> <span class='ocrx_word' id='word_1_898' title='bbox 2342 5814 2406 5851; x_wconf 78' lang='lat' dir='ltr'><strong>ex</strong></span> <span class='ocrx_word' id='word_1_899' title='bbox 2441 5799 2724 5867; x_wconf 81' lang='lat' dir='ltr'><strong>inopinato</strong></span> <span class='ocrx_word' id='word_1_900' title='bbox 2757 5801 3090 5854; x_wconf 73' lang='lat' dir='ltr'><strong>occurrisset</strong></span> <span class='ocrx_word' id='word_1_901' title='bbox 3114 5799 3509 5862; x_wconf 68' lang='lat' dir='ltr'><strong>dzemoniacus,</strong></span> 
     </span>
    </p>
   </div>
   <div class='ocr_carea' id='block_1_122' title="bbox 3051 5892 3121 5950">
    <p class='ocr_par' dir='ltr' id='par_1_122' title="bbox 3051 5892 3121 5950">
     <span class='ocr_line' id='line_1_122' title="bbox 3051 5892 3121 5950; baseline -0.029 0"><span class='ocrx_word' id='word_1_902' title='bbox 3051 5892 3121 5950; x_wconf 72' lang='grc'><strong>12</strong></span> 
     </span>
    </p>
   </div>
  </div>
