4260 6430
700 392 808 452 303

1935 377 2222 440 \lENSlS
2266 376 2710 440 DECEMBER.

3862 373 3982 436 3.64

711 495 914 565 incipit
947 490 1170 562 quidem
1193 488 1539 552 conturbari,
1567 498 1624 543 et
1658 489 1858 544 misere
1885 491 1937 542 in
1964 489 2157 545 urbem
2175 490 2284 544 sal-
2318 499 2357 552 Α

2318 499 2357 552 Α
2399 489 2508 551 τῶς
2546 489 2798 558 ἐφέρετο.
2866 485 3005 538 Ἀλλ’
3046 485 3226 556 τοτησι
3262 483 3393 548 Θεὸς
3432 483 3642 539 ὄνωθεν
3673 483 3772 555 τὴν
3797 492 3984 555 φορὰν

707 603 844 653 tare,
900 601 1149 655 spumam
1205 591 1388 637 ουιειη
1447 599 1513 638 ex
1544 597 1638 637 OI‘C
1663 597 1956 652 exspuere,
2009 593 2066 636 et
2095 582 2285 636 OCIIIOS

707 686 1042 746 pervertere,
1074 672 1336 727 dentibus
1359 687 1492 726 vero
1515 672 1772 734 stridere.
1803 681 1860 727 et
1914 671 1982 726 ad
2028 682 2282 727 sanctum

709 765 906 819 minaci
935 773 987 816 et
1013 761 1216 816 caedem
1249 762 1479 831 spiranti
1508 761 1710 816 intueri
1741 763 1960 817 obtutu.
1988 761 2283 832 Postquam

710 865 893 909 autem
926 854 1121 908 fuisset
1152 853 1403 921 propius,
1439 851 1778 906 daemonium
1811 867 1976 906 voces
1996 851 2287 905 emittebat

709 945 1073 1008 miserabiles,
1101 943 1292 999 dicens
1324 963 1335 997 :
1362 943 1407 1000 Ο
1438 945 1838 999 calamitatem!
1867 943 2010 1010 Quid
2036 945 2139 997 hoc
2159 957 2244 997 est
2267 945 2288 996 ?

711 1042 798 1094 hic
823 1054 1041 1108 quoque
1091 1052 1286 1094 rursus
1313 1048 1396 1093 est
1428 1037 1729 1106 Patapius?
1755 1036 1898 1103 Quid
1931 1036 2126 1108 again?
2165 1036 2285 1100 Quo

711 1147 796 1185 me
831 1129 1079 1184 vertam?
1124 1129 1353 1186 Ubinam
1411 1128 1682 1198 deinceps
1731 1127 2016 1192 habitabo,
2047 1126 2142 1196 qui
2169 1128 2280 1195 jam

711 1222 945 1276 multum
977 1222 1248 1287 laboravi,
1284 1232 1339 1276 et
1363 1222 1448 1275 vis
1487 1220 1670 1276 inveni
1713 1220 2108 1284 habitaculum,
2140 1227 2196 1273 et
2219 1233 2286 1274 ex

708 1327 775 1365 eo
807 1327 906 1382 per
957 1311 1063 1364 vim
1125 1311 1413 1379 expellor?
1449 1310 1587 1366 Vere
1621 1309 1886 1365 terribilis
1910 1325 1993 1374 es,
2025 1323 2060 1362 o
2107 1307 2285 1363 Nasa-

713 1423 860 1467 reue,
899 1419 1025 1458 vere
1063 1403 1351 1467 terribilis,
1387 1412 1443 1457 et
1487 1403 1693 1472 ubique
1738 1402 1794 1457 iu
1824 1416 2019 1457 omnes
2062 1401 2285 1457 obtines

712 1500 1020 1565 imperium.
1051 1496 1172 1562 Quo
1224 1511 1354 1566 ergo
1397 1495 1750 1564 proficiscar?
1781 1493 1841 1550 Si
1877 1493 1934 1547 in
1981 1492 2284 1557 desertum,

710 1592 753 1643 si
791 1590 844 1641 in
882 1589 1157 1650 civitates,
1201 1588 1244 1642 si
1300 1586 1621 1655 ubicunque
1650 1587 1855 1640 dixerit
1908 1586 2133 1655 aliquis,
2170 1587 2288 1655 ipse

2388 578 2484 632 ἐπὶ
2511 579 2745 649 στόματι
2775 575 2930 647 αύτῷ
2959 574 3285 646 παρεδόξως
3315 575 3410 628 τὸν
3449 575 3629 644 μέγαν
3669 575 3986 629 Πατάπιον.

2387 672 2577 740 Τούτῳ
2618 670 2729 740 γάρ
2779 669 2841 734 ιε
2870 669 3137 739 ἀδοκήτου
3199 667 3551 738 συναντήσας
3607 667 3638 720 δ
3676 667 3986 738 δαιμονῶν,

2386 766 2616 838 ἄρχεται
2651 765 2753 835 μὲν
2782 763 3172 835 ταράττεσθαι,
3209 761 3303 816 καὶ
3332 756 3474 818 ἄλλα
3498 761 3568 815 τά
3605 761 3745 832 πρὸς
3773 761 3987 815 κύκλον

2387 857 2649 914 ἅλλεσθαι
2713 855 2976 926 δυστυχῆ,
3006 855 3182 926 ἀφρὸν
3229 854 3286 907 δδ
3327 855 3424 909 τοῦ
3485 855 3758 925 στόματος
3790 868 3989 924 παρα-

2389 950 2602 1014 πτύειν,
2635 951 2728 1006 καὶ
2761 947 3114 1019 διαστρέφειν
3145 949 3274 1013 τοὺς
3308 946 3650 1018 ὀφθαλμοὺς,
3675 945 3886 1016 τρίζειν
3921 964 3985 999 τε

2389 1041 2511 1100 τοὺ,
2537 1040 2778 1104 ὀδόντας,
2821 1039 2915 1094 καὶ
2947 1038 3088 1110 πρὸς
3108 1038 3203 1093 τὸν
3233 1039 3383 1092 ὅσιον
3409 1039 3644 1108 άφορᾷν,
3672 1032 3784 1091 οἷον
3813 1039 3986 1092 άπει-

2393 1133 2616 1202 λητικόν
2657 1149 2712 1186 τι
2737 1133 2836 1186 καὶ
2877 1133 3084 1202 φόνιον.
3129 1132 3288 1186 Ἐπεὶ
3320 1132 3379 1185 δὲ
3403 1133 3501 1186 καὶ
3533 1129 3704 1199 ἐγγυς
3740 1129 3984 1198 γένοιτο,

2389 1227 2615 1296 οἰκτρὰς
2653 1225 2714 1279 τὸ
2745 1225 3032 1295 δαιμόνιον
3088 1225 3242 1295 ἠφίει
3301 1223 3509 1294 φωνάς,
3553 1223 3739 1292 υίμοι,
3776 1222 3986 1290 λέγων,

2389 1321 2490 1388 τῆς
2520 1318 2841 1389 συμφορᾶςὶ
2885 1317 2954 1371 τί
3003 1315 3196 1379 τοῦτο;
3242 1314 3522 1370 κάνταῦθα
3579 1315 3744 1368 πάλιν
3796 1316 3988 1368 Πατά-

2392 1425 2543 1474 πιος;
2593 1409 2689 1474 Τίς
2722 1411 3019 1480 γένωμαι;
3059 1411 3153 1462 ποί
3185 1411 3520 1478 τράπωμαι;
3555 1407 3690 1462 Τίνα
3727 1408 3825 1462 τοῦ
3871 1409 3989 1461 λοι.

2392 1502 2498 1556 ποῦ
2528 1503 2870 1572 κατοικήσω,
2899 1501 3070 1555 πολλά
3105 1501 3306 1572 καμὼν
3333 1501 3432 1571 ἥδη
3487 1501 3584 1554 καὶ
3620 1499 3773 1570 μόλις
3797 1499 3990 1570 εύρὼν

2389 1596 2705 1665 οἰκητήριον
2731 1634 2746 1655 ,
2776 1595 2872 1648 καὶ
2914 1594 3108 1648 τούτου
3141 1595 3237 1648 νῦν
3267 1594 3457 1665 βιαίως
3498 1594 3945 1662 ἀπελαυνόμενος
3970 1611 3986 1655 ;

713 1684 840 1734 illuc
873 1681 1147 1749 pervenis,
1196 1679 1312 1734 sola
1347 1680 1534 1735 crucis
1567 1680 1759 1750 ﬁgura,
1787 1680 1908 1736 solo
1937 1687 2034 1734 tuo
2060 1680 2284 1736 nomine
2393 1728 2395 1739 .

2393 1689 2596 1752 Δεινδς,
2621 1683 2666 1742 ὦ
2693 1687 3010 1758 Ναζιυραίε,
3057 1688 3124 1742 σὺ
3156 1728 3172 1752 ,
3206 1687 3378 1750 δεινὸς
3407 1687 3540 1757 ἄρα,
3566 1689 3661 1739 καὶ
3694 1685 3988 1754 πανταχοῦ

708 1791 811 1827 nos
844 1775 1139 1843 expellens.
1172 1773 1360 1828 Victus
1399 1787 1542 1834 sum,
1580 1781 1879 1842 superatus
1910 1787 2041 1827 sum
2073 1790 2085 1826 :
2121 1787 2287 1842 cogor
2318 1846 2348 1850 _

2318 1846 2348 1850 _
2395 1781 2613 1835 πάντων
2672 1778 2913 1850 κρατῶν.
2968 1777 3079 1832 Ποῦ
3128 1780 3310 1831 τοίνυν
3365 1778 3677 1848 άφίξομαις
3740 1777 3860 1830 ’Ἁν-
3898 1779 3987 1837 εἰς

713 1868 986 1920 ret-edere.
1032 1867 1154 1919 Haec
1223 1865 1496 1935 malignus
1548 1864 1884 1934 loquebatur
1931 1865 2184 1934 spiritus,
2226 1873 2283 1918 et
2317 1846 2395 1924 Βι

2317 1846 2359 1902 Β
2387 1873 2613 1943 ερημον,
2670 1846 2736 1927 ἂν
2766 1875 2848 1934 εἰς
2885 1871 3095 1938 πόλεις,
3135 1871 3206 1926 ἂν
3229 1873 3365 1926 ὅπου
3401 1846 3486 1929 τις
3536 1846 3708 1933 εῐποι,
3749 1870 3983 1938 φθάνεις

707 1962 964 2029 juvenem
1002 1959 1054 2012 in
1111 1957 1349 2012 medium
1407 1971 1594 2013 aerem
1662 1956 1975 2012 escutiebat
2023 1957 2280 2012 saltibus.

715 2053 936 2119 Magnus
959 2061 1144 2104 autem
1175 2051 1267 2106 ille
1296 2049 1392 2105 Dei
1416 2050 1621 2106 athleta
1644 2065 1768 2105 cum
1801 2051 1856 2105 in
1888 2066 2017 2106 aere
2065 2066 2286 2105 crucem

715 2147 1004 2198 tormasset
1032 2145 1226 2213 digito,
1257 2152 1313 2198 et
1333 2158 1458 2197 eum
1490 2157 1558 2197 eo
1613 2144 1798 2207 modo,
1834 2158 1946 2212 quo
1997 2144 2287 2206 Dominus,

715 2238 1057 2304 increpasset
1089 2257 1102 2287 .
1137 2233 1434 2304 Egredere,
1475 2233 1673 2304 inquit,
1709 2233 1990 2288 immunde
2035 2235 2285 2304 spiritus,

710 2327 1016 2398 egredere;
1051 2326 1141 2380 abi
1173 2327 1362 2397 procul
1411 2326 1466 2380 in
1498 2325 1850 2382 solitudines.
1873 2325 2134 2382 Christus
2165 2328 2281 2382 hac

719 2418 818 2471 tibi
845 2432 941 2485 per
977 2431 1066 2472 me
1108 2417 1378 2486 praecipit,
1410 2418 1569 2484 cujus
1610 2418 1908 2486 potentiam
1945 2418 2030 2472 vel
2083 2418 2292 2472 invitus

719 2526 779 2564 es
812 2509 1114 2565 confessus.
1143 2508 1270 2565 Haec
1301 2524 1428 2564 cum
1480 2509 1735 2580 jussisset
1780 2510 2056 2580 Patapius,
2101 2512 2290 2567 adole-

727 2615 975 2660 scentem
1022 2605 1344 2675 discerpens
1394 2605 1640 2675 spiritus,
1684 2614 1843 2658 terra:
1869 2606 2058 2670 allisit,
2087 2616 2142 2660 et
2194 2623 2291 2675 per

705 2715 778 2752 es
822 2707 1080 2768 tanquam
1130 2696 1355 2767 quidam
1387 2696 1571 2750 fumus
1621 2696 1756 2750 exiit
1798 2704 1854 2749 et
1906 2696 2118 2767 effugit.
2151 2697 2289 2752 Cum

713 2803 896 2842 autem
925 2789 992 2842 ad
1013 2804 1071 2842 se
1103 2788 1357 2842 rediisset
1381 2787 1721 2852 adolescens,
1748 2788 2152 2858 lacrymatiatur
2172 2805 2286 2860 pra:

710 2880 1054 2949 gaudiozet
1107 2879 1346 2948 primum
1407 2879 1628 2947 quidem
1668 2879 1802 2946 Deo,
1862 2883 2108 2935 secundo
2162 2898 2290 2937 vero

721 2973 940 3040 Patapi-n
967 2971 1279 3026 ascribebat
1301 2972 1560 3026 salutem.

2391 1963 2554 2027 αὐτὸς
2607 1964 2810 2030 ὲκεῐσε,
2874 1965 3022 2033 μόνῳ
3050 1961 3130 2033 τῷ
3184 1962 3282 2016 τοῦ
3342 1960 3586 2030 σταυροῦ
3655 1977 3749 2013 σου
3792 1961 3985 2029 τύπῳ,

2395 2055 2542 2124 μόνῳ
2589 2054 2668 2119 τῷ
2699 2054 2778 2125 σῷ
2826 2055 3054 2124 ὀνόματι
3115 2053 3362 2107 έλαύνων
3407 2054 3580 2124 ἡμᾶς.
3641 2053 3986 2121 Νενίκημαι,

2392 2148 2656 2216 ἧττημαι,
2698 2146 3006 2216 ὑποχωρεῖν
3043 2147 3360 2215 έπειγομαι.
3407 2143 3595 2198 Ταῦτα
3627 2142 3689 2195 τὸ
3741 2141 3988 2212 πονηρὸν

2391 2239 2690 2310 έφθέγγετο
2734 2239 2979 2310 πνεῦμα,
3027 2238 3123 2293 καὶ
3168 2238 3260 2292 τὸν
3284 2237 3406 2292 νέον
3459 2239 3600 2307 πρὸς
3631 2236 3771 2305 ἀέρα
3806 2235 3985 2305 μέσον

2392 2338 2506 2397 τοῖς
2559 2334 2803 2404 ἅλμασιν
2852 2333 3222 2399 ἑξετίνασσεν.
3265 2331 3324 2386 '0
3376 2330 3433 2384 δι
3483 2330 3658 2399 μέγας
3687 2327 3785 2381 τοῦ
3839 2328 3984 2382 Θεοῦ

2391 2425 2690 2496 ἀριστεὺς,
2740 2425 2802 2479 τὸ
2840 2425 3055 2495 ἄμαχον
3095 2423 3282 2485 ὁπλον,
3327 2421 3424 2475 τὸν
3467 2418 3727 2488 σταυρὸν,
3762 2418 3844 2482 είς
3887 2417 3986 2470 τὸν

2393 2519 2534 2589 ἀέρα
2566 2518 2646 2589 τῷ
2665 2516 2914 2587 δακτύλῳ
2938 2515 3308 2580 διατυπώσας,
3334 2515 3431 2568 καὶ
3462 2511 3800 2583 Δεσποτικὴν
3824 2510 3985 2578 αὐτῷ

2393 2612 2698 2682 έπαγαγὼν
2749 2610 3093 2679 επιτίμησιν,
3151 2607 3398 2672 Ἔξελθε,
3440 2607 3600 2676 φησι,
3641 2604 3700 2658 τδ
3731 2601 3988 2671 ἀκάθαρ-

2393 2723 2485 2760 τον
2516 2705 2757 2772 πνεῦμα,
2779 2703 2988 2770 εξελθε,
3011 2703 3104 2754 καὶ
3132 2701 3352 2772 μακράν
3375 2715 3480 2752 που
3507 2700 3604 2751 καὶ
3626 2699 3705 2754 εἰς
3736 2697 3984 2765 έρήμους

2393 2799 2577 2854 άπιθι.
2613 2797 2850 2868 Χριστός
2900 2812 2986 2848 σοι
3025 2793 3199 2847 ταῦτα
3243 2791 3592 2860 ὲγγελεύεται
3630 2789 3700 2842 δι’
3733 2786 3892 2857 έμοῦ,
3923 2781 3987 2839 οῦ

2397 2894 2462 2945 σὺ
2507 2891 2603 2961 τὴν
2645 2889 2878 2960 δύναμιν
2911 2890 3010 2940 καὶ
3059 2885 3212 2939 ἄκων
3261 2881 3758 2952 καθωμολόγησας.
3791 2877 3986 2929 Ταίτα

2394 2983 2488 3036 τοῦ
2541 2981 2826 3035 Παταπίου
2875 2978 3261 3038 κελεύσαντος,
3301 2973 3589 3042 σπαράξας
3635 2970 3727 3023 τὸν
3757 2967 3986 3021 νεανίαν

718 3068 779 3118 τὸ
812 3065 1050 3133 πνεῦμα,
1085 3067 1153 3135 τῇ
1185 3068 1254 3136 γῇ
1292 3065 1655 3136 προσέρῤαξε,
1692 3069 1788 3121 καὶ
1829 3067 1917 3121 διὰ
1965 3070 2061 3122 τοῦ
2090 3071 2360 3143 στόματος
2405 3070 2515 3139 οἷός
2585 3091 2671 3138 τις
2718 3071 2927 3136 καπνὸς
2992 3068 3143 3139 ἐξῄει
3191 3069 3285 3121 καὶ
3329 3065 3721 3136 διεδίδρασκεν.
3796 3062 3860 3116 Ὀ
3924 3063 3984 3115 δι

718 3164 860 3221 νέος,
895 3159 1204 3226 ἀνενεγκὼν
1253 3162 1348 3213 καὶ
1377 3161 1433 3211 εν
1481 3160 1632 3230 αύτῷ
1659 3163 1973 3232 γενόμενος,
2007 3164 2240 3238 ἐδάκρυέ
2278 3188 2335 3223 τε
2373 3172 2465 3242 ὑφ’
2501 3171 2711 3243 ἡδονῆς,
2746 3173 2840 3224 καὶ
2864 3168 2985 3238 Θεῷ
3016 3167 3076 3219 τὸ
3101 3165 3341 3236 πρῶτον,
3375 3163 3437 3216 sb
3492 3159 3748 3230 δεύτερον
3778 3155 3839 3211 δὶ
3869 3158 3985 3211 Πα-

717 3253 900 3319 nrt-lin
931 3251 1028 3320 τὴν
1057 3252 1336 3320 σωτηρίαν
1365 3252 1700 3320 ἐπέγραφεν.

797 3346 905 3398 VII.
935 3346 1269 3400 Suﬂ‘ecerint
1294 3345 1411 3399 hac
1433 3343 1680 3414 quidem,
1714 3355 1775 3399 ut
1818 3348 1930 3403 sint
1957 3349 2111 3421 signa
2140 3351 2292 3408 illius
2323 3363 2366 3423 ο
2470 3355 2479 3407 1

2323 3363 2366 3423 ο
2470 3354 2546 3408 Ζ¹.
2597 3350 2897 3422 ’Δρκοῦντα
2944 3351 3044 3419 μέν
3085 3348 3152 3402 ἂν
3185 3347 3271 3418 εἴη
3308 3348 3402 3401 καὶ
3434 3344 3606 3400 ταῦτα
3631 3347 3729 3415 τῆς
3766 3345 3981 3400 ἑκείνου

723 3442 932 3509 gratia,
973 3451 1030 3493 et
1065 3440 1116 3492 in
1174 3438 1342 3493 Deum
1378 3439 1611 3504 fiduciae,
1647 3441 1742 3494 sed
1781 3450 1964 3497 tamen
2017 3460 2142 3499 cum
2207 3447 2295 3503 liis
2394 3467 2405 3518 π

2394 3450 2615 3519 χάριτος
2651 3445 2898 3514 σύμϐολα
2928 3443 3187 3512 γενέσθαι
3229 3443 3325 3495 καὶ
3352 3442 3664 3513 παρρησίας
3690 3457 3705 3472 ο
3742 3440 3863 3494 ἀλλ’
3885 3438 3980 3494 οῦν

724 3547 892 3584 unum
952 3530 1133 3584 adhuc
1176 3529 1442 3584 addidero
1500 3532 1630 3599 (non
1696 3540 1781 3586 est
1812 3534 1958 3588 enim
1997 3535 2293 3608 injucunda
2397 3561 2406 3596 ι

2397 3543 2494 3596 καὶ
2556 3541 2768 3603 τούτοις
2815 3540 2874 3591 ἓν
2928 3540 3010 3592 In
3070 3538 3351 3608 προσθεὶς,
3407 3539 3509 3591 ούκ
3560 3538 3728 3606 ἄχαρι
3775 3538 3887 3607 γὰρ
3919 3536 3983 3588 τὸ

723 3623 1015 3690 narratio),
1043 3621 1206 3675 linem
1239 3620 1517 3689 imponam
1542 3623 1803 3676 orationi.
1825 3625 2018 3681 Mulier
2043 3631 2294 3697 quaedam
2393 3637 2405 3688 l

2393 3637 2660 3704 διήγημα,
2696 3633 2851 3695 τέλος
2907 3631 3152 3701 ἐπιθήσω
3201 3622 3278 3697 τῷ
3310 3629 3473 3699 λόγῳ.
3516 3630 3659 3698 Γυνή
3709 3646 3794 3692 τις
3836 3629 3982 3710 νόσῳ

723 3717 776 3766 in
813 3728 1029 3782 gravem
1058 3715 1312 3766 morbum
1339 3712 1632 3767 inciderat.
1668 3712 1902 3770 Aﬂectio
1930 3727 2113 3774 autem
2158 3736 2296 3788 quo-
2396 3747 2405 3779 τ

2396 3724 2811 3798 περιπεπτὼκει
2841 3723 3025 3794 δεινῇ·
3059 3724 3120 3776 τὸ
3165 3721 3222 3776 δὲ
3269 3723 3442 3784 πάθος
3494 3723 3747 3793 κρεῖττον
3785 3720 3981 3790 ὥσπερ

721 3806 887 3858 modo
947 3813 1068 3858 erat
1133 3805 1326 3874 major,
1393 3819 1556 3874 quam
1627 3813 1687 3859 ut
1751 3823 1872 3863 eam
1922 3810 2033 3863 ulla
2092 3827 2285 3867 nanus
2394 3837 2403 3872 ι

2394 3819 2750 3888 ἀνθρωπίνης
2784 3816 2968 3871 ἰᾶσθαι
2996 3815 3203 3886 χειρὸς,
3243 3813 3389 3868 οὕτω
3441 3816 3537 3867 καὶ
3589 3813 3698 3867 ὑπὸ
3732 3814 3980 3884 γλώττης

723 3898 958 3949 humana
1043 3895 1443 3961 meditaretur,
1515 3897 1589 3951 ita
1675 3900 1847 3968 major
1933 3910 2017 3955 est
2093 3903 2284 3965 etiam,
2396 3912 2405 3963 1

2396 3910 2673 3978 λέγεσθαι.
2718 3909 2780 3962 Ὀ
2836 3908 2947 3978 γὰρ
3013 3907 3222 3978 μασθδς
3274 3906 3479 3977 ταύτης
3515 3906 3798 3979 σκώληκα,
3838 3907 3976 3976 φεῦε

729 4005 893 4058 quam
959 3999 1018 4043 ut
1082 4003 1204 4044 eam
1263 3990 1370 4045 ulla
1455 3989 1634 4062 lingua
1713 3991 1880 4049 dicat.
1951 3994 2086 4063 Ejus
2147 3998 2292 4053 enim
2395 4004 2411 4056 l

2395 4004 2456 4056 έν
2485 4002 2667 4072 ἑαυτῷ
2696 4002 2823 4071 φὺς,
2874 4001 2934 4053 δν
2976 3998 3179 4068 ιατρῶν
3202 3999 3394 4061 παῖδες
3423 3999 3682 4068 καρκίνον
3729 3997 3977 4058 καλοῦσι,

722 4080 960 4134 mamilla
1027 4079 1082 4134 in
1148 4096 1226 4143 se.
1296 4083 1431 4150 proh
1488 4083 1686 4137 dolori
1761 4084 2070 4153 produccns
2147 4103 2295 4143 mor-
2398 4119 2404 4143 t

2294 4121 2295 4128 ι
2398 4098 2496 4148 σὺν
2533 4093 2758 4155 πολλαῖς
2792 4094 2908 4155 ταῖς
2941 4091 3200 4162 ἀλγηδόσι
3233 4089 3681 4158 διεδιδρώσκετο.
3719 4088 3887 4142 Ούδὶν
3919 4089 3976 4140 δὲ

723 4175 879 4234 bum,
943 4188 1106 4242 quem
1168 4174 1364 4227 medici
1426 4183 1621 4229 vocant
1677 4191 1966 4240 cancrum,
2023 4181 2295 4235 esedelia-
2395 4183 2405 4239 ί

2289 4213 2295 4222 ~
2395 4181 2560 4258 ἧττον
2603 4185 2695 4237 καὶ
2729 4184 2798 4235 τά
2824 4181 2988 4233 λοιπὰ
3016 4182 3150 4249 μέλη
3181 4179 3278 4233 τοῦ
3311 4179 3587 4249 σώματος,
3622 4177 3702 4250 τῷ
3724 4178 3806 4231 ivi.
3837 4193 3971 4244 συμ-

725 4274 814 4316 ιυτ
861 4278 986 4316 cum
1036 4265 1245 4332 magnis
1281 4261 1590 4318 doloribus.
1654 4264 1836 4320 Nihilo
1869 4268 2051 4322 secius
2107 4279 2292 4322 autem
2398 4296 2407 4328 τ

2398 4281 2703 4346 πάσχοντα,
2761 4272 3116 4343 κατετήκετο.
3167 4272 3372 4341 Χρόνος
3403 4272 3620 4341 συχνὸς,
3650 4273 3742 4323 καὶ
3790 4269 3976 4339 σχεδὸν

725 4353 933 4422 reliqua
989 4368 1209 4422 quoque
1274 4354 1518 4407 membra
1550 4356 1822 4425 corporis,
1866 4371 1992 4411 cum
2043 4375 2154 4411 uno
2199 4376 2299 4430 per
2399 4385 2407 4408 ε

2296 4378 2299 4389 ’
2399 4368 2460 4419 τὸ
2497 4368 2598 4434 μιν
2625 4366 2812 4434 μόριον
2840 4365 2985 4417 array
3009 4363 3275 4431 ἡνάλωτν,
3307 4361 3363 4413 αἱ
3391 4361 3449 4414 δὲ
3473 4361 3758 4430 ἀλγηδόνες
3779 4358 3978 4428 δριμύ-

723 4459 1050 4497 consensum
1083 4444 1302 4505 atl’ecta,
1363 4445 1737 4500 tabescebant.
1792 4447 2295 4503 Procedentetetn-
2400 4475 2405 4488 ι

2400 4473 2558 4525 τερον
2589 4456 2686 4525 τῆς
2723 4453 2948 4524 καρδίας
2973 4451 3356 4521 καθήπτοντο-ο
3392 4454 3509 4513 ταῖς
3551 4451 3608 4504 δέ
3637 4450 3857 4512 ὀδύναις
3883 4449 3977 4502 καὶ

725 4551 878 4602 pore,
931 4544 1042 4589 tota
1104 4535 1326 4597 quidem
1379 4536 1495 4590 fere
1527 4551 1654 4605 pars
1710 4536 1894 4592 fuerat
1929 4548 2294 4609 consumpta;
2400 4568 2407 4598 ι

2400 4552 2427 4602 ὁ
2467 4548 2697 4610 θάνατος
2729 4545 2930 4613 γείτων
2957 4537 3046 4614 ἦν.
3081 4544 3141 4596 Οί
3174 4541 3228 4595 δὶ
3261 4545 3417 4612 σοφοὶ
3446 4543 3547 4609 τὴν
3588 4541 3866 4611 ἰατρικὴν,
3890 4555 3976 4592 σο-

724 4626 946 4680 dolores
985 4635 1168 4680 autem
1198 4641 1296 4680 cor
1329 4627 1511 4682 acrius
1543 4627 1911 4699 attingebant,
1943 4639 1998 4683 et
2028 4645 2175 4686 mors
2201 4645 2298 4700 ap-
2402 4662 2406 4687 ‹

2295 4660 2346 4709 Ἀ
2402 4639 2666 4709 φιστικῶς
2719 4637 2779 4690 τὸ
2826 4637 3049 4703 γύναιον
3112 4635 3518 4705 μετερχόμενοι,
3578 4632 3733 4684 αὐτοί
3769 4648 3830 4685 τε
3877 4630 3977 4702 τὴν

727 4716 1148 4785 propinquabat.
1189 4715 1356 4770 Periti
1413 4730 1544 4771 vero
1574 4717 1889 4783 medicina,
1934 4719 2131 4775 callide
2184 4729 2292 4777 tra-
2319 4707 2409 4784 Ι).

2319 4707 2374 4769 D
2397 4707 2608 4796 οὐσίαν,
2649 4730 2744 4782 καὶ
2773 4730 2802 4781 ό
2841 4725 3060 4796 σκώληξ
3085 4725 3240 4779 οὐδὲν
3269 4721 3434 4796 ἧττον
3462 4725 3556 4776 τὸν
3583 4724 3790 4794 μασθὸν
3814 4726 3974 4777 κατέ-

724 4823 939 4866 ctuntes
975 4812 1378 4876 mulierculam,
1420 4821 1474 4865 et
1506 4809 1609 4882 ipsi
1634 4810 1945 4877 facultates,
1979 4823 2040 4868 et
2063 4815 2293 4873 morbus
2399 4840 2406 4875 :

2399 4837 2604 4891 κειρον.
2644 4817 2816 4888 Λῦτη,
2867 4815 2968 4885 τῆς
3009 4816 3105 4868 τοῦ
3139 4815 3380 4886 μεγάλου
3407 4817 3598 4885 φήμης
3633 4815 3720 4867 διά
3755 4816 3977 4867 πάντων

726 4907 899 4960 nihilo
935 4905 1116 4960 secius
1148 4905 1467 4959 attondebat
1497 4905 1815 4960 mamillam.
1867 4907 1963 4974 Ea,
2002 4923 2128 4963 cum
2177 4927 2292 4966 ma-
2399 4926 2408 4956 ι

2399 4910 2697 4976 φοιτώσης,
2735 4904 3000 4974 φρόνιμόν
3041 4920 3094 4955 τι
3121 4903 3216 4956 καὶ
3250 4902 3528 4965 λυσιτελὲς
3555 4900 3808 4967 ποιοῦσα,
3838 4903 3975 4972 πρὸς

723 5000 811 5068 gni
881 4999 1091 5068 Patapii
1157 4999 1298 5051 fama
1345 4997 1400 5050 ln
1454 5012 1673 5051 omnem
1723 4998 1906 5053 locum
1947 5001 2294 5070 pervaderet,
2400 5023 2405 5050 ι

2293 5049 2294 5055 η
2400 5000 2564 5054 αὑτὸν
2594 4995 2986 5067 παραγίνεται,
3031 4999 3126 5048 καὶ
3156 4998 3223 5066 τῇ
3255 4999 3326 5065 γῇ
3354 4995 3726 5065 προδαράττει
3753 4995 3855 5064 τὴν
3883 5013 3975 5049 κε-

725 5091 1025 5160 prudenter
1069 5099 1124 5144 et
1159 5090 1370 5143 utiliter
1409 5089 1639 5155 faciens,
1676 5074 1745 5144 ad
1799 5105 1925 5146 eum
1958 5093 2193 5160 accedit,
2238 5105 2296 5150 et
2400 5111 2407 5140 ι

2293 5136 2296 5148 ,
2400 5092 2598 5165 φαλην,
2631 5090 2874 5160 γονάτων
2905 5106 2966 5142 τε
2993 5088 3249 5151 ἅπτεται,
3287 5089 3382 5140 καὶ
3409 5091 3626 5158 οἰκτρόν
3651 5104 3701 5140 τι
3733 5090 3830 5140 καὶ
3857 5104 3975 5155 γοε-

725 5195 882 5238 terrae
918 5194 1079 5253 caput
1137 5183 1333 5249 allidit,
1364 5190 1420 5236 et
1451 5183 1622 5253 tangit
1655 5183 1778 5252 eius
1823 5199 2022 5254 genua,
2053 5195 2108 5242 et
2157 5185 2296 5244 ﬂens

2293 5223 2296 5237 .
2407 5182 2500 5253 ρδν
2526 5181 2940 5244 άνακλαύσασα,
2969 5181 3170 5245 ἰασαι,
3199 5178 3354 5232 δοῦλε
3391 5179 3488 5231 τοῦ
3509 5180 3669 5242 Θεοῦ,
3697 5179 3847 5232 ῐασαι
3878 5182 3975 5248 την

722 5275 1136 5335 miserabiliter.
1195 5273 1364 5340 Cura,
1396 5289 1550 5328 serve
1574 5273 1693 5330 Dei.
1721 5289 1852 5329 cura
1879 5291 1964 5330 nio
2019 5277 2292 5344 miseram,
2399 5297 2404 5325 ι

2290 5323 2292 5338 ,
2399 5275 2592 5328 ἀθλίαν
2631 5273 2754 5344 εμὲ,
2787 5272 2993 5343 γοερῶς
3019 5271 3274 5340 ιιιραζεν,
3309 5265 3376 5342 ἧς
3412 5270 3508 5323 καὶ
3535 5270 3644 5340 πρὸ
3669 5269 3762 5322 τοῦ
3795 5271 3972 5337 τάφου

723 5367 994 5422 clalnaliat
1040 5366 1510 5420 latnentabiliter:
1559 5367 1716 5436 cujus
1774 5375 1904 5420 ante
1951 5368 2289 5436 sepulturam
2402 5393 2405 5412 ι

2402 5365 2622 5437 σκώληξ
2648 5367 2711 5420 τὸ
2741 5367 2902 5436 σῶμα
2930 5365 3367 5434 κατενεμήσα.ο,
3396 5363 3488 5416 καὶ
3510 5361 3695 5417 δδῦναι
3727 5367 3973 5432 κατέφα-

724 5461 929 5515 vermis
957 5475 1159 5530 corpus
1210 5459 1452 5528 depavit,
1483 5467 1540 5513 et
1567 5457 1789 5513 dolores
1864 5458 2197 5525 exederunt,
2236 5471 2293 5516 et
2399 5479 2406 5492 ε

2291 5502 2293 5513 .
2399 5479 2519 5531 γον,
2566 5463 2660 5513 καὶ
2691 5459 2781 5513 τὸν
2806 5457 3038 5527 φευκτὸν
3066 5458 3202 5512 πᾶσι
3229 5456 3456 5510 θάνατον
3488 5454 3826 5526 επιθυμητὸν
3849 5457 3973 5524 ἐμοὶ

726 5563 959 5606 mortem
1028 5552 1287 5606 omnibus
1333 5550 1643 5620 fugiendam
1724 5550 1859 5606 mihi
1930 5551 2294 5609 reddiderunt
2401 5571 2408 5606 :

2287 5570 2294 5609 ι
2401 5553 2828 5622 κατεστήσαντο.
2845 5552 2904 5604 '0
2929 5550 3005 5607 δι.
3036 5551 3133 5603 καὶ
3158 5547 3265 5619 πρὸ
3291 5547 3387 5602 τοῦ
3418 5547 3671 5618 σώματος
3692 5547 3969 5617 έμδλέώας

722 5643 1038 5711 Optabilem.
1079 5641 1171 5696 Ille
1203 5653 1385 5696 autem
1411 5658 1535 5696 cum
1568 5653 1694 5697 ante
1725 5658 1926 5712 corpus
1947 5644 2101 5713 prius
2134 5660 2280 5715 aspe-
2403 5682 2404 5691 η

2403 5647 2481 5708 είς
2509 5644 2607 5715 τὴν
2628 5643 2828 5714 ψυχὴν,
2855 5643 2917 5695 ει
2947 5642 3218 5712 καθαρὰν,
3247 5642 3403 5711 φησὶ,
3439 5640 3539 5712 τὴν
3567 5640 3755 5693 πίστιν
3799 5658 3967 5710 προσ-

722 5741 889 5791 xissct
903 5734 968 5788 ad
984 5735 1222 5790 animam
1246 5753 1258 5788 :
1278 5737 1331 5790 Si
1353 5751 1564 5807 puram,
1587 5737 1782 5807 inquit,
1804 5739 1968 5793 ofl‘ers
1982 5737 2140 5793 fidem
2160 5739 2291 5804 Deo,
2401 5760 2404 5781 ι

2289 5784 2291 5796 ,
2401 5738 2591 5806 φέρεις
2628 5736 2706 5806 τῷ
2736 5735 2910 5788 ταῦτα
2939 5734 3221 5805 δυναμένῳ
3247 5733 3387 5804 Θεῷ,
3418 5735 3510 5786 καὶ
3535 5732 3707 5803 μηδὲν
3727 5735 3971 5786 έπιδοιά-

722 5832 814 5898 qui
836 5831 946 5888 hec
969 5839 1162 5900 potest,
1182 5832 1388 5887 etniliil
1420 5832 1638 5889 dubitas
1669 5833 1733 5888 de
1759 5834 2064 5899 curatione,
2101 5848 2293 5891 conse-
2402 5856 2404 5875 ι

2289 5865 2293 5874 ι
2402 5831 2516 5896 ζεις
2550 5829 2674 5899 περὶ
2707 5829 2806 5898 τὴν
2842 5829 3007 5896 faex,
3069 5827 3364 5882 ἀκόλουθον
3394 5829 3461 5897 τῇ
3517 5825 3699 5879 πίστει
3733 5829 3826 5881 καὶ
3876 5829 3971 5890 τῆς
