4260 6430
285 349 393 411 365

1608 343 1779 404 YlTA
1823 344 1882 405 S.
1918 342 2249 404 PATAPII.

3441 337 3543 401 366

284 464 557 535 αἰτήσεως
597 461 788 531 ἕψεταί
832 478 912 515 σοι
960 460 1019 513 τὸ
1063 460 1257 532 πέρας.
1296 459 1566 534 Ἤκουσεν
1624 464 1655 528 ἡ
1707 458 1864 529 γυνὴ,
1897 458 1942 518 Α

1897 458 2146 528 Αηυειιε
2205 456 2324 510 fidei
2388 464 2651 526 sequetur
2699 454 2881 509 exitus
2936 461 3041 508 tua:
3110 454 3412 523 petitionis.
3439 458 3546 510 Au-

286 563 379 612 καὶ
410 558 590 629 βύθιόν
622 576 673 611 τι
708 557 1011 621 στενάξασα
1091 557 1185 609 καὶ
1228 554 1551 624 περιπαθὲς,
1592 552 1860 614 Πιστεύω,

287 654 485 723 Κύριε,
522 652 666 721 μέγα
698 651 1030 719 ἀνέκραγεν,
1061 642 1105 717 ᾧ
1135 648 1317 703 πάντα
1342 647 1477 716 δῆλα
1511 648 1605 699 καὶ
1633 645 1868 724 φανεράς.

291 745 473 798 Ἷασαί
506 761 609 814 μου
646 743 707 796 τὸ
744 743 1088 813 σύντριμμα,
1125 742 1187 793 τὸ
1220 738 1532 800 πολυπαθὲς
1560 738 1721 791 τοῦτο
1768 754 1871 789 κα-

286 836 383 887 κὸν
416 836 591 888 ῖασαι,
620 835 695 887 Ού
754 835 907 903 φέρω
935 834 1032 893 τὰς
1053 832 1381 902 ἀλγηδόνας,
1420 830 1592 899 αὐτῆς
1639 848 1740 898 μου
1771 830 1870 897 τῆς

291 926 522 995 καρδίας
576 926 962 993 διικνουμὲνας
996 925 1094 977 καὶ
1143 921 1444 985 ὠδινούσας
1498 921 1590 974 τὸν
1619 920 1869 973 θάνατον.

289 1019 483 1081 Οὕτως
524 1015 695 1086 αὐτὴν
748 1016 873 1069 λίαν
921 1013 1195 1087 περιαλγῆ
1227 1012 1530 1083 γενομένην
1583 1010 1873 1082 ἑωρακὼς,

289 1107 669 1161 ὑποδεικνύειν
716 1108 867 1178 αὑτῷ
922 1107 1018 1161 τοῦ
1065 1107 1275 1168 πάθους
1307 1107 1401 1158 τὸν
1427 1106 1591 1158 τόπον
1634 1105 1873 1163 ἐκέλευε,

292 1203 390 1253 καὶ
419 1200 484 1271 δὴ
530 1201 612 1272 τῷ
641 1200 923 1270 τραύματι
977 1201 1077 1271 τὴν
1109 1204 1267 1270 χεῖρα
1295 1196 1702 1268 προσενεγκὼν,
1755 1190 1875 1247 εἷτα

289 1298 381 1345 καὶ
416 1292 495 1362 τῷ
525 1292 746 1363 σταυρῷ
779 1288 1189 1362 σφραγίσας,⁷ο
1225 1291 1407 1360 γύναι,
1445 1294 1599 1360 φησι,
1631 1288 1867 1359 χαλεπὸν

289 1382 413 1439 οῖδα
442 1387 503 1439 τὸ
525 1385 719 1451 πάθος,
744 1387 985 1456 χαλεπὸν
1005 1387 1100 1439 καὶ
1115 1384 1386 1441 δυσίατον.
1410 1384 1556 1454 Πλὴν
1576 1382 1708 1436 ἀλλά
1731 1382 1875 1449 καὶὴ

292 1478 479 1541 πίστις
509 1478 570 1531 τὸ
603 1478 774 1540 πάθος
804 1481 952 1549 νικᾷ,
982 1479 1077 1530 κα)⁵
1104 1477 1307 1549 quia;
1346 1474 1656 1547 καρποῦται
1678 1475 1776 1545 τὴν
1795 1475 1879 1527 ία-

294 1586 402 1622 σιν.
429 1570 668 1624 Ἀπελθε
682 1566 775 1623 οὖν
802 1571 899 1623 σὺν
917 1570 1130 1640 εἰρήνῃ,
1151 1568 1402 1637 ὑγίασταί
1424 1585 1517 1620 σου
1536 1569 1595 1619 τὸ
1629 1568 1872 1637 τραῦμα,

293 1661 395 1710 καὶ
428 1662 460 1728 ᾑ
490 1659 649 1728 ὀδύνη
683 1660 1039 1728 κεκοίμηται.
1074 1659 1230 1728 ’Δμα
1258 1658 1413 1710 ταῦτ’
1466 1658 1642 1724 ἔλεγε,
1676 1658 1772 1709 καὶ
1800 1660 1867 1728 τῇ

292 1726 515 1815 γυναικὶ
536 1753 597 1803 τὸ
620 1726 785 1812 πάθος
798 1726 1056 1813 ἐπαύετο,
1075 1726 1168 1802 καί
1186 1752 1214 1803 ό
1239 1750 1442 1819 μασθὸς
1461 1750 1580 1810 ὅλος
1597 1726 1874 1803 ἐδείκνυτο

1979 549 2115 603 divit
2167 548 2381 610 mulier.
2415 558 2469 601 et
2530 561 2655 601 cum
2691 560 2757 599 ex
2790 547 2900 600 imo
2972 546 3363 600 miserabiliter
3396 547 3547 616 inge-

1977 642 2201 693 muisset
2243 638 2480 701 :Credo,
2516 637 2767 701 Domine,
2818 653 3013 707 magna
3041 652 3175 693 voce
3202 639 3550 697 exclamavit.

1978 732 2067 786 cui
2094 740 2227 785 sunt
2253 730 2435 784 omnia
2469 740 2656 800 aperta
2689 739 2746 783 et
2781 731 3085 791 manifesta,
3122 730 3341 785 medere
3396 731 3550 801 gravi

1976 838 2109 878 mea:
2142 836 2420 885 aerumnae,
2449 822 2635 885 credo,
2656 819 2884 876 Domine
2916 838 2927 872 :
2965 821 3094 875 huic
3119 822 3261 875 malo
3293 822 3551 884 medere;

1986 930 2095 968 non
2159 914 2275 969 fero
2310 913 2557 978 dolores,
2608 914 2702 983 qui
2757 929 2854 969 cor
2913 930 3094 970 meum
3152 922 3465 983 penetrant,
3500 923 3557 966 et

1979 1016 2212 1062 mortem
2245 1006 2580 1077 parturiunt.
2630 1007 2766 1061 Cum
2797 1023 2919 1061 eam
2977 1007 3208 1064 vidisset
3252 1007 3391 1063 adeo
3420 1023 3553 1062 cru-

1978 1104 2201 1167 ciatam,
2237 1103 2393 1173 jubet
2422 1119 2542 1156 eam
2569 1102 2619 1155 ei
2642 1102 2935 1157 ostendere
2976 1102 3161 1157 locum
3223 1101 3448 1161 morbi;
3494 1112 3551 1157 et

1982 1213 2107 1252 cum
2165 1212 2388 1251 manum
2435 1194 2773 1249 admovisset
2824 1195 3065 1259 vulneri,
3130 1206 3186 1249 et
3232 1210 3352 1250 eam
3393 1210 3559 1249 cruce

1983 1292 2294 1361 signasset:
2332 1290 2376 1345 Ο
2416 1290 2638 1353 mulier,
2680 1289 2885 1358 inquit.
2915 1289 3033 1344 scio
3083 1289 3332 1343 morbum
3395 1300 3549 1342 tuum

1981 1400 2102 1439 esse
2128 1398 2370 1455 gravem,
2408 1392 2463 1438 et
2496 1393 2691 1437 curatu
2749 1382 3025 1436 difficilem
3065 1400 3079 1438 ε
3113 1392 3374 1437 caeterum
3427 1367 3563 1437 fides

1983 1475 2153 1530 vineit
2211 1474 2584 1539 all‘ectionem,
2641 1484 2697 1528 et
2741 1489 2865 1542 spes
2895 1474 3127 1543 percipit
3183 1476 3549 1529 curationem.

1985 1567 2085 1621 Abi
2122 1582 2252 1635 ergo
2318 1567 2371 1618 in
2425 1581 2599 1634 pace;
2663 1574 2916 1618 sanatum
2962 1573 3045 1618 est
3084 1565 3240 1618 ulcus
3276 1575 3454 1629 tuum,
3509 1574 3565 1617 et

1986 1663 2199 1727 ευρίιυε
2234 1669 2317 1712 est
2344 1658 2524 1711 dolor.
2554 1658 2727 1711 Simul
2764 1668 2929 1725 atque
2974 1657 3089 1710 hme
3129 1657 3288 1719 diatt,
3344 1667 3399 1710 et
3440 1674 3562 1709 tnu-

1990 1750 2111 1803 lieri
2146 1748 2383 1802 cessavit
2438 1746 2681 1811 allectio,
2710 1757 2763 1800 et
2808 1746 3046 1799 mamilla
3102 1747 3277 1799 evasit
3342 1747 3567 1798 omnino

295 1842 476 1911 ὑγιής.
506 1842 775 1911 Τοιαύτης
793 1841 852 1895 οὒ
871 1864 885 1888 ι
908 1841 1092 1911 ἐκείνη
1114 1841 1209 1911 τῆς
1233 1842 1459 1912 χάριτος
1484 1840 1864 1902 ἀπολαύσασα,
1929 1873 1966 1927 Β

1929 1873 1966 1927 Β
1993 1858 2145 1897 sana.
2177 1842 2313 1895 Cum
2346 1842 2433 1894 illa
2460 1851 2605 1895 esset
2640 1848 2800 1893 talem
2829 1850 3126 1892 consecuta
3177 1841 3431 1903 gratiam,
3463 1841 3564 1892 luit

296 1936 510 2002 μάρτυς
534 1936 671 2003 πρὸς
697 1935 943 1997 ἅπαντας
977 1940 1069 1989 καὶ
1093 1934 1270 2004 κῆρυξ
1294 1936 1505 2002 ἐγίνετο
1519 1934 1615 2005 τῆς
1640 1936 1765 2004 περὶ
1789 1934 1882 1986 τὸν

297 2026 473 2092 μέγαν
504 2026 653 2088 θείας
678 2029 769 2078 καὶ
796 2028 1104 2096 παραδόξου
1127 2028 1233 2079 τῶν
1262 2026 1511 2097 ἰαμάτων
1549 2028 1855 2093 δυνάμεως.

368 2124 451 2175 ιιι.
493 2122 581 2186 Ἐξ
641 2122 848 2192 ὀνύχων
896 2126 923 2174 ὁ
955 2124 1112 2187 λέων,
1173 2126 1236 2174 ὲκ
1285 2122 1558 2175 τοσούτων
1592 2122 1750 2192 δῆλος
1813 2122 1879 2174 ἂν

305 2214 441 2280 ἡμῖν
475 2214 687 2279 γένοιτο
716 2213 811 2266 καὶ
841 2213 1139 2278 Πατάπιος.
1188 2214 1377 2265 ὐποῖα
1412 2213 1513 2282 μὲν
1541 2213 1648 2283 γὰρ
1681 2214 1750 2264 τά
1789 2213 1880 2264 ὑπ’

302 2302 515 2357 ἐκείνου
545 2306 865 2375 τελούμενα,
928 2309 1021 2361 καὶ
1061 2308 1234 2361 ταῦτα
1290 2306 1514 2358 δύναται
1560 2306 1836 2375 παριστᾷν
1865 2324 1878 2337 ο

299 2398 474 2449 ὁπόσα
514 2398 569 2450 δὲ
610 2398 671 2451 τὸ
712 2399 916 2469 πλῆθος
969 2401 1151 2467 λέγειν
1199 2400 1549 2469 βουλόμενος,
1592 2398 1788 2451 πολλοῦ
1818 2397 1883 2450 ἂν

303 2490 535 2558 ἐδεήθην
566 2492 661 2543 καὶ
714 2491 873 2558 λόγου
935 2492 1029 2544 καὶ
1092 2490 1315 2559 χρόνον.
1364 2492 1507 2543 Ἀλλ’
1557 2490 1745 2560 ὥσπερ
1794 2492 1886 2542 ἐπὶ

306 2582 601 2651 σφραγῖδος
637 2585 765 2652 μιᾶς
792 2583 886 2636 καὶ
915 2583 1010 2651 τῆς
1036 2584 1203 2653 αὐτῆς
1231 2582 1397 2655 οὔσης
1430 2583 1583 2636 οὐδὲν
1614 2583 1694 2635 δεῖ
1721 2582 1886 2635 πολυ-

304 2677 647 2743 πραγμονεῖν
678 2677 836 2744 χάριν
855 2671 922 2746 ἦς
938 2675 1051 2744 ἔχει
1076 2676 1376 2745 δυνάμεως,
1413 2676 1514 2729 κᾶν
1555 2675 1726 2728 πλείω
1820 2674 1887 2726 τὰ

305 2768 646 2836 τυπούμενα,
683 2770 783 2821 κᾶν
809 2770 1017 2821 ἐλάττω
1038 2786 1051 2800 ·
1084 2769 1225 2822 οὕτω
1264 2770 1544 2823 κάνταῦθα
1566 2770 1715 2821 οὐδὲν
1738 2769 1885 2836 ἡμᾶς

307 2860 412 2928 χρὴ
440 2860 533 2911 τοῦ
561 2861 795 2930 πλήθους
821 2864 978 2932 χάριν
1004 2862 1496 2931 περιεργαζεσθαι·
1529 2860 1885 2932 παραπλησία

305 2952 416 3016 γὰρ
456 2953 487 3020 ἡ
542 2953 702 3021 χάρις
737 2956 829 3005 καὶ
878 2954 1108 3023 δύναμις
1161 2956 1193 3025 ἡ
1258 2957 1420 3024 αὐτή.
1454 2954 1760 3021 Τοιγαροῦν
1794 2953 1886 3003 ἐπὶ

305 3042 407 3108 τὴν
440 3044 649 3094 ἐκείνου
682 3045 942 3115 τελευτὴν
974 3046 1070 3115 ἤδη
1102 3047 1393 3114 τρεπτέον,
1428 3050 1521 3098 καὶ
1551 3050 1609 3097 τὸ
1636 3046 1729 3096 τοῦ
1765 3045 1882 3112 pira

305 3134 456 3195 τέλος
490 3136 637 3205 αὐτῷ
668 3139 757 3187 καὶ
787 3139 916 3205 ἡμῖν
952 3138 1101 3197 τέλος
1128 3138 1220 3190 τοῦ
1252 3140 1413 3204 λόγου
1450 3139 1707 3205 γινέσθω.

379 3222 455 3278 (ν’.
491 3221 659 3288 υῦτος
706 3229 732 3279 ὁ
779 3228 952 3294 μέγας
999 3228 1087 3281 τοῦ
1135 3230 1271 3282 Θεοῦ
1319 3230 1609 3300 ἄνθρωπος
1652 3232 1744 3281 καί
1791 3230 1887 3297 τῆς

308 3316 510 3385 ἀρετῆς
539 3318 777 3385 ἀληθοῦς
804 3318 1043 3389 ἔμψυχος
1072 3321 1264 3385 τύπο,,
1301 3323 1391 3373 τὸν
1419 3321 1613 3373 ἑαυτοῦ
1639 3322 1753 3391 βίον
1788 3338 1887 3371 κα-

1992 1935 2135 2006 apud
2169 1949 2360 1987 omnes
2401 1933 2553 1986 testis
2592 1941 2647 1985 et
2688 1932 3032 2000 praedicatrix
3065 1931 3263 1985 divinae
3294 1943 3349 1985 et
3397 1932 3568 1986 admi-

1994 2031 2184 2084 rabilis
2211 2029 2392 2098 magni
2432 2027 2639 2094 Patapii
2671 2028 2890 2080 virtutis
2926 2030 3299 2080 curationum.

2058 2125 2195 2180 Vill.
2235 2122 2307 2177 Ex
2372 2124 2650 2193 unguibus
2682 2122 2791 2183 leo,
2853 2138 2917 2175 ex
2968 2121 3053 2174 his
3101 2121 3257 2174 nobis
3319 2123 3572 2189 cognitus

1988 2218 2151 2272 fuerit
2182 2218 2463 2286 Palapius.
2520 2216 2652 2269 Nam
2700 2214 2884 2283 qualia
2926 2212 3149 2281 quidem
3188 2214 3414 2277 fuerint,
3452 2231 3571 2282 qute

1988 2312 2057 2363 ab
2094 2312 2187 2362 illo
2228 2310 2451 2365 fiebant,
2494 2308 2609 2360 Iuec
2662 2314 2893 2374 possunt
2947 2305 3263 2358 ostendere.
3317 2304 3372 2356 Si
3408 2320 3570 2372 quant

1990 2402 2160 2455 multa
2194 2409 2376 2453 autem
2408 2399 2600 2453 vellem
2630 2397 2838 2459 dicere,
2868 2412 3007 2465 opus
3049 2407 3196 2449 esset
3235 2396 3393 2465 longa
3439 2413 3569 2449 ora-

1992 2494 2139 2546 tione
2163 2504 2217 2546 et
2243 2502 2509 2560 tempore.
2550 2490 2654 2543 Sed
2694 2489 2970 2558 quomodo
2999 2488 3049 2539 in
3085 2490 3389 2557 signaculo,
3418 2490 3567 2557 quod

1988 2593 2073 2639 est
2111 2600 2278 2639 unum
2307 2594 2362 2637 et
2394 2583 2561 2644 idem,
2588 2582 2724 2635 nihil
2749 2590 2966 2649 oportet
2994 2581 3155 2633 anxie
3190 2580 3466 2649 inquirere
3501 2581 3569 2633 de

1989 2693 2072 2741 ea,
2105 2691 2267 2746 quam
2299 2675 2479 2737 habet,
2510 2684 2794 2743 putesmte.
2824 2689 2919 2728 seu
2948 2675 3057 2727 s':nt
3094 2674 3273 2741 plura,
3310 2687 3403 2727 seu
3445 2688 3577 2742 pan-

1991 2771 2138 2825 ciora
2166 2787 2250 2833 ea,
2286 2784 2408 2838 quae
2443 2768 2866 2836 imprimuntur:
2928 2768 2997 2819 ita
3041 2767 3127 2817 hic
3182 2781 3401 2833 quoque
3461 2782 3570 2818 non

1992 2873 2213 2932 Oportet
2243 2862 2405 2915 nimis
2450 2861 2668 2914 curiose
2721 2860 2954 2912 scrutari
3004 2859 3433 2912 multitudinem.
3488 2861 3573 2911 Si-

1994 2957 2139 3009 milis
2172 2958 2318 3008 enim
2347 2956 2539 3024 gratia,
2577 2966 2627 3007 et
2653 2954 2841 3007 eadem
2892 2964 3154 3021 potestas.
3188 2952 3573 3006 Convertenda

1994 3057 2239 3117 estergo
2289 3048 2468 3099 oratio
2518 3046 2584 3098 ad
2632 3047 2781 3099 illius
2840 3045 3165 3099 decessum:
3204 3054 3259 3098 et
3311 3046 3428 3114 ejus
3455 3046 3577 3099 vita:

1996 3142 2123 3195 finis
2190 3141 2260 3193 sit
2301 3139 2461 3193 nobis
2497 3154 2716 3207 quoque
2751 3138 2874 3191 finis
2906 3138 3196 3191 orationis.

2067 3233 2159 3287 IX.
2202 3234 2293 3286 Sic
2319 3248 2549 3301 magnus
2575 3234 2665 3285 ille
2700 3232 2864 3284 homo
2894 3231 3013 3293 Dei,
3045 3240 3099 3284 et
3131 3246 3319 3284 revera
3352 3232 3575 3286 virtutis

1992 3325 2276 3393 exemplar
2318 3324 2647 3383 animatum,
2702 3338 2827 3375 cum
2882 3322 3047 3374 vitam
3103 3336 3259 3375 suam
3323 3332 3579 3377 ornasset

308 3410 667 3477 τακοσμήσας
720 3414 777 3462 ὲν
837 3411 1063 3479 ἀγαθοῖς
1108 3413 1295 3481 ἔργοις
1340 3415 1432 3465 καὶ
1465 3413 1763 3482 θαύμασιν,
1802 3415 1890 3465 ὅτε
1917 3409 1961 3470 C

1917 3409 1961 3470 Ε
1997 3418 2156 3471 bonis
2188 3416 2347 3470 factis
2396 3425 2455 3469 et
2508 3416 2791 3467 miraculis
2830 3456 2845 3475 ,
2881 3430 3003 3467 cmn
3054 3425 3199 3469 esset
3231 3420 3577 3479 excessurus,

307 3500 613 3569 ἀποδημεῖν
644 3501 861 3569 ἔμελλε,
899 3506 1098 3572 μᾶλλον
1133 3505 1190 3556 δὲ
1230 3507 1365 3575 πρὸς
1398 3504 1497 3575 τὴν
1528 3505 1722 3557 ἑαυτοῦ
1741 3509 1895 3557 πόλιν

309 3590 622 3660 ἐπιδημεῖν,
660 3596 751 3644 καὶ
788 3596 847 3645 τὸ
880 3597 1107 3663 σημεῖον
1157 3595 1300 3664 ἤρθη
1332 3594 1391 3659 ἐξ
1420 3595 1676 3662 ούρανοῦ,
1712 3598 1896 3664 παρῆν

310 3684 409 3752 μὲν
436 3684 585 3752 αὐτῷ
617 3686 726 3735 πᾶν
770 3685 896 3737 ὅσον
928 3688 1228 3753 ἀσκητικὸν
1262 3689 1356 3738 καὶ
1388 3686 1700 3756 φιλάρετον,
1734 3688 1892 3739 λελυ-

312 3769 591 3838 πημένοι,
648 3770 1076 3840 δεδακρυμένοι,
1134 3773 1231 3844 τὴν
1287 3777 1497 3828 ἐκείνου
1557 3776 1894 3843 μετάστασιν

311 3865 502 3932 κοινὴν
530 3862 801 3933 ὀρφανίαν
851 3865 1187 3935 νομίζοντες,
1233 3868 1293 3919 τὸ
1340 3869 1507 3935 χωρὶς
1544 3869 1753 3920 ἐκείνου
1798 3870 1896 3938 ζῇν

311 3951 494 4001 κοινὸν
548 3951 781 4004 θάνατον
829 3953 1213 4021 ὀνομάζοντες,
1273 3954 1569 4023 νικώμενοι
1618 3958 1698 4027 τῷ
1736 3960 1896 4010 πάθει

308 4048 404 4095 τὸν
436 4045 720 4114 λογισμὸν,
757 4047 853 4097 καὶ
890 4046 969 4107 είς
1001 4050 1217 4115 φανερὰ
1247 4047 1461 4117 δάκρυα
1505 4051 1895 4117 καταγόμενοι,

310 4138 407 4187 καὶ
433 4141 520 4189 τὸν
555 4137 836 4205 χωρισμὸν
867 4138 1207 4209 αίτιὼμενοι,
1239 4140 1443 4209 Πάτερ,
1471 4139 1740 4207 λέγοντες,
1774 4143 1896 4208 φίλ-

306 4245 467 4291 τατε,
505 4227 690 4298 Πάτερ
738 4228 1068 4296 γλυκύτατε,
1114 4230 1167 4281 τί
1221 4230 1297 4299 μὴ
1342 4232 1659 4299 φιλότεκνος
1690 4236 1897 4305 ἐφάνης

313 4325 417 4376 κάν
463 4323 637 4393 τούτῳ
697 4323 798 4394 τὴν
842 4323 1112 4393 ἐκδημίαν
1157 4325 1530 4395 ὲπιταχύναςς
1580 4327 1665 4389 Τί,
1695 4330 1895 4399 Πάτερ,

308 4413 549 4483 ἐρημίαν
576 4416 685 4477 τοῖς
723 4415 887 4467 παισὶ
920 4417 1234 4485 προξενεῖς;
1267 4416 1333 4469 Τί
1371 4418 1506 4487 πρὸς
1554 4419 1723 4487 ἀλλην
1772 4423 1900 4474 ἀπο-

307 4508 506 4577 δημείς
557 4508 829 4578 πατρίδας
885 4508 951 4559 'l'i
1010 4508 1085 4579 μὴ
1116 4513 1380 4581 πρότερον
1439 4513 1753 4582 μετῴκισας
1804 4520 1899 4569 καὶ

312 4596 487 4663 ἡμᾶς,
550 4594 602 4647 εἴ
632 4611 716 4657 τις
759 4594 990 4663 δύναμις
1020 4612 1033 4660 ;
1064 4596 1161 4659 Τίς
1197 4597 1225 4649 ὁ
1264 4597 1402 4666 μετά
1436 4600 1495 4651 σὲ
1533 4600 1761 4652 παύσων
1800 4607 1897 4671 μὲν

310 4689 516 4759 λύπην,
550 4688 906 4757 θεραπεύσων
936 4687 993 4740 δὲ
1046 4688 1227 4756 σῶμα,
1271 4692 1561 4760 ίασόμινος
1608 4693 1663 4745 δὲ
1720 4695 1898 4765 ψυχὴν

2001 3512 2110 3564 imo
2142 3526 2271 3562 vero
2312 3511 2366 3562 in
2417 3524 2570 3561 suam
2615 3509 2892 3561 civitatem
2928 3508 3297 3575 profecturus,
3350 3518 3405 3561 et
3442 3510 3573 3562 Sith-

1999 3604 2168 3655 latum
2217 3612 2365 3655 esset
2410 3617 2440 3655 e
2495 3602 2637 3654 cmlo
2693 3603 2931 3668 signum,
2960 3600 3102 3668 apud
3164 3616 3289 3653 eum
3355 3602 3578 3670 quidem

1998 3692 2245 3755 aderant,
2278 3692 2596 3760 quicunque
2629 3708 2685 3743 se
2721 3692 3050 3744 dediderant
3080 3693 3466 3748 exercitationi
3528 3704 3584 3748 et

1998 3792 2155 3835 erant
2216 3793 2467 3835 amantes
2512 3782 2761 3843 virtutis,
2812 3798 3047 3836 mterore
3074 3782 3253 3837 all‘ecti
3292 3792 3347 3837 et
3409 3785 3585 3854 laery-

2004 3877 2235 3930 mantes,
2302 3870 2447 3923 illius
2506 3869 2891 3939 migrationem
2956 3854 3307 3926 communem
3389 3874 3582 3927 existi-

1947 4028 1953 4036 .
2003 3969 2213 4013 mantes
2246 3960 2562 4022 orbitatem,
2606 3961 2722 4014 sine
2767 3961 2860 4013 illo
2914 3960 3097 4016 vivere
3140 3975 3372 4017 mortem
3433 3980 3587 4019 com-

2002 4068 2225 4105 munem
2280 4053 2653 4117 nominantes,
2693 4052 2884 4106 dolore
2946 4056 3232 4110 vincentes
3288 4057 3583 4124 rationem,

1999 4150 2055 4196 et
2080 4142 2131 4195 in
2158 4153 2377 4210 apertas
2404 4150 2763 4211 erumpentes
2810 4145 3103 4215 lacrymas,
3129 4155 3184 4200 et
3237 4162 3586 4217 conqueren.

2000 4242 2083 4287 tes
2113 4234 2181 4289 de
2228 4235 2572 4303 separatione
2614 4252 2629 4289 :
2677 4237 2841 4291 Pater
2867 4279 2881 4301 ,
2914 4238 3181 4301 dicentes,
3234 4239 3579 4302 charissime,

2004 4326 2165 4380 Pater
2224 4328 2570 4391 suavissime,
2620 4344 2721 4383 cur
2778 4346 2879 4383 nos
2921 4330 3061 4383 filios
3118 4330 3379 4399 diligens,
3413 4346 3585 4400 appao

1980 4417 2159 4499 .ruisti
2192 4418 2270 4471 sic
2320 4418 2600 4473 decessum
2641 4421 2996 4475 accelerans?
3037 4421 3149 4475 Cur
3197 4424 3369 4490 patris
3423 4425 3574 4477 orbi-

2005 4519 2167 4564 tatem
2195 4509 2321 4563 ﬁliis
2344 4511 2773 4566 eoneilias?Cur
2807 4514 3007 4582 migras
3038 4512 3090 4566 in
3124 4514 3284 4567 aliam
3316 4516 3584 4583 patriam?

2000 4600 2110 4654 Cur
2136 4616 2243 4654 non
2278 4616 2378 4655 nos
2407 4617 2625 4671 quoque
2668 4604 2820 4672 prius
2848 4620 2915 4658 eo
2956 4603 3287 4669 amandasti,
3329 4605 3371 4658 si
3395 4616 3577 4674 potest

2004 4691 2166 4745 fieri?
2199 4691 2333 4757 Quis
2361 4700 2445 4747 est
2484 4694 2575 4761 qui
2626 4702 2748 4763 post
2792 4702 2842 4747 te
2908 4694 2980 4748 sit
3035 4694 3256 4759 quidem
3293 4698 3584 4750 sedaturus

312 4750 628 4850 kdyqi,’;.iqi
686 4787 777 4835 καὶ
813 4780 1097 4849 οαύμασι;
1129 4750 1266 4835 Ποία
1296 4750 1482 4835 λοιπὸν
1535 4750 1745 4849 δλπίςςι
1767 4750 1896 4841 «rei:
1931 4750 1973 4808 D

1931 4750 1973 4808 θ
2001 4784 2272 4848 dolorem,
2330 4801 2527 4854 corpus
2583 4801 2715 4841 vero
2748 4795 3064 4851 curaturus,
3129 4790 3365 4841 animam
3398 4801 3580 4844 autem

313 4879 430 4938 τοῖς
462 4878 574 4937 σοῖς
604 4880 813 4935 τέκνοις
842 4874 1132 4943 ἀναψυχῆς
1164 4876 1301 4928 tbi-:6!
1338 4878 1455 4939 πῶς
1504 4879 1603 4947 τήν
1662 4882 1900 4950 πληγὴν,

316 4972 434 5033 πῶ,
467 4972 567 5037 τὴν
602 4968 889 5038 συμφορὰν
912 4969 1261 5039 ὲνέγκωμεν;

392 5152 444 5205 l'.
474 5152 659 5203 Ταῦτα
695 5153 793 5220 μὲν
824 5152 1044 5217 ἰκτῖνοι,
1078 5152 1139 5206 τὸ
1170 5152 1341 5217 πάθος
1370 5153 1445 5216 ὡς
1487 5156 1717 5218 ἕκαστος
1751 5152 1897 5227 εἶχεν

315 5244 815 5313 ἑκτραγφδοῦντες.
858 5245 915 5297 '0
952 5245 1033 5307 δὲ,
1084 5247 1182 5298 καὶ
1220 5246 1357 5317 πρὸς
1391 5247 1483 5299 τὸν
1532 5246 1764 5301 θάνατον
1803 5250 1896 5302 οὺ-

316 5336 407 5387 δὲν
459 5337 685 5405 πάσχων
717 5335 943 5403 ἀγεννὲς
995 5338 1090 5390 καὶ
1138 5337 1425 5405 φιλόζωον,
1476 5339 1570 5390 καὶ
1602 5338 1737 5407 πρὸς
1772 5339 1901 5404 τοὺς

321 5428 697 5497 περιεστῶτας
766 5427 1136 5497 φιλοστόργως
1218 5429 1657 5498 ὲπικλινόμινος,
1717 5431 1899 5502 ἡρέμα

321 5522 504 5581 τείνας
529 5520 589 5571 τὸ
632 5522 811 5591 ὄμμα,
852 5522 948 5574 καὶ
997 5520 1134 5591 πρὸς
1167 5514 1379 5585 ἀὐτοὺς
1408 5521 1638 5586 ἀπιδὼν,
1678 5523 1771 5593 Μὴ
1804 5526 1899 5576 οὖ-

318 5629 451 5675 τως,
511 5614 637 5680 ἔφη,
696 5615 933 5680 φίλτατα
989 5614 1183 5678 τέκνα,
1225 5616 1302 5684 μὴ
1357 5614 1502 5667 οὕτω
1559 5615 1781 5685 θρήνοις
1808 5618 1899 5668 τὸν

321 5705 587 5773 ὑμέτερον
618 5706 833 5777 Πατέρα
859 5706 1249 5775 προπέμψητε,
1281 5706 1420 5759 ἀλλά
1456 5707 1658 5775 μᾶλλον
1689 5708 1896 5777 εὐχαῖς.

322 5800 396 5850 Το
431 5800 530 5867 μὲν
577 5801 681 5868 γαρ
721 5799 951 5864 ἑαυτούς
999 5816 1056 5853 τε
1099 5800 1245 5867 κάμὲ
1299 5797 1535 5869 βλάπτον
1578 5802 1716 5867 sui,
1753 5803 1811 5855 τὸ
1848 5801 1899 5853 δὲ

2004 4877 2379 4931 medicaturus
2408 4878 2681 4943 oratione,
2729 4881 2839 4932 vita
2867 4890 2922 4933 et
2956 4878 3237 4933 miraculis
3264 4880 3287 4933 ἲ
3322 4880 3580 4945 Quaenam

2001 4978 2087 5023 est
2113 4986 2237 5039 spes
2268 4971 2337 5024 de
2366 4972 2605 5025 caetero?
2647 4972 2905 5038 Qua-nam
2945 4971 3073 5026 filiis
3099 4972 3209 5028 tuis
3239 4974 3584 5028 consolatio?

2004 5058 2119 5115 Heu
2152 5062 2429 5131 quomodo
2461 5063 2699 5117 feremus
2715 5064 3124 5119 calamitatem?
3310 5124 3317 5131 ,

2078 5153 2144 5206 X.
2178 5152 2301 5207 llaec
2357 5154 2435 5208 illi
2496 5154 2739 5221 quidem,
2778 5169 2990 5219 casum,
3052 5166 3111 5209 ut
3146 5164 3360 5226 poterat
3414 5172 3585 5211 unus-

2002 5247 2257 5315 quisque,
2286 5245 2489 5315 tragice
2524 5244 2907 5314 deplorantes.
2944 5246 3039 5300 ille
3071 5261 3204 5301 vero
3234 5260 3293 5300 se
3323 5244 3588 5300 adversus

2004 5350 2235 5395 mortem
2254 5338 2451 5395 fortem
2473 5338 2792 5400 ostendens,
2816 5347 2872 5392 et
2898 5338 3021 5393 vita:
3042 5338 3267 5392 minime
3294 5337 3579 5407 cupidum,

2005 5432 2071 5487 ad
2110 5447 2206 5486 eos
2260 5431 2357 5500 qui
2412 5430 2846 5485 circumstabant
2897 5446 2954 5485 se
3002 5440 3250 5484 amanter
3289 5430 3585 5493 inclinans,

2010 5526 2215 5579 sensim
2250 5526 2439 5579 oculos
2480 5524 2758 5586 attollens,
2790 5533 2839 5576 et
2868 5524 2932 5576 ad
2966 5538 3061 5577 eos
3088 5524 3310 5577 intuens
3338 5542 3349 5575 :
3380 5523 3456 5577 Ne
3484 5525 3587 5580 sie.

2012 5616 2411 5678 ocharissimi,
2471 5631 2537 5669 ne
2596 5616 2674 5669 sic
2738 5626 2983 5669 vestrum
3044 5615 3265 5669 Patrem
3331 5615 3590 5684 lacrynm

2014 5707 2448 5776 prosequimini,
2510 5707 2605 5761 sed
2674 5710 2853 5775 potius
2911 5708 3187 5777 precibus.
3238 5707 3369 5761 Nam
3455 5708 3588 5759 illul

2014 5800 2232 5869 quidem
2300 5810 2354 5857 ct
2400 5815 2497 5855 vos
2551 5810 2721 5856 etme
2759 5801 2903 5855 ltedit
2941 5818 2953 5854 :
2993 5801 3098 5856 hoc
3150 5810 3333 5854 autem
3388 5800 3592 5867 prima.
