4260 6430
729 402 827 464 3ϐ¹ί

729 507 1016 562 auxilium.

731 601 938 661 llotum,
973 603 1029 649 et
1087 592 1155 647 de
1195 590 1450 644 animaet
1515 585 1584 639 de
1633 583 1816 638 futura
1850 579 1960 635 illic
2001 579 2110 632 vita
2142 577 2312 630 multa

732 700 881 743 esset
938 683 1372 758 plulosopbatus,
1444 688 1500 733 et
1549 675 1828 740 omnibus,
1893 680 2059 744 prout
2120 670 2313 723 unius-

732 783 992 852 cujusque
1031 779 1178 833 aatati
1229 773 1598 829 conveniebat
1652 775 1708 822 et
1767 765 2044 836 dignitati,
2104 762 2312 862 monita

733 875 986 933 dedisset.
1037 877 1095 924 et
1147 866 1344 922 deinde
1405 871 1554 918 esset
1600 868 1881 931 precatus,
1933 866 2190 924 tanquam
2254 866 2309 906 in

733 977 980 1018 somnum
1042 959 1335 1020 resolutus,
1405 967 1594 1025 puram
1639 952 1787 1005 illam
1835 948 2018 1005 emisit
2045 945 2309 1000 animam.

735 1059 792 1112 ln
827 1056 1032 1110 virtute
1081 1060 1267 1106 autem
1295 1050 1612 1103 exercitatae
1669 1053 1725 1100 et
1771 1057 1943 1098 sacra:
1987 1040 2136 1096 illius
2183 1038 2312 1093 relic

734 1152 898 1220 quia,
936 1147 1142 1201 sanctis
1167 1143 1422 1197 manibus
1461 1139 1803 1208 compositae,
1839 1136 2194 1205 deponuntur
2252 1133 2307 1184 in

735 1255 892 1293 sacro
923 1238 1128 1296 templo
1167 1234 1548 1295 Praecursoris,
1602 1231 1786 1284 nmltis
1818 1244 1911 1282 eas
1974 1238 2314 1297 prosequen-

739 1332 904 1392 IIbus,
972 1339 1026 1383 et
1081 1326 1518 1397 glorilicantibus
1591 1323 1806 1377 Patrem
1871 1329 1927 1374 et
1997 1318 2192 1373 Filium
2258 1323 2314 1370 et

737 1421 1004 1489 Spiritum
1031 1429 1304 1482 sanctum,
1363 1431 1509 1470 nunc
1534 1422 1590 1470 et
1646 1427 1890 1483 semper,
1919 1419 1976 1466 et
2025 1411 2077 1465 in
2104 1408 2306 1464 sacula

737 1512 1084 1566 seculorum.
1121 1513 1316 1565 Amen.

759 1685 1073 1702 ———

1960 376 2248 437 MENSIS
2295 374 2727 438 DECEMBER.

1099 501 1191 556 Sic
1230 511 1355 552 cum
1422 508 1612 549 eorum
1689 491 1898 542 luctum
1955 486 2200 539 sedasset
2256 482 2672 553 ειΑβοήοειαν
2705 500 2780 534 πα

2338 495 2386 544 Α
2415 482 2672 553 βοήθειαν
2705 483 3108 551 παρεχόμενον.
3163 481 3354 542 Οὖτως
3395 479 3584 540 αὐτοῖς
3629 478 3839 547 στήσας
3870 482 4001 540 τοὺς

3890 370 3998 430 363

2417 577 2690 645 ὀδυρμοὺς
2727 575 2825 630 καὶ
2848 578 2918 628 τά
2947 575 3188 645 δάκρυα,
3225 575 3322 627 καὶ
3355 573 3527 626 πολλὰ
3556 574 3687 642 περί
3717 589 3776 625 τε
3822 572 4004 642 ψυχῆς

2419 671 2512 721 καὶ
2541 669 2637 739 τῆς
2668 669 2879 723 ἐκεῖθεν
2927 667 3074 738 ζωῆς
3109 666 3488 737 φιλοσοφήσας
3534 666 3720 727 αὐτοῖς
3758 666 3853 718 καὶ
3886 665 4006 718 δια-

2418 760 2739 830 λεξάμενος,
2798 759 2898 813 καὶ⁵
2949 761 3086 814 πᾶσι
3141 761 3286 812 κατὰ
3336 759 3401 810 τὸ
3442 759 3726 828 προσῆκον
3780 755 4004 823 ἑκάστῳ

2420 857 2511 906 καὶ
2546 857 2642 924 τῆς
2678 852 2899 923 ἡλικίας
2929 851 3272 920 παραινέσας
3295 850 3391 903 καὶ
3423 851 3523 918 τῆς
3552 849 3729 916 ἀξίας,
3750 842 3869 901 εἶτα
3909 851 4008 900 καὶ

2416 944 2812 1013 ἐπευξάμενος,
2862 943 3052 1012 ὥσπερ
3091 944 3173 1006 είς
3233 942 3402 995 ὕπνον
3464 939 3841 1011 κατενεχθεὶς,
3905 940 4008 1009 τὴν

2416 1038 2669 1109 καθαράν
2728 1037 2948 1104 ἐκείνην
3001 1036 3186 1106 ἀφῆκε
3253 1034 3458 1104 ψυχήν.
3491 1032 3565 1086 Τὸ
3611 1032 3669 1086 δὲ
3699 1033 4006 1103 ἀσκητικὸν

2415 1132 2583 1186 αὑτοῦ
2617 1133 2714 1184 καὶ
2739 1132 2892 1202 ίερδν
2915 1130 3192 1200 λείψανον,
3220 1129 3413 1201 χερσὶν
3439 1127 3620 1189 ὁσίαις
3650 1125 4006 1196 περισταλὲν,

2411 1226 2440 1278 ὁ
2474 1223 2618 1295 ίερδς
2646 1224 2915 1293 λαμὸάνει
2949 1223 3045 1277 τοῦ
3080 1224 3401 1294 Προδρόμου
3437 1224 3592 1287 νιιδς,
3630 1220 3842 1274 πολλῶν
3872 1220 4009 1273 αὐτὸ

2417 1317 2862 1384 προπεμπόντων
2887 1316 2983 1368 καὶ
3032 1312 3370 1378 δοξαζόντων
3409 1311 3656 1381 Πατέρα,
3718 1309 3849 1363 Υίδν
3900 1310 4002 1363 καὶ

2415 1403 2573 1471 ἅγιον
2601 1402 2824 1472 Πνεῦμα
2858 1402 2954 1456 νῦν
2993 1405 3088 1457 καὶ
3121 1404 3210 1457 ἀεὶ
3254 1402 3355 1457 καὶ
3379 1403 3462 1466 είς
3490 1403 3621 1464 τοὺς
3649 1401 3854 1466 αίῶνας
3882 1399 3997 1454 τῶν

2412 1497 2650 1550 αἰώνων.
2695 1496 2892 1566 Ἀμήν.

1104 1672 3991 1703 MM

1366 1841 1999 1931 ΜΑΡΤΥΡΙΟΝ
2072 1838 2300 1926 ΤΩΝ
2376 1837 2719 1926 ΑΓΙΩΝ
2792 1837 3392 1926 ΜΑΡΤΥΡΩΝ

813 2039 1343 2196 ΜΗΝΑ,
1429 2035 2567 2175 ΕΡΜΟΓΕΝΟΥΣ
2622 2033 2920 2168 ΚΑΙ
2993 2030 3946 2171 ΕΥΓΡΑΦΟΥ.

1627 2428 2117 2490 MARTYRIUM
2162 2429 2643 2491 SANCTORUM
2687 2429 3146 2492 ΜΑιιΤΥιιυΜ

954 2625 1493 2790 ΜΕΜῖ,
1575 2622 2608 2753 HERMOGENIS

2113 2622 2608 2753 lGENIS
2691 2623 2893 2749 ET
2978 2619 3795 2754 EUGRAPHI

1412 2864 1606 2927 (Latine
1629 2875 1704 2925 ap.
1733 2862 1936 2913 Surium
1961 2863 2019 2912 ad
2040 2861 2172 2912 diem
2197 2860 2255 2930 lo
2280 2859 2437 2920 Dec;
2463 2861 2632 2914 Grece
2657 2874 2719 2912 ex
2748 2861 2851 2910 cod.
2881 2876 2971 2911 ms.
3000 2862 3202 2914 (‘.oislin.
3233 2863 3355 2922 H7.)

830 3176 868 3231 1.
900 3177 1027 3230 Post
1077 3172 1379 3228 Servatoris
1408 3171 1610 3226 Christi
1656 3171 1710 3225 in
1758 3180 1960 3226 terram
2007 3169 2327 3235 adventum,
2359 3174 2406 3233 Β
2503 3200 2512 3222 Α

2359 3174 2406 3233 Β
2503 3170 2584 3222 A'.
2618 3169 2775 3222 Μετὰ
2805 3171 2905 3240 τὴν
2939 3173 3031 3222 ἐπὶ
3060 3174 3164 3240 γῆς
3201 3169 3295 3223 τοῦ
3336 3171 3590 3240 Σωτῆρος
3625 3172 3866 3241 Χριστοῦ
3901 3193 4014 3226 πα-

755 3270 910 3323 multi
940 3267 1160 3335 quidem
1198 3265 1365 3319 etiam
1401 3263 1494 3317 alii
1523 3278 1580 3318 se
1606 3262 1673 3316 ad
1703 3264 1991 3333 martyrica
2021 3261 2325 3315 certamina

754 3371 1026 3414 exuerunt
1060 3375 1073 3409 :
1106 3371 1227 3410 cum
1257 3355 1514 3409 omnibus
1544 3367 1726 3409 autem
1753 3368 1813 3407 se
1842 3367 2063 3422 quoque
2097 3369 2328 3422 magnus

756 3451 907 3506 exuit
941 3449 1143 3501 Menas.
1175 3448 1468 3516 Postquam
1499 3445 1644 3499 enim
1685 3445 2056 3500 Diocletianus
2084 3447 2246 3500 simul
2274 3456 2331 3501 et

757 3543 1114 3596 Maximianus
1144 3552 1399 3608 magnum
1424 3537 1648 3606 quidem
1673 3537 1989 3591 habuerunt
2012 3537 2329 3607 imperium,

757 3633 982 3687 fuerunt
1009 3629 1269 3685 omnibus
1301 3628 1601 3683 terribiles.
1632 3626 1768 3682 Cum
1803 3637 1990 3682 autem
2032 3628 2334 3684 voluissent

761 3738 1066 3793 repugnare
1089 3721 1302 3790 pietati.
1330 3728 1386 3774 et
1411 3720 1571 3773 ﬁdem
1604 3722 1657 3773 in
1684 3718 1967 3774 Christum
1992 3734 2329 3790 expugnare,

759 3831 923 3884 quam
967 3812 1049 3867 vel
1090 3814 1263 3880 portis
1301 3809 1462 3864 inferi
1500 3809 1818 3862 validiorem
1852 3824 2171 3864 mansuram
2216 3810 2334 3879 ipse

762 3902 1141 3974 pronuntiavit
1166 3921 1180 3955 :
1207 3911 1495 3970 postquam
1529 3914 1782 3969 magnum
1808 3899 1873 3952 ad
1902 3899 2006 3954 hoc
2029 3900 2334 3954 adhibuere

761 3993 1025 4055 studium,
1070 3999 1126 4046 et
1165 4005 1384 4044 omnem
1426 4003 1647 4045 movere
1686 3989 1947 4058 lapidem,
1993 3990 2212 4060 quando
2242 4004 2336 4044 co-

763 4093 1073 4152 utioverunt
1101 4097 1160 4134 se
1188 4097 1252 4134 ea
1282 4080 1526 4151 aggredi,
1552 4095 1673 4150 quae
1703 4094 1814 4133 non
1846 4090 2072 4149 possent
2103 4080 2248 4144 ﬁeri,
2279 4089 2336 4135 et

767 4185 825 4225 ut
859 4175 1087 4236 dicitur,
1118 4170 1350 4241 jaculari
1398 4171 1456 4224 in
1502 4184 1710 4235 aerem,
1756 4179 1813 4224 et
1857 4172 2048 4225 conari
2090 4184 2332 4237 movere,

764 4278 887 4332 qua:
921 4271 1048 4315 sunt
1092 4261 1415 4322 immobilia,
1445 4244 1676 4329 uterque
1713 4274 1911 4315 eorum
1951 4261 2204 4331 deposuit
2234 4261 2336 4316 im-

766 4355 979 4423 perium
1015 4371 1027 4406 :
1057 4352 1379 4422 apud'alios
1426 4351 1650 4421 quidem
1699 4361 2058 4421 praetexentes
2103 4352 2337 4408 fortuna

768 4444 1100 4506 satietatem,
1129 4450 1185 4497 et
1210 4456 1453 4496 amorem
1500 4441 1854 4505 mutationis;
1887 4442 1954 4496 iis
1980 4452 2186 4506 autem,
2214 4442 2338 4512 qui-

2435 3261 2657 3332 ρουσίαν
2711 3262 2898 3314 πολλοὶ
2947 3262 3044 3330 μὲν
3096 3263 3192 3315 καὶ
3242 3263 3392 3316 ἄλλοι
3435 3265 3573 3332 πρὸς
3605 3264 3829 3331 ἀγῶνας
3883 3272 4010 3330 τοὶς

2433 3353 2806 3421 μαρτυρικοὺς
2839 3353 3184 3404 ἀπεδύσαντο
3210 3369 3225 3384 ⁸
3261 3354 3556 3408 ἀποδύεται
3584 3356 3641 3409 δὲ
3677 3360 3820 3425 μετά
3879 3359 4018 3410 πάν-

2430 3459 2540 3496 των
2573 3446 2667 3495 καὶ
2689 3445 2718 3496 ὁ
2753 3443 2928 3511 μέγας
2965 3445 3178 3512 Μηνᾶς.
3220 3446 3373 3498 Ἐπεὶ
3404 3448 3512 3517 γὰρ
3537 3449 3566 3500 ὃ
3591 3465 3652 3500 τε
3682 3450 4014 3520 Διοκὶητια-

2433 3534 2521 3595 νὸς
2551 3534 2670 3601 ἅμα
2701 3535 2798 3587 καὶ
2821 3534 3168 3603 Μαξιμιανὸς
3203 3538 3452 3607 μεγάλην
3489 3539 3589 3608 μὲν
3619 3539 3777 3608 ἔσχον
3809 3541 4011 3610 ἀρχὴν,

2433 3628 2530 3676 καὶ
2564 3624 2787 3696 φοϐεροὶ
2839 3626 2976 3678 πᾶσι
3008 3627 3375 3695 κατέστησαν,
3411 3627 3772 3698 βουληθέντες
3816 3630 3872 3683 δὲ
3922 3634 4016 3683 καὶ

2435 3719 2571 3785 πρδς
2607 3716 2705 3783 τὴν
2736 3714 3018 3768 εὺσέσειαν
3054 3716 3433 3783 άντιπνεῦσαι,
3472 3720 3567 3771 καὶ
3611 3721 3712 3790 τὴν
3769 3723 3850 3784 εἰς
3879 3722 4017 3791 Χρι-

2437 3806 2565 3858 στὸν
2595 3805 2782 3859 πίστιν
2827 3807 3330 3874 καταγωνίσασθαι,
3365 3811 3436 3878 ἢν
3462 3813 3861 3881 κραταιοτέραν
3898 3816 4020 3882 μεῖ-

2437 3913 2522 3946 ναι
2564 3897 2656 3948 καὶ
2706 3894 2835 3965 ᾅδου
2887 3896 3074 3948 πυλῶν
3129 3897 3298 3960 αὐτὸς
3349 3899 3689 3969 ἀπεφήνατο,
3759 3905 3900 3972 μετά
3957 3907 4016 3955 τὸ

2436 3986 2639 4054 ποιλλὴν
2673 3989 2754 4048 είς
2791 3987 2950 4039 τοῦτο
2982 3992 3374 4056 προσενεγκεῖν
3407 3992 3667 4063 σπουδὴν,
3702 3995 3800 4046 καὶ
3830 3997 4012 4048 πάντα

2437 4078 2659 4146 κινῆσαι
2690 4078 2857 4142 λίθον,
2896 4079 3128 4148 ἐπείπερ
3167 4081 3413 4147 ἔγνωσαν
3461 4083 3746 4147 ἀδυνάτοις
3794 4088 4013 4155 ἐπιχει-

2441 4169 2682 4238 ροῦντες,
2712 4170 2807 4223 καὶ
2835 4171 2897 4224 τὸ
2920 4170 3014 4224 τοῦ
3054 4171 3213 4239 λόγου
3255 4175 3394 4242 πρὸς
3433 4175 3666 4244 οὐρανὸν
3699 4177 4017 4241 τοξεύοντες

2435 4259 2470 4328 ἢ
2511 4263 2579 4313 τά
2620 4262 2857 4330 ἀκίνητα
2902 4265 3073 4316 κινεῖν
3117 4264 3452 4333 πειρώμενοι
3479 4307 3494 4331 ,
3528 4266 3790 4337 ἑκάτερος
3837 4270 4019 4322 αὐτῶν

2437 4354 2535 4422 τὴν
2561 4354 2838 4423 βασιλείαν
2865 4357 3338 4418 ἀπεσκευάσαντο,
3359 4358 3497 4428 πρὸς
3532 4359 3632 4429 μὲν
3668 4363 3792 4423 τοὺς
3823 4362 4020 4425 ἄλλους

2438 4446 2600 4515 κόρον
2639 4448 2739 4516 τῆς
2782 4447 2972 4516 τύχης,
3026 4450 3122 4503 καὶ
3155 4449 3465 4519 μετασολῆς
3514 4451 3692 4522 ερωτα
3734 4470 4015 4522 προφασι-

769 4534 873 4586 bus
926 4542 1180 4601 poterant
1228 4544 1438 4588 secreta
1495 4533 1927 4598 communicare,
1987 4544 2044 4588 et
2092 4537 2338 4589 animum
2367 4535 2451 4596 Cl

2367 4535 2412 4596 C
2445 4540 2675 4606 σάμενοι
2702 4555 2716 4570 ·
2747 4534 2830 4601 οἷς
2863 4540 2922 4592 δὲ
2956 4539 3066 4591 τῶν
3098 4539 3429 4612 ἀπορρήτων
3450 4545 3726 4596 κοινωνεῖν
3744 4540 3889 4613 εἶχον
3925 4548 4020 4599 καὶ

769 4625 1008 4693 aperire,
1051 4624 1298 4678 dict-mes
1341 4623 1547 4679 Christi
1591 4624 1873 4688 virtutem,
1917 4633 1974 4679 et
2012 4640 2134 4694 quae
2167 4639 2232 4678 ex
2265 4625 2340 4680 si-

769 4717 892 4786 gnis
925 4716 1397 4785 proﬁciscebatur,
1440 4715 1852 4787 persuasionem
1886 4734 1899 4770 :
1930 4726 1982 4769 et
2021 4715 2168 4785 quod
2212 4731 2336 4771 cum

771 4811 875 4863 hoc
915 4823 1024 4861 non
1077 4809 1383 4876 potuissent
1428 4807 1662 4870 edicere,
1712 4809 1816 4862 alia
1861 4808 2250 4877 posthabenles
2281 4819 2341 4864 et

771 4915 935 4970 parva
985 4897 1385 4962 existimantes,
1435 4913 1539 4953 nec
1593 4899 1867 4969 imperare
1915 4899 2137 4969 quidem
2176 4902 2336 4954 vole—

774 4992 922 5044 bant.

841 5077 906 5131 ll.
957 5078 1091 5131 Cum
1139 5078 1219 5131 sic
1265 5092 1393 5146 ergo
1443 5078 1519 5131 illi
1575 5078 1864 5148 imperium
1915 5078 2336 5149 deposuissent,

772 5171 1073 5225 Maxentius
1096 5169 1318 5239 quidem
1344 5171 1412 5222 ab
1435 5174 1515 5224 eis
1539 5172 1746 5234 Romae,
1773 5171 2127 5226 Constantius
2152 5181 2334 5226 autem

769 5261 979 5326 Galliis,
1016 5260 1341 5315 Maximinus
1388 5276 1520 5315 vero
1564 5261 1770 5317 Orienti
1811 5261 2184 5331 praeﬁciuntur
2233 5265 2340 5315 im-

775 5365 1074 5421 peratores.
1129 5353 1252 5406 Fuit
1298 5368 1429 5422 ergo
1484 5354 1735 5423 protinus
1781 5353 1836 5406 in
1875 5352 2099 5409 Oriente
2147 5369 2340 5420 magna

774 5449 1086 5516 persecutio
1114 5447 1386 5499 adversus
1414 5445 1854 5510 Christianos,’et
1883 5462 2066 5499 rerum
2094 5460 2339 5500 commu-

772 5539 925 5592 nium
961 5535 1230 5603 eonfusio,
1252 5547 1330 5598 et,
1357 5547 1413 5588 ut
1437 5537 1604 5591 semel
1642 5535 1841 5600 dicam,
1867 5550 2056 5604 magna
2091 5537 2340 5604 quadam

773 5627 1116 5692 perturbatio
1136 5638 1194 5681 et
1217 5626 1419 5682 seditio
1446 5627 1500 5681 in
1527 5639 1671 5682 terra
1695 5637 1750 5681 et
1777 5628 1830 5681 iu
1855 5627 2011 5692 mari,
2047 5627 2340 5683 Maximino

773 5723 1027 5778 sandente
1069 5721 1291 5786 quidem
1326 5720 1653 5774 conﬁrmare
1691 5722 1954 5792 majorum
1990 5735 2212 5776 suorum
2243 5721 2341 5776 de-

777 5817 1085 5884 wptioncm
1127 5823 1180 5870 et
1240 5812 1428 5867 falsam
1477 5814 1797 5884 religionem
1834 5830 1848 5867 :
1881 5828 1910 5868 e
1956 5823 2099 5868 terra
2134 5823 2338 5878 autem,

2442 4627 2512 4677 τὰ
2541 4626 2642 4693 τῆς
2674 4625 2852 4696 ψυχῆς
2882 4628 3273 4693 ἑξεκάλυπτον,
3314 4631 3407 4682 τοῦ
3443 4632 3680 4700 Χριστοῦ
3719 4633 3821 4702 τὴν
3861 4638 4022 4704 ialm

2444 4720 2714 4782 εἰπόντες,
2752 4721 2846 4772 καὶ
2883 4720 2984 4790 τὴν
3017 4723 3080 4773 ἐκ
3115 4721 3224 4772 τῶν
3258 4723 3503 4788 σημείων
3539 4722 3737 4788 πειθὼ,
3797 4729 3891 4778 καὶ
3942 4727 4021 4789 ὡς

2443 4812 2568 4863 ἐπεὶ
2610 4810 2772 4865 τοῦτο
2817 4812 2893 4881 μὴ
2953 4815 3415 4882 καταπράξασθαι
3466 4815 3682 4867 δυνατοὶ
3730 4818 4020 4883 γεγόνασι,

2444 4903 2675 4973 δεύτερα
2716 4904 2887 4959 τᾶλλα
2938 4905 3034 4958 καὶ
3084 4906 3258 4974 μικρὰ
3287 4905 3625 4972 νομίζοντες,
3657 4907 3776 4959 οὐδὲ
3823 4907 4024 4977 ἄρχειν

2442 4992 2646 5062 ἠξίουν.

2516 5083 2589 5136 B'.
2622 5084 2812 5147 Οὕτως
2842 5082 2936 5140 οὖν
2980 5087 3204 5140 ἐκείνων
3252 5086 3350 5156 τὴν
3403 5086 3685 5156 βασιλείαν
3733 5088 4020 5157 ἀποθεμέ-

2445 5189 2570 5236 νων,
2620 5173 2918 5238 Μαξέντιος
2974 5175 3074 5243 μεν
3113 5177 3203 5228 ὑπ’
3249 5177 3430 5228 αὐτῶν
3477 5180 3542 5246 τῇ
3591 5178 3802 5248 Ῥώμῃ,
3862 5180 4022 5232 Κων-

2448 5265 2693 5327 στάντιος
2724 5266 2781 5318 δὲ
2832 5269 2952 5329 ταῖς
2985 5267 3262 5332 Γαλλίαις,
3296 5271 3361 5338 τῇ
3397 5268 3540 5338 Ἐῲα
3565 5269 3624 5321 δὲ
3658 5271 3687 5320 ὁ
3715 5270 4028 5338 Μαξιμίνος

2447 5357 2888 5426 χειροτονοῦνται
2935 5360 3015 5421 είς
3067 5358 3330 5427 βασιλεῖς.
3359 5355 3464 5412 Ἦν
3516 5356 3610 5412 οὖν
3660 5363 3822 5426 εὐθὺς
3878 5365 4028 5416 κατὰ

2447 5446 2548 5515 τὴν
2581 5447 2694 5498 Ἕω
2738 5447 2978 5517 διωγμός
3023 5466 3082 5501 τε
3123 5450 3296 5518 μέγας
3347 5452 3486 5503 κατὰ
3522 5452 3868 5522 Χριστιανῶν
3929 5454 4029 5506 καὶ

2449 5539 2710 5608 σύγχυσις
2741 5540 2850 5593 τῶν
2878 5542 3076 5594 κοινῶν
3111 5543 3481 5611 πραγμάτιον,
3510 5548 3605 5596 καὶ
3631 5545 3816 5604 ἁπλῶς
3849 5544 3973 5596 πολ)
3992 5548 4027 5615 ἡ

2448 5644 2533 5688 τις
2572 5631 2785 5699 ταραχὴ
2822 5631 2917 5682 καὶ
2947 5633 3134 5690 στάσι,
3170 5637 3314 5684 κατὰ
3353 5633 3459 5701 γῆν
3492 5651 3552 5687 τε
3593 5637 3687 5688 καὶ
3719 5635 4026 5701 θάλασσαν,

2448 5719 2540 5771 τοῦ
2591 5720 2903 5790 Μαξιμίνου
2939 5723 3203 5793 κρατῦναι
3258 5726 3354 5795 μὲν
3403 5726 3494 5778 διὰ
3530 5727 3768 5795 σπουδῆς
3804 5731 4030 5798 ἔχοντος

2452 5813 2550 5882 τὴν
2595 5813 2702 5866 τῶν
2736 5817 3019 5885 προγόνων
3043 5818 3264 5888 ἀπάτην
3293 5820 3388 5872 καὶ
3417 5821 3484 5872 τὰ
3516 5822 3860 5890 crassum,
3899 5823 4028 5886 tea.
