4260 6430
754 391 855 457 οτι

2000 401 2288 462 ΜΕΝΞΙΞ
2327 401 2577 460 DECEM
2593 403 2768 463 BER.

3917 396 4032 459 372

757 511 803 562 si
853 511 905 563 in
955 508 1064 562 alio
1105 507 1327 578 quidem
1383 517 1630 579 tempore
1681 509 1944 566 subiisset
1991 512 2340 583 martyrium,
2379 513 2415 566 Α

2379 513 2415 566 Α
2446 511 2562 580 ἔχει
2614 511 2901 583 βουληθεὶς
2948 511 3077 580 ἀρτι
3127 509 3228 580 τὴν
3281 510 3440 563 πόλιν
3487 511 3666 564 πᾶσαν
3718 508 3787 562 δι’
3839 507 4040 562 ἐαυτοῦ

759 614 857 664 pro
908 614 965 653 se
1007 599 1183 652 solum
1228 599 1534 667 accepisset
1581 613 1867 667 coronam,
1944 603 2108 656 hodie
2159 611 2342 656 autem

761 707 860 758 pro
896 691 981 752 iis,
1014 690 1107 758 qui
1147 689 1456 755 decertant,
1484 691 1718 761 accipiet
1747 693 2058 748 mercedem
2088 713 2102 751 :
2129 695 2346 748 intuens

761 781 829 833 ad
863 796 1119 842 coronas,
1153 781 1344 835 statuit
1377 792 1432 835 et
1467 783 1643 852 magis
1675 798 1909 854 arguere
1941 783 2344 854 deceptionem,

759 886 814 925 et
840 872 1132 927 traducere
1161 873 1443 929 civitatem
1475 875 1543 928 ab
1573 889 1764 929 errore
1791 876 2104 946 gentilium,
2137 887 2188 930 et
2226 893 2347 945 per—

767 965 1002 1021 suadere
1037 966 1317 1030 omnibus,
1353 978 1411 1021 ut
1444 967 1658 1021 discant
1696 967 1978 1037 pietatem.
2009 979 2065 1024 et
2107 970 2346 1039 seipsum

763 1060 994 1114 reddere
1022 1060 1395 1121 manifestum.
1417 1069 1473 1114 et
1499 1061 1864 1114 certaminum
1891 1062 2208 1116 occasiones
2235 1063 2348 1132 ipse

763 1161 1025 1220 tanquam
1053 1167 1211 1206 ansas
1240 1151 1486 1221 praebere
1509 1153 1652 1208 aliis.
1681 1152 1951 1219 Quoniam
1982 1169 2110 1207 vero
2139 1155 2350 1224 perspi-

763 1244 946 1299 ciebat
1008 1244 1422 1299 multitudinem
1481 1260 1826 1315 nequaquam
1897 1245 2118 1314 quidem
2175 1247 2351 1302 nudas

763 1342 1059 1397 admittere
1114 1342 1560 1403 adhortationes,
1620 1342 1714 1396 sed
1767 1356 1860 1397 eas
1911 1339 2098 1410 potius
2147 1341 2350 1397 habere

763 1444 1071 1505 suspectas,
1129 1435 1347 1488 facilius
1385 1444 1571 1490 autem
1603 1437 1722 1505 capi
1753 1453 1783 1490 a
1814 1437 1942 1501 ﬁde,
1971 1454 2093 1509 qua:
2123 1436 2350 1506 prolici-

765 1528 941 1582 scitur
986 1542 1051 1580 ex
1095 1527 1380 1594 operibus,
1425 1543 1596 1596 pauca
1633 1528 1872 1588 docens.
1925 1530 2090 1598 idque
2135 1529 2346 1588 solum.

766 1617 986 1687 quando
1007 1617 1230 1672 videbat
1253 1617 1652 1687 interrogantes
1707 1629 1762 1674 et
1785 1622 2072 1690 cupientes
2099 1619 2348 1674 discere:

767 1724 961 1779 magna
1009 1726 1076 1763 ex
1128 1720 1282 1777 parte
1330 1721 1512 1764 autem
1564 1726 1662 1766 eos
1714 1727 1811 1781 per
1856 1714 2008 1780 signa
2062 1713 2350 1772 inducens.

771 1802 909 1856 adeo
935 1802 1086 1856 brevi
1111 1801 1176 1855 ad
1203 1817 1347 1864 eam,
1371 1818 1492 1871 qua:
1514 1803 1740 1868 latebat,
1771 1804 2014 1859 traduxit
2040 1807 2348 1866 veritatem,

771 1904 830 1947 nt
865 1895 1072 1948 fuerint
1116 1909 1308 1950 omnes
1339 1897 1510 1964 parati
1548 1897 1855 1950 daemonum
1904 1906 2114 1951 statuas
2143 1905 2200 1951 et
2231 1912 2356 1950 aras

772 1986 1040 2057 dejicere,
1077 1998 1154 2050 et.
1203 1989 1246 2043 si
1299 1988 1520 2058 quando
1583 1989 1794 2050 liceret,
1851 2005 1949 2058 pro
1984 1989 2206 2044 Christo
2243 1989 2353 2059 pati

773 2089 1012 2133 mortem
1062 2089 1316 2149 prompto
1360 2089 1417 2133 et
1467 2079 1633 2133 alacri
1671 2082 1875 2134 animo.
1924 2081 2058 2135 Nam
2105 2096 2230 2134 cum
2268 2081 2355 2135 ille

773 2170 996 2240 quidem
1037 2186 1160 2224 eum
1199 2170 1365 2226 rebus
1393 2171 1632 2240 publicis
1667 2173 1784 2239 ipso
1818 2187 2037 2241 quoque
2075 2172 2360 2241 dignitatis

773 2262 914 2316 fastu
942 2273 1161 2325 exutus,
1192 2272 1365 2316 totum
1399 2263 1578 2316 forum
1613 2263 1794 2316 obiret
1829 2264 2062 2316 honesto
2085 2275 2140 2317 et
2168 2263 2357 2317 mode-

777 2366 899 2410 rato
931 2357 1175 2420 incessu,
1215 2365 1271 2410 et
1319 2366 1464 2410 totus
1511 2371 1732 2426 quoque
1763 2357 1876 2411 lere
1916 2357 2149 2426 populus
2181 2357 2357 2425 ipsum

779 2459 1232 2518 consequeretur.
1267 2460 1494 2519 prOpIer
1525 2449 1892 2502 reverentiam
1929 2450 2281 2518 magistratus
2305 2459 2360 2504 et

779 2543 1060 2609 signorum
1106 2550 1161 2594 et
1205 2541 1552 2594 curationum
1591 2581 1603 2603 ,
1677 2540 1954 2595 accideret
2000 2549 2183 2594 autem
2221 2540 2360 2594 forte

782 2634 1020 2696 fortuna,
1053 2643 1113 2686 ut
1144 2634 1260 2702 ipse
1308 2632 1577 2687 incideret
1613 2633 1664 2686 in
1700 2643 1957 2702 aegrotos,
1993 2642 2088 2687 aut
2138 2634 2244 2687 illis
2270 2648 2362 2688 oc-

783 2737 1054 2789 curreret,
1080 2727 1282 2794 quibus
1305 2735 1423 2779 erat
1451 2739 1654 2794 corpus
1683 2725 1864 2794 aliqua
1902 2735 2054 2794 parte
2082 2723 2359 2788 mutilum,

785 2820 874 2872 ille
897 2819 1119 2887 quidem
1149 2821 1396 2887 protinus
1420 2820 1748 2873 cernebatur
1773 2818 1960 2870 animo
1986 2816 2359 2886 perturbatus,

782 2919 837 2966 et
869 2926 1061 2964 manus
1092 2911 1174 2964 eis
1202 2909 1538 2978 imponebat,
1572 2919 1625 2963 et
1654 2909 1936 2963 Christum
1971 2908 2277 2971 invocabat,
2308 2918 2364 2962 et

782 3005 940 3071 signo
964 3003 1147 3057 crucis
1173 3001 1514 3069 obsignabat.
1539 3002 1620 3055 illi
1648 3015 1775 3054 vero
1799 3015 1923 3054 cum
1949 3010 2127 3054 essent
2157 3001 2359 3065 claudi,

782 3095 966 3148 statim
1003 3093 1277 3147 saltabant
1308 3093 1566 3146 omnibus
1599 3092 1916 3145 videntibus
1948 3109 1960 3145 :
1992 3092 2143 3145 surdi
2179 3102 2360 3146 autem

2451 605 2771 674 μεταθεῖναι
2820 604 2960 674 πρὸς
3005 603 3345 667 θεοσέϐειαν,
3382 602 3479 656 καὶ
3535 603 3611 666 ὡς
3648 605 3708 657 ἐν
3740 601 3890 671 ἀλλιρ
3940 603 4044 670 μέν

2449 697 2629 768 καιρῷ
2657 697 3042 767 μαρτυρήσας.
3074 695 3166 749 τὸν
3199 696 3341 766 ύπέρ
3369 693 3568 749 ἐαυτοῦ
3600 695 3762 764 μόνον
3799 694 4041 762 ἀπενέγο

2449 805 2598 841 κοιτο
2632 788 2918 854 στέφανον,
2949 786 3194 855 σήμερον
3229 785 3308 847 δέ,
3329 786 3423 838 xui
3457 772 3550 838 τὸν
3580 784 3722 854 ὑπὲρ
3752 785 3864 836 τῶν
3893 787 4046 851 ἀγω-

2449 878 2751 948 νιζομένων
2785 877 2967 930 αὐτῶν
2996 877 3186 944 μισθὸν
3214 876 3469 946 λήψεται,
3521 877 3614 930 xui
3646 875 3860 930 ἀπιδὼν
3903 876 4045 943 πρὸς

2449 971 2576 1031 τοὺς
2632 969 2923 1029 τοσούτους
2975 968 3297 1036 στεφάνους.
3350 967 3496 1034 έγνω
3550 969 3650 1037 τήν
3701 985 3762 1021 τε
3822 969 4047 1037 ἀπάτην

2455 1062 2656 1132 μᾶλλον
2688 1060 2930 1128 ἐλέγξαι,
2950 1061 3043 1112 xui
3075 1061 3418 1129 μεταστῆσαι
3449 1059 3550 1130 τῆς
3585 1061 3875 1132 ἐλληνικῆς
3905 1062 4047 1114 πλά-

2450 1171 2548 1223 νης
2584 1153 2684 1225 τὴν
2726 1153 2901 1218 πόλιν,
2950 1154 3046 1206 καὶ
3077 1155 3266 1205 πεῖσαι
3302 1153 3512 1217 πάντας
3551 1153 3895 1223 μεταμαθεῖν
3945 1155 4048 1222 τὴν

2452 1247 2740 1300 εὐσέϐειαν
2768 1263 2781 1278 ·
2814 1247 3048 1315 φανερόν
3082 1263 3140 1299 τε
3177 1246 3370 1300 ἐαυτὸν
3399 1245 3775 1314 καταστῆσαι,
3808 1246 3904 1300 xui
3945 1246 4048 1309 τὰς

2451 1341 2711 1410 ἀφορμὰς
2753 1341 2866 1392 τῶν
2901 1338 3130 1407 ἀγώνων
3177 1340 3252 1401 ὡς
3301 1339 3473 1404 λαϐἀς
3519 1340 3632 1400 τοῖς
3660 1338 3846 1401 ἄλλοις
3881 1337 4050 1391 αὑτὸν

2452 1433 2780 1501 παρασχεῖν.
2825 1432 2978 1483 Ἐπεὶ
3011 1431 3144 1499 γοῦν
3187 1432 3400 1485 συνεῖδε
3433 1433 3494 1484 τδ
3525 1432 3751 1499 πλῆθος,
3812 1432 3910 1493 τᾶς
3949 1432 4050 1498 μὲν

2452 1525 2616 1595 ψιλὰς
2666 1524 3024 1594 παραινέσεις
3067 1523 3190 1577 οὗτε
3246 1525 3537 1594 προσέχον,
3573 1525 3670 1577 xui
3702 1524 3770 1576 δι’
3804 1524 4050 1592 ὑποψίας

2455 1619 2799 1689 ποιούμενον,
2849 1618 2982 1688 πρὸς
3031 1617 3088 1670 δέ
3133 1618 3233 1688 τὴν
3265 1618 3324 1684 ἐξ
3378 1617 3557 1686 ἔργων
3586 1619 3773 1671 πίστιν
3806 1618 4052 1680 εὐκόλως

2455 1715 2832 1785 χειρούμενον,
2869 1714 3023 1781 ὀλίγα
3058 1713 3349 1773 διδάσκων,
3383 1713 3477 1764 xui
3501 1711 3681 1778 τοῦτο,
3736 1711 3826 1764 ὅτε
3885 1711 4052 1780 μόνον

2459 1807 2906 1875 πυνθανομένους
2945 1804 3090 1876 ἐώρα
3143 1808 3237 1858 xui
3297 1805 3657 1874 γλιχομένους
3712 1805 3928 1874 μαθεῖν,
3982 1806 4052 1858 τά

2460 1900 2631 1954 πολλά
2678 1899 2761 1952 διὰ
2818 1899 2926 1952 τῶν
2975 1899 3220 1968 σημείων
3256 1898 3457 1960 αὐτοὺς
3502 1899 3736 1966 ἐνάγων,
3771 1897 3948 1959 οῦτως
3992 1897 4052 1949 ἐν

2462 1991 2654 2061 βραχεῖ
2682 1991 2820 2058 προς
2843 1991 2940 2059 τὴν
2965 1990 3352 2060 κρυπτομένην
3375 1989 3638 2059 ἀλήθειαν
3661 1988 4051 2058 μετεϐίϐασεν,

2458 2082 2532 2146 ώς
2570 2084 2820 2152 ἑτοίμους
2845 2082 3055 2145 πάντας
3091 2082 3346 2150 γενέσθαι
3377 2082 3448 2135 τά
3475 2099 3535 2135 τε
3563 2080 3920 2152 ἀφιδρύματα
3939 2080 4051 2132 τῶν

2460 2176 2734 2245 δαιμόνων
2761 2176 2854 2230 xui
2880 2177 3004 2238 τοὺς
3037 2175 3254 2244 βωμοὺς
3279 2174 3550 2237 καθελεῖν,
3587 2177 3676 2227 xui
3710 2173 3764 2226 εῖ
3783 2189 3917 2225 ποτε
3950 2190 4048 2225 πα-

2467 2270 2554 2337 ρῇ,
2600 2267 2691 2320 τὸν
2723 2267 2865 2336 ὑπὲρ
2896 2267 2990 2319 τοῦ
3017 2267 3256 2336 Χριστοῦ
3290 2267 3589 2336 προθύμως
3625 2266 3920 2319 ἀποθανεῖν
3957 2265 4053 2316 θά-

2462 2377 2644 2413 νατον.
2685 2360 2772 2422 Ὡς
2800 2359 2906 2429 γὰρ
2934 2359 2962 2410 6
2997 2360 3094 2428 μέν
3148 2360 3284 2427 μετὰ
3316 2358 3428 2411 τῶν
3469 2357 3747 2425 δημοσίων
3781 2357 4051 2428 πραγμά⁹

2462 2462 2570 2504 των
2619 2451 2711 2504 xui
2769 2451 2931 2503 αὑτὸν
2985 2451 3077 2503 τὸν
3117 2450 3209 2504 τοῦ
3267 2450 3580 2520 ἀξιώματος
3637 2450 3803 2517 ὄγκον
3859 2450 4052 2516 ὥσπερ

2463 2545 2878 2615 ἀποδυσάμενος
2917 2543 3076 2615 ἐπῄει
3106 2547 3246 2598 κατὰ
3273 2547 3455 2598 πᾶσαν
3495 2547 3598 2614 τὴν
3637 2545 3843 2614 ἀγορὰν
3887 2545 4052 2598 εὐκό-

2468 2654 2588 2706 σμῳ
2635 2639 2724 2689 καὶ
2763 2640 2970 2706 μετρίῳ
3012 2637 3121 2690 τινὶ
3178 2637 3256 2706 τῷ
3295 2637 3611 2706 βαδίσματι,
3657 2637 3946 2690 συνείπετο
3994 2637 4052 2689 δὲ

2465 2729 2616 2798 αῦτῷ
2657 2730 2750 2781 xui
2787 2732 2893 2791 πᾶς
2923 2731 2950 2782 6
2998 2728 3170 2796 δῆμος
3205 2727 3389 2796 σχεδὸν
3421 2729 3563 2781 αἰδοῖ
3590 2729 3689 2798 τῆς
3725 2729 3900 2798 ἀρχῆς
3956 2730 4051 2781 καὶ

2463 2821 2573 2872 τῶν
2618 2820 2864 2889 σημείων
2904 2821 3000 2872 xui
3044 2821 3154 2872 τῶν
3208 2822 3428 2882 ῖάσεων,
3469 2820 3755 2873 συνέϐαινε
3804 2821 3860 2872 δέ
3909 2821 4054 2872 κατά

2465 2927 2590 2962 τινα
2637 2909 2828 2979 τύχην,
2875 2911 2908 2978 ἢ
2951 2910 3300 2980 ἀρρωστοῦσι
3353 2911 3726 2980 παραϐάλλειν
3779 2911 3963 2970 αὑτὸν,
4017 2912 4050 2976 ἢ

2465 3004 2697 3063 ἐκείνοις
2756 3001 3146 3063 συναντᾶσθαι,
3198 2997 3279 3064 οἷς
3335 3003 3392 3054 ἐν
3440 3003 3597 3071 μέρει
3641 3004 3748 3054 τινὶ
3785 3001 3846 3053 τὺ
3890 3001 4052 3069 σῶμα

2467 3098 2765 3163 πεπήρωτο
2797 3111 2809 3124 ο
2864 3097 2891 3146 6
2927 3096 3024 3162 μὶν
3059 3095 3371 3165 περιπαθὴς
3403 3113 3458 3148 τε
3497 3096 3660 3158 εὐθὺς
3687 3097 3918 3164 ἑωρᾶτο,
3957 3095 4054 3147 xui

783 3198 838 3236 et
885 3183 1015 3236 caeci
1059 3183 1313 3251 protinus
1345 3181 1603 3235 videbant
1648 3191 1704 3236 et
1737 3181 2067 3244 audiebant,
2118 3182 2361 3253 mutique
2391 3201 2431 3257 ο

2391 3201 2431 3257 c
2467 3191 2566 3249 tu;
2615 3204 2673 3239 τε
2731 3188 2921 3256 χεῖρας
2961 3189 3144 3249 αὐτοῖς
3211 3187 3470 3241 ἐπετίθει.
3514 3188 3605 3240 xui
3661 3189 3752 3239 τὸν
3814 3187 4051 3256 Χριστδν

785 3275 1173 3344 loquebantur,
1208 3285 1263 3329 et
1293 3274 1611 3328 daemoniaci
1647 3275 2002 3327 curabantur.

2465 3275 2749 3339 ἐπεϐοᾶτο,
2817 3277 2911 3328 xui
2969 3277 3048 3345 τῷ
3109 3277 3205 3330 τοῦ
3273 3277 3512 3347 σταυροῦ
3576 3278 3788 3347 σημείῳ
3851 3277 4050 3338 αὐτοὺς

783 3371 1213 3437 ἐπεσφράγιζενο
1263 3373 1309 3424 oi
1360 3371 1417 3423 δὲ
1474 3369 1693 3432 αὐτίκα,
1745 3368 1910 3437 χωλοί
1965 3385 2024 3421 τε
2087 3369 2264 3432 ὄντες,
2298 3368 2358 3421 ἐν
2397 3367 2695 3437 ὀφθαλμοῖς
2760 3369 2979 3422 πάντων
3002 3370 3247 3438 ἥλλοντο,
3289 3371 3465 3437 κωιιςοὶ
3529 3370 3585 3422 δὲ
3616 3371 3646 3439 ἢ
3677 3369 3890 3438 τυφλοὶ,
3927 3370 4050 3424 ἀνέ-

785 3467 986 3520 ϐλεπόν
1031 3484 1092 3519 τε
1130 3465 1477 3536 παραχρῆμα
1511 3465 1604 3517 xui
1641 3466 1860 3535 ἢκουον,
1890 3465 2077 3517 ἀλαλοί
2135 3481 2196 3517 τε
2228 3465 2472 3527 ἐλάλουν,
2501 3465 2596 3517 xui
2623 3465 2989 3534 δαιμονῶντες
3024 3466 3438 3536 ἐθεραπεύοντο.

859 3559 922 3612 V.
958 3559 1095 3614 Cum
1132 3559 1247 3612 luce
1281 3573 1412 3626 ergo
1445 3559 1663 3622 ﬂerent,
1694 3567 1750 3611 et
1785 3566 2106 3625 precaretur
2141 3556 2362 3625 quidem

789 3655 984 3708 beatus
1005 3652 1209 3716 Menas,
1256 3651 1322 3706 ad
1351 3651 1728 3706 invocationes
1757 3661 1938 3703 autem
1968 3657 2364 3703 concurrerent

788 3761 954 3801 omne
998 3761 1169 3816 genus
1203 3747 1470 3800 miracula
1514 3743 1903 3816 (manifestum
1950 3747 2096 3800 enim
2140 3754 2259 3800 erat
2299 3744 2366 3798 iis

789 3840 880 3906 qui
922 3839 1086 3892 simul
1135 3838 1388 3899 aderant.
1422 3837 1547 3907 quis
1596 3837 1773 3892 solum
1815 3837 2133 3891 nominatus
2166 3837 2370 3890 faceret

791 3927 1078 3990 miracula,
1128 3937 1184 3981 et
1233 3925 1379 3996 quod
1431 3941 1540 3980 non
1581 3935 1698 3980 erat
1748 3927 1908 3989 alius.
1959 3926 2064 3981 nisi
2115 3925 2371 3982 Christus

796 4019 986 4086 Deus),
1023 4033 1320 4087 erumpens
1361 4027 1588 4087 repente
1629 4019 1884 4072 universa
1922 4019 2116 4072 civitas
2141 4033 2169 4071 a
2204 4019 2372 4086 majo-

795 4127 936 4175 rum,
964 4113 1018 4165 in
1040 4127 1146 4180 qua
1174 4111 1402 4165 enutriti
1435 4111 1676 4174 iuerant,
1708 4110 2053 4179 deceptione,
2078 4122 2133 4164 et
2162 4109 2369 4179 patrios

792 4205 1015 4272 quidem
1043 4203 1177 4258 deos
1206 4203 1437 4256 multum
1471 4202 1782 4265 ludiﬁcans,
1817 4203 1985 4255 multa
2014 4217 2143 4255 vero
2174 4202 2366 4255 dicens

793 4295 1057 4350 adversus
1107 4293 1536 4364 imperatorem,
1591 4303 1648 4348 et
1707 4292 2026 4362 gravissime
2072 4306 2366 4346 exsecraris

796 4397 904 4440 tam
933 4401 1028 4441 eos
1054 4386 1146 4455 qui
1178 4387 1384 4450 colunt,
1417 4400 1580 4454 quam
1610 4399 1672 4440 ea
1698 4400 1818 4453 qum
1851 4385 2130 4447 coluntur,
2159 4393 2214 4437 et
2251 4392 2366 4437 toto

795 4481 976 4535 animo
1011 4481 1270 4552 abjurans
1317 4487 1605 4547 parentum
1655 4478 2013 4546 impietatem,
2049 4493 2078 4530 a
2117 4475 2365 4546 martyris

2545 3559 2620 3611 E’.
2668 3559 2755 3622 Ὦς
2785 3559 2876 3612 οὖν
2901 3562 3072 3611 ταῦτα
3104 3557 3278 3621 οὕτως
3309 3559 3593 3629 ἐνηργεῖτο
3620 3577 3678 3611 τε
3706 3560 3803 3614 xui
3850 3561 4055 3631 ἐπράτ-

2473 3667 2617 3713 τετο⁹
2652 3651 2750 3704 xui
2778 3649 2978 3720 ηὔχετο
3012 3650 3112 3719 μὶν
3137 3650 3166 3701 6
3189 3649 3464 3719 μακάριος
3500 3652 3714 3717 Μηνᾶς,
3750 3651 4049 3721 συνέτρεχε

2469 3743 2524 3796 δὲ
2560 3743 2694 3814 πρὸς
2739 3746 2837 3805 τὰς
2900 3743 3224 3810 ἐπικλήσεις
3272 3743 3338 3795 τὰ
3394 3743 3721 3796 παντοδαπά
3767 3743 4049 3810 θαύματα,

2479 3836 2638 3904 δῆλον
2670 3834 2723 3887 δὲ
2750 3831 2817 3904 ἦν
2845 3834 2940 3887 xui
2973 3835 3078 3894 τοῖς
3104 3831 3458 3902 συμπαροῦσι
3484 3832 3569 3895 τίς
3595 3837 3621 3885 6
3654 3835 3816 3900 μόνον
3846 3835 4045 3902 ὀνομα-

2471 3926 2699 3993 ζόμενος
2765 3925 2860 3977 xui
2933 3924 3386 3993 θαυματουργῶν,
3455 3926 3551 3976 καὶ
3602 3923 3678 3985 ὡς
3729 3923 3831 3975 οὐκ
3881 3923 4044 3984 ἀλλος

2469 4015 2765 4087 ἢΧριστδς
2815 4015 3022 4078 ὀθεὸῖ,
3076 4013 3337 4082 ἐξαίφνης
3398 4015 3547 4067 πᾶσα
3593 4016 3624 4080 ὴ
3660 4013 3816 4077 πόλις
3874 4015 4049 4083 ἁποῤ-

2473 4109 2704 4177 ραγεῖσα
2754 4109 2854 4174 τῆς
2918 4103 3222 4170 συντρόφου
3285 4101 3393 4155 τῶν
3463 4107 3747 4173 προγόνων
3807 4105 4048 4173 ἀπάτης,

2473 4201 2569 4254 xui
2626 4198 2798 4252 πολλὰ
2864 4196 2964 4266 μὲν
3037 4194 3514 4264 διακωμῳδήσασα
3576 4198 3700 4260 τοὺς
3758 4197 4049 4266 πατρῴους

2474 4292 2652 4354 θεοὺς.
2679 4291 2849 4344 πολλά
2884 4290 2939 4342 δέ
2964 4291 3305 4345 κατειποῦσα
3339 4289 3433 4342 τοῦ
3467 4289 3753 4358 βασιλέως,
3779 4293 3877 4342 καὶ.
3908 4292 4015 4343 ἐπα
4036 4321 4047 4329 -

2477 4381 2753 4452 ρασαμένη
2773 4384 2838 4434 τὰ
2872 4383 3235 4452 χαλεπώτατα
3265 4385 3376 4444 τοῖς
3409 4398 3468 4433 τε
3495 4379 3811 4449 σεϐομένοις
3835 4383 3930 4433 xui
3953 4383 4052 4432 αὖ-

2473 4478 2582 4538 τοῖς
2611 4477 2720 4536 τοῖς
2752 4474 3080 4544 σεϐάσμασι,
3107 4477 3200 4528 καὶ
3230 4475 3324 4546 ὅλῃ
3354 4474 3500 4545 ψυχῇ
3529 4475 3628 4542 τὴν
3655 4473 3762 4525 τῶν
3795 4475 4050 4541 πατέρων

796 4577 978 4644 lingua
1011 4584 1062 4626 et
1103 4581 1284 4626 mente
1317 4585 1509 4625 omnes
1547 4569 1709 4624 simul
1751 4568 2154 4639 pependerunt,
2184 4579 2234 4622 et
2270 4583 2366 4622 sua
2401 4583 2478 4638 οι

2401 4583 2443 4638 ι)
2471 4569 2727 4622 ἀσέϐειαν
2778 4568 3183 4636 ἐξομοσαμένη.
3219 4568 3420 4630 πάντες
3451 4567 3612 4629 εὐθὺς
3643 4566 3742 4633 τῆς
3771 4566 3867 4618 τοῦ
3906 4567 4047 4633 μάρ-

797 4665 845 4717 ei
884 4664 1062 4717 anima
1099 4663 1470 4724 adhmserunt,
1505 4675 1691 4715 sacras
1727 4674 1890 4712 voces
1928 4658 2282 4720 arbitrantes,
2315 4669 2371 4712 et

799 4753 962 4807 verba
998 4753 1141 4814 vitae,
1176 4753 1318 4804 illius
1350 4750 1520 4805 solius
1550 4749 1714 4803 verba
1746 4758 2106 4817 agnoscentes
2136 4765 2149 4800 :
2182 4749 2370 4817 paucis

799 4845 864 4898 ad
911 4845 1061 4913 signa
1109 4843 1552 4901 conniventibus.
1599 4852 1654 4896 et
1696 4841 1761 4894 ad
1808 4840 2141 4910 agnitionem
2177 4856 2370 4894 eorum

799 4936 1347 4990 obsurdescentibus.
1386 4934 1620 5000 Quinam
1661 4943 1843 4987 autem
1879 4941 2037 4988 erant
2075 4933 2203 4986 isti?
2240 4933 2300 4997 li,
2341 4948 2369 4986 a

801 5028 1002 5095 quibus
1052 5027 1227 5096 magni
1278 5027 1498 5096 quidem
1554 5025 1719 5080 fiebat
1770 5025 1966 5080 festum
2019 5025 2369 5091 daemonum,

801 5117 946 5184 quod
1016 5117 1377 5187 peragebatur
1421 5117 1487 5170 ad
1535 5132 1679 5180 aras,
1739 5127 1962 5186 propter
2019 5119 2372 5172 comessatio-

803 5224 951 5274 nem,
977 5220 1030 5263 et
1059 5211 1407 5272 ebrietatem,
1433 5218 1487 5263 et
1511 5210 1737 5274 cubilia,
1766 5219 1822 5264 et
1851 5210 2326 5278 intemperantiam
2356 5231 2367 5265 :

803 5301 1141 5370 contemptui
1179 5317 1309 5356 vero
1344 5302 1690 5357 habebantur
1722 5319 1811 5358 res
1849 5304 2092 5358 honesta:
2119 5316 2169 5358 et
2202 5320 2372 5358 vene-

806 5393 987 5446 randae
1031 5392 1492 5461 Christianorum,
1520 5404 1744 5464 propter
1790 5396 1952 5450 vitam
2001 5396 2370 5450 continentem

804 5495 856 5538 et
893 5485 1276 5553 iinpatibilem,
1308 5495 1362 5541 et
1412 5504 1531 5557 qua:
1575 5497 1696 5542 erat
1745 5503 1867 5542 cum
1915 5504 2169 5558 corpore,
2209 5491 2372 5542 vitam

806 5581 1206 5646 incorpoream.
1253 5579 1388 5635 Cum
1425 5591 1606 5635 autem
1657 5581 1745 5635 isti
1795 5581 2139 5636 tenebrarum
2195 5582 2286 5633 ﬁlii
2318 5591 2372 5636 et

806 5672 1084 5733 interitus,
1123 5673 1442 5729 derelictum
1483 5692 1724 5730 errorem
1771 5685 1825 5729 et
1873 5691 2094 5730 suorum
2143 5675 2373 5728 simula-

807 5781 1024 5818 erorum
1060 5765 1298 5820 dedecus
1342 5783 1446 5822 nun
1477 5767 1735 5832 ferentes,
1776 5781 2023 5822 sanctum
2063 5775 2372 5836 qumrerent

809 5857 993 5911 ulcisci
1031 5872 1133 5927 pro
1176 5858 1315 5913 facta
1352 5859 1431 5915 cis
1473 5861 1691 5929 injuria,
1731 5854 1787 5916 et
1823 5861 2080 5930 populum
2129 5874 2226 5926 pro
2253 5859 2372 5924 eius

2472 4673 2632 4726 τυροε
2663 4659 2908 4728 γλώττης
2947 4659 3062 4726 ἃμα
3111 4658 3203 4710 xu".
3229 4657 3452 4726 γνώμης
3485 4658 3768 4724 γεγόνασι.
3805 4656 3914 4709 Kui
3940 4657 4042 4723 τὴν

2472 4752 2652 4822 ψυχὴν
2686 4751 2866 4804 ὀπίσω
2914 4751 3077 4804 αὑτοῦ
3115 4749 3508 4818 ἐκολλήθησαν,
3537 4749 3720 4814 φωνὰς
3752 4747 3889 4798 Θεοῦ
3950 4749 4049 4809 τάς

2472 4844 2683 4895 ἐκείνου
2735 4844 2918 4911 φωνὰς
2983 4841 3344 4911 ἡγησάμενοι,
3407 4841 3502 4892 xui
3555 4839 3775 4909 ῥήματα
3801 4839 3946 4907 ζωῆς
3979 4839 4048 4890 τά

2474 4935 2682 4987 ἐκείνου
2722 4936 2881 5000 μόνου
2908 4933 3268 5000 γινώσκοντες
3328 4931 3567 5001 ῥήματα,
3625 4931 3822 4995 ὀλίγων
3879 4929 4048 4980 τινῶν

2477 5027 2763 5096 μυσὰντων
2788 5027 2924 5095 πρὶς
2957 5025 3024 5076 τὰ
3053 5025 3253 5093 σημεῖα
3305 5023 3397 5074 xui
3442 5022 3843 5088 κωφευσάντων
3910 5019 4047 5087 πρὸς

2472 5119 2572 5189 τὴν
2610 5119 2925 5186 ἐπίγνωσιν.
2960 5116 3072 5168 Kui
3110 5117 3274 5168 τίνων
3303 5114 3544 5177 τούτωνς
3574 5109 3671 5174 Οἷς
3705 5110 3902 5163 πολλοῦ
3943 5112 4046 5179 μὲν

2474 5213 2699 5277 ἐτιμᾶτο
2758 5211 2790 5278 ἡ
2839 5207 2945 5259 τῶν
3008 5207 3281 5276 δαιμόνων
3317 5203 3622 5272 ἐπιϐώμιος
3653 5204 3813 5273 ἐορτὴ
3843 5201 3933 5254 διά
3956 5204 4049 5253 τὸν

2475 5306 2659 5372 κῶμον
2691 5304 2783 5355 xui
2811 5301 2910 5370 τὴν
2943 5301 3137 5369 μέθην,
3172 5301 3264 5350 xui
3294 5299 3390 5360 τὰς
3422 5297 3605 5358 κοίτας
3637 5297 3730 5348 xui
3760 5295 3860 5363 τὴν
3884 5295 4047 5346 dus).-

2474 5409 2665 5465 γειαν⁶
2701 5394 3027 5464 ἡτοιμάζετο
3079 5391 3133 5444 δὲ
3191 5391 3259 5442 τὰ
3313 5389 3486 5458 σεμνὰ
3538 5387 3646 5439 τῶν
3700 5385 4048 5453 Χριστιανῶν

2474 5490 2561 5542 δια
2591 5489 2687 5556 τὴν
2722 5484 2964 5554 ἐγκρατῆ
2998 5482 3143 5550 ζωήν
3179 5499 3239 5534 τε
3265 5483 3357 5533 xu".
3385 5477 3571 5546 ἀπαθῆ
3615 5477 3709 5531 xui
3743 5479 3840 5546 τὴν
3907 5477 4046 5542 μετᾶ

2478 5579 2727 5650 σώματος
2781 5576 3067 5643 ἀσώματον
3096 5574 3300 5643 βιοτήν.
3335 5571 3488 5624 Ἐπεὶ
3545 5567 3638 5623 οὖν
3681 5569 3730 5621 οί
3767 5569 3859 5620 τοῦ
3923 5571 4046 5621 σπόΔ

2474 5690 2596 5734 τους
2626 5666 2769 5724 οῦτοι
2825 5667 3040 5733 καὶτῆς
3085 5665 3356 5726 ἀπωλείας
3401 5663 3531 5724 uioi,
3575 5664 3641 5714 τὰ
3680 5661 3778 5728 τῆς
3838 5659 4048 5727 πλάνης

2478 5763 2985 5831 ἐγκαταλείμματα,
3017 5759 3114 5828 τὴν
3144 5757 3251 5810 τῶν
3275 5758 3420 5809 ίδίων
3457 5754 3822 5821 σεϐασμάτων
3852 5753 4045 5820 αἰσχύ-

2479 5875 2573 5920 νην
2607 5857 2704 5909 oux
2752 5854 3086 5918 ἐνεγκόντες,
3116 5851 3338 5914 ἐζήτουν
3385 5866 3444 5901 τε
3479 5850 3566 5902 τὸν
3612 5846 3765 5911 ἅγιον
3827 5845 4047 5912 ἀμύνα-
