4260 6430
252 324 362 386 373

1151 321 1624 383 MARTYRIUM
1673 320 1736 379 S.
1774 316 2005 380 ΜΕΝᾹΞ
2049 321 2143 381 ΕΤ
2184 323 2599 385 SOCIORUM.

3414 333 3518 397 374

253 432 383 483 σθαι
413 431 576 501 δῆθεν
614 430 713 501 τῆς
742 430 822 495 εἰς
848 430 1049 494 αὐτοὺς
1112 430 1356 495 ἀδικίας,
1380 432 1493 499 ,καὶ
1533 433 1622 482 τὸν
1673 430 1844 497 δῆμον
1876 436 1910 486 Α

1950 432 2003 483 in
2032 433 2167 487 deos
2192 434 2547 501 contumelia,
2580 446 2842 491 caverent
2868 448 3050 491 autem
3085 440 3349 507 impetum
3382 449 3491 494 und

254 523 357 592 τῆς
377 525 457 586 τις
497 524 625 587 τοὺς
652 524 812 587 θεοὺς
860 522 1099 593 ῦδρεως,
1131 522 1461 577 εὐλαϐοῦντο
1486 524 1543 577 δὲ
1611 521 1713 593 τὴν
1742 521 1838 573 τοῦ

254 612 497 677 πλήθους
522 614 703 683 ὁρμήν
724 629 740 645 ·
798 613 1140 686 ἀναφέρουσι
1193 614 1290 667 καὶ
1356 613 1531 667 ταῦτα
1560 613 1734 682 λάθρα
1766 611 1843 682 τῷ

258 703 490 772 βασιλεῖ.
534 704 622 766 Ὠς
651 702 721 757 ἀν
749 702 806 757 δὲ
838 703 1203 775 διαφερόντως
1238 704 1524 774 ἀνάψωσιν
1556 702 1722 759 αὐτοῦ
1751 706 1844 755 τὸν

255 793 451 863 θυμὸν.
478 795 574 847 καὶ
604 795 726 847 ὅλον
764 794 928 848 αὐτὸν
961 795 1057 849 ἀπὶ
1078 797 1179 866 τὴν
1198 796 1356 866 δίκην
1402 797 1692 863 ἐνέγκωσι,
1749 796 1843 849 καὶ

255 884 471 956 ἀπορίᾳ
527 885 627 939 καὶ
688 885 828 958 ὀργῇ
890 888 1327 959 πολιορκηθέντα
1368 890 1539 958 ταχὺν
1585 887 1844 958 γενέσθαι

257 978 729 1048 παρασκευάσωσι
757 979 855 1034 τοῦ
871 980 1223 1051 τολμήματος
1241 981 1512 1053 τιμωρὸν,
1547 981 1607 1034 τὸ
1632 982 1661 1035 ὁ
1686 981 1845 1035 Γαλι-

260 1072 411 1137 λαῖος
443 1074 619 1145 ὄνομα
643 1072 924 1144 πανταχοῦ
952 1074 1051 1143 τῆς
1084 1072 1379 1143 ἐπιστολῆς
1399 1073 1842 1145 ὲγκατέσπαρτο,

261 1166 359 1217 καὶ
390 1164 492 1237 τὴν
516 1164 777 1236 ἀθέτησιν
832 1165 933 1237 τῆς
982 1165 1152 1220 αὐτοῦ
1198 1166 1522 1228 δεσποτείας
1588 1165 1686 1219 καὶ
1733 1165 1844 1220 τῶν

262 1258 424 1322 Ouini,
479 1260 574 1317 καὶ
629 1260 699 1311 τά
757 1260 881 1313 κατ’
957 1259 1293 1329 ἀμφοτέρων
1362 1259 1682 1329 σκώμματα
1752 1260 1846 1311 καὶ

260 1353 356 1404 τὸν
413 1352 628 1420 γέλωτα
678 1353 772 1407 καὶ
794 1354 896 1422 τὴν
930 1351 1187 1418 καθάπαξ
1242 1353 1586 1408 ἀποστασίαν
1620 1351 1719 1422 τῆς
1752 1352 1848 1405 1:6-

262 1446 424 1507 λεως.

337 1540 429 1605 (ἵν.
473 1540 532 1592 Ὀ
560 1539 617 1594 δὲ
662 1540 988 1609 Μαξτμῖνος,
1016 1540 1479 1607 ἀναγνωσθέντων
1531 1539 1682 1611 αὐτῷ
1739 1539 1849 1593 τῶν

264 1632 638 1701 γραμμάτων,
670 1632 833 1695 εὐθὺς
868 1632 1137 1701 αἰσχύνης
1165 1650 1224 1686 τε
1249 1634 1345 1686 καὶ
1407 1634 1587 1698 λύπης
1641 1634 1851 1701 πεπλή-

268 1740 411 1793 ρωτο
436 1724 535 1795 τὴν
576 1727 780 1795 ψυχήν.
821 1726 1113 1794 Λελύπητο
1158 1727 1257 1796 μὲν
1283 1728 1395 1798 γὰρ
1449 1727 1541 1780 διὰ
1596 1727 1695 1790 τὴν
1758 1727 1848 1778 ἐπὶ

264 1820 335 1886 τῇ
362 1818 513 1869 πόλει
548 1818 774 1887 ζημίαν,
822 1821 903 1883 εξς
964 1819 1092 1874 νοῦν
1146 1820 1353 1883 λαϐὼν,
1386 1821 1535 1881 ὅπως
1569 1837 1630 1873 τε
1694 1819 1846 1884 αύτῷ
1881 1800 1925 1856 Β

265 1912 336 1962 τὰ
363 1909 465 1979 τῆς
496 1910 674 1980 ἀρχῆς
705 1912 1184 1982 ἠκρωτηριάζετο,
1218 1915 1315 1967 καὶ
1343 1914 1469 1967 ὅσον
1503 1912 1668 1983 μέρος
1701 1911 1856 1982 αὐτῷ

266 2006 574 2072 παρῃρεῖτο
598 2001 697 2072 τῆς
729 2003 1016 2067 ἔξουσίας·
1074 2005 1349 2076 ᾐσχύνετο
1408 2004 1488 2065 δὶ.
1544 2005 1741 2058 ἑαυτὸν
1794 2021 1853 2055 τε

267 2093 524 2163 καθορῶν
576 2096 915 2166 ἡττώμενον,
939 2096 1036 2150 καὶ
1065 2096 1460 2167 ὑδριζομάνους
1516 2096 1685 2150 αὐτοῦ
1728 2096 1857 2159 τοὺς

268 2189 448 2251 θεούς.
468 2188 991 2259 Πρω-ποιησάμενος
1020 2190 1077 2244 δὲ
1107 2191 1207 2262 τὴν
1228 2192 1533 2260 γενομένην
1550 2190 1701 2257 αὑτῷ
1721 2190 1858 2257 σύγ-

271 2298 434 2348 χυσιν
459 2281 558 2349 τῆς
588 2281 787 2351 ψυχῆς,
820 2284 914 2334 καὶ
942 2282 1041 2349 τὴν
1079 2282 1174 2335 τοῦ
1200 2282 1496 2351 προσώπου
1527 2282 1860 2351 κατήφειαν,

275 2374 526 2426 σύννοιαν
566 2374 737 2443 μόνην
763 2369 925 2441 εἶναι,
959 2377 1051 2428 καὶ
1077 2374 1172 2429 τοῦ
1201 2374 1608 2437 λυσιτελοῦντος
1633 2374 1858 2427 διάσκε-

281 2470 400 2536 ψιν,
452 2469 575 2522 ιπεὶ
628 2469 703 2538 μὴ
727 2468 889 2539 μέχρι
930 2468 1129 2523 πολλοῦ
1164 2470 1303 2539 πρὸς
1329 2468 1429 2539 τὴν
1452 2468 1621 2536 ζάλην
1655 2468 1859 2536 ταύτην

276 2558 528 2628 ἀντέχειν
560 2557 816 2627 ἠδύνατο,
841 2546 1003 2627 δῆλος
1028 2559 1192 2622 εὐθὺς
1220 2560 1463 2628 γίνεται,
1495 2563 1591 2613 καὶ
1621 2559 1727 2613 ὑπὸ
1755 2559 1849 2612 τοῦ

280 2650 487 2710 πάθους
518 2651 823 2719 ἒλὲγχεται,
898 2654 994 2703 καὶ
1052 2653 1303 2720 φανερῶς
1330 2653 1562 2723 ῥήγνυσι
1610 2653 1712 2723 τὴν
1768 2653 1858 2722 ὀρ-

277 2745 404 2813 γήν.
438 2746 816 2813 Δυσφημήσας
846 2738 943 2797 οὖν
965 2744 1136 2797 πολλά
1158 2743 1299 2797 κατά
1330 2742 1427 2797 τοῦ
1458 2742 1723 2814 Χριστοῦ,
1759 2746 1855 2797 καὶ

278 2836 496 2905 πλάνην
544 2836 855 2902 καταγνοὺς
894 2834 991 2888 τοῦ
1040 2835 1315 2905 μακαρίου
1344 2837 1533 2904 Μηνᾶ,
1568 2837 1664 2888 καὶ
1695 2852 1858 2903 προσ-

288 2930 402 2991 θεὶς
438 2929 512 2993 ὡς
570 2929 837 2981 ἀδύνατον
871 2928 973 2999 μὲν
1023 2928 1343 2997 ἀνθρώποις
1402 2928 1693 2999 ἄνθρωπον
1742 2929 1865 2981 δια-

280 3022 491 3087 γνῶναι
518 3022 611 3073 καὶ
636 3020 915 3074 διαλαϐεῖν
935 3020 1582 3090 ἀκριϐῶς,ἀσύγγνωστα
1600 3020 1657 3074 δὲ
1682 3022 1865 3092 ἀμαρ-

1951 522 2223 587 titudinis,
2256 525 2373 581 hac
2407 540 2628 595 quoque
2659 527 2797 581 clam
2837 528 3081 582 referunt
3125 528 3192 580 ad
3230 529 3524 598 imperato-

1953 630 2087 668 rem.
2117 614 2187 671 Ut
2216 630 2344 670 vero
2369 616 2492 685 ejus
2519 618 2656 671 iram
2686 619 2923 674 maxime
2953 618 3342 683 accenderent,
3373 631 3427 673 et
3457 621 3524 674 ad

1950 722 2141 776 ptenas
2179 710 2476 764 sumendas
2504 726 2632 764 eum
2679 721 2853 765 totum
2890 713 3237 770 iuducerent.
3273 722 3327 764 et
3361 728 3387 765 a
3421 713 3522 765 du-

1952 799 2220 856 bitatione
2258 813 2314 855 et
2345 801 2424 856 ira
2454 803 2765 865 obsessum,
2800 803 3079 859 edicerent
3110 805 3345 858 celerem
3384 805 3527 856 ulto-

1953 907 2070 946 rem
2099 894 2327 948 audacis
2346 894 2629 960 facinoris,
2659 897 2763 951 hoc
2794 912 3021 959 nomen,
3055 897 3330 960 Galilaaus,
3362 898 3529 951 semi-

1955 996 2157 1041 narunt
2199 1002 2296 1057 per
2328 996 2496 1042 totam
2539 989 2827 1056 epistolam
2860 1031 2873 1052 ,
2928 990 3159 1060 ejusque
3189 990 3527 1051 dominatus.

1953 1088 2009 1134 et
2056 1078 2289 1134 deorum
2342 1082 2809 1150 contemptionem
2875 1095 2930 1138 et
2987 1082 3386 1143 abolitionem,
3478 1092 3531 1133 et

1898 1216 1905 1221 .
1954 1172 2220 1227 adversus
2256 1175 2447 1228 ambos
2495 1183 2795 1229 scommata
2829 1184 2887 1229 et
2931 1176 3270 1241 irrisionem,
3314 1185 3369 1231 et
3405 1176 3529 1229 uui-

1955 1280 2172 1321 versam
2211 1267 2451 1323 civitatis
2487 1267 2881 1324 defectionem.

2031 1546 2115 1598 Vl.
2150 1545 2474 1601 Maximinus
2516 1557 2702 1601 autem
2755 1547 2964 1609 statim,
2996 1548 3079 1601 eis
3116 1546 3270 1601 lectis
3312 1546 3534 1607 litteris,

1962 1639 2171 1707 pudore
2232 1650 2291 1694 et
2347 1640 2540 1695 dolore
2608 1641 2711 1694 fuit
2780 1641 3041 1709 repletus.
3102 1639 3329 1694 Dolehat
3387 1639 3534 1693 enim

1964 1742 2189 1801 propter
2246 1734 2509 1787 damnum
2564 1734 2842 1795 civitatis,
2904 1750 3029 1786 cum
3089 1732 3538 1794 considerasset,

1958 1840 2122 1895 quam
2172 1827 2485 1881 mutilatum
2524 1826 2631 1882 sibi
2679 1836 2823 1881 esset
2869 1826 3185 1893 imperium,
3229 1834 3287 1879 et
3333 1831 3537 1893 quanta

1959 1934 2086 1986 pars
2143 1918 2431 1984 potestatis
2496 1928 2647 1972 esset
2713 1917 2819 1973 sibi
2878 1918 3077 1971 ablata.
3136 1916 3356 1971 Pudore
3409 1932 3539 1969 vero

1959 2011 2320 2072 adiciebatur,
2369 2011 2567 2064 videns
2606 2027 2665 2064 se
2705 2026 2830 2064 esse
2879 2012 3104 2067 victum.
3148 2020 3205 2063 et
3235 2023 3366 2063 suos
3408 2007 3543 2060 deos

1957 2118 2078 2157 esse
2121 2103 2350 2157 allectos
2390 2104 2749 2157 contumelia.
2793 2104 2931 2156 Cum
2978 2115 3159 2158 autem
3207 2116 3320 2170 pra
3360 2115 3421 2154 se
3458 2108 3543 2152 tu-

1960 2197 2112 2251 lisset
2153 2210 2297 2259 eam,
2344 2212 2467 2264 qua:
2510 2198 2691 2263 ipsum
2747 2197 3044 2256 invaserat,
3096 2193 3264 2247 animi
3324 2200 3544 2261 pertur-

1962 2291 2279 2352 bationem,
2323 2300 2377 2343 et
2430 2290 2618 2342 vultus
2666 2290 2978 2349 tristitiam.
3026 2303 3149 2341 esse
3197 2284 3545 2340 solummodo

1963 2383 2236 2436 intensam
2281 2380 2694 2449 cogitationem.
2728 2389 2785 2434 et
2829 2380 2951 2449 ejus
2994 2378 3141 2447 quod
3190 2375 3542 2445 expediebat,

1964 2475 2398 2536 meditationem.
2447 2472 2706 2541 quoniam
2744 2471 2874 2526 huic
2927 2470 3237 2540 tempestati
3276 2469 3374 2523 diu
3429 2484 3538 2521 nos

1966 2568 2145 2640 potuit
2180 2568 2464 2626 resistere.
2487 2565 2549 2619 fit
2581 2566 2839 2634 protinus
2871 2562 3198 2618 manifestus
3218 2572 3274 2617 et
3295 2563 3546 2632 arguitur

1965 2660 2034 2714 ab
2061 2659 2231 2713 animi
2261 2657 2697 2728 perturbatione.
2727 2666 2784 2710 et
2809 2665 2999 2725 aperte
3025 2655 3269 2721 erumpit
3295 2654 3350 2707 in
3380 2653 3541 2707 iram.

1963 2753 2102 2808 Cum
2137 2752 2324 2821 itaque
2368 2749 2561 2805 multis
2589 2748 2897 2804 maledictis
2937 2746 3220 2801 Christum
3267 2756 3414 2800 esset
3459 2747 3545 2800 in-

1967 2854 2228 2907 sectatus.
2260 2856 2317 2899 et
2347 2844 2568 2899 beatum
2600 2844 2811 2899 Menam
2836 2842 3259 2895 condemnasset
3297 2841 3505 2893 erroris
3531 2879 3546 2902 ,

1966 2949 2023 2993 et
2069 2938 2383 3008 adiecisset,
2421 2935 2546 2990 ﬁeri
2575 2936 2800 3004 quidem
2838 2950 2949 2988 non
2984 2949 3167 3003 posse,
3207 2940 3268 2985 ut
3297 2932 3550 2985 homines

1971 3032 2245 3085 hominem
2267 3030 2611 3091 discernant,
2660 3043 2891 3098 peccare
2915 3039 3099 3080 autem
3130 3034 3415 3094 peceatum
3449 3024 3550 3077 mi-

283 3120 545 3166 τανουσιν
572 3114 620 3166 οῖ
657 3114 830 3183 μηδὲν
849 3115 963 3175 τοῖς
995 3112 1430 3183 εύηργετηκόσιν
1451 3112 1670 3183 ῐχοντες
1694 3114 1865 3183 ὲγκα-
1891 3137 1910 3192 ι

1921 3139 1934 3191 ;
1977 3125 2123 3178 nime
2160 3124 2554 3193 ignoscendum
2586 3137 2683 3175 eos
2704 3122 2799 3190 qui
2829 3137 2955 3176 cum
2984 3120 3121 3174 nihil
3153 3118 3393 3173 habeant
3448 3133 3551 3171 ett--

281 3196 669 3271 ).εἶν,οῦτοιδὲ
700 3205 798 3267 τὰς
849 3204 1081 3258 ἐκείνων
1104 3205 1194 3258 ἐπ’
1242 3204 1430 3269 αὐτοῖς
1484 3206 1707 3269 ἐλπίδας
1761 3224 1864 3274 μα-

280 3300 445 3361 cata;
487 3298 727 3367 ὀφθῆναι
790 3298 1338 3367 παρασκευάζοντες,
1391 3298 1617 3367 ἀνέστη,
1676 3301 1735 3352 ὲν
1770 3317 1865 3353 το-

281 3391 465 3461 σούτῳ
498 3390 608 3443 τῶν
638 3390 976 3459 ὶπειγόντων
1014 3390 1367 3461 πραγμάτων
1404 3391 1505 3460 τὴν
1534 3391 1693 3443 λύσιν
1755 3408 1865 3446 πα-

282 3484 604 3555 ραδραμών.
638 3482 923 3537 Ἕωθενδὲ
953 3486 1019 3553 τῇ
1073 3482 1202 3553 ἑξῆς
1225 3485 1557 3553 ἐκκλησίασε
1590 3484 1732 3553 μετά
1760 3485 1867 3537 τῶν

280 3584 341 3631 ἐν
384 3579 525 3631 τέλει
568 3577 663 3628 καὶ
683 3575 882 3638 κοινῶς
910 3577 1096 3634 αὐτοῖς
1154 3576 1715 3646 συνδιασκεψάμενος,
1766 3580 1861 3629 καὶ

276 3668 643 3739 ὁμονοοῦντας
674 3668 883 3730 πάντας
922 3666 1049 3720 ἰδὼν
1076 3668 1168 3720 ὲπί
1195 3684 1301 3719 τινι
1336 3668 1662 3737 Ἑρμογένει
1684 3666 1865 3735 ἀνδρὶ,

282 3762 473 3832 σεμνῷ
534 3763 639 3831 μὲν
682 3764 775 3813 καὶ
819 3759 1107 3831 περιδόξῳ,
1149 3762 1243 3813 καὶ
1301 3759 1462 3813 τᾶλλ’
1515 3760 1577 3813 οὐ
1653 3760 1864 3826 quo“

284 3854 592 3923 ἐσωφρόνει
622 3870 680 3905 τε
711 3852 840 3920 γὰρ,
868 3851 965 3905 καὶ
1016 3854 1129 3913 τοῖς
1153 3851 1381 3920 πένησιν
1415 3850 1622 3917 ἀγαθὸς
1657 3846 1747 3919 ἦν,
1773 3851 1869 3902 καὶ

281 3951 345 4001 τὸ
373 3947 468 4000 τοῦ
493 3947 549 3998 Ἀ
566 3946 845 4007 ποστόλου,
890 3963 909 3995 ι
942 3944 1126 4013 Νόμον
1179 3945 1254 4012 μὴ
1282 3943 1443 4011 ἔχων,
1475 3942 1638 4010 φύσει
1662 3942 1732 3994 τά
1774 3942 1869 3994 τοῦ

280 4040 453 4109 νόμου
474 4037 639 4089 ποιῶν
658 4031 747 4107 ἦν,
776 4054 793 4085 ι
823 4034 1109 4102 ἀγνοοῦντι
1138 4035 1197 4087 δὲ
1216 4035 1350 4097 τῦως
1374 4036 1474 4104 τὴν
1499 4033 1595 4087 τοῦ
1624 4034 1867 4105 Χριστοῦ

279 4135 537 4200 δύναμιν,
572 4130 669 4183 καὶ
702 4129 838 4198 μηδὲ
866 4129 944 4197 τῷ
970 4128 1135 4182 αὐτοῦ
1158 4129 1498 4197 βαπτίσματι
1559 4128 1870 4196 τελεσιουρ-

284 4230 536 4297 γηθέντι,
564 4229 612 4281 εἰ
636 4229 728 4281 καὶ
756 4226 899 4277 κατά
929 4221 1165 4290 Χριστὸν
1192 4219 1453 4276 ἐλάνθανε
1474 4218 1869 4288 πορευόμενος,

286 4323 383 4373 καὶ
418 4320 696 4388 πρόϐατον
743 4316 841 4386 μὲν
862 4312 1029 4366 αὑτοῦ
1062 4308 1152 4382 ῆν,
1181 4312 1498 4379 ἀσήμαντον
1518 4308 1596 4371 δὲ,
1624 4308 1720 4360 καὶ
1767 4308 1874 4377 τὴν

283 4416 383 4482 τῆς
434 4412 765 4473 οἰκειώσεως
822 4408 977 4462 οὔπω
1046 4405 1318 4475 σφραγῖδα
1359 4402 1691 4473 δεξάμενον·
1747 4402 1871 4453 ἐπεὶ

279 4473 379 4559 οὖν
404 4503 583 4557 ταῦτά
616 4519 676 4554 τε
715 4498 930 4568 προσῆν
958 4496 1036 4566 τῷ
1067 4473 1246 4563 ἀνδρὶ,
1277 4495 1373 4545 καὶ
1421 4492 1709 4561 Ἀθηναῖος
1764 4492 1865 4560 μιν
1900 4473 1946 4531 ί)

279 4594 353 4667 ἦν
388 4595 484 4649 καὶ
511 4594 673 4655 αὐτὸς
703 4591 764 4644 τὸ
790 4592 970 4658 γένος,
1010 4589 1102 4641 καὶ
1124 4587 1223 4657 τὴν
1265 4584 1588 4654 Ἑλληνικὴν
1612 4584 1865 4635 παιδείαν

281 4689 564 4757 ἀκρότατα
614 4682 1023 4755 μεμελετηκὼς,
1068 4682 1167 4751 τήν
1190 4697 1247 4733 τε
1276 4680 1539 4748 φρόνησιν
1572 4680 1637 4730 ὲκ
1671 4677 1865 4745 πείρας

190 4802 193 4805 ·
282 4799 345 4838 τε
399 4782 493 4836 καὶ
538 4780 752 4849 φύσεως
802 4777 1178 4837 ὶπεπύκνωτο,
1227 4774 1324 4825 καὶ
1382 4771 1577 4842 ἱχώρει
1635 4770 1773 4839 πρὸς
1806 4770 1866 4821 τὸ

284 4877 471 4942 λέγειν
504 4872 702 4933 οὕτως,
727 4870 803 4931 ὡς
835 4865 1187 4935 ισκεμμένον
1210 4866 1372 4932 ῆκειν
1417 4864 1497 4923 εἰς
1557 4860 1717 4914 τοῦτο
1783 4862 1867 4913 ὁο-
1894 4912 1906 4941 ,1

287 4969 432 5027 κεῖν,
464 4964 560 5017 καὶ
589 4961 680 5014 διά
711 4959 885 5013 ταῦτα
914 4955 1249 5024 κατάλληλος
1280 4952 1425 5017 εδοξε
1455 4954 1581 5015 ταῖς
1604 4951 1715 5002 τῶν
1739 4953 1870 5003 ἀνα-

286 5056 585 5125 κυψάντων
636 5048 945 5121 τηνικαῦτα
991 5046 1337 5117 πραγμάτοιν
1397 5043 1623 5106 πλοκαῖς
1672 5060 1731 5095 τε
1780 5045 1871 5095 καὶ

289 5146 706 5215 περιστάσεσιν,
727 5141 893 5204 αὑτός
925 5157 985 5194 τε
1012 5140 1323 5209 προσετέθη
1350 5137 1527 5207 τούτῳ
1557 5138 1584 5188 ὁ
1613 5135 1869 5204 βασιλεὺς

290 5239 385 5291 καὶ
409 5238 590 5290 πᾶσαν
624 5231 748 5287 ἰδὼν
780 5235 860 5297 εἰς
892 5231 1051 5286 τοῦτο
1088 5230 1567 5298 συνευδοκησασαν
1616 5227 1715 5296 τὴν
1746 5227 1870 5297 βου-

290 5331 413 5400 λὴν,
443 5327 747 5397 μετέστησε
778 5326 879 5395 μὶν
902 5324 1067 5386 εὐθὺς
1112 5322 1199 5391 ἀφ’
1242 5321 1511 5391 ῦὸρεικαί
1536 5320 1743 5373 ἀκοντα
1772 5321 1867 5371 τὸν

296 5421 576 5489 μακάριον
626 5418 823 5488 Μηνᾶν
866 5416 970 5487 τῆς
1019 5415 1229 5487 ἀρχῆς·
1263 5412 1614 5478 ἑξαπίστειλε
1668 5414 1723 5465 δὲ
1776 5414 1868 5464 τὶν

300 5511 667 5582 Ἑρμογένην,
693 5508 937 5580 ἔπαρχον
962 5507 1093 5560 ὄντα
1134 5490 1439 5576 τηνικαῦτα
1472 5507 1572 5571 τῆς
1636 5505 1864 5566 πόὶέεως,

287 5602 593 5674 επιτρέψας
621 5601 768 5673 αὐτῷ
786 5602 856 5654 τά
874 5618 931 5655 τε
965 5599 1107 5655 κατά
1136 5599 1224 5653 τὸν
1249 5598 1423 5669 μέγαν
1466 5597 1657 5666 Μηνᾶν
1679 5597 1861 5661 ἐξετά·

368 5793 382 5821 ¹
430 5789 587 5842 ltum.
624 5804 684 5853 ιι,
722 5787 803 5843 ll.

1961 3218 2053 3286 jus
2084 3215 2409 3271 insimulent
2437 3215 2846 3274 benefactores,
2880 3213 3126 3267 eﬂiciuut
3159 3224 3219 3268 ut
3249 3212 3465 3266 illorum
3493 3210 3546 3263 in

1965 3310 2048 3363 eis
2075 3324 2203 3377 spes
2228 3317 2491 3363 cernatur
2520 3308 2702 3361 inanis
2730 3325 2745 3362 :
2798 3308 3062 3371 surrexit,
3110 3304 3330 3360 interim
3359 3319 3547 3357 rerum

1970 3402 2282 3472 urgentium
2318 3401 2693 3465 pratermissa
2725 3401 3027 3455 solutione.
3062 3399 3217 3454 Ilane
3245 3404 3433 3452 autem
3460 3395 3551 3450 die

1971 3492 2223 3562 sequenti
2260 3492 2583 3545 convocatis
2623 3490 3065 3559 magistratibus,
3116 3504 3244 3543 cum
3299 3503 3550 3542 commu-

1970 3587 2113 3638 niter
2138 3598 2263 3638 cum
2291 3583 2374 3637 eis
2401 3581 2835 3644 considerasset,
2863 3591 2917 3632 et
2952 3580 3183 3634 vidisset
3205 3593 3402 3632 omnes
3422 3591 3553 3630 eon-

1972 3677 2279 3732 sentientes
2312 3676 2365 3729 in
2397 3675 2695 3745 quemdam
2733 3675 3159 3742 Hermogenem,
3206 3672 3388 3725 virum
3423 3670 3551 3739 qui-

1970 3768 2094 3820 dem
2136 3767 2429 3820 honestum
2477 3772 2535 3817 et
2563 3764 2799 3826 clarum,
2847 3772 2902 3815 et
2946 3762 3153 3828 alioqui
3204 3774 3312 3814 non
3347 3758 3551 3813 malum

1971 3864 2113 3920 (erat
2140 3856 2295 3913 enim
2322 3865 2640 3925 temperans
2677 3866 2735 3909 et
2764 3856 2941 3907 bonus
2970 3853 3024 3905 in
3056 3867 3349 3923 pauperes,
3386 3863 3464 3912 et.
3496 3860 3553 3903 ut

1945 3953 2105 4011 .dicit
2146 3950 2441 4018 Apostolus
2466 3950 2508 4013 ι,
2536 3948 2711 4016 legem
2746 3962 2852 3998 non
2888 3946 3119 4007 habens.
3156 3954 3354 3997 natura
3387 3944 3554 3998 facie-

1972 4045 2084 4105 bat,
2113 4056 2236 4110 qua:
2267 4046 2397 4094 sunt
2423 4037 2606 4107 legis:
2661 4036 2950 4104 ignorabat
2986 4050 3118 4088 vero
3168 4045 3301 4087 tunc
3342 4034 3552 4089 Christi

1974 4137 2256 4190 virtutem,
2292 4140 2345 4182 vt
2376 4146 2477 4183 nec
2496 4131 2618 4196 ejus
2639 4136 2765 4180 erat
2787 4128 3061 4195 baptismo
3088 4134 3508 4180 consummatus
3538 4146 3550 4177 :

1972 4222 2189 4280 etiamsi
2235 4219 2561 4289 imprudens
2597 4216 3012 4285 iugrediebatur
3044 4215 3155 4277 via,
3202 4230 3325 4284 qua:
3358 4224 3443 4268 est
3488 4231 3551 4267 ex

1971 4316 2191 4372 Christo
2228 4334 2237 4367 :
2291 4322 2349 4367 et
2394 4319 2513 4366 erat
2560 4309 2785 4378 quidem
2831 4308 2954 4376 ejus
2994 4306 3135 4371 ovis,
3172 4308 3266 4360 sed
3319 4323 3428 4358 non
3476 4308 3550 4359 si-

1972 4417 2157 4477 gnata,
2208 4414 2264 4458 et
2295 4399 2705 4470 coniunctionis
2749 4414 2815 4453 ac
2867 4397 3259 4452 familiaritatis
3308 4397 3552 4450 nondum

1972 4507 2258 4567 acceperat
2284 4495 2685 4565 signaculum):
2714 4509 2841 4547 eum
2867 4508 2999 4562 ergo
3035 4493 3151 4546 hare
3184 4492 3234 4545 ei
3269 4492 3550 4552 adessent.

1973 4602 2030 4645 et
2061 4597 2205 4644 esset
2228 4587 2451 4657 quidem
2489 4587 2611 4654 ipso
2660 4598 2882 4654 quamne
2916 4600 3119 4655 genere
3174 4583 3550 4643 Atheniensis.

1974 4682 2117 4737 etin
2168 4681 2360 4734 Greca
2398 4679 2717 4733 eruditione
2764 4694 2981 4731 summe
3028 4679 3388 4740 exercitatus,
3443 4685 3551 4730 tam

1974 4773 2338 4842 experientia,
2365 4787 2528 4841 quam
2563 4780 2760 4824 natura
2792 4772 3001 4826 valeret
3031 4770 3324 4839 prudentia
3353 4788 3368 4823 :
3404 4780 3459 4823 et
3483 4771 3550 4823 ad

1975 4863 2270 4919 dicendum
2320 4863 2393 4916 ita
2433 4862 2747 4927 accederet,
2784 4870 2846 4916 ut
2899 4862 3184 4915 videretur
3214 4862 3280 4915 ad
3315 4862 3420 4915 hoc
3456 4880 3549 4915 ve-

1963 4958 2094 5011 nire
2130 4956 2463 5010 meditatus:
2499 4965 2555 5009 et
2592 4955 2716 5008 ideo
2745 4961 3072 5008 censeretur
3106 4968 3227 5007 esse
3257 4964 3421 5022 aptus
3448 4953 3550 5005 im-

1975 5048 2190 5116 plicatis
2214 5056 2270 5101 et
2298 5045 2591 5115 perplexis,
2620 5062 2740 5113 qua:
2768 5055 2899 5098 tunc
2921 5053 3041 5095 orta
3073 5053 3253 5105 erant,
3288 5044 3546 5113 negotiis.

1972 5147 2027 5191 et
2054 5138 2122 5191 ad
2150 5152 2279 5192 eum
2316 5136 2519 5205 adjecit
2545 5137 2792 5189 animum
2842 5131 3186 5204 imperator:
3221 5144 3274 5188 et
3310 5149 3435 5188 cum
3471 5134 3550 5186 vi-

1972 5229 2147 5283 disset
2185 5228 2505 5281 universum
2533 5227 2599 5280 ad
2629 5227 2735 5281 hoc
2765 5226 3115 5281 consensisse
3138 5236 3415 5289 senatum,
3440 5234 3552 5279 sta-

1975 5320 2070 5374 tim
2092 5319 2313 5389 quidem
2340 5326 2599 5386 tanquam
2624 5319 2811 5387 probri
2845 5326 2900 5372 et
2927 5318 3241 5387 ignominiae
3268 5333 3431 5371 causa
3461 5320 3543 5371 vel

1975 5414 2256 5466 absentem
2288 5410 2509 5464 beatum
2538 5409 2752 5463 Menam
2788 5411 3023 5463 removit
3056 5426 3083 5462 a
3124 5410 3406 5463 rectioue:
3447 5410 3550 5462 mi-

1977 5505 2050 5557 sit
2093 5514 2275 5557 nutem
2321 5501 2740 5572 Hermogenem.
2790 5502 2881 5570 qui
2918 5512 3049 5555 tunc
3094 5512 3211 5555 erat
3260 5502 3549 5569 praefectus

1979 5598 2150 5662 urbis,
2180 5596 2377 5662 iubens
2409 5610 2533 5650 eum
2579 5607 2633 5649 et
2666 5612 2922 5665 magnum
2965 5596 3173 5650 Menam
3204 5598 3542 5656 examinare,
