4260 6430
728 399 838 460 375

1968 401 2258 463 MENSIS
2301 405 2743 468 DECEMBER.

3891 405 4001 466 376

730 521 784 564 et
815 508 1096 562 civitatem
1147 507 1216 560 ab
1261 520 1478 569 errore,
1537 517 1596 560 ut
1625 505 1675 561 ei
1711 505 1936 575 quidem
1989 510 2301 572 videbatur,
2339 522 2373 570 Α
2411 540 2412 557 η

2339 522 2373 570 Α
2411 531 2523 575 σαι,
2568 518 2658 568 καὶ
2685 516 2784 586 τὴν
2803 513 2955 568 πόλιν
2982 512 3081 583 τῆς
3114 512 3321 582 πλάνης
3354 510 3429 575 ὡς
3467 513 3617 583 αὑτῷ
3643 514 3833 566 δοκοῦν
3853 519 3994 570 άνα-

730 603 1012 657 liberare:
1066 614 1176 653 non
1220 599 1436 654 modica
1489 598 1714 669 quidem
1751 600 1800 654 ei
1852 599 1978 654 data
2027 616 2190 655 manu
2240 619 2308 658 ex

735 693 1015 766 Byzantio,
1047 705 1170 761 qua
1221 706 1349 746 cum
1397 705 1463 745 eo
1516 699 1856 755 versaretur,
1909 703 1965 745 et
2006 694 2213 765 majore
2241 709 2307 750 ex

734 781 1085 846 Alexandria,
1112 796 1236 852 qua
1265 780 1316 834 ei
1348 779 1670 836 inserviret.

816 875 922 929 \‘ll.
968 874 1339 944 Hermogenes
1385 888 1517 945 οτεο
1560 875 1672 945 iIIm
1727 875 1989 946 ηινίεθηε
2036 874 2090 930 ί¹¹
2146 874 2312 948 E5"

733 982 907 1040 ptum,
943 984 1067 1024 cum
1096 969 1342 1038 undique
1380 969 1798 1026 circumflueret
1824 971 2092 1026 ministris
2131 981 2184 1026 et
2224 987 2313 1026 sa-

736 1062 1028 1125 ti-lliaibus,
1055 1060 1209 1116 videt
1245 1071 1356 1116 tres
1383 1061 1530 1116 viros
1578 1061 1900 1124 luminosos,
1931 1063 1981 1116 ei
2021 1061 2310 1118 dicentes:

737 1154 894 1219 Vide,
945 1153 1336 1224 Hermogenes,
1377 1153 1526 1223 quod
1576 1169 1675 1209 nec
1723 1155 1889 1210 breve
1933 1156 2155 1226 quidem
2195 1165 2314 1210 stu-

733 1248 883 1301 dium
915 1247 1059 1301 Deus
1092 1246 1346 1314 despicit.
1379 1245 1516 1300 Cum
1547 1247 1639 1302 ille
1666 1257 1849 1303 autem
1879 1247 2312 1317 interrogasset:

737 1339 803 1391 Et
855 1337 1001 1408 quod
1057 1345 1142 1391 est
1202 1337 1308 1391 hoc
1361 1337 1530 1392 breve
1585 1336 1875 1392 studium?
1925 1337 2314 1406 Imperfectum

737 1443 918 1495 tuum,
939 1428 1971 1501 dixeruntsuscipientes,propositum,
1988 1432 2126 1484 viam
2144 1439 2314 1494 tuam,

737 1541 857 1593 qua
904 1523 970 1578 ad
1023 1523 1324 1578 multorum
1391 1523 1678 1594 spectabat
1729 1524 2098 1594 naufragium,
2132 1519 2318 1576 eﬂecit

739 1617 837 1670 tibi
898 1615 1089 1686 gloria
1135 1615 1565 1672 conciliatricem
1619 1625 1677 1670 et
1725 1616 1993 1670 honorum
2033 1614 2316 1670 immorta-

739 1707 894 1761 lium.
935 1706 1071 1762 Vide
1103 1723 1255 1777 ergo,
1283 1715 1344 1761 ut
1378 1706 1495 1762 hac
1524 1706 1663 1761 bona
1696 1707 1887 1760 nuntia
1916 1705 2060 1776 apud
2095 1715 2148 1762 te
2184 1720 2317 1761 con-

739 1815 948 1862 serves,
976 1809 1032 1854 et
1057 1816 1127 1855 ne
1151 1816 1216 1856 ea
1255 1799 1488 1856 mandes
1520 1800 1823 1864 oblivioni;
1855 1800 2059 1855 etenim
2095 1814 2192 1869 per
2211 1799 2318 1854 hoc

742 1904 895 1945 tuum
929 1893 1033 1948 iter
1087 1909 1210 1948 mox
1240 1893 1471 1950 habebis
1500 1909 1689 1948 verum
1716 1893 1917 1964 Regem
1944 1902 1999 1947 et
2023 1899 2314 1948 aternum.

745 1985 913 2038 Porro
945 1995 1130 2040 autem
1154 2002 1183 2041 a
1211 1986 1367 2041 nobis
1395 2000 1616 2056 quoque
1650 1986 1783 2056 ipsis
1814 2001 1939 2039 eum
1974 1985 2156 2038 virum
2179 1999 2315 2039 con-

743 2077 1012 2147 sequeris,
1040 2093 1138 2147 per
1171 2092 1332 2147 quem
1363 2087 1418 2132 et
1443 2079 1574 2132 huic
1611 2077 1769 2133 beato
1799 2077 1930 2147 Regi
1965 2077 2062 2131 fias
2088 2077 2316 2140 amicus,

742 2179 797 2223 et
825 2185 953 2224 eum
1000 2169 1242 2239 accipias
1300 2171 1631 2240 profectum.
1684 2184 1849 2238 quem
1887 2168 1978 2238 qui
2035 2167 2198 2222 hodie
2233 2182 2319 2221 re-

742 2272 898 2327 gnat,
940 2262 1036 2316 tibi
1068 2264 1200 2316 dare
1231 2277 1337 2315 non
1373 2271 1574 2331 potest.
1609 2262 1747 2316 Cum
1775 2277 1904 2315 vero
1925 2260 1992 2314 ad
2014 2269 2318 2315 extremum

744 2354 870 2422 galli
913 2364 1134 2406 cantum
1188 2368 1294 2406 nox
1330 2353 1441 2421 jam
1501 2353 1865 2422 pervenisset,
1902 2366 2133 2406 excusso
2158 2351 2320 2406 simul

747 2461 963 2507 somno,
1015 2456 1090 2508 ct,
1136 2461 1300 2515 quam
1334 2462 1400 2500 ex
1451 2454 1719 2500 nocturna
1767 2446 1978 2499 visione
2011 2453 2320 2513 acceperat,

749 2537 1189 2604 perturbatione,
1242 2552 1353 2591 non
1390 2537 1580 2592 valens
1618 2537 1896 2606 conjicere
1943 2551 2008 2591 ea
2035 2551 2158 2604 qua
2205 2536 2323 2590 visa

750 2627 993 2691 fuerant,
1045 2628 1360 2698 suspicatus
1385 2637 1470 2684 est
1503 2627 1853 2683 solummodo
1900 2628 2173 2682 somnium
2203 2641 2324 2683 esse

753 2721 1023 2774 visionem
1073 2720 1243 2785 illam,
1279 2719 1426 2790 quod
1473 2720 1552 2775 illi
1585 2734 1689 2774 nec
1722 2719 2002 2789 Opinatam
2031 2734 2062 2774 e
2089 2718 2324 2789 vestigio

754 2827 935 2865 rerutn
985 2810 1358 2865 annuntiabat
1407 2811 1790 2876 mutationem,
1833 2820 1890 2866 et
1923 2811 2156 2881 gloriam
2209 2811 2324 2866 for-

758 2911 903 2956 tasse
936 2902 1371 2957 constantiorem
1403 2901 1649 2972 quidem,
1684 2901 1777 2958 sed
1812 2912 1994 2956 tamen
2026 2913 2325 2958 terrenam.

753 2993 890 3046 Cum
929 3003 1112 3047 autem
1144 2993 1335 3061 paucis
1361 3003 1485 3062 post
1514 2993 1710 3048 diebus
1744 2993 1963 3062 longam
2014 2993 2161 3048 illam
2194 3008 2326 3048 con-

755 3083 976 3139 fecisset
1007 3085 1434 3156 navigationem,
1476 3094 1533 3141 et
1577 3086 1792 3155 placido
1819 3085 1986 3140 fluctu
2021 3085 2075 3139 in
2109 3095 2325 3155 portum

2415 606 2714 666 σώσασθαι,
2752 605 2873 670 δούς
2909 622 2967 658 τε
3003 606 3102 659 οὐκ
3138 603 3326 676 ὀλίγην
3350 605 3452 674 μέν
3477 607 3636 675 χεῖρα
3670 606 3767 660 καὶ
3805 607 3870 659 ἐκ
3890 608 3988 660 τοῦ

2415 697 2712 760 Βυζαντίου
2746 697 2894 768 αύτῷ
2925 697 3280 764 συ.έπεσθαι,
3331 695 3556 760 πλβίονα
3587 697 3645 751 δέ
3674 698 3770 751 καὶ
3797 698 3864 751 ἐκ
3891 697 3993 768 τῆς

2427 789 2784 860 Ἀλεξάνδρου
2811 792 3127 863 ὑπηρετεῖν.

2485 883 2556 940 Z'.
2616 886 2674 938 '0
2693 886 2872 938 τοίνυν
2899 883 3261 956 Ἑρμογένης,
3293 884 3476 938 πλέων
3506 884 3608 956 ήδη
3645 883 3736 938 τδν
3766 884 3861 938 ἐπὶ
3888 884 3994 955 τὴν

2428 977 2837 1049 ’Δλεξάνδρειαν
2868 976 3059 1042 πλοῦν,
3098 979 3193 1031 καὶ
3220 977 3561 1048 πανταχόθεν
3611 976 3888 1048 ὑπηρεσίᾳ
3930 993 3994 1030 τε

2416 1069 2583 1141 πολλῇ
2598 1073 2689 1125 καὶ
2701 1071 2996 1143 δορυφορίᾳ
3012 1089 3134 1141 περι
3142 1071 3525 1144 ρῤεόμενος,ἐν
3540 1073 3794 1124 ἐκστάσει
3807 1069 3994 1140 ὥσπε(

2418 1164 2560 1216 κατὰ
2590 1164 2714 1225 τοὺς
2745 1163 2946 1228 ὕπνους
2977 1163 3288 1233 γενόμενος,
3321 1164 3423 1234 6ρᾷ
3450 1165 3598 1234 τρεῖς
3640 1162 3841 1232 ἄνδρας
3880 1179 4001 1229 φω-

2417 1256 2666 1318 τοειδεῖς,
2688 1256 2996 1323 φάσκοντας
3016 1256 3152 1328 πρὸς
3172 1257 3353 1311 αὐτόν·
3383 1256 3512 1321 Ἴδε,
3547 1255 3905 1325 Ἑρμόγενες,
3920 1253 4002 1314 ὡς

2419 1346 2540 1399 ούδέ
2572 1345 2808 1414 σπουδῆς
2842 1346 3103 1417 βραχείας
3142 1346 3388 1416 ὑπερορᾷ
3411 1347 3438 1399 6
3462 1344 3614 1408 Θεός.
3675 1343 4000 1410 Πυθομένου
4027 1395 4029 1397 ,

2418 1435 2473 1488 δέ
2500 1437 2729 1502 ἐκείνου,
2763 1437 2874 1491 Καὶ
2900 1437 2984 1499 τίς
3014 1439 3047 1506 ή
3077 1435 3307 1508 βραχεῖα
3333 1435 3472 1506 αὕτη
3509 1434 3746 1502 σπουδή;
3777 1436 4002 1497 ἐκεῖνοι,

2421 1529 2532 1602 Τὴν
2557 1530 2721 1601 άτελῆ
2759 1547 2874 1597 σου,
2903 1530 3113 1602 έφησαν
3140 1528 3555 1596 ὑποδεξάμενοι,
3583 1527 3865 1599 πρόθεσιν,
3899 1526 4004 1592 τὴν

2421 1620 2556 1691 πρὸς
2589 1621 2827 1687 ναυάγια
2859 1619 3074 1673 πολλῶν
3105 1617 3528 1673 άποϐλέπουσάν
3582 1635 3678 1672 σου
3723 1616 3863 1680 όδδν,
3914 1615 4003 1666 δό-

2422 1710 2519 1783 ξης
2577 1729 2657 1766 σοι
2710 1713 2921 1766 τέθεικε
2978 1712 3237 1783 πρόξενον
3297 1712 3393 1765 καὶ
3438 1710 3726 1765 ἀθανάτων
3782 1709 3990 1776 τιμῶν.

2423 1804 2570 1869 Σῶζε
2600 1804 2693 1859 οὖν
2737 1804 2899 1857 ταυτὶ
2933 1801 3006 1857 τά
3045 1803 3342 1872 εὐαγγέλια
3376 1803 3528 1873 παρὰ
3571 1800 3755 1870 σαυτῷ
3802 1800 4001 1855 άνεπί-

2421 1897 2618 1966 ληστα.
2657 1895 2768 1949 Καὶ
2799 1895 2906 1965 γὰρ
2942 1893 3030 1947 διὰ
3056 1893 3268 1962 ταύτης
3306 1909 3399 1947 σου
3449 1893 3551 1960 τῆς
3593 1890 3821 1962 πορείας
3854 1889 4001 1955 ἕξεις

2419 1988 2546 2042 ὅσον
2593 1986 2745 2040 οὓπω
2800 1987 3024 2056 βασιλέα
3065 1985 3321 2057 άληθινδν
3353 1984 3450 2036 καὶ
3482 1984 3682 2037 άῖδιον·
3720 1983 3990 2053 εὐμοιρήο

2423 2095 2537 2142 σεις
2563 2077 2618 2132 δέ
2664 2080 2759 2132 καὶ
2793 2079 2936 2149 παρ’
2985 2078 3141 2147 ἡμῶν
3175 2076 3354 2132 αὐτῶν
3383 2075 3574 2145 ἀνδρὸς
3608 2075 3884 2142 τοιούτου,
3932 2075 4003 2128 δι’

2421 2170 2481 2224 οὗ
2541 2171 2604 2226 ἃν
2635 2172 2787 2240 φίλος
2841 2188 2898 2224 τε
2953 2172 3124 2242 ρᾷετα
3157 2169 3289 2242 γένῃ
3320 2167 3398 2240 τῷ
3432 2167 3644 2239 βασιλεῖ
3671 2166 3867 2237 τούτῳ,
3907 2168 4006 2221 καὶ

2423 2265 2710 2335 προκοπῆς
2776 2265 3096 2335 μετάσχῃς,
3153 2264 3222 2335 ἢν
3284 2263 3313 2316 6
3381 2265 3621 2333 σήμερον
3701 2263 4005 2332 βασιλεύων

2422 2355 2606 2412 δοῦναί
2655 2373 2738 2410 σοι
2786 2356 3049 2426 διαπορεῖ.
3111 2354 3269 2409 Ἐπεὶ
3297 2355 3353 2408 δέ
3396 2357 3495 2409 καὶ
3533 2356 3564 2426 ἡ
3613 2355 3707 2422 νίιξ
3734 2355 3834 2427 ήδη
3874 2357 4006 2425 περὶ

2423 2453 2524 2511 τὰς
2555 2450 2794 2520 ἐσχάτας
2851 2445 2917 2518 ἦν
2949 2449 3058 2501 τῶν
3094 2448 3473 2520 ἀλεκτρυόνων
3530 2449 3699 2519 ᾠδὰς,
3749 2449 3912 2510 εὐθὺς
3977 2451 4005 2501 ό

2436 2541 2782 2611 Ἑρμογένης
2827 2538 3300 2609 ἀποτιναξάμενος
3348 2539 3467 2608 άμα
3515 2540 3608 2593 τόν
3632 2556 3690 2592 τε
3712 2538 3879 2593 ὕπνον
3914 2540 4008 2592 καὶ

2424 2631 2515 2686 τὸν
2551 2633 2612 2684 ἐκ
2641 2632 2740 2700 τῆς
2785 2629 3108 2699 νυκτερινῆς
3155 2629 3332 2699 ὅψεως
3391 2629 3645 2699 θόρυϐον,
3701 2630 4006 2699 συμϐαλεῖν

2426 2721 2528 2776 οὐκ
2562 2719 2701 2790 ἔχων
2762 2721 2832 2774 τὰ
2881 2717 3173 2790 ὁραθέντα,
3227 2718 3438 2789 δνειρον
3464 2718 3653 2782 ἁπλῶς
3703 2715 3848 2773 εἶναι
3903 2721 4003 2786 τὴν

2426 2813 2694 2868 ὀπτασίαν
2724 2811 3078 2875 ὑπώπτευκε,
3150 2810 3460 2881 παράλογον
3501 2812 3651 2882 αύτῷ
3687 2811 3998 2884 μεταδολὴν

2429 2904 2773 2972 πραγμάτων
2804 2903 3118 2964 καταπόδας
3149 2902 3644 2970 ἐπαγγελλόμενον,
3685 2905 3780 2956 καὶ
3837 2902 3998 2968 δόξαν

2429 2999 2559 3059 ἴσως
2618 2995 2994 3067 μονιμωτέραν
3043 2996 3164 3065 μὲν,
3190 2995 3320 3048 ἀλλ’
3344 2996 3613 3062 ἐπίγειον.
3649 2997 3993 3066 Περαιωθεὶς

2429 3086 2487 3139 δέ
2537 3085 2659 3153 μετ’
2703 3085 2894 3152 ὀλίγας
2932 3087 3028 3138 τὸν
3065 3087 3233 3140 πολὺν
3285 3087 3493 3139 ἐκεῖνον
3549 3085 3852 3151 άπόπλουν,
3911 3088 4006 3141 καὶ

757 3177 1060 3244 appulisset
1088 3176 1456 3241 Alexandria,
1479 3176 1770 3234 descendit
1796 3179 1862 3233 de
1891 3176 2037 3239 navi,
2071 3185 2126 3230 et
2155 3175 2329 3230 conti-
2356 3211 2398 3268 ο
2431 3195 2439 3227 π

2317 3205 2329 3218 -
2356 3211 2398 3268 c
2431 3176 2621 3247 ἡμέρῳ
2639 3177 2843 3246 κύματι
2875 3179 2986 3239 τοῖς
3008 3176 3229 3246 λιμέσιν
3258 3175 3663 3246 Ἀλεξανδρείας
3686 3176 3999 3268 προσσχὼν,

758 3283 868 3322 nuo
895 3283 952 3325 se
980 3277 1153 3322 totum
1180 3268 1419 3324 dedebat
1446 3268 1814 3340 exsequendis
1834 3268 2182 3338 imperatoris
2215 3282 2331 3320 mo-

759 3359 891 3414 nitis
941 3370 1104 3430 atque
1151 3360 1338 3432 jussis.
1385 3360 1523 3416 Nam
1577 3376 1703 3416 cum
1765 3363 2063 3431 imperator
2107 3359 2330 3430 quidem

764 3452 934 3505 multa
969 3451 1232 3520 prafecto
1265 3452 1584 3508 mandasset
1633 3452 1902 3509 adversus
1951 3453 2170 3510 beatum
2219 3452 2332 3506 hle-

765 3561 913 3607 uatn,
959 3544 1008 3598 ci
1047 3559 1179 3599 vero
1213 3546 1468 3601 universa
1499 3546 1696 3601 civitas
1719 3545 1939 3600 obviam
1971 3545 2333 3615 processisset

766 3638 819 3689 in
855 3636 1060 3700 littore,
1121 3647 1375 3705 tympana
1431 3646 1616 3691 autem
1665 3649 1720 3691 et
1773 3637 1964 3691 laudes
1995 3645 2049 3690 et
2085 3637 2226 3690 tuba
2277 3636 2330 3690 in

764 3742 998 3782 occursu
1030 3727 1504 3782 circumsonarent
1529 3745 1542 3778 :
1572 3734 1628 3780 et
1657 3741 1763 3780 una
1802 3741 1900 3778 vos
1931 3736 2076 3780 esset
2104 3726 2335 3780 laudan-

764 3819 925 3882 tium,
952 3833 1076 3872 eum
1102 3819 1401 3885 extollens,
1429 3819 1523 3886 qui
1555 3817 1755 3872 missus
1784 3816 1966 3872 fuerat
1995 3816 2064 3871 ab
2093 3817 2332 3887 impera-

767 3918 906 3975 tore,
937 3925 1064 3964 eutn
1096 3911 1213 3980 ipse
1249 3909 1539 3980 prafectus
1568 3924 1697 3965 suos
1731 3917 1988 3978 tanquam
2016 3909 2070 3962 in
2106 3909 2336 3978 phalan-

765 4003 847 4071 gis
879 4003 1130 4058 ordinem
1159 4004 1454 4058 direxisset
1482 4003 1773 4067 satellites,
1819 4009 1875 4056 et
1915 4002 2167 4072 jussisset
2192 4017 2336 4071 pra-

766 4097 959 4150 cedere
988 4095 1212 4149 lictores
1240 4103 1298 4151 et
1328 4095 1673 4165 apparitores
1698 4108 1712 4146 :
1745 4108 1872 4149 cum
1925 4102 2079 4148 tanto
2110 4103 2336 4162 stupore

765 4197 822 4243 et
853 4187 1215 4242 admiratione
1246 4189 1490 4241 omnium
1526 4187 1775 4242 ascendit
1801 4187 1857 4240 in
1882 4186 2183 4250 civitatem,
2211 4199 2334 4240 cum

769 4289 973 4349 quanta
1029 4278 1098 4332 iis
1153 4277 1246 4347 qui
1305 4288 1437 4332 tunc
1481 4286 1663 4341 erant,
1715 4277 1984 4348 potuisset
2028 4276 2201 4332 videri
2249 4277 2335 4331 vel

771 4375 944 4442 ipsam
977 4380 1180 4425 terram
1216 4384 1458 4434 movere.
1481 4379 1537 4426 et
1568 4370 1914 4440 negotiorum
1955 4368 2334 4433 meditatione,

769 4473 826 4518 et
863 4463 916 4516 in
971 4461 1137 4516 rebus
1173 4459 1434 4516 omnibus
1476 4460 1661 4515 studio
1707 4459 2152 4532 diligentissimo,
2200 4473 2335 4515 con-

2433 3268 2614 3336 άπέῆη
2649 3285 2705 3320 τε
2736 3267 2834 3336 τῆς
2863 3267 3012 3335 νηδς,
3045 3269 3136 3321 καὶ
3171 3266 3332 3328 εὐθὺς
3351 3266 3449 3333 τῆς
3475 3267 3742 3335 βασιλέως
3765 3262 3837 3336 ῆν
3869 3268 4004 3331 ὅλως

2433 3359 2713 3429 ὑποθήκης
2747 3375 2806 3412 τε
2837 3359 2934 3412 καὶ
2969 3359 3298 3420 κελεύσεως.
3357 3357 3446 3421 Ὠς
3481 3357 3592 3428 γὰρ
3621 3361 3648 3412 ὁ
3679 3359 3776 3427 μέν
3843 3359 4000 3428 βασι-

2434 3449 2561 3512 λείές
2600 3449 2772 3502 πολλὰ
2805 3451 2949 3503 κατὰ
2984 3449 3076 3503 τοῦ
3134 3449 3410 3520 μακαρίου
3455 3451 3619 3518 Μηνᾶ
3657 3449 3734 3520 τῷ
3785 3451 4009 3521 ἐπάρχῳ

2435 3542 2770 3612 ἐπέσκηψεν,
2796 3544 3013 3612 ἀπήντα
3040 3542 3094 3595 δέ
3125 3545 3218 3596 καὶ
3268 3545 3418 3596 πᾶσα
3448 3544 3480 3613 ἡ
3519 3541 3674 3606 πόλις
3729 3543 3840 3612 πρὸ
3894 3543 4003 3596 τῶν

2435 3635 2718 3703 αἰγιαλῶν.
2743 3635 2998 3705 τύμπανα
3034 3635 3091 3690 δὲ
3117 3637 3213 3690 καὶ
3261 3634 3532 3705 εὐφημίαι
3587 3636 3679 3688 καὶ
3707 3636 4008 3704 σάλπιγγες

2436 3728 2532 3798 τὴν
2555 3727 2799 3798 ἀπαντήν
2828 3729 3146 3798 περιήχουν,
3180 3728 3273 3780 καὶ
3306 3726 3405 3797 μία
3451 3727 3560 3780 τῶν
3616 3727 4009 3796 εὐφημούντων

2433 3814 2502 3890 ἧν
2519 3821 2553 3889 ἠ
2581 3819 2751 3890 φωνὴ,
2775 3820 2868 3872 τὸν
2889 3821 2950 3872 ἐκ
2975 3818 3236 3888 βασιλέως
3265 3818 3673 3887 ἀπεσταλμένον
3695 3819 4005 3890 ἐξαίροντα.

2436 3909 2741 3977 ταξάμενος
2784 3908 2882 3979 τὴν
2902 3909 3230 3977 δορυφορίαν
3256 3907 3350 3961 καὶ
3375 3908 3536 3970 αύτδς
3561 3911 3588 3961 ό
3613 3909 3851 3978 ἔπαρχος
3872 3911 4009 3962 κατὰ

2439 4001 2716 4067 φάλαγγα,
2748 4001 2844 4052 καὶ
2875 3999 3193 4068 προοδεύειν
3225 4001 3323 4067 τὴν
3352 4001 3659 4070 ὑπηρεσίαν
3707 4001 4003 4064 κελεύσας,

2443 4089 2580 4158 μετὰ
2627 4089 2893 4159 τοσαύτης
2944 4093 3042 4159 τῆς
3095 4089 3490 4159 καταπλήξεως
3543 4091 3636 4142 ἐπὶ
3704 4091 3804 4160 τὴν
3854 4091 4012 4143 πόλιν

2437 4180 2627 4251 ἀπῄει,
2663 4181 2782 4250 μεθ’
2816 4183 2948 4250 ὅσης
2979 4180 3046 4234 ἂν
3076 4181 3255 4246 ἔδοξεν
3289 4183 3495 4243 ἐκεῖνος
3525 4184 3639 4243 τοῖς
3663 4181 3783 4234 τότε
3837 4185 4012 4234 κινεῖν

2439 4277 2534 4328 καὶ
2598 4273 2696 4344 τὴν
2751 4274 2879 4342 γῆν.
2929 4276 2994 4344 τῇ
3028 4274 3225 4346 μελέτη
3254 4274 3361 4327 τῶν
3391 4275 3736 4344 πραγμάτων
3797 4273 3893 4326 καὶ
3943 4275 4010 4342 τῇ

2440 4366 2570 4436 περὶ
2598 4367 2666 4418 τὰ
2695 4367 2873 4420 πάντα
2905 4367 3134 4435 σπουδῇ,
3169 4367 3262 4421 καὶ
3286 4365 3363 4434 τῷ
3389 4366 3601 4419 άκλινεῖ
3637 4366 3732 4418 καὶ
3755 4365 4014 4434 ἀτρέπτῳ

2439 4459 2540 4527 τῆς
2571 4456 2751 4527 ψυχῆς
2807 4461 3220 4528 παραστήματι,
3275 4458 3376 4521 τάς
3406 4473 3467 4510 τε
3525 4456 3678 4526 παρὰ
3740 4454 4013 4527 βασιλέως

771 4553 1050 4623 stantique
1083 4561 1139 4605 et
1168 4550 1445 4607 inflexibili
1476 4550 1667 4605 habitu
1706 4551 1899 4617 animi,
1927 4565 2157 4621 sperans
2182 4564 2240 4606 se
2281 4558 2338 4606 et
2370 4543 2414 4600 Ι)
2442 4550 2453 4601 l

2329 4562 2338 4604 ι
2370 4543 2414 4600 D
2442 4547 2677 4610 ἐλπίζων
2713 4549 3058 4620 κατορθῶσαι
3116 4549 3303 4619 τιμὰς,
3352 4549 3446 4604 καὶ
3485 4549 3595 4603 τῶν
3653 4547 4011 4619 άστηρίκτων

772 4647 841 4700 ab
877 4647 1210 4716 imperatore
1255 4641 1572 4697 mandatum
1610 4641 1876 4697 honorem
1912 4651 2060 4698 recte
2099 4641 2337 4696 admini-

773 4745 1104 4800 straturum,
1135 4743 1190 4790 et
1223 4748 1416 4790 eorum
1444 4733 1538 4804 qui
1578 4748 1688 4787 non
1719 4741 1881 4789 erant
1919 4733 2084 4797 tirmi,
2117 4746 2338 4802 gressus

772 4829 1274 4900 supplantaturum.

844 4921 984 4977 Vill.
1025 4920 1162 4976 Cum
1213 4930 1398 4975 autem
1446 4932 1672 4988 vespere
1724 4919 1873 4973 solus
1929 4930 2026 4986 per
2073 4931 2132 4972 se
2171 4926 2337 4980 esset,

776 5013 997 5068 dimissa
1031 5011 1214 5076 turba,
1248 5027 1367 5082 qua
1387 5027 1512 5066 eum
1542 5009 1864 5073 deduxerat,
1895 5008 2342 5064 animadverteris

777 5119 1009 5176 magnus
1056 5104 1264 5167 Menas,
1311 5102 1456 5173 quod
1496 5117 1620 5157 cum
1658 5116 1902 5156 seorsum
1942 5101 2164 5171 quidem
2217 5110 2344 5155 sunt

777 5198 1052 5261 homines,
1089 5208 1144 5252 et
1171 5198 1407 5251 maxime
1457 5197 1556 5252 viri
1590 5195 1724 5251 clari
1768 5204 1824 5250 et
1858 5194 2121 5264 insignes,
2159 5191 2343 5247 ferunt

781 5287 1253 5357 reprehensiones,
1279 5295 1337 5342 et
1365 5301 1492 5342 cum
1539 5302 1602 5341 ea
1636 5301 1757 5356 qua
1781 5285 1864 5341 eis
1911 5298 2052 5353 sape
2085 5282 2196 5336 visa
2226 5281 2346 5336 fue-

780 5391 926 5444 rant,
975 5381 1325 5444 refelluntur,
1375 5380 1693 5435 sustinent:
1729 5378 1782 5433 in
1809 5378 2080 5432 concione
2125 5389 2258 5429 vero
2287 5384 2344 5430 et

782 5481 1105 5543 congregata
1151 5471 1528 5534 multitudine,
1562 5484 1703 5541 agre
1747 5468 1931 5524 ferunt
1973 5481 2034 5523 se
2067 5466 2341 5536 redargui,

777 5575 834 5620 et
872 5575 1188 5621 constanter
1221 5575 1546 5635 permanent
1594 5564 1647 5618 in
1687 5563 1753 5617 iis
1785 5575 1906 5632 qua
1939 5559 2043 5616 sibi
2076 5559 2192 5613 visa
2228 5559 2347 5612 fue-

785 5661 895 5713 rint
922 5675 935 5712 :
969 5657 1073 5712 hoc
1103 5657 1192 5712 ille
1223 5657 1429 5726 optime
1472 5656 1854 5718 considerans,
1885 5663 1941 5708 et
1978 5651 2128 5722 quod
2156 5650 2343 5704 erudi-

783 5753 1024 5806 tissimus
1076 5750 1300 5813 quidem
1352 5749 1436 5802 vir
1485 5759 1604 5804 erat
1656 5748 2048 5816 Hermogenes,
2102 5741 2346 5796 nondum

784 5852 965 5897 autem
991 5851 1204 5913 poterat
1235 5841 1710 5912 comprehendere
1745 5848 1947 5894 lautam
1982 5833 2247 5906 dogmatis
2276 5835 2350 5888 al-

2444 4641 2801 4697 ύποσκελίσαι
2829 4642 2898 4696 τά
2923 4641 3264 4714 διαδήματα.

2503 4914 2586 4966 H'.
2639 4911 2792 4964 Ἐπεὶ
2840 4911 2896 4964 δέ
2922 4907 3044 4964 καθ’
3103 4909 3295 4961 ἐαυτὸν
3331 4907 3567 4974 ἐγένετο,
3611 4906 3747 4976 πρὸς
3768 4905 4014 4973 ἐσπέραν

2444 5005 2696 5073 λυθείσης
2715 5003 2864 5072 αὒτῷ
2884 5004 2983 5072 τῆς
3014 5001 3263 5071 πομπῆς,
3302 4999 3529 5053 συνιδὼν
3559 5001 3586 5052 6
3620 4998 3793 5069 μέγας
3817 4997 4012 5064 Μηνᾶς

2443 5099 2517 5160 ὡς
2574 5097 2864 5161 ἰδιάζοντες
2916 5096 3014 5164 μέν
3073 5094 3378 5164 ἄνθρωποι,
3444 5093 3544 5145 καὶ
3609 5091 3850 5160 μάλιστα
3902 5090 4012 5143 τῶν

2445 5186 2726 5253 ἐπιφανῶν
2750 5201 2808 5238 τε
2845 5185 2939 5238 καὶ
2969 5183 3368 5255 περιϐλέπτων,
3394 5182 3624 5250 φέρουσι
3652 5180 3782 5242 τοὺς
3840 5179 4000 5246 ἐλέγ-

2445 5295 2596 5348 χους,
2629 5278 2721 5330 καὶ
2755 5269 2831 5331 ὧν
2863 5277 3048 5339 αὐτοῖς
3078 5275 3224 5341 εδοξε
3253 5273 3515 5336 πολλάκις
3565 5269 4013 5338 ἀνασκευαζομέ-

2447 5389 2552 5424 νων
2580 5371 2881 5439 ἀνέχονται,
2927 5367 3390 5436 ἐκκλησιάζοντες
3448 5363 3528 5426 δέ,
3591 5360 4010 5432 δυσχεραίνουσί

2446 5480 2505 5516 τε
2530 5462 2950 5533 διελεγκόμενοι,
2978 5463 3073 5515 καὶ
3098 5460 3234 5528 πρὸς
3259 5458 3328 5512 τά
3347 5454 3649 5526 δεδογμένα
3680 5455 4014 5514 ἐνπατικῶς

2449 5559 2632 5628 έχουσι
2657 5571 2670 5586 ο
2721 5556 2882 5610 τοῦτο
2915 5555 3123 5616 ἐκεῖνος
3169 5554 3375 5623 ἄριστα
3409 5548 3659 5614 συνιδὼν,
3689 5548 3787 5601 καὶ
3813 5547 3898 5600 δτι
3927 5547 4016 5600 λο-

2451 5651 2714 5718 γιώτατος
2751 5649 2850 5718 μέν
2878 5650 2906 5702 6
2943 5644 3302 5717 Ἑρμογένης,
3334 5640 3488 5695 ούπω
3514 5641 3571 5694 δέ
3598 5639 3694 5692 καὶ
3743 5638 4016 5708 δόγματος

2453 5742 2585 5810 ὕψος
2634 5741 2888 5795 τοσοῦτον
2935 5737 3268 5793 καταλαϐεῖν
3331 5733 3537 5796 ίκανδς,
3589 5733 3686 5784 καὶ
3717 5730 3812 5793 ὡς,
3851 5731 4008 5796 εἴπερ

2452 5835 2624 5900 οὕτως
2663 5838 2740 5899 εἰς
2772 5835 2831 5888 τὸ
2865 5833 3013 5900 βῆμα
3052 5831 3295 5899 χωρήσοι
3322 5827 3396 5895 μὴ
3433 5824 3883 5892 προκατηγηθεὶς
3916 5824 4014 5888 τὴν
