4260 6430
731 374 839 435 379

1967 368 2255 432 MENSIS
2297 366 2745 436 DECEMBER.

3903 365 4015 428 380

726 499 906 538 essem
939 482 1296 538 Atheniensis
1320 524 1334 546 ,
1379 492 1435 538 et
1473 483 1708 553 patriam
1744 484 1921 556 legem
1966 482 2179 554 jamdiu
2211 481 2307 536 ho-
2342 483 2385 540 Α

2342 483 2385 540 Α
2431 483 2724 553 Ἀθηναῖός
2758 501 2815 536 τε
2848 483 2944 544 ῶν,
2977 483 3071 536 καὶ
3101 482 3194 536 τὸν
3219 483 3448 551 πάτριον
3494 482 3559 534 ὲκ
3602 480 3801 533 πολλοῦ
3837 482 4005 545 νόμον

731 590 1013 637 norarem,
1062 587 1121 629 et
1166 575 1218 629 in
1251 584 1438 631 tenera
1469 575 1650 632 adhuc
1672 585 1834 632 astate
1865 578 2083 633 amissis
2112 593 2311 646 paren—

729 668 879 722 tibus
916 684 1093 722 essent
1141 668 1331 723 nescio
1378 669 1659 740 quomodo
1713 672 2005 728 studiosus
2046 682 2104 727 et
2155 672 2312 727 valde

728 761 1067 822 laboriosus,
1123 760 1290 815 statui
1348 775 1679 830 percurrere
1722 778 1944 817 omnem
1993 762 2312 818 Grecorum

730 852 1036 906 fabulosam
1106 851 1442 907 doctrinam.
1486 851 1604 908 Hoc
1644 869 1779 910 vero
1827 871 1857 908 a
1899 869 1985 909 me
2021 854 2176 911 brevi
2227 864 2314 910 est

726 943 1068 1006 confectum,
1112 960 1446 1015 omnemque
1483 962 1678 1003 eorum
1719 949 2012 1004 scientiam
2055 959 2111 1005 et
2136 958 2312 1005 artem

727 1045 982 1089 accurate
1015 1034 1291 1104 percurri.
1334 1035 1473 1092 Cum
1518 1041 1609 1093 vix
1657 1039 1879 1095 tandem
1926 1051 2112 1096 autem
2157 1055 2312 1096 aet-e-

729 1129 955 1196 pissem,
1009 1143 1132 1183 esse
1179 1129 1324 1198 apud
1376 1129 1725 1188 Christianos
1782 1149 2004 1204 quoque
2049 1135 2312 1204 quasdam

729 1221 1057 1286 scripturas,
1090 1217 1195 1272 fuit
1230 1220 1368 1273 mihi
1401 1220 1590 1276 studio
1641 1238 1737 1277 eas
1773 1224 1974 1293 legere.
2013 1221 2152 1277 Cum
2184 1236 2315 1277 vero

733 1309 1013 1375 legissem,
1067 1308 1578 1366 animadvertebam
1636 1312 1691 1365 in
1743 1311 1826 1367 eis
1874 1322 2080 1366 tantam
2145 1312 2317 1367 latere

733 1401 1049 1465 utilitatem,
1083 1409 1290 1471 quanta
1327 1418 1430 1457 nec
1469 1403 1574 1458 dici
1604 1404 1827 1474 quidem
1880 1414 2100 1474 potest:
2130 1415 2186 1460 et
2220 1420 2316 1461 eas

730 1492 1026 1547 conferens
1101 1508 1225 1548 cum
1287 1493 1475 1548 Graeca
1538 1495 1882 1566 disciplina,
1964 1497 2312 1552 inveniebam

732 1602 986 1655 magnam
1035 1588 1433 1651 differentiam,
1493 1606 1698 1660 easque
1740 1593 1885 1646 inter
1923 1607 1982 1646 se
2048 1607 2314 1663 pugnare,

731 1680 889 1747 quasi
940 1696 1004 1734 ex
1065 1682 1360 1738 diametro.
1423 1683 1482 1737 ln
1528 1683 1637 1738 illis
1679 1684 1904 1754 quidem
1948 1686 2209 1740 virtutem
2261 1694 2318 1740 et

733 1774 1047 1837 veritatem,
1083 1774 1137 1828 in
1167 1775 1271 1829 hac
1303 1786 1486 1830 autem
1519 1792 1767 1833 errorem
1794 1788 1850 1833 et
1885 1779 2313 1849 improbitatem.

733 1863 869 1916 Nam
893 1879 1017 1932 qua:
1040 1874 1168 1918 sunt
1194 1865 1339 1935 apud
1370 1865 1720 1923 Christianos
1749 1869 1972 1937 quidem
1998 1869 2318 1940 Scriptura,

735 1953 1004 2010 inducunt
1025 1956 1231 2012 Christi
1259 1958 1494 2014 virtutes
1521 1959 1634 2014 Deo
1665 1960 2074 2026 convenientes,
2100 1970 2154 2016 et
2175 1963 2312 2017 alio-

735 2048 831 2114 qui
864 2046 1168 2115 simplices,
1221 2048 1535 2118 divinarque
1583 2059 1817 2115 naturae,
1864 2059 1922 2106 et
1971 2053 2075 2106 sibi
2123 2068 2320 2108 conse-

732 2147 998 2205 quentes;
1054 2138 1372 2193 Graecorum
1455 2149 1638 2195 autem
1687 2142 1975 2212 scriptura
2047 2144 2321 2200 inducunt

735 2231 910 2284 Deum
967 2232 1252 2299 praeditum
1324 2232 1585 2289 humanis
1652 2233 2038 2291 affectionibus
2086 2246 2142 2290 et
2190 2253 2319 2308 per-

740 2321 1155 2376 turbationibus
1189 2341 1202 2378 :
1238 2333 1296 2377 et
1332 2333 1465 2377 sunt
1508 2325 1732 2394 quidem
1779 2328 1954 2396 plena:
2007 2329 2317 2393 mendacio,

738 2415 916 2483 plenas
968 2417 1134 2469 etiam
1193 2416 1531 2472 turbulentis
1555 2418 1722 2472 animi
1760 2420 2044 2475 motibus:
2098 2421 2321 2489 repleta:

738 2519 962 2573 quoque
993 2505 1420 2574 intemperantia
1459 2515 1515 2561 et
1547 2507 2028 2574 immoderatione,
2053 2509 2322 2566 habentes

739 2596 876 2652 deos
941 2597 1087 2650 inter
1139 2614 1198 2651 se
1243 2608 1579 2668 pugnantes,
1628 2599 1914 2670 victosque
1963 2610 2021 2656 et
2047 2603 2324 2660 sauciatos

740 2688 811 2741 ab
846 2688 1190 2750 hominibus,
1243 2692 1294 2743 in
1353 2705 1495 2758 quos
1545 2692 1693 2744 cadit
1745 2692 2043 2747 interitus:
2075 2696 2323 2748 ctinnu-

743 2781 1106 2835 merabilibus
1153 2784 1277 2838 aliis
1331 2785 1490 2838 malis
1535 2785 1751 2840 refertas
1801 2796 1857 2840 et
1884 2785 2107 2841 fabulis.
2158 2787 2225 2841 Et
2263 2798 2323 2841 ιιι

742 2875 912 2926 Semel
945 2872 1147 2937 dicant,
1183 2873 1401 2927 illarum
1445 2874 1671 2944 quidem
1724 2875 1847 2930 finis
1898 2886 1986 2931 est
2033 2879 2203 2940 salus,
2258 2895 2324 2932 ex

744 2965 858 3017 veri
897 2966 1215 3030 cognitione
1249 2983 1262 3018 :
1302 2967 1497 3020 harum
1531 2978 1717 3021 autem
1773 2978 1999 3037 apertus
2041 2970 2324 3033 interitus,

741 3069 796 3110 ct
821 3055 1088 3111 deductio
1151 3057 1216 3111 ad
1287 3068 1474 3128 turpes
1511 3042 1918 3129 probrosasqtte
1978 3062 2324 3128 affectiones,

2414 578 2615 648 τιμῶν,
2676 579 2770 632 ἐπὶ
2802 579 2906 648 νέῳ
2934 576 3150 646 σώματι
3203 578 3328 636 τοὺς
3371 575 3633 638 τεκόντας
3677 571 4002 629 ἀποϐαλὼν,

2416 669 2708 736 φιλοπόνου
2734 667 2914 739 ψυχῆς
2945 668 3046 721 οῦκ
3103 664 3200 722 οἵδ’
3224 668 3373 730 ὃπως
3425 665 3522 730 ῶν,
3553 667 3739 720 πᾶσαν
3769 664 4009 717 διελθεῖν

2414 760 2607 831 εκρινα
2631 761 2732 831 τὴν
2753 761 2863 814 τῶν
2903 760 3176 831 Ἑλλήνιον
3205 760 3446 830 μυθικὴν
3471 759 3778 821 παίδευσιν,
3816 759 3917 810 καὶ
3940 756 4009 820 δὴ

2415 856 2472 907 ὲν
2504 853 2673 925 ὀλίγῳ
2698 852 2860 908 τοῦτό
2897 871 2990 924 μοι
3021 853 3241 922 γέγονε,
3298 851 3397 905 καὶ⁵
3447 851 3633 905 πᾶσαν
3665 850 3850 904 αὐτῶν
3882 851 4009 902 ἔπι-

2418 947 2634 1017 στήμην
2682 964 2743 1000 τε
2801 947 2894 1000 καὶ
2927 945 3128 1017 τέχνην
3158 943 3407 1016 ἀκριϐῶς
3459 942 3722 1014 ιπῆλθον.
3761 939 3896 1010 Ὀψὶ
3949 941 4010 994 δὲ

2420 1041 2609 1112 μαθὼν
2644 1042 2738 1094 καὶ
2771 1039 2926 1110 παρά
2955 1040 3311 1112 Χριστιανοϊς
3370 1035 3512 1092 εἷναί
3574 1052 3729 1096 τινας
3759 1033 4009 1104 γραφὰς,

2417 1133 2682 1204 ἐπιμελὲς
2740 1134 2948 1202 ιθέμην
3001 1134 3096 1185 καὶ
3142 1131 3336 1194 αὐταῖς
3397 1130 3669 1199 ἐντυχεῖν.
3733 1126 4010 1196 Ἐντυχὼν

2416 1223 2531 1290 οὖν,
2557 1225 2667 1277 οὐδ’
2691 1225 2817 1277 ὅσον
2840 1225 3038 1288 εἰπεῖν,
3064 1224 3318 1277 ινενόουν
3341 1220 3576 1284 ταύταις
3615 1218 4013 1288 ἐγκεκρυμμέ-

2417 1337 2518 1388 νην
2549 1317 2845 1386 ὠφέλειαν,
2896 1318 2991 1370 καὶ
3022 1313 3360 1386 παραϐαλὼν
3393 1315 3566 1377 αὑτάς
3595 1315 3665 1386 τῇ
3717 1311 4036 1380 Ἑλληνικῇ

2418 1409 2663 1479 παιδείᾳ,
2690 1407 2895 1479 πολλὴν
2921 1408 3024 1478 τὴν
3067 1407 3339 1477 διαφοράν
3373 1405 3655 1476 εὕρισκον,
3688 1405 3785 1458 καὶ
3817 1403 4014 1471 ῶσπερ

2418 1499 2481 1550 ὲκ
2510 1498 2810 1568 διαμέτρου
2845 1498 2904 1550 ἐν
2950 1497 3192 1560 ἐκείναις
3227 1498 3328 1566 μὲν
3361 1495 3570 1566 ἀρετὴν
3601 1495 3692 1548 καὶ
3719 1494 4012 1564 ἀλήθειαν,

2418 1593 2477 1645 ιν
2505 1592 2679 1663 ταύτῃ
2712 1592 2767 1644 δὲ
2794 1591 3005 1661 πλάνην
3028 1593 3127 1644 καὶ⁵
3159 1589 3572 1660 μοχθηρίαν.Αί
3600 1588 3701 1658 μὲν
3725 1589 3834 1657 γάρ
3858 1590 4015 1655 παρά

2420 1685 2764 1754 Χριστιανοῐς
2812 1684 3030 1756 Γραφαὶ
3077 1683 3402 1751 θεοπρεπεῖς
3427 1682 3752 1750 εἰσηγοῦντο
3781 1682 3882 1744 τὰς
3913 1679 4013 1732 τοῦ

2423 1775 2664 1846 Χριστοῦ
2699 1777 2959 1846 δυνάμεις
2984 1777 3079 1830 καὶ
3106 1777 3285 1837 ἁπλᾶς
3349 1775 3528 1836 άλλως
3559 1778 3655 1828 καὶ
3681 1774 4016 1837 ἀκολούθους

2425 1869 2492 1938 τῇ
2525 1885 2584 1922 τε
2613 1867 2736 1939 θείᾳ
2770 1868 2931 1936 φύσει
2972 1868 3068 1920 καὶ
3098 1868 3351 1930 ἑαυταῖς
3384 1869 3440 1919 ai
3469 1866 3525 1920 δὲ
3583 1866 3693 1918 τῶν
3741 1865 4018 1937 Ἑλλήνιον

2424 1960 2863 2031 ἀνθρωποπαθδς
2890 1954 3031 2013 εἶναι
3064 1961 3125 2013 τδ
3151 1960 3312 2013 Θείον
3339 1961 3649 2026 εἰσάγουσι,
3678 1957 3774 2010 καὶ
3814 1960 4020 2024 μεσταὶ

2430 2053 2531 2122 μὲν
2555 2052 2785 2122 ψεύδους
2815 2053 2923 2105 εισι
2948 2095 2962 2114 .
3006 2054 3204 2121 μεσταὶ
3236 2053 3294 2107 δὲ
3323 2051 3538 2116 παθῶν,
3571 2050 3666 2104 καὶ
3700 2049 4018 2118 ἀσελγείας,

2427 2148 2520 2202 ml
2573 2146 2803 2209 ἀταξίας
2862 2145 3108 2216 ἔμπλεῳ,
3166 2146 3324 2210 θεοὺς
3387 2145 3611 2216 ἔχουσαι
3671 2143 4018 2214 μαχομένους

2426 2237 2705 2306 ἀλλήλοις,
2741 2237 2834 2290 καὶ
2865 2236 2972 2289 ὑπὸ
3002 2236 3264 2307 φθαρτῶν
3320 2235 3633 2306 ἀνθρώπων
3664 2234 4020 2304 ἡττωμένους

2427 2329 2523 2381 καὶ
2555 2327 2984 2398 πληττομένους,
3013 2329 3110 2380 καὶ
3139 2328 3348 2398 μυρίων
3378 2326 3558 2382 ἄλλων
3600 2327 3789 2380 κακῶν
3822 2345 3881 2379 τε
3923 2327 4020 2379 καὶ

2433 2419 2619 2489 μύθων
2655 2418 2930 2486 γέμουσαι
2952 2435 2966 2448 ·
2991 2426 3087 2471 καὶ
3120 2417 3415 2471 συνελόντα
3441 2419 3631 2486 φάναι,
3686 2418 3795 2472 τῶν
3827 2419 3931 2488 μὲν
3955 2419 4022 2471 τὸ

2429 2513 2581 2573 τέλος
2614 2511 2863 2582 σωτηρία
2904 2511 3021 2564 ἐστὶ
3051 2511 3149 2564 καὶ
3207 2511 3443 2580 ἀληθοῦς
3499 2512 3636 2565 Θεοῦ
3693 2515 4020 2580 ἐπίγνωσις,

2427 2604 2636 2658 τούτων
2695 2604 2752 2658 δὲ
2808 2603 2977 2671 σαφὲς
3033 2603 3283 2656 ἀπώλεια
3318 2605 3416 2657 καὶ
3449 2604 3643 2672 όδηγία
3679 2606 3813 2675 πρὸς
3845 2607 4020 2673 ἄτιμα

2431 2697 2582 2764 πάθη
2616 2697 2710 2749 καὶ
2744 2696 2955 2764 πλάνης
2990 2693 3232 2765 εὕρεσιν.
3269 2696 3463 2762 Ὅμως
3512 2696 3609 2748 καὶ
3637 2695 3816 2758 οῦτως
3853 2697 4018 2765 ἑχού-

2431 2805 2553 2851 σαις
2598 2792 2720 2849 ταῖς
2773 2788 2881 2838 τῶν
2943 2786 3287 2856 Χριστιανῶν
3346 2788 3386 2839 Γ
3392 2789 3637 2856 ραφαῖς,
3694 2788 3794 2840 οῦκ
3852 2788 4018 2851 εὐθὺς

2432 2881 2608 2947 ἔγνων
2666 2879 2858 2941 αὑταῖς
2920 2877 3199 2940 ἕπεσθαι,
3242 2878 3382 2932 ἀλλά
3443 2878 3736 2948 διάπειραν
3788 2881 4022 2950 ιζήτουν

2423 2971 2526 3040 τῆς
2589 2969 2684 3025 τοῦ
2740 2970 2982 3041 Χριστοῦ
3031 2971 3358 3037 δυνάμεως,
3405 2970 3548 3024 ὥστε
3601 2971 3702 3040 τὴν
3756 2972 4022 3041 ἀλήθειαν

2426 3064 2573 3135 ἔργῳ
2628 3063 2967 3132 διδαχθῆναι.
3023 3063 3134 3115 Kal
3177 3061 3454 3132 ἀνθρώπῳ
3503 3064 3820 3133 πηρωθέντι
3878 3065 4021 3136 μέλη

741 3159 797 3200 et
835 3148 1213 3201 inventionem
1244 3151 1474 3204 erroris.
1520 3148 1784 3214 Quamvis
1817 3169 1959 3207 vero
2005 3155 2078 3208 ita
2125 3171 2183 3211 se
2225 3157 2325 3210 ha-
2351 3183 2397 3246 ο

2351 3183 2397 3246 C
2429 3155 2553 3208 τινά
2607 3154 2702 3208 τοῦ
2754 3152 3007 3222 σώματος
3077 3152 3362 3246 ἐντυχὼν,
3439 3155 3534 3207 καὶ
3585 3157 3799 3223 ἀγαθῆς
3886 3159 4020 3226 ἐμοὶ

745 3240 912 3294 beant
973 3239 1278 3309 Scriptura
1352 3240 1842 3308 Christianorum,
1900 3261 2011 3299 non
2058 3250 2325 3302 continuo

744 3333 966 3387 decrevi
1006 3347 1103 3386 eas
1130 3333 1312 3400 sequi,
1345 3332 1440 3387 sed
1472 3334 1642 3387 etiam
1669 3334 1877 3390 Christi
1913 3337 2140 3394 virtutis
2177 3357 2327 3410 quaa-

749 3425 935 3480 rebam
958 3423 1357 3494 experientiam
1378 3465 1395 3490 ,
1425 3433 1487 3479 ut
1522 3425 1666 3482 facto
1705 3428 1939 3484 docerer
1984 3433 2276 3487 veritatem
2308 3452 2323 3489 :

748 3525 957 3570 etcum
989 3516 1311 3570 incidissem
1347 3515 1402 3571 in
1442 3518 1736 3585 quemdam
1764 3559 1780 3583 ,
1817 3521 1906 3575 cui
1942 3532 2102 3576 erant
2128 3524 2326 3578 mutila

752 3609 998 3662 membra
1038 3609 1310 3678 corporis,
1344 3620 1400 3664 et
1439 3625 1566 3664 cum
1601 3610 1705 3665 hoc
1737 3611 2000 3669 dixissem
2023 3631 2145 3670 esse
2171 3616 2328 3672 bona:

752 3700 1009 3765 fortunae,
1050 3701 1234 3754 inveni
1267 3701 1449 3756 verbis
1477 3702 1684 3759 divinis
1712 3703 1918 3759 factum
1943 3722 2164 3777 quoque
2205 3725 2328 3766 esse

753 3807 1118 3861 consequens.
1165 3793 1462 3863 Postquam
1503 3809 1634 3865 ergo
1664 3797 1842 3850 solum
1883 3796 2092 3853 Christi
2127 3816 2328 3856 nomen

754 3879 1019 3936 dixissem
1081 3896 1249 3951 super
1281 3882 1369 3936 illa
1423 3885 1668 3938 membra
1705 3888 1951 3941 mutilata
1978 3928 1992 3952 ,
2032 3889 2145 3953 illa,
2206 3907 2331 3960 pro-

755 3973 904 4028 tinus
942 3975 1143 4028 amissa
1175 3975 1543 4036 mutilatione.
1572 3977 1800 4046 perinde
1830 3994 1894 4034 ac
1923 3996 2119 4036 rursus
2153 3991 2330 4039 trans-

752 4067 1009 4131 formata,
1060 4069 1128 4121 ad
1170 4083 1293 4122 eam
1339 4082 1460 4135 quae
1490 4078 1608 4122 erat
1671 4068 1725 4123 in
1771 4071 2044 4142 principio
2079 4076 2329 4132 traducta

755 4167 888 4211 sunt
931 4158 1246 4212 sanitatem.
1299 4158 1436 4210 Cum
1473 4173 1605 4232 ergo
1653 4159 1832 4228 reipsa
1877 4171 1934 4215 et
1975 4163 2119 4218 facto
2164 4181 2331 4234 agnu-

759 4247 958 4301 vissem
997 4246 1286 4316 Opim-em,
1319 4256 1375 4301 et
1409 4248 1728 4302 Graecorum
1766 4265 1830 4304 ac
1852 4253 2140 4320 gentilium
2173 4258 2325 4326 abju-

757 4354 961 4393 rassem
1017 4338 1341 4402 vanitatem,
1391 4340 1698 4408 baptizatus
1747 4356 1920 4407 sum,
1986 4356 2045 4399 et
2086 4363 2172 4401 tne
2231 4351 2329 4404 soli

756 4431 981 4486 Christo
1016 4429 1291 4485 dedicavi.
1320 4432 1402 4485 Ab
1451 4433 1546 4485 illo
1595 4443 1782 4487 autem
1827 4444 2071 4502 tempore
2124 4440 2176 4492 in
2230 4439 2330 4494 lto-

2425 3245 2588 3300 τοῦτο
2621 3247 2792 3316 τύχης
2839 3245 3014 3298 είπὼν
3053 3239 3214 3313 εὖρον
3256 3248 3367 3309 τοῖς
3408 3245 3578 3309 θείοις
3611 3249 3853 3318 ῥήμασιν
3887 3249 4019 3302 ἀκό-

2427 3337 2620 3389 λουθον
2653 3337 2751 3389 καὶ
2782 3335 2845 3388 τὸ
2876 3335 3061 3406 ιργον.
3108 3334 3200 3397 Ὦς
3222 3333 3319 3388 οῦν
3365 3337 3530 3404 μόνον
3561 3335 3621 3388 τὸ
3649 3335 3746 3388 τοῦ
3779 3338 4020 3407 Χριστοῦ

2427 3428 2601 3496 ὄνομα
2631 3429 2744 3488 τοῖς
2770 3425 3203 3496 πεπηρωμένοις
3236 3426 3467 3478 έπετπον
3497 3425 3730 3489 ἐκείνοις
3763 3428 4016 3496 μέλεσιν,

2429 3521 2629 3574 αὐτίκα
2658 3520 2866 3583 ἐκεῖνα,
2926 3519 3027 3584 τὴν
3056 3518 3314 3589 πήρωσιν
3345 3517 3719 3583 ἀποϐαλόντα,
3756 3520 4017 3590 καθάπερ

2434 3611 2593 3675 αὖθις
2644 3611 3165 3679 μεταπλαττόμενα,
3199 3612 3334 3680 πρὸς
3374 3611 3476 3682 τὴν
3504 3611 3565 3677 ἐξ
3591 3613 3769 3685 ἀρχῆς
3821 3616 4018 3682 ὑγείαν

2434 3701 2765 3770 μετετίθετο.
2800 3703 2988 3772 Ἐργῳ
3011 3703 3196 3755 τοίνυν
3228 3704 3320 3755 τὸν
3345 3701 3688 3772 δημιουργὸν
3719 3707 4012 3773 ἐπιγνοὺς,

2434 3798 2531 3850 καὶ
2557 3797 2659 3866 τὴν
2690 3796 2800 3848 τῶν
2831 3795 3106 3864 Ἐλλήνων
3131 3793 3293 3858 δόξαν
3323 3795 3769 3863 άπομοσάμενος,
3803 3801 3894 3850 καὶ
3917 3799 4017 3868 τὴν

2430 3891 2601 3962 ἀλλην
2644 3890 2864 3944 ἃπασαν
2918 3890 3281 3957 ἀπωσάμενος
3325 3889 3687 3959 ματαιότητα.
3750 3889 4016 3958 gemun-

2435 3998 2592 4051 σμαι,
2636 3981 2734 4033 καὶ
2767 3978 3008 4048 Χριστοῦ
3070 3981 3236 4047 μόνου
3275 3978 3604 4048 γεγένημαι.
3655 3979 3746 4045 Ἐξ
3801 3982 4016 4033 ἐκείνου

2431 4075 2488 4128 δὲ
2525 4075 2620 4126 καὶ
2677 4073 2841 4142 μέχρι
2891 4070 3010 4137 νῦν,
3071 4072 3273 4140 ἐπαρχε
3306 4112 3322 4135 ,
3375 4072 3565 4134 νόσους
3617 4073 3861 4140 χαλεπὰς
3921 4074 4016 4125 καὶ

2435 4166 2585 4235 πάθη
2617 4165 2839 4225 ἀνίατα,
2899 4163 2993 4216 καὶ
3052 4162 3087 4216 ἀ
3141 4163 3288 4232 μόνῳ
3334 4161 3585 4228 ἔξιᾶσθαι
3616 4161 3738 4232 Θεῷ
3763 4163 4013 4229 δυνατὸν,

2434 4257 2569 4325 ταχῦ
2600 4256 2695 4308 καὶ
2727 4254 2925 4325 ῥᾳδίως
2961 4253 3152 4324 ίῶμαι,
3211 4252 3274 4306 τὸ
3316 4251 3412 4306 τοῦ
3441 4252 3682 4323 Χριστοῦ
3715 4253 3888 4323 ὄνομα
3920 4258 4017 4308 καὶ

2440 4349 2602 4418 μόνον
2630 4346 2837 4400 καλῶν.
2870 4347 2979 4399 Kal
3010 4347 3221 4416 μάρτυς
3248 4345 3358 4398 τῶν
3388 4344 3542 4415 ἐμῶν
3577 4345 3761 4412 λόγων
3791 4347 3820 4397 ὀ
3841 4346 4016 4414 δῆμος

2436 4443 2603 4504 ἄπας,
2645 4439 2739 4492 καὶ
2795 4439 2856 4492 τὸ
2903 4439 3204 4506 περιεστὼς
3241 4436 3404 4493 τοῦτο
3460 4436 3712 4505 θέατρον.
3770 4438 3882 4489 Kal
3915 4438 4016 4490 οὐκ

755 4522 1014 4576 diernum
1053 4535 1227 4590 usque
1253 4521 1420 4585 diem,
1442 4537 1476 4575 ο
1505 4522 1782 4591 praefecte,
1814 4524 2038 4582 morbos
2059 4528 2329 4596 diﬂlciles,
2367 4519 2408 4572 υ

2367 4519 2408 4572 υ
2437 4533 2582 4600 ἕλξις
2606 4531 2782 4583 εἰπεῖν
2826 4529 2903 4592 ῶς
2931 4528 3124 4598 ψεῦδος
3158 4527 3332 4582 ταῦτα
3375 4530 3467 4582 καὶ
3501 4529 3648 4596 λόγοι
3697 4531 3866 4582 κενοί·
3913 4530 4018 4583 πά-

755 4623 814 4667 et
843 4613 1168 4669 affectiones
1204 4613 1566 4676 incurabiles,
1617 4625 1674 4668 et
1729 4630 1867 4684 quas
1914 4619 2068 4674 solus
2115 4632 2330 4689 poterat

2441 4641 2597 4697 ρεστι
2626 4621 2738 4691 γὰρ
2773 4622 2872 4675 καὶ
2906 4620 3004 4674 νῦν
3039 4621 3188 4690 ἔργῳ
3212 4620 3280 4672 τὰ
3307 4619 3582 4688 λεγόμενα
3616 4623 3979 4690 πιστωθῆναι.

756 4724 956 4765 curare
1012 4708 1178 4774 Deus,
1229 4709 1343 4764 cito
1393 4716 1451 4764 et
1497 4708 1658 4765 facile
1703 4725 1864 4775 curo,
1905 4715 2080 4769 solum
2127 4716 2334 4776 Christi
2375 4736 2577 4776 nomen
2608 4717 2891 4772 invocans.
2925 4717 3123 4771 Eorum
3150 4731 3304 4779 vero,
3371 4733 3492 4785 qua!
3521 4715 3668 4778 dico,
3733 4716 3889 4770 testis
3933 4713 4016 4785 es!

759 4818 812 4857 tn
839 4803 892 4856 bi
923 4802 1219 4856 universus
1244 4803 1517 4872 populus,
1549 4811 1605 4858 et
1636 4803 1741 4860 hoc
1787 4805 1935 4875 quod
2002 4808 2366 4869 circumsistit
2405 4816 2683 4868 theatrum
2720 4830 2732 4865 :

3999 4784 4020 4826 l.

2819 4827 2922 4866 nec
2971 4820 3128 4881 potes
3199 4810 3387 4864 dicere
3442 4809 3559 4863 haec
3603 4823 3726 4863 esse
3755 4808 3909 4874 falsa,
3961 4825 3993 4863 e

760 4901 925 4954 verba
968 4901 1174 4954 inania.
1241 4899 1378 4953 Nam
1428 4915 1575 4955 nunc
1623 4915 1841 4970 quoque
1902 4902 2032 4957 licet
2087 4921 2151 4959 ea
2204 4923 2326 4977 quae
2367 4912 2659 4973 dicuntur,
2687 4907 2834 4960 facto
2865 4907 2986 4976 ipso
3017 4905 3404 4974 comprobare.

836 4993 926 5046 XI.
993 4992 1130 5047 Cum
1212 4992 1293 5046 sic
1352 4992 1637 5046 veritatem
1699 5001 1889 5062 aperte
1947 4997 2333 5064 explicavisset

764 5095 998 5155 martyr,
1051 5092 1199 5137 totus
1230 5084 1467 5152 populus
1498 5091 1555 5136 et
1602 5084 1920 5138 universum
1951 5087 2219 5142 theatrum
2267 5093 2335 5145 ab

763 5180 898 5233 hora
930 5175 1092 5231 tertia
1138 5190 1310 5243 usque
1348 5174 1415 5229 ad
1447 5175 1736 5244 septimam
1795 5192 1825 5230 a
1856 5176 2040 5247 lingua
2077 5183 2334 5251 martyris

763 5265 1178 5340 quodammodo
1206 5265 1614 5333 dependebant,
1643 5275 1699 5320 et
1741 5266 1889 5322 illius
1917 5270 2086 5340 magis
2123 5287 2332 5327 sermo-

767 5376 892 5414 nctu
919 5359 1329 5419 desiderabant,
1363 5375 1524 5426 quam
1559 5361 1971 5414 contumeliam.
2013 5364 2078 5417 Et
2118 5376 2332 5433 postre-

769 5465 861 5503 tno
892 5461 1017 5502 cum
1047 5449 1314 5502 vidissent
1347 5448 1524 5516 ipsum
1549 5451 1710 5504 simul
1743 5459 1796 5503 et
1825 5451 1959 5505 deos
1988 5453 2337 5522 Imperatoris

770 5541 1035 5594 refellis~e
1065 5550 1119 5594 et
1143 5543 1409 5608 arguisse,
1435 5550 1490 5594 et
1508 5557 1698 5596 verum
1717 5543 1884 5598 Deum
1906 5540 2334 5614 demonstrasse,

769 5643 825 5684 et
877 5633 1038 5684 simul
1074 5632 1198 5686 illos
1247 5635 1549 5700 producere
1587 5643 1750 5688 testes
1785 5651 2014 5688 suorum
2042 5638 2336 5692 miraculo-

771 5740 914 5789 rum,
972 5741 1080 5778 ttno
1130 5741 1228 5778 ure
1281 5741 1512 5779 omnes:
1557 5727 1635 5781 Ne
1674 5728 1910 5792 labores,
1969 5729 2250 5795 dicebant,
2306 5753 2337 5786 υ

773 5815 918 5872 boue
951 5817 1227 5886 praefecte.
1257 5818 1391 5873 Nam
1429 5835 1530 5875 nos
1561 5819 1662 5889 ipsi
1713 5821 1918 5877 fuimus
1955 5832 2120 5878 testes
2150 5826 2341 5893 prodi-

2510 4998 2616 5054 ΙΝ.
2675 4998 2834 5052 Οὕτω
2895 4999 2989 5050 τοῦ
3051 4998 3327 5067 μάρτυρος
3381 4992 3854 5062 διατρανώσαντος
3916 4993 4016 5063 τὴν

2441 5090 2700 5161 ἀλήθειαν
2727 5091 2754 5143 ὅ
2783 5106 2843 5141 τε
2877 5090 3049 5158 δῆμος
3078 5083 3222 5158 ἦσαν
3258 5087 3352 5139 καὶ
3384 5086 3534 5139 άπαν
3561 5086 3622 5137 τὸ
3655 5084 3884 5154 θέατρον
3909 5083 4018 5136 ἀπὸ

2440 5184 2633 5254 τρίτης
2668 5183 2816 5253 ὧρας
2861 5182 2967 5242 ἕως
3003 5180 3239 5249 ὲῆδόμης
3269 5181 3367 5246 τῆς
3405 5177 3651 5245 γλώττης
3698 5175 3887 5246 ὥσπερ
3917 5180 4017 5230 τοῦ

2445 5276 2722 5344 μάρτυρος
2773 5272 3209 5341 ἐκκρεμάμενοι,
3260 5272 3353 5322 καὶ
3396 5269 3496 5338 τῆς
3540 5268 3753 5321 ἐκείνου
3810 5268 4016 5335 μᾶλλον

2440 5368 2658 5437 ὁμιλίας
2691 5368 2724 5439 ἢ
2764 5366 3022 5438 βρώσεως
3053 5364 3354 5432 ἐφιέμενοι.
3402 5364 3512 5416 Kal
3564 5362 3740 5431 πέρας
3770 5361 3845 5424 ῶς
3872 5358 4013 5414 εἶδον

2438 5461 2601 5514 αὑτὸν
2628 5459 2764 5529 ὁμοῦ
2791 5475 2850 5512 τε
2877 5460 3006 5521 τοὺς
3023 5456 3116 5510 τοῦ
3139 5457 3404 5527 βασιλέως
3423 5455 3581 5517 θεοὺς
3603 5454 4008 5520 ἀπελέγξαντα,

2441 5554 2537 5604 καὶ
2567 5555 2659 5605 τὸν
2696 5552 2870 5622 ἀληθῆ
2900 5551 3034 5604 Θεὸν
3069 5548 3454 5613 ἀποδείξαντα,
3515 5548 3610 5598 καὶ
3642 5548 3757 5612 ἃμα
3812 5546 4012 5604 αὐτοὺς

2443 5641 2684 5706 ἐκείνους
2717 5643 2825 5693 τῶν
2861 5642 3160 5709 θαυμάτων
3206 5638 3648 5708 προόαλλόμενον
3705 5638 4014 5704 μάρτυρας,

2449 5734 2666 5798 γλῶττα
2696 5735 2793 5803 μία
2827 5733 3081 5799 καθάπερ
3114 5732 3311 5793 πάντες
3348 5730 3653 5797 γενόμενοι,
3693 5728 3781 5794 Μὴ
3814 5727 4014 5792 κάμνε,

2445 5825 2651 5894 ελεγον,
2703 5827 2803 5894 ῐτι,
2835 5815 3039 5892 χρηστὲ
3100 5825 3327 5888 ἱπαρχε·
3365 5823 3521 5875 αὑτοὶ
3565 5821 3671 5888 γὰρ
3708 5822 3867 5886 ἡμεῖς
3904 5837 4015 5870 των
