4260 6430
259 328 363 392 381

1154 339 1625 403 MARTYRIUM
1676 346 1735 404 S.
1784 347 2019 409 ΜΕΝῶ
2061 351 2156 410 ET
2192 353 2611 416 SOCIORUM.

3431 360 3536 422 382

260 447 513 513 τεράτων
547 448 740 501 θεαταὶ
775 452 1148 520 γεγενήμεθα,
1204 453 1366 506 αὐτοὶ
1388 456 1496 508 τῶν
1523 456 1847 526 θαυμασίων
1876 511 1878 517 ,

1950 461 2165 531 giorum
2194 480 2208 527 ;
2243 465 2350 535 ipsi
2383 465 2625 520 fructum
2662 466 2938 521 sensimus
2967 470 3086 535 ejus
3120 470 3533 527 miraculorum.

260 538 745 608 ἀπολελαύκαμεν.
801 543 937 597 Οὐδὲ
996 543 1055 596 ἓν
1115 543 1312 613 ψεῦδος
1370 548 1671 618 παρερπει,
1724 551 1847 605 οὐδὲ

1949 554 2172 609 Nullum
2209 558 2379 627 serpit
2414 559 2791 624 mendacium,
2824 573 3004 628 neque
3033 560 3139 615 ulla
3177 560 3328 615 fraus
3346 563 3538 617 subest

262 634 453 702 ἀπάτη
485 651 571 696 τις
601 635 953 706 ὐποκάθηται
1010 639 1125 702 τοῖς
1173 639 1267 692 ὑπ’
1299 639 1468 694 αὐτοῦ
1533 645 1867 712 πραττομέον

262 745 396 790 νοις.
433 727 647 796 Ἐγνως
679 732 774 783 καὶ
809 731 973 795 αὐτὸς
1016 734 1118 801 τὴν
1171 733 1439 803 ἀλήθειαν
1492 737 1714 800 συνετὸς
1748 736 1846 799 ῶν,

262 819 362 872 καὶ
395 820 471 883 ὼς
504 821 580 891 μὴ
638 822 748 891 χρὴ
798 822 935 876 Θεὸν
965 823 1127 877 ἄλλον
1158 824 1419 893 ἡγεῖσθαι
1464 827 1562 880 καὶ
1605 846 1848 899 προσκυο

262 915 380 964 νεῖν
436 912 469 981 ἢ
519 913 613 965 τὸν
666 914 856 968 αὐτοῦ.
895 914 955 970 ὐ
992 916 1050 970 δι
1100 916 1363 988 ἔπαρχος,
1397 919 1725 990 εὐλαϐηθεὶς
1751 922 1850 991 τὴν

262 1005 582 1074 παρρησίαν
610 1006 711 1075 τῆς
743 1005 984 1071 πόλεως,
1014 1008 1112 1061 καὶ
1154 1008 1280 1061 ἰδὼν
1315 1010 1495 1064 πάντα
1544 1012 1731 1081 σχεδὸν
1760 1014 1852 1065 τὸν

262 1097 440 1165 δῆμον
489 1097 879 1152 ἀπονεύσαντα
936 1100 1075 1168 πρὸς
1131 1101 1391 1171 Χριστὸν,
1450 1106 1545 1157 καὶ
1608 1121 1855 1157 συναπαο

263 1187 468 1256 χθέντα
514 1189 591 1258 τῷ
624 1190 871 1259 ἁθλητῇ’,
922 1192 1020 1245 καὶ
1073 1190 1468 1261 φυλαξάμενον
1522 1198 1593 1266 μή
1651 1214 1703 1248 τι
1761 1197 1854 1249 καὶ

263 1279 531 1350 νεώτερον
587 1283 707 1335 κατ’
754 1281 921 1336 αὐτοῦ
958 1284 1232 1354 τολμηθῇ,
1274 1286 1369 1337 καὶ
1425 1286 1583 1338 τοῦτο
1643 1288 1741 1356 μὲν
1780 1288 1854 1358 μὴ

263 1374 410 1442 ἔχων
448 1374 584 1444 πρὸς
616 1375 717 1442 τὴν
772 1376 1035 1445 ἀλήθειαν
1084 1380 1389 1441 ἀντειπεῖν,
1447 1379 1607 1434 τοῦτο
1657 1381 1713 1434 δὲ
1754 1383 1850 1435 καὶ

266 1464 691 1532 τιμωρήσασθαι
750 1465 1176 1536 δυσωπούμενος
1224 1469 1319 1522 τὸν
1374 1469 1518 1524 οὕτω
1575 1473 1667 1526 τὸν
1696 1474 1854 1540 λόγον

264 1556 369 1624 τῆς
397 1555 662 1624 ἀληθείας
696 1557 1174 1629 ὀρθοτομήσαντα,
1204 1560 1280 1622 ὡς
1314 1563 1527 1625 πάντας
1570 1564 1697 1626 τοὺς
1743 1582 1855 1616 πα-

270 1652 469 1720 ρόντας
523 1650 722 1705 θέσθαι
765 1655 1150 1719 καταπειθεῖς,
1195 1656 1391 1724 μεστὸς
1457 1656 1693 1725 θορύϐου
1757 1656 1855 1710 καὶ

266 1744 577 1811 κατηφείας
608 1746 871 1811 γεγονὼς,
896 1747 1284 1818 εγκὴισθῆναι
1319 1748 1481 1802 πάλιν
1510 1748 1723 1803 κελεύει
1764 1751 1855 1802 τὸν

267 1838 449 1899 ἅγιον.
493 1838 717 1910 ’Δνέστη
768 1839 900 1908 γοῦν
950 1841 1157 1905 εὐθέως
1206 1841 1301 1895 τοῦ
1359 1842 1629 1913 βήματος,
1666 1844 1852 1897 καὶτὸ

271 1932 505 1999 θέατρον
559 1933 741 1997 ἔλυσε,
793 1936 890 1987 καὶ
951 1934 1269 2005 συνεξέρῤει
1327 1934 1423 1989 τοῦ
1480 1937 1692 2001 ἀγῶνος
1724 1939 1751 1989 ὅ
1788 1954 1849 1989 τε

270 2023 443 2091 δῆμος
477 2024 574 2077 καὶ
610 2025 759 2079 ἅπαν
809 2026 870 2078 τὸ
920 2026 1150 2096 θέατρον
1172 2043 1186 2057 ⁶
1220 2029 1313 2081 καλ⁵
1346 2027 1511 2098 θροῦς
1562 2047 1648 2091 τις
1700 2025 1768 2100 ἦν
1796 2029 1854 2096 ἐξ

275 2116 539 2167 ἁπάντων
600 2116 668 2168 δι’
715 2118 999 2186 εὐφημίας
1036 2119 1381 2188 ποιουμένων
1430 2121 1521 2174 τὸν
1574 2122 1853 2190 μάρτυρα.

287 2206 347 2259 '0
384 2207 483 2276 μὲν
513 2202 607 2259 οὖν
658 2207 815 2276 ἅγιος
865 2210 1279 2263 ἑνεκέκλειστοο
1338 2212 1439 2281 τὴν
1487 2212 1544 2265 δὲ
1600 2214 1855 2279 γλῶσσαν

270 2300 395 2351 οὐδὲ
418 2300 593 2362 οὕτως
619 2296 732 2370 εἶχε
760 2301 1003 2367 σιγῶσαν
1028 2304 1122 2355 καὶ
1157 2303 1267 2354 τῶν
1295 2304 1375 2364 εἰς
1393 2304 1635 2373 Χριστοῦ
1670 2305 1856 2373 ὕμνων

272 2390 663 2458 ἀπεχομένην·
701 2390 900 2458 ἔψαλλε
931 2390 1041 2460 γάρ
1063 2407 1076 2420 ·
1120 2409 1138 2442 ι
1172 2392 1423 2456 Ἐσωσας
1452 2397 1621 2463 ἡμᾶς,
1659 2396 1853 2464 Κύριε,

272 2486 337 2535 tt
386 2484 493 2535 τῶν
524 2483 821 2537 θλιϐόντων
872 2484 1041 2553 ήμὶς,
1102 2485 1346 2548 καὶτοὺς
1383 2486 1686 2555 μισοῦντας
1708 2490 1855 2557 ἡμᾶς

271 2576 645 2645 κατῄσχυνας.
706 2575 966 2639 Ἠνοιξας
1022 2579 1080 2629 ἰν
1133 2578 1480 2648 παραϐολαῖς
1537 2580 1604 2632 τὲ
1681 2582 1857 2650 στόμα

274 2668 458 2738 ημῶν,
510 2669 608 2721 καὶ
649 2668 1038 2739 ἐφθεγξάμεθα
1094 2669 1462 2740 προϐλήματα
1508 2672 1787 2742 ἁπαρχῆς.
1833 2691 1852 2726 ι

351 2804 453 2858 lB'.
507 2808 565 2859 Ὀ
608 2804 795 2873 μέντοι
834 2808 1099 2877 ἔπαρχος,
1130 2808 1492 2877 λογισάμενος
1522 2811 1720 2862 ὁπόσον
1755 2810 1857 2877 μὲν

279 2902 346 2952 ἐκ
376 2898 603 2970 πρώτης
636 2903 832 2970 πείρας
860 2903 892 2971 ἡ
932 2901 1089 2965 πόλις
1123 2902 1374 2967 κατέγνω
1419 2901 1610 2967 αὐτοῦ,
1654 2903 1857 2956 ὁπόσον

271 2992 329 3045 δὲ
366 2993 781 3062 καταγνώσεται
840 2992 1031 3062 μαθὼν
1087 2994 1182 3045 καὶ
1213 2993 1241 3045 ὁ
1286 2992 1563 3062 βασιλεὺς,
1615 2996 1708 3047 καὶ
1738 3012 1860 3063 σχε-

274 3086 506 3149 τλιάσας
535 3087 595 3137 οὐ
631 3086 846 3155 μικρῶς
876 3085 962 3138 διὰ
1006 3085 1204 3150 ταῦτα,
1259 3086 1443 3153 σχεδὸν
1478 3089 1735 3150 ἀπόσιτος
1767 3086 1855 3157 ἦν.

1954 648 2008 701 in
2042 648 2111 704 iis
2139 664 2263 718 qua:
2290 651 2359 704 ab
2390 651 2510 720 ipso
2545 649 2685 705 ﬁunt
2717 670 2731 705 :
2768 652 3128 722 cognovisses
3166 652 3285 724 ipse
3315 665 3537 722 quoque

1954 740 2268 799 veritatem.
2301 745 2346 796 si
2378 745 2543 798 simul
2577 744 2870 811 adfuisses,
2901 754 2957 800 et
2991 745 3139 812 quod
3179 761 3285 800 non
3318 755 3538 815 oportet

1953 836 2124 890 alium
2179 837 2501 891 existimare
2545 847 2600 892 et
2659 837 2892 893 adorare
2954 839 3149 905 Deum,
3204 854 3367 908 quam
3416 839 3537 909 ejus

1954 929 2152 1001 Deum.
2185 930 2483 985 Reveritus
2513 940 2697 984 autem
2739 930 3036 1000 praefectus
3072 930 3315 987 civitatis
3362 930 3535 984 ﬁden-

1957 1024 2110 1085 tiam,
2159 1032 2214 1077 et
2249 1022 2510 1092 loquendi
2566 1024 2901 1088 libertatem,
2956 1033 3013 1079 et
3071 1024 3267 1080 videns
3315 1038 3536 1078 omnem

1956 1117 2071 1172 fere
2133 1117 2398 1187 populum
2448 1117 2513 1170 ad
2562 1117 2840 1172 Christum
2883 1118 3212 1184 declinasse,
3264 1128 3321 1172 et
3373 1118 3539 1172 ivisse

1958 1207 2012 1261 in
2050 1208 2271 1261 athleta-
2300 1208 2659 1269 senteutiam,
2695 1218 2751 1262 ct
2782 1224 3026 1271 servare,
3064 1208 3285 1279 nequid
3324 1207 3449 1262 novi
3483 1208 3537 1261 in

1959 1298 2015 1352 in
2049 1314 2175 1351 eum
2211 1299 2487 1352 audcalur
2521 1311 2614 1353 :et
2664 1300 2861 1369 partim
2910 1300 3136 1370 quidem
3192 1315 3300 1353 non
3348 1309 3544 1366 potens

1958 1388 2148 1442 dicere
2184 1398 2377 1444 contra
2418 1392 2731 1453 veritatem,
2768 1392 2966 1459 partim
3016 1407 3151 1447 vero
3200 1391 3367 1446 etiam
3412 1405 3543 1444 eru-

1960 1480 2193 1535 bescens
2237 1498 2363 1535 eum
2424 1484 2641 1552 punire,
2702 1484 2797 1553 qui
2848 1483 3101 1537 veritatis
3148 1482 3378 1536 verbum
3430 1490 3541 1534 tam

1960 1582 2109 1626 recte
2146 1575 2439 1634 tractabat,
2477 1585 2538 1627 ut
2565 1589 2759 1628 omnes
2790 1574 2883 1643 qui
2911 1574 3163 1636 aderant,
3200 1572 3250 1626 ei
3286 1579 3546 1642 parerent

1960 1669 2017 1715 et
2070 1661 2404 1725 crederent,
2463 1661 2880 1731 perturbatione
2936 1664 3133 1732 plenus
3184 1672 3241 1715 et
3294 1660 3539 1724 tristitia,

1957 1753 2115 1823 jubet
2150 1766 2406 1808 sanctum
2444 1769 2634 1808 rursus
2673 1753 2900 1809 includi.
2954 1754 3211 1809 Surrexit
3244 1768 3378 1825 ergo
3412 1767 3543 1821 pre-

1967 1850 2116 1902 tinus
2149 1862 2177 1900 a
2213 1846 2497 1907 tribunali,
2530 1856 2585 1900 et
2614 1846 2827 1900 dimisit
2864 1846 3170 1910 theatrum,
3205 1855 3261 1901 et
3294 1862 3323 1901 a
3367 1856 3546 1901 certa-

1962 1941 2110 1994 mine
2151 1940 2312 1993 simul
2364 1939 2571 1992 eﬂluxit
2637 1941 2872 2008 populus
2913 1950 2969 1993 et
3026 1940 3344 1994 universum
3391 1940 3544 1993 thea-

1966 2043 2110 2087 trum
2147 2047 2159 2079 :
2197 2043 2252 2087 ct
2297 2048 2488 2086 eorum
2546 2033 2793 2086 omnium
2829 2032 3125 2087 emanabat
3173 2032 3396 2101 quidam
3450 2048 3543 2086 sn-

1963 2141 2175 2188 surrus,
2214 2135 2505 2195 martyrem
2556 2126 2814 2179 laudibus
2859 2124 3333 2195 prosequentium.
3364 2125 3544 2194 Atque

1966 2225 2192 2269 sanctus
2224 2213 2449 2283 quidem
2481 2225 2597 2267 erat
2642 2215 2932 2279 inclusus;
2968 2215 3207 2284 linguam
3243 2223 3423 2269 autem
3475 2231 3544 2269 ne

1967 2305 2047 2359 sic
2100 2304 2325 2373 quidem
2376 2304 2617 2359 habebat
2664 2315 2959 2369 tacentem,
3010 2315 3066 2359 et
3121 2305 3189 2359 ab
3238 2306 3457 2377 hymnis
3490 2307 3542 2360 in

1964 2396 2244 2450 Christum
2265 2397 2653 2451 abstinentem.
2682 2417 2699 2447 ι
2731 2397 2999 2453 Liberasti
3023 2414 3140 2463 nos,
3178 2399 3430 2459 Domine.
3467 2399 3535 2450 ab

1967 2489 2343 2557 amigentibus
2377 2505 2501 2551 nos,
2536 2499 2591 2543 et
2643 2504 2739 2543 eos
2768 2491 2859 2558 qui
2890 2506 2991 2544 nos
3025 2490 3295 2555 oderunt,
3332 2489 3545 2559 pudore

1967 2581 2199 2635 aﬂecisti
2236 2582 2303 2632 ¹⁶.
2332 2581 2609 2649 Aperuisti
2662 2582 2716 2635 in
2755 2581 3029 2649 parabolis
3058 2597 3121 2636 os
3179 2590 3455 2646 nostrum,
3491 2589 3546 2637 et

1966 2675 2136 2729 locuti
2170 2688 2363 2729 sumus
2397 2673 2809 2743 propositiones
2839 2673 2907 2726 ab
2934 2672 3095 2727 initio
3126 2673 3170 2727 ⁸.
3214 2691 3230 2723 i

2038 2810 2153 2865 Xll.
2193 2809 2498 2864 Prml’ectus
2535 2817 2719 2862 autem
2779 2816 3043 2877 reputans
3078 2845 3094 2870 ,
3157 2817 3425 2875 quantum
3480 2819 3545 2860 ex

1968 2904 2143 2971 prima
2212 2901 2437 2969 quidem
2500 2900 2843 2969 experientia
2904 2914 3032 2953 eum
3124 2898 3549 2952 condemnasset

1968 2994 2185 3057 civitas,
2215 3003 2486 3062 quantum
2526 3009 2658 3047 vero
2683 2992 2757 3048 sit
2793 3008 2919 3047 eum
2952 2992 3120 3046 etiam
3149 2991 3548 3046 condemnatu-

1971 3102 2065 3140 rus
2096 3088 2419 3156 imperator,
2463 3102 2587 3141 cum
2626 3088 2927 3157 acceperit,
2975 3097 3031 3139 et
3084 3102 3192 3138 non
3246 3099 3437 3154 parum
3489 3098 3549 3137 se

274 3176 468 3243 Ὅμως
501 3176 628 3238 τούς
662 3175 868 3238 ὕπνους
925 3178 1126 3239 αὐτοὺς
1182 3176 1377 3245 σκέψιν
1446 3178 1709 3246 θέμενο·,
1765 3180 1855 3229 καὶ

1969 3180 2257 3244 aillictans,
2304 3178 2706 3247 propemodum
2779 3178 2883 3233 sibi
2950 3176 3231 3231 indicebat
3284 3174 3545 3229 inediam.

278 3270 464 3319 πᾶσαν
491 3271 570 3328 εἰς
598 3268 758 3319 τοῦτο
790 3269 889 3337 τὴν
923 3268 984 3319 νύ
1000 3286 1099 3322 ‹τα
1126 3269 1448 3336 διενεγκὼν,
1500 3274 1622 3323 ἐπεὶ
1677 3274 1858 3343 ήμέρα

1960 3272 2097 3326 Cum
2136 3281 2318 3325 tamen
2353 3270 2499 3338 apud
2528 3285 2585 3323 se
2611 3270 2878 3340 cogitaret
2905 3268 3137 3328 somnia,
3166 3276 3221 3321 et
3248 3276 3358 3321 tota
3388 3275 3548 3319 nocte

273 3362 598 3430 διηύγαζεν,
659 3362 861 3431 ἡκουσε
901 3362 957 3413 δὲ
994 3363 1077 3414 ὅτι
1133 3362 1230 3414 καὶ
1293 3362 1453 3426 αὖθις
1516 3364 1575 3417 τὸ
1625 3366 1857 3431 θέατρον

1963 3382 2025 3419 ea
2058 3375 2241 3419 mente
2270 3373 2540 3426 versaret,
2593 3373 2880 3431 postquam
2925 3361 3127 3424 illuxit,
3156 3359 3365 3413 audivit
3415 3372 3547 3411 vero

272 3456 584 3525 ᾗοροισται,
610 3457 703 3505 καὶ
742 3453 1073 3522 ὐπερὸἁλ).ει
1103 3454 1202 3523 τήν
1232 3455 1361 3524 χθὲς
1405 3457 1861 3526 πολυανθρωπίαν

1968 3467 2360 3526 congregatum
2404 3470 2598 3509 rursus
2624 3470 2747 3508 esse
2790 3454 3090 3513 theatrum,
3138 3461 3194 3505 et
3230 3451 3546 3504 hesternam

274 3547 549 3618 ἐπιθυμίᾳ
576 3546 674 3610 τῆς
706 3545 898 3615 κοινῆς
929 3546 1109 3614 πάλης
1142 3546 1255 3599 τῶν
1295 3548 1470 3615 λόγων
1509 3549 1602 3601 καὶ
1635 3550 1732 3618 τῆς
1766 3549 1861 3602 τοῦ

276 3639 516 3709 ἀθλητοῦ
554 3639 924 3707 πιθανότητος
947 3680 960 3700 ,
1003 3640 1185 3691 πάντα
1214 3638 1385 3693 τᾶλλα
1416 3641 1680 3710 δευτέρας
1714 3631 1857 3693 εἶναι

276 3732 561 3803 φροντίδος
591 3731 786 3794 εἰπὼν,
819 3732 1071 3785 ἐκάθισεν
1103 3732 1195 3783 ἐπὶ
1226 3730 1495 3801 βήματος.
1530 3734 1861 3803 Περιειστή-

276 3842 367 3879 κει
397 3824 454 3877 δὲ
500 3826 648 3877 ᾰπαν
677 3824 739 3875 τὸ
785 3823 1147 3895 δορυφορικὸν
1193 3826 1526 3894 ἔκπληκτον,
1573 3825 1863 3893 προέκειτό

275 3932 337 3969 τε
398 3916 489 3967 ὐπ’
550 3916 671 3985 θψιν
726 3916 836 3968 πᾶν
871 3917 922 3967 εἰ
948 3932 1001 3966 τι
1056 3916 1337 3978 κολάσεως
1384 3916 1641 3985 ὄργανον,
1695 3916 1860 3969 αὐτοῦ

275 4008 444 4061 τοῦτο
493 4008 873 4071 κελεύσαντος,
929 4010 1072 4062 ὥστε
1119 4008 1239 4071 δέος
1263 4008 1568 4078 ἑμποιῆσαι
1599 4008 1676 4078 τῷ
1720 4009 1862 4078 μάρ-

276 4116 429 4165 τυρι.
475 4098 563 4161 Ὠς
592 4098 685 4150 οὖν
719 4098 864 4151 οὕτω
915 4096 1115 4161 ταῦτα,
1165 4098 1260 4151 καὶ
1314 4102 1343 4150 ὁ
1392 4099 1550 4167 ἆγιος
1603 4101 1863 4167 σχοινίοις

278 4190 551 4253 διαδεθελς
612 4190 866 4259 εἰσήχθη,
914 4190 943 4242 ό
979 4188 1223 4261 ἔπαρχος
1270 4189 1407 4260 ἔφη’
1458 4191 1600 4258 Λέγε
1627 4209 1719 4258 μοι
1770 4192 1858 4251 σὺ.

279 4283 587 4351 κατάρατε,
663 4284 792 4353 ποίᾳ
841 4282 999 4352 τύχῃ,
1034 4282 1421 4353 τεθαρρηκὼς,
1468 4285 1549 4345 εἰς
1607 4282 1863 4335 τοσοῦτον

272 4380 488 4446 τόλμης
518 4375 828 4447 προήχθης,
874 4375 949 4436 ὼς
998 4379 1345 4444 παραπεῐσαι
1397 4376 1498 4445 μὲν
1546 4376 1640 4427 τὸν
1693 4377 1865 4444 δῆμον

278 4472 536 4535 ἑξουσέας
570 4471 873 4525 ἀπονεῦσαι
902 4469 1215 4538 βασιλικῆς,
1245 4472 1529 4522 κατειπεῖν
1583 4470 1640 4521 δὲ
1669 4470 1864 4541 ἀνέδην

280 4567 379 4618 καὶ
431 4564 541 4616 τῶν
591 4562 755 4627 θεῶν,
804 4563 1075 4633 φρονῆσαι
1107 4562 1163 4615 δὲ
1196 4561 1267 4615 τὰ
1300 4563 1392 4627 σὰ,
1428 4563 1523 4615 καὶ
1557 4560 1731 4626 οὕτως
1778 4562 1864 4626 ἐξ·

280 4657 457 4710 ἁπινα
481 4656 580 4725 τῆς
616 4657 718 4725 σῆς
747 4657 865 4723 ἅμα
897 4661 995 4709 καὶ
1039 4655 1291 4725 γλώττης
1351 4656 1444 4708 καὶ
1464 4656 1692 4724 γνώμης
1742 4656 1866 4724 ῐχε-

196 4806 197 4809 η
283 4751 436 4812 σθαι,
471 4750 565 4801 καὶ
600 4749 661 4801 τδ
691 4748 818 4813 ξένα
866 4747 1196 4818 θρησκεύειν
1238 4746 1723 4817 διεγκαλούμενος,
1775 4747 1866 4800 ἐά-

279 4844 391 4904 λως
429 4845 523 4895 καὶ
567 4842 861 4912 τυραννίδα
912 4838 1354 4912 μεμελετηκώςς
1400 4839 1544 4911 Πρὸς
1603 4839 1775 4892 ταῦτα
1839 4842 1867 4893 ὁ

284 4935 468 5002 ἅγιος,
505 4935 629 4987 Ὀτι
653 4933 715 4987 οὐ
747 4935 1025 5002 τυραννὶς,
1059 4929 1235 4997 εἶπεν,
1265 4931 1495 5001 ῑπαρχε,
1536 4931 1604 4983 τὸ.
1635 4932 1769 5000 ὶμὰ,
1805 4932 1866 4985 τὸ
1890 4922 1903 4951 λ’

288 5028 519 5095 μέτριον
546 5024 701 5077 τουτὶ
725 5023 912 5093 σχῆμα
962 5022 1047 5090 ἐφ’
1080 5014 1143 5074 οὗ
1176 5038 1281 5090 περ
1334 5016 1491 5091 εὗρες
1539 5023 1707 5090 ἡμᾶς,
1754 5024 1860 5092 πρῦ

282 5114 424 5181 ἐμοῦ
459 5130 542 5166 σοι
589 5114 1017 5182 ἁπολελόγηται.
1081 5110 1187 5164 Τὸν
1232 5110 1402 5179 δῆμον
1458 5108 1515 5161 δὲ
1544 5110 1645 5161 οὐκ
1700 5110 1864 5171 αὐτὸς

284 5206 589 5261 ἁπονεῦσαι
616 5207 954 5276 παρέπεισα,
991 5204 1108 5257 ἀλλ’
1140 5206 1167 5256 ὁ
1198 5204 1360 5270 ζῆλος
1390 5201 1485 5255 τοῦ
1515 5202 1603 5255 διὰ
1628 5200 1737 5254 τῶν
1769 5218 1867 5272 ση-

286 5300 457 5369 μείων
514 5298 948 5367 ὲπιγνωσθέντος
1004 5298 1188 5357 αὐτοῖς
1254 5295 1415 5349 Θεοῦ.
1484 5297 1759 5348 Κατεϊπον
1808 5296 1864 5348 δὲ

285 5395 398 5446 τῶν
430 5393 539 5446 σῶν
569 5410 629 5445 τε
660 5393 758 5446 καὶ
804 5392 901 5444 τοῦ
934 5390 1200 5461 βασιλέως
1240 5390 1402 5451 θεῶν,
1458 5390 1540 5442 ὅτι
1574 5390 1656 5441 δεῖ
1686 5390 1862 5442 πάντα

281 5488 577 5555 ἄνθρωπον
611 5487 756 5557 λόγῳ
807 5487 902 5539 καὶ
932 5486 1114 5553 κρίσει
1150 5482 1486 5553 φωράταντα
1526 5483 1586 5536 τὸ
1640 5483 1857 5552 ψεῦδος,

279 5582 420 5634 αὐτὸ
458 5580 557 5650 μὲν
587 5578 983 5650 μυσάττεσθαι,
1046 5577 1149 5645 τὴν
1201 5575 1465 5644 ἀλήθειαν
1510 5576 1567 5629 δὲ
1616 5592 1860 5646 προσκυ-

359 5786 397 5814 ³·
437 5782 575 5837 Psal.
605 5797 750 5845 xuii,
783 5783 833 5834 8.
914 5782 933 5811 '
966 5780 1107 5836 Psal.
1132 5795 1333 5843 uxvn,
1369 5778 1420 5831 9..

1964 3566 2228 3618 superare
2267 3548 2553 3602 hominum
2598 3547 2963 3617 frequentiam
2991 3543 3267 3598 desiderio
3297 3556 3546 3596 commu-

1964 3645 2050 3695 nis
2082 3643 2133 3695 iu
2162 3642 2399 3695 dicendo
2428 3638 2826 3702 contentionis,
2849 3648 2905 3692 et
2933 3639 3155 3693 athletae
3178 3634 3545 3707 probabilita-

1967 3736 2057 3796 tis,
2103 3734 2442 3801 ri‘liquarum
2492 3747 2679 3786 rerum
2723 3746 2911 3785 curam
2946 3731 3137 3785 dicens
3169 3742 3290 3783 csse
3320 3726 3548 3797 postha-

1968 3828 2222 3887 liendzun,
2250 3825 2395 3878 sedit
2418 3827 2472 3877 in
2517 3824 2799 3879 tribunali.
2832 3822 3332 3877 Circumsistebant
3357 3832 3550 3873 omnes

1966 3920 2233 3973 satellites
2284 3918 2547 3978 attoniti,
2607 3926 2663 3971 et
2720 3916 3123 3985 subjiciebatur
3182 3914 3305 3984 ejus
3370 3912 3549 3967 oculis

1945 4008 2261 4077 'quodlibet
2324 4008 2755 4060 instrumentum
2819 4007 3023 4059 factum
3090 4006 3156 4058 ad
3211 4005 3551 4073 torquendos

1968 4101 2224 4153 homines
2253 4099 2351 4167 (ita
2383 4098 2532 4151 enim
2558 4099 2799 4167 jusserat
2832 4096 3229 4165 Hermogenes,
3259 4107 3318 4149 ut
3341 4104 3547 4148 metum

1971 4193 2193 4247 ail'erret
2221 4190 2802 4261 Inartyri).Postquam
2837 4203 2969 4258 ergo
2998 4188 3117 4242 haec
3142 4187 3283 4241 facta
3314 4196 3468 4246 sunt.
3495 4196 3552 4241 ct

1968 4285 2324 4340 introductus
2358 4290 2447 4337 est
2476 4293 2701 4335 sanctus
2733 4281 2949 4334 vinctus
2978 4280 3226 4339 Itinibus,
3248 4278 3380 4332 dicit
3414 4293 3549 4345 pne-

1970 4376 2144 4429 fectus
2176 4392 2189 4428 :
2217 4374 2313 4428 Dic
2346 4373 2479 4426 mihi
2513 4383 2591 4435 tu,
2635 4370 2992 4431 exsecrandc,
3042 4384 3278 4437 quanam
3330 4368 3549 4422 iortuna

1974 4468 2173 4531 fretus,
2210 4483 2278 4520 eo
2301 4465 2620 4537 processisti
2657 4462 2924 4523 andacia:,
2978 4472 3038 4514 ut
3074 4461 3278 4529 populo
3324 4459 3547 4529 quidem

1972 4559 2362 4629 persuaderes,
2398 4565 2511 4609 uta
2551 4565 2821 4624 potestate
2855 4553 3117 4607 deﬁceret
3159 4549 3509 4620 imperatoris
3532 4587 3549 4611 ,

1974 4652 2325 4720 impudenter
2356 4656 2539 4703 autem
2564 4649 2672 4704 diis
2701 4648 3039 4710 detraheret,
3076 4656 3131 4701 et
3158 4656 3305 4699 tuam
3338 4652 3553 4698 teneret

1970 4745 2329 4803 sententiam,
2378 4752 2435 4796 et
2480 4740 2559 4793 sic
2594 4750 2821 4810 repente
2867 4749 2971 4793 tua:
3030 4740 3229 4807 lingua:
3268 4735 3549 4802 mentique

1972 4837 2373 4891 adhaeresceret
2401 4850 2417 4887 :
2447 4843 2504 4886 et
2531 4833 2821 4886 convictus
2849 4846 2908 4885 es
2951 4830 3202 4883 criminis
3243 4826 3549 4896 peregrinae

1971 4946 1999 4981 a
2030 4941 2081 4983 te
2113 4927 2440 4981 introducta:
2472 4924 2778 4994 religionis,
2820 4932 2876 4976 et
2906 4920 3172 4974 aﬂ‘ectata:
3202 4913 3545 4987 tyrannidisi

1972 5023 2052 5078 Ad
2086 5023 2198 5075 [nec
2222 5027 2447 5075 sanctus
2475 5035 2488 5070 :
2513 5016 2667 5083 Quod
2700 5014 3043 5085 tyrannidem
3074 5012 3318 5081 quidem,
3346 5010 3545 5077 inquit,

1973 5132 2080 5170 non
2115 5114 2388 5175 affectent,
2425 5109 2743 5163 moderatus
2775 5106 2887 5169 hic,
2921 5106 2974 5160 in
3005 5119 3115 5173 quo
3146 5118 3231 5156 me
3266 5098 3546 5158 invenisti.

1975 5208 2198 5262 habitus
2228 5213 2356 5258 ante
2389 5218 2476 5257 me
2506 5216 2605 5270 pro
2636 5214 2723 5253 me
2755 5195 3065 5268 respondit.
3098 5193 3369 5263 Populum
3413 5205 3546 5243 veto

1974 5316 2082 5352 non
2126 5299 2241 5367 ipse
2274 5293 2518 5365 persuasi
2554 5292 2817 5355 deiicere,
2858 5289 2951 5343 sed
2990 5287 3140 5342 zelus
3173 5285 3284 5347 Dei,
3319 5282 3415 5353 qui
3452 5297 3549 5349 per

1970 5392 2122 5457 signa
2157 5392 2225 5443 ab
2268 5388 2350 5442 eis
2383 5387 2486 5440 fuit
2518 5385 2760 5452 agnitus.
2809 5382 2883 5435 De
2923 5380 3031 5434 tuis
3056 5389 3239 5432 autem
3276 5382 3333 5430 et
3365 5376 3533 5441 impe-

1972 5482 2175 5536 ratoris
2196 5480 2303 5534 diis
2326 5478 2464 5532 male
2493 5476 2629 5539 dixi,
2667 5475 2813 5544 quod
2850 5482 3065 5542 oportet
3093 5483 3314 5523 onmem
3357 5465 3503 5521 homi

1973 5589 2119 5637 ncm,
2150 5587 2276 5627 cum
2314 5570 2522 5625 ratione
2556 5578 2609 5624 et
2637 5568 2850 5640 judicio
2874 5568 3066 5621 falsum
3086 5562 3534 5633 deprehenderit,
