4260 6430
741 381 850 441 383

1978 369 2266 430 MENSIS
2312 365 2749 426 DECEMBER.

3901 354 4007 419 εει

745 505 925 572 ipsum
948 501 1172 570 quidem
1206 497 1503 555 exsecrari.
1531 495 1761 549 adorare
1799 501 1983 546 autem
2011 492 2321 543 veritatem.
2355 492 2396 544 Α

2355 486 2558 544 Ανεῖν.
2601 482 2855 552 ’Δλήθεια
2906 480 2963 533 δὲ
3020 479 3172 547 παρὰ
3232 475 3568 546 ἀνθρώποις,
3627 474 3856 545 ἔπαρχε,
3919 474 4015 528 άν-

745 593 959 650 Veritas
993 607 1146 647 vero.
1177 605 1210 644 o
1245 590 1520 657 praefecte,
1573 589 1718 655 apud
1777 584 2046 645 homines,
2090 581 2158 635 de
2214 594 2320 647 qua

747 703 857 742 non
896 695 984 742 est
1016 683 1407 742 dubitandum.
1439 690 1527 734 est
1557 680 1672 747 ipse
1693 677 1969 731 Christus.

819 776 957 832 Xlll.
1003 775 1304 832 Pml‘ectns
1346 787 1476 825 vero
1515 771 1654 825 dixit
1697 787 1710 821 :
1767 768 1881 821 lloc
1913 767 2011 821 tibi
2056 767 2130 819 ita
2167 763 2323 816 vide-

751 881 862 930 tur,
895 883 930 922 o
959 868 1208 922 demens.
1249 863 1407 930 Quod
1439 863 1587 917 enim
1646 876 1755 913 non
1791 868 2013 927 oportet
2051 858 2237 910 colere
2271 863 2328 908 et

749 958 984 1011 adorare
1022 953 1383 1014 Cruciﬁxum,
1417 962 1472 1006 et
1504 949 1648 1019 quod
1679 957 2019 1017 nugae-erant
2048 956 2104 999 ct
2137 947 2330 998 inanes

747 1064 1056 1111 sermones,
1089 1061 1436 1116 quaecunque
1461 1061 1491 1098 a
1527 1053 1577 1096 te
1609 1042 1728 1097 heri
1759 1041 1904 1094 dicta
1938 1049 2090 1101 sunt,
2132 1054 2196 1091 ex
2225 1037 2327 1090 hoc

749 1140 981 1209 patebit.
1034 1139 1267 1205 Quando
1321 1137 1507 1197 enim,"
1549 1149 1676 1188 cum
1745 1147 1848 1202 ego
1895 1129 2116 1198 aliquod
2172 1138 2325 1180 tuum

751 1232 1058 1285 membrum
1103 1244 1423 1287 exsecuero.
1479 1237 1574 1282 ant
1620 1239 1904 1284 exussero,
1952 1232 2008 1275 tu
2053 1219 2146 1289 qui
2172 1218 2332 1274 Chri-

751 1332 895 1375 stum
929 1321 1153 1383 adoras,
1187 1336 1295 1373 non
1326 1318 1576 1388 potueris
1604 1315 1655 1369 id
1695 1315 2008 1376 restituere,
2047 1309 2329 1381 quomodo

753 1414 869 1467 haec
920 1415 1071 1466 visus
1126 1411 1299 1465 fueris
1345 1410 1472 1464 aliis
1523 1424 1715 1462 revera
1751 1407 1992 1470 dedisse,
2054 1420 2178 1474 qua:
2219 1417 2328 1457 non

756 1506 986 1575 pctuisti
1020 1505 1120 1558 tibi
1151 1504 1254 1573 ipsi
1288 1502 1526 1572 largiri?
1563 1501 1641 1554 Ad
1680 1502 1785 1553 hoc
1819 1500 2012 1552 annuit
2038 1498 2332 1550 universus

756 1596 1013 1665 papulus.
1046 1594 1286 1649 Sanctus
1314 1609 1446 1648 vero
1477 1592 1611 1646 dixit
1639 1610 1652 1644 :
1688 1591 1848 1658 Opto,
1883 1606 1916 1644 o
1950 1588 2232 1658 praafecte,
2268 1595 2330 1642 ut

757 1699 814 1740 tu
855 1689 909 1740 in
963 1703 1050 1741 me
1093 1687 1298 1745 Christi
1338 1685 1504 1740 facias
1543 1683 1875 1753 periculum.
1916 1681 2145 1736 Conﬁdo
2181 1681 2330 1736 enim

757 1780 875 1836 fore
902 1821 918 1844 ,
950 1791 1090 1835 utea
1129 1781 1401 1848 deposita,
1453 1793 1615 1848 quam
1653 1791 1800 1830 nunc
1840 1775 2102 1838 sustines,
2152 1774 2332 1843 digni-

757 1883 886 1936 tate,
957 1872 1072 1942 ipse
1121 1887 1343 1942 quoque
1403 1869 1651 1924 cernaris
1711 1881 1852 1922 unus
1897 1882 1965 1919 ex
2011 1867 2077 1919 iis
2127 1866 2331 1934 quibus

755 1963 1009 2018 Christus
1041 1964 1295 2032 imperat.
1317 1960 1617 2015 Prmfectus
1654 1960 1837 2026 itaque
1867 1967 1924 2010 et
1952 1971 2105 2009 suam
2138 1955 2332 2009 volens

761 2055 896 2108 iram
957 2054 1169 2117 ulcisci,
1208 2067 1436 2121 sperans
1478 2059 1662 2104 autem
1711 2048 1847 2109 fore,
1895 2057 1954 2101 ut
2001 2056 2226 2116 propter
2267 2060 2332 2100 ea

762 2162 880 2214 quae
917 2146 1152 2208 dixerat,
1189 2155 1439 2197 sanctum
1501 2145 1553 2195 in
1613 2141 1876 2195 omnibus
1925 2140 2284 2193 convinceret
2313 2177 2330 2200 ,

760 2236 920 2306 jubet
950 2250 1235 2288 carnosam
1269 2234 1414 2286 illam
1441 2243 1648 2302 partem
1676 2231 1875 2298 planta:
1903 2228 2124 2296 pedum,
2168 2242 2334 2296 super

759 2342 924 2395 quam
959 2327 1222 2381 collocata
1265 2334 1350 2379 est
1377 2332 1612 2392 utraque
1633 2321 1800 2383 basis,
1827 2321 2022 2390 gladiis
2039 2318 2331 2385 excoriari,

759 2429 815 2474 et
845 2421 926 2473 sic
959 2418 1254 2472 denudatis
1285 2417 1524 2479 ossibus,
1553 2425 1699 2468 stare
1731 2413 1908 2482 ipsum
1940 2412 2004 2465 ad
2050 2421 2239 2481 rugata
2264 2412 2334 2464 de

763 2511 871 2564 diis
909 2510 958 2564 ei
993 2507 1349 2579 proponenda
1384 2525 1399 2560 :
1433 2516 1493 2559 ut
1527 2505 1606 2559 sic
1639 2506 1873 2559 maxime
1907 2503 2154 2556 laborum
2182 2502 2338 2556 dolo-

2429 577 2763 644 αμφίὶεκτος
2792 576 2821 626 ὀ
2842 572 3100 643 Χριστός.

2505 751 2603 808 II".
2643 753 2704 804 '0
2736 753 2977 819 ἔπαρχος
3019 744 3140 802 εῐπε
3170 765 3184 780 ·
3221 749 3313 802 Σοὶ
3355 746 3519 802 τοῦτο
3572 747 3740 810 δοκεῖ,
3793 746 4016 812 ἀνόητε.

2441 846 2593 899 Ἐπεὶ
2624 845 2706 897 ὅτι
2731 861 2794 912 γε
2837 843 2898 896 ού
2926 842 3012 894 δεῖ
3046 842 3140 895 τὸν
3175 841 3637 910 Ἐσταυρωμένον
3669 837 3929 891 σέϐεσθαί
3951 853 4015 889 τε

2431 937 2528 989 καὶ
2559 937 2914 1004 προσκυνεῖν,
2946 936 3042 986 καὶ
3071 933 3146 995 ὡς
3180 932 3345 1001 λῆρος
3375 927 3444 1001 ἦν
3475 931 3570 984 καὶ
3630 930 3919 995 κενολογία
3944 931 4016 981 τά

2432 1028 2696 1098 λεχθέντα
2724 1027 2906 1080 πάντα
2936 1029 3000 1096 τῇ
3040 1025 3168 1096 χθὲς
3199 1025 3353 1095 παρὰ
3386 1022 3506 1085 σοῦ,
3534 1022 3594 1087 ἑξ
3627 1020 3802 1090 αὐτῆς
3831 1021 4019 1091 σήμε-

2433 1139 2526 1188 ρον
2582 1119 2739 1173 ἔσται
2803 1117 3140 1186 καταφανές.
3180 1117 3375 1171 Ὁπότε
3425 1116 3538 1186 γὰρ
3595 1113 3731 1184 ἐμοῦ
3769 1113 3933 1184 μέλος
3963 1127 4018 1163 τι

2432 1213 2541 1269 τῶν
2574 1214 2685 1266 σῶν
2734 1212 3110 1282 ἀποτεμόντας
3152 1210 3184 1279 ἢ
3250 1209 3578 1269 καύσαντος,
3623 1209 3653 1260 ὀ
3688 1202 4019 1276 προσκυνῶν

2434 1307 2498 1360 σὺ
2526 1305 2619 1360 τὸν
2643 1304 2879 1374 Χριστὸν
2924 1302 3268 1372 καταστῆσαι
3307 1299 3468 1354 τοῦτο
3499 1299 3575 1369 μὴ
3599 1297 3856 1368 δυνηθῇς,
3897 1297 4019 1356 πῶς

2431 1399 2499 1452 ἂν
2557 1395 2788 1465 ὀφθείης
2843 1394 3055 1465 ἑτέροις
3105 1393 3282 1447 ταῦτα
3331 1393 3432 1445 σὺν
3477 1391 3714 1460 ἀληθείᾳ
3768 1389 3918 1453 δοὺς,
3980 1387 4020 1442 ἃ.

2434 1488 2620 1556 σαυτῷ
2663 1485 3000 1557 χαρίσασθαι
3044 1484 3121 1555 μὴ
3168 1485 3504 1537 καθίστασαι
3551 1482 3811 1548 δυνατόςς
3845 1481 3954 1532 Καὶ
3990 1482 4021 1531 ὁ

2432 1581 2602 1648 δῆμος
2633 1580 2780 1643 ἄπας
2808 1579 2890 1638 είς
2914 1577 3075 1630 τοῦτο
3133 1576 3458 1628 ιπένευσεν.
3499 1573 3560 1626 ’0
3611 1573 3770 1640 ἆγιος
3821 1567 3980 1624 εἶπεν
4001 1586 4018 1602 ⁸

2435 1673 2704 1742 Εὖχομαι,
2739 1672 2974 1741 ἐπαρχε,
3025 1669 3261 1739 δοκιμὴν
3323 1671 3382 1722 εν
3436 1668 3560 1738 ἐμοί
3608 1683 3669 1719 σε
3708 1665 3898 1719 λαϐεῖν
3920 1662 4020 1715 τοῦ

2439 1765 2700 1835 Χριστοῦ.
2755 1763 3002 1817 Πέποιθα
3058 1763 3169 1834 γὰρ
3198 1760 3275 1825 ὡς
3305 1762 3510 1823 ἀποδὺς
3540 1758 3746 1820 εὐθέως
3790 1756 3820 1810 δ
3857 1755 4022 1824 περί-

2363 1841 2406 1897 Β
2433 1876 2618 1911 κεισαι
2659 1856 2755 1910 νῦν
2780 1856 3023 1924 ἀξίωμα,
3060 1849 3141 1916 εἷς
3199 1854 3293 1906 καὶ
3333 1853 3494 1914 αὐτὸς
3523 1851 3742 1921 ὀφθήσῃ
3769 1849 3881 1903 τῶν
3917 1850 4011 1916 αρ-

2436 1953 2682 2019 χομένων
2718 1952 2824 2004 ὑπὸ
2847 1946 3110 2019 Χριστοῦ.
3157 1947 3215 2000 Ὀ
3239 1945 3371 2014 γοῦν
3415 1945 3659 2013 ἔπαρχος
3701 1943 3802 2012 τήν
3826 1957 3886 1992 τε
3935 1941 4019 1992 oi-

2435 2046 2590 2098 κείαν
2627 2043 2800 2113 ὀργὴν
2848 2042 3135 2110 ἐκδικῆσαι
3183 2039 3386 2109 ζητῶν,
3418 2037 3648 2099 ἐλπίσας
3676 2035 3733 2087 δὲ
3783 2034 3878 2086 καὶ
3929 2035 4023 2083 τὶν

2437 2137 2593 2203 ἅγιον
2620 2137 2707 2204 ἐφ’
2737 2129 2819 2198 οἷς
2845 2136 3072 2204 εἴρηκεν
3119 2133 3211 2185 ἐπὶ
3247 2131 3464 2185 πάντων
3509 2127 3748 2194 ἐλέγξαι,
3807 2125 4025 2179 κελεύει

2436 2231 2496 2282 τὸ
2521 2229 2803 2298 σαρκῶδες
2855 2229 2979 2280 ὅλον
3006 2225 3096 2278 τοῦ
3144 2224 3255 2277 τῶν
3306 2222 3484 2276 ποδῶν
3514 2219 3680 2273 αὑτοῦ
3711 2219 4020 2288 πέλματος,

2435 2321 2519 2388 ἐφ’
2550 2316 2722 2389 οὗπερ
2775 2319 3011 2386 ἑκατέρα
3035 2318 3146 2370 τῶν
3169 2316 3380 2387 βάσεων
3444 2314 3681 2384 ἵδρυται,
3717 2311 4026 2380 μαχαίραις

2436 2413 2800 2481 άποδαρῆναι,
2857 2413 2952 2462 καὶ
3009 2410 3184 2471 οὓτως
3239 2409 3334 2460 ἰπὶ
3385 2408 3617 2475 γυμνοῖς
3651 2407 3764 2466 τοῖς
3810 2403 4026 2464 ὀστέοις

2437 2503 2574 2572 πρὸς
2616 2503 2715 2566 τὰς
2741 2503 2870 2571 περὶ
2899 2501 3038 2554 θεῶν
3074 2500 3379 2569 ἐρωτήσεις
3438 2497 3604 2551 αὐτὸν
3634 2495 3908 2557 ἵστασθαι,
3945 2494 4025 2555 ὡς

767 2616 1005 2670 rumque
1039 2601 1339 2655 acerbitate
1365 2599 1664 2668 perculsus,
1689 2597 1754 2648 ad
1796 2595 1973 2648 danda
1999 2608 2257 2662 responsa
2281 2601 2339 2646 et

765 2693 1058 2748 solvendus
1100 2691 1434 2761 quaestiones
1463 2689 1626 2743 facile
1658 2689 2047 2756 impediretur.
2099 2686 2337 2738 Sanctus

767 2795 999 2848 autem,
1078 2798 1202 2837 cum
1268 2781 1318 2835 ei
1381 2777 1898 2834 immisericorditer
1953 2792 2083 2830 caro
2141 2775 2335 2847 gladiis
2438 2799 2449 2815 ι

2438 2781 2547 2834 τῶν
2601 2779 3005 2850 προϐλημάτων
3064 2776 3306 2846 εὐχερῶς
3363 2773 3790 2846 συμποδίζηται.
3859 2771 3919 2824 Ὀ
3960 2769 4022 2820 δὲ

769 2876 1140 2937 scinderetur,
1190 2884 1246 2928 et
1298 2873 1589 2932 universae.
1640 2886 1760 2939 qua:
1799 2869 2163 2924 circumcirca
2219 2869 2339 2923 sita:
2443 2873 2451 2925 ἓ

2443 2873 2601 2941 ἅγιος
2660 2872 2834 2932 οὕτως
2883 2870 3129 2940 ἀνηλεῶς
3164 2871 3262 2938 τὴν
3312 2868 3493 2937 σάρκα
3542 2868 3663 2928 ταῖς
3723 2864 4029 2935 μαχαίραις

768 2974 974 3030 erant,
1048 2980 1201 3019 vena:
1265 2966 1314 3018 ei
1401 2971 1808 3031 rumperentur,
1889 2969 1946 3014 et
2022 2961 2338 3029 quicunque
2444 2984 2450 3013 ι

2444 2963 2911 3032 ὑποτεμνόμενος,
2964 2963 3065 3028 τήν
3094 2977 3156 3012 τε
3203 2958 3738 3028 συμπαρακειμένην
3803 2955 4029 3007 ἃπασαν

775 3059 929 3112 nervi
984 3065 1193 3111 motum
1253 3055 1705 3109 administrantes
1758 3054 2107 3122 congenerati
2159 3061 2337 3116 erant.
2444 3072 2457 3121 ι

2444 3055 2618 3123 φλέϐα
2669 3053 3199 3122 συνεκρησσόμενος,
3257 3050 3636 3117 διασπώμενος
3692 3048 3746 3100 δὲ
3796 3047 4030 3097 καὶτῶν

769 3151 1191 3214 divellerentur,
1229 3163 1422 3216 parum
1458 3146 1680 3215 quidem
1719 3145 2136 3214 ingemiscebat,
2162 3147 2335 3214 gratia
2366 3177 2408 3232 ο
2444 3167 2451 3183 ι

2366 3177 2408 3232 C
2444 3147 2650 3218 νεύρων
2685 3149 2808 3199 ὅσον
2839 3148 2936 3214 τὴν
2969 3146 3187 3212 κίνησιν
3225 3143 3463 3196 διοικοῦν
3514 3141 3872 3211 συμπεφυκὸς
3932 3134 4026 3209 ἦν,

770 3242 1178 3310 quodammodo
1233 3240 1549 3297 recedente.
1613 3245 1668 3290 et
1715 3237 1974 3291 athletam
2035 3239 2333 3306 probante,
2441 3243 2452 3293 Ι

2441 3241 2624 3293 ἔστενε
2661 3238 2759 3303 μὲν
2806 3240 2890 3289 ἐπ’
2944 3237 3148 3302 ὀλίγον,
3185 3237 3281 3302 τῆς
3313 3235 3534 3303 χάριτος
3591 3232 3783 3302 ὥσπερ
3813 3233 4030 3300 ὑποχω-

771 3331 903 3398 quin
947 3330 1109 3382 etiam
1172 3329 1223 3382 ei
1276 3340 1604 3382 coronarum
1657 3326 1937 3393 praebente
1988 3326 2337 3379 occasionem
2446 3353 2453 3400 ι

2446 3329 2646 3400 ρούσης
2705 3328 2799 3380 καὶ
2852 3323 3264 3394 δοκιμαζούσης
3293 3325 3389 3378 τὸν
3423 3323 3691 3392 ἀθλητὴν,
3741 3323 3880 3376 ἀλλὰ
3932 3324 4029 3374 καὶ

771 3429 980 3488 (aperte
1008 3422 1156 3474 enim
1212 3419 1422 3472 fructus
1466 3417 1714 3471 laborum
1773 3427 1904 3470 sunt
1966 3424 2229 3487 coronae).
2268 3417 2338 3472 Se
2443 3440 2453 3472 ι

2443 3421 2726 3488 στεφάνων
2757 3419 3012 3485 ἀφορμὰς
3048 3417 3199 3486 αὐτῷ
3231 3415 3582 3484 παρεχούσης
3607 3427 3620 3442 ·
3679 3414 3886 3482 καρποὶ
3917 3415 4031 3480 γὰρ

2439 2594 2506 2648 ἂν
2557 2593 2700 2648 οὕτω
2729 2591 3064 2664 μάλιστατῷ
3092 2592 3278 2662 δριμεῖ
3319 2591 3428 2644 τῶν
3462 2590 3643 2643 πόνων
3665 2588 3767 2659 τὴν
3792 2586 4027 2656 καρδίαν

2442 2687 2794 2757 βαλλόμενος,
2831 2687 2969 2756 πρός
3001 2703 3062 2738 τε
3091 2685 3189 2745 τὰς
3233 2682 3556 2752 ἀποκρίσεις
3588 2682 3682 2733 καὶ
3714 2679 3812 2742 τὰς
3836 2678 4027 2735 λύσεις

770 3512 918 3564 ειιὶιη
953 3510 1168 3564 fortiter
1197 3509 1427 3578 gerebat
1472 3509 1739 3562 adversus
1783 3509 2023 3572 dolores,
2077 3521 2336 3579 tanquam

772 3603 886 3670 ipsa
925 3604 1094 3673 magis
1121 3605 1359 3664 adesset,
1394 3611 1450 3654 et
1482 3602 1659 3669 ipsum
1693 3610 2054 3664 sustentaret,
2097 3611 2154 3656 et
2196 3604 2341 3656 leva-

776 3704 1103 3748 retseusum
1131 3694 1404 3747 dolorum.
1441 3691 1739 3762 Postquam
1787 3702 1973 3746 autem
2017 3693 2121 3747 fuit
2150 3694 2340 3748 dimis-

770 3799 867 3836 sus
896 3797 927 3837 e
964 3784 1271 3842 tormentis.
1308 3782 1564 3851 protinus
1596 3781 1860 3836 exsiliens
1893 3794 2149 3846 sanctus,
2184 3783 2341 3838 stetit

771 3883 954 3928 rectus
1005 3889 1169 3941 super
1229 3873 1342 3926 sola
1397 3887 1521 3926 ossa
1563 3912 1578 3935 ,
1658 3891 1676 3922 ι
1706 3871 1808 3924 Pes
1839 3887 2018 3933 meus.
2078 3874 2336 3940 psallens,

770 3966 921 4020 stetit
968 3965 1022 4018 in
1072 3964 1452 4018 rectitudine:
1508 3965 1562 4017 in
1607 3964 1860 4017 ecclesiis
1893 3963 2214 4018 benedicam
2260 3976 2336 4028 te,

773 4058 998 4110 Domine
1030 4056 1072 4108 ⁸.
1140 4075 1158 4108 ι
1235 4055 1501 4109 Eﬂlnebat
1556 4065 1738 4110 autem
1798 4055 2042 4124 undique
2097 4070 2162 4110 ex
2222 4059 2341 4128 ejus

771 4149 1016 4217 vestigiis
1056 4162 1250 4216 magna
1310 4150 1392 4201 vis
1444 4147 1779 4216 sanguinis:
1831 4158 1889 4200 et
1941 4147 2058 4215 ipse
2116 4150 2339 4214 quidem

779 4242 962 4293 laetum
990 4242 1228 4296 habebat
1261 4241 1474 4293 vultum
1512 4259 1526 4294 :
1561 4225 1850 4294 ﬂorentem
1884 4255 2018 4293 vero
2047 4251 2102 4294 et
2148 4242 2339 4310 vigen-

777 4340 885 4384 tem
932 4332 1171 4385 habebat
1206 4333 1445 4384 animam
1478 4331 1744 4385 adversus
1781 4328 2070 4400 pericula:
2107 4330 2338 4385 liberam

776 4432 957 4476 autem
984 4423 1224 4492 linguam
1261 4424 1326 4477 ad
1357 4423 1743 4476 vehementius
1775 4424 2139 4492 arguendum,
2175 4440 2340 4492 quam

2445 3514 2621 3564 πόνων
2654 3511 2840 3577 σαφῶς
2898 3511 2946 3561 oi
2976 3509 3233 3575 στέφανοι
3257 3523 3270 3538 ⁸
3305 3508 3654 3576 ἐνεκαρτέρει
3679 3506 3733 3558 δὲ
3759 3507 3897 3574 πρὸς
3922 3506 4023 3565 τὰς

2442 3606 2766 3673 ἀλγηδνῐνας,
2817 3602 3009 3671 ῶσπερ
3069 3599 3355 3669 παρούσης
3406 3598 3609 3667 μᾶλλον
3665 3598 3873 3664 αὐτῆς,
3934 3600 4034 3648 καὶ

2445 3698 2935 3760 ὑποϐασταζούσης
2965 3693 3127 3744 αὐτὸν
3162 3692 3254 3744 καὶ
3286 3690 3658 3760 κουφιζούσης
3710 3688 3819 3740 τῶν
3847 3689 4033 3740 πόνων

2440 3789 2540 3857 τὴν
2573 3789 2849 3856 αῐσθησιν.
2891 3787 3046 3836 Ἐπεὶ
3104 3784 3160 3835 δὲ
3219 3782 3314 3835 καὶ
3369 3782 3468 3850 τῆς
3527 3781 3764 3849 βασάνου
3797 3778 4029 3846 ἀφείθη,

2440 3881 2798 3949 ἀναπηδήσας
2851 3879 3008 3937 εὐθὺς
3062 3878 3090 3928 ὀ
3125 3878 3299 3941 ἅγιος,
3341 3874 3432 3926 ἐπὶ
3493 3875 3677 3942 μόνοις
3731 3871 3864 3940 ἔστη
3915 3874 4031 3931 τοῖς

2440 3975 2647 4034 ὀστέοις
2709 3971 2911 4040 ϐρθιος,
2941 3989 2958 4020 ι
2999 3969 3059 4021 '0
3093 3967 3225 4029 ποῦς
3271 3983 3372 4035 μου
3405 3965 3535 4032 ἔστη
3584 3966 3641 4016 ὲν
3674 3963 3956 4032 εὖθύτητι,
4000 3982 4018 4012 ι

2440 4064 2689 4133 ψάλλων,
2731 4081 2748 4112 ι
2785 4065 2842 4114 ἐν
2904 4060 3228 4130 ἐκκλησίαις
3285 4057 3567 4125 εὐλογήσω
3605 4073 3701 4119 σε,
3760 4055 3956 4124 Κῦρε.
4003 4075 4020 4105 ι

2454 4157 2720 4225 ’Υπέρρει
2753 4153 2812 4205 δὲ
2841 4154 2949 4204 τῶν
2987 4151 3150 4220 ἰχνῶν
3175 4149 3340 4202 αὑτοῦ
3375 4147 3642 4202 πάντοθεν
3704 4147 3912 4213 πλῆθος
3946 4147 4032 4198 αἴ-

2447 4266 2613 4318 ματος
2635 4267 2647 4278 ·
2682 4249 2777 4299 καὶ
2809 4247 3041 4316 φαιδρὰν
3077 4245 3174 4312 μὲν
3201 4243 3366 4304 αὐτὸς
3391 4236 3502 4313 εἶχε
3536 4243 3635 4310 τὴν
3663 4241 3812 4310 ὄψιν,
3846 4244 4034 4309 ἀκμάς

2443 4341 2641 4404 ζουσαν
2705 4340 2760 4390 δὲ
2819 4340 2956 4406 πρδς
3016 4339 3140 4398 τοὺς
3194 4336 3476 4396 κινδύνους
3504 4334 3604 4403 τὴν
3640 4334 3894 4403 καρδίαν,
3931 4351 4033 4384 πει

2447 4431 2943 4501 παρῤησιασμένην
2974 4427 3029 4479 δὲ
3067 4428 3167 4496 τὴν
3201 4425 3449 4495 γλῶτταν
3481 4424 3619 4494 πρὸς
3657 4424 3881 4492 ἔλεγχον
3908 4426 4032 4476 τότε

778 4514 952 4584 prius.
979 4514 1197 4569 Nullum
1231 4527 1413 4569 autem
1443 4529 1570 4568 eum
1606 4513 1834 4569 omnino
1870 4515 2109 4569 terrebat
2141 4517 2345 4569 instru-
2377 4523 2420 4577 D
2452 4541 2460 4575 τ

2377 4523 2420 4577 D
2452 4524 2616 4576 πλέον
2648 4521 2679 4589 ἦ
2712 4524 2984 4591 πρότερον
3005 4539 3019 4553 ο
3074 4520 3500 4588 ἀκατάπληκτος
3547 4518 3605 4572 δὲ
3635 4514 3703 4588 ἦν
3742 4521 3836 4571 καὶ
3892 4521 4030 4588 πρὸς

776 4613 1022 4659 mentum
1093 4615 1521 4661 tormentorum.
1605 4607 1804 4663 Statim
1892 4623 2023 4678 ergo
2086 4609 2344 4664 manibus

775 4698 979 4766 plusit
1007 4698 1302 4761 theatrum,
1331 4708 1588 4768 tanquam
1617 4707 1770 4768 parta
1798 4701 2051 4755 victoria.

843 4788 987 4843 XIV.
1029 4790 1322 4844 Praefectus
1350 4799 1537 4844 autem
1565 4791 1728 4845 simul
1776 4801 1833 4845 et
1880 4792 2128 4861 cogitans
2165 4795 2341 4851 vitare

777 4879 1281 4949 reprehensiones,
1333 4891 1388 4934 et
1435 4881 1813 4936 adversarium
1874 4884 2107 4940 reddere
2167 4889 2338 4945 veluti

778 4969 1044 5023 inermem
1099 4980 1158 5024 et
1212 4970 1490 5037 inutilem,
1537 4973 1693 5041 jubet
1733 4975 1783 5027 ei
1820 4976 2003 5028 statim
2063 4981 2339 5046 amputari

776 5060 1017 5129 linguam
1055 5076 1122 5114 ex
1159 5062 1278 5130 ipso
1311 5071 1552 5132 gutture.
1601 5065 1838 5119 Sanctus
1881 5083 2053 5122 vero:
2086 5069 2338 5134 Etiamsi,

777 5151 977 5220 inquit,
1008 5155 1336 5209 exstinxeris
1359 5155 1591 5223 pupillas
1631 5172 1880 5211 meorum
1929 5161 2240 5227 oculorum,
2273 5178 2341 5218 ne

780 5245 859 5296 sic
882 5245 1103 5313 quidem
1138 5259 1238 5313 ego
1266 5247 1565 5301 oﬂ‘endam.
1599 5266 1618 5298 ι
1657 5248 1755 5302 Est
1779 5249 1924 5304 enim
1953 5251 2177 5307 lucerna
2208 5253 2344 5309 meis

779 5335 1013 5402 pedibus
1066 5336 1159 5390 lex
1220 5337 1425 5394 Christi
1450 5339 1491 5393 ⁸.
1525 5359 1541 5390 ι
1580 5339 1810 5395 Confido
1854 5352 2062 5409 autem,
2107 5345 2339 5411 dicens,

781 5427 928 5493 quod
989 5441 1278 5500 postquam
1339 5432 1456 5501 ipse
1510 5433 1751 5502 linguam
1803 5435 2062 5497 amisero,
2102 5447 2234 5492 tunc
2287 5448 2341 5492 lu

779 5518 1027 5586 lingum
1083 5523 1370 5590 suscipias,
1422 5524 1568 5578 clara
1625 5540 1759 5578 voce
1787 5535 2081 5580 canentem
2139 5527 2343 5584 Christi

780 5612 1069 5680 niagnaliz.
1137 5614 1427 5685 Postquam
1487 5632 1618 5670 vero
1671 5617 1905 5685 quadam
1967 5619 2217 5674 machina
2292 5630 2346 5676 et

856 5789 1038 5843 ’Psul.
1087 5807 1211 5852 xxv,
1262 5792 1339 5844 Ιθξ.
1417 5796 1435 5823 ⁸
1477 5791 1614 5847 l’sal.
1652 5809 1836 5857 cxmi,
1885 5794 1998 5847 l05.

2449 4616 2597 4668 ἆπαν
2619 4615 2998 4680 κολαστηρίων
3038 4613 3294 4681 δργανον.
3332 4612 3638 4682 Ἔκρότησε
3670 4613 3770 4681 μὲν
3802 4608 3899 4664 οὖν
3931 4613 4026 4664 εὐ-

2447 4705 2543 4768 θὺς
2574 4705 2650 4766 ὡς
2679 4707 2770 4756 ἐπὶ
2804 4707 2927 4774 νίκῃ
2957 4705 3015 4756 τὸ
3042 4705 3289 4772 θέατρον.

2523 4796 2622 4849 IA'.
2673 4796 2728 4849 '0
2757 4796 2811 4848 δὲ
2846 4796 3087 4864 ἔπαρχος
3140 4798 3198 4847 ἐν
3252 4794 3437 4863 ταυτῷ
3472 4810 3530 4846 τε
3592 4794 3720 4855 τοὺς
3770 4793 4032 4862 ἐλέγχους

2452 4889 2646 4954 φυγεῖν
2698 4886 3027 4954 διανοηθεὶς,
3075 4888 3171 4938 καὶ
3223 4885 3315 4939 τὸν
3375 4885 3790 4953 ἀνταγωνιστὴν
3839 4884 4032 4952 ῶσπερ

2453 4977 2652 5031 ἄοπλον
2678 4977 2853 5030 θεῖναι
2889 4977 2986 5030 καὶ
3015 4977 3329 5047 ἄπρακτον,
3368 4978 3444 5038 ὡς
3499 4976 3827 5046 εὐχείρωτον
3856 4975 4034 5036 οὕτως

2451 5069 2602 5138 αὐτῷ
2658 5071 2939 5139 ἐσόμενος,
2994 5069 3194 5121 αὐτίκα
3247 5069 3459 5122 κελεύει
3513 5069 3569 5133 ἐξ
3601 5066 3767 5119 αὑτοῦ
3799 5066 3895 5118 τοῦ
3927 5067 4032 5134 φά-

2457 5181 2656 5233 ρυγγος
2716 5163 3060 5231 ἐκτμηθῆναι
3115 5163 3215 5228 τὴν
3277 5161 3526 5228 γλῶτταν
3565 5161 3662 5213 τοῦ
3723 5161 4028 5229 μάρτυρος.

2455 5259 2564 5309 Καὶ
2623 5258 2650 5309 ὀ
2713 5257 2890 5321 ἆγιος,
2929 5256 2991 5306 Ei
3043 5257 3135 5307 καὶ
3180 5256 3280 5316 τὰς
3328 5254 3521 5322 κόρας,
3553 5253 3682 5321 ἔφη,
3743 5253 3852 5304 τῶν
3881 5251 4033 5319 ὲμῶν

2453 5347 2748 5417 ὀφθαλμῶν
2804 5347 3152 5410 ἀποσϐέσεις,
3186 5347 3303 5399 οὐδὲ
3352 5345 3526 5406 οὕτως
3557 5343 3667 5412 ἑγὼ
3709 5344 4030 5411 προσκόςζριοι.

2456 5457 2474 5488 ι
2492 5439 2695 5507 Δλύχνος
2710 5441 2818 5509 γὰρ
2835 5440 2943 5500 τοῖς
2963 5439 3115 5506 ἐμοῖς
3139 5438 3296 5499 ποσὶν
3315 5438 3341 5488 ὀ
3367 5437 3527 5502 νόμος
3553 5436 3580 5486 ὀ
3605 5433 3699 5485 τοῦ
3729 5431 4026 5500 Χριστοῦ.»

2454 5532 2783 5602 Τεθάρρηκα
2817 5531 2898 5588 δὲ,
2952 5530 3153 5596 λέγων,
3209 5529 3282 5588 ὼς
3335 5527 3553 5579 ἐπειδὰν
3602 5524 3866 5576 ἀποϐάλω
3925 5525 4030 5590 τὴν

2457 5623 2704 5689 γλῶτταν
2726 5622 2912 5685 αὐτὸς,
2939 5621 3060 5674 τότε
3093 5623 3154 5674 σὺ
3188 5621 3435 5690 γλῶτταν
3467 5617 3744 5687 ἀναλάϐῃς
3768 5614 4033 5682 εὐφώνως
