4260 6430
273 350 379 410 385

1169 351 1635 413 MAR'I‘YRIUM
1680 350 1738 407 S.
1784 348 2016 408 ΜΕΝᾹΞ
2060 349 2153 407 ΕΤ
2198 346 2609 408 SOCIORUM.

3430 350 3536 416 386

268 462 510 529 ᾄδουσαν
546 464 614 515 τά
653 463 924 530 μεγαλεῖα
978 463 1072 516 τοῦ
1129 463 1290 518 Θεοῦ.
1337 465 1492 534 Ἐπεὶ
1537 464 1595 514 δὲ
1632 466 1832 532 μηχανῇ

1884 472 1925 524 Α
1960 462 2145 515 studio
2196 462 2479 519 lictorum,
2533 461 2717 525 lingua
2770 460 2997 531 martyri
3025 462 3323 517 crudeliter
3352 469 3536 520 evulsa

272 569 379 603 τινι
414 554 506 604 καὶ¹
558 554 765 623 σπουδῇ
824 556 933 607 τῶν
960 556 1253 626 ὑπηρετῶν
1282 558 1315 625 ἡ
1348 556 1565 624 γλῶττα
1596 554 1674 624 τῷ
1712 555 1853 623 μάρ-

268 661 394 713 τυρι
421 643 514 697 τοῦ
548 644 696 714 ίεροῦ
729 648 1001 715 στόματος
1060 648 1437 719 ἀπηνέστερον
1492 647 1843 717 ἐξειλκύσθη,

268 738 365 786 καὶ
390 734 542 788 αὐτοὶ
566 738 665 799 τάς
696 738 805 789 τῶν
834 738 1075 809 σιδήρων
1108 741 1291 808 ἀκμάς
1333 740 1844 809 προσεμϐάλλοντες

269 828 521 881 κάτωθεν
552 830 723 899 αὐτὴν
752 831 1066 899 ἀπέτεμνον
1120 832 1222 902 ήδη
1245 872 1259 896 ,
1294 833 1502 902 επασχε
1539 834 1639 902 μὲν
1667 836 1693 885 ό
1720 850 1847 900 γενι

266 922 461 985 νάδας,
514 924 610 974 καὶ
657 924 873 995 πλήρης
917 925 1128 991 ἀγῶνος
1166 921 1233 996 ἧν
1270 926 1385 996 τὴν
1418 926 1599 995 ψυχήν
1622 941 1635 956 ·
1669 926 1847 997 ἠνδρί-

268 1019 393 1081 ζετο
420 1018 475 1072 δὶ
508 1019 601 1072 καὶ
634 1019 825 1089 ἔφερε.
884 1022 977 1073 καὶ
1008 1020 1143 1091 πρὸς
1178 1021 1416 1089 Χριστὸν
1448 1021 1578 1089 ὅλην
1610 1021 1842 1073 ἐνέτεινε

264 1110 364 1179 τὴν
388 1110 649 1164 διάνοιαν.
691 1111 779 1175 Ὠς
810 1112 865 1165 δὲ
900 1111 1053 1176 τέλος
1080 1109 1226 1183 εἶχεν
1284 1114 1315 1183 η
1366 1112 1623 1183 βάσανος.
1671 1114 1699 1166 ό
1744 1116 1843 1181 μὲν

264 1204 417 1264 τόνος
470 1202 561 1255 τοῦ
596 1204 849 1272 σώματος
883 1205 1091 1271 ικαμνε
1138 1206 1215 1272 τῷ
1260 1205 1422 1273 ἀγίῳ,
1457 1204 1623 1265 αὐτὸς
1653 1204 1711 1256 δὲ
1743 1204 1844 1273 τὴν

264 1295 444 1364 ψυχὴν
505 1296 581 1363 τῷ
615 1297 767 1363 πόθῳ
820 1295 900 1365 τῷ
959 1298 1095 1366 πρὸς
1156 1295 1391 1365 Χριστὸν
1455 1296 1843 1365 νευρούμενος,

263 1389 452 1456 ἠρέμα
481 1386 677 1457 διάρας
700 1389 799 1459 τὴν
832 1388 1102 1459 κεφαλὴν,
1132 1390 1432 1443 ἀποπτύων
1492 1390 1549 1443 δὲ
1596 1390 1655 1442 τὸ
1709 1390 1843 1441 πολὺ

261 1480 357 1532 τοῦ
387 1480 647 1549 αἵματος,
679 1484 773 1533 καὶ
803 1482 941 1543 ὅλως
970 1485 1095 1548 ταῖς
1127 1485 1463 1553 καταρροαϊς
1496 1483 1843 1551 φοινισσόμε-

264 1588 375 1633 νος.
414 1572 550 1642 πρὸς
584 1573 799 1636 πάντας
830 1572 1083 1642 ἡτένιζεν
1116 1574 1383 1644 εὐθαρσὲς
1406 1613 1421 1637 ,
1484 1574 1577 1626 καὶ
1610 1574 1841 1642 νεύμασι

263 1663 344 1731 τῷ
376 1680 434 1715 τε
467 1664 695 1734 επάρχῳ
723 1667 825 1734 τὴν
855 1668 983 1737 περὶ
1032 1668 1101 1720 τά
1123 1667 1271 1721 δεινὰ
1301 1669 1553 1735 γνώμην,
1603 1668 1699 1719 καὶ
1761 1666 1839 1735 τῷ

1967 554 2070 606 fuit
2098 569 2164 606 ex
2196 567 2292 607 ore
2324 566 2509 615 sacro,
2561 562 2618 606 et
2662 552 2762 620 ipsi
2790 554 2921 606 lerri
2947 557 3121 608 aciem
3161 555 3417 610 deorsum
3452 558 3507 611 in

1956 645 2233 715 jicientes,
2294 660 2416 698 eam
2466 643 2579 713 jam
2622 644 3040 708 exscindebant,
3095 647 3412 716 patiebatur
3451 652 3534 700 vir

1959 751 2279 806 generosus,
2332 746 2386 790 et
2438 752 2643 806 angore
2691 739 2889 803 plenus
2939 748 3063 792 erat
3120 741 3240 808 ejus
3294 742 3515 795 animus

1962 830 2179 884 Fortem
2213 838 2393 883 tamen
2424 844 2483 884 se
2512 830 2816 899 prabebat,
2856 841 2911 885 et
2952 830 3018 885 ad
3048 831 3329 886 Christum
3365 843 3534 887 totam

1958 938 2109 976 suam
2162 921 2439 987 dirigebat
2488 924 2908 992 cogitationem.
2986 925 3282 992 Postquam
3351 937 3533 981 autem

1959 1014 2121 1067 tinem
2150 1015 2366 1082 accepit
2406 1022 2767 1078 tormentum,
2817 1014 3090 1069 defesso":
3129 1018 3355 1086 quidem
3413 1030 3537 1073 erat

1955 1112 2147 1157 sancto
2182 1103 2351 1157 robur
2381 1106 2628 1171 corporis
2663 1122 2673 1154 :
2714 1105 2829 1174 ipse
2869 1121 2998 1159 vero
3030 1105 3233 1161 Christi
3261 1109 3537 1164 desiderio

1955 1200 2140 1249 animo
2184 1198 2584 1262 conﬁrmatus,
2661 1200 2865 1253 sensim
2943 1199 3162 1253 sublato
3215 1202 3420 1269 capite,
3480 1214 3538 1257 et

1952 1290 2185 1342 multum
2247 1294 2569 1359 sanguinem
2627 1307 2945 1360 exspuens,
3015 1302 3071 1346 et
3122 1292 3530 1349 deﬂuxionihus

1953 1392 2099 1437 totus
2125 1381 2355 1436 eﬂ'ectus
2402 1399 2738 1451 purpureus,
2787 1381 3134 1438 conﬁdenter
3167 1400 3358 1439 omnes
3406 1384 3525 1439 ﬁxis

1951 1472 2255 1539 aspiciebat
2288 1474 2465 1527 oculis
2497 1492 2507 1527 :
2534 1485 2588 1529 et
2620 1486 2754 1528 nutu
2790 1475 3052 1544 praefecto
3076 1490 3238 1529 suum
3274 1478 3326 1529 in
3361 1478 3525 1531 rebus

1950 1565 2161 1632 asperis
2186 1566 2430 1619 animum
2456 1608 2468 1627 ,
2505 1578 2559 1621 et
2599 1568 2800 1636 populo
2839 1582 2993 1621 suam
3030 1568 3381 1637 signiﬁcabat
3412 1571 3523 1621 lor-

1950 1658 2238 1711 titudinem
2278 1676 2290 1711 :
2325 1668 2377 1711 et
2414 1674 2471 1713 se
2500 1675 2605 1712 nou
2663 1660 2823 1713 modo
2859 1675 2969 1713 nou
3011 1662 3227 1723 cedere,
3284 1662 3377 1715 sed
3412 1677 3533 1715 eam

262 1754 420 1825 δήμῳ
482 1758 580 1827 τὴν
640 1759 943 1829 καρτερίαν
1000 1761 1307 1829 ἐσήμαινε·
1360 1762 1454 1812 καὶ
1480 1759 1553 1822 ὡς
1581 1759 1641 1812 ού
1678 1759 1832 1828 μόνον

1950 1766 2061 1803 rem
2118 1750 2285 1803 etiam
2344 1750 2573 1805 delicias
2636 1762 2866 1821 putare,
2930 1762 2987 1807 et
3051 1763 3286 1807 mortem
3354 1753 3531 1807 sitire.

264 1823 365 1899 ούκ
395 1823 697 1912 ὶνδίδωσιν,
719 1823 863 1902 *ἀλλά
890 1851 984 1903 καὶ
1007 1823 1223 1921 τρυφὴν
1242 1852 1462 1919 ἡγεῖται
1490 1850 1551 1903 τὸ
1584 1823 1731 1919 πράγ
1744 1865 1832 1917 μα

1881 1823 1919 1877 ⁸
1952 1840 2253 1895 Praefectus
2277 1850 2464 1895 autem
2493 1843 2683 1897 lurore
2706 1853 3025 1912 correptus,
3066 1843 3213 1913 quod
3246 1845 3412 1899 etiam
3446 1845 3534 1899 lu-

268 1938 363 1990 καὶ
419 1939 654 1992 σανάτου
696 1939 845 2010 διψᾷ.
893 1940 952 1995 '0
990 1941 1047 1995 δὲ
1092 1941 1337 2011 ἔπαρχος
1373 1941 1540 2012 μανίᾳ
1586 1942 1835 2012 ληφθεὶς,

264 2025 347 2076 ὃτι
373 2026 468 2076 καὶ
496 2028 849 2091 καταπαίζων
879 2028 979 2095 τῆς
1030 2032 1324 2100 τιμωρίας,
1344 2032 1597 2101 μάρτυρα
1619 2034 1717 2100 τῆς
1746 2035 1843 2085 ἀν-

262 2116 419 2185 δρίας
482 2116 720 2170 εποιείτο
766 2120 860 2171 τὸν
927 2120 1098 2189 δῆμον
1152 2125 1263 2181 τοῖς
1321 2124 1514 2177 ἑαυτοῦ
1576 2123 1834 2193 νεύμασι,

265 2210 646 2278 προσέταττεν
699 2210 908 2275 εὐθέως
978 2214 1283 2282 ἐκκοπῆναι
1344 2215 1513 2268 αὑτοῦ
1562 2218 1655 2270 καὶ⁵
1716 2220 1842 2278 τοὺς

262 2300 601 2370 ὀφθαλμούς.
650 2299 737 2365 Ὠς
764 2302 821 2356 δὲ
854 2303 992 2357 πολὺ
1034 2305 1096 2356 τὸ
1128 2306 1291 2374 τάχος
1346 2308 1571 2377 είσῆγον
1610 2311 1658 2362 ot
1706 2310 1843 2378 πρὸς

264 2391 441 2443 ταῦτα
493 2391 937 2467 διακονούμενοι,
993 2397 1086 2447 καὶ¹
1141 2398 1487 2469 παραχρῆμα
1520 2401 1726 2470 μηδένα
1762 2397 1841 2453 οἷ-

267 2500 393 2534 κτον
421 2483 520 2551 τῆς
554 2486 740 2553 κοινῆς
802 2488 1124 2557 ποιούμενοι
1175 2490 1415 2558 φύσεως,
1485 2494 1841 2562 περισχόντες

264 2576 359 2625 τὸν
412 2575 676 2646 ἀθλητὴν,
721 2577 889 2647 ὠμῶς
921 2580 1087 2633 αὑτοῦ
1116 2583 1243 2644 τοὺς
1301 2583 1481 2653 ίεροὺς
1535 2582 1842 2653 ἐξώρυττον

262 2664 599 2734 ὀφθαλμοὺς,
655 2670 951 2737 ἀλγοῦντος
1006 2675 1125 2742 μὲν,
1164 2675 1283 2738 πῶς
1315 2676 1424 2745 γάρ
1454 2674 1552 2743 οὕ;
1602 2680 1693 2729 καὶ
1731 2678 1829 2745 τῆς

263 2756 617 2830 ἀνθρωπίνης
636 2760 855 2830 φύσεως
893 2764 1365 2834 ύποσημαίνοντος
1391 2768 1491 2837 τὴν
1525 2768 1835 2831 ἀσθένειαν,

267 2847 523 2915 φέροντο,
573 2849 629 2901 ὁὶ
679 2855 782 2905 κάν
832 2852 1005 2923 τούτῳ
1037 2858 1303 2921 γενναίως
1335 2860 1430 2910 καὶ
1456 2860 1557 2930 τὴν
1594 2862 1839 2930 κεφαλὴν

264 2940 657 3003 ἑπικλίνοντος,
706 2943 900 3007 ὁσάκις
952 2946 1019 2999 ἂν
1065 2947 1237 3019 αὐτὴν
1294 2951 1486 3005 ἀνετον
1538 2952 1688 3021 ἔσχε,
1746 2955 1841 3007 καὶ

264 3029 455 3100 ὥσπερ
490 3031 566 3100 τῷ
595 3035 844 3108 Δεσπότῃ
876 3037 1038 3107 χάριν
1076 3040 1472 3109 ὁμολογοῦντος
1518 3046 1601 3097 ὅτι
1668 3046 1841 3099 τοιού-

264 3139 373 3174 των
406 3124 613 3195 ἠξιώθη
641 3126 750 3178 τῶν
796 3130 1017 3196 ἀγαθῶν
1043 3148 1057 3161 ο
1106 3136 1134 3185 ό
1191 3132 1454 3203 ἔπαρχος,
1513 3135 1705 3189 παθὼν
1742 3138 1840 3208 τὴν

1954 1931 2189 1984 diticans
2222 1930 2580 1999 supplicium,
2616 1934 2881 2000 p0pulum
2912 1935 3030 1988 suis
3070 1935 3301 1988 nutibus
3340 1944 3531 1989 testem

1954 2023 2159 2076 faceret
2188 2038 2303 2077 suae
2354 2023 2535 2093 magni
2570 2026 2739 2077 animi
2790 2026 3038 2088 virtutis,
3080 2026 3246 2095 jussit
3278 2027 3534 2094 protinus

1953 2119 2075 2187 ejus
2105 2132 2326 2185 quoque
2359 2118 2606 2172 exscindi
2635 2119 2846 2174 oculos.
2875 2120 3168 2188 Postquam
3204 2136 3335 2174 vero
3369 2122 3533 2175 mini-

1957 2211 2027 2263 tri
2091 2210 2158 2262 ad
2224 2209 2327 2262 hoc
2386 2226 2636 2279 magnam
2697 2212 3002 2267 adhibucre
3043 2213 3414 2282 diligentiam,
3474 2222 3531 2268 et

1954 2305 2166 2366 statim,
2198 2304 2347 2356 nulla
2374 2305 2683 2357 communis
2712 2313 2921 2358 natura:
2946 2305 3077 2358 moti
3112 2306 3524 2369 misericordia,

1954 2404 2208 2449 tenentes
2243 2396 2529 2456 athletam,
2564 2396 2863 2451 crudeliter
2905 2397 3027 2466 ejus
3070 2411 3261 2451 sacros
3295 2398 3530 2453 el'l'odie-

1951 2486 2085 2539 bant
2136 2486 2350 2549 oculos,
2402 2485 2643 2539 dolentis
2694 2487 2917 2554 quidem
2969 2488 3183 2555 (quidni
3220 2490 3369 2541 enim
3394 2490 3441 2558 τ)
3477 2500 3531 2543 et

1951 2576 2313 2646 signiﬁcantis
2367 2576 2621 2630 humanae
2673 2588 2887 2630 natura:
2934 2578 3394 2644 imbecillitatem,
3446 2579 3529 2635 fe-

1953 2670 2127 2723 rentis
2156 2680 2339 2722 autem
2368 2669 2471 2723 hoc
2492 2683 2710 2737 quoque
2745 2669 2982 2731 fortiter,
3011 2679 3067 2724 et
3094 2680 3282 2739 caput,
3308 2673 3528 2740 quoties

1952 2760 2003 2812 id
2028 2760 2098 2813 ab
2119 2761 2201 2813 eis
2231 2761 2639 2824 remittebatur,
2675 2760 3011 2825 inclinantis,
3039 2771 3094 2815 et
3121 2762 3528 2831 quodammodo

1950 2852 2183 2904 Domino
2208 2852 2412 2920 gratias
2431 2853 2663 2923 agentis,
2689 2853 2832 2922 quod
2858 2854 2983 2908 talia
3004 2854 3075 2909 sit
3096 2855 3235 2909 bona
3259 2859 3525 2926 consequi

1950 2942 2148 3011 dignus
2178 2943 2399 2997 habitus
2432 2962 2444 2995 :
2482 2945 2773 3013 praefectus
2804 2955 3029 3015 repente
3056 2947 3243 3001 animo
3268 2947 3523 3012 allectus,

1949 3044 2004 3088 et
2063 3035 2288 3088 tristitia
2346 3044 2531 3089 motus
2577 3038 2647 3089 ob
2698 3052 2763 3090 ea
2799 3053 2921 3105 qua:
2970 3038 3218 3105 videbat,
3261 3054 3386 3094 cum
3423 3040 3528 3094 hoc

1950 3128 2128 3180 solum
2176 3126 2448 3180 dixisset:
2498 3130 2635 3182 (lras
2669 3129 2941 3197 reliquum
2980 3131 3232 3199 corporis
3263 3135 3377 3188 erit
3411 3141 3526 3187 tra-

262 3193 721 3287 ψυχὴνὲξαίφνης
750 3193 855 3272 καὶ*
873 3222 1281 3292 σκυθρωπάσας
1472 3229 1539 3281 τά
1563 3193 1832 3298 όρώμενά,

1875 3193 1912 3249 c
1946 3218 2187 3271 dendum
2236 3218 2459 3281 avibus,
2506 3229 2567 3272 ut
2599 3221 2763 3272 nulla:
2788 3221 2853 3273 ad
2884 3225 3206 3277 memoriam
3242 3226 3524 3293 supersint

266 3306 360 3355 καὶ
393 3304 553 3358 τοῦτο
584 3309 748 3378 μόνον
800 3311 991 3378 είπὼν,
1031 3314 1104 3377 ώς
1143 3316 1221 3385 Τῇ
1264 3317 1456 3386 αὔριον
1485 3319 1546 3371 τὸ
1583 3322 1827 3392 περιλει-

264 3396 397 3461 eo»
445 3398 542 3451 τοῦ
599 3401 855 3470 σώματος
887 3405 1095 3474 όρνέοις
1146 3408 1436 3477 ἐκδοθῆναι
1496 3412 1595 3475 δεῖ,
1652 3413 1727 3476 ὡς
1767 3414 1831 3466 ἂν

1938 3309 2205 3376 reliquiae,
2237 3316 2293 3362 et
2338 3325 2463 3363 cum
2503 3312 2583 3365 sic
2628 3312 2885 3381 jussisset
2929 3314 3159 3376 servari,
3203 3318 3445 3369 surrexit
3492 3332 3522 3371 e

1953 3401 2242 3453 tribunali.

268 3490 419 3594 μηδι,
469 3492 549 3556 είς
603 3497 830 3565 μνήμην
902 3496 1161 3567 λείψανον
1226 3518 1279 3553 τι
1344 3505 1720 3591 καταλειφθῇ,
1779 3513 1875 3565 καὶ
1911 3516 2223 3585 προστάξας
2284 3519 2455 3580 οὕτως
2507 3520 2676 3571 αὐτὴν
2725 3520 3034 3589 τηρεῖσθαι,
3086 3522 3183 3575 τοῦ
3274 3522 3520 3594 βήματος

264 3581 524 3653 ἐξανέστη
535 3624 547 3637 .

342 3673 440 3731 IE'.
489 3677 553 3729 Οί
604 3679 663 3732 δι
712 3682 1069 3750 στρατιῶται,
1104 3683 1278 3755 βραχύ
1312 3702 1365 3739 τι
1400 3687 1492 3740 τὸν
1536 3690 1691 3757 ἅγιον
1731 3695 1829 3761 ιμ-

264 3773 501 3821 πνέοντα
567 3768 649 3822 ἔτι
712 3774 1124 3841 ἀπαγαγόντες,
1186 3778 1251 3845 τῇ
1325 3778 1540 3850 φυλακῇ
1601 3786 1830 3851 προσρί-

262 3876 482 3913 πτουσι.
537 3860 775 3931 Νύκτωρ
805 3862 861 3913 ει
898 3866 1028 3932 περὶ
1084 3865 1277 3935 τρίτην
1331 3866 1482 3937 ὥραν
1534 3872 1829 3941 ἀστραπῆς

262 3950 459 4021 ὥσπερ
492 3952 918 4022 περιλαμψάσης
948 3955 1008 4007 τὸ
1036 3955 1439 4027 δεσμωτήριον,
1472 3963 1765 4027 ἐφίσταται
1804 3968 1830 4018 ό

262 4046 503 4113 Χριστὸς
531 4046 609 4114 τῷ
633 4047 789 4117 τόπῳ
820 4041 982 4115 ιφνοῦ
1005 4052 1032 4102 ό
1051 4049 1205 4117 ἅγιος
1233 4050 1485 4121 ἔρριπτο.
1509 4054 1619 4107 Καὶ
1639 4058 1832 4125 πρῶτα

265 4137 365 4205 μιν
426 4137 663 4205 θάρσους
722 4138 883 4192 αὑτὸν
946 4142 1253 4211 ἐμπίπλησι
1312 4147 1408 4197 καὶ
1481 4147 1827 4215 προθυμίαςο

262 4228 457 4279 ἔπειτα
492 4229 548 4280 δὲ
573 4231 672 4299 τὴν
703 4230 955 4296 γλῶσσάν
1002 4248 1060 4285 τε
1094 4234 1187 4285 καὶ
1240 4235 1366 4298 τοὺς
1416 4236 1727 4305 ὀφθαλμοὺς
1773 4240 1830 4291 τὸ

263 4318 531 4386 πρότερον
566 4319 917 4373 ἀναπλάττει.
964 4320 1229 4389 ῗΥγιάσας
1270 4323 1325 4375 δὲ
1357 4327 1449 4377 καὶ
1480 4328 1603 4387 τοίς
1643 4328 1826 4390 πόδας,

265 4411 359 4461 καὶ
420 4408 606 4471 ἁπλῶς
673 4411 835 4463 οἱονεὶ
904 4412 1205 4481 τεθνηκότα
1266 4414 1390 4467 ὅλον
1452 4414 1827 4478 άναζωώσας,

270 4523 288 4550 ε
340 4501 642 4569 Ιιρόσσχεε,
666 4520 683 4551 ι
726 4501 827 4570 ἔφη
862 4502 994 4571 πρὸς
1025 4504 1207 4565 αὑτὸν,
1246 4524 1261 4554 ι
1286 4498 1331 4555 ὦ
1358 4506 1536 4574 Μηνᾶ.
1556 4506 1693 4573 Ἐγώ
1720 4509 1835 4577 εἰμι

270 4613 288 4642 ι
345 4592 555 4661 Ἰησοῦς
617 4594 645 4643 ό
703 4593 942 4662 Χριστὸς
962 4634 978 4659 ,
1006 4594 1071 4645 δι’
1100 4594 1159 4647 ὃν
1190 4598 1348 4658 αὐτὸς
1376 4597 1671 4662 πέπονθας,
1729 4601 1829 4651 ούκ

273 4703 289 4737 ι
337 4686 857 4753 άπολιμπανόμενός
891 4701 983 4737 σου
1009 4687 1104 4739 καὶ
1130 4688 1418 4758 πρότερον,
1450 4690 1569 4743 οὐδὲ
1607 4694 1829 4759 μακράν

158 4824 161 4825 ,
273 4798 289 4829 ι
344 4794 446 4828 που
480 4778 587 4828 τῶν
638 4777 866 4842 ἀγώνων
919 4778 1197 4847 ύπάρχων,
1245 4780 1357 4831 ἀλλ’
1384 4782 1669 4851 ἀναμένων
1696 4800 1832 4847 γνω-

272 4887 287 4917 ε
336 4866 531 4934 σθῆναι
564 4882 658 4917 σου
692 4867 751 4917 τὸ
779 4870 905 4936 περὶ
935 4870 1035 4935 ἐμὲ
1081 4869 1305 4939 φίλτρον
1336 4873 1431 4924 καὶ
1476 4877 1593 4936 ταῖς
1639 4876 1831 4945 ἀρχαῖς

273 4978 289 5005 ε
338 4960 432 5009 καὶ
460 4961 580 5019 ταῖς
602 4957 893 5021 εξουσίαις.
937 4960 1089 5011 Ἐπεὶ
1114 4960 1207 5013 οὖν
1244 4962 1532 5029 εγνωσται,
1560 4967 1620 5016 τὸ
1646 4966 1831 5018 λοιπὸν
1856 4954 1867 4983 η’

271 5068 288 5100 ι
338 5048 536 5115 ἔσομαι
590 5050 730 5117 μετά
787 5048 879 5101 σοῦ
937 5053 1179 5120 φανεράς
1234 5069 1316 5104 σοι
1362 5056 1458 5115 τάς
1516 5056 1829 5123 ἀντιλήψεις

270 5158 288 5191 ι
342 5140 684 5209 ποιούμενος.
734 5140 1068 5211 Ἑρμογένην
1124 5141 1181 5194 δὲ
1216 5144 1307 5194 τὸν
1340 5143 1598 5216 ἔπαρχον,
1656 5146 1711 5211 ὃς
1751 5148 1829 5218 τῷ

271 5253 288 5283 ι
342 5231 459 5301 ὲμῷ
489 5230 810 5300 χαλεπαίνει
830 5232 1075 5301 ὀνόματι,
1100 5232 1289 5304 αὔριον
1322 5235 1419 5302 μὲν
1447 5236 1633 5304 ίκέτην
1662 5237 1826 5303 ἔξεις,

273 5343 291 5374 ι
344 5324 464 5391 μετ’
495 5321 675 5391 ὀλίγον
698 5322 755 5375 δὲ
778 5324 872 5376 καὶ
908 5324 1269 5394 συναθλητὴν,
1303 5325 1377 5387 ὡς
1407 5327 1501 5377 καὶ
1535 5330 1618 5379 σοὶ
1646 5328 1824 5397 δῆλον,

269 5436 288 5468 ι
338 5419 434 5470 καὶ
455 5414 596 5484 ὑπὲρ
619 5415 754 5484 ιμοῦ
787 5416 1289 5487 συμμαρτυροῦντά
1330 5434 1432 5481 σοι,
1494 5421 1586 5471 καὶ
1630 5420 1829 5489 προθύ-

268 5528 287 5560 ι
342 5524 455 5577 μως
491 5508 884 5577 συμπάσχοντα
902 5506 996 5559 καὶ
1033 5504 1562 5576 συστεφανούμενςιν.
1585 5509 1827 5573 ’Δνάξιον

270 5620 287 5651 ε
339 5601 448 5668 γάρ
476 5599 577 5669 τῆς
599 5598 709 5668 ἐμῆ
771 5598 1179 5671 φιλανθρωπίας
1208 5598 1431 5665 ἀγνοίας
1461 5600 1622 5653 ῑνεκα
1645 5605 1741 5670 τὴν
1766 5606 1825 5654 ὲν

267 5711 286 5741 ε
340 5691 537 5759 γνώσει
564 5692 906 5761 χρηστότητα
932 5692 1023 5743 καὶ
1052 5691 1418 5759 ἀγαθοεργίαν
1450 5693 1615 5745 αὑτοῦ
1651 5710 1821 5761 παρα-

265 5797 284 5827 ε
333 5778 577 5843 δραμεῖν.
626 5794 644 5824 ι
716 5777 898 5831 Ταῦτα
972 5780 1185 5842 εἰπὼν,
1236 5781 1329 5830 καί
1380 5780 1603 5850 Πνεῦμα
1668 5784 1823 5849 arm

2003 3694 2121 3751 XV.
2154 3695 2355 3750 Milites
2382 3711 2515 3751 vero
2553 3704 2803 3750 sanctum
2852 3695 3035 3749 adhuc
3079 3694 3358 3750 modicum
3402 3698 3521 3767 spi-

1936 3798 2146 3843 rantem
2171 3789 2474 3853 abducunt,
2505 3798 2558 3842 et
2590 3789 2893 3856 conjiciunt
2923 3790 2975 3842 in
3000 3804 3299 3844 carcerem.
3322 3791 3500 3846 Noctu

1935 3891 2117 3933 autem
2153 3880 2289 3933 hora
2322 3881 2545 3934 circiter
2584 3881 2770 3941 tertia,
2801 3895 2927 3934 cum
2951 3882 3108 3949 quasi
3156 3882 3340 3949 fulgur
3396 3884 3519 3937 illu-

1938 3980 2170 4024 strasset
2205 3986 2506 4032 carcerem,
2548 3971 2765 4024 accedit
2810 3971 3067 4025 Christus
3104 3972 3172 4025 ad
3220 3972 3427 4035 locum,
3463 3974 3517 4028 in

1939 4076 2050 4129 quo
2083 4063 2361 4130 projectus
2407 4061 2590 4117 luerat
2629 4073 2889 4126 sanctus,
2931 4073 2988 4115 et
3015 4063 3255 4131 primum
3291 4064 3516 4131 quidem

1947 4165 2076 4203 eum
2113 4152 2354 4219 complet
2391 4152 2588 4204 llducia
2629 4160 2684 4205 et
2734 4152 2902 4203 animi
2956 4152 3278 4216 alacritate,
3317 4154 3517 4209 deinde

1942 4241 2184 4309 linguam
2246 4258 2468 4311 quoque
2522 4252 2578 4295 et
2640 4244 2832 4296 oculos
2882 4242 3167 4306 reformat,
3228 4253 3285 4299 ut
3343 4247 3513 4312 prius.

1941 4333 2150 4386 Deinde
2206 4350 2330 4386 cum
2390 4334 2558 4398 pedes
2601 4349 2819 4401 quoque
2852 4344 3117 4398 satiasset,
3154 4344 3209 4389 et
3239 4346 3300 4389 ut
3345 4340 3514 4391 semel

1944 4422 2145 4486 dicam,
2203 4440 2328 4477 eum
2379 4424 2547 4478 veluti
2592 4435 2868 4477 mortuum
2906 4434 3081 4478 totum
3118 4426 3300 4481 denuo
3336 4429 3514 4483 virili-

1875 4542 1917 4599 ο
1950 4514 2453 4575 casset:Attende,
2506 4515 2705 4582 inquit,
2744 4516 2841 4567 tibi
2902 4516 3027 4583 ipsi,
3082 4531 3114 4567 o
3166 4516 3341 4570 Mena.
3404 4519 3514 4585 Ego

1948 4605 2119 4667 enim,
2155 4605 2352 4672 inquit,
2390 4619 2509 4658 sum
2556 4605 2717 4659 Jesus
2756 4605 3029 4669 Christus,
3088 4618 3316 4675 propter
3348 4626 3513 4677 quem

1941 4711 2002 4750 es
2058 4710 2268 4764 passus,
2327 4696 2423 4765 qui
2475 4710 2654 4764 neque
2711 4696 2923 4762 priusa
2955 4706 3006 4749 te
3036 4695 3282 4762 aberam,
3332 4714 3511 4767 neque

1938 4788 2100 4855 longe
2133 4803 2282 4840 eram
2313 4804 2340 4840 a
2378 4788 2486 4841 tuis
2513 4778 2913 4841 certaminibus
2934 4827 2949 4850 ,
2974 4788 3069 4841 sed
3092 4790 3507 4855 exspectabam,

1940 4887 1998 4931 ut
2029 4887 2156 4931 tuus
2180 4878 2235 4931 in
2265 4893 2349 4931 me
2375 4892 2530 4931 amor
2557 4887 2985 4947 cognosceretur
3017 4895 3047 4932 a
3096 4881 3511 4948 magistratibus

1937 4977 1994 5021 et
2039 4970 2425 5037 potestatibus.
2462 4969 2730 5035 Quoniam
2767 4980 2950 5023 autern
3000 4981 3086 5023 est
3138 4973 3404 5039 cognitus,
3440 4974 3508 5027 de

1938 5069 2137 5115 emero
2170 5076 2266 5114 ero
2299 5071 2506 5123 tecum,
2537 5069 2723 5127 aperte
2758 5070 2809 5113 te
2844 5059 3166 5115 defendens.
3205 5063 3505 5133 Hermoge-

1940 5167 2063 5205 nem
2110 5161 2295 5204 autem
2346 5152 2666 5220 praal‘ectum
2689 5193 2703 5217 ,
2739 5154 2832 5221 qui
2866 5170 2986 5208 meo
3013 5163 3099 5208 est
3128 5154 3365 5210 infestus
3393 5172 3498 5210 no-

1938 5243 2094 5305 mini,
2144 5257 2265 5295 cras
2312 5244 2531 5311 quidem
2564 5243 2791 5297 habebis
2812 5246 3140 5313 supplicem,
3180 5250 3344 5315 paulo
3380 5258 3502 5316 post

1934 5334 2101 5386 etiam
2130 5336 2341 5387 socium
2368 5334 2709 5396 certaminis,
2746 5346 2803 5389 ut
2840 5336 2938 5389 tibi
2970 5336 3080 5389 erit
3114 5337 3494 5403 manifestum,

1933 5433 1987 5480 et
2039 5425 2133 5493 qui
2186 5441 2287 5491 pro
2350 5440 2436 5479 me
2490 5440 2598 5479 una
2651 5437 2831 5480 tecum
2905 5426 3047 5481 feret
3095 5428 3498 5495 testimonium,

1932 5526 2293 5586 promptoque
2321 5529 2375 5570 et
2412 5518 2579 5570 alacri
2633 5519 2817 5572 animo
2881 5530 3061 5573 tecum
3108 5520 3368 5588 patietur,
3441 5531 3497 5577 ct

1932 5607 2095 5660 simul
2146 5607 2522 5662 coronabitur.
2561 5607 2658 5660 Est
2703 5608 2851 5662 enim
2904 5625 3018 5663 mea
3068 5609 3353 5679 indignum
3386 5614 3497 5667 cle-

1932 5699 2163 5759 mentia,
2205 5710 2425 5767 prOpter
2465 5700 2896 5767 ignorationem,
2932 5702 3052 5768 ejus
3084 5701 3135 5752 in
3170 5704 3491 5771 c0guitiouc

1932 5788 2232 5843 bonitatem
2261 5828 2274 5848 .
2307 5798 2363 5843 et
2390 5790 2658 5844 bonorum
2702 5805 2931 5848 onerum
2974 5790 3320 5846 ellectimicm
3355 5808 3495 5850 urin—
