4260 6430
745 393 853 456 387

748 601 1044 670 Spiritum,
1076 611 1204 649 eum
1241 595 1418 663 replet
1455 590 1605 644 omni
1646 589 1857 643 laetitia.

824 693 962 747 X‘V‘I.
1014 689 1311 744 Pnefectus
1363 695 1546 740 autem
1600 683 1862 753 quoniam
1918 690 1974 737 et
2042 682 2161 752 ipse
2205 690 2325 736 erat

750 785 942 841 solerti
985 782 1231 850 ingenio.
1272 788 1329 835 et
1364 779 1447 832 vir
1479 779 1683 842 bonus,
1749 787 1807 831 et
1842 776 2060 830 beatum
2101 773 2324 844 quidem

753 879 965 934 Menam
991 875 1198 930 sciebat
1228 889 1349 928 esse
1417 883 1474 928 et
1503 873 1723 926 doctum
1743 912 1757 936 ,
1799 880 1854 925 et
1889 883 2088 940 genere
2115 867 2326 921 clarum

750 983 805 1028 et
830 986 898 1025 ex
933 968 1126 1025 eadem
1162 977 1431 1038 prasterea
1460 975 1644 1020 ortum
1690 963 1890 1034 patria,
1934 960 2116 1016 media
2166 966 2328 1013 nocte

751 1081 878 1121 cum
906 1077 1162 1119 somnum
1192 1061 1554 1123 excussisset,
1587 1067 1643 1114 et
1667 1058 1735 1112 ab
1781 1059 1894 1121 ira,
1923 1071 2044 1126 qua:
2076 1052 2331 1108 tenebras

752 1157 1014 1221 oﬂundit,
1073 1155 1142 1210 ad
1205 1170 1263 1210 se
1319 1153 1594 1213 rediisset,
1659 1159 1714 1205 et
1767 1151 1954 1205 animo
1992 1155 2328 1217 reputasset,

752 1249 940 1320 qualia
992 1247 1219 1317 quidem
1267 1255 1458 1299 sancto
1495 1243 1666 1299 Mente
1699 1243 1972 1298 intulisset
2033 1239 2331 1308 supplicia,

753 1353 1014 1411 quantam
1083 1355 1216 1394 vero
1279 1340 1397 1410 ipse
1475 1345 1667 1391 contra
1747 1333 2025 1388 attulisset
2111 1331 2334 1388 lmtitu--

755 1434 939 1487 dinem
997 1442 1052 1486 ct
1115 1432 1285 1486 animi
1340 1431 1732 1491 constantiam,
1780 1427 1916 1481 nihil
1978 1425 2126 1495 quod
2159 1425 2334 1494 pnsil-

758 1526 871 1579 lum
917 1532 974 1578 et
1016 1525 1287 1594 abiectum
1316 1521 1638 1577 ostenderet
1663 1519 1907 1574 animum
1932 1561 1944 1582 ,
1979 1526 2073 1570 aut
2113 1530 2329 1583 passus,

760 1627 855 1669 aut
885 1617 1102 1668 locutus
1131 1631 1147 1668 :
1178 1625 1235 1668 et
1273 1613 1422 1682 quod
1462 1613 1507 1666 is
1541 1611 1822 1681 periisset,
1865 1613 2026 1678 cujus
2050 1605 2334 1674 sapientiae

759 1711 816 1754 et
845 1701 1031 1755 studio
1088 1711 1218 1756 sunt
1266 1716 1459 1755 omnes
1506 1701 1794 1752 inferiores
1850 1701 2000 1765 (eum
2049 1697 2196 1748 enim
2224 1695 2335 1765 jam

759 1793 1116 1848 existimabat
1156 1805 1458 1854 mortuum,
1499 1803 1558 1845 ut
1588 1793 1679 1862 qui
1713 1792 1777 1844 ad
1819 1802 1964 1845 tanta
2016 1806 2121 1843 non
2172 1789 2336 1843 διεσε-

761 1887 932 1940 cisset
979 1885 1301 1955 supplicia),
1337 1895 1394 1940 et
1432 1885 1615 1954 seipsu
1641 1905 1668 1934 n
1703 1884 1992 1940 damnans.
2037 1880 2184 1950 quod
2227 1897 2334 1934 non

764 1974 1045 2028 blanditiis
1075 1990 1201 2028 cum
1241 1975 1422 2043 potius
1463 1975 1745 2027 induxerit
1784 1975 1946 2041 (bene
1971 1975 2118 2025 enim
2155 1979 2337 2024 actum

761 2076 933 2127 esset,
983 2068 1028 2118 si
1090 2066 1172 2118 vel
1225 2082 1307 2119 sic
1351 2079 1477 2118 eum
1504 2063 1784 2131 cepisset),
1842 2064 2035 2115 oculos
2073 2060 2341 2114 sulIundit

762 2157 1060 2227 lacrymis,
1117 2166 1172 2210 et
1228 2156 1484 2225 deplorat
1535 2157 1834 2225 jacturatn.
1921 2154 2179 2208 Decrevit
2209 2168 2341 2222 ergo

766 2251 937 2306 veluti
982 2249 1084 2302 viri
1133 2258 1341 2303 tantam
1392 2248 1668 2303 reveritus
1699 2249 1984 2310 virtutem,
2029 2261 2155 2299 cum
2183 2262 2342 2301 mane

764 2343 1140 2399 surrexisset.
1181 2341 1329 2394 illius
1379 2355 1585 2408 corpus
1636 2339 1854 2408 publice
1911 2339 2182 2393 honorare
2214 2376 2230 2402 ,
2285 2348 2344 2393 ut

764 2443 1016 2488 mortuos
1076 2433 1372 2496 honorant,
1415 2437 1508 2500 qui
1551 2441 1680 2484 sunt
1724 2433 1808 2485 eis
1841 2432 2076 2501 proximi
2115 2448 2341 2502 genere.

762 2536 817 2580 et
841 2526 922 2579 sic
953 2523 1178 2592 martyri
1212 2539 1311 2592 pro
1343 2524 1569 2593 injuria,
1601 2539 1766 2592 quam
1799 2524 1848 2575 ei
1881 2525 2088 2577 fecerat
2113 2565 2126 2586 ,
2169 2523 2343 2578 satis-

767 2618 974 2672 facere.
1029 2615 1166 2672 Orto
1211 2628 1397 2672 autem
1439 2617 1550 2687 jam
1601 2616 1713 2681 die,
1745 2617 2009 2685 quoniam
2038 2627 2158 2671 erat
2191 2617 2346 2671 thea-

770 2717 915 2763 trum
956 2709 1177 2778 plenum
1215 2707 1603 2762 Alexandrinis
1628 2708 1829 2777 (fuerat
1859 2707 2009 2761 enim
2043 2723 2345 2777 congrega-

770 2813 884 2855 tum
914 2816 945 2854 a
972 2799 1342 2868 praeconibus,
1378 2815 1503 2854 cum
1561 2800 1642 2855 sic
1685 2800 1949 2870 jnssisset
2001 2800 2344 2868 praefectus).

771 2893 1073 2962 prcsidens
1107 2892 1246 2960 ipse,
1278 2891 1437 2962 jussit
1465 2891 1705 2944 maximo
1728 2892 1935 2946 honore
1966 2909 1996 2946 c
2028 2907 2247 2947 carcere
2277 2892 2344 2946 ad

771 2985 1006 3038 tribunal
1033 2985 1239 3039 deferri
1271 2998 1473 3054 corpus
1499 2985 1776 3054 martyris.

831 3165 1010 3220 'XVll.
1083 3165 1222 3220 Cum
1278 3180 1408 3219 vero
1467 3163 1561 3233 qui
1635 3165 1787 3218 missi
1846 3175 2048 3228 erant,
2110 3165 2340 3236 ingressi

772 3259 1004 3314 fuissent
1035 3273 1342 3320 carcerem,
1376 3258 1636 3312 viderunt
1667 3259 2014 3322 miraculum,
2048 3258 2197 3327 quod
2227 3270 2345 3312 erat

771 3353 1028 3421 superius
1081 3350 1296 3405 ratione
1376 3359 1433 3404 et
1479 3351 1814 3420 cogitatione
1875 3368 1889 3404 :
1950 3352 2072 3404 luce
2119 3351 2344 3419 quidem

774 3446 1020 3514 plenum,
1043 3444 1347 3498 obscurum
1390 3442 1598 3512 alioqui
1643 3456 1924 3496 carcerem
1954 3461 1966 3494 :
1991 3442 2131 3495 duos
2161 3452 2345 3496 autem

773 3552 944 3600 v.ros,
983 3550 1224 3604 quorum
1270 3534 1448 3588 forma
1498 3549 1610 3588 non
1638 3544 1822 3602 potest
1848 3533 2034 3588 verbis
2065 3535 2300 3602 exprimi
2329 3574 2344 3597 ,

772 3631 867 3697 qui
918 3627 1246 3682 assistebant
1297 3626 1519 3696 quidem
1572 3635 1830 3695 tanquam
1894 3624 2164 3679 satellites
2196 3662 2211 3686 ,
2289 3635 2349 3678 ut

778 3723 982 3776 milites
1013 3736 1144 3776 vero
1181 3732 1341 3775 erant
1395 3720 1568 3789 parati
1600 3720 1667 3772 ad
1701 3717 2107 3773 defendendum
2138 3733 2152 3771 :
2203 3733 2348 3770 mar-

777 3822 950 3882 tyrem
986 3821 1179 3865 autem
1203 3823 1312 3863 non
1355 3810 1532 3863 solum
1566 3809 1747 3862 vivum
1774 3847 1790 3874 ,
1838 3817 1895 3862 et
1926 3815 2346 3861 conservantem

776 3903 997 3957 illaesam
1037 3902 1287 3972 corporis
1339 3900 1734 3970 integritatem,
1779 3898 1875 3953 sed
1923 3899 2134 3968 placide
2182 3899 2346 3954 etiam

775 3996 1122 4057 intuentem,
1185 4003 1240 4047 et
1298 3993 1538 4062 linguam
1589 4001 1922 4056 moventem,
1989 4001 2046 4045 et
2101 3992 2348 4062 jucunde

775 4087 1096 4155 psallentem
1126 4097 1140 4142 :
1176 4103 1196 4136 ι
1236 4085 1370 4139 Nam
1410 4085 1512 4138 etsi
1539 4083 1895 4138 ambulavero
1922 4082 1975 4137 in
2007 4085 2191 4138 medio
2227 4101 2346 4137 um-

778 4177 888 4230 bra:
913 4179 1122 4240 mortis,
1159 4190 1269 4229 non
1299 4175 1504 4228 timebo
1543 4175 1686 4227 mala
1715 4191 1728 4226 :
1763 4175 2023 4242 quoniam
2052 4183 2107 4227 tu
2132 4189 2348 4227 mecum

774 4281 858 4332 es,
886 4267 1114 4320 Domine
1137 4265 1159 4296 '
1187 4283 1202 4319 :
1233 4282 1252 4314 ι
1280 4266 1536 4335 protinus
1565 4269 1698 4333 ergo
1722 4262 1935 4318 visione
1961 4263 2350 4333 obstupefacti,

778 4371 982 4414 stetere
1011 4356 1174 4410 muti.
1210 4355 1348 4411 Cum
1382 4355 1535 4409 brevi
1561 4364 1746 4410 autem
1793 4355 2202 4425 perspexissent
2239 4371 2352 4410 non

775 4464 899 4504 esse
944 4450 1193 4502 fraudem
1249 4456 1306 4501 et
1349 4446 1626 4502 somnium
1658 4461 1723 4500 ea
1765 4461 1888 4516 qua:
1919 4446 2196 4512 videntur,
2254 4447 2352 4503 sed

1981 381 2266 442 MENSIS
2309 380 2741 442 DECEMBER.

749 510 938 564 terire.
987 505 1113 560 Haec
1166 516 1290 556 cum
1333 501 1582 564 dixisset,
1616 507 1672 552 et
1707 507 1958 552 sanetum
2014 497 2063 550 ei
2098 495 2334 550 alllasset
2365 501 2404 552 A

1557 518 1582 564 ι,
1616 507 1672 552 et
1707 507 1958 552 sanctum
2014 497 2063 550 ei
2098 495 2334 550 alllasset
2365 501 2404 552 A
2437 493 2754 564 ἐμπνεύσας
2836 490 3008 562 αὐτῷ,
3059 491 3239 562 πάσης

3910 375 4018 439 383

3322 489 3662 561 ἐμπίπλησιν
3745 489 4019 557 εὐφροσύε

2437 603 2558 655 νης.

2508 673 2628 743 ις’.
2668 675 2729 730 '0
2761 675 2816 728 δὲ
2845 675 3110 746 ἔπαρχος,
3176 672 3298 725 ἐπεὶ
3325 671 3490 735 αὑτός
3519 688 3580 724 τε
3635 669 3705 744 ἦν
3761 670 4023 740 ἀγχίνους

2434 770 2670 838 μάλιστα
2698 769 2793 822 καὶ
2849 768 3109 837 χρηστὸς.
3155 767 3249 818 καὶ
3281 765 3373 818 τὸν
3407 765 3682 836 μακάριον
3722 765 3840 836 ᾔδει
3892 765 4022 831 Μη-

2434 866 2533 918 νᾶν
2579 862 2744 931 σοφόν
2772 878 2832 914 τε
2855 857 3000 915 εἶναι
3031 861 3130 914 καὶ
3180 860 3280 930 τὴν
3315 861 3492 930 τύχην
3538 859 3842 930 περιφανῆ,
3875 851 4022 927 πρὸς

2432 955 2515 1008 δτι.
2547 955 2606 1009 δὲ
2641 955 2736 1010 καὶ
2767 954 3032 1024 πατρίδος
3079 952 3412 1025 ὁρμώμενον
3451 951 3553 1022 τῆς
3587 950 3782 1021 αὐτῆς,
3832 952 4019 1018 μέσων

2433 1049 2646 1103 νυκτῶν
2675 1049 2806 1111 τοὺς
2835 1046 3042 1110 ὕπνους
3081 1045 3552 1116 ἀποτριψάμενος,
3611 1047 3709 1099 καὶ
3753 1045 3851 1096 τοῦ
3900 1046 4022 1096 ἑπι-

2436 1141 2754 1205 σκοτοῦντος
2789 1139 3073 1210 ἀνανήψας
3095 1137 3296 1210 θυμοῦ,
3325 1137 3419 1191 καὶ
3451 1137 3814 1206 λογισάμενος
3835 1175 3851 1198 ,
3903 1136 4025 1199 οτας

2443 1234 2540 1304 μὲν
2568 1233 2734 1297 αὐτὸς
2763 1234 2838 1304 τῷ
2863 1233 3002 1302 ἁγίῳ
3024 1233 3296 1301 τιμωρίας
3324 1230 3648 1300 ἐπήνεγκεν,
3670 1223 3781 1280 οἷον
3806 1227 3861 1280 δὲ
3886 1228 4028 1296 πρὸς

2435 1326 2640 1388 ταύτας
2676 1326 2884 1387 ικεῐνος
2915 1322 3207 1394 ἀνάστημα
3237 1322 3420 1390 ψυχῆς
3446 1321 3544 1374 καὶ
3575 1319 3876 1390 καρτερίαν
3909 1318 4025 1370 είσ-

2436 1420 2685 1488 ήνεγκεν,
2723 1417 2876 1469 οὐδὲν
2906 1414 3270 1485 μικρέψυχον,
3305 1413 3461 1466 ούδδν
3499 1412 3696 1479 άγενὶς
3739 1410 3772 1479 ἢ
3829 1408 4024 1463 παθὼν

2437 1510 2470 1579 ἢ
2507 1509 2902 1580 φθεγξάμενος,
2959 1508 3054 1561 καὶ
3080 1508 3335 1561 ἀπώλετο
3363 1504 3528 1575 ἀνὴρ,
3575 1496 3636 1555 οὗ
3687 1501 3887 1563 πάντες
3930 1501 4026 1570 ητ-

2437 1620 2588 1665 τονες
2639 1603 2737 1672 τῆς
2787 1602 2979 1670 σοφίας
3011 1601 3104 1652 καὶ
3159 1599 3259 1667 τῆς
3298 1597 3469 1666 ἄλλης
3523 1595 3764 1663 σπουδῆς
3801 1593 4026 1662 (νεκρὸν

2439 1698 2547 1763 γὰρ
2578 1696 2676 1764 ήδη
2706 1694 2868 1747 αὑτὸν
2892 1691 3251 1761 ὑπελάμϐανε
3302 1691 3439 1760 πρὸς
3473 1689 3730 1748 τοιαύτας
3768 1686 3844 1756 μὴ
3872 1686 4029 1755 διαρς

2443 1786 2681 1836 κέσαντα
2711 1782 3029 1854 τιμωρίας),
3067 1785 3158 1835 καὶ
3188 1782 3496 1849 καταγνοὺς
3560 1776 3780 1842 ἑαυτοῦ,
3831 1779 3914 1830 ὅτι
3951 1776 4028 1847 μὴ

2443 1880 2752 1940 κολακείαις
2813 1877 3015 1948 μᾶλλον
3073 1879 3268 1946 Μηνᾶν
3334 1877 3678 1947 ὑπηγάγετο,
3737 1873 4026 1942 ἀγαπητὸν

2441 1972 2549 2039 γὰρ
2593 1974 2687 2023 καὶ
2736 1971 2910 2034 οὕτως
2963 1972 3133 2040 ἄνδρα
3167 1967 3427 2022 τοσοῦτον
3471 1969 3638 2031 ἑλεῖν,
3671 1965 3926 2035 δακρύων
3967 1980 4026 2016 τε

2445 2065 2747 2133 πληροῦται
2773 2065 2900 2127 τοὺς
2928 2063 3262 2132 ὀφθαλμοὺς,
3299 2063 3392 2112 καὶ
3423 2061 3518 2128 τῆς
3558 2058 3762 2127 ζημίας
3794 2057 4027 2108 ἐπέστε-

2446 2177 2534 2210 νεν
2592 2157 2803 2211 ἑαυτό-ι.
2841 2157 3101 2226 Ἔκρινεν
3139 2155 3255 2217 οὖν,
3301 2153 3492 2222 ῶσπερ
3545 2149 3895 2217 δυσωπηθεὶς
3927 2148 4028 2215 τὴν

2443 2251 2718 2320 τοσαύτην
2745 2250 2838 2303 τοῦ
2879 2248 3073 2318 ἀνδρὸς
3103 2247 3328 2317 ἀρετὴν,
3362 2244 3533 2296 ἕωθεν
3557 2243 3819 2302 αναστὰς,
3855 2239 4026 2307 δημο·

2447 2345 2538 2414 σίᾳ
2563 2344 2793 2412 τιμῆσαι
2822 2343 2912 2394 τὸν
2947 2342 3156 2394 ἐκείνου
3187 2338 3401 2409 νεκρὸν,
3436 2338 3536 2389 ὅσα
3578 2336 3643 2399 δὴ
3695 2335 3789 2386 καὶ
3823 2331 4029 2400 τιμῶσι

2449 2435 2578 2495 τοὺς
2613 2435 2902 2503 κειμένους
2948 2434 3180 2502 νεκροὺς
3208 2432 3256 2482 οἱ
3287 2431 3684 2500 προσήκοντες,
3735 2427 3829 2478 καὶ
3854 2423 4030 2486 οὕτως

2447 2527 2896 2596 ἀπολογήσασθαι
2933 2526 3008 2594 τῷ
3040 2542 3283 2594 μάρτυρι
3310 2524 3377 2575 τά
3397 2525 3491 2591 τῆς
3527 2517 4026 2588 ὓϐρεως.Ἠμέρας

2446 2619 2502 2669 δὲ
2536 2619 2636 2685 ἥδη
2690 2619 3015 2688 γενομένης,
3069 2620 3192 2670 ἐπεὶ
3252 2618 3451 2687 μεστὸν
3500 2611 3570 2686 ἦν
3632 2613 4033 2682 Ἀλεξανδρέων

2449 2711 2508 2763 τὸ
2534 2713 2763 2782 θέατρον
2810 2712 3091 2782 (ἤθροιστο
3133 2712 3242 2779 γὰρ
3275 2709 3428 2778 παρὰ
3458 2708 3567 2763 τῶν
3598 2706 3857 2777 κηρύκων
3886 2705 4032 2757 οὕτω

2451 2805 2765 2873 προσταγὲν
2817 2804 2969 2873 παρὰ
3003 2801 3096 2854 τοῦ
3133 2803 3427 2872 ἐπάρχου),
3463 2802 3808 2871 προκαθίσας
3843 2797 4029 2858 αὐτὸς.

2450 2898 2704 2948 ἐκέλευσε
2757 2900 2892 2967 τιμῇ
2945 2895 3115 2966 πολλῇ
3151 2898 3304 2965 παρὰ
3366 2895 3426 2947 τὸ
3460 2895 3612 2963 βῆμα
3678 2891 4033 2962 στρατιωτῶν

2451 2992 2612 3059 χερσὶ
2675 2992 2776 3059 τῆς
2829 2988 3056 3060 είρκτῆς
3117 2989 3590 3057 μετακομισθῆναι
3625 2987 3685 3038 τὸ
3734 2989 3896 3054 σῶμα
3937 2981 4031 3036 τοῦ

2455 3083 2756 3152 μάρτυρος.

2528 3174 2624 3226 ΙΖ’.
2667 3174 2756 3235 Ὠς
2810 3172 2867 3226 δὲ
2922 3171 3070 3236 me;
3118 3171 3218 3239 τῆς
3268 3171 3521 3240 φυλακῆς
3576 3171 3626 3222 οἱ
3677 3171 4030 3238 πεμφθέντες

2455 3264 2725 3330 ἐγίνοντο,
2758 3263 2945 3332 θαῦμα
2984 3263 3125 3315 εἶδον
3154 3265 3402 3333 κρεῖττον
3428 3262 3586 3328 λόγου
3626 3261 3719 3312 καὶ
3751 3259 3991 3320 διανοίας
4018 3277 4030 3288 ·

2455 3356 2632 3422 φωτὸς
2667 3355 2766 3423 μὲν
2792 3355 2976 3423 πλήρη
3012 3354 3110 3423 τὴν
3145 3351 3498 3422 ὲζοφωμὲνην
3525 3351 3769 3419 εἱρκτὴν,
3833 3349 3966 3418 ᾶνδρ
4012 3365 4037 3410 ς

2453 3449 2508 3500 δὲ
2537 3447 2651 3510 δύο,
2679 3447 2781 3517 τὴν
2843 3448 3058 3517 μορφὴν
3108 3447 3409 3517 ἀρρήτους,
3468 3446 3563 3496 καὶ
3597 3443 3670 3506 ὡς
3699 3441 4038 3514 δορυφόρους

2459 3539 2559 3605 μὲν
2606 3537 3078 3605 παρισταμένους,
3134 3536 3212 3596 ὡς
3262 3534 3493 3596 ὁπλίτας
3544 3534 3602 3586 δὲ
3636 3532 3866 3602 ἀμύνειν
3900 3531 4038 3584 ἑτοί-

2459 3644 2628 3696 μους⁹
2669 3630 2759 3681 τὸν
2793 3629 3049 3698 μάρτυρα
3080 3627 3136 3679 δὲ
3169 3627 3229 3679 οὗ
3259 3626 3420 3696 μόνον
3454 3625 3636 3689 ζῶντα
3669 3626 3764 3676 καὶ
3793 3626 3894 3692 τὴν
3924 3623 4039 3676 ὁλο-

2457 3723 2688 3794 κληρίαν
2708 3720 2802 3773 τοῦ
2829 3721 3081 3790 σώματος
3106 3717 3321 3786 ἀϐλαϐῆ
3357 3716 3756 3788 περισώζοντα,
3780 3716 3917 3769 ἀλλὰ
3944 3717 4038 3767 καὶ

2457 3815 2668 3884 ἥμερόν
2693 3831 2746 3865 τι
2778 3813 3219 3882 προσϐλέποντα,
3252 3809 3350 3862 καὶ
3379 3810 3481 3878 τὴν
3504 3807 3753 3876 γλῶτταν
3782 3807 4035 3859 κινοῦντα

2456 3911 2551 3962 καὶ
2587 3907 2828 3978 φαιδρῶς
2858 3907 3083 3978 ᾅδοντα·
3123 3926 3140 3956 ι
3183 3908 3304 3958 Ἐὰν
3361 3906 3454 3956 καὶ
3502 3902 3758 3971 πορευθῶ
3789 3905 3847 3954 ἐν
3881 3902 4038 3970 μέσῳ

2464 4001 2625 4061 σκιᾶς
2661 3997 2916 4061 θανάτου,
2949 3998 3008 4049 ού
3037 3996 3418 4067 φοϐηθήσομαι
3446 3995 3593 4047 κακά
3619 4011 3630 4023 '
3661 3995 3743 4045 ὅτι
3791 3995 3857 4047 σὺ
3916 3995 4039 4062 μετ’

2457 4089 2592 4159 ἐμοῦ
2646 4085 2714 4153 εἷ,
2769 4091 2966 4158 Κύριε,
3001 4107 3018 4138 ι
3062 4088 3509 4154 καταπλαγέντες
3545 4083 3709 4147 εὐθὺς
3763 4085 3904 4155 πρὸς
3937 4086 4036 4152 tif.

2456 4182 2602 4251 ϐψιν,
2637 4181 2873 4250 ῑστησαν
2918 4179 3075 4231 ἐνεοί.
3122 4180 3211 4232 Ἐν
3266 4179 3435 4247 ὀλίγῳ
3493 4177 3550 4230 δὲ
3600 4175 3907 4238 συνιδόντες
3963 4177 4040 4240 ὡς

2457 4277 2556 4326 οὐκ
2575 4273 2757 4342 ἀπάτη
2788 4273 2881 4326 καὶ
2908 4272 3117 4340 ὄνειρος
3147 4272 3213 4324 τὰ
3241 4271 3520 4342 ὁρώμενα,
3547 4267 3663 4320 ἁλλ’
3698 4269 4042 4338 ἐγρήγορσις

2460 4371 2556 4423 καὶ
2587 4369 2816 4438 ἀλήθεια
2878 4370 2973 4420 καὶ
2999 4367 3120 4420 θεία
3169 4383 3251 4428 τις
3304 4365 3557 4434 δύναμις,
3615 4362 4038 4432 μεταϐαλόντες,

2461 4460 2731 4531 ἐϐόησανο
2768 4458 2957 4525 Μέγας
3010 4460 3036 4510 ό
3089 4457 3222 4520 Θεὸς
3263 4453 3792 4525 τῶν-Χριστιανῶν.
3828 4453 4042 4506 Αὐτίκα

778 4541 1022 4611 vigiliam
1052 4548 1110 4595 et
1140 4539 1450 4604 veritatem,
1483 4548 1541 4594 et
1579 4539 1819 4593 divinam
1868 4540 2162 4609 quamdam
2192 4548 2352 4610 pote-
2391 4560 2434 4616 ι)

2351 4572 2352 4577 η
2391 4560 2434 4616 ι)
2461 4548 2593 4617 γοῦν
2624 4547 2695 4602 τά
2727 4565 2785 4601 τε
2817 4548 3185 4618 στρατιωτικὰ
3221 4546 3350 4615 ξίφη
3377 4545 3568 4617 πόρρω
3604 4543 4033 4606 καταϐαλόντες,

780 4643 978 4687 statem
1012 4669 1029 4692 ,
1101 4630 1294 4685 mutati
1347 4631 1797 4686 exclamaverunt
1849 4648 1865 4685 :
1924 4631 2152 4701 Magnus
2213 4632 2360 4688 Deus

776 4724 1216 4779 Christianorum
1273 4722 1527 4790 protinus
1566 4737 1718 4794 ergo,
1750 4725 1940 4793 procul
1971 4723 2203 4794 abjectis
2251 4725 2360 4780 illis

779 4816 1006 4870 ensibus
1061 4813 1441 4880 militaribus,
1493 4813 1697 4885 iudicis
1756 4821 1941 4869 autem
1999 4815 2136 4869 iram
2199 4816 2360 4872 nihili

781 4905 1069 4971 facientes,
1092 4914 1145 4960 et
1174 4904 1436 4975 presides
1459 4906 1680 4975 quidem
1703 4921 1767 4960 ac
1783 4907 2069 4975 praefectos
2086 4907 2359 4962 damnan-

784 5007 889 5059 tes,
946 4997 1272 5052 damnantes
1319 5011 1452 5052 vero
1507 4997 1676 5051 etiam
1723 4999 1901 5067 ipsum
1947 4999 2358 5068 imperatorem,

781 5089 1140 5144 crediderunt
1183 5089 1238 5143 in
1283 5087 1589 5153 Christum,
1634 5099 1692 5145 et
1735 5099 2050 5145 statuerunt
2096 5091 2360 5160 deinceps

785 5193 1007 5232 manere
1031 5179 1177 5247 apud
1207 5188 1484 5233 sanctum.
1516 5178 1652 5233 Cum
1678 5190 1865 5234 autem
1901 5193 1969 5234 ex
1998 5195 2066 5235 eo
2094 5182 2360 5252 contigis-

785 5279 870 5324 set
901 5269 1112 5324 diutius
1163 5270 1380 5324 tardare
1412 5271 1639 5335 milites,
1683 5271 2033 5327 desiderabat
2066 5284 2248 5328 autem
2276 5276 2358 5329 ci-

786 5365 929 5416 vitas
971 5363 1195 5432 quidem
1252 5363 1436 5418 vidcre
1489 5379 1690 5433 corpus
1741 5367 2026 5422 fortissimi
2084 5368 2306 5422 athleta:
2340 5409 2356 5432 ,

2465 4641 2546 4704 είς
2574 4640 2724 4694 οὐδὲν
2757 4640 2814 4693 δὲ
2839 4641 2934 4693 καὶ
2967 4640 3057 4691 τὸν
3086 4639 3405 4692 δικαστικὸν
3457 4638 3667 4690 ἐκεῖνον
3726 4636 3900 4704 θυμὸν
3955 4637 4045 4689 θέ-

2469 4749 2648 4804 μενοι,
2680 4733 2777 4784 καὶ
2811 4731 3172 4798 καταγνόντες
3209 4729 3309 4798 μὶν
3338 4728 3446 4782 τῶν
3500 4728 3802 4800 ἀρχόντων,
3869 4745 4046 4780 κατα-

2466 4825 2688 4893 γνόντες
2716 4825 2773 4878 δὶ
2827 4821 3036 4876 καὶτοῦ
3073 4821 3338 4892 βασιλέως
3374 4820 3563 4884 αὐτοῦ,
3609 4820 3944 4872 ἐπίστευσαν
3986 4836 4044 4871 τε

2467 4916 2548 4978 είς
2577 4914 2834 4984 Χριστὸν,
2863 4913 2957 4966 καὶ
3013 4912 3092 4982 τῷ
3138 4913 3282 4982 άγίῳ
3337 4911 3683 4982 παραμένειν
3707 4911 3787 4971 είς
3819 4911 3878 4960 τὸ
3912 4909 4046 4978 ἑξῆς

2467 5006 2723 5073 ἔκριναν.
2765 5005 2922 5058 Ἐπεὶ
2968 5004 3025 5057 δὲ
3063 5004 3158 5057 καὶ
3209 5004 3518 5076 ὑστερίζειν
3546 5000 3802 5058 ἐντεῦθεν
3835 5001 4041 5069 συνέϐη

2457 5099 2582 5159 τοὺς
2623 5097 2989 5167 στρατιώτας,
3017 5097 3049 5166 ή
3079 5096 3135 5149 δὲ
3163 5096 3316 5158 πόλις
3355 5093 3606 5163 ἐγλίχετο
3632 5092 3735 5162 μὲν
3771 5093 3900 5144 ἰδεῖν
3943 5095 4043 5144 καὶ

2461 5191 2554 5243 τὸν
2610 5189 2707 5243 τοῦ
2769 5189 3050 5258 ἀριστέως
3076 5188 3296 5256 νεκρὸν,
3338 5188 3467 5240 ίδεῐν
3493 5185 3548 5238 δὲ
3603 5186 3699 5237 καὶ
3729 5183 3780 5235 τί
3808 5183 3866 5236 τὸ
3906 5187 4042 5238 ἀπο.

2463 5283 2787 5352 ϐησόμενον,
2815 5282 3059 5350 εἱστήκει
3098 5279 3158 5332 τδ
3188 5278 3438 5348 θέατρον,
3493 5277 3618 5331 κατ’
3650 5275 3816 5330 αὑτοῦ
3852 5293 3910 5327 τε
3947 5276 4043 5326 τοῦ

2464 5373 2710 5441 ἐπάρχου
2741 5373 2836 5423 καὶ
2885 5373 2994 5422 τῶν
3049 5370 3399 5440 στρατιωτῶν
3459 5367 3790 5438 δυσχερείας
3819 5368 3913 5419 καὶ
3951 5369 4045 5419 θο-

788 5455 978 5509 videre
1011 5470 1141 5508 vero
1185 5454 1379 5523 etiam,
1411 5457 1546 5524 quid
1576 5465 1724 5512 esset
1766 5471 2096 5514 eventurum
2132 5477 2146 5513 :
2181 5461 2364 5515 stabat

2476 5462 2645 5533 ρύϐου
2701 5462 2920 5531 μεστόν.
2964 5461 3022 5513 Ὀ
3051 5460 3236 5530 μέντοι
3292 5461 3555 5529 ἔπαρχος,
3594 5457 3930 5529 χαρίσασθαι
3969 5459 4047 5527 τῷ

792 5546 1093 5609 theatrum,
1123 5545 1390 5602 adversus
1421 5549 1600 5616 ipsum
1624 5547 1940 5618 prefectum
1973 5558 2029 5605 et
2055 5551 2257 5606 milites
2279 5555 2363 5604 in-

793 5638 1028 5709 dignans
1067 5647 1125 5693 et
1163 5639 1524 5694 tumultuans.
1583 5641 1881 5697 Praefectus
1937 5651 2119 5697 autem
2172 5644 2364 5698 volens

861 5823 880 5852 '
918 5821 1057 5878 PSul.
1097 5839 1227 5889 χχιι,
1273 5825 1324 5878 4.

2475 5555 2634 5623 δήμῳ
2667 5553 3013 5622 βουλόμενος,
3073 5554 3196 5604 ἐπεὶ
3232 5551 3375 5618 ιγνω
3417 5552 3478 5604 τὸ
3529 5551 3783 5622 λυπῆσαν
3842 5552 4047 5613 αὐτοὺς

2475 5645 2626 5698 οὐδὲν
2680 5644 2866 5715 ἕτερον
2927 5642 2960 5713 ή
3019 5645 3116 5714 τὴν
3169 5643 3482 5715 βραδυτῆτα
3531 5644 3639 5696 τῶν
3687 5645 4048 5712 στρατιωτῶν
