4260 6430
210 335 320 399 389

1113 340 1582 401 MARTYRIUM
1625 340 1683 399 S.
1730 336 1966 398 ΜΕΝΕ
2006 339 2100 399 ΕΤ
2142 341 2563 403 SOCIORUM.

3372 342 3482 405 390

210 444 384 510 εἶναι,
412 449 622 518 ἑτέροις
654 450 867 503 πλείοσι
900 452 997 504 καὶ
1047 452 1492 527 σπουδαιοτέροις
1520 450 1789 520 στρατιώο
1823 453 1867 507 Α

1823 453 1867 507 Α
1898 450 2199 518 gratiﬁcari
2253 454 2477 520 populo,
2528 460 2817 522 postquam
2864 453 3125 523 cognovit
3152 452 3293 508 nihil
3327 456 3480 510 aliud

204 558 327 603 ταις
372 543 473 612 τὴν
523 542 862 612 ἀνακομιδὴν
903 544 999 597 τοῦ
1041 547 1322 617 μάρτυρος
1378 546 1690 612 έπιτρέπει.
1725 544 1792 596 Ol

204 633 285 697 δὲ,
321 635 444 686 snsi
476 636 574 687 καὶ
598 637 757 687 αὐτοὶ
798 636 935 706 πρὸς
979 638 1081 705 τὴν
1106 638 1358 708 φυλακην
1391 639 1791 705 πεφοιτήκασι,

206 726 305 777 καὶ
348 725 542 779 θεαταὶ
590 728 812 782 πάντων
867 729 1094 782 έκείνων
1148 727 1260 783 τῶν
1301 729 1627 799 παραδόξων
1659 728 1819 780 κειτ-¹

206 815 473 885 έστησαν,
524 820 769 889 ἥκουσαν
803 821 861 874 δέ
891 822 986 876 καὶ
1014 820 1109 875 τοῦ
1138 822 1419 893 μάρτυρος
1449 822 1794 890 τρανέστατα

207 905 604 981 διαλεγομένου
632 914 727 965 καὶ
754 913 852 984 τὴν
875 915 1126 984 γλῶτταν
1163 914 1451 986 εὐφραδῶς
1484 914 1789 978 κινοῦντος.

209 995 355 1054 ε’δον
393 1003 451 1057 δέ
506 1005 597 1057 καὶ
638 1008 767 1069 τοὺς
814 1008 1158 1078 στρατιώτας
1206 1008 1356 1081 αῦτῷ
1390 1006 1640 1080 καθάπερ
1673 1008 1793 1080 Θεῷ

208 1109 320 1146 τινι
352 1096 819 1169 προσανέχοντας,
854 1099 1104 1171 θάμδόυς
1144 1102 1478 1174 πλησθέντες
1520 1108 1614 1160 καὶ
1649 1124 1793 1177 πσρ-

208 1184 435 1251 εθέντες
468 1189 668 1260 μικροῦ
693 1189 770 1262 τῷ
792 1191 1058 1263 θεάματι,
1097 1196 1445 1268 παραχρῆμα
1490 1200 1586 1253 καὶ
1635 1200 1792 1252 αὐτοὶ

217 1278 465 1331 συνεῖδον
492 1280 643 1342 θείας
679 1278 817 1336 εἶναι
846 1286 910 1338 τὸ
936 1287 1175 1356 πρᾶγμα
1204 1287 1512 1358 δυνάμεως,
1555 1292 1791 1361 έπέστη-

209 1375 311 1425 σὰν
349 1391 407 1427 τε
436 1376 537 1447 ὅλῃ
560 1375 741 1448 ψυχῇ,
781 1378 950 1449 μηδὲν
978 1378 1082 1451 τῆς
1108 1382 1353 1452 ἐπάρχου
1386 1386 1790 1453 φροντίσαντες

208 1465 489 1529 έξουσίας,
519 1470 612 1520 καὶ
650 1473 760 1532 τοῖς
794 1469 1003 1536 λοιποῖς
1037 1474 1468 1546 προσετέθησαν.

279 1731 351 1783 Ill
374 1773 388 1786 .
425 1732 488 1784 Ὀ
522 1732 677 1802 ἅγιος
706 1734 907 1800 τοίνυν,
943 1738 1068 1792 επεὶ
1098 1740 1251 1813 παρὰ
1290 1740 1396 1795 τῶν
1442 1746 1790 1814 στρατιωτῶν

1896 555 2043 604 esse,
2094 542 2240 610 quod
2292 544 2375 597 eis
2438 543 2659 599 afferret
2707 546 3037 606 molestiam,
3089 546 3195 601 nisi
3245 544 3482 601 militum

1899 646 2109 684 moram
2141 632 2577 697 diuturniorem,
2611 635 2863 703 pluribus
2885 634 3008 687 aliis
3034 633 3481 703 diligentioribus

1898 724 2366 794 militibusjubet,
2400 735 2460 779 ut
2494 726 2725 779 allerant
2760 737 3080 797 martyrem.
3118 726 3256 780 Cum
3296 737 3479 781 autem

1897 815 1974 869 illi
2006 816 2107 884 ipsi
2134 830 2352 885 quoque
2382 816 2665 871 venissent
2704 819 2757 870 in
2803 832 3109 881 carcerem,
3150 826 3207 873 et
3237 819 3357 873 illas
3393 833 3482 872 res

1895 922 2091 961 omnes
2144 907 2412 963 vidissent
2476 908 2882 971 admirabiles,
2935 908 3285 966 audivissent
3348 925 3480 964 vero

1896 1006 2191 1069 martyrem
2216 1001 2561 1070 apertissime
2579 1010 2633 1055 et
2653 999 3070 1070 expeditissime
3087 1002 3479 1067 disserentem,

1894 1100 1950 1146 et
1980 1092 2225 1164 linguam
2262 1094 2469 1149 diserte
2495 1103 2843 1151 moventem:
2870 1093 3131 1149 viderunt
3160 1105 3345 1149 autem
3379 1097 3481 1147 mi-

1896 1182 2020 1239 lites
2048 1200 2270 1255 quoque
2304 1187 2379 1250 ei,
2415 1194 2675 1254 tanquam
2709 1186 2821 1241 Deo
2843 1185 3013 1241 alicui
3040 1185 3287 1241 animum
3323 1180 3481 1240 a'dhi-

1897 1276 2112 1339 bentes,
2154 1278 2523 1333 admiratione
2565 1279 2710 1348 pleni
2742 1289 2799 1333 et
2836 1278 3157 1347 spectaculo
3186 1293 3481 1349 propemo-

1896 1368 2026 1421 dum
2052 1369 2302 1430 resoluti.
2340 1373 2441 1440 ipsi
2480 1388 2702 1441 quoque
2740 1373 2928 1426 statim
2956 1384 3335 1442 cognoverunt
3364 1389 3478 1428 rem

1895 1478 2017 1516 esse
2066 1464 2266 1517 divina:
2315 1465 2557 1528 virtutis,
2608 1474 2662 1519 et
2702 1476 2817 1519 toto
2870 1465 3059 1520 animo
3094 1465 3476 1529 crediderunt,

1898 1557 2033 1611 nihil
2094 1556 2337 1626 preteeti
2396 1568 2657 1612 curantes
2704 1567 3032 1627 potestatem
3066 1600 3081 1621 ,
3138 1569 3193 1613 et
3249 1558 3481 1628 reliquis

1895 1658 2274 1705 accesserunt.

1969 1741 2161 1797 XVIII.
2197 1741 2437 1799 Sanctus
2468 1758 2601 1799 vero
2637 1753 2931 1814 postquam
2962 1743 3178 1798 audivit
3219 1759 3250 1797 a
3285 1744 3480 1799 militi-

204 1823 438 1893 ἠκηκόει
469 1823 544 1889 ὡς
575 1827 731 1881 Πᾶσα
764 1829 798 1898 ἠ
827 1829 980 1895 πόλις
1016 1833 1370 1905 παρέστηκεν
1416 1813 1540 1907 ἤδη,
1575 1838 1636 1889 τὸ
1666 1838 1789 1890 θεά·
1828 1813 1869 1872 Β

1828 1813 1869 1872 Β
1898 1835 2022 1899 bus,
2053 1834 2165 1906 jam
2202 1844 2369 1889 totam
2401 1834 2595 1891 adesse
2640 1813 2920 1891 civitatem
2948 1874 2963 1897 ,
2998 1833 3478 1905 magnifacientem

208 1917 409 1969 σασϐαί
444 1934 503 1971 σε
558 1921 689 1990 περὶ
733 1921 932 1976 πολλοῦ
985 1925 1270 1997 τιθεμένη,
1320 1929 1415 1980 καὶ
1455 1928 1531 1990 ὡς
1582 1930 1792 2001 ῑτοιμοι

210 2010 414 2071 πάντες
448 2014 727 2066 πιστεύειν
754 2015 831 2091 τῷ
851 2017 927 2085 σῷ
959 2016 1097 2088 Θεῷ,
1155 2020 1204 2070 εί
1234 2018 1518 2074 Θεάσαιντο
1542 2022 1704 2092 μόνον
1728 2027 1793 2077 τὰ

207 2106 339 2172 περὶ
374 2106 432 2158 σὲ
463 2105 741 2175 θαύματα,
793 2109 946 2164 οὐδὲν
996 2112 1258 2183 μελήσας,
1318 2114 1612 2186 έξῄει,κ;ιὶ
1667 2117 1794 2179 τοὺς

209 2200 557 2265 στρατιώτας
585 2198 723 2270 ἔχων
758 2203 1179 2271 συνεπομένους.
1226 2205 1312 2269 Ὠς
1357 2208 1409 2259 δὲ
1434 2208 1665 2260 ἀπιόντα
1697 2209 1789 2261 αὑ-

206 2292 299 2341 τον
318 2290 457 2359 πρὸς
492 2291 555 2343 τὸ
615 2292 844 2363 θέατρον
874 2290 1015 2348 εἶδεν
1044 2300 1070 2349 ὁ
1098 2296 1269 2366 δῆμος
1303 2299 1471 2366 ὑγιῶς
1503 2300 1649 2353 οὓτω
1699 2302 1794 2354 καὶ

202 2382 435 2445 ἀπαθῶς
462 2384 673 2453 ἔχοντα,
710 2385 900 2457 ὥσπερ
934 2388 1089 2443 οὐδὲν
1121 2390 1428 2459 ἀνήκεστον
1457 2394 1791 2458 πεπονθότα,

206 2472 415 2543 ἢκουσε
454 2476 509 2529 δέ
537 2476 633 2529 καὶ
694 2476 1019 2547 ὑπᾴδοντος,
1053 2497 1073 2531 ι
1117 2480 1240 2533 Ἐὰν
1263 2484 1645 2555 παρατάξηται
1694 2486 1795 2539 tn’

205 2567 306 2634 ἐμὲ
350 2567 695 2639 παρεμϐολὴ,
751 2572 814 2622 οὐ
864 2570 1243 2640 φοϐηθήσεται
1292 2576 1325 2644 ἡ
1365 2575 1564 2643 καρδία
1602 2594 1730 2645 μου,
1768 2595 1787 2628 ι

205 2658 500 2726 ὑπόκρισιν
534 2654 673 2712 εἶναι
723 2660 815 2712 καὶ
841 2661 997 2713 οὐδὲν
1020 2660 1187 2715 πλέον
1224 2662 1429 2733 σκηνῆς
1463 2666 1791 2719 ὑπώπτευκε

206 2749 278 2802 τὰ
310 2750 591 2819 δρώμενα.
635 2751 787 2803 Ἐπεὶ
818 2752 874 2804 δέ
906 2752 1002 2806 καὶ
1035 2756 1453 2825 περιεργότερον
1481 2756 1579 2821 τὰς
1641 2758 1792 2825 δψεις

202 2842 559 2905 ἐπιϐαλόντες
617 2845 783 2897 αὑτὸν
821 2846 1032 2898 ἐκεῖνον
1069 2842 1207 2899 εἰναι
1235 2849 1326 2901 τὸν
1355 2850 1548 2919 Μηνᾶν
1604 2852 1789 2919 ἁνεγί⁴

203 2953 439 2999 νωσκον⁹
472 2936 769 3007 ὀφθαλμοῖς
807 2937 1093 3007 βλέποντα,
1129 2943 1221 2994 καὶ
1252 2942 1472 3014 γλώσσῃ
1502 2943 1789 3011 λαλοῦντα,

205 3027 303 3080 καὶ
340 3027 628 3096 βαδίζοντι
670 3034 782 3091 τοῖς
840 3031 1021 3095 ποσὶν,
1063 3033 1225 3097 εὐθὺς
1252 3036 1351 3106 μιᾷ
1381 3040 1533 3107 φωνῇ
1565 3038 1790 3103 πάντες.

1893 1939 2022 1979 eum
2053 1923 2266 1986 videre,
2313 1932 2371 1978 et
2419 1934 2639 1991 paratos
2672 1940 2795 1979 esse
2839 1939 3035 1978 omnes
3072 1924 3303 1979 credere
3332 1924 3483 1981 illius

1898 2012 2028 2076 Deo,
2055 2014 2123 2077 si,
2157 2013 2351 2082 quzein
2386 2029 2513 2067 eum
2544 2014 2687 2067 facta
2717 2022 2868 2079 sunt,
2904 2014 3147 2068 viderint
3179 2014 3477 2069 miracula:

1897 2103 2037 2158 nihil
2063 2112 2356 2158 cunctatus
2377 2103 2688 2175 egreditur,
2716 2104 2929 2160 habens
2957 2106 3124 2159 etiam
3168 2105 3329 2160 simul
3350 2120 3477 2160 cum

1895 2211 1965 2250 eo
1999 2207 2224 2251 secutos
2268 2196 2493 2251 milites.
2523 2196 2659 2251 Cum
2693 2210 2879 2251 autem
2920 2212 3048 2251 eum
3095 2197 3164 2251 ad
3202 2196 3478 2253 theatrum

1895 2288 2249 2342 accedentem
2278 2288 2416 2342 vidit
2440 2289 2678 2358 populus
2703 2289 2844 2343 adeo
2870 2303 3069 2343 sanum
3098 2297 3155 2343 et
3180 2288 3478 2359 integrum,

1895 2393 2060 2451 atque
2086 2382 2134 2437 si
2174 2381 2317 2436 nihil
2359 2396 2621 2452 asperum
2653 2392 2709 2437 et
2754 2382 3051 2437 molestum
3086 2391 3236 2437 esset
3257 2397 3477 2452 passus,

1895 2474 2109 2529 audivit
2144 2488 2278 2527 vero
2302 2490 2432 2528 eum
2466 2490 2687 2545 quoque
2718 2484 3011 2529 canentem
3057 2491 3073 2529 :
3122 2494 3140 2526 ι
3179 2473 3239 2530 Si
3271 2476 3480 2531 consti-

1899 2567 2344 2622 terintadversus
2368 2583 2454 2622 me
2482 2578 2687 2632 castra,
2704 2582 2813 2622 non
2831 2567 3048 2623 timebit
3072 2582 3168 2622 cor
3191 2583 3376 2624 meum
3398 2570 3472 2630 ',s

1895 2662 2213 2717 simulatum
2271 2671 2329 2716 et
2383 2661 2666 2715 scenicum
2736 2659 3033 2729 quemdam
3105 2675 3229 2715 esse
3290 2670 3476 2715 actum

1895 2756 2327 2826 suspicabantur
2342 2770 2431 2819 ea,
2456 2771 2579 2825 quae
2599 2754 2950 2810 videbantur.
2973 2755 3271 2824 Postquam
3290 2765 3474 2810 autvm

1895 2848 2169 2903 curiosius
2220 2848 2413 2902 oculos
2471 2847 2873 2915 conjicientcs,
2928 2853 3275 2915 agnoverunt
3324 2846 3478 2901 illum

1895 2956 2015 2996 esse
2063 2939 2303 3002 lenam,
2353 2937 2535 2994 oculis
2578 2938 2880 3003 videntem,
2939 2946 2997 2992 et
3029 2938 3214 3007 lingua
3246 2938 3480 3009 loquen-

1899 3041 2030 3097 tem,
2074 3040 2132 3086 et
2180 3031 2584 3101 ingredientem
2621 3029 2881 3099 pedibus,
2926 3029 3111 3084 statim
3139 3044 3334 3085 omnes
3370 3046 3477 3084 una

217 3118 577 3189 Ἐκράτησεν,
641 3119 815 3181 εἷπον,
854 3124 887 3192 η
932 3124 1025 3177 τοῦ
1074 3126 1313 3195 Χριστοῦ
1385 3129 1640 3198 δύναμις,
1696 3136 1863 3209 sisic

1818 3150 1863 3209 ϐ
1899 3138 2029 3177 voce
2082 3122 2312 3177 :Fortis
2370 3122 2496 3184 fuit,
2554 3120 2850 3185 dixerunt,
2908 3119 3070 3175 fortis
3135 3120 3241 3175 fuit
3270 3122 3477 3176 Christi

202 3211 376 3267 αὑτοῦ
424 3211 656 3266 θανάτου
682 3217 1010 3285 ἐκράτησεν.
1041 3217 1287 3287 Εὑτυχὴς
1320 3225 1349 3289 ἡ
1392 3222 1791 3291 Ἀλεξανδρέων

1896 3215 2094 3279 virtus,
2118 3216 2287 3269 etiam
2315 3212 2583 3268 adversus
2630 3213 2804 3283 ipsam
2851 3223 3112 3265 mortem.
3155 3210 3305 3266 Felix
3337 3212 3477 3268 civi-

202 3304 278 3357 δι⁹
311 3304 433 3367 ἑνὸς
468 3302 660 3359 τούτου
727 3306 918 3378 ἀνδρὸς
982 3308 1223 3379 σήμερον
1251 3311 1520 3383 τοσαύτην
1570 3314 1790 3385 ἀπάτην

204 3396 531 3465 φωρασασα,
570 3400 661 3450 καὶ
692 3399 1091 3467 μεταμαθοῦσσ.
1140 3402 1322 3465 καλῶς
1374 3405 1474 3473 τὴν
1501 3406 1785 3476 ἀλήθειαν.

204 3486 349 3541 Θεοῦ
402 3490 570 3559 μόνου
627 3490 1020 3560 ἀναμφιλόγως
1084 3495 1116 3563 η
1172 3492 1386 3559 έξουσία
1447 3495 1589 3569 αὕτη
1640 3501 1788 3571 κιὶὴ

205 3578 391 3645 ἰσχύς.
434 3577 625 3649 Δῦχει,
653 3582 845 3650 ρἦορ,
879 3582 1089 3653 ἀθλητὰ
1112 3583 1208 3637 τοῦ
1241 3586 1498 3657 ἀληθινοῦ
1529 3588 1663 3642 Θεοῦ
1698 3594 1789 3644 καὶ

204 3671 500 3736 σώζοντος,
530 3672 711 3743 ablat.
754 3673 813 3727 '0
856 3675 913 3727 δέ
944 3676 1205 3746 ἔπαρχος,
1228 3679 1528 3748 ἐκπλαγεὶς
1559 3684 1637 3754 τῷ
1665 3700 1789 3737 και⁴

204 3764 284 3829 νῷ
334 3766 427 3816 καὶ
478 3765 771 3836 παραδόξῳ
828 3766 923 3819 τοῦ
992 3770 1348 3838 πράγματος,
1382 3774 1474 3825 καὶ
1503 3774 1687 3837 δ;ίσας
1711 3778 1785 3847 μὴ

204 3858 302 3906 καὶ
333 3856 467 3924 παρ’
494 3856 716 3920 ἐλπίδας
733 3857 1003 3927 νεώτερόν
1026 3876 1077 3912 τι
1106 3861 1313 3930 πρᾶξαι
1331 3865 1389 3914 τὸ
1424 3864 1649 3935 θέατρον
1675 3867 1789 3919 οια-

202 3948 447 4019 νοηθείη,
463 3949 781 4003 ἀνίστασθαι
798 3950 1031 4022 ἰκρινεν.
1049 3952 1133 4015 Ὠ,
1151 3954 1206 4007 δὲ
1223 3950 1333 4008 εἶδε
1354 3958 1414 4010 τὸ
1430 3958 1635 4029 πλῆθος
1652 3960 1788 4027 πλῆο

204 4056 297 4107 ρες
326 4038 387 4091 ὃν
419 4041 592 4109 ὁρμῆς
618 4040 711 4093 καὶ
738 4045 1027 4111 κινήσεως,
1046 4044 1213 4115 ηκουέ
1239 4062 1295 4098 τε
1321 4050 1417 4100 καὶ
1452 4051 1671 4103 πάντων
1700 4050 1788 4119 βο-

201 4130 415 4195 ώντων,
449 4132 778 4201 Ἐπίμεινον,
799 4135 1130 4203 περίδλεπτε
1163 4137 1391 4207 ἔπαρχε·
1412 4140 1491 4211 μη
1512 4144 1785 4212 φθονήσῃς

204 4222 363 4273 πόλει
392 4223 633 4292 τοσαύτῃ
695 4224 954 4293 μεγίστου
992 4226 1339 4296 πράγματος,
1386 4230 1478 4282 τὸν
1523 4230 1658 4284 Θεὸν
1691 4238 1786 4303 ση-

206 4330 378 4383 μερον
402 4313 706 4379 ἐπιγνῶναι
731 4314 821 4365 τὸν
845 4314 1072 4384 ἀψευδῆ,
1106 4318 1200 4370 καὶ
1241 4318 1374 4387 πρὸς
1399 4323 1457 4371 τ’,
1486 4320 1600 4389 φῶς
1626 4322 1785 4375 εὐθν-

204 4402 445 4473 παρῆσαι
493 4402 591 4472 τῆς
641 4402 918 4475 ἀληθείας
958 4407 1163 4473 γίνεται
1198 4412 1293 4462 καὶ
1340 4410 1504 4474 αὐτὸς
1531 4412 1648 4477 ὅλος
1684 4414 1781 4482 τῆς

1897 3316 1978 3361 tas
2006 3305 2400 3371 Alexandrina,
2431 3322 2555 3377 qua
2586 3322 2684 3376 per
2718 3321 2888 3359 unum
2918 3306 3067 3360 hunc
3096 3308 3274 3361 virum
3309 3307 3477 3362 hodie

1897 3408 2101 3451 tantam
2160 3397 2409 3452 fraudem
2455 3397 2849 3467 deprehendit,
2903 3406 2960 3451 et
3010 3399 3241 3469 pulchre
3278 3399 3478 3470 didicit

1894 3490 2206 3547 veritatem.
2238 3491 2332 3544 Dei
2360 3490 2536 3545 solius
2572 3490 2711 3545 citra
2759 3492 3197 3546 controversiam
3243 3502 3331 3545 est
3360 3492 3478 3547 ha-e

1894 3592 2143 3653 potestas
2173 3591 2229 3636 et
2262 3583 2457 3637 virtus.
2484 3581 2764 3647 Gloriare,
2795 3598 2830 3637 o
2870 3592 3081 3647 orator,
3111 3583 3321 3638 athleta
3352 3586 3469 3638 veri

1892 3676 1988 3730 Dei
2022 3684 2076 3728 et
2108 3674 2446 3739 Servatoris,
2480 3675 2742 3745 gloriare.
2801 3676 3099 3730 Praefectus
3133 3685 3321 3730 autem
3370 3676 3473 3731 ob-

1890 3768 2233 3839 stupefactus
2280 3772 2360 3823 rei
2414 3770 2656 3824 novitate
2708 3778 2765 3823 et
2800 3768 3253 3835 admirabilitate,
3282 3782 3339 3824 et
3372 3785 3471 3824 ve-

1891 3863 2053 3926 ritus,
2086 3877 2155 3915 ne
2181 3870 2381 3931 prater
2406 3877 2559 3931 spem
2585 3860 2793 3931 aliquid
2829 3862 2957 3915 novi
2992 3861 3172 3917 facere
3202 3863 3473 3933 cogitaret

1892 3954 2191 4016 theatrum,
2240 3953 2431 4007 statuit
2495 3968 2745 4022 surgere.
2814 3951 3107 4022 Postquam
3160 3968 3293 4007 vero
3336 3954 3476 4009 vidit

1890 4055 2063 4102 totum
2084 4046 2346 4115 populum
2376 4044 2761 4112 l'erriquodam
2790 4060 2985 4112 magno
3008 4055 3160 4099 motu
3196 4053 3253 4099 et
3290 4046 3472 4115 impe-

1890 4146 1968 4197 tu,
1999 4143 2056 4189 et
2086 4136 2299 4187 audivit
2313 4149 2507 4188 omnes
2527 4136 2829 4187 clamantes
2854 4152 2867 4187 :
2905 4134 3136 4196 lane,o
3162 4135 3473 4191 venerande

1890 4228 2169 4298 prefecte,
2216 4227 2327 4280 noli
2376 4224 2623 4279 invidere
2678 4236 2840 4280 tantae
2892 4226 3097 4281 civitati
3136 4243 3251 4282 rem
3296 4228 3473 4282 maxi-

1887 4330 2053 4379 mam,
2080 4329 2278 4385 nempe
2302 4324 2361 4370 ut
2396 4330 2585 4369 verum
2645 4313 2815 4368 Deum
2866 4325 3127 4384 agnoscat
3166 4316 3354 4381 hodie,
3412 4328 3471 4373 et

1889 4419 2041 4463 recta
2070 4406 2414 4477 ingrediatur
2441 4406 2507 4461 ad
2539 4406 2720 4462 lucem
2756 4408 3046 4463 veritatis:
3097 4409 3213 4477 ipse
3243 4424 3468 4478 quoque

202 4497 285 4561 είς
332 4496 422 4549 τὸν
456 4497 713 4568 μάρτυρα
764 4497 1239 4566 παραδοξοποιίας,
1297 4502 1390 4555 καὶ
1444 4503 1522 4572 τῷ
1582 4475 1861 4576 πλήθειν

1807 4475 1861 4536 D
1892 4508 2033 4555 totus
2057 4475 2310 4553 versatur
2336 4499 2391 4550 in
2421 4498 2845 4568 contemplanda
2876 4514 2935 4553 re
2965 4475 3297 4565 admirabili,
3346 4475 3469 4570 qua

205 4591 421 4659 σιωπᾷν
454 4590 846 4661 παραγγέλλει.
878 4589 982 4643 Τδν
1008 4590 1065 4644 δέ
1095 4590 1252 4660 ἅγιον
1281 4593 1411 4661 παρ’
1434 4594 1597 4649 αὐτὸν
1624 4597 1783 4667 ήκειν

206 4682 498 4746 κελεύσας,
519 4684 643 4735 brat
671 4682 947 4752 έγγύτατα
976 4680 1064 4753 ἧν,
1101 4690 1369 4741 κατενόει.
1389 4686 1509 4741 Ἐνύ
1521 4707 1646 4743 πνια
1670 4694 1779 4762 γὰρ

124 4820 127 4823 λ
202 4776 343 4836 τέως
370 4774 547 4827 έδόκει
579 4773 728 4845 αὑτῷ
759 4776 828 4828 τα
863 4778 1190 4847 φαινόμενα,
1232 4778 1388 4832 οὕπω
1444 4782 1639 4852 πεῖραν
1685 4783 1784 4838 λα-

202 4868 357 4920 ϐόντι
390 4866 653 4939 Χριστοῦ.
720 4866 870 4921 Ἐπεὶ
902 4866 961 4920 δέ
1016 4868 1127 4923 τῶν
1174 4886 1234 4923 τε
1266 4871 1478 4943 δημίων
1509 4876 1560 4927 εί
1612 4892 1783 4947 παρε-

1890 4592 2168 4647 acciderat
2216 4591 2465 4661 martyri,
2496 4600 2554 4644 et
2580 4592 2791 4661 populo
2819 4592 3113 4645 denuntiat
3158 4592 3463 4646 silentium.

1889 4683 2027 4738 Cum
2056 4692 2243 4737 autem
2294 4694 2542 4738 sanctum
2589 4682 2847 4751 jussissct
2892 4684 2959 4737 ad
3002 4698 3063 4738 se
3110 4685 3322 4751 venire,
3375 4686 3468 4741 ubi

1891 4776 2140 4845 proxime
2172 4775 2297 4839 fuit,
2335 4789 2459 4828 eum
2490 4774 2881 4828 animadvertit
2922 4784 2977 4829 ct
3014 4776 3290 4846 cognovit.
3330 4777 3466 4832 Nam

1892 4868 1941 4923 ei
1972 4865 2191 4936 quidem
2230 4875 2389 4919 antea
2442 4864 2770 4918 videbantur
2807 4867 3020 4919 somnia
3069 4880 3156 4928 ea,
3200 4880 3322 4934 qua
3366 4882 3466 4935 ap-

208 4960 418 5023 στῶτες
474 4959 627 5025 καὶὴ
660 4958 793 5027 ᾶλλη
852 4960 1003 5012 πᾶσα
1061 4961 1379 5032 δορυφορία,
1432 4967 1571 5035 πρὸς
1603 4967 1782 5021 δὲκαὶ
1884 4977 1890 5030 l

1884 4961 2170 5031 parebant,
2202 4969 2259 5011 ut
2286 4958 2377 5026 qui
2410 4957 2613 5012 Christi
2673 4962 2914 5011 nondum
2972 4958 3255 5013 habuisset
3296 4974 3465 5027 exps-

204 5050 370 5113 αὐτδς
401 5050 638 5121 ῑπαρχος
710 5049 943 5114 οίκείαις
1000 5055 1190 5123 χερσὶν
1222 5052 1435 5109 ῑκαστα
1456 5056 1774 5113 διαϐασανί-

208 5159 432 5208 σαιτες,
464 5142 863 5214 ἀναντίρρητον
901 5144 1149 5212 ιγνωσαν
1173 5147 1272 5217 τὴν
1300 5149 1484 5203 πίστιν
1515 5150 1609 5204 τοῦ
1648 5153 1781 5205 θαύ-

210 5250 406 5304 ματος,
438 5232 599 5296 tces;
630 5234 754 5286 τότε
803 5234 1108 5304 περιεστὼς
1129 5236 1276 5293 ἅπαν
1306 5240 1400 5293 καὶ
1449 5242 1613 5306 αὐτὸς
1640 5245 1783 5313 ἀπη-

207 5324 387 5397 νεὼθη
418 5328 446 5379 ό
474 5327 734 5399 ἐπαρχος.

284 5590 384 5648 ια.
428 5592 643 5663 Ἱκανῆς
670 5596 727 5649 δὲ
757 5596 907 5670 ὥρας
932 5600 1332 5673 παρελθούσης,
1389 5603 1449 5656 τὸ
1500 5604 1632 5657 πολὺ
1687 5595 1782 5674 τῆς

278 5778 296 5806 ⁸
332 5776 477 5833 Psal.
520 5792 663 5843 xxvs,
698 5778 749 5833 3.

1886 5051 2155 5105 rientiam.
2187 5048 2481 5117 Postquam
2512 5057 2703 5101 autem
2728 5060 2783 5101 et
2816 5049 2911 5117 qui
2948 5048 3177 5103 aderant
3214 5050 3463 5110 lictores,

1885 5152 1942 5196 ct
1981 5142 2161 5194 omnis
2197 5140 2303 5193 alia
2332 5139 2625 5192 satellitum
2669 5148 2911 5205 caterva,
2960 5141 3095 5209 quin
3138 5141 3301 5195 etiam
3349 5144 3463 5211 ipse

1890 5234 2175 5304 prafectus
2224 5234 2462 5302 prepriis
2505 5234 2758 5288 manibus
2806 5234 3019 5304 singula
3062 5236 3463 5300 examinantes,

1891 5328 1981 5381 cui
2015 5325 2315 5379 contradici
2363 5339 2469 5378 non
2524 5333 2724 5393 potest.
2780 5324 2940 5380 ﬁdem
2995 5340 3300 5397 cognovere
3351 5326 3457 5379 mi-

1890 5418 2082 5482 raculi,
2114 5426 2245 5471 tunc
2271 5430 2459 5470 omnes
2484 5414 2981 5479 circumsistentes,
3006 5426 3061 5470 et
3090 5417 3204 5485 ipse
3237 5431 3458 5486 quoque

1890 5510 2178 5581 praefectus
2202 5508 2502 5561 obmutuit.

1967 5601 2104 5656 XIX.
2140 5602 2276 5654 Cum
2313 5609 2493 5653 autem
2527 5598 2857 5667 permultum
2902 5596 3205 5651 transiissct
3247 5602 3459 5666 tempo-
