  <div class='ocr_page' id='page_1' title='image "/cluster/home/n/w/nwhite01/storage/ocr_20150623/116/nnc1.0046980156/225.png"; bbox 0 0 4260 6430; ppageno 0'>
   <div class='ocr_carea' id='block_1_1' title="bbox 783 383 888 447">
    <p class='ocr_par' dir='ltr' id='par_1_1' title="bbox 783 383 888 447">
     <span class='ocr_line' id='line_1_1' title="bbox 783 383 888 447; baseline 0.019 -2"><span class='ocrx_word' id='word_1_1' title='bbox 783 383 888 447; x_wconf 79' lang='grc'><strong>391</strong></span> 
     </span>
    </p>
   </div>
   <div class='ocr_carea' id='block_1_2' title="bbox 2016 386 4051 464">
    <p class='ocr_par' dir='ltr' id='par_1_2' title="bbox 2016 386 4051 464">
     <span class='ocr_line' id='line_1_2' title="bbox 2016 386 4051 464; baseline 0.008 -18"><span class='ocrx_word' id='word_1_2' title='bbox 2016 387 2067 446; x_wconf 77' lang='grc' dir='ltr'>Μ</span> <span class='ocrx_word' id='word_1_3' title='bbox 2081 386 2304 448; x_wconf 78' lang='lat' dir='ltr'><strong>ENSIS</strong></span> <span class='ocrx_word' id='word_1_4' title='bbox 2350 388 2786 452; x_wconf 81' lang='lat' dir='ltr'><strong>DECEMBER.</strong></span> <span class='ocrx_word' id='word_1_5' title='bbox 3942 401 4051 464; x_wconf 69' lang='lat'><strong>399.</strong></span> 
     </span>
    </p>
   </div>
   <div class='ocr_carea' id='block_1_3' title="bbox 778 497 2436 584">
    <p class='ocr_par' dir='ltr' id='par_1_3' title="bbox 778 497 2435 567">
     <span class='ocr_line' id='line_1_3' title="bbox 778 497 2435 567; baseline 0.002 -16"><span class='ocrx_word' id='word_1_6' title='bbox 778 497 880 559; x_wconf 85' lang='lat' dir='ltr'><strong>ris,</strong></span> <span class='ocrx_word' id='word_1_7' title='bbox 916 497 1148 550; x_wconf 89' lang='lat' dir='ltr'><strong>multum</strong></span> <span class='ocrx_word' id='word_1_8' title='bbox 1184 511 1317 550; x_wconf 90' lang='lat' dir='ltr'><strong>vero</strong></span> <span class='ocrx_word' id='word_1_9' title='bbox 1354 497 1601 566; x_wconf 87' lang='lat' dir='ltr'><strong>stuporis</strong></span> <span class='ocrx_word' id='word_1_10' title='bbox 1652 498 1984 552; x_wconf 84' lang='lat' dir='ltr'><strong>excussisset</strong></span> <span class='ocrx_word' id='word_1_11' title='bbox 2045 499 2358 567; x_wconf 74' lang='lat' dir='ltr'><strong>praefectus,</strong></span> <span class='ocrx_word' id='word_1_12' title='bbox 2390 505 2435 560; x_wconf 82' lang='grc' dir='ltr'><strong>Α</strong></span> 
     </span>
    </p>
   </div>
   <div class='ocr_carea' id='block_1_4' title="bbox 2395 497 4050 584">
    <p class='ocr_par' dir='ltr' id='par_1_4' title="bbox 2395 505 4050 584">
     <span class='ocr_line' id='line_1_4' title="bbox 2395 505 4050 584; baseline 0.009 -30"><span class='ocrx_word' id='word_1_13' title='bbox 2395 505 2435 560; x_wconf 78' lang='grc' dir='ltr'><strong>Α</strong></span> <span class='ocrx_word' id='word_1_14' title='bbox 2465 505 2644 577; x_wconf 79' lang='grc' dir='ltr'>ἐκτ.λή</span> <span class='ocrx_word' id='word_1_15' title='bbox 2659 507 2794 570; x_wconf 84' lang='grc' dir='ltr'>ξεως</span> <span class='ocrx_word' id='word_1_16' title='bbox 2825 505 3017 576; x_wconf 84' lang='grc' dir='ltr'>ὥσπερ</span> <span class='ocrx_word' id='word_1_17' title='bbox 3045 507 3074 560; x_wconf 85' lang='grc' dir='ltr'><strong>ό</strong></span> <span class='ocrx_word' id='word_1_18' title='bbox 3098 507 3341 579; x_wconf 76' lang='grc' dir='ltr'>επαρχος</span> <span class='ocrx_word' id='word_1_19' title='bbox 3371 511 3898 584; x_wconf 79' lang='grc' dir='ltr'><strong>ἀποσκευασάμενος</strong></span> <span class='ocrx_word' id='word_1_20' title='bbox 3956 523 4050 571; x_wconf 72' lang='grc' dir='ltr'>καὶ</span> 
     </span>
    </p>
   </div>
   <div class='ocr_carea' id='block_1_5' title="bbox 771 587 2355 656">
    <p class='ocr_par' dir='ltr' id='par_1_5' title="bbox 771 587 2355 656">
     <span class='ocr_line' id='line_1_5' title="bbox 771 587 2355 656; baseline 0.002 -13"><span class='ocrx_word' id='word_1_21' title='bbox 771 599 829 643; x_wconf 90' lang='lat' dir='ltr'><strong>et</strong></span> <span class='ocrx_word' id='word_1_22' title='bbox 853 588 922 642; x_wconf 91' lang='lat' dir='ltr'><strong>ad</strong></span> <span class='ocrx_word' id='word_1_23' title='bbox 951 603 1012 642; x_wconf 89' lang='lat' dir='ltr'><strong>se</strong></span> <span class='ocrx_word' id='word_1_24' title='bbox 1037 587 1306 650; x_wconf 84' lang='lat' dir='ltr'><strong>rediisset.</strong></span> <span class='ocrx_word' id='word_1_25' title='bbox 1339 587 1479 642; x_wconf 91' lang='lat' dir='ltr'><strong>dixit</strong></span> <span class='ocrx_word' id='word_1_26' title='bbox 1505 596 1730 643; x_wconf 87' lang='lat' dir='ltr'><strong>sancto:</strong></span> <span class='ocrx_word' id='word_1_27' title='bbox 1773 588 1868 644; x_wconf 90' lang='lat' dir='ltr'><strong>Dic</strong></span> <span class='ocrx_word' id='word_1_28' title='bbox 1905 590 2059 655; x_wconf 73' lang='lat' dir='ltr'><strong>mihi,</strong></span> <span class='ocrx_word' id='word_1_29' title='bbox 2092 606 2128 645; x_wconf 88' lang='grc' dir='ltr'><strong>ο</strong></span> <span class='ocrx_word' id='word_1_30' title='bbox 2168 592 2355 656; x_wconf 87' lang='lat' dir='ltr'><strong>homo,</strong></span> 
     </span>
    </p>
   </div>
   <div class='ocr_carea' id='block_1_6' title="bbox 774 678 2356 748">
    <p class='ocr_par' dir='ltr' id='par_1_6' title="bbox 774 678 2356 748">
     <span class='ocr_line' id='line_1_6' title="bbox 774 678 2356 748; baseline 0 -15"><span class='ocrx_word' id='word_1_31' title='bbox 774 695 901 734; x_wconf 84' lang='lat' dir='ltr'><strong>vere</strong></span> <span class='ocrx_word' id='word_1_32' title='bbox 935 694 1035 747; x_wconf 90' lang='lat' dir='ltr'><strong>per</strong></span> <span class='ocrx_word' id='word_1_33' title='bbox 1075 679 1242 731; x_wconf 81' lang='lat' dir='ltr'><strong>Deum</strong></span> <span class='ocrx_word' id='word_1_34' title='bbox 1290 687 1486 736; x_wconf 89' lang='lat' dir='ltr'><strong>tuum:</strong></span> <span class='ocrx_word' id='word_1_35' title='bbox 1528 678 1661 748; x_wconf 87' lang='lat' dir='ltr'><strong>quid</strong></span> <span class='ocrx_word' id='word_1_36' title='bbox 1713 678 1831 734; x_wconf 64' lang='lat' dir='ltr'><strong>haec</strong></span> <span class='ocrx_word' id='word_1_37' title='bbox 1877 679 1984 734; x_wconf 85' lang='lat' dir='ltr'><strong>sibi</strong></span> <span class='ocrx_word' id='word_1_38' title='bbox 2029 680 2261 734; x_wconf 80' lang='lat' dir='ltr'><strong>volunt?</strong></span> <span class='ocrx_word' id='word_1_39' title='bbox 2301 692 2356 735; x_wconf 93' lang='lat' dir='ltr'><strong>et</strong></span> 
     </span>
    </p>
   </div>
   <div class='ocr_carea' id='block_1_7' title="bbox 773 769 2358 842">
    <p class='ocr_par' dir='ltr' id='par_1_7' title="bbox 773 769 2358 842">
     <span class='ocr_line' id='line_1_7' title="bbox 773 769 2358 842; baseline 0.001 -18"><span class='ocrx_word' id='word_1_40' title='bbox 773 787 898 841; x_wconf 69' lang='lat' dir='ltr'><strong>quae</strong></span> <span class='ocrx_word' id='word_1_41' title='bbox 928 769 1185 823; x_wconf 85' lang='lat' dir='ltr'><strong>videntur</strong></span> <span class='ocrx_word' id='word_1_42' title='bbox 1219 769 1619 824; x_wconf 66' lang='lat' dir='ltr'><strong>admirabiliter</strong></span> <span class='ocrx_word' id='word_1_43' title='bbox 1643 779 1701 824; x_wconf 92' lang='lat' dir='ltr'><strong>et</strong></span> <span class='ocrx_word' id='word_1_44' title='bbox 1748 783 1950 841; x_wconf 68' lang='lat' dir='ltr'><strong>praeter</strong></span> <span class='ocrx_word' id='word_1_45' title='bbox 1996 771 2358 842; x_wconf 82' lang='lat' dir='ltr'><strong>opinionem?</strong></span> 
     </span>
    </p>
   </div>
   <div class='ocr_carea' id='block_1_8' title="bbox 776 859 2353 926">
    <p class='ocr_par' dir='ltr' id='par_1_8' title="bbox 776 859 2353 926">
     <span class='ocr_line' id='line_1_8' title="bbox 776 859 2353 926; baseline 0.003 -11"><span class='ocrx_word' id='word_1_46' title='bbox 776 862 962 915; x_wconf 86' lang='lat' dir='ltr'><strong>Potest</strong></span> <span class='ocrx_word' id='word_1_47' title='bbox 994 859 1144 912; x_wconf 88' lang='lat' dir='ltr'><strong>enim</strong></span> <span class='ocrx_word' id='word_1_48' title='bbox 1177 860 1292 914; x_wconf 75' lang='lat' dir='ltr'><strong>haec</strong></span> <span class='ocrx_word' id='word_1_49' title='bbox 1331 861 1475 914; x_wconf 87' lang='lat' dir='ltr'><strong>Deus</strong></span> <span class='ocrx_word' id='word_1_50' title='bbox 1507 861 1660 916; x_wconf 78' lang='lat' dir='ltr'><strong>solus</strong></span> <span class='ocrx_word' id='word_1_51' title='bbox 1705 860 1906 926; x_wconf 78' lang='lat' dir='ltr'><strong>facere,</strong></span> <span class='ocrx_word' id='word_1_52' title='bbox 1953 873 2010 918; x_wconf 91' lang='lat' dir='ltr'><strong>et</strong></span> <span class='ocrx_word' id='word_1_53' title='bbox 2041 879 2148 919; x_wconf 86' lang='lat' dir='ltr'><strong>non</strong></span> <span class='ocrx_word' id='word_1_54' title='bbox 2195 866 2353 919; x_wconf 82' lang='lat' dir='ltr'><strong>alius.</strong></span> 
     </span>
    </p>
   </div>
   <div class='ocr_carea' id='block_1_9' title="bbox 774 948 2354 1023">
    <p class='ocr_par' dir='ltr' id='par_1_9' title="bbox 774 948 2354 1023">
     <span class='ocr_line' id='line_1_9' title="bbox 774 948 2354 1023; baseline 0.004 -19"><span class='ocrx_word' id='word_1_55' title='bbox 774 948 1008 1004; x_wconf 83' lang='lat' dir='ltr'><strong>Sanctus</strong></span> <span class='ocrx_word' id='word_1_56' title='bbox 1029 958 1211 1004; x_wconf 90' lang='lat' dir='ltr'><strong>autem</strong></span> <span class='ocrx_word' id='word_1_57' title='bbox 1241 965 1366 1003; x_wconf 88' lang='lat' dir='ltr'><strong>cum</strong></span> <span class='ocrx_word' id='word_1_58' title='bbox 1401 951 1552 1004; x_wconf 83' lang='lat' dir='ltr'><strong>brevi</strong></span> <span class='ocrx_word' id='word_1_59' title='bbox 1595 961 1653 1006; x_wconf 86' lang='lat' dir='ltr'><strong>et</strong></span> <span class='ocrx_word' id='word_1_60' title='bbox 1688 953 1943 1022; x_wconf 82' lang='lat' dir='ltr'><strong>principii</strong></span> <span class='ocrx_word' id='word_1_61' title='bbox 2001 970 2200 1023; x_wconf 79' lang='lat' dir='ltr'><strong>expers</strong></span> <span class='ocrx_word' id='word_1_62' title='bbox 2257 956 2354 1010; x_wconf 88' lang='lat' dir='ltr'><strong>Dei</strong></span> 
     </span>
    </p>
   </div>
   <div class='ocr_carea' id='block_1_10' title="bbox 774 1041 2354 1118">
    <p class='ocr_par' dir='ltr' id='par_1_10' title="bbox 774 1041 2354 1118">
     <span class='ocr_line' id='line_1_10' title="bbox 774 1041 2354 1118; baseline 0.006 -24"><span class='ocrx_word' id='word_1_63' title='bbox 774 1041 1102 1111; x_wconf 86' lang='lat' dir='ltr'><strong>principium</strong></span> <span class='ocrx_word' id='word_1_64' title='bbox 1134 1056 1250 1106; x_wconf 89' lang='lat' dir='ltr'><strong>eos,</strong></span> <span class='ocrx_word' id='word_1_65' title='bbox 1299 1044 1392 1112; x_wconf 89' lang='lat' dir='ltr'><strong>qui</strong></span> <span class='ocrx_word' id='word_1_66' title='bbox 1440 1045 1688 1106; x_wconf 86' lang='lat' dir='ltr'><strong>aderant,</strong></span> <span class='ocrx_word' id='word_1_67' title='bbox 1725 1045 2028 1110; x_wconf 89' lang='lat' dir='ltr'><strong>docuisset,</strong></span> <span class='ocrx_word' id='word_1_68' title='bbox 2082 1057 2140 1102; x_wconf 92' lang='lat' dir='ltr'><strong>et</strong></span> <span class='ocrx_word' id='word_1_69' title='bbox 2190 1065 2354 1118; x_wconf 89' lang='lat' dir='ltr'><strong>quam</strong></span> 
     </span>
    </p>
   </div>
   <div class='ocr_carea' id='block_1_11' title="bbox 772 1135 2357 1213">
    <p class='ocr_par' dir='ltr' id='par_1_11' title="bbox 772 1135 2357 1213">
     <span class='ocr_line' id='line_1_11' title="bbox 772 1135 2357 1213; baseline 0.006 -26"><span class='ocrx_word' id='word_1_70' title='bbox 772 1140 922 1187; x_wconf 84' lang='lat' dir='ltr'><strong>esset</strong></span> <span class='ocrx_word' id='word_1_71' title='bbox 949 1147 1080 1186; x_wconf 84' lang='lat' dir='ltr'><strong>crux</strong></span> <span class='ocrx_word' id='word_1_72' title='bbox 1142 1135 1448 1188; x_wconf 85' lang='lat' dir='ltr'><strong>necessaria</strong></span> <span class='ocrx_word' id='word_1_73' title='bbox 1481 1147 1538 1213; x_wconf 80' lang='lat' dir='ltr'><strong>et</strong></span> <span class='ocrx_word' id='word_1_74' title='bbox 1597 1137 1832 1192; x_wconf 86' lang='lat' dir='ltr'><strong>maxime</strong></span> <span class='ocrx_word' id='word_1_75' title='bbox 1879 1138 2157 1205; x_wconf 87' lang='lat' dir='ltr'><strong>salutaris,</strong></span> <span class='ocrx_word' id='word_1_76' title='bbox 2211 1151 2357 1196; x_wconf 84' lang='lat' dir='ltr'><strong>esset</strong></span> 
     </span>
    </p>
   </div>
   <div class='ocr_carea' id='block_1_12' title="bbox 778 1224 2358 1299">
    <p class='ocr_par' dir='ltr' id='par_1_12' title="bbox 778 1224 2358 1299">
     <span class='ocr_line' id='line_1_12' title="bbox 778 1224 2358 1299; baseline 0.006 -24"><span class='ocrx_word' id='word_1_77' title='bbox 778 1227 1064 1284; x_wconf 82' lang='lat' dir='ltr'><strong>elocutus,</strong></span> <span class='ocrx_word' id='word_1_78' title='bbox 1111 1233 1168 1276; x_wconf 91' lang='lat' dir='ltr'><strong>et</strong></span> <span class='ocrx_word' id='word_1_79' title='bbox 1226 1224 1291 1276; x_wconf 84' lang='lat' dir='ltr'><strong>ad</strong></span> <span class='ocrx_word' id='word_1_80' title='bbox 1341 1239 1649 1290; x_wconf 87' lang='lat' dir='ltr'><strong>summam,</strong></span> <span class='ocrx_word' id='word_1_81' title='bbox 1723 1226 2039 1281; x_wconf 88' lang='lat' dir='ltr'><strong>universum</strong></span> <span class='ocrx_word' id='word_1_82' title='bbox 2092 1240 2358 1299; x_wconf 77' lang='lat' dir='ltr'><strong>suscepta:</strong></span> 
     </span>
    </p>
   </div>
   <div class='ocr_carea' id='block_1_13' title="bbox 777 1315 2357 1393">
    <p class='ocr_par' dir='ltr' id='par_1_13' title="bbox 777 1315 2357 1393">
     <span class='ocr_line' id='line_1_13' title="bbox 777 1315 2357 1393; baseline 0.006 -26"><span class='ocrx_word' id='word_1_83' title='bbox 777 1315 965 1368; x_wconf 89' lang='lat' dir='ltr'><strong>carnis</strong></span> <span class='ocrx_word' id='word_1_84' title='bbox 995 1316 1319 1369; x_wconf 67' lang='lat' dir='ltr'><strong>oeconomiae</strong></span> <span class='ocrx_word' id='word_1_85' title='bbox 1345 1317 1674 1385; x_wconf 80' lang='lat' dir='ltr'><strong>explicasset</strong></span> <span class='ocrx_word' id='word_1_86' title='bbox 1722 1321 2065 1388; x_wconf 82' lang='lat' dir='ltr'><strong>mysterium,</strong></span> <span class='ocrx_word' id='word_1_87' title='bbox 2127 1322 2357 1393; x_wconf 86' lang='lat' dir='ltr'><strong>subjun-</strong></span> 
     </span>
    </p>
   </div>
   <div class='ocr_carea' id='block_1_14' title="bbox 779 1403 2354 1476">
    <p class='ocr_par' dir='ltr' id='par_1_14' title="bbox 779 1403 2354 1476">
     <span class='ocr_line' id='line_1_14' title="bbox 779 1403 2354 1476; baseline 0.008 -19"><span class='ocrx_word' id='word_1_88' title='bbox 779 1405 856 1459; x_wconf 80' lang='lat' dir='ltr'><strong>xit</strong></span> <span class='ocrx_word' id='word_1_89' title='bbox 888 1406 941 1457; x_wconf 92' lang='lat' dir='ltr'><strong>in</strong></span> <span class='ocrx_word' id='word_1_90' title='bbox 979 1403 1085 1458; x_wconf 82' lang='lat' dir='ltr'><strong>[ine</strong></span> <span class='ocrx_word' id='word_1_91' title='bbox 1114 1421 1128 1457; x_wconf 89' lang='lat'><strong>:</strong></span> <span class='ocrx_word' id='word_1_92' title='bbox 1167 1405 1311 1458; x_wconf 84' lang='lat' dir='ltr'><strong>Deus</strong></span> <span class='ocrx_word' id='word_1_93' title='bbox 1343 1423 1490 1476; x_wconf 81' lang='lat' dir='ltr'><strong>ergo,</strong></span> <span class='ocrx_word' id='word_1_94' title='bbox 1525 1422 1558 1460; x_wconf 96' lang='lat' dir='ltr'><strong>o</strong></span> <span class='ocrx_word' id='word_1_95' title='bbox 1590 1408 1866 1476; x_wconf 58' lang='lat' dir='ltr'><strong>prafecte,</strong></span> <span class='ocrx_word' id='word_1_96' title='bbox 1912 1426 2038 1464; x_wconf 87' lang='lat' dir='ltr'><strong>cum</strong></span> <span class='ocrx_word' id='word_1_97' title='bbox 2065 1412 2137 1466; x_wconf 88' lang='lat' dir='ltr'><strong>sit</strong></span> <span class='ocrx_word' id='word_1_98' title='bbox 2181 1413 2354 1469; x_wconf 77' lang='lat' dir='ltr'><strong>bonus</strong></span> 
     </span>
    </p>
   </div>
   <div class='ocr_carea' id='block_1_15' title="bbox 777 1497 2357 1566">
    <p class='ocr_par' dir='ltr' id='par_1_15' title="bbox 777 1497 2357 1566">
     <span class='ocr_line' id='line_1_15' title="bbox 777 1497 2357 1566; baseline 0.004 -14"><span class='ocrx_word' id='word_1_99' title='bbox 777 1506 939 1566; x_wconf 80' lang='lat' dir='ltr'><strong>atque</strong></span> <span class='ocrx_word' id='word_1_100' title='bbox 968 1497 1262 1565; x_wconf 86' lang='lat' dir='ltr'><strong>benignus,</strong></span> <span class='ocrx_word' id='word_1_101' title='bbox 1304 1506 1359 1552; x_wconf 93' lang='lat' dir='ltr'><strong>et</strong></span> <span class='ocrx_word' id='word_1_102' title='bbox 1408 1507 1632 1566; x_wconf 81' lang='lat' dir='ltr'><strong>propter</strong></span> <span class='ocrx_word' id='word_1_103' title='bbox 1679 1502 1912 1555; x_wconf 84' lang='lat' dir='ltr'><strong>salutem</strong></span> <span class='ocrx_word' id='word_1_104' title='bbox 1969 1503 2254 1558; x_wconf 86' lang='lat' dir='ltr'><strong>hominum</strong></span> <span class='ocrx_word' id='word_1_105' title='bbox 2303 1508 2357 1559; x_wconf 90' lang='lat' dir='ltr'><strong>in</strong></span> 
     </span>
    </p>
   </div>
   <div class='ocr_carea' id='block_1_16' title="bbox 780 1592 2358 1664">
    <p class='ocr_par' dir='ltr' id='par_1_16' title="bbox 780 1592 2358 1664">
     <span class='ocr_line' id='line_1_16' title="bbox 780 1592 2358 1664; baseline 0.005 -20"><span class='ocrx_word' id='word_1_106' title='bbox 780 1603 978 1646; x_wconf 88' lang='lat' dir='ltr'><strong>terram</strong></span> <span class='ocrx_word' id='word_1_107' title='bbox 1014 1592 1385 1654; x_wconf 88' lang='lat' dir='ltr'><strong>descenderit,</strong></span> <span class='ocrx_word' id='word_1_108' title='bbox 1419 1595 1628 1647; x_wconf 91' lang='lat' dir='ltr'><strong>nullum</strong></span> <span class='ocrx_word' id='word_1_109' title='bbox 1663 1595 1780 1647; x_wconf 83' lang='lat' dir='ltr'><strong>vult</strong></span> <span class='ocrx_word' id='word_1_110' title='bbox 1819 1595 2046 1650; x_wconf 92' lang='lat' dir='ltr'><strong>omnino</strong></span> <span class='ocrx_word' id='word_1_111' title='bbox 2082 1599 2263 1664; x_wconf 90' lang='lat' dir='ltr'><strong>perire</strong></span> <span class='ocrx_word' id='word_1_112' title='bbox 2291 1613 2358 1652; x_wconf 88' lang='lat' dir='ltr'><strong>ex</strong></span> 
     </span>
    </p>
   </div>
   <div class='ocr_carea' id='block_1_17' title="bbox 777 1679 2359 1755">
    <p class='ocr_par' dir='ltr' id='par_1_17' title="bbox 777 1679 2359 1755">
     <span class='ocr_line' id='line_1_17' title="bbox 777 1679 2359 1755; baseline 0.007 -24"><span class='ocrx_word' id='word_1_113' title='bbox 777 1679 1060 1741; x_wconf 91' lang='lat' dir='ltr'><strong>omnibus,</strong></span> <span class='ocrx_word' id='word_1_114' title='bbox 1093 1687 1148 1730; x_wconf 92' lang='lat' dir='ltr'><strong>et</strong></span> <span class='ocrx_word' id='word_1_115' title='bbox 1179 1694 1207 1731; x_wconf 91' lang='lat' dir='ltr'><strong>a</strong></span> <span class='ocrx_word' id='word_1_116' title='bbox 1238 1679 1397 1733; x_wconf 86' lang='lat' dir='ltr'><strong>bonis</strong></span> <span class='ocrx_word' id='word_1_117' title='bbox 1423 1683 1643 1735; x_wconf 62' lang='lat' dir='ltr'><strong>aeternis</strong></span> <span class='ocrx_word' id='word_1_118' title='bbox 1661 1681 1942 1748; x_wconf 72' lang='lat' dir='ltr'><strong>excidere;</strong></span> <span class='ocrx_word' id='word_1_119' title='bbox 1967 1686 2059 1739; x_wconf 85' lang='lat' dir='ltr'><strong>sed</strong></span> <span class='ocrx_word' id='word_1_120' title='bbox 2084 1687 2359 1755; x_wconf 88' lang='lat' dir='ltr'><strong>quomodo</strong></span> 
     </span>
    </p>
   </div>
   <div class='ocr_carea' id='block_1_18' title="bbox 778 1773 2358 1848">
    <p class='ocr_par' dir='ltr' id='par_1_18' title="bbox 778 1773 2358 1848">
     <span class='ocr_line' id='line_1_18' title="bbox 778 1773 2358 1848; baseline 0.006 -25"><span class='ocrx_word' id='word_1_121' title='bbox 778 1781 952 1824; x_wconf 82' lang='lat' dir='ltr'><strong>mater</strong></span> <span class='ocrx_word' id='word_1_122' title='bbox 981 1781 1102 1839; x_wconf 83' lang='lat' dir='ltr'><strong>post</strong></span> <span class='ocrx_word' id='word_1_123' title='bbox 1139 1779 1354 1839; x_wconf 89' lang='lat' dir='ltr'><strong>partum</strong></span> <span class='ocrx_word' id='word_1_124' title='bbox 1417 1773 1644 1826; x_wconf 82' lang='lat' dir='ltr'><strong>omnino</strong></span> <span class='ocrx_word' id='word_1_125' title='bbox 1691 1773 1914 1842; x_wconf 89' lang='lat' dir='ltr'><strong>quidem</strong></span> <span class='ocrx_word' id='word_1_126' title='bbox 1975 1791 2163 1831; x_wconf 86' lang='lat' dir='ltr'><strong>curam</strong></span> <span class='ocrx_word' id='word_1_127' title='bbox 2217 1780 2358 1848; x_wconf 89' lang='lat' dir='ltr'><strong>gerit</strong></span> 
     </span>
    </p>
   </div>
   <div class='ocr_carea' id='block_1_19' title="bbox 781 1854 2435 1938">
    <p class='ocr_par' dir='ltr' id='par_1_19' title="bbox 781 1854 2435 1938">
     <span class='ocr_line' id='line_1_19' title="bbox 781 1854 2435 1938; baseline 0.007 -24"><span class='ocrx_word' id='word_1_128' title='bbox 781 1860 876 1914; x_wconf 74' lang='lat' dir='ltr'><strong>lilii</strong></span> <span class='ocrx_word' id='word_1_129' title='bbox 898 1902 914 1924; x_wconf 89' lang='lat'><strong>,</strong></span> <span class='ocrx_word' id='word_1_130' title='bbox 967 1863 1203 1915; x_wconf 88' lang='lat' dir='ltr'><strong>sustinet</strong></span> <span class='ocrx_word' id='word_1_131' title='bbox 1231 1868 1434 1925; x_wconf 89' lang='lat' dir='ltr'><strong>autem,</strong></span> <span class='ocrx_word' id='word_1_132' title='bbox 1465 1873 1754 1932; x_wconf 79' lang='lat' dir='ltr'><strong>propterea</strong></span> <span class='ocrx_word' id='word_1_133' title='bbox 1779 1865 1926 1934; x_wconf 91' lang='lat' dir='ltr'><strong>quod</strong></span> <span class='ocrx_word' id='word_1_134' title='bbox 1991 1867 2064 1921; x_wconf 87' lang='lat' dir='ltr'><strong>sit</strong></span> <span class='ocrx_word' id='word_1_135' title='bbox 2098 1867 2358 1938; x_wconf 79' lang='lat' dir='ltr'><strong>imperle-</strong></span> <span class='ocrx_word' id='word_1_136' title='bbox 2391 1854 2435 1914; x_wconf 74' lang='grc' dir='ltr'>Β</span> 
     </span>
    </p>
   </div>
   <div class='ocr_carea' id='block_1_20' title="bbox 778 1953 2360 2023">
    <p class='ocr_par' dir='ltr' id='par_1_20' title="bbox 778 1953 2360 2023">
     <span class='ocr_line' id='line_1_20' title="bbox 778 1953 2360 2023; baseline 0.007 -17"><span class='ocrx_word' id='word_1_137' title='bbox 778 1962 918 2016; x_wconf 89' lang='lat' dir='ltr'><strong>ctus,</strong></span> <span class='ocrx_word' id='word_1_138' title='bbox 947 1953 1066 2023; x_wconf 88' lang='lat' dir='ltr'><strong>ejus</strong></span> <span class='ocrx_word' id='word_1_139' title='bbox 1092 1955 1255 2007; x_wconf 88' lang='lat' dir='ltr'><strong>ctiam</strong></span> <span class='ocrx_word' id='word_1_140' title='bbox 1284 1955 1669 2020; x_wconf 88' lang='lat' dir='ltr'><strong>contumelias,</strong></span> <span class='ocrx_word' id='word_1_141' title='bbox 1701 1971 1809 2011; x_wconf 91' lang='lat' dir='ltr'><strong>non</strong></span> <span class='ocrx_word' id='word_1_142' title='bbox 1840 1957 1961 2012; x_wconf 90' lang='lat' dir='ltr'><strong>ideo</strong></span> <span class='ocrx_word' id='word_1_143' title='bbox 1996 1960 2136 2014; x_wconf 88' lang='lat' dir='ltr'><strong>male</strong></span> <span class='ocrx_word' id='word_1_144' title='bbox 2171 1963 2360 2017; x_wconf 89' lang='lat' dir='ltr'><strong>volens</strong></span> 
     </span>
    </p>
   </div>
   <div class='ocr_carea' id='block_1_21' title="bbox 778 2045 2360 2124">
    <p class='ocr_par' dir='ltr' id='par_1_21' title="bbox 778 2045 2360 2124">
     <span class='ocr_line' id='line_1_21' title="bbox 778 2045 2360 2124; baseline 0.006 -25"><span class='ocrx_word' id='word_1_145' title='bbox 778 2045 972 2100; x_wconf 78' lang='lat' dir='ltr'><strong>infanti</strong></span> <span class='ocrx_word' id='word_1_146' title='bbox 1023 2047 1290 2115; x_wconf 74' lang='lat' dir='ltr'><strong>(vincitur</strong></span> <span class='ocrx_word' id='word_1_147' title='bbox 1340 2049 1486 2101; x_wconf 90' lang='lat' dir='ltr'><strong>enim</strong></span> <span class='ocrx_word' id='word_1_148' title='bbox 1523 2064 1550 2101; x_wconf 82' lang='lat' dir='ltr'><strong>a</strong></span> <span class='ocrx_word' id='word_1_149' title='bbox 1594 2049 1922 2114; x_wconf 86' lang='lat' dir='ltr'><strong>visceribus,</strong></span> <span class='ocrx_word' id='word_1_150' title='bbox 1977 2060 2034 2106; x_wconf 88' lang='lat' dir='ltr'><strong>et</strong></span> <span class='ocrx_word' id='word_1_151' title='bbox 2075 2052 2230 2108; x_wconf 84' lang='lat' dir='ltr'><strong>valde</strong></span> <span class='ocrx_word' id='word_1_152' title='bbox 2262 2069 2360 2124; x_wconf 92' lang='lat' dir='ltr'><strong>po-</strong></span> 
     </span>
    </p>
   </div>
   <div class='ocr_carea' id='block_1_22' title="bbox 778 2139 2356 2215">
    <p class='ocr_par' dir='ltr' id='par_1_22' title="bbox 778 2139 2356 2215">
     <span class='ocr_line' id='line_1_22' title="bbox 778 2139 2356 2215; baseline 0.006 -23"><span class='ocrx_word' id='word_1_153' title='bbox 778 2139 887 2193; x_wconf 87' lang='lat' dir='ltr'><strong>tius</strong></span> <span class='ocrx_word' id='word_1_154' title='bbox 919 2141 1066 2208; x_wconf 88' lang='lat' dir='ltr'><strong>cupit</strong></span> <span class='ocrx_word' id='word_1_155' title='bbox 1101 2139 1285 2193; x_wconf 79' lang='lat' dir='ltr'><strong>videre</strong></span> <span class='ocrx_word' id='word_1_156' title='bbox 1335 2155 1485 2203; x_wconf 86' lang='lat' dir='ltr'><strong>eum,</strong></span> <span class='ocrx_word' id='word_1_157' title='bbox 1533 2154 1658 2193; x_wconf 89' lang='lat' dir='ltr'><strong>cum</strong></span> <span class='ocrx_word' id='word_1_158' title='bbox 1702 2143 2017 2209; x_wconf 84' lang='lat' dir='ltr'><strong>pervenerit</strong></span> <span class='ocrx_word' id='word_1_159' title='bbox 2062 2144 2130 2199; x_wconf 89' lang='lat' dir='ltr'><strong>ad</strong></span> <span class='ocrx_word' id='word_1_160' title='bbox 2182 2147 2356 2215; x_wconf 82' lang='lat' dir='ltr'><strong>perfe-</strong></span> 
     </span>
    </p>
   </div>
   <div class='ocr_carea' id='block_1_23' title="bbox 777 2230 2357 2305">
    <p class='ocr_par' dir='ltr' id='par_1_23' title="bbox 777 2230 2357 2305">
     <span class='ocr_line' id='line_1_23' title="bbox 777 2230 2357 2305; baseline 0.006 -21"><span class='ocrx_word' id='word_1_161' title='bbox 777 2230 1036 2292; x_wconf 92' lang='lat' dir='ltr'><strong>ctionem,</strong></span> <span class='ocrx_word' id='word_1_162' title='bbox 1065 2231 1237 2299; x_wconf 89' lang='lat' dir='ltr'><strong>gloria</strong></span> <span class='ocrx_word' id='word_1_163' title='bbox 1268 2230 1450 2299; x_wconf 89' lang='lat' dir='ltr'><strong>aliqua</strong></span> <span class='ocrx_word' id='word_1_164' title='bbox 1477 2241 1533 2284; x_wconf 94' lang='lat' dir='ltr'><strong>et</strong></span> <span class='ocrx_word' id='word_1_165' title='bbox 1574 2232 1864 2301; x_wconf 81' lang='lat' dir='ltr'><strong>splendore</strong></span> <span class='ocrx_word' id='word_1_166' title='bbox 1901 2236 2193 2305; x_wconf 76' lang='lat' dir='ltr'><strong>insignem)</strong></span> <span class='ocrx_word' id='word_1_167' title='bbox 2225 2253 2240 2289; x_wconf 90' lang='lat'><strong>:</strong></span> <span class='ocrx_word' id='word_1_168' title='bbox 2283 2239 2357 2293; x_wconf 84' lang='lat' dir='ltr'><strong>ita</strong></span> 
     </span>
    </p>
   </div>
   <div class='ocr_carea' id='block_1_24' title="bbox 776 2323 2356 2398">
    <p class='ocr_par' dir='ltr' id='par_1_24' title="bbox 776 2323 2356 2398">
     <span class='ocr_line' id='line_1_24' title="bbox 776 2323 2356 2398; baseline 0.006 -23"><span class='ocrx_word' id='word_1_169' title='bbox 776 2323 946 2376; x_wconf 87' lang='lat' dir='ltr'><strong>etiam</strong></span> <span class='ocrx_word' id='word_1_170' title='bbox 971 2323 1117 2377; x_wconf 85' lang='lat' dir='ltr'><strong>Dens</strong></span> <span class='ocrx_word' id='word_1_171' title='bbox 1148 2324 1322 2377; x_wconf 91' lang='lat' dir='ltr'><strong>nostri</strong></span> <span class='ocrx_word' id='word_1_172' title='bbox 1353 2324 1577 2392; x_wconf 85' lang='lat' dir='ltr'><strong>quidem</strong></span> <span class='ocrx_word' id='word_1_173' title='bbox 1611 2341 1804 2379; x_wconf 87' lang='lat' dir='ltr'><strong>curam</strong></span> <span class='ocrx_word' id='word_1_174' title='bbox 1841 2329 1988 2396; x_wconf 89' lang='lat' dir='ltr'><strong>gerit</strong></span> <span class='ocrx_word' id='word_1_175' title='bbox 2025 2339 2149 2398; x_wconf 88' lang='lat' dir='ltr'><strong>post</strong></span> <span class='ocrx_word' id='word_1_176' title='bbox 2199 2346 2356 2386; x_wconf 87' lang='lat' dir='ltr'><strong>crea-</strong></span> 
     </span>
    </p>
   </div>
   <div class='ocr_carea' id='block_1_25' title="bbox 780 2416 2354 2492">
    <p class='ocr_par' dir='ltr' id='par_1_25' title="bbox 780 2416 2354 2492">
     <span class='ocr_line' id='line_1_25' title="bbox 780 2416 2354 2492; baseline 0.006 -26"><span class='ocrx_word' id='word_1_177' title='bbox 780 2417 1010 2477; x_wconf 86' lang='lat' dir='ltr'><strong>tionem,</strong></span> <span class='ocrx_word' id='word_1_178' title='bbox 1041 2421 1098 2466; x_wconf 94' lang='lat' dir='ltr'><strong>et</strong></span> <span class='ocrx_word' id='word_1_179' title='bbox 1132 2425 1388 2483; x_wconf 78' lang='lat' dir='ltr'><strong>tanquam</strong></span> <span class='ocrx_word' id='word_1_180' title='bbox 1423 2426 1576 2484; x_wconf 87' lang='lat' dir='ltr'><strong>pater</strong></span> <span class='ocrx_word' id='word_1_181' title='bbox 1611 2416 1852 2470; x_wconf 80' lang='lat' dir='ltr'><strong>sustinet</strong></span> <span class='ocrx_word' id='word_1_182' title='bbox 1883 2432 1971 2482; x_wconf 88' lang='lat' dir='ltr'><strong>ea,</strong></span> <span class='ocrx_word' id='word_1_183' title='bbox 2001 2435 2123 2487; x_wconf 70' lang='lat' dir='ltr'><strong>quae</strong></span> <span class='ocrx_word' id='word_1_184' title='bbox 2164 2421 2220 2474; x_wconf 90' lang='lat' dir='ltr'><strong>in</strong></span> <span class='ocrx_word' id='word_1_185' title='bbox 2268 2423 2354 2492; x_wconf 88' lang='lat' dir='ltr'><strong>ip-</strong></span> 
     </span>
    </p>
   </div>
   <div class='ocr_carea' id='block_1_26' title="bbox 783 2504 2355 2579">
    <p class='ocr_par' dir='ltr' id='par_1_26' title="bbox 783 2504 2355 2579">
     <span class='ocr_line' id='line_1_26' title="bbox 783 2504 2355 2579; baseline 0.007 -21"><span class='ocrx_word' id='word_1_186' title='bbox 783 2520 904 2558; x_wconf 90' lang='lat' dir='ltr'><strong>sum</strong></span> <span class='ocrx_word' id='word_1_187' title='bbox 939 2504 1308 2559; x_wconf 89' lang='lat' dir='ltr'><strong>admittuntur</strong></span> <span class='ocrx_word' id='word_1_188' title='bbox 1334 2505 1532 2560; x_wconf 88' lang='lat' dir='ltr'><strong>delicta</strong></span> <span class='ocrx_word' id='word_1_189' title='bbox 1567 2516 1796 2576; x_wconf 90' lang='lat' dir='ltr'><strong>propter</strong></span> <span class='ocrx_word' id='word_1_190' title='bbox 1824 2507 2224 2579; x_wconf 73' lang='lat' dir='ltr'><strong>ignorationem</strong></span> <span class='ocrx_word' id='word_1_191' title='bbox 2253 2530 2268 2569; x_wconf 89' lang='lat'><strong>:</strong></span> <span class='ocrx_word' id='word_1_192' title='bbox 2299 2523 2355 2568; x_wconf 90' lang='lat' dir='ltr'><strong>et</strong></span> 
     </span>
    </p>
   </div>
   <div class='ocr_carea' id='block_1_27' title="bbox 779 2598 2360 2674">
    <p class='ocr_par' dir='ltr' id='par_1_27' title="bbox 779 2598 2360 2674">
     <span class='ocr_line' id='line_1_27' title="bbox 779 2598 2360 2674; baseline 0.007 -25"><span class='ocrx_word' id='word_1_193' title='bbox 779 2612 809 2649; x_wconf 91' lang='lat' dir='ltr'><strong>a</strong></span> <span class='ocrx_word' id='word_1_194' title='bbox 845 2598 959 2651; x_wconf 90' lang='lat' dir='ltr'><strong>suis</strong></span> <span class='ocrx_word' id='word_1_195' title='bbox 984 2603 1166 2667; x_wconf 86' lang='lat' dir='ltr'><strong>potius</strong></span> <span class='ocrx_word' id='word_1_196' title='bbox 1193 2598 1371 2652; x_wconf 85' lang='lat' dir='ltr'><strong>victus</strong></span> <span class='ocrx_word' id='word_1_197' title='bbox 1412 2599 1740 2662; x_wconf 87' lang='lat' dir='ltr'><strong>visceribus,</strong></span> <span class='ocrx_word' id='word_1_198' title='bbox 1795 2601 2063 2658; x_wconf 86' lang='lat' dir='ltr'><strong>benevole</strong></span> <span class='ocrx_word' id='word_1_199' title='bbox 2109 2619 2169 2659; x_wconf 90' lang='lat' dir='ltr'><strong>se</strong></span> <span class='ocrx_word' id='word_1_200' title='bbox 2219 2607 2360 2674; x_wconf 86' lang='lat' dir='ltr'><strong>gerit</strong></span> 
     </span>
    </p>
   </div>
   <div class='ocr_carea' id='block_1_28' title="bbox 779 2688 2355 2765">
    <p class='ocr_par' dir='ltr' id='par_1_28' title="bbox 779 2688 2355 2765">
     <span class='ocr_line' id='line_1_28' title="bbox 779 2688 2355 2765; baseline 0.006 -23"><span class='ocrx_word' id='word_1_201' title='bbox 779 2698 836 2742; x_wconf 92' lang='lat' dir='ltr'><strong>et</strong></span> <span class='ocrx_word' id='word_1_202' title='bbox 862 2688 1180 2754; x_wconf 86' lang='lat' dir='ltr'><strong>clementer,</strong></span> <span class='ocrx_word' id='word_1_203' title='bbox 1218 2690 1352 2744; x_wconf 76' lang='lat' dir='ltr'><strong>nihil</strong></span> <span class='ocrx_word' id='word_1_204' title='bbox 1381 2690 1528 2743; x_wconf 80' lang='lat' dir='ltr'><strong>aliud</strong></span> <span class='ocrx_word' id='word_1_205' title='bbox 1555 2689 1898 2755; x_wconf 89' lang='lat' dir='ltr'><strong>desiderans,</strong></span> <span class='ocrx_word' id='word_1_206' title='bbox 1951 2709 2117 2762; x_wconf 89' lang='lat' dir='ltr'><strong>quam</strong></span> <span class='ocrx_word' id='word_1_207' title='bbox 2153 2703 2213 2750; x_wconf 91' lang='lat' dir='ltr'><strong>ut.</strong></span> <span class='ocrx_word' id='word_1_208' title='bbox 2235 2696 2355 2765; x_wconf 89' lang='lat' dir='ltr'><strong>ejus</strong></span> 
     </span>
    </p>
   </div>
   <div class='ocr_carea' id='block_1_29' title="bbox 781 2781 2356 2858">
    <p class='ocr_par' dir='ltr' id='par_1_29' title="bbox 781 2781 2356 2858">
     <span class='ocr_line' id='line_1_29' title="bbox 781 2781 2356 2858; baseline 0.007 -26"><span class='ocrx_word' id='word_1_209' title='bbox 781 2781 1008 2848; x_wconf 86' lang='lat' dir='ltr'><strong>gloriam</strong></span> <span class='ocrx_word' id='word_1_210' title='bbox 1044 2795 1473 2851; x_wconf 81' lang='lat' dir='ltr'><strong>consequamur,</strong></span> <span class='ocrx_word' id='word_1_211' title='bbox 1509 2798 1636 2838; x_wconf 93' lang='lat' dir='ltr'><strong>cum</strong></span> <span class='ocrx_word' id='word_1_212' title='bbox 1706 2785 1760 2837; x_wconf 92' lang='lat' dir='ltr'><strong>in</strong></span> <span class='ocrx_word' id='word_1_213' title='bbox 1807 2788 1986 2840; x_wconf 87' lang='lat' dir='ltr'><strong>virum</strong></span> <span class='ocrx_word' id='word_1_214' title='bbox 2045 2788 2356 2858; x_wconf 79' lang='lat' dir='ltr'><strong>perfectum</strong></span> 
     </span>
    </p>
   </div>
   <div class='ocr_carea' id='block_1_30' title="bbox 785 2873 2361 2948">
    <p class='ocr_par' dir='ltr' id='par_1_30' title="bbox 785 2873 2361 2948">
     <span class='ocr_line' id='line_1_30' title="bbox 785 2873 2361 2948; baseline 0.008 -23"><span class='ocrx_word' id='word_1_215' title='bbox 785 2873 1130 2927; x_wconf 87' lang='lat' dir='ltr'><strong>creverimus</strong></span> <span class='ocrx_word' id='word_1_216' title='bbox 1180 2874 1248 2928; x_wconf 92' lang='lat' dir='ltr'><strong>ad</strong></span> <span class='ocrx_word' id='word_1_217' title='bbox 1290 2890 1602 2930; x_wconf 88' lang='lat' dir='ltr'><strong>mensuram</strong></span> <span class='ocrx_word' id='word_1_218' title='bbox 1653 2879 1829 2932; x_wconf 66' lang='lat' dir='ltr'><strong>artatis</strong></span> <span class='ocrx_word' id='word_1_219' title='bbox 1882 2879 2164 2948; x_wconf 88' lang='lat' dir='ltr'><strong>spiritalis,</strong></span> <span class='ocrx_word' id='word_1_220' title='bbox 2219 2883 2361 2938; x_wconf 82' lang='lat' dir='ltr'><strong>sient</strong></span> 
     </span>
    </p>
   </div>
   <div class='ocr_carea' id='block_1_31' title="bbox 782 2962 2357 3039">
    <p class='ocr_par' dir='ltr' id='par_1_31' title="bbox 782 2962 2357 3039">
     <span class='ocr_line' id='line_1_31' title="bbox 782 2962 2357 3039; baseline 0.008 -24"><span class='ocrx_word' id='word_1_221' title='bbox 782 2977 885 3016; x_wconf 90' lang='lat' dir='ltr'><strong>nos</strong></span> <span class='ocrx_word' id='word_1_222' title='bbox 943 2963 1106 3018; x_wconf 90' lang='lat' dir='ltr'><strong>docet</strong></span> <span class='ocrx_word' id='word_1_223' title='bbox 1157 2962 1428 3030; x_wconf 74' lang='lat' dir='ltr'><strong>Paulus’,</strong></span> <span class='ocrx_word' id='word_1_224' title='bbox 1482 2967 1847 3034; x_wconf 88' lang='lat' dir='ltr'><strong>plenitudinis</strong></span> <span class='ocrx_word' id='word_1_225' title='bbox 1896 2969 2069 3039; x_wconf 86' lang='lat' dir='ltr'><strong>ipsius</strong></span> <span class='ocrx_word' id='word_1_226' title='bbox 2129 2972 2357 3027; x_wconf 83' lang='lat' dir='ltr'><strong>Christi.</strong></span> 
     </span>
    </p>
   </div>
   <div class='ocr_carea' id='block_1_32' title="bbox 783 3053 2360 3124">
    <p class='ocr_par' dir='ltr' id='par_1_32' title="bbox 783 3053 2360 3124">
     <span class='ocr_line' id='line_1_32' title="bbox 783 3053 2360 3124; baseline 0.007 -18"><span class='ocrx_word' id='word_1_227' title='bbox 783 3053 1076 3123; x_wconf 84' lang='lat' dir='ltr'><strong>Postquam</strong></span> <span class='ocrx_word' id='word_1_228' title='bbox 1122 3070 1253 3124; x_wconf 86' lang='lat' dir='ltr'><strong>ergo</strong></span> <span class='ocrx_word' id='word_1_229' title='bbox 1281 3054 1415 3108; x_wconf 87' lang='lat' dir='ltr'><strong>vidit</strong></span> <span class='ocrx_word' id='word_1_230' title='bbox 1439 3072 1533 3108; x_wconf 83' lang='lat' dir='ltr'><strong>vos</strong></span> <span class='ocrx_word' id='word_1_231' title='bbox 1555 3056 1810 3111; x_wconf 86' lang='lat' dir='ltr'><strong>Servator</strong></span> <span class='ocrx_word' id='word_1_232' title='bbox 1831 3073 1861 3112; x_wconf 92' lang='lat' dir='ltr'><strong>a</strong></span> <span class='ocrx_word' id='word_1_233' title='bbox 1886 3059 2227 3116; x_wconf 66' lang='lat' dir='ltr'><strong>daemonibus</strong></span> <span class='ocrx_word' id='word_1_234' title='bbox 2273 3063 2360 3117; x_wconf 88' lang='lat' dir='ltr'><strong>in-</strong></span> 
     </span>
    </p>
   </div>
   <div class='ocr_carea' id='block_1_33' title="bbox 781 3145 2358 3219">
    <p class='ocr_par' dir='ltr' id='par_1_33' title="bbox 781 3145 2358 3219">
     <span class='ocr_line' id='line_1_33' title="bbox 781 3145 2358 3219; baseline 0.008 -21"><span class='ocrx_word' id='word_1_235' title='bbox 781 3159 1020 3206; x_wconf 86' lang='lat' dir='ltr'><strong>escatos.</strong></span> <span class='ocrx_word' id='word_1_236' title='bbox 1074 3145 1226 3200; x_wconf 85' lang='lat' dir='ltr'><strong>tarde</strong></span> <span class='ocrx_word' id='word_1_237' title='bbox 1273 3149 1458 3202; x_wconf 87' lang='lat' dir='ltr'><strong>venire</strong></span> <span class='ocrx_word' id='word_1_238' title='bbox 1493 3148 1559 3201; x_wconf 87' lang='lat' dir='ltr'><strong>ad</strong></span> <span class='ocrx_word' id='word_1_239' title='bbox 1590 3149 1710 3217; x_wconf 87' lang='lat' dir='ltr'><strong>ejus</strong></span> <span class='ocrx_word' id='word_1_240' title='bbox 1761 3151 2169 3219; x_wconf 86' lang='lat' dir='ltr'><strong>cognitionem,</strong></span> <span class='ocrx_word' id='word_1_241' title='bbox 2195 3166 2250 3210; x_wconf 93' lang='lat' dir='ltr'><strong>et</strong></span> <span class='ocrx_word' id='word_1_242' title='bbox 2291 3156 2358 3211; x_wconf 85' lang='lat' dir='ltr'><strong>ad</strong></span> 
     </span>
    </p>
   </div>
   <div class='ocr_carea' id='block_1_34' title="bbox 781 3216 2437 3310">
    <p class='ocr_par' dir='ltr' id='par_1_34' title="bbox 781 3216 2437 3310">
     <span class='ocr_line' id='line_1_34' title="bbox 781 3216 2437 3310; baseline 0.008 -21"><span class='ocrx_word' id='word_1_243' title='bbox 781 3235 1184 3290; x_wconf 65' lang='lat' dir='ltr'><strong>cmulationem</strong></span> <span class='ocrx_word' id='word_1_244' title='bbox 1244 3237 1422 3306; x_wconf 85' lang='lat' dir='ltr'><strong>ipsum</strong></span> <span class='ocrx_word' id='word_1_245' title='bbox 1460 3216 1930 3308; x_wconf 37' lang='lat' dir='ltr'><strong>provocantes&#39;in</strong></span> <span class='ocrx_word' id='word_1_246' title='bbox 1979 3260 2088 3298; x_wconf 89' lang='lat' dir='ltr'><strong>non</strong></span> <span class='ocrx_word' id='word_1_247' title='bbox 2119 3216 2246 3310; x_wconf 87' lang='lat' dir='ltr'><strong>diis,</strong></span> <span class='ocrx_word' id='word_1_248' title='bbox 2292 3250 2358 3302; x_wconf 88' lang='lat' dir='ltr'><strong>ad</strong></span> <span class='ocrx_word' id='word_1_249' title='bbox 2393 3216 2437 3270; x_wconf 64' lang='grc' dir='ltr'><strong>δ</strong></span> 
     </span>
    </p>
   </div>
   <div class='ocr_carea' id='block_1_35' title="bbox 785 3326 2360 3395">
    <p class='ocr_par' dir='ltr' id='par_1_35' title="bbox 785 3326 2360 3395">
     <span class='ocr_line' id='line_1_35' title="bbox 785 3326 2360 3395; baseline 0.008 -17"><span class='ocrx_word' id='word_1_250' title='bbox 785 3327 920 3378; x_wconf 89' lang='lat' dir='ltr'><strong>iram</strong></span> <span class='ocrx_word' id='word_1_251' title='bbox 959 3327 1305 3379; x_wconf 83' lang='lat' dir='ltr'><strong>concitantes</strong></span> <span class='ocrx_word' id='word_1_252' title='bbox 1338 3326 1391 3378; x_wconf 93' lang='lat' dir='ltr'><strong>in</strong></span> <span class='ocrx_word' id='word_1_253' title='bbox 1445 3327 1640 3382; x_wconf 85' lang='lat' dir='ltr'><strong>vestris</strong></span> <span class='ocrx_word' id='word_1_254' title='bbox 1669 3329 1998 3395; x_wconf 78' lang='lat' dir='ltr'><strong>simulacris,</strong></span> <span class='ocrx_word' id='word_1_255' title='bbox 2021 3343 2076 3386; x_wconf 92' lang='lat' dir='ltr'><strong>ct</strong></span> <span class='ocrx_word' id='word_1_256' title='bbox 2105 3350 2214 3388; x_wconf 90' lang='lat' dir='ltr'><strong>non</strong></span> <span class='ocrx_word' id='word_1_257' title='bbox 2248 3337 2360 3390; x_wconf 60' lang='lat' dir='ltr'><strong>foro</strong></span> 
     </span>
    </p>
   </div>
   <div class='ocr_carea' id='block_1_36' title="bbox 785 3413 2358 3485">
    <p class='ocr_par' dir='ltr' id='par_1_36' title="bbox 785 3413 2358 3485">
     <span class='ocr_line' id='line_1_36' title="bbox 785 3413 2358 3485; baseline 0.008 -19"><span class='ocrx_word' id='word_1_258' title='bbox 785 3413 1054 3468; x_wconf 83' lang='lat' dir='ltr'><strong>midantes</strong></span> <span class='ocrx_word' id='word_1_259' title='bbox 1097 3416 1216 3485; x_wconf 85' lang='lat' dir='ltr'><strong>ejus</strong></span> <span class='ocrx_word' id='word_1_260' title='bbox 1269 3418 1410 3468; x_wconf 86' lang='lat' dir='ltr'><strong>vires</strong></span> <span class='ocrx_word' id='word_1_261' title='bbox 1463 3425 1518 3469; x_wconf 91' lang='lat' dir='ltr'><strong>et</strong></span> <span class='ocrx_word' id='word_1_262' title='bbox 1565 3417 1903 3485; x_wconf 87' lang='lat' dir='ltr'><strong>potentiam,</strong></span> <span class='ocrx_word' id='word_1_263' title='bbox 1959 3422 2124 3475; x_wconf 81' lang='lat' dir='ltr'><strong>vestri</strong></span> <span class='ocrx_word' id='word_1_264' title='bbox 2171 3440 2358 3478; x_wconf 83' lang='lat' dir='ltr'><strong>curam</strong></span> 
     </span>
    </p>
   </div>
   <div class='ocr_carea' id='block_1_37' title="bbox 783 3507 2360 3581">
    <p class='ocr_par' dir='ltr' id='par_1_37' title="bbox 783 3507 2360 3581">
     <span class='ocr_line' id='line_1_37' title="bbox 783 3507 2360 3581; baseline 0.007 -22"><span class='ocrx_word' id='word_1_265' title='bbox 783 3519 982 3573; x_wconf 79' lang='lat' dir='ltr'><strong>gerens</strong></span> <span class='ocrx_word' id='word_1_266' title='bbox 1014 3514 1274 3575; x_wconf 87' lang='lat' dir='ltr'><strong>tanquam</strong></span> <span class='ocrx_word' id='word_1_267' title='bbox 1309 3507 1569 3571; x_wconf 78' lang='lat' dir='ltr'><strong>ﬁliorum,</strong></span> <span class='ocrx_word' id='word_1_268' title='bbox 1608 3508 1662 3561; x_wconf 91' lang='lat' dir='ltr'><strong>in</strong></span> <span class='ocrx_word' id='word_1_269' title='bbox 1697 3524 1786 3564; x_wconf 93' lang='lat' dir='ltr'><strong>me</strong></span> <span class='ocrx_word' id='word_1_270' title='bbox 1819 3509 1985 3565; x_wconf 88' lang='lat' dir='ltr'><strong>hodie</strong></span> <span class='ocrx_word' id='word_1_271' title='bbox 2009 3514 2272 3581; x_wconf 85' lang='lat' dir='ltr'><strong>convicit,</strong></span> <span class='ocrx_word' id='word_1_272' title='bbox 2303 3526 2360 3570; x_wconf 90' lang='lat' dir='ltr'><strong>ct</strong></span> 
     </span>
    </p>
   </div>
   <div class='ocr_carea' id='block_1_38' title="bbox 782 3598 2361 3671">
    <p class='ocr_par' dir='ltr' id='par_1_38' title="bbox 782 3598 2361 3671">
     <span class='ocr_line' id='line_1_38' title="bbox 782 3598 2361 3671; baseline 0.008 -21"><span class='ocrx_word' id='word_1_273' title='bbox 782 3610 1030 3650; x_wconf 87' lang='lat' dir='ltr'><strong>errorem</strong></span> <span class='ocrx_word' id='word_1_274' title='bbox 1058 3607 1365 3651; x_wconf 87' lang='lat' dir='ltr'><strong>vestrorum</strong></span> <span class='ocrx_word' id='word_1_275' title='bbox 1397 3598 1670 3662; x_wconf 89' lang='lat' dir='ltr'><strong>cultnum,</strong></span> <span class='ocrx_word' id='word_1_276' title='bbox 1709 3609 1766 3654; x_wconf 90' lang='lat' dir='ltr'><strong>et</strong></span> <span class='ocrx_word' id='word_1_277' title='bbox 1801 3601 1979 3655; x_wconf 80' lang='lat' dir='ltr'><strong>zelum</strong></span> <span class='ocrx_word' id='word_1_278' title='bbox 2010 3605 2104 3671; x_wconf 81' lang='lat' dir='ltr'><strong>qui</strong></span> <span class='ocrx_word' id='word_1_279' title='bbox 2137 3622 2244 3659; x_wconf 90' lang='lat' dir='ltr'><strong>non</strong></span> <span class='ocrx_word' id='word_1_280' title='bbox 2275 3617 2361 3662; x_wconf 89' lang='lat' dir='ltr'><strong>est</strong></span> 
     </span>
    </p>
   </div>
   <div class='ocr_carea' id='block_1_39' title="bbox 782 3687 2361 3759">
    <p class='ocr_par' dir='ltr' id='par_1_39' title="bbox 782 3687 2361 3759">
     <span class='ocr_line' id='line_1_39' title="bbox 782 3687 2361 3759; baseline 0.009 -21"><span class='ocrx_word' id='word_1_281' title='bbox 782 3701 851 3738; x_wconf 91' lang='lat' dir='ltr'><strong>ex</strong></span> <span class='ocrx_word' id='word_1_282' title='bbox 881 3687 1216 3754; x_wconf 82' lang='lat' dir='ltr'><strong>cognitione,</strong></span> <span class='ocrx_word' id='word_1_283' title='bbox 1248 3697 1307 3742; x_wconf 93' lang='lat' dir='ltr'><strong>ut</strong></span> <span class='ocrx_word' id='word_1_284' title='bbox 1341 3687 1443 3757; x_wconf 89' lang='lat' dir='ltr'><strong>ipsi</strong></span> <span class='ocrx_word' id='word_1_285' title='bbox 1478 3703 1698 3758; x_wconf 89' lang='lat' dir='ltr'><strong>quoque</strong></span> <span class='ocrx_word' id='word_1_286' title='bbox 1730 3703 2032 3759; x_wconf 72' lang='lat' dir='ltr'><strong>praesentes</strong></span> <span class='ocrx_word' id='word_1_287' title='bbox 2068 3696 2202 3750; x_wconf 83' lang='lat' dir='ltr'><strong>mihi</strong></span> <span class='ocrx_word' id='word_1_288' title='bbox 2229 3713 2361 3752; x_wconf 88' lang='lat' dir='ltr'><strong>con-</strong></span> 
     </span>
    </p>
   </div>
   <div class='ocr_carea' id='block_1_40' title="bbox 784 3774 2360 3850">
    <p class='ocr_par' dir='ltr' id='par_1_40' title="bbox 784 3774 2360 3850">
     <span class='ocr_line' id='line_1_40' title="bbox 784 3774 2360 3850; baseline 0.01 -25"><span class='ocrx_word' id='word_1_289' title='bbox 784 3775 1037 3828; x_wconf 89' lang='lat' dir='ltr'><strong>lltemini.</strong></span> <span class='ocrx_word' id='word_1_290' title='bbox 1074 3774 1257 3829; x_wconf 89' lang='lat' dir='ltr'><strong>Discat</strong></span> <span class='ocrx_word' id='word_1_291' title='bbox 1277 3791 1407 3846; x_wconf 91' lang='lat' dir='ltr'><strong>ergo</strong></span> <span class='ocrx_word' id='word_1_292' title='bbox 1451 3779 1830 3849; x_wconf 86' lang='lat' dir='ltr'><strong>unusquisque</strong></span> <span class='ocrx_word' id='word_1_293' title='bbox 1860 3792 2128 3850; x_wconf 89' lang='lat' dir='ltr'><strong>vestrum,</strong></span> <span class='ocrx_word' id='word_1_294' title='bbox 2161 3787 2215 3840; x_wconf 92' lang='lat' dir='ltr'><strong>in</strong></span> <span class='ocrx_word' id='word_1_295' title='bbox 2273 3804 2360 3843; x_wconf 88' lang='lat' dir='ltr'><strong>me</strong></span> 
     </span>
    </p>
   </div>
   <div class='ocr_carea' id='block_1_41' title="bbox 783 3865 2359 3950">
    <p class='ocr_par' dir='ltr' id='par_1_41' title="bbox 783 3865 2359 3950">
     <span class='ocr_line' id='line_1_41' title="bbox 783 3865 2359 3950; baseline 0.01 -30"><span class='ocrx_word' id='word_1_296' title='bbox 783 3865 987 3920; x_wconf 86' lang='lat' dir='ltr'><strong>Christi</strong></span> <span class='ocrx_word' id='word_1_297' title='bbox 1015 3879 1284 3936; x_wconf 88' lang='lat' dir='ltr'><strong>reputans</strong></span> <span class='ocrx_word' id='word_1_298' title='bbox 1326 3871 1652 3938; x_wconf 89' lang='lat' dir='ltr'><strong>potentiam,</strong></span> <span class='ocrx_word' id='word_1_299' title='bbox 1683 3873 1829 3940; x_wconf 88' lang='lat' dir='ltr'><strong>quod</strong></span> <span class='ocrx_word' id='word_1_300' title='bbox 1863 3873 2052 3941; x_wconf 89' lang='lat' dir='ltr'><strong>homo,</strong></span> <span class='ocrx_word' id='word_1_301' title='bbox 2109 3879 2204 3947; x_wconf 91' lang='lat' dir='ltr'><strong>qui</strong></span> <span class='ocrx_word' id='word_1_302' title='bbox 2247 3881 2359 3950; x_wconf 86' lang='lat' dir='ltr'><strong>jam</strong></span> 
     </span>
    </p>
   </div>
   <div class='ocr_carea' id='block_1_42' title="bbox 785 3958 2360 4037">
    <p class='ocr_par' dir='ltr' id='par_1_42' title="bbox 785 3958 2360 4037">
     <span class='ocr_line' id='line_1_42' title="bbox 785 3958 2360 4037; baseline 0.009 -27"><span class='ocrx_word' id='word_1_303' title='bbox 785 3958 1098 4026; x_wconf 86' lang='lat' dir='ltr'><strong>spectabam</strong></span> <span class='ocrx_word' id='word_1_304' title='bbox 1127 3958 1194 4012; x_wconf 89' lang='lat' dir='ltr'><strong>ad</strong></span> <span class='ocrx_word' id='word_1_305' title='bbox 1225 3969 1586 4025; x_wconf 87' lang='lat' dir='ltr'><strong>senectutem,</strong></span> <span class='ocrx_word' id='word_1_306' title='bbox 1620 3973 1676 4015; x_wconf 89' lang='lat' dir='ltr'><strong>et</strong></span> <span class='ocrx_word' id='word_1_307' title='bbox 1709 3980 1958 4034; x_wconf 89' lang='lat' dir='ltr'><strong>magnam</strong></span> <span class='ocrx_word' id='word_1_308' title='bbox 1989 3969 2211 4037; x_wconf 87' lang='lat' dir='ltr'><strong>quidem</strong></span> <span class='ocrx_word' id='word_1_309' title='bbox 2237 3987 2360 4026; x_wconf 87' lang='lat' dir='ltr'><strong>cor-</strong></span> 
     </span>
    </p>
   </div>
   <div class='ocr_carea' id='block_1_43' title="bbox 787 4049 2362 4118">
    <p class='ocr_par' dir='ltr' id='par_1_43' title="bbox 787 4049 2362 4118">
     <span class='ocr_line' id='line_1_43' title="bbox 787 4049 2362 4118; baseline 0.011 -18"><span class='ocrx_word' id='word_1_310' title='bbox 787 4049 935 4117; x_wconf 90' lang='lat' dir='ltr'><strong>poris</strong></span> <span class='ocrx_word' id='word_1_311' title='bbox 962 4057 1198 4117; x_wconf 85' lang='lat' dir='ltr'><strong>partem,</strong></span> <span class='ocrx_word' id='word_1_312' title='bbox 1232 4065 1422 4106; x_wconf 88' lang='lat' dir='ltr'><strong>omnes</strong></span> <span class='ocrx_word' id='word_1_313' title='bbox 1449 4061 1635 4107; x_wconf 84' lang='lat' dir='ltr'><strong>autem</strong></span> <span class='ocrx_word' id='word_1_314' title='bbox 1662 4055 1806 4110; x_wconf 89' lang='lat' dir='ltr'><strong>vires</strong></span> <span class='ocrx_word' id='word_1_315' title='bbox 1842 4062 2126 4115; x_wconf 87' lang='lat' dir='ltr'><strong>tormentis</strong></span> <span class='ocrx_word' id='word_1_316' title='bbox 2164 4065 2362 4118; x_wconf 85' lang='lat' dir='ltr'><strong>amise-</strong></span> 
     </span>
    </p>
   </div>
   <div class='ocr_carea' id='block_1_44' title="bbox 788 4142 2360 4222">
    <p class='ocr_par' dir='ltr' id='par_1_44' title="bbox 788 4142 2360 4222">
     <span class='ocr_line' id='line_1_44' title="bbox 788 4142 2360 4222; baseline 0.012 -30"><span class='ocrx_word' id='word_1_317' title='bbox 788 4156 923 4203; x_wconf 55' lang='lat' dir='ltr'><strong>ram,</strong></span> <span class='ocrx_word' id='word_1_318' title='bbox 964 4150 1021 4195; x_wconf 90' lang='lat' dir='ltr'><strong>et</strong></span> <span class='ocrx_word' id='word_1_319' title='bbox 1060 4142 1289 4212; x_wconf 81' lang='lat' dir='ltr'><strong>perinde</strong></span> <span class='ocrx_word' id='word_1_320' title='bbox 1335 4158 1399 4197; x_wconf 91' lang='lat' dir='ltr'><strong>ac</strong></span> <span class='ocrx_word' id='word_1_321' title='bbox 1443 4157 1697 4202; x_wconf 83' lang='lat' dir='ltr'><strong>mortuus</strong></span> <span class='ocrx_word' id='word_1_322' title='bbox 1760 4163 1912 4204; x_wconf 89' lang='lat' dir='ltr'><strong>eram</strong></span> <span class='ocrx_word' id='word_1_323' title='bbox 1961 4154 2244 4222; x_wconf 88' lang='lat' dir='ltr'><strong>conjectus</strong></span> <span class='ocrx_word' id='word_1_324' title='bbox 2304 4159 2360 4211; x_wconf 91' lang='lat' dir='ltr'><strong>in</strong></span> 
     </span>
    </p>
   </div>
   <div class='ocr_carea' id='block_1_45' title="bbox 785 4231 2361 4314">
    <p class='ocr_par' dir='ltr' id='par_1_45' title="bbox 785 4231 2361 4314">
     <span class='ocr_line' id='line_1_45' title="bbox 785 4231 2361 4314; baseline 0.013 -33"><span class='ocrx_word' id='word_1_325' title='bbox 785 4245 1085 4294; x_wconf 85' lang='lat' dir='ltr'><strong>carcerem,</strong></span> <span class='ocrx_word' id='word_1_326' title='bbox 1118 4231 1309 4286; x_wconf 85' lang='lat' dir='ltr'><strong>adsum</strong></span> <span class='ocrx_word' id='word_1_327' title='bbox 1339 4249 1488 4289; x_wconf 88' lang='lat' dir='ltr'><strong>nunc</strong></span> <span class='ocrx_word' id='word_1_328' title='bbox 1520 4251 1704 4290; x_wconf 74' lang='lat' dir='ltr'><strong>coram</strong></span> <span class='ocrx_word' id='word_1_329' title='bbox 1739 4239 1896 4294; x_wconf 82' lang='lat' dir='ltr'><strong>vobis</strong></span> <span class='ocrx_word' id='word_1_330' title='bbox 1945 4242 2176 4314; x_wconf 83' lang='lat' dir='ltr'><strong>integer,</strong></span> <span class='ocrx_word' id='word_1_331' title='bbox 2226 4247 2361 4302; x_wconf 80' lang='lat' dir='ltr'><strong>illa:-</strong></span> 
     </span>
    </p>
   </div>
   <div class='ocr_carea' id='block_1_46' title="bbox 787 4323 2358 4398">
    <p class='ocr_par' dir='ltr' id='par_1_46' title="bbox 787 4323 2358 4398">
     <span class='ocr_line' id='line_1_46' title="bbox 787 4323 2358 4398; baseline 0.013 -25"><span class='ocrx_word' id='word_1_332' title='bbox 787 4336 899 4385; x_wconf 73' lang='lat' dir='ltr'><strong>sus,</strong></span> <span class='ocrx_word' id='word_1_333' title='bbox 961 4323 1098 4376; x_wconf 81' lang='lat' dir='ltr'><strong>nihil</strong></span> <span class='ocrx_word' id='word_1_334' title='bbox 1149 4323 1479 4389; x_wconf 87' lang='lat' dir='ltr'><strong>diminutus,</strong></span> <span class='ocrx_word' id='word_1_335' title='bbox 1526 4335 1783 4398; x_wconf 86' lang='lat' dir='ltr'><strong>tanquam</strong></span> <span class='ocrx_word' id='word_1_336' title='bbox 1830 4346 2021 4387; x_wconf 89' lang='lat' dir='ltr'><strong>rursus</strong></span> <span class='ocrx_word' id='word_1_337' title='bbox 2073 4338 2126 4389; x_wconf 92' lang='lat' dir='ltr'><strong>in</strong></span> <span class='ocrx_word' id='word_1_338' title='bbox 2177 4337 2358 4393; x_wconf 79' lang='lat' dir='ltr'><strong>lucent</strong></span> 
     </span>
    </p>
   </div>
   <div class='ocr_carea' id='block_1_47' title="bbox 785 4414 2359 4497">
    <p class='ocr_par' dir='ltr' id='par_1_47' title="bbox 785 4414 2359 4497">
     <span class='ocr_line' id='line_1_47' title="bbox 785 4414 2359 4497; baseline 0.013 -32"><span class='ocrx_word' id='word_1_339' title='bbox 785 4414 986 4469; x_wconf 63' lang='lat' dir='ltr'><strong>editus,</strong></span> <span class='ocrx_word' id='word_1_340' title='bbox 1017 4426 1073 4468; x_wconf 89' lang='lat' dir='ltr'><strong>et</strong></span> <span class='ocrx_word' id='word_1_341' title='bbox 1105 4417 1302 4472; x_wconf 90' lang='lat' dir='ltr'><strong>iterum</strong></span> <span class='ocrx_word' id='word_1_342' title='bbox 1351 4426 1516 4474; x_wconf 87' lang='lat' dir='ltr'><strong>natus</strong></span> <span class='ocrx_word' id='word_1_343' title='bbox 1561 4422 1855 4486; x_wconf 89' lang='lat' dir='ltr'><strong>valentior,</strong></span> <span class='ocrx_word' id='word_1_344' title='bbox 1881 4436 1937 4478; x_wconf 93' lang='lat' dir='ltr'><strong>et</strong></span> <span class='ocrx_word' id='word_1_345' title='bbox 1980 4427 2027 4480; x_wconf 91' lang='lat' dir='ltr'><strong>si</strong></span> <span class='ocrx_word' id='word_1_346' title='bbox 2057 4430 2183 4497; x_wconf 92' lang='lat' dir='ltr'><strong>quis</strong></span> <span class='ocrx_word' id='word_1_347' title='bbox 2225 4432 2359 4486; x_wconf 87' lang='lat' dir='ltr'><strong>velit</strong></span> 
     </span>
    </p>
   </div>
   <div class='ocr_carea' id='block_1_48' title="bbox 791 4504 2360 4588">
    <p class='ocr_par' dir='ltr' id='par_1_48' title="bbox 791 4504 2360 4588">
     <span class='ocr_line' id='line_1_48' title="bbox 791 4504 2360 4588; baseline 0.014 -33"><span class='ocrx_word' id='word_1_348' title='bbox 791 4504 1042 4560; x_wconf 86' lang='lat' dir='ltr'><strong>invenire</strong></span> <span class='ocrx_word' id='word_1_349' title='bbox 1070 4523 1218 4572; x_wconf 87' lang='lat' dir='ltr'><strong>eum,</strong></span> <span class='ocrx_word' id='word_1_350' title='bbox 1257 4508 1350 4578; x_wconf 91' lang='lat' dir='ltr'><strong>qui</strong></span> <span class='ocrx_word' id='word_1_351' title='bbox 1383 4520 1470 4564; x_wconf 90' lang='lat' dir='ltr'><strong>est</strong></span> <span class='ocrx_word' id='word_1_352' title='bbox 1516 4527 1644 4567; x_wconf 84' lang='lat' dir='ltr'><strong>vero</strong></span> <span class='ocrx_word' id='word_1_353' title='bbox 1679 4514 1845 4578; x_wconf 88' lang='lat' dir='ltr'><strong>Deus,</strong></span> <span class='ocrx_word' id='word_1_354' title='bbox 1896 4530 2020 4571; x_wconf 90' lang='lat' dir='ltr'><strong>cum</strong></span> <span class='ocrx_word' id='word_1_355' title='bbox 2074 4526 2360 4588; x_wconf 77' lang='lat' dir='ltr'><strong>agnoverit</strong></span> 
     </span>
    </p>
   </div>
   <div class='ocr_carea' id='block_1_49' title="bbox 784 4598 2360 4678">
    <p class='ocr_par' dir='ltr' id='par_1_49' title="bbox 784 4598 2360 4678">
     <span class='ocr_line' id='line_1_49' title="bbox 784 4598 2360 4678; baseline 0.012 -32"><span class='ocrx_word' id='word_1_356' title='bbox 784 4609 935 4659; x_wconf 88' lang='lat' dir='ltr'><strong>eum,</strong></span> <span class='ocrx_word' id='word_1_357' title='bbox 978 4598 1070 4664; x_wconf 89' lang='lat' dir='ltr'><strong>qui</strong></span> <span class='ocrx_word' id='word_1_358' title='bbox 1102 4598 1236 4650; x_wconf 89' lang='lat' dir='ltr'><strong>mihi</strong></span> <span class='ocrx_word' id='word_1_359' title='bbox 1269 4600 1432 4654; x_wconf 81' lang='lat' dir='ltr'><strong>hodie</strong></span> <span class='ocrx_word' id='word_1_360' title='bbox 1459 4601 1612 4654; x_wconf 89' lang='lat' dir='ltr'><strong>dedit</strong></span> <span class='ocrx_word' id='word_1_361' title='bbox 1658 4602 1921 4672; x_wconf 88' lang='lat' dir='ltr'><strong>linguam,</strong></span> <span class='ocrx_word' id='word_1_362' title='bbox 1954 4617 2015 4660; x_wconf 89' lang='lat' dir='ltr'><strong>et</strong></span> <span class='ocrx_word' id='word_1_363' title='bbox 2062 4609 2252 4678; x_wconf 88' lang='lat' dir='ltr'><strong>pedes.</strong></span> <span class='ocrx_word' id='word_1_364' title='bbox 2303 4621 2360 4667; x_wconf 90' lang='lat' dir='ltr'><strong>et</strong></span> 
     </span>
    </p>
   </div>
   <div class='ocr_carea' id='block_1_50' title="bbox 786 4687 2362 4764">
    <p class='ocr_par' dir='ltr' id='par_1_50' title="bbox 786 4687 2362 4764">
     <span class='ocr_line' id='line_1_50' title="bbox 786 4687 2362 4764; baseline 0.014 -28"><span class='ocrx_word' id='word_1_365' title='bbox 786 4687 995 4748; x_wconf 87' lang='lat' dir='ltr'><strong>oculos,</strong></span> <span class='ocrx_word' id='word_1_366' title='bbox 1026 4703 1151 4740; x_wconf 91' lang='lat' dir='ltr'><strong>eum</strong></span> <span class='ocrx_word' id='word_1_367' title='bbox 1179 4703 1397 4759; x_wconf 79' lang='lat' dir='ltr'><strong>quoque</strong></span> <span class='ocrx_word' id='word_1_368' title='bbox 1445 4705 1565 4746; x_wconf 87' lang='lat' dir='ltr'><strong>esse</strong></span> <span class='ocrx_word' id='word_1_369' title='bbox 1616 4695 1828 4762; x_wconf 87' lang='lat' dir='ltr'><strong>credat,</strong></span> <span class='ocrx_word' id='word_1_370' title='bbox 1864 4699 1958 4764; x_wconf 90' lang='lat' dir='ltr'><strong>qui</strong></span> <span class='ocrx_word' id='word_1_371' title='bbox 1999 4700 2068 4753; x_wconf 89' lang='lat' dir='ltr'><strong>ab</strong></span> <span class='ocrx_word' id='word_1_372' title='bbox 2114 4700 2271 4756; x_wconf 91' lang='lat' dir='ltr'><strong>initio</strong></span> <span class='ocrx_word' id='word_1_373' title='bbox 2303 4714 2362 4758; x_wconf 87' lang='lat' dir='ltr'><strong>et</strong></span> 
     </span>
    </p>
   </div>
   <div class='ocr_carea' id='block_1_51' title="bbox 786 4778 2361 4851">
    <p class='ocr_par' dir='ltr' id='par_1_51' title="bbox 786 4778 2361 4851">
     <span class='ocr_line' id='line_1_51' title="bbox 786 4778 2361 4851; baseline 0.013 -22"><span class='ocrx_word' id='word_1_374' title='bbox 786 4778 914 4842; x_wconf 81' lang='lat' dir='ltr'><strong>alia,</strong></span> <span class='ocrx_word' id='word_1_375' title='bbox 942 4783 1111 4838; x_wconf 72' lang='lat' dir='ltr'><strong>ipsam</strong></span> <span class='ocrx_word' id='word_1_376' title='bbox 1141 4779 1338 4845; x_wconf 86' lang='lat' dir='ltr'><strong>lucem,</strong></span> <span class='ocrx_word' id='word_1_377' title='bbox 1387 4789 1443 4836; x_wconf 92' lang='lat' dir='ltr'><strong>et</strong></span> <span class='ocrx_word' id='word_1_378' title='bbox 1483 4784 1777 4851; x_wconf 80' lang='lat' dir='ltr'><strong>rationem,</strong></span> <span class='ocrx_word' id='word_1_379' title='bbox 1838 4797 1894 4842; x_wconf 90' lang='lat' dir='ltr'><strong>et</strong></span> <span class='ocrx_word' id='word_1_380' title='bbox 1935 4800 2145 4845; x_wconf 88' lang='lat' dir='ltr'><strong>motum</strong></span> <span class='ocrx_word' id='word_1_381' title='bbox 2192 4797 2361 4850; x_wconf 88' lang='lat' dir='ltr'><strong>rebus</strong></span> 
     </span>
    </p>
   </div>
   <div class='ocr_carea' id='block_1_52' title="bbox 785 4869 2356 4953">
    <p class='ocr_par' dir='ltr' id='par_1_52' title="bbox 785 4869 2356 4953">
     <span class='ocr_line' id='line_1_52' title="bbox 785 4869 2356 4953; baseline 0.013 -34"><span class='ocrx_word' id='word_1_382' title='bbox 785 4869 1008 4922; x_wconf 86' lang='lat' dir='ltr'><strong>donavit</strong></span> <span class='ocrx_word' id='word_1_383' title='bbox 1027 4869 1344 4926; x_wconf 86' lang='lat' dir='ltr'><strong>mobilibus.</strong></span> <span class='ocrx_word' id='word_1_384' title='bbox 1369 4874 1507 4926; x_wconf 83' lang='lat' dir='ltr'><strong>Cum</strong></span> <span class='ocrx_word' id='word_1_385' title='bbox 1532 4876 1608 4930; x_wconf 86' lang='lat' dir='ltr'><strong>sis</strong></span> <span class='ocrx_word' id='word_1_386' title='bbox 1634 4891 1764 4947; x_wconf 82' lang='lat' dir='ltr'><strong>ergo</strong></span> <span class='ocrx_word' id='word_1_387' title='bbox 1797 4880 2132 4951; x_wconf 84' lang='lat' dir='ltr'><strong>intelligens,</strong></span> <span class='ocrx_word' id='word_1_388' title='bbox 2161 4898 2194 4938; x_wconf 96' lang='lat' dir='ltr'><strong>o</strong></span> <span class='ocrx_word' id='word_1_389' title='bbox 2216 4900 2356 4953; x_wconf 66' lang='lat' dir='ltr'><strong>pra-</strong></span> 
     </span>
    </p>
   </div>
   <div class='ocr_carea' id='block_1_53' title="bbox 787 4960 2351 5041">
    <p class='ocr_par' dir='ltr' id='par_1_53' title="bbox 787 4960 2351 5041">
     <span class='ocr_line' id='line_1_53' title="bbox 787 4960 2351 5041; baseline 0.012 -30"><span class='ocrx_word' id='word_1_390' title='bbox 787 4960 944 5023; x_wconf 81' lang='lat' dir='ltr'><strong>lccte,</strong></span> <span class='ocrx_word' id='word_1_391' title='bbox 982 4976 1051 5015; x_wconf 91' lang='lat' dir='ltr'><strong>ne</strong></span> <span class='ocrx_word' id='word_1_392' title='bbox 1082 4963 1356 5018; x_wconf 86' lang='lat' dir='ltr'><strong>sustineas</strong></span> <span class='ocrx_word' id='word_1_393' title='bbox 1385 4965 1637 5035; x_wconf 78' lang='lat' dir='ltr'><strong>ignorare</strong></span> <span class='ocrx_word' id='word_1_394' title='bbox 1681 4983 1831 5033; x_wconf 88' lang='lat' dir='ltr'><strong>eum,</strong></span> <span class='ocrx_word' id='word_1_395' title='bbox 1883 4973 1979 5041; x_wconf 89' lang='lat' dir='ltr'><strong>qui</strong></span> <span class='ocrx_word' id='word_1_396' title='bbox 2028 4975 2104 5027; x_wconf 92' lang='lat' dir='ltr'><strong>tui</strong></span> <span class='ocrx_word' id='word_1_397' title='bbox 2162 4989 2351 5030; x_wconf 87' lang='lat' dir='ltr'><strong>curam</strong></span> 
     </span>
    </p>
   </div>
   <div class='ocr_carea' id='block_1_54' title="bbox 785 5051 2355 5139">
    <p class='ocr_par' dir='ltr' id='par_1_54' title="bbox 785 5051 2355 5139">
     <span class='ocr_line' id='line_1_54' title="bbox 785 5051 2355 5139; baseline 0.014 -37"><span class='ocrx_word' id='word_1_398' title='bbox 785 5051 946 5116; x_wconf 85' lang='lat' dir='ltr'><strong>gerit,</strong></span> <span class='ocrx_word' id='word_1_399' title='bbox 994 5064 1051 5105; x_wconf 92' lang='lat' dir='ltr'><strong>et</strong></span> <span class='ocrx_word' id='word_1_400' title='bbox 1096 5062 1245 5107; x_wconf 88' lang='lat' dir='ltr'><strong>tuam</strong></span> <span class='ocrx_word' id='word_1_401' title='bbox 1292 5066 1572 5126; x_wconf 81' lang='lat' dir='ltr'><strong>exspectat</strong></span> <span class='ocrx_word' id='word_1_402' title='bbox 1623 5062 2064 5118; x_wconf 87' lang='lat' dir='ltr'><strong>conversionem.</strong></span> <span class='ocrx_word' id='word_1_403' title='bbox 2126 5065 2355 5139; x_wconf 83' lang='lat' dir='ltr'><strong>Oportet</strong></span> 
     </span>
    </p>
   </div>
   <div class='ocr_carea' id='block_1_55' title="bbox 785 5141 2350 5227">
    <p class='ocr_par' dir='ltr' id='par_1_55' title="bbox 785 5141 2350 5227">
     <span class='ocr_line' id='line_1_55' title="bbox 785 5141 2350 5227; baseline 0.016 -36"><span class='ocrx_word' id='word_1_404' title='bbox 785 5141 934 5192; x_wconf 88' lang='lat' dir='ltr'><strong>enim</strong></span> <span class='ocrx_word' id='word_1_405' title='bbox 985 5149 1038 5194; x_wconf 91' lang='lat' dir='ltr'><strong>te</strong></span> <span class='ocrx_word' id='word_1_406' title='bbox 1088 5157 1306 5214; x_wconf 91' lang='lat' dir='ltr'><strong>quoque</strong></span> <span class='ocrx_word' id='word_1_407' title='bbox 1363 5147 1540 5216; x_wconf 87' lang='lat' dir='ltr'><strong>ipsum</strong></span> <span class='ocrx_word' id='word_1_408' title='bbox 1605 5150 1672 5202; x_wconf 90' lang='lat' dir='ltr'><strong>ad</strong></span> <span class='ocrx_word' id='word_1_409' title='bbox 1737 5149 2020 5209; x_wconf 87' lang='lat' dir='ltr'><strong>Christum</strong></span> <span class='ocrx_word' id='word_1_410' title='bbox 2065 5160 2350 5227; x_wconf 82' lang='lat' dir='ltr'><strong>accedere,</strong></span> 
     </span>
    </p>
   </div>
   <div class='ocr_carea' id='block_1_56' title="bbox 785 5232 2356 5312">
    <p class='ocr_par' dir='ltr' id='par_1_56' title="bbox 785 5232 2356 5312">
     <span class='ocr_line' id='line_1_56' title="bbox 785 5232 2356 5312; baseline 0.017 -28"><span class='ocrx_word' id='word_1_411' title='bbox 785 5232 928 5284; x_wconf 90' lang='lat' dir='ltr'><strong>sicut</strong></span> <span class='ocrx_word' id='word_1_412' title='bbox 963 5233 1128 5287; x_wconf 89' lang='lat' dir='ltr'><strong>etiam</strong></span> <span class='ocrx_word' id='word_1_413' title='bbox 1153 5237 1222 5290; x_wconf 91' lang='lat' dir='ltr'><strong>ab</strong></span> <span class='ocrx_word' id='word_1_414' title='bbox 1259 5238 1378 5306; x_wconf 86' lang='lat' dir='ltr'><strong>ipso</strong></span> <span class='ocrx_word' id='word_1_415' title='bbox 1427 5241 1562 5295; x_wconf 89' lang='lat' dir='ltr'><strong>mihi</strong></span> <span class='ocrx_word' id='word_1_416' title='bbox 1593 5242 1694 5298; x_wconf 87' lang='lat' dir='ltr'><strong>luit</strong></span> <span class='ocrx_word' id='word_1_417' title='bbox 1724 5245 2116 5312; x_wconf 76' lang='lat' dir='ltr'><strong>signiﬁcatum.</strong></span> <span class='ocrx_word' id='word_1_418' title='bbox 2151 5253 2356 5311; x_wconf 55' lang='lat' dir='ltr'><strong>laetare</strong></span> 
     </span>
    </p>
   </div>
   <div class='ocr_carea' id='block_1_57' title="bbox 786 5326 2353 5414">
    <p class='ocr_par' dir='ltr' id='par_1_57' title="bbox 786 5326 2353 5414">
     <span class='ocr_line' id='line_1_57' title="bbox 786 5326 2353 5414; baseline 0.017 -40"><span class='ocrx_word' id='word_1_419' title='bbox 786 5336 993 5388; x_wconf 72' lang='lat' dir='ltr'><strong>autem,</strong></span> <span class='ocrx_word' id='word_1_420' title='bbox 1029 5326 1176 5395; x_wconf 82' lang='lat' dir='ltr'><strong>quod</strong></span> <span class='ocrx_word' id='word_1_421' title='bbox 1206 5329 1272 5381; x_wconf 86' lang='lat' dir='ltr'><strong>ad</strong></span> <span class='ocrx_word' id='word_1_422' title='bbox 1298 5331 1500 5386; x_wconf 88' lang='lat' dir='ltr'><strong>bonum</strong></span> <span class='ocrx_word' id='word_1_423' title='bbox 1532 5345 1590 5388; x_wconf 91' lang='lat' dir='ltr'><strong>et</strong></span> <span class='ocrx_word' id='word_1_424' title='bbox 1621 5348 1888 5392; x_wconf 65' lang='lat' dir='ltr'><strong>aternum</strong></span> <span class='ocrx_word' id='word_1_425' title='bbox 1920 5342 1996 5396; x_wconf 88' lang='lat' dir='ltr'><strong>sis</strong></span> <span class='ocrx_word' id='word_1_426' title='bbox 2034 5342 2234 5414; x_wconf 80' lang='lat' dir='ltr'><strong>Regem</strong></span> <span class='ocrx_word' id='word_1_427' title='bbox 2263 5363 2353 5402; x_wconf 90' lang='lat' dir='ltr'><strong>ac-</strong></span> 
     </span>
    </p>
   </div>
   <div class='ocr_carea' id='block_1_58' title="bbox 787 5420 2360 5495">
    <p class='ocr_par' dir='ltr' id='par_1_58' title="bbox 787 5420 2360 5495">
     <span class='ocr_line' id='line_1_58' title="bbox 787 5420 2360 5495; baseline 0.018 -31"><span class='ocrx_word' id='word_1_428' title='bbox 787 5429 1065 5477; x_wconf 87' lang='lat' dir='ltr'><strong>cessurus,</strong></span> <span class='ocrx_word' id='word_1_429' title='bbox 1105 5427 1163 5474; x_wconf 88' lang='lat' dir='ltr'><strong>et</strong></span> <span class='ocrx_word' id='word_1_430' title='bbox 1190 5420 1258 5474; x_wconf 86' lang='lat' dir='ltr'><strong>ad</strong></span> <span class='ocrx_word' id='word_1_431' title='bbox 1322 5426 1567 5495; x_wconf 75' lang='lat' dir='ltr'><strong>martyrii</strong></span> <span class='ocrx_word' id='word_1_432' title='bbox 1612 5431 1850 5483; x_wconf 86' lang='lat' dir='ltr'><strong>stadium</strong></span> <span class='ocrx_word' id='word_1_433' title='bbox 1895 5440 1945 5486; x_wconf 91' lang='lat' dir='ltr'><strong>te</strong></span> <span class='ocrx_word' id='word_1_434' title='bbox 1996 5449 2210 5489; x_wconf 87' lang='lat' dir='ltr'><strong>mecum</strong></span> <span class='ocrx_word' id='word_1_435' title='bbox 2263 5453 2360 5492; x_wconf 64' lang='lat' dir='ltr'><strong>ex~</strong></span> 
     </span>
    </p>
   </div>
   <div class='ocr_carea' id='block_1_59' title="bbox 790 5515 1006 5562">
    <p class='ocr_par' dir='ltr' id='par_1_59' title="bbox 790 5515 1006 5562">
     <span class='ocr_line' id='line_1_59' title="bbox 790 5515 1006 5562; baseline 0.028 -6"><span class='ocrx_word' id='word_1_436' title='bbox 790 5515 1006 5562; x_wconf 88' lang='lat' dir='ltr'><strong>uturus.</strong></span> 
     </span>
    </p>
   </div>
   <div class='ocr_carea' id='block_1_60' title="bbox 859 5595 2357 5685">
    <p class='ocr_par' dir='ltr' id='par_1_60' title="bbox 859 5595 2357 5685">
     <span class='ocr_line' id='line_1_60' title="bbox 859 5595 2357 5685; baseline 0.019 -37"><span class='ocrx_word' id='word_1_437' title='bbox 859 5595 976 5651; x_wconf 74' lang='lat' dir='ltr'><strong>XX.</strong></span> <span class='ocrx_word' id='word_1_438' title='bbox 1026 5600 1316 5664; x_wconf 68' lang='lat' dir='ltr'><strong>Preiectus</strong></span> <span class='ocrx_word' id='word_1_439' title='bbox 1360 5618 1567 5678; x_wconf 87' lang='lat' dir='ltr'><strong>autem,</strong></span> <span class='ocrx_word' id='word_1_440' title='bbox 1623 5624 1682 5670; x_wconf 89' lang='lat' dir='ltr'><strong>ut</strong></span> <span class='ocrx_word' id='word_1_441' title='bbox 1733 5616 1827 5685; x_wconf 87' lang='lat' dir='ltr'><strong>qui</strong></span> <span class='ocrx_word' id='word_1_442' title='bbox 1875 5617 2074 5673; x_wconf 86' lang='lat' dir='ltr'><strong>bonam</strong></span> <span class='ocrx_word' id='word_1_443' title='bbox 2128 5620 2357 5676; x_wconf 85' lang='lat' dir='ltr'><strong>haberet</strong></span> 
     </span>
    </p>
   </div>
   <div class='ocr_carea' id='block_1_61' title="bbox 855 5781 1278 5852">
    <p class='ocr_par' dir='ltr' id='par_1_61' title="bbox 855 5781 1278 5852">
     <span class='ocr_line' id='line_1_61' title="bbox 855 5781 1278 5852; baseline 0.017 -13"><span class='ocrx_word' id='word_1_444' title='bbox 855 5783 874 5812; x_wconf 88' lang='lat'><strong>&#39;</strong></span> <span class='ocrx_word' id='word_1_445' title='bbox 895 5781 1088 5852; x_wconf 80' lang='lat' dir='ltr'><strong>Ephes.</strong></span> <span class='ocrx_word' id='word_1_446' title='bbox 1125 5805 1197 5852; x_wconf 75' lang='lat' dir='ltr'><strong>Iv.</strong></span> <span class='ocrx_word' id='word_1_447' title='bbox 1227 5793 1278 5846; x_wconf 87' lang='lat'><strong>7.</strong></span> 
     </span>
    </p>
   </div>
   <div class='ocr_carea' id='block_1_62' title="bbox 2459 594 4050 674">
    <p class='ocr_par' dir='ltr' id='par_1_62' title="bbox 2459 594 4050 674">
     <span class='ocr_line' id='line_1_62' title="bbox 2459 594 4050 674; baseline 0.008 -28"><span class='ocrx_word' id='word_1_448' title='bbox 2459 596 2554 647; x_wconf 82' lang='grc' dir='ltr'><strong>τοῦ</strong></span> <span class='ocrx_word' id='word_1_449' title='bbox 2582 597 2788 660; x_wconf 62' lang='grc' dir='ltr'>πᾷθους</span> <span class='ocrx_word' id='word_1_450' title='bbox 2851 596 3186 665; x_wconf 88' lang='grc' dir='ltr'>ἀνενεγκὼν,</span> <span class='ocrx_word' id='word_1_451' title='bbox 3230 594 3380 670; x_wconf 75' lang='grc' dir='ltr'>’πρὸς</span> <span class='ocrx_word' id='word_1_452' title='bbox 3413 602 3507 655; x_wconf 80' lang='grc' dir='ltr'>τὸν</span> <span class='ocrx_word' id='word_1_453' title='bbox 3539 602 3694 670; x_wconf 80' lang='grc' dir='ltr'>ἅγιον</span> <span class='ocrx_word' id='word_1_454' title='bbox 3723 605 3827 674; x_wconf 76' lang='grc' dir='ltr'>ἔφη</span> <span class='ocrx_word' id='word_1_455' title='bbox 3860 621 3874 635; x_wconf 80' lang='grc' dir='ltr'><strong>ο</strong></span> <span class='ocrx_word' id='word_1_456' title='bbox 3906 606 4050 674; x_wconf 84' lang='grc' dir='ltr'>Λέγε</span> 
     </span>
    </p>
   </div>
   <div class='ocr_carea' id='block_1_63' title="bbox 2463 687 4050 762">
    <p class='ocr_par' dir='ltr' id='par_1_63' title="bbox 2463 687 4050 762">
     <span class='ocr_line' id='line_1_63' title="bbox 2463 687 4050 762; baseline 0.008 -25"><span class='ocrx_word' id='word_1_457' title='bbox 2463 704 2580 754; x_wconf 86' lang='grc' dir='ltr'>μοι,</span> <span class='ocrx_word' id='word_1_458' title='bbox 2617 687 2894 756; x_wconf 75' lang='grc' dir='ltr'>ἄνθρωπε,</span> <span class='ocrx_word' id='word_1_459' title='bbox 2957 688 3270 758; x_wconf 81' lang='grc' dir='ltr'>φιλαληθῶς</span> <span class='ocrx_word' id='word_1_460' title='bbox 3327 691 3467 762; x_wconf 64' lang='grc' dir='ltr'>προς</span> <span class='ocrx_word' id='word_1_461' title='bbox 3522 693 3618 745; x_wconf 82' lang='grc' dir='ltr'><strong>τοῦ</strong></span> <span class='ocrx_word' id='word_1_462' title='bbox 3667 694 3762 749; x_wconf 88' lang='grc' dir='ltr'><strong>σοῦ</strong></span> <span class='ocrx_word' id='word_1_463' title='bbox 3795 696 3958 759; x_wconf 82' lang='grc' dir='ltr'><strong>Θεοῦ,</strong></span> <span class='ocrx_word' id='word_1_464' title='bbox 3997 697 4050 749; x_wconf 85' lang='grc' dir='ltr'><strong>τί</strong></span> 
     </span>
    </p>
   </div>
   <div class='ocr_carea' id='block_1_64' title="bbox 2458 777 4050 857">
    <p class='ocr_par' dir='ltr' id='par_1_64' title="bbox 2458 777 4050 857">
     <span class='ocr_line' id='line_1_64' title="bbox 2458 777 4050 857; baseline 0.006 -28"><span class='ocrx_word' id='word_1_465' title='bbox 2458 777 2708 846; x_wconf 71' lang='grc' dir='ltr'>βούλεται</span> <span class='ocrx_word' id='word_1_466' title='bbox 2731 778 2946 845; x_wconf 63' lang='lat' dir='ltr'><strong>causa;</strong></span> <span class='ocrx_word' id='word_1_467' title='bbox 2999 781 3094 832; x_wconf 79' lang='grc' dir='ltr'>καὶ</span> <span class='ocrx_word' id='word_1_468' title='bbox 3157 779 3208 832; x_wconf 86' lang='grc' dir='ltr'><strong>τί</strong></span> <span class='ocrx_word' id='word_1_469' title='bbox 3247 781 3315 834; x_wconf 84' lang='grc' dir='ltr'><strong>τά</strong></span> <span class='ocrx_word' id='word_1_470' title='bbox 3379 783 3707 853; x_wconf 70' lang='grc' dir='ltr'><strong>παραδόξως</strong></span> <span class='ocrx_word' id='word_1_471' title='bbox 3745 787 4050 857; x_wconf 76' lang='grc' dir='ltr'>όρὼμενας</span> 
     </span>
    </p>
   </div>
   <div class='ocr_carea' id='block_1_65' title="bbox 2455 868 4047 946">
    <p class='ocr_par' dir='ltr' id='par_1_65' title="bbox 2455 868 4047 946">
     <span class='ocr_line' id='line_1_65' title="bbox 2455 868 4047 946; baseline 0.007 -25"><span class='ocrx_word' id='word_1_472' title='bbox 2455 868 2574 939; x_wconf 80' lang='grc' dir='ltr'><strong>Θεῷ</strong></span> <span class='ocrx_word' id='word_1_473' title='bbox 2602 873 2710 940; x_wconf 83' lang='grc' dir='ltr'><strong>γάρ</strong></span> <span class='ocrx_word' id='word_1_474' title='bbox 2762 870 2910 941; x_wconf 82' lang='grc' dir='ltr'>μόνῳ</span> <span class='ocrx_word' id='word_1_475' title='bbox 2963 871 3166 925; x_wconf 82' lang='grc' dir='ltr'>δυνατά</span> <span class='ocrx_word' id='word_1_476' title='bbox 3224 874 3319 926; x_wconf 77' lang='grc' dir='ltr'>καὶ</span> <span class='ocrx_word' id='word_1_477' title='bbox 3365 875 3469 928; x_wconf 76' lang='grc' dir='ltr'>οὐκ</span> <span class='ocrx_word' id='word_1_478' title='bbox 3490 875 3636 946; x_wconf 72' lang='grc' dir='ltr'>ἄλλῳ</span> <span class='ocrx_word' id='word_1_479' title='bbox 3659 880 3860 934; x_wconf 78' lang='grc' dir='ltr'>ποιεῖν.</span> <span class='ocrx_word' id='word_1_480' title='bbox 3903 877 3964 931; x_wconf 81' lang='grc'><strong>’0</strong></span> <span class='ocrx_word' id='word_1_481' title='bbox 3985 879 4047 932; x_wconf 78' lang='grc' dir='ltr'><strong>δε</strong></span> 
     </span>
    </p>
   </div>
   <div class='ocr_carea' id='block_1_66' title="bbox 2458 962 4052 1040">
    <p class='ocr_par' dir='ltr' id='par_1_66' title="bbox 2458 962 4052 1040">
     <span class='ocr_line' id='line_1_66' title="bbox 2458 962 4052 1040; baseline 0.007 -25"><span class='ocrx_word' id='word_1_482' title='bbox 2458 962 2616 1027; x_wconf 85' lang='grc' dir='ltr'>ἀγιος</span> <span class='ocrx_word' id='word_1_483' title='bbox 2657 966 2716 1016; x_wconf 78' lang='grc' dir='ltr'>ἐν</span> <span class='ocrx_word' id='word_1_484' title='bbox 2775 963 2963 1034; x_wconf 81' lang='grc' dir='ltr'>ὀλίγῳ,</span> <span class='ocrx_word' id='word_1_485' title='bbox 3019 966 3122 1032; x_wconf 84' lang='grc' dir='ltr'><strong>τήν</strong></span> <span class='ocrx_word' id='word_1_486' title='bbox 3146 981 3209 1018; x_wconf 87' lang='grc' dir='ltr'><strong>τε</strong></span> <span class='ocrx_word' id='word_1_487' title='bbox 3266 966 3508 1039; x_wconf 75' lang='grc' dir='ltr'>ἄναρχον</span> <span class='ocrx_word' id='word_1_488' title='bbox 3555 969 3735 1040; x_wconf 83' lang='grc' dir='ltr'>ἀρχὴν</span> <span class='ocrx_word' id='word_1_489' title='bbox 3772 970 3866 1024; x_wconf 83' lang='grc' dir='ltr'><strong>τοῦ</strong></span> <span class='ocrx_word' id='word_1_490' title='bbox 3909 970 4052 1026; x_wconf 84' lang='grc' dir='ltr'><strong>Θεοῦ</strong></span> 
     </span>
    </p>
   </div>
   <div class='ocr_carea' id='block_1_67' title="bbox 2457 1056 4051 1131">
    <p class='ocr_par' dir='ltr' id='par_1_67' title="bbox 2457 1056 4051 1131">
     <span class='ocr_line' id='line_1_67' title="bbox 2457 1056 4051 1131; baseline 0.006 -23"><span class='ocrx_word' id='word_1_491' title='bbox 2457 1057 2586 1116; x_wconf 85' lang='grc' dir='ltr'>τοὺς</span> <span class='ocrx_word' id='word_1_492' title='bbox 2627 1056 2905 1123; x_wconf 83' lang='grc' dir='ltr'>παρόντας</span> <span class='ocrx_word' id='word_1_493' title='bbox 2963 1057 3314 1123; x_wconf 82' lang='grc' dir='ltr'>ἀναδιδάξας,</span> <span class='ocrx_word' id='word_1_494' title='bbox 3363 1061 3458 1112; x_wconf 77' lang='grc' dir='ltr'>καὶ</span> <span class='ocrx_word' id='word_1_495' title='bbox 3495 1060 3556 1113; x_wconf 81' lang='grc' dir='ltr'><strong>τδ</strong></span> <span class='ocrx_word' id='word_1_496' title='bbox 3603 1064 3902 1131; x_wconf 77' lang='grc' dir='ltr'>ἀναγκαῖον</span> <span class='ocrx_word' id='word_1_497' title='bbox 3952 1065 4051 1117; x_wconf 83' lang='grc' dir='ltr'><strong>τοῦ</strong></span> 
     </span>
    </p>
   </div>
   <div class='ocr_carea' id='block_1_68' title="bbox 2469 1151 4052 1226">
    <p class='ocr_par' dir='ltr' id='par_1_68' title="bbox 2469 1151 4052 1226">
     <span class='ocr_line' id='line_1_68' title="bbox 2469 1151 4052 1226; baseline 0.005 -24"><span class='ocrx_word' id='word_1_498' title='bbox 2469 1151 2718 1222; x_wconf 86' lang='grc' dir='ltr'>Σταυροῦ</span> <span class='ocrx_word' id='word_1_499' title='bbox 2747 1154 2840 1206; x_wconf 71' lang='grc' dir='ltr'>καὶ</span> <span class='ocrx_word' id='word_1_500' title='bbox 2864 1155 3381 1226; x_wconf 80' lang='grc' dir='ltr'>σωτηριωδέστατον</span> <span class='ocrx_word' id='word_1_501' title='bbox 3427 1155 3682 1222; x_wconf 70' lang='grc' dir='ltr'>ἑξειπὼν,</span> <span class='ocrx_word' id='word_1_502' title='bbox 3734 1160 3829 1211; x_wconf 73' lang='grc' dir='ltr'><strong>καὶ</strong></span> <span class='ocrx_word' id='word_1_503' title='bbox 3859 1159 4052 1220; x_wconf 71' lang='grc' dir='ltr'>ἀπὶῶς</span> 
     </span>
    </p>
   </div>
   <div class='ocr_carea' id='block_1_69' title="bbox 2458 1244 4047 1320">
    <p class='ocr_par' dir='ltr' id='par_1_69' title="bbox 2458 1244 4047 1320">
     <span class='ocr_line' id='line_1_69' title="bbox 2458 1244 4047 1320; baseline 0.007 -25"><span class='ocrx_word' id='word_1_504' title='bbox 2458 1244 2515 1295; x_wconf 71' lang='grc' dir='ltr'><strong>τὸ</strong></span> <span class='ocrx_word' id='word_1_505' title='bbox 2541 1245 2649 1298; x_wconf 80' lang='grc' dir='ltr'><strong>πᾶν</strong></span> <span class='ocrx_word' id='word_1_506' title='bbox 2675 1246 2862 1309; x_wconf 77' lang='grc' dir='ltr'>αὐτοῖς</span> <span class='ocrx_word' id='word_1_507' title='bbox 2917 1247 3017 1317; x_wconf 79' lang='grc' dir='ltr'><strong>τῆς</strong></span> <span class='ocrx_word' id='word_1_508' title='bbox 3055 1247 3370 1315; x_wconf 73' lang='grc' dir='ltr'>οἰκονομίας</span> <span class='ocrx_word' id='word_1_509' title='bbox 3430 1251 3736 1320; x_wconf 86' lang='grc' dir='ltr'>μυστήριον</span> <span class='ocrx_word' id='word_1_510' title='bbox 3767 1251 4047 1319; x_wconf 71' lang='grc' dir='ltr'>διασαφή-</span> 
     </span>
    </p>
   </div>
   <div class='ocr_carea' id='block_1_70' title="bbox 2459 1336 4050 1410">
    <p class='ocr_par' dir='ltr' id='par_1_70' title="bbox 2459 1336 4050 1410">
     <span class='ocr_line' id='line_1_70' title="bbox 2459 1336 4050 1410; baseline 0.004 -24"><span class='ocrx_word' id='word_1_511' title='bbox 2459 1351 2580 1397; x_wconf 91' lang='grc' dir='ltr'>σας,</span> <span class='ocrx_word' id='word_1_512' title='bbox 2651 1336 2788 1404; x_wconf 76' lang='grc' dir='ltr'>πρὸς</span> <span class='ocrx_word' id='word_1_513' title='bbox 2838 1337 2914 1403; x_wconf 77' lang='grc' dir='ltr'>τῷ</span> <span class='ocrx_word' id='word_1_514' title='bbox 2965 1337 3109 1391; x_wconf 77' lang='grc' dir='ltr'>τέλει</span> <span class='ocrx_word' id='word_1_515' title='bbox 3161 1340 3514 1410; x_wconf 69' lang='grc' dir='ltr'>ἐπήνεγκενο</span> <span class='ocrx_word' id='word_1_516' title='bbox 3567 1343 3630 1397; x_wconf 88' lang='grc' dir='ltr'>Ὀ</span> <span class='ocrx_word' id='word_1_517' title='bbox 3685 1342 3819 1405; x_wconf 79' lang='grc' dir='ltr'>Θεὸς</span> <span class='ocrx_word' id='word_1_518' title='bbox 3839 1343 4050 1405; x_wconf 89' lang='grc' dir='ltr'>τοίνυν,</span> 
     </span>
    </p>
   </div>
   <div class='ocr_carea' id='block_1_71' title="bbox 2459 1427 4050 1506">
    <p class='ocr_par' dir='ltr' id='par_1_71' title="bbox 2459 1427 4050 1506">
     <span class='ocr_line' id='line_1_71' title="bbox 2459 1427 4050 1506; baseline 0.008 -27"><span class='ocrx_word' id='word_1_519' title='bbox 2459 1427 2686 1498; x_wconf 80' lang='grc' dir='ltr'>ἔπαρχε,</span> <span class='ocrx_word' id='word_1_520' title='bbox 2739 1429 2942 1496; x_wconf 87' lang='grc' dir='ltr'>ἀγαθός</span> <span class='ocrx_word' id='word_1_521' title='bbox 2985 1447 3045 1484; x_wconf 82' lang='grc' dir='ltr'><strong>τε</strong></span> <span class='ocrx_word' id='word_1_522' title='bbox 3101 1430 3180 1484; x_wconf 85' lang='grc' dir='ltr'><strong>ῶν</strong></span> <span class='ocrx_word' id='word_1_523' title='bbox 3225 1433 3322 1487; x_wconf 78' lang='grc' dir='ltr'>καὶ</span> <span class='ocrx_word' id='word_1_524' title='bbox 3371 1433 3780 1506; x_wconf 81' lang='grc' dir='ltr'>φιλάνθρωπος,</span> <span class='ocrx_word' id='word_1_525' title='bbox 3817 1437 3917 1490; x_wconf 81' lang='grc' dir='ltr'>καὶ</span> <span class='ocrx_word' id='word_1_526' title='bbox 3949 1437 4050 1500; x_wconf 81' lang='grc' dir='ltr'>τῆς</span> 
     </span>
    </p>
   </div>
   <div class='ocr_carea' id='block_1_72' title="bbox 2457 1521 4050 1598">
    <p class='ocr_par' dir='ltr' id='par_1_72' title="bbox 2457 1521 4050 1598">
     <span class='ocr_line' id='line_1_72' title="bbox 2457 1521 4050 1598; baseline 0.007 -26"><span class='ocrx_word' id='word_1_527' title='bbox 2457 1522 2566 1574; x_wconf 82' lang='grc' dir='ltr'><strong>τῶν</strong></span> <span class='ocrx_word' id='word_1_528' title='bbox 2593 1521 2900 1591; x_wconf 83' lang='grc' dir='ltr'>ἀνθρώπων</span> <span class='ocrx_word' id='word_1_529' title='bbox 2951 1525 3119 1578; x_wconf 78' lang='grc' dir='ltr'>ῑνεκα</span> <span class='ocrx_word' id='word_1_530' title='bbox 3149 1528 3430 1597; x_wconf 82' lang='grc' dir='ltr'><strong>σωτηρίας</strong></span> <span class='ocrx_word' id='word_1_531' title='bbox 3477 1529 3572 1582; x_wconf 78' lang='grc' dir='ltr'><strong>ὲπὶ</strong></span> <span class='ocrx_word' id='word_1_532' title='bbox 3597 1529 3704 1598; x_wconf 82' lang='grc' dir='ltr'>γῆς</span> <span class='ocrx_word' id='word_1_533' title='bbox 3743 1529 4050 1590; x_wconf 77' lang='grc' dir='ltr'>κατελθὼν,</span> 
     </span>
    </p>
   </div>
   <div class='ocr_carea' id='block_1_73' title="bbox 2459 1613 4051 1682">
    <p class='ocr_par' dir='ltr' id='par_1_73' title="bbox 2459 1613 4051 1682">
     <span class='ocr_line' id='line_1_73' title="bbox 2459 1613 4051 1682; baseline 0.008 -18"><span class='ocrx_word' id='word_1_534' title='bbox 2459 1616 2518 1664; x_wconf 76' lang='grc' dir='ltr'>οὐ</span> <span class='ocrx_word' id='word_1_535' title='bbox 2552 1613 2805 1682; x_wconf 76' lang='grc' dir='ltr'>βούλεται</span> <span class='ocrx_word' id='word_1_536' title='bbox 2860 1617 3052 1670; x_wconf 74' lang='grc' dir='ltr'>οὐδένα</span> <span class='ocrx_word' id='word_1_537' title='bbox 3097 1617 3208 1670; x_wconf 90' lang='grc' dir='ltr'><strong>τῶν</strong></span> <span class='ocrx_word' id='word_1_538' title='bbox 3273 1621 3534 1673; x_wconf 69' lang='grc' dir='ltr'>ἁπάντων</span> <span class='ocrx_word' id='word_1_539' title='bbox 3583 1621 3882 1675; x_wconf 76' lang='grc' dir='ltr'>ἀπολέσθαι</span> <span class='ocrx_word' id='word_1_540' title='bbox 3919 1627 4051 1676; x_wconf 80' lang='grc' dir='ltr'>ποτὲ</span> 
     </span>
    </p>
   </div>
   <div class='ocr_carea' id='block_1_74' title="bbox 2462 1707 4052 1782">
    <p class='ocr_par' dir='ltr' id='par_1_74' title="bbox 2462 1707 4052 1782">
     <span class='ocr_line' id='line_1_74' title="bbox 2462 1707 4052 1782; baseline 0.005 -26"><span class='ocrx_word' id='word_1_541' title='bbox 2462 1707 2691 1758; x_wconf 78' lang='grc' dir='ltr'>καὶτῶν</span> <span class='ocrx_word' id='word_1_542' title='bbox 2739 1709 2974 1762; x_wconf 85' lang='grc' dir='ltr'>αίωνίων</span> <span class='ocrx_word' id='word_1_543' title='bbox 3034 1710 3259 1776; x_wconf 83' lang='grc' dir='ltr'>ἀγαθῶν</span> <span class='ocrx_word' id='word_1_544' title='bbox 3316 1712 3579 1765; x_wconf 72' lang='grc' dir='ltr'>ἑκπεσεῖν</span> <span class='ocrx_word' id='word_1_545' title='bbox 3614 1728 3630 1742; x_wconf 85' lang='grc'>⁶</span> <span class='ocrx_word' id='word_1_546' title='bbox 3698 1713 3817 1767; x_wconf 81' lang='grc' dir='ltr'>ἀλλ’</span> <span class='ocrx_word' id='word_1_547' title='bbox 3855 1714 4052 1782; x_wconf 76' lang='grc' dir='ltr'>ῶσπερ</span> 
     </span>
    </p>
   </div>
   <div class='ocr_carea' id='block_1_75' title="bbox 2465 1799 4054 1873">
    <p class='ocr_par' dir='ltr' id='par_1_75' title="bbox 2465 1799 4054 1873">
     <span class='ocr_line' id='line_1_75' title="bbox 2465 1799 4054 1873; baseline 0.007 -26"><span class='ocrx_word' id='word_1_548' title='bbox 2465 1799 2649 1868; x_wconf 84' lang='grc' dir='ltr'><strong>μήτηρ</strong></span> <span class='ocrx_word' id='word_1_549' title='bbox 2705 1800 2845 1866; x_wconf 83' lang='grc' dir='ltr'><strong>μετά</strong></span> <span class='ocrx_word' id='word_1_550' title='bbox 2868 1801 2966 1863; x_wconf 71' lang='grc' dir='ltr'>τὰς</span> <span class='ocrx_word' id='word_1_551' title='bbox 3012 1800 3209 1863; x_wconf 83' lang='grc' dir='ltr'>ὠδῖνας</span> <span class='ocrx_word' id='word_1_552' title='bbox 3246 1805 3557 1872; x_wconf 80' lang='grc' dir='ltr'>προνοεῖται</span> <span class='ocrx_word' id='word_1_553' title='bbox 3589 1802 3690 1873; x_wconf 73' lang='grc' dir='ltr'>μὶν</span> <span class='ocrx_word' id='word_1_554' title='bbox 3713 1805 3792 1867; x_wconf 86' lang='grc' dir='ltr'><strong>είς</strong></span> <span class='ocrx_word' id='word_1_555' title='bbox 3827 1803 4054 1858; x_wconf 71' lang='grc' dir='ltr'>ἅπαντα</span> 
     </span>
    </p>
   </div>
   <div class='ocr_carea' id='block_1_76' title="bbox 2467 1887 4054 1963">
    <p class='ocr_par' dir='ltr' id='par_1_76' title="bbox 2467 1887 4054 1963">
     <span class='ocr_line' id='line_1_76' title="bbox 2467 1887 4054 1963; baseline 0.004 -24"><span class='ocrx_word' id='word_1_556' title='bbox 2467 1887 2560 1940; x_wconf 83' lang='grc' dir='ltr'><strong>τοῦ</strong></span> <span class='ocrx_word' id='word_1_557' title='bbox 2592 1888 2807 1954; x_wconf 79' lang='grc' dir='ltr'>παιδὸς,</span> <span class='ocrx_word' id='word_1_558' title='bbox 2846 1890 3093 1958; x_wconf 79' lang='grc' dir='ltr'><strong>ἀνέχεται</strong></span> <span class='ocrx_word' id='word_1_559' title='bbox 3131 1891 3188 1942; x_wconf 74' lang='grc' dir='ltr'>δὲ</span> <span class='ocrx_word' id='word_1_560' title='bbox 3219 1890 3314 1944; x_wconf 89' lang='grc' dir='ltr'><strong>τοῦ</strong></span> <span class='ocrx_word' id='word_1_561' title='bbox 3371 1891 3598 1956; x_wconf 78' lang='grc' dir='ltr'>ἀτελοῦς</span> <span class='ocrx_word' id='word_1_562' title='bbox 3627 1893 3792 1963; x_wconf 88' lang='grc' dir='ltr'>χάριν</span> <span class='ocrx_word' id='word_1_563' title='bbox 3820 1894 3917 1948; x_wconf 72' lang='grc' dir='ltr'>καὶ</span> <span class='ocrx_word' id='word_1_564' title='bbox 3941 1895 4054 1948; x_wconf 84' lang='grc' dir='ltr'><strong>τῶν</strong></span> 
     </span>
    </p>
   </div>
   <div class='ocr_carea' id='block_1_77' title="bbox 2466 1980 4053 2057">
    <p class='ocr_par' dir='ltr' id='par_1_77' title="bbox 2466 1980 4053 2057">
     <span class='ocr_line' id='line_1_77' title="bbox 2466 1980 4053 2057; baseline 0.006 -25"><span class='ocrx_word' id='word_1_565' title='bbox 2466 1981 2525 2045; x_wconf 80' lang='grc' dir='ltr'><strong>ἐξ</strong></span> <span class='ocrx_word' id='word_1_566' title='bbox 2557 1980 2723 2034; x_wconf 85' lang='grc' dir='ltr'>αὑτοῦ</span> <span class='ocrx_word' id='word_1_567' title='bbox 2777 1981 3012 2052; x_wconf 77' lang='grc' dir='ltr'>ῦὸρεων,</span> <span class='ocrx_word' id='word_1_568' title='bbox 3064 1983 3125 2035; x_wconf 82' lang='grc' dir='ltr'>οὐ</span> <span class='ocrx_word' id='word_1_569' title='bbox 3166 1983 3320 2053; x_wconf 82' lang='grc' dir='ltr'>παρά</span> <span class='ocrx_word' id='word_1_570' title='bbox 3347 1982 3508 2037; x_wconf 84' lang='grc' dir='ltr'>τοῦτο</span> <span class='ocrx_word' id='word_1_571' title='bbox 3551 1983 3916 2057; x_wconf 71' lang='grc' dir='ltr'>ἑχθραίνουσα</span> <span class='ocrx_word' id='word_1_572' title='bbox 3971 1987 4053 2056; x_wconf 84' lang='grc' dir='ltr'><strong>τῷ</strong></span> 
     </span>
    </p>
   </div>
   <div class='ocr_carea' id='block_1_78' title="bbox 2466 2071 4052 2150">
    <p class='ocr_par' dir='ltr' id='par_1_78' title="bbox 2466 2071 4052 2150">
     <span class='ocr_line' id='line_1_78' title="bbox 2466 2071 4052 2150; baseline 0.012 -27"><span class='ocrx_word' id='word_1_573' title='bbox 2466 2072 2619 2125; x_wconf 61' lang='lat' dir='ltr'><strong>una</strong></span> <span class='ocrx_word' id='word_1_574' title='bbox 2652 2071 2782 2144; x_wconf 89' lang='grc' dir='ltr'>(τῶν</span> <span class='ocrx_word' id='word_1_575' title='bbox 2838 2075 3168 2145; x_wconf 78' lang='grc' dir='ltr'>σπλάγχνων</span> <span class='ocrx_word' id='word_1_576' title='bbox 3212 2078 3324 2146; x_wconf 83' lang='grc' dir='ltr'><strong>γάρ</strong></span> <span class='ocrx_word' id='word_1_577' title='bbox 3399 2077 3656 2149; x_wconf 71' lang='grc' dir='ltr'>ἣττηται,</span> <span class='ocrx_word' id='word_1_578' title='bbox 3684 2080 3779 2133; x_wconf 80' lang='grc' dir='ltr'>καὶ</span> <span class='ocrx_word' id='word_1_579' title='bbox 3812 2079 4052 2150; x_wconf 71' lang='grc' dir='ltr'>ἰσχυρῶς</span> 
     </span>
    </p>
   </div>
   <div class='ocr_carea' id='block_1_79' title="bbox 2469 2163 4050 2239">
    <p class='ocr_par' dir='ltr' id='par_1_79' title="bbox 2469 2163 4050 2239">
     <span class='ocr_line' id='line_1_79' title="bbox 2469 2163 4050 2239; baseline 0.003 -22"><span class='ocrx_word' id='word_1_580' title='bbox 2469 2163 2673 2231; x_wconf 79' lang='grc' dir='ltr'>μᾶλλον</span> <span class='ocrx_word' id='word_1_581' title='bbox 2727 2166 2941 2232; x_wconf 75' lang='grc' dir='ltr'>ἐφίεται</span> <span class='ocrx_word' id='word_1_582' title='bbox 3015 2167 3355 2237; x_wconf 81' lang='grc' dir='ltr'><strong>τελειότητος</strong></span> <span class='ocrx_word' id='word_1_583' title='bbox 3409 2171 3694 2239; x_wconf 74' lang='grc' dir='ltr'>ἁψάμενον</span> <span class='ocrx_word' id='word_1_584' title='bbox 3747 2171 3995 2224; x_wconf 77' lang='grc' dir='ltr'><strong>κατιδεῖν</strong></span> <span class='ocrx_word' id='word_1_585' title='bbox 4036 2214 4050 2234; x_wconf 87' lang='grc'><strong>,</strong></span> 
     </span>
    </p>
   </div>
   <div class='ocr_carea' id='block_1_80' title="bbox 2463 2255 4055 2335">
    <p class='ocr_par' dir='ltr' id='par_1_80' title="bbox 2463 2255 4055 2335">
     <span class='ocr_line' id='line_1_80' title="bbox 2463 2255 4055 2335; baseline 0.007 -28"><span class='ocrx_word' id='word_1_586' title='bbox 2463 2255 2589 2326; x_wconf 75' lang='grc' dir='ltr'>δόξῃ</span> <span class='ocrx_word' id='word_1_587' title='bbox 2640 2257 2697 2309; x_wconf 85' lang='grc' dir='ltr'><em>τέ</em></span> <span class='ocrx_word' id='word_1_588' title='bbox 2723 2274 2827 2308; x_wconf 87' lang='grc' dir='ltr'>τινι</span> <span class='ocrx_word' id='word_1_589' title='bbox 2872 2257 2970 2310; x_wconf 69' lang='grc' dir='ltr'><strong>καὶ</strong></span> <span class='ocrx_word' id='word_1_590' title='bbox 3034 2257 3384 2330; x_wconf 79' lang='grc' dir='ltr'>λαμπρότητι</span> <span class='ocrx_word' id='word_1_591' title='bbox 3425 2262 3863 2335; x_wconf 77' lang='grc' dir='ltr'>διαπρέποντα)·</span> <span class='ocrx_word' id='word_1_592' title='bbox 3906 2264 4055 2318; x_wconf 65' lang='grc' dir='ltr'>οὕτω</span> 
     </span>
    </p>
   </div>
   <div class='ocr_carea' id='block_1_81' title="bbox 2466 2348 4046 2426">
    <p class='ocr_par' dir='ltr' id='par_1_81' title="bbox 2466 2348 4046 2426">
     <span class='ocr_line' id='line_1_81' title="bbox 2466 2348 4046 2426; baseline 0.005 -26"><span class='ocrx_word' id='word_1_593' title='bbox 2466 2349 2562 2400; x_wconf 77' lang='grc' dir='ltr'>καὶ</span> <span class='ocrx_word' id='word_1_594' title='bbox 2607 2352 2634 2401; x_wconf 83' lang='grc' dir='ltr'><strong>ό</strong></span> <span class='ocrx_word' id='word_1_595' title='bbox 2664 2348 2797 2410; x_wconf 82' lang='grc' dir='ltr'>Θεὸς</span> <span class='ocrx_word' id='word_1_596' title='bbox 2857 2354 3168 2420; x_wconf 73' lang='grc' dir='ltr'>προνοεῖται</span> <span class='ocrx_word' id='word_1_597' title='bbox 3227 2352 3328 2421; x_wconf 79' lang='grc' dir='ltr'>μὲν</span> <span class='ocrx_word' id='word_1_598' title='bbox 3369 2355 3510 2421; x_wconf 87' lang='grc' dir='ltr'><strong>μετά</strong></span> <span class='ocrx_word' id='word_1_599' title='bbox 3548 2355 3644 2424; x_wconf 75' lang='grc' dir='ltr'><strong>τήν</strong></span> <span class='ocrx_word' id='word_1_600' title='bbox 3671 2356 4046 2426; x_wconf 75' lang='grc' dir='ltr'>δημιουργίαν</span> 
     </span>
    </p>
   </div>
   <div class='ocr_carea' id='block_1_82' title="bbox 2468 2442 4054 2518">
    <p class='ocr_par' dir='ltr' id='par_1_82' title="bbox 2468 2442 4054 2518">
     <span class='ocr_line' id='line_1_82' title="bbox 2468 2442 4054 2518; baseline 0.004 -25"><span class='ocrx_word' id='word_1_601' title='bbox 2468 2443 2560 2494; x_wconf 79' lang='grc' dir='ltr'>καὶ</span> <span class='ocrx_word' id='word_1_602' title='bbox 2593 2442 2667 2504; x_wconf 80' lang='grc' dir='ltr'>ὡς</span> <span class='ocrx_word' id='word_1_603' title='bbox 2695 2443 2898 2514; x_wconf 78' lang='grc' dir='ltr'>πατὴρ,</span> <span class='ocrx_word' id='word_1_604' title='bbox 2927 2443 3180 2514; x_wconf 80' lang='grc' dir='ltr'>ἀνέχεται</span> <span class='ocrx_word' id='word_1_605' title='bbox 3209 2446 3266 2498; x_wconf 78' lang='grc' dir='ltr'>δὲ</span> <span class='ocrx_word' id='word_1_606' title='bbox 3295 2447 3392 2500; x_wconf 81' lang='grc' dir='ltr'>καὶ</span> <span class='ocrx_word' id='word_1_607' title='bbox 3416 2446 3526 2498; x_wconf 88' lang='grc' dir='ltr'><strong>τῶν</strong></span> <span class='ocrx_word' id='word_1_608' title='bbox 3552 2447 3636 2510; x_wconf 89' lang='grc' dir='ltr'><strong>είς</strong></span> <span class='ocrx_word' id='word_1_609' title='bbox 3659 2446 3822 2500; x_wconf 78' lang='grc' dir='ltr'>αὑτὸν</span> <span class='ocrx_word' id='word_1_610' title='bbox 3849 2447 4054 2518; x_wconf 82' lang='grc' dir='ltr'>ἀθετη-</span> 
     </span>
    </p>
   </div>
   <div class='ocr_carea' id='block_1_83' title="bbox 2471 2534 4049 2609">
    <p class='ocr_par' dir='ltr' id='par_1_83' title="bbox 2471 2534 4049 2609">
     <span class='ocr_line' id='line_1_83' title="bbox 2471 2534 4049 2609; baseline 0.003 -24"><span class='ocrx_word' id='word_1_611' title='bbox 2471 2534 2656 2602; x_wconf 86' lang='grc' dir='ltr'>μάτων</span> <span class='ocrx_word' id='word_1_612' title='bbox 2709 2534 2797 2588; x_wconf 76' lang='grc' dir='ltr'><strong>διὰ</strong></span> <span class='ocrx_word' id='word_1_613' title='bbox 2837 2537 2936 2604; x_wconf 85' lang='grc' dir='ltr'>τὴν</span> <span class='ocrx_word' id='word_1_614' title='bbox 2985 2535 3232 2603; x_wconf 76' lang='grc' dir='ltr'>ἀγνοιαν,</span> <span class='ocrx_word' id='word_1_615' title='bbox 3295 2538 3391 2590; x_wconf 76' lang='grc' dir='ltr'>καὶ</span> <span class='ocrx_word' id='word_1_616' title='bbox 3440 2539 3783 2609; x_wconf 72' lang='grc' dir='ltr'>σπλάγχνοις</span> <span class='ocrx_word' id='word_1_617' title='bbox 3843 2541 4049 2608; x_wconf 78' lang='grc' dir='ltr'>μᾶλλον</span> 
     </span>
    </p>
   </div>
   <div class='ocr_carea' id='block_1_84' title="bbox 2465 2629 4050 2702">
    <p class='ocr_par' dir='ltr' id='par_1_84' title="bbox 2465 2629 4050 2702">
     <span class='ocr_line' id='line_1_84' title="bbox 2465 2629 4050 2702; baseline 0.004 -25"><span class='ocrx_word' id='word_1_618' title='bbox 2465 2629 3025 2697; x_wconf 82' lang='grc' dir='ltr'>οἰκείοιςνικῶμενος,</span> <span class='ocrx_word' id='word_1_619' title='bbox 3055 2629 3299 2698; x_wconf 73' lang='grc' dir='ltr'>εὐμενῶς</span> <span class='ocrx_word' id='word_1_620' title='bbox 3331 2631 3445 2700; x_wconf 69' lang='grc' dir='ltr'>ἔχει</span> <span class='ocrx_word' id='word_1_621' title='bbox 3485 2633 3582 2685; x_wconf 65' lang='grc' dir='ltr'><strong>καὶ⁵</strong></span> <span class='ocrx_word' id='word_1_622' title='bbox 3619 2631 4050 2702; x_wconf 81' lang='grc' dir='ltr'>φιλανθρώπως,</span> 
     </span>
    </p>
   </div>
   <div class='ocr_carea' id='block_1_85' title="bbox 2467 2717 4052 2795">
    <p class='ocr_par' dir='ltr' id='par_1_85' title="bbox 2467 2717 4052 2795">
     <span class='ocr_line' id='line_1_85' title="bbox 2467 2717 4052 2795; baseline 0.008 -28"><span class='ocrx_word' id='word_1_623' title='bbox 2467 2717 2679 2779; x_wconf 60' lang='grc' dir='ltr'>οὐδενὸς</span> <span class='ocrx_word' id='word_1_624' title='bbox 2705 2719 2892 2787; x_wconf 76' lang='grc' dir='ltr'>ἑτέρου</span> <span class='ocrx_word' id='word_1_625' title='bbox 2929 2721 3220 2792; x_wconf 67' lang='grc' dir='ltr'>ἐπιθυμῶν</span> <span class='ocrx_word' id='word_1_626' title='bbox 3251 2726 3282 2794; x_wconf 75' lang='grc' dir='ltr'>ἢ</span> <span class='ocrx_word' id='word_1_627' title='bbox 3309 2723 3404 2775; x_wconf 85' lang='grc' dir='ltr'><strong>τοῦ</strong></span> <span class='ocrx_word' id='word_1_628' title='bbox 3434 2724 3585 2787; x_wconf 72' lang='grc' dir='ltr'>ἐντὸς</span> <span class='ocrx_word' id='word_1_629' title='bbox 3613 2727 3762 2795; x_wconf 74' lang='grc' dir='ltr'>ἡμᾶς</span> <span class='ocrx_word' id='word_1_630' title='bbox 3793 2727 4052 2793; x_wconf 83' lang='grc' dir='ltr'>γενέσθαι</span> 
     </span>
    </p>
   </div>
   <div class='ocr_carea' id='block_1_86' title="bbox 2466 2811 4054 2885">
    <p class='ocr_par' dir='ltr' id='par_1_86' title="bbox 2466 2811 4054 2885">
     <span class='ocr_line' id='line_1_86' title="bbox 2466 2811 4054 2885; baseline 0.003 -22"><span class='ocrx_word' id='word_1_631' title='bbox 2466 2814 2561 2878; x_wconf 74' lang='grc' dir='ltr'>τῆς</span> <span class='ocrx_word' id='word_1_632' title='bbox 2591 2811 2756 2862; x_wconf 67' lang='grc' dir='ltr'>αὑτοῦ</span> <span class='ocrx_word' id='word_1_633' title='bbox 2815 2811 2996 2879; x_wconf 76' lang='grc' dir='ltr'>δόξης,</span> <span class='ocrx_word' id='word_1_634' title='bbox 3043 2815 3124 2877; x_wconf 84' lang='grc' dir='ltr'>εἰς</span> <span class='ocrx_word' id='word_1_635' title='bbox 3174 2814 3346 2885; x_wconf 83' lang='grc' dir='ltr'>ἀνδρα</span> <span class='ocrx_word' id='word_1_636' title='bbox 3401 2816 3613 2868; x_wconf 80' lang='grc' dir='ltr'>τέλειον</span> <span class='ocrx_word' id='word_1_637' title='bbox 3655 2817 3934 2881; x_wconf 73' lang='grc' dir='ltr'>ἐλθόντας,</span> <span class='ocrx_word' id='word_1_638' title='bbox 3969 2819 4054 2880; x_wconf 83' lang='grc' dir='ltr'>εἰς</span> 
     </span>
    </p>
   </div>
   <div class='ocr_carea' id='block_1_87' title="bbox 2469 2907 4054 2980">
    <p class='ocr_par' dir='ltr' id='par_1_87' title="bbox 2469 2907 4054 2980">
     <span class='ocr_line' id='line_1_87' title="bbox 2469 2907 4054 2980; baseline 0.003 -21"><span class='ocrx_word' id='word_1_639' title='bbox 2469 2926 2666 2979; x_wconf 89' lang='grc' dir='ltr'>μετρον</span> <span class='ocrx_word' id='word_1_640' title='bbox 2691 2907 2909 2978; x_wconf 75' lang='grc' dir='ltr'>ἡλικίας</span> <span class='ocrx_word' id='word_1_641' title='bbox 2937 2910 3342 2978; x_wconf 85' lang='grc' dir='ltr'>πνευματικῆς,</span> <span class='ocrx_word' id='word_1_642' title='bbox 3379 2909 3453 2973; x_wconf 84' lang='grc' dir='ltr'>ὡς</span> <span class='ocrx_word' id='word_1_643' title='bbox 3486 2910 3700 2974; x_wconf 76' lang='grc' dir='ltr'>Παῦλος</span> <span class='ocrx_word' id='word_1_644' title='bbox 3724 2913 3870 2980; x_wconf 75' lang='grc' dir='ltr'>ἡμᾶς</span> <span class='ocrx_word' id='word_1_645' title='bbox 3899 2911 4054 2964; x_wconf 76' lang='grc' dir='ltr'>διδά-</span> 
     </span>
    </p>
   </div>
   <div class='ocr_carea' id='block_1_88' title="bbox 2469 2998 4053 3071">
    <p class='ocr_par' dir='ltr' id='par_1_88' title="bbox 2469 2998 4053 3071">
     <span class='ocr_line' id='line_1_88' title="bbox 2469 2998 4053 3071; baseline 0 -19"><span class='ocrx_word' id='word_1_646' title='bbox 2469 3017 2610 3065; x_wconf 86' lang='grc' dir='ltr'>σκει,</span> <span class='ocrx_word' id='word_1_647' title='bbox 2637 3000 2731 3054; x_wconf 84' lang='grc' dir='ltr'><strong>τοῦ</strong></span> <span class='ocrx_word' id='word_1_648' title='bbox 2764 3001 3136 3070; x_wconf 76' lang='grc' dir='ltr'>πληρώματος</span> <span class='ocrx_word' id='word_1_649' title='bbox 3169 3001 3264 3053; x_wconf 82' lang='grc' dir='ltr'><strong>τοῦ</strong></span> <span class='ocrx_word' id='word_1_650' title='bbox 3297 3001 3560 3071; x_wconf 82' lang='grc' dir='ltr'>Χριστοῦ.</span> <span class='ocrx_word' id='word_1_651' title='bbox 3607 3002 3762 3056; x_wconf 79' lang='grc' dir='ltr'>Ἐπεὶ</span> <span class='ocrx_word' id='word_1_652' title='bbox 3791 2998 3884 3054; x_wconf 85' lang='grc' dir='ltr'>οὖν</span> <span class='ocrx_word' id='word_1_653' title='bbox 3910 2999 4053 3056; x_wconf 75' lang='grc' dir='ltr'>εἶδεν</span> 
     </span>
    </p>
   </div>
   <div class='ocr_carea' id='block_1_89' title="bbox 2468 3092 4051 3163">
    <p class='ocr_par' dir='ltr' id='par_1_89' title="bbox 2468 3092 4051 3163">
     <span class='ocr_line' id='line_1_89' title="bbox 2468 3092 4051 3163; baseline 0.002 -20"><span class='ocrx_word' id='word_1_654' title='bbox 2468 3092 2608 3160; x_wconf 81' lang='grc' dir='ltr'>ὑμᾶς</span> <span class='ocrx_word' id='word_1_655' title='bbox 2638 3094 2666 3144; x_wconf 89' lang='grc' dir='ltr'><strong>ὁ</strong></span> <span class='ocrx_word' id='word_1_656' title='bbox 2695 3093 2884 3163; x_wconf 77' lang='grc' dir='ltr'>Σωτὴρ</span> <span class='ocrx_word' id='word_1_657' title='bbox 2915 3097 3029 3155; x_wconf 86' lang='grc' dir='ltr'>τοῖς</span> <span class='ocrx_word' id='word_1_658' title='bbox 3070 3093 3405 3162; x_wconf 80' lang='grc' dir='ltr'>δελεάσμασι</span> <span class='ocrx_word' id='word_1_659' title='bbox 3465 3095 3573 3146; x_wconf 87' lang='grc' dir='ltr'><strong>τῶν</strong></span> <span class='ocrx_word' id='word_1_660' title='bbox 3609 3092 3882 3162; x_wconf 79' lang='grc' dir='ltr'>δαιμόνων</span> <span class='ocrx_word' id='word_1_661' title='bbox 3908 3094 4051 3163; x_wconf 78' lang='grc' dir='ltr'>πρὸς</span> 
     </span>
    </p>
   </div>
   <div class='ocr_carea' id='block_1_90' title="bbox 2467 3185 4051 3255">
    <p class='ocr_par' dir='ltr' id='par_1_90' title="bbox 2467 3185 4051 3255">
     <span class='ocr_line' id='line_1_90' title="bbox 2467 3185 4051 3255; baseline 0.003 -20"><span class='ocrx_word' id='word_1_662' title='bbox 2467 3186 2566 3254; x_wconf 77' lang='grc' dir='ltr'>τὴν</span> <span class='ocrx_word' id='word_1_663' title='bbox 2621 3185 2786 3236; x_wconf 76' lang='grc' dir='ltr'>αὑτοῦ</span> <span class='ocrx_word' id='word_1_664' title='bbox 2831 3188 3131 3250; x_wconf 80' lang='grc' dir='ltr'>ἐπίγνωσιν</span> <span class='ocrx_word' id='word_1_665' title='bbox 3185 3186 3598 3255; x_wconf 77' lang='grc' dir='ltr'>ὐσ;ερίζοντας,</span> <span class='ocrx_word' id='word_1_666' title='bbox 3657 3188 3750 3239; x_wconf 80' lang='grc' dir='ltr'>καὶ</span> <span class='ocrx_word' id='word_1_667' title='bbox 3795 3186 4051 3255; x_wconf 81' lang='grc' dir='ltr'>παραζη-</span> 
     </span>
    </p>
   </div>
   <div class='ocr_carea' id='block_1_91' title="bbox 2470 3275 4051 3350">
    <p class='ocr_par' dir='ltr' id='par_1_91' title="bbox 2470 3275 4051 3350">
     <span class='ocr_line' id='line_1_91' title="bbox 2470 3275 4051 3350; baseline 0.001 -23"><span class='ocrx_word' id='word_1_668' title='bbox 2470 3275 2693 3338; x_wconf 81' lang='grc' dir='ltr'>λοῦντας</span> <span class='ocrx_word' id='word_1_669' title='bbox 2740 3277 2901 3330; x_wconf 73' lang='grc' dir='ltr'>αὐτὸν</span> <span class='ocrx_word' id='word_1_670' title='bbox 2955 3277 3043 3329; x_wconf 71' lang='grc' dir='ltr'><strong>ἐπ’</strong></span> <span class='ocrx_word' id='word_1_671' title='bbox 3069 3278 3132 3329; x_wconf 81' lang='grc' dir='ltr'>οὑ</span> <span class='ocrx_word' id='word_1_672' title='bbox 3166 3279 3330 3342; x_wconf 82' lang='grc' dir='ltr'>θεοῖς,</span> <span class='ocrx_word' id='word_1_673' title='bbox 3388 3281 3484 3343; x_wconf 72' lang='grc' dir='ltr'>καὶ</span> <span class='ocrx_word' id='word_1_674' title='bbox 3527 3279 3960 3350; x_wconf 77' lang='grc' dir='ltr'>παροργίζοντας</span> <span class='ocrx_word' id='word_1_675' title='bbox 3987 3281 4051 3330; x_wconf 72' lang='grc' dir='ltr'>ιν</span> 
     </span>
    </p>
   </div>
   <div class='ocr_carea' id='block_1_92' title="bbox 2467 3367 4053 3441">
    <p class='ocr_par' dir='ltr' id='par_1_92' title="bbox 2467 3367 4053 3441">
     <span class='ocr_line' id='line_1_92' title="bbox 2467 3367 4053 3441; baseline 0.001 -21"><span class='ocrx_word' id='word_1_676' title='bbox 2467 3373 2579 3430; x_wconf 80' lang='grc' dir='ltr'>τοῖς</span> <span class='ocrx_word' id='word_1_677' title='bbox 2601 3367 2842 3431; x_wconf 77' lang='grc' dir='ltr'>εἰδώλοις</span> <span class='ocrx_word' id='word_1_678' title='bbox 2877 3369 3055 3437; x_wconf 86' lang='grc' dir='ltr'>ὑμῶν,</span> <span class='ocrx_word' id='word_1_679' title='bbox 3084 3372 3179 3422; x_wconf 77' lang='grc' dir='ltr'>καὶ</span> <span class='ocrx_word' id='word_1_680' title='bbox 3205 3371 3281 3441; x_wconf 79' lang='grc' dir='ltr'>μὴ</span> <span class='ocrx_word' id='word_1_681' title='bbox 3312 3371 3411 3439; x_wconf 80' lang='grc' dir='ltr'>τὴν</span> <span class='ocrx_word' id='word_1_682' title='bbox 3447 3369 3606 3440; x_wconf 76' lang='grc' dir='ltr'>ίσχὺν</span> <span class='ocrx_word' id='word_1_683' title='bbox 3639 3370 3808 3423; x_wconf 76' lang='grc' dir='ltr'>αὐτοῦ</span> <span class='ocrx_word' id='word_1_684' title='bbox 3834 3374 3929 3423; x_wconf 76' lang='grc' dir='ltr'>καὶ</span> <span class='ocrx_word' id='word_1_685' title='bbox 3957 3371 4053 3422; x_wconf 69' lang='grc' dir='ltr'><strong>δύο</strong></span> 
     </span>
    </p>
   </div>
   <div class='ocr_carea' id='block_1_93' title="bbox 2471 3459 4050 3530">
    <p class='ocr_par' dir='ltr' id='par_1_93' title="bbox 2471 3459 4050 3530">
     <span class='ocr_line' id='line_1_93' title="bbox 2471 3459 4050 3530; baseline 0 -18"><span class='ocrx_word' id='word_1_686' title='bbox 2471 3476 2634 3527; x_wconf 80' lang='grc' dir='ltr'>ναμιν</span> <span class='ocrx_word' id='word_1_687' title='bbox 2684 3462 3159 3530; x_wconf 81' lang='grc' dir='ltr'>ὑποπτήσσοντας,</span> <span class='ocrx_word' id='word_1_688' title='bbox 3239 3460 3540 3530; x_wconf 89' lang='grc' dir='ltr'>κηδόμενος</span> <span class='ocrx_word' id='word_1_689' title='bbox 3589 3461 3768 3530; x_wconf 80' lang='grc' dir='ltr'>ὑμῶν,</span> <span class='ocrx_word' id='word_1_690' title='bbox 3816 3459 4050 3530; x_wconf 73' lang='grc' dir='ltr'>ήλεγεεν</span> 
     </span>
    </p>
   </div>
   <div class='ocr_carea' id='block_1_94' title="bbox 2470 3551 4052 3621">
    <p class='ocr_par' dir='ltr' id='par_1_94' title="bbox 2470 3551 4052 3621">
     <span class='ocr_line' id='line_1_94' title="bbox 2470 3551 4052 3621; baseline 0 -20"><span class='ocrx_word' id='word_1_691' title='bbox 2470 3551 2528 3601; x_wconf 77' lang='grc' dir='ltr'><strong>εν</strong></span> <span class='ocrx_word' id='word_1_692' title='bbox 2558 3552 2681 3618; x_wconf 70' lang='grc' dir='ltr'>ἐμοὶ</span> <span class='ocrx_word' id='word_1_693' title='bbox 2727 3552 2970 3621; x_wconf 77' lang='grc' dir='ltr'>σήμερον</span> <span class='ocrx_word' id='word_1_694' title='bbox 3013 3553 3115 3620; x_wconf 88' lang='grc' dir='ltr'><strong>τήν</strong></span> <span class='ocrx_word' id='word_1_695' title='bbox 3151 3566 3213 3602; x_wconf 90' lang='grc' dir='ltr'><strong>τε</strong></span> <span class='ocrx_word' id='word_1_696' title='bbox 3272 3551 3486 3619; x_wconf 80' lang='grc' dir='ltr'>πλάνην</span> <span class='ocrx_word' id='word_1_697' title='bbox 3527 3551 3637 3602; x_wconf 82' lang='grc' dir='ltr'><strong>τῶν</strong></span> <span class='ocrx_word' id='word_1_698' title='bbox 3685 3551 4052 3620; x_wconf 75' lang='grc' dir='ltr'>σεϐασμάτων</span> 
     </span>
    </p>
   </div>
   <div class='ocr_carea' id='block_1_95' title="bbox 2470 3638 4050 3709">
    <p class='ocr_par' dir='ltr' id='par_1_95' title="bbox 2470 3638 4050 3709">
     <span class='ocr_line' id='line_1_95' title="bbox 2470 3638 4050 3709; baseline 0.001 -20"><span class='ocrx_word' id='word_1_699' title='bbox 2470 3638 2623 3705; x_wconf 78' lang='grc' dir='ltr'>ὑμῶν</span> <span class='ocrx_word' id='word_1_700' title='bbox 2654 3638 2748 3690; x_wconf 82' lang='grc' dir='ltr'>καὶ</span> <span class='ocrx_word' id='word_1_701' title='bbox 2777 3640 2868 3690; x_wconf 82' lang='grc' dir='ltr'>τὸν</span> <span class='ocrx_word' id='word_1_702' title='bbox 2895 3640 2957 3690; x_wconf 84' lang='grc' dir='ltr'>οὐ</span> <span class='ocrx_word' id='word_1_703' title='bbox 2987 3638 3110 3691; x_wconf 76' lang='grc' dir='ltr'>κατ’</span> <span class='ocrx_word' id='word_1_704' title='bbox 3126 3639 3430 3705; x_wconf 69' lang='grc' dir='ltr'>ἐπίγνωσιν</span> <span class='ocrx_word' id='word_1_705' title='bbox 3464 3640 3650 3708; x_wconf 80' lang='grc' dir='ltr'>ζῆλον,</span> <span class='ocrx_word' id='word_1_706' title='bbox 3671 3639 3748 3702; x_wconf 84' lang='grc' dir='ltr'><strong>ὡς</strong></span> <span class='ocrx_word' id='word_1_707' title='bbox 3777 3639 4050 3709; x_wconf 82' lang='grc' dir='ltr'>παρόντες</span> 
     </span>
    </p>
   </div>
   <div class='ocr_carea' id='block_1_96' title="bbox 2469 3728 4051 3798">
    <p class='ocr_par' dir='ltr' id='par_1_96' title="bbox 2469 3728 4051 3798">
     <span class='ocr_line' id='line_1_96' title="bbox 2469 3728 4051 3798; baseline 0 -19"><span class='ocrx_word' id='word_1_708' title='bbox 2469 3729 2887 3796; x_wconf 84' lang='grc' dir='ltr'>συνομολογεῖτέ</span> <span class='ocrx_word' id='word_1_709' title='bbox 2938 3746 3030 3797; x_wconf 90' lang='grc' dir='ltr'><strong>μοι</strong></span> <span class='ocrx_word' id='word_1_710' title='bbox 3083 3730 3180 3782; x_wconf 78' lang='grc' dir='ltr'>καὶ</span> <span class='ocrx_word' id='word_1_711' title='bbox 3243 3730 3420 3784; x_wconf 81' lang='grc' dir='ltr'>αὐτοί.</span> <span class='ocrx_word' id='word_1_712' title='bbox 3457 3728 3842 3798; x_wconf 81' lang='grc' dir='ltr'>Καταμαθέτω</span> <span class='ocrx_word' id='word_1_713' title='bbox 3867 3729 4051 3781; x_wconf 79' lang='grc' dir='ltr'>τοίνυν</span> 
     </span>
    </p>
   </div>
   <div class='ocr_carea' id='block_1_97' title="bbox 2469 3817 4049 3889">
    <p class='ocr_par' dir='ltr' id='par_1_97' title="bbox 2469 3817 4049 3889">
     <span class='ocr_line' id='line_1_97' title="bbox 2469 3817 4049 3889; baseline 0.001 -20"><span class='ocrx_word' id='word_1_714' title='bbox 2469 3817 2701 3879; x_wconf 73' lang='grc' dir='ltr'>ἕκαστος</span> <span class='ocrx_word' id='word_1_715' title='bbox 2759 3817 2913 3888; x_wconf 82' lang='grc' dir='ltr'>ὑμῶν</span> <span class='ocrx_word' id='word_1_716' title='bbox 2946 3820 3006 3870; x_wconf 72' lang='grc' dir='ltr'>ὲν</span> <span class='ocrx_word' id='word_1_717' title='bbox 3053 3821 3179 3888; x_wconf 65' lang='grc' dir='ltr'>ἐμοὶ</span> <span class='ocrx_word' id='word_1_718' title='bbox 3230 3820 3332 3889; x_wconf 81' lang='grc' dir='ltr'><strong>τήν</strong></span> <span class='ocrx_word' id='word_1_719' title='bbox 3383 3817 3619 3887; x_wconf 85' lang='grc' dir='ltr'>δύναμιν</span> <span class='ocrx_word' id='word_1_720' title='bbox 3662 3817 3758 3871; x_wconf 85' lang='grc' dir='ltr'><strong>τοῦ</strong></span> <span class='ocrx_word' id='word_1_721' title='bbox 3784 3817 4049 3888; x_wconf 86' lang='grc' dir='ltr'>Χριστοῦ,</span> 
     </span>
    </p>
   </div>
   <div class='ocr_carea' id='block_1_98' title="bbox 2468 3909 4047 3981">
    <p class='ocr_par' dir='ltr' id='par_1_98' title="bbox 2468 3909 4047 3981">
     <span class='ocr_line' id='line_1_98' title="bbox 2468 3909 4047 3981; baseline -0.001 -20"><span class='ocrx_word' id='word_1_722' title='bbox 2468 3909 2831 3978; x_wconf 75' lang='grc' dir='ltr'>λογισάμενος</span> <span class='ocrx_word' id='word_1_723' title='bbox 2890 3910 2975 3962; x_wconf 86' lang='grc' dir='ltr'>ὅτι</span> <span class='ocrx_word' id='word_1_724' title='bbox 3018 3909 3311 3980; x_wconf 70' lang='grc' dir='ltr'>ἅνθρωπος</span> <span class='ocrx_word' id='word_1_725' title='bbox 3342 3911 3443 3980; x_wconf 81' lang='grc' dir='ltr'><strong>ήδη</strong></span> <span class='ocrx_word' id='word_1_726' title='bbox 3492 3910 3630 3979; x_wconf 85' lang='grc' dir='ltr'>πρὸς</span> <span class='ocrx_word' id='word_1_727' title='bbox 3661 3913 3846 3981; x_wconf 75' lang='grc' dir='ltr'>γῆρας</span> <span class='ocrx_word' id='word_1_728' title='bbox 3875 3909 4047 3980; x_wconf 81' lang='grc' dir='ltr'>ὁρῶν,</span> 
     </span>
    </p>
   </div>
   <div class='ocr_carea' id='block_1_99' title="bbox 2469 4001 4050 4071">
    <p class='ocr_par' dir='ltr' id='par_1_99' title="bbox 2469 4001 4050 4071">
     <span class='ocr_line' id='line_1_99' title="bbox 2469 4001 4050 4071; baseline 0.001 -19"><span class='ocrx_word' id='word_1_729' title='bbox 2469 4001 2647 4053; x_wconf 79' lang='grc' dir='ltr'>καὶτὸ</span> <span class='ocrx_word' id='word_1_730' title='bbox 2683 4001 2844 4054; x_wconf 87' lang='grc' dir='ltr'>πλέον</span> <span class='ocrx_word' id='word_1_731' title='bbox 2865 4001 2967 4071; x_wconf 73' lang='grc' dir='ltr'>μὶν</span> <span class='ocrx_word' id='word_1_732' title='bbox 2988 4003 3082 4054; x_wconf 83' lang='grc' dir='ltr'><strong>τοῦ</strong></span> <span class='ocrx_word' id='word_1_733' title='bbox 3113 4002 3392 4069; x_wconf 78' lang='grc' dir='ltr'>σώματος,</span> <span class='ocrx_word' id='word_1_734' title='bbox 3414 4001 3478 4054; x_wconf 78' lang='grc' dir='ltr'>τὸ</span> <span class='ocrx_word' id='word_1_735' title='bbox 3507 4003 3617 4054; x_wconf 78' lang='grc' dir='ltr'>πᾶν</span> <span class='ocrx_word' id='word_1_736' title='bbox 3638 4001 3704 4055; x_wconf 74' lang='grc' dir='ltr'>δὶ</span> <span class='ocrx_word' id='word_1_737' title='bbox 3727 4001 3828 4071; x_wconf 83' lang='grc' dir='ltr'><strong>τῆς</strong></span> <span class='ocrx_word' id='word_1_738' title='bbox 3859 4002 4050 4071; x_wconf 82' lang='grc' dir='ltr'>ἰσχύος</span> 
     </span>
    </p>
   </div>
   <div class='ocr_carea' id='block_1_100' title="bbox 2468 4088 4054 4161">
    <p class='ocr_par' dir='ltr' id='par_1_100' title="bbox 2468 4088 4054 4161">
     <span class='ocr_line' id='line_1_100' title="bbox 2468 4088 4054 4161; baseline 0.002 -21"><span class='ocrx_word' id='word_1_739' title='bbox 2468 4088 2576 4141; x_wconf 83' lang='grc' dir='ltr'><strong>ἀπὺ</strong></span> <span class='ocrx_word' id='word_1_740' title='bbox 2611 4088 2865 4158; x_wconf 82' lang='grc' dir='ltr'>βασάνων</span> <span class='ocrx_word' id='word_1_741' title='bbox 2909 4089 3230 4154; x_wconf 75' lang='grc' dir='ltr'>ἀναλωθεὶς,</span> <span class='ocrx_word' id='word_1_742' title='bbox 3264 4091 3358 4144; x_wconf 82' lang='grc' dir='ltr'>καὶ</span> <span class='ocrx_word' id='word_1_743' title='bbox 3409 4089 3590 4159; x_wconf 81' lang='grc' dir='ltr'>νεκρῷ</span> <span class='ocrx_word' id='word_1_744' title='bbox 3618 4091 3815 4159; x_wconf 70' lang='grc' dir='ltr'>ἐπίσης</span> <span class='ocrx_word' id='word_1_745' title='bbox 3847 4093 3915 4161; x_wconf 72' lang='grc' dir='ltr'>τῇ</span> <span class='ocrx_word' id='word_1_746' title='bbox 3941 4093 4054 4161; x_wconf 85' lang='grc' dir='ltr'>είρ-</span> 
     </span>
    </p>
   </div>
   <div class='ocr_carea' id='block_1_101' title="bbox 2468 4182 4049 4253">
    <p class='ocr_par' dir='ltr' id='par_1_101' title="bbox 2468 4182 4049 4253">
     <span class='ocr_line' id='line_1_101' title="bbox 2468 4182 4049 4253; baseline 0.001 -19"><span class='ocrx_word' id='word_1_747' title='bbox 2468 4184 2571 4252; x_wconf 70' lang='grc' dir='ltr'>κτῇ</span> <span class='ocrx_word' id='word_1_748' title='bbox 2595 4182 3011 4252; x_wconf 73' lang='grc' dir='ltr'>ιναπορῤιφεὶς,</span> <span class='ocrx_word' id='word_1_749' title='bbox 3054 4183 3289 4252; x_wconf 85' lang='grc' dir='ltr'>πάρειμι</span> <span class='ocrx_word' id='word_1_750' title='bbox 3326 4183 3419 4235; x_wconf 91' lang='grc' dir='ltr'><strong>νῦν</strong></span> <span class='ocrx_word' id='word_1_751' title='bbox 3452 4183 3689 4236; x_wconf 69' lang='grc' dir='ltr'>ινώπιον</span> <span class='ocrx_word' id='word_1_752' title='bbox 3725 4183 3908 4253; x_wconf 84' lang='grc' dir='ltr'>ὑμῶν,</span> <span class='ocrx_word' id='word_1_753' title='bbox 3941 4183 4049 4253; x_wconf 84' lang='grc' dir='ltr'>ἀρ-</span> 
     </span>
    </p>
   </div>
   <div class='ocr_carea' id='block_1_102' title="bbox 2467 4274 4048 4347">
    <p class='ocr_par' dir='ltr' id='par_1_102' title="bbox 2467 4274 4048 4347">
     <span class='ocr_line' id='line_1_102' title="bbox 2467 4274 4048 4347; baseline 0.001 -22"><span class='ocrx_word' id='word_1_754' title='bbox 2467 4291 2600 4337; x_wconf 80' lang='grc' dir='ltr'>τιος,</span> <span class='ocrx_word' id='word_1_755' title='bbox 2635 4275 2874 4346; x_wconf 74' lang='grc' dir='ltr'>ἀπαθής,</span> <span class='ocrx_word' id='word_1_756' title='bbox 2899 4277 3161 4344; x_wconf 84' lang='grc' dir='ltr'>ἀκέραιος</span> <span class='ocrx_word' id='word_1_757' title='bbox 3184 4274 3377 4345; x_wconf 86' lang='grc' dir='ltr'>ῶσπερ</span> <span class='ocrx_word' id='word_1_758' title='bbox 3407 4274 3614 4328; x_wconf 81' lang='grc' dir='ltr'>ὠδίνων</span> <span class='ocrx_word' id='word_1_759' title='bbox 3641 4275 3816 4328; x_wconf 81' lang='grc' dir='ltr'>ἀλλων</span> <span class='ocrx_word' id='word_1_760' title='bbox 3843 4275 4048 4347; x_wconf 83' lang='grc' dir='ltr'>τυχὼν,</span> 
     </span>
    </p>
   </div>
   <div class='ocr_carea' id='block_1_103' title="bbox 2469 4366 4051 4436">
    <p class='ocr_par' dir='ltr' id='par_1_103' title="bbox 2469 4366 4051 4436">
     <span class='ocr_line' id='line_1_103' title="bbox 2469 4366 4051 4436; baseline 0.001 -18"><span class='ocrx_word' id='word_1_761' title='bbox 2469 4368 2565 4419; x_wconf 74' lang='grc' dir='ltr'>καὶ</span> <span class='ocrx_word' id='word_1_762' title='bbox 2635 4366 2795 4429; x_wconf 75' lang='grc' dir='ltr'>αὖθις</span> <span class='ocrx_word' id='word_1_763' title='bbox 2846 4368 3239 4436; x_wconf 78' lang='grc' dir='ltr'>ἀναγεννηθεὶς</span> <span class='ocrx_word' id='word_1_764' title='bbox 3298 4369 3711 4434; x_wconf 84' lang='grc' dir='ltr'>κραταιότερος.</span> <span class='ocrx_word' id='word_1_765' title='bbox 3745 4368 3853 4421; x_wconf 77' lang='grc' dir='ltr'><strong>Καὶ</strong></span> <span class='ocrx_word' id='word_1_766' title='bbox 3882 4369 3938 4421; x_wconf 83' lang='grc' dir='ltr'><strong>εί</strong></span> <span class='ocrx_word' id='word_1_767' title='bbox 3964 4385 4051 4432; x_wconf 87' lang='grc' dir='ltr'><strong>τις</strong></span> 
     </span>
    </p>
   </div>
   <div class='ocr_carea' id='block_1_104' title="bbox 2466 4453 4050 4527">
    <p class='ocr_par' dir='ltr' id='par_1_104' title="bbox 2466 4453 4050 4527">
     <span class='ocr_line' id='line_1_104' title="bbox 2466 4453 4050 4527; baseline 0.001 -20"><span class='ocrx_word' id='word_1_768' title='bbox 2466 4456 2558 4507; x_wconf 72' lang='grc' dir='ltr'><strong>τὸν</strong></span> <span class='ocrx_word' id='word_1_769' title='bbox 2607 4457 2776 4520; x_wconf 80' lang='grc' dir='ltr'>ὅντως</span> <span class='ocrx_word' id='word_1_770' title='bbox 2807 4459 3060 4527; x_wconf 74' lang='grc' dir='ltr'>ἑφευρεῖν</span> <span class='ocrx_word' id='word_1_771' title='bbox 3087 4453 3260 4510; x_wconf 66' lang='grc' dir='ltr'>ἐθέλοι</span> <span class='ocrx_word' id='word_1_772' title='bbox 3284 4457 3442 4523; x_wconf 79' lang='grc' dir='ltr'>Θεὸν,</span> <span class='ocrx_word' id='word_1_773' title='bbox 3472 4458 3735 4525; x_wconf 64' lang='grc' dir='ltr'>ἐπιγνοὺς</span> <span class='ocrx_word' id='word_1_774' title='bbox 3766 4459 3861 4510; x_wconf 81' lang='grc' dir='ltr'>τὸν</span> <span class='ocrx_word' id='word_1_775' title='bbox 3921 4460 4050 4527; x_wconf 70' lang='grc' dir='ltr'>ἐμοὶ</span> 
     </span>
    </p>
   </div>
   <div class='ocr_carea' id='block_1_105' title="bbox 2395 4543 4049 4619">
    <p class='ocr_par' dir='ltr' id='par_1_105' title="bbox 2395 4543 4049 4619">
     <span class='ocr_line' id='line_1_105' title="bbox 2395 4543 4049 4619; baseline 0.003 -21"><span class='ocrx_word' id='word_1_776' title='bbox 2395 4565 2437 4618; x_wconf 76' lang='grc' dir='ltr'>ο</span> <span class='ocrx_word' id='word_1_777' title='bbox 2467 4545 2706 4615; x_wconf 81' lang='grc' dir='ltr'>σήμερον</span> <span class='ocrx_word' id='word_1_778' title='bbox 2764 4547 2861 4600; x_wconf 85' lang='grc' dir='ltr'>καὶ</span> <span class='ocrx_word' id='word_1_779' title='bbox 2897 4548 3147 4616; x_wconf 75' lang='grc' dir='ltr'>γλῶτταν</span> <span class='ocrx_word' id='word_1_780' title='bbox 3195 4552 3292 4601; x_wconf 79' lang='grc' dir='ltr'>καὶ</span> <span class='ocrx_word' id='word_1_781' title='bbox 3346 4543 3516 4613; x_wconf 82' lang='grc' dir='ltr'>πόδας</span> <span class='ocrx_word' id='word_1_782' title='bbox 3573 4552 3666 4602; x_wconf 80' lang='grc' dir='ltr'>καὶ</span> <span class='ocrx_word' id='word_1_783' title='bbox 3719 4550 4049 4619; x_wconf 70' lang='grc' dir='ltr'>ὀφθαλμοὺς</span> 
     </span>
    </p>
   </div>
   <div class='ocr_carea' id='block_1_106' title="bbox 2467 4635 4049 4710">
    <p class='ocr_par' dir='ltr' id='par_1_106' title="bbox 2467 4635 4049 4710">
     <span class='ocr_line' id='line_1_106' title="bbox 2467 4635 4049 4710; baseline 0.01 -23"><span class='ocrx_word' id='word_1_784' title='bbox 2467 4635 2874 4707; x_wconf 82' lang='grc' dir='ltr'>δωρησάμενον,</span> <span class='ocrx_word' id='word_1_785' title='bbox 2898 4640 3061 4693; x_wconf 79' lang='grc' dir='ltr'>αὑτὸν</span> <span class='ocrx_word' id='word_1_786' title='bbox 3087 4635 3227 4693; x_wconf 86' lang='grc' dir='ltr'>εῐναι</span> <span class='ocrx_word' id='word_1_787' title='bbox 3253 4640 3605 4694; x_wconf 69' lang='grc' dir='ltr'>πιπευσάτω</span> <span class='ocrx_word' id='word_1_788' title='bbox 3635 4641 3727 4694; x_wconf 82' lang='grc' dir='ltr'>τὸν</span> <span class='ocrx_word' id='word_1_789' title='bbox 3762 4641 3823 4705; x_wconf 78' lang='grc' dir='ltr'><strong>ιε</strong></span> <span class='ocrx_word' id='word_1_790' title='bbox 3869 4640 4049 4710; x_wconf 74' lang='grc' dir='ltr'>ἀρχῆς</span> 
     </span>
    </p>
   </div>
   <div class='ocr_carea' id='block_1_107' title="bbox 2467 4728 4046 4801">
    <p class='ocr_par' dir='ltr' id='par_1_107' title="bbox 2467 4728 4046 4801">
     <span class='ocr_line' id='line_1_107' title="bbox 2467 4728 4046 4801; baseline 0.004 -22"><span class='ocrx_word' id='word_1_791' title='bbox 2467 4728 2534 4780; x_wconf 86' lang='grc' dir='ltr'><strong>τά</strong></span> <span class='ocrx_word' id='word_1_792' title='bbox 2556 4745 2616 4780; x_wconf 86' lang='grc' dir='ltr'><strong>τε</strong></span> <span class='ocrx_word' id='word_1_793' title='bbox 2646 4728 2780 4783; x_wconf 70' lang='grc' dir='ltr'>ἄλλα</span> <span class='ocrx_word' id='word_1_794' title='bbox 2809 4731 2906 4784; x_wconf 75' lang='grc' dir='ltr'>καὶ</span> <span class='ocrx_word' id='word_1_795' title='bbox 2934 4731 3068 4784; x_wconf 76' lang='grc' dir='ltr'>αὐτὸ</span> <span class='ocrx_word' id='word_1_796' title='bbox 3108 4731 3171 4785; x_wconf 79' lang='grc' dir='ltr'>τὸ</span> <span class='ocrx_word' id='word_1_797' title='bbox 3202 4731 3340 4801; x_wconf 81' lang='grc' dir='ltr'>φῶς,</span> <span class='ocrx_word' id='word_1_798' title='bbox 3369 4739 3464 4785; x_wconf 82' lang='grc' dir='ltr'>καὶ</span> <span class='ocrx_word' id='word_1_799' title='bbox 3493 4735 3586 4786; x_wconf 76' lang='grc' dir='ltr'><strong>τὸν</strong></span> <span class='ocrx_word' id='word_1_800' title='bbox 3607 4734 3764 4800; x_wconf 86' lang='grc' dir='ltr'>λόγον</span> <span class='ocrx_word' id='word_1_801' title='bbox 3798 4734 3894 4786; x_wconf 81' lang='grc' dir='ltr'>καὶ</span> <span class='ocrx_word' id='word_1_802' title='bbox 3943 4738 4046 4801; x_wconf 66' lang='grc' dir='ltr'>τὴν</span> 
     </span>
    </p>
   </div>
   <div class='ocr_carea' id='block_1_108' title="bbox 2469 4820 4046 4896">
    <p class='ocr_par' dir='ltr' id='par_1_108' title="bbox 2469 4820 4046 4896">
     <span class='ocr_line' id='line_1_108' title="bbox 2469 4820 4046 4896; baseline 0.001 -22"><span class='ocrx_word' id='word_1_803' title='bbox 2469 4820 2686 4890; x_wconf 87' lang='grc' dir='ltr'>κίνησιν</span> <span class='ocrx_word' id='word_1_804' title='bbox 2742 4823 2854 4884; x_wconf 82' lang='grc' dir='ltr'>τοῖς</span> <span class='ocrx_word' id='word_1_805' title='bbox 2881 4825 3126 4892; x_wconf 82' lang='grc' dir='ltr'>κινητοῐς</span> <span class='ocrx_word' id='word_1_806' title='bbox 3162 4825 3552 4895; x_wconf 88' lang='grc' dir='ltr'>χαρισάμενον.</span> <span class='ocrx_word' id='word_1_807' title='bbox 3593 4823 3678 4896; x_wconf 72' lang='grc' dir='ltr'><strong>Μὴ</strong></span> <span class='ocrx_word' id='word_1_808' title='bbox 3727 4822 3824 4878; x_wconf 84' lang='grc' dir='ltr'>οὖν</span> <span class='ocrx_word' id='word_1_809' title='bbox 3842 4827 4046 4894; x_wconf 82' lang='grc' dir='ltr'>ἀνέχου</span> 
     </span>
    </p>
   </div>
   <div class='ocr_carea' id='block_1_109' title="bbox 2468 4911 4049 4987">
    <p class='ocr_par' dir='ltr' id='par_1_109' title="bbox 2468 4911 4049 4987">
     <span class='ocr_line' id='line_1_109' title="bbox 2468 4911 4049 4987; baseline 0.003 -25"><span class='ocrx_word' id='word_1_810' title='bbox 2468 4911 2562 4964; x_wconf 74' lang='grc' dir='ltr'>επὶ</span> <span class='ocrx_word' id='word_1_811' title='bbox 2583 4911 2743 4976; x_wconf 87' lang='grc' dir='ltr'>πολὺ,</span> <span class='ocrx_word' id='word_1_812' title='bbox 2774 4911 3128 4984; x_wconf 78' lang='grc' dir='ltr'>λαμπρότατε</span> <span class='ocrx_word' id='word_1_813' title='bbox 3181 4915 3411 4987; x_wconf 78' lang='grc' dir='ltr'>ιπαρχε,</span> <span class='ocrx_word' id='word_1_814' title='bbox 3440 4916 3662 4979; x_wconf 75' lang='grc' dir='ltr'>συνετὸς</span> <span class='ocrx_word' id='word_1_815' title='bbox 3706 4915 3783 4970; x_wconf 81' lang='grc' dir='ltr'><strong>ὢν</strong></span> <span class='ocrx_word' id='word_1_816' title='bbox 3829 4918 4049 4983; x_wconf 50' lang='grc' dir='ltr'>ἀγνοεῖν</span> 
     </span>
    </p>
   </div>
   <div class='ocr_carea' id='block_1_110' title="bbox 2462 5003 4040 5086">
    <p class='ocr_par' dir='ltr' id='par_1_110' title="bbox 2462 5003 4040 5086">
     <span class='ocr_line' id='line_1_110' title="bbox 2462 5003 4040 5086; baseline 0.006 -29"><span class='ocrx_word' id='word_1_817' title='bbox 2462 5003 2554 5058; x_wconf 80' lang='grc' dir='ltr'><strong>τὸν</strong></span> <span class='ocrx_word' id='word_1_818' title='bbox 2575 5005 2872 5076; x_wconf 84' lang='grc' dir='ltr'>κηδόμενόν</span> <span class='ocrx_word' id='word_1_819' title='bbox 2902 5023 3020 5073; x_wconf 85' lang='grc' dir='ltr'>σου,</span> <span class='ocrx_word' id='word_1_820' title='bbox 3056 5009 3153 5062; x_wconf 78' lang='grc' dir='ltr'>καὶ</span> <span class='ocrx_word' id='word_1_821' title='bbox 3178 5009 3278 5080; x_wconf 74' lang='grc' dir='ltr'><strong>τήν</strong></span> <span class='ocrx_word' id='word_1_822' title='bbox 3299 5011 3643 5086; x_wconf 58' lang='grc' dir='ltr'>επιστρορὴν</span> <span class='ocrx_word' id='word_1_823' title='bbox 3673 5013 4040 5082; x_wconf 74' lang='grc' dir='ltr'>ἀναμένοντα.</span> 
     </span>
    </p>
   </div>
   <div class='ocr_carea' id='block_1_111' title="bbox 2464 5098 4044 5176">
    <p class='ocr_par' dir='ltr' id='par_1_111' title="bbox 2464 5098 4044 5176">
     <span class='ocr_line' id='line_1_111' title="bbox 2464 5098 4044 5176; baseline 0.008 -29"><span class='ocrx_word' id='word_1_824' title='bbox 2464 5099 2557 5150; x_wconf 84' lang='grc' dir='ltr'><strong>Δεῐ</strong></span> <span class='ocrx_word' id='word_1_825' title='bbox 2609 5098 2720 5166; x_wconf 83' lang='grc' dir='ltr'><strong>γάρ</strong></span> <span class='ocrx_word' id='word_1_826' title='bbox 2769 5115 2830 5152; x_wconf 89' lang='grc' dir='ltr'><strong>σε</strong></span> <span class='ocrx_word' id='word_1_827' title='bbox 2881 5102 2978 5154; x_wconf 77' lang='grc' dir='ltr'>καὶ</span> <span class='ocrx_word' id='word_1_828' title='bbox 3034 5103 3200 5155; x_wconf 82' lang='grc' dir='ltr'>αὑτὸν</span> <span class='ocrx_word' id='word_1_829' title='bbox 3259 5104 3633 5174; x_wconf 83' lang='grc' dir='ltr'>προσδραμεῖν</span> <span class='ocrx_word' id='word_1_830' title='bbox 3662 5105 3741 5175; x_wconf 82' lang='grc' dir='ltr'>τῷ</span> <span class='ocrx_word' id='word_1_831' title='bbox 3793 5107 4044 5176; x_wconf 81' lang='grc' dir='ltr'>Χριστῷ.</span> 
     </span>
    </p>
   </div>
   <div class='ocr_carea' id='block_1_112' title="bbox 2463 5186 4046 5273">
    <p class='ocr_par' dir='ltr' id='par_1_112' title="bbox 2463 5186 4046 5273">
     <span class='ocr_line' id='line_1_112' title="bbox 2463 5186 4046 5273; baseline 0.013 -35"><span class='ocrx_word' id='word_1_832' title='bbox 2463 5186 2607 5241; x_wconf 84' lang='grc' dir='ltr'>καθά</span> <span class='ocrx_word' id='word_1_833' title='bbox 2639 5191 2845 5258; x_wconf 76' lang='grc' dir='ltr'>μοικαὶ</span> <span class='ocrx_word' id='word_1_834' title='bbox 2867 5190 2999 5263; x_wconf 78' lang='grc' dir='ltr'>παρ’</span> <span class='ocrx_word' id='word_1_835' title='bbox 3019 5192 3189 5246; x_wconf 81' lang='grc' dir='ltr'>αὐτοῦ</span> <span class='ocrx_word' id='word_1_836' title='bbox 3213 5193 3502 5262; x_wconf 64' lang='grc' dir='ltr'>ἔγνωσται,</span> <span class='ocrx_word' id='word_1_837' title='bbox 3533 5200 3628 5251; x_wconf 80' lang='grc' dir='ltr'>καὶ</span> <span class='ocrx_word' id='word_1_838' title='bbox 3656 5201 3832 5270; x_wconf 69' lang='grc' dir='ltr'>χαῖρε,</span> <span class='ocrx_word' id='word_1_839' title='bbox 3851 5204 4046 5273; x_wconf 57' lang='lat' dir='ltr'><strong>arati}:</strong></span> 
     </span>
    </p>
   </div>
   <div class='ocr_carea' id='block_1_113' title="bbox 2462 5280 4047 5360">
    <p class='ocr_par' dir='ltr' id='par_1_113' title="bbox 2462 5280 4047 5360">
     <span class='ocr_line' id='line_1_113' title="bbox 2462 5280 4047 5360; baseline 0.01 -30"><span class='ocrx_word' id='word_1_840' title='bbox 2462 5293 2520 5330; x_wconf 88' lang='grc' dir='ltr'><strong>τε</strong></span> <span class='ocrx_word' id='word_1_841' title='bbox 2558 5280 2656 5332; x_wconf 83' lang='grc' dir='ltr'>καὶ</span> <span class='ocrx_word' id='word_1_842' title='bbox 2711 5281 2918 5352; x_wconf 75' lang='grc' dir='ltr'>αἰωνίῳ</span> <span class='ocrx_word' id='word_1_843' title='bbox 2977 5283 3189 5351; x_wconf 77' lang='grc' dir='ltr'>βασιλεῖ</span> <span class='ocrx_word' id='word_1_844' title='bbox 3212 5284 3418 5354; x_wconf 80' lang='grc' dir='ltr'>μέλλων</span> <span class='ocrx_word' id='word_1_845' title='bbox 3469 5291 3896 5360; x_wconf 82' lang='grc' dir='ltr'>προσέρχεσθαι,</span> <span class='ocrx_word' id='word_1_846' title='bbox 3949 5298 4047 5346; x_wconf 67' lang='grc' dir='ltr'>καὶ</span> 
     </span>
    </p>
   </div>
   <div class='ocr_carea' id='block_1_114' title="bbox 2467 5372 4046 5449">
    <p class='ocr_par' dir='ltr' id='par_1_114' title="bbox 2467 5372 4046 5449">
     <span class='ocr_line' id='line_1_114' title="bbox 2467 5372 4046 5449; baseline 0.012 -27"><span class='ocrx_word' id='word_1_847' title='bbox 2467 5372 2545 5431; x_wconf 86' lang='grc' dir='ltr'>εἰς</span> <span class='ocrx_word' id='word_1_848' title='bbox 2579 5372 2640 5423; x_wconf 80' lang='grc' dir='ltr'>τὸ</span> <span class='ocrx_word' id='word_1_849' title='bbox 2664 5372 2758 5425; x_wconf 82' lang='grc' dir='ltr'><strong>τοῦ</strong></span> <span class='ocrx_word' id='word_1_850' title='bbox 2793 5377 3096 5446; x_wconf 80' lang='grc' dir='ltr'>μαρτυρίου</span> <span class='ocrx_word' id='word_1_851' title='bbox 3131 5380 3230 5431; x_wconf 73' lang='grc' dir='ltr'>σὺν</span> <span class='ocrx_word' id='word_1_852' title='bbox 3253 5381 3379 5449; x_wconf 78' lang='grc' dir='ltr'>ἐμοὶ</span> <span class='ocrx_word' id='word_1_853' title='bbox 3411 5383 3627 5436; x_wconf 84' lang='grc' dir='ltr'>στάδιον</span> <span class='ocrx_word' id='word_1_854' title='bbox 3676 5387 3974 5439; x_wconf 76' lang='grc' dir='ltr'>ἀποδύεσθ.</span> <span class='ocrx_word' id='word_1_855' title='bbox 4001 5411 4046 5444; x_wconf 80' lang='grc' dir='ltr'>ι.</span> 
     </span>
    </p>
   </div>
   <div class='ocr_carea' id='block_1_115' title="bbox 2541 5631 4049 5716">
    <p class='ocr_par' dir='ltr' id='par_1_115' title="bbox 2541 5631 4049 5716">
     <span class='ocr_line' id='line_1_115' title="bbox 2541 5631 4049 5716; baseline 0.013 -34"><span class='ocrx_word' id='word_1_856' title='bbox 2541 5631 2623 5684; x_wconf 77' lang='lat' dir='ltr'><strong>K&#39;.</strong></span> <span class='ocrx_word' id='word_1_857' title='bbox 2670 5633 2727 5685; x_wconf 89' lang='grc' dir='ltr'>ὀ</span> <span class='ocrx_word' id='word_1_858' title='bbox 2762 5634 2816 5686; x_wconf 77' lang='grc' dir='ltr'>δὲ</span> <span class='ocrx_word' id='word_1_859' title='bbox 2850 5637 3109 5706; x_wconf 72' lang='grc' dir='ltr'>ἔπαρχος,</span> <span class='ocrx_word' id='word_1_860' title='bbox 3159 5641 3254 5694; x_wconf 82' lang='grc' dir='ltr'>ἆτε</span> <span class='ocrx_word' id='word_1_861' title='bbox 3288 5642 3466 5713; x_wconf 79' lang='grc' dir='ltr'>ψυχῆς</span> <span class='ocrx_word' id='word_1_862' title='bbox 3494 5645 3704 5716; x_wconf 81' lang='grc' dir='ltr'>ἀγαθῆς</span> <span class='ocrx_word' id='word_1_863' title='bbox 3745 5645 3842 5712; x_wconf 78' lang='grc' dir='ltr'><strong>ὢν,</strong></span> <span class='ocrx_word' id='word_1_864' title='bbox 3874 5651 4049 5701; x_wconf 70' lang='grc' dir='ltr'>εὐπα-</span> 
     </span>
    </p>
   </div>
  </div>
