4260 6430
269 364 381 426 393

1162 364 1629 426 MARTYRIUM
1672 363 1736 424 S.
1777 361 2008 424 ΜΕΝιΕ
2048 362 2143 423 ΕΤ
2182 361 2597 426 SOClORUM.

3435 362 3539 429 395.

275 474 563 544 ραδείκτου
620 492 676 527 τε
709 476 846 546 πρὸς
900 477 1182 548 ἀλήθειαν,
1243 478 1482 549 μάλιστα
1534 478 1592 531 δὲ
1644 478 1735 529 καὶ
1757 478 1856 545 τῆς
1886 483 1933 534 Δ

1855 497 1856 501 η
1886 476 2195 534 Ααηίιηοιιι
2241 483 2297 528 et
2346 477 2536 544 gratiae
2589 490 2878 544 capacem,
2933 478 3165 532 maxime
3228 493 3357 533 vero
3416 497 3537 534 cum

274 569 521 635 χάριτος,
550 566 660 620 τῶν
683 568 979 639 ὀφθαλμῶν
1017 570 1182 624 αὐτοῦ
1210 571 1311 641 τῆς
1346 571 1530 641 ψυχῆς
1568 568 1858 639 ἁψαμένης

272 660 482 730 ἤρξατο
502 664 746 715 συνιέναι
799 663 960 718 τοῦτο
990 666 1092 735 μὲν
1136 668 1201 719 ὲκ
1248 667 1358 719 τῶν
1388 666 1585 734 λόγων,
1612 665 1771 718 τοῦτο
1798 664 1857 715 δὲ

273 752 374 802 καὶ
402 750 495 803 τοῦ
558 751 838 823 θαύματος
869 755 963 807 τὸν
1005 754 1183 825 ἀληθῆ
1205 755 1340 809 Θεόν
1365 772 1381 788 ·
1415 759 1510 808 καὶ
1536 755 1712 823 αὐγὰς
1760 756 1858 824 τῆς

273 843 560 907 εὐσεϐείας
584 846 765 916 ἡρέμα
800 847 911 911 πῶς
942 847 1325 919 ὑποδέχεσθαι.
1358 848 1663 919 Συμϐαλὼν
1689 850 1746 903 δὲ
1765 850 1859 901 καὶ

272 936 345 1007 ἢν
372 938 638 1008 πρότερον
705 940 849 993 κατά
879 940 971 993 τὸν
1002 942 1285 995 ἀπόπλουν
1315 942 1582 997 ἐθεάσατο
1612 942 1736 1011 ὅφιν
1764 943 1858 995 καὶ

273 1030 428 1092 ὅπως
455 1034 485 1085 ό
520 1034 712 1101 φανεὶς
764 1034 919 1101 Θεὸς,
978 1033 1227 1105 βούλεται
1277 1036 1468 1091 τοῦτον
1502 1037 1859 1108 συναρίθμιον

274 1119 419 1178 εἶναι
448 1128 561 1189 τοῖς
593 1126 898 1196 ὑπηρέταις
920 1128 1086 1181 αὑτοῦ
1130 1130 1228 1183 καὶ
1274 1132 1390 1191 τοῖς
1442 1129 1641 1197 φίλοις,
1673 1128 1857 1198 ἔχαιρε

280 1221 402 1287 μὲν,
432 1220 509 1283 ὡς
543 1222 637 1274 ἐπὶ
668 1224 895 1293 μεγάλῳ
926 1223 1004 1293 τῷ
1032 1224 1346 1294 πράγματι,
1375 1224 1627 1295 διηπόρει
1658 1222 1715 1275 δὲ
1742 1222 1859 1286 πῶς

275 1314 349 1366 ἂν
374 1315 403 1366 ό
430 1314 525 1365 ἐπὶ
575 1314 831 1368 τοσοῦτον
902 1318 1097 1385 χρόνον
1125 1320 1191 1387 τῇ
1227 1317 1408 1387 πλάνῃ
1469 1315 1860 1386 προστετηκὼς

273 1404 479 1474 ἀθρόον
539 1407 796 1478 ἀξιωθείη
850 1410 1082 1481 τοιούτῳ
1155 1411 1651 1483 προσοικειωθῆναι
1715 1410 1858 1482 Θεῷ.

289 1496 381 1561 Ὣς
422 1495 518 1553 οὖν
570 1500 713 1553 οὕτω
761 1502 936 1555 ταῦτα
995 1504 1090 1555 καὶ
1125 1504 1248 1557 καθ’
1292 1504 1486 1557 ἑαυτὸν
1510 1506 1794 1574 ἔστρεφεν,
1829 1506 1859 1575 ἡ

275 1590 401 1644 θεία
424 1594 583 1663 χάρις
610 1593 691 1645 ἔτι
722 1594 923 1663 μᾶλλον
978 1596 1142 1649 αύτδν
1174 1596 1554 1667 ἐκκαλουμένη
1588 1599 1724 1665 πρὸς
1764 1597 1862 1668 τὴν

277 1687 602 1752 ἐπίγνωσιν,
634 1689 994 1761 λαμπρότερα
1021 1692 1269 1762 σύμϐολα
1296 1694 1571 1761 προτείνει
1600 1695 1699 1763 τῆς
1732 1696 1860 1764 ἀλη-

273 1775 449 1838 θείας.
493 1779 603 1831 Καὶ
629 1782 731 1850 όρᾷ
762 1784 967 1843 ἐκεῖνος
1012 1784 1108 1836 σὺν
1138 1783 1344 1851 ὀλίγοις
1373 1785 1519 1835 τισὶν
1541 1784 1741 1853 ἄνδρας
1767 1785 1859 1837 δύο

273 1869 640 1937 περιστάντας
666 1871 755 1924 τὸν
787 1872 967 1939 ἅγιον,
1017 1874 1272 1944 ἀστραπῇ
1294 1872 1390 1943 τὴν
1427 1875 1641 1944 μορφὴν
1681 1876 1855 1928 ὲοικό·

273 1976 399 2022 τας,
462 1962 748 2029 πτέρυγάς
799 1981 858 2016 τε
892 1966 1332 2035 περικειμένους,
1394 1968 1486 2019 καὶ
1515 1967 1714 2037 πολλὴν
1742 1972 1855 2031 τοῖς

273 2053 447 2121 ὁρῶσι
473 2056 573 2124 τὴν
596 2058 940 2129 κατάπληξιν
958 2046 1344 2127 ἐμποιοῦντας,
1369 2061 1460 2114 καὶ
1486 2060 1854 2131 ὁπλοφοροῦνο

273 2164 373 2209 τας
403 2150 525 2217 μὲν,
588 2149 664 2210 ὡς
695 2152 831 2221 πρὸς
853 2155 1090 2221 ἄμυναν,
1116 2156 1365 2224 στεφάνῳ
1410 2156 1465 2207 δὲ
1494 2156 1593 2225 τὴν
1617 2157 1858 2227 κεφαλὴν

274 2240 445 2292 αὑτοῦ
467 2242 830 2307 ταινιοῦντας.
882 2246 1034 2299 Ἐπεὶ
1058 2248 1152 2301 οὖν
1182 2248 1277 2300 καὶ
1310 2249 1520 2318 ἑτέροις
1553 2247 1615 2300 τὸ
1663 2248 1857 2303 θεαθὲν

274 2333 625 2402 ικοινώσατο,
662 2339 757 2390 καὶ
793 2339 991 2402 αὐτοὺς
1020 2340 1242 2410 εὕρισκε
1279 2343 1377 2412 τὴν
1424 2343 1546 2410 ίσην
1578 2343 1700 2411 ὄψιν
1731 2344 1857 2395 θεα-

276 2429 574 2497 σαμένους,
638 2431 792 2483 οὐδὲν
850 2432 990 2503 ἔχων
1047 2434 1422 2499 ἑπιδοιάζειν,
1478 2436 1607 2503 ἔστη
1662 2436 1858 2506 ἀθρόον

274 2522 637 2591 ἀναπηδήσας
660 2523 753 2576 τοῦ
786 2524 1001 2593 θρόνου,
1065 2529 1161 2579 καὶ
1192 2528 1327 2596 πρὸς
1354 2529 1415 2580 τὸ
1449 2527 1655 2597 πλῆθος
1700 2528 1857 2599 ἐϐόη-

278 2631 394 2679 σεν,
430 2615 643 2679 Ὄντως
691 2617 948 2689 ἀληθινοῦ
1038 2619 1176 2673 Θεοῦ
1229 2620 1510 2691 ὑπηρέτης
1569 2618 1745 2686 οὗτος,
1790 2625 1858 2693 τῇ

276 2710 422 2778 χειρὶ
467 2709 649 2775 δείξας
695 2711 788 2763 τὸν
858 2711 1014 2779 ἅγιον
1046 2728 1062 2744 ⁶
1114 2714 1215 2767 καὶ.
1238 2713 1414 2782 μέγας
1475 2716 1557 2777 τίς
1606 2716 1756 2768 ἐστιν
1792 2716 1851 2779 ὃς

278 2804 310 2869 ἠ
320 2804 427 2870 μᾶς
458 2804 641 2857 σέϐειν
668 2804 1147 2862 ὲκδιδάσκειΘεόν.
1189 2807 1334 2876 Ἐγὼ
1366 2810 1475 2878 γὰρ
1506 2808 1699 2862 τοῦτον
1729 2812 1859 2879 ὀμο-

280 2893 427 2962 λογῶ
486 2895 620 2949 Θεὸν
675 2897 875 2968 ἀληθῆ,
928 2899 1020 2952 τὸν
1069 2900 1213 2953 οὕτω
1245 2901 1343 2969 μὲν
1377 2900 1702 2969 παραδόξως
1732 2901 1860 2962 τοὺς

283 2986 448 3047 ἰδίους
480 2988 790 3055 ἀγωνιστὰς
851 2990 1292 3055 ἀναπλάττοντα,
1351 2988 1648 3058 οὐρανόθεν
1673 2991 1750 3053 δὲ,
1784 2989 1860 3052 ὡς

278 3080 471 3145 ὁρᾶτε,
504 3082 601 3143 τὰς
640 3082 799 3144 νίκας
844 3082 1201 3152 βραϐεύοντα,
1235 3082 1328 3135 καὶ
1378 3084 1539 3152 νοερᾷ
1571 3083 1861 3153 συμμαχίᾳ.

1961 567 2125 621 etiam
2184 568 2355 636 gratia
2406 569 2527 638 ejus
2575 570 2772 623 animae
2795 570 2985 625 oculos
3033 572 3320 643 attigisset,
3377 578 3541 644 coepit

1960 659 2310 731 intelligere,
2387 672 2443 716 et
2517 662 2715 732 partim
2816 664 3042 734 quidem
3151 682 3217 720 ex
3302 669 3539 733 verbis,

1962 753 2156 820 partim
2189 765 2372 808 autem
2418 756 2579 810 etiam
2637 772 2701 811 ex
2770 757 3058 825 miraculo,
3121 774 3312 813 verum
3367 760 3540 815 Deum

1959 852 2016 896 et
2048 844 2397 914 splendorem
2453 846 2671 915 pietatis
2706 849 2967 917 paulatim
3034 849 3349 905 admittere.
3398 848 3543 905 Con-

1954 935 2167 1005 jectans
2222 953 2352 993 vero
2417 955 2536 993 eam
2588 956 2807 1011 quoque
2860 956 3022 1011 quam
3083 943 3235 1013 prius
3283 944 3336 998 in
3388 943 3543 998 navi-

1960 1029 2140 1099 gando
2168 1043 2454 1101 aspexerat
2482 1034 2769 1097 visionem,
2798 1046 2855 1091 et
2879 1037 3342 1105 quemadmodum
3373 1041 3538 1099 Deus.

1962 1122 2056 1188 qtti
2096 1131 2445 1190 apparuerat,
2480 1126 2747 1177 vulteutn
2798 1125 3185 1180 connumerari
3240 1144 3362 1180 cum
3425 1132 3542 1184 suis

1962 1213 2235 1267 ministris
2264 1223 2319 1267 et
2348 1215 2563 1276 amicis,
2592 1215 2879 1269 Itetabatur
2912 1219 3133 1286 quidem
3173 1229 3430 1288 tauquam
3472 1220 3541 1275 de

1966 1320 2028 1358 re
2060 1321 2295 1375 magna:
2334 1307 2626 1361 dubitabat
2672 1318 2888 1375 autem,
2940 1312 3401 1378 quemadmodum
3447 1317 3541 1383 qui

1964 1405 2118 1450 tanto
2157 1408 2405 1466 tempore
2450 1400 2626 1452 errori
2682 1401 3022 1466 adltzeserat,
3074 1414 3299 1472 repente
3343 1401 3544 1475 dignus

1960 1489 2128 1544 fuerit
2163 1491 2399 1557 habitus,
2437 1492 2529 1562 qui
2559 1495 2646 1547 tali
2684 1494 2794 1548 Deo
2836 1495 2988 1549 fieret
3036 1496 3343 1551 familiaris.
3402 1500 3543 1553 Cum

1961 1598 2093 1651 ergo
2128 1583 2243 1637 lucc
2273 1586 2416 1653 apud
2452 1602 2509 1638 se
2542 1596 2809 1650 versaret,
2844 1588 3027 1641 divina
3059 1592 3235 1658 gratia
3280 1606 3404 1644 eum
3446 1594 3544 1645 ad-

1964 1674 2071 1727 huc
2101 1677 2272 1744 magis
2322 1693 2524 1731 vocans
2582 1679 2646 1729 ad
2706 1680 3082 1748 agnitionem,
3130 1683 3178 1734 ei
3239 1683 3542 1737 illustriora

1966 1765 2176 1833 praebet
2206 1766 2359 1836 signa
2418 1769 2669 1823 veritatis
2696 1788 2709 1823 :
2738 1780 2793 1824 et
2828 1771 2977 1825 videt
3005 1773 3093 1827 iIle
3125 1790 3251 1827 cum
3310 1777 3543 1846 quibus-

1963 1858 2086 1912 dam
2133 1863 2341 1928 paucis,
2384 1862 2525 1915 duos
2562 1864 2707 1916 viros
2748 1874 3000 1919 sanctum
3045 1869 3541 1934 circumsistentes,

1960 1950 2160 2020 fulguri
2194 1954 2368 2006 forma
2408 1955 2636 2018 similes,
2692 1957 2977 2027 alatosque
3019 1967 3074 2013 et
3131 1960 3197 2013 iis
3252 1962 3347 2030 qui
3391 1964 3540 2019 vide-

1960 2045 2115 2110 bant,
2142 2063 2397 2117 magnum
2425 2048 2717 2105 afferentes
2746 2062 3040 2119 terrorem,
3098 2063 3157 2107 ut
3202 2057 3298 2125 qui
3351 2073 3540 2113 essent

1961 2138 2137 2205 parati
2172 2140 2236 2192 ad
2269 2156 2394 2195 eum
2429 2140 2838 2196 defendendum
2871 2160 2884 2196 :
2916 2156 3082 2214 caput
3114 2158 3297 2203 autem
3336 2165 3539 2205 corona

1962 2230 2317 2286 redituibant.
2349 2233 2643 2302 Postquam
2674 2252 2806 2290 vero
2834 2236 2957 2291 altis
2986 2254 3203 2307 quoque
3231 2246 3541 2297 communi-

1961 2325 2208 2391 cavitid,
2243 2326 2388 2395 quod
2421 2330 2702 2393 cernebat,
2746 2339 2802 2383 et
2860 2331 3073 2384 invenit
3118 2350 3215 2388 eos
3259 2339 3537 2400 eamdem,

1960 2432 2121 2485 quam
2154 2419 2269 2487 ipse
2297 2431 2605 2487 aspexerat,
2635 2423 2836 2478 vidisse
2878 2425 3167 2482 visionem.
3214 2430 3354 2484 Cum
3400 2433 3537 2486 nihil

1960 2519 2107 2563 esset
2132 2510 2276 2578 quod
2308 2512 2609 2575 dubitaret,
2648 2516 2894 2570 constitit
2918 2530 3164 2588 repente,
3199 2536 3324 2575 cum
3350 2540 3379 2578 e
3411 2526 3541 2579 sede

1962 2602 2277 2667 exsiliisset,
2313 2613 2368 2657 et
2402 2606 2660 2659 clamavit
2680 2608 2746 2660 ad
2776 2609 3041 2676 populum
3070 2627 3084 2664 :
3113 2612 3210 2666 Est
3238 2613 3327 2670 hic
3352 2632 3540 2671 revera

1962 2697 2075 2750 veri
2114 2696 2208 2749 Dei
2258 2696 2495 2751 famulus
2536 2698 2723 2769 (manu
2764 2712 3014 2758 sanctum
3067 2706 3386 2776 ostendens)
3405 2726 3428 2761 ':
3485 2721 3543 2763 et

1964 2805 2191 2858 magnus
2215 2798 2298 2844 est
2323 2791 2390 2852 is,
2422 2806 2584 2859 quem
2608 2808 2707 2846 nos
2727 2793 2887 2848 docet
2906 2796 3085 2851 colere
3114 2798 3286 2853 Deum
3322 2815 3536 2858 verum:

1962 2885 2055 2953 qui
2132 2884 2270 2938 adeo
2342 2885 2563 2955 quidem
2638 2887 3036 2945 admirabiliter
3078 2903 3133 2947 et
3176 2904 3368 2949 contra
3418 2900 3545 2968 Opi-

1963 2978 2182 3031 nionem
2214 2978 2462 3046 proprios
2488 2979 2741 3049 refringit
2772 2981 3006 3037 athletas
3048 3002 3061 3037 :
3100 3001 3129 3039 e
3156 2988 3310 3042 etelis
3354 2999 3536 3044 autem

1963 3068 2065 3132 eis,
2098 3078 2157 3122 ut
2184 3068 2403 3132 videtis,
2443 3070 2637 3124 tribuit
2682 3072 2960 3127 victorias.
3014 3074 3081 3129 Et
3136 3076 3535 3149 intelligentem

281 3173 497 3235 τούτοις
580 3174 877 3244 ἀμύνοντα.
943 3174 1271 3229 Ἐλάνθανον
1328 3175 1384 3229 δὲ
1442 3176 1550 3245 ἀρα
1600 3177 1861 3245 πονηροῖς
1887 3174 1963 3231 C‘

1858 3174 1930 3231 ιο
1962 3160 2045 3215 eis
2092 3176 2251 3230 opem
2300 3160 2504 3224 ferens,
2552 3175 2651 3217 eos
2718 3162 2985 3220 defendit.
3034 3165 3358 3236 Imprudens
3412 3188 3540 3225 vero

280 3264 502 3334 δαίμοσι
530 3266 905 3335 προσανέχων,
933 3269 1031 3320 καὶ
1064 3268 1209 3337 ὑμᾶς
1234 3268 1547 3323 ἀναπείθων
1599 3266 1861 3337 βουλομέ-

283 3373 411 3421 νους
443 3358 521 3429 τῷ
558 3359 781 3429 Χριστῷ
806 3360 991 3422 καλῶς
1014 3360 1322 3415 πείθεσθαι.

354 3537 485 3591 KA'.
551 3535 735 3591 Ταῦτα
785 3536 984 3605 λέγων,
1052 3536 1271 3605 ἕτοιμος
1310 3538 1410 3606 μὲν
1458 3532 1526 3606 ἦν
1556 3537 1736 3607 όρμᾷν
1766 3538 1859 3590 καὶ

281 3630 393 3682 τῶν
428 3627 524 3681 τοῦ
579 3630 860 3700 μάρτυρος
910 3628 1089 3681 ποδῶν
1137 3628 1408 3681 ἅπτεσθαι
1444 3644 1458 3658 ο
1526 3628 1779 3697 ἐπείχετο
1804 3628 1861 3679 δὲ

280 3724 376 3775 ἐπὶ
440 3722 574 3774 πολὺ
644 3724 711 3792 τῇ
769 3721 1109 3791 καταπλήξει
1160 3721 1271 3773 τῶν
1325 3718 1573 3787 ἀγγέλων
1622 3721 1715 3770 καὶ
1774 3718 1853 3789 τῷ

282 3816 543 3884 θεάματι.
571 3799 868 3884 ’Δίφνίδιον
895 3810 990 3869 οὖν
1050 3815 1279 3882 ἀφανεῖς
1306 3812 1407 3884 μὲν
1436 3813 1486 3865 οἱ
1516 3812 1735 3880 ἄγγελοι
1762 3828 1777 3841 ·
1831 3814 1859 3865 ὁ

280 3905 360 3967 δὲ,
390 3905 781 3975 προσδραμὼν,
812 3907 907 3958 xui.
962 3906 1071 3959 τῶν
1100 3905 1195 3958 τοῦ
1217 3906 1378 3971 ἀγίου
1414 3904 1592 3957 ποδῶν
1617 3903 1858 3972 λαϐόμε-

280 4014 393 4059 νος.
418 3998 589 4063 ὲφίλει
622 4014 682 4050 τε
714 3998 907 4065 ἡδέως,
932 3998 1049 4064 καὶ,
1082 3998 1271 4063 Εῦξαι,
1306 3998 1444 4066 πρὸς
1464 3997 1628 4049 αὑτὸν
1651 3994 1856 4065 ἔλεγεν,

279 4090 542 4161 ἀληθινοῦ
589 4090 727 4143 Θεοῦ
781 4090 1051 4159 ὑπηρέτα,
1114 4093 1210 4142 καὶ
1263 4091 1403 4161 πρὸς
1453 4093 1553 4161 τῆς
1595 4092 1859 4163 ἀληθείας

281 4185 477 4253 αὐτῆς,
511 4184 581 4253 ἣν
612 4183 927 4251 κηρύττεις,
955 4179 1106 4248 εὖξαι
1128 4182 1315 4234 δοῦλον
1345 4184 1489 4251 κάμὲ
1517 4184 1610 4237 τὸν
1640 4185 1858 4250 ἀνάξιον

281 4278 376 4331 καὶ
406 4276 691 4328 δουλεῦσαι
744 4274 822 4342 τῷ
871 4275 949 4344 σῷ
992 4274 1131 4344 Θεῷ.
1180 4274 1295 4327 Νῦν
1351 4274 1601 4344 ῂσθόμην
1637 4277 1702 4328 ἐκ
1749 4278 1859 4331 τῶν

283 4371 418 4440 περὶ
482 4367 542 4420 σὲ
572 4368 886 4437 θεαμάτων,
920 4367 1054 4429 οἵοις
1082 4366 1321 4437 χρῶνται
1365 4370 1480 4429 τοῖς
1539 4368 1860 4438 δορυφόροις

280 4464 333 4515 οἱ
362 4462 600 4529 γνησίως
630 4460 854 4530 Χριστῷ
888 4463 1340 4530 προσερχόμενον
1374 4461 1470 4513 καὶ
1496 4459 1619 4512 ὅθεν
1647 4462 1853 4527 αὐτοῖς,

1964 3266 2114 3306 crant
2165 3254 2321 3307 malis
2375 3254 2594 3309 deditus
2633 3256 2997 3323 daemonibus,
3046 3269 3103 3316 et
3160 3262 3407 3318 volebam
3452 3266 3539 3320 id-

1966 3344 2144 3411 ipsum
2180 3346 2335 3400 vobis
2382 3347 2736 3416 persuadere,
2780 3351 2874 3419 qui
2920 3361 3067 3407 recte
3118 3355 3339 3411 Christo
3396 3361 3543 3413 volt-

1968 3435 2113 3489 batis
2145 3452 2362 3505 parere.

2036 3527 2179 3583 XXI.
2212 3530 2335 3585 llasc
2368 3530 2576 3599 dicens,
2615 3543 2837 3602 paratus
2870 3537 3090 3606 quidem
3124 3553 3237 3595 erat
3286 3558 3535 3611 currere,

1963 3628 2019 3674 et
2049 3637 2305 3690 prensare
2360 3627 2527 3693 pedes
2566 3628 2859 3697 martyris:
2899 3629 2992 3683 diu
3028 3644 3213 3687 autem
3245 3651 3367 3689 cum
3405 3642 3543 3693 reti-

1965 3713 2086 3766 nuit
2137 3724 2313 3768 terror
2347 3727 2400 3769 et
2445 3720 2819 3787 spectaculum
2858 3723 3196 3791 angelorum.
3246 3728 3423 3797 Atque
3456 3748 3540 3785 rc—

1963 3817 2125 3875 pente
2154 3807 2375 3876 quidem
2408 3822 2750 3865 evanuerunt
2780 3814 2982 3882 angeli.
3023 3815 3119 3871 Ille
3169 3833 3301 3872 vero
3346 3836 3541 3874 accur-

1965 3914 2112 3963 rens,
2144 3909 2198 3952 et
2221 3903 2393 3954 sancti
2428 3903 2597 3971 pedes
2626 3905 3064 3973 apprehendens,
3118 3913 3362 3966 suaviter
3403 3915 3537 3969 deo-

1942 3993 2280 4055 sculabatur
2314 4004 2365 4047 τι
2392 3996 2441 4047 ei
2482 3997 2733 4050 dicebat:
2766 3997 2893 4064 Ora,
2927 4016 3057 4056 vere
3098 4004 3189 4058 Dei
3216 4019 3395 4073 serve,
3419 4023 3537 4072 ora,

1964 4097 2166 4149 qumso,
2195 4098 2292 4150 per
2332 4083 2525 4151 ipsam,
2555 4101 2716 4154 quam
2752 4090 3037 4157 praedicas,
3073 4094 3360 4150 veritatem
3383 4114 3396 4150 :
3421 4113 3537 4163 ora,

1964 4182 2022 4227 ut
2060 4188 2160 4242 ego
2189 4191 2409 4244 quoque
2441 4178 2694 4246 indignus
2750 4180 2872 4234 fiam
2908 4198 3123 4247 servus,
3174 4198 3229 4241 et
3279 4189 3391 4243 Deo
3444 4200 3539 4245 tuo

1961 4265 2211 4318 serviam.
2242 4267 2399 4321 Nunc
2430 4270 2577 4322 sensi
2624 4287 2686 4323 ex
2720 4272 2808 4337 iis,
2867 4289 2989 4343 quae
3031 4276 3085 4329 in
3120 4285 3171 4331 te
3202 4278 3344 4333 facta
3385 4294 3535 4347 sunt,

1960 4359 2275 4425 spetaculis,
2330 4361 2659 4429 quibusnam
2740 4373 2964 4420 utantur
3019 4369 3383 4437 satellitibus,
3444 4378 3535 4442 qui

1962 4464 2220 4518 germane
2244 4452 2311 4504 ad
2342 4452 2619 4507 Christum
2654 4456 2943 4521 accedunt,
2975 4471 3028 4512 et
3064 4461 3337 4516 undenam
3375 4465 3457 4519 eis
3483 4478 3539 4520 ct

283 4525 384 4607 καί
425 4525 535 4606 aiat
585 4525 694 4608 τῶν
754 4525 1022 4622 καυμάτων
1058 4525 1395 4623 attamen,
1456 4554 1550 4606 καὶ
1580 4553 1655 4617 ὡς
1686 4525 1856 4618 ξένοις
1884 4525 1935 4583 D
1963 4570 1965 4585 ί

1884 4525 1935 4583 Β
1963 4543 2151 4610 quales
2188 4544 2298 4598 sint
2325 4544 2577 4598 laborum
2613 4550 3108 4616 remunerationes,
3140 4565 3192 4607 et
3238 4557 3382 4623 quod
3409 4570 3538 4612 sunt

280 4648 396 4699 τισὶ
442 4647 536 4699 καὶ
562 4644 818 4716 φοϐεροῖς
847 4646 1157 4716 ὑπηρέταις
1184 4646 1640 4716 δορυφοροῦνται.
1670 4647 1858 4700 Καθά-

282 4753 389 4805 περ
424 4738 517 4787 καὶ
566 4737 652 4799 σὺ,
686 4735 734 4787 οἳ
784 4736 877 4788 καί
910 4736 985 4799 ὡς
1006 4738 1223 4803 ἐναγεῖς
1269 4736 1416 4804 ἡμᾶς
1456 4735 1552 4788 καὶ
1594 4736 1856 4805 βεϐήλους

191 4830 195 4835 ’
285 4829 449 4895 μέχρι
501 4828 642 4886 τινὸς
662 4826 978 4880 ἀταυθοῦντο
1014 4829 1077 4897 τῇ
1099 4828 1220 4896 ὄψει
1247 4830 1342 4880 καὶ
1371 4827 1733 4897 ἀπετείχιζον,
1758 4828 1854 4897 ὀψὲ

282 4922 459 4991 δήπου
496 4919 1097 4991 φιλανθρωπευθέντες,
1142 4920 1551 4990 παρεχώρησαν
1581 4923 1715 4991 ἡμῖν
1756 4925 1857 4991 τῆς
1884 4956 1897 4986 ι,

285 5012 596 5080 ἁγιωσύνης
623 5013 717 5064 καὶ
764 5011 1157 5081 καθαρότητος.
1215 5013 1328 5065 Καὶ
1371 5012 1609 5074 δέδοικα,
1656 5014 1856 5084 μήπως

281 5103 569 5171 ἀπώσηται
633 5119 701 5172 με
754 5103 1122 5172 προσελθόντα
1164 5103 1420 5173 Χριστὸς,
1450 5102 1726 5169 ἀξιοῦντα,
1762 5106 1857 5157 καὶ

287 5199 430 5265 μέγα
463 5196 624 5248 τοῦτο
673 5196 768 5248 καὶ
797 5197 933 5264 ὑπὲρ
961 5196 1120 5265 ἡμῶν
1156 5196 1479 5265 ἡγούμενον,
1530 5198 1641 5258 τοῖς
1694 5197 1856 5264 ισχά-

283 5307 401 5351 τοις
430 5289 541 5342 τῶν
597 5289 800 5342 δούλων
861 5289 1026 5341 αὑτοῦ
1088 5287 1507 5341 συντάττεσθαι.
1546 5287 1693 5356 Πλὴν
1720 5288 1855 5340 ἀλλὰ

286 5386 381 5437 καὶ
430 5383 604 5445 οὕτως
666 5383 949 5454 ἀγαπητὸν
974 5383 1215 5452 ἡγημαι,
1244 5380 1490 5434 τοιούτου
1522 5398 1589 5449 με
1623 5380 1857 5449 τυχόντα

282 5476 441 5539 Θεοῦ,
506 5478 597 5528 καὶ
639 5475 793 5537 δίκας
860 5474 1259 5545 εἰσπραχθῆναι
1318 5475 1417 5544 τῆς
1477 5470 1855 5542 προλαϐούσης

283 5569 496 5635 πλάνης
527 5567 621 5617 καὶ
646 5565 970 5634 παρανοίας.

355 5660 483 5713 KB'.
510 5660 621 5712 Καὶ
651 5662 677 5712 ὁ
704 5660 881 5727 ἅγιος,
910 5660 1135 5731 Θάρσει,
1188 5660 1314 5729 ἔφη,
1374 5658 1729 5730 λαμπρότατε
1758 5656 1854 5709 Επ-

282 5768 442 5820 αρχε,
491 5753 585 5804 καὶ
642 5753 808 5822 μηδὲν
872 5756 1001 5820 περὶ
1032 5752 1132 5822 τὴν
1174 5752 1269 5806 τοῦ
1315 5751 1453 5807 Θεοῦ
1509 5751 1855 5815 ἀνεξικακίαν

280 5843 621 5913 ὲπιὸοιασῃς.
664 5843 806 5911 Ἐγὼ
850 5846 959 5913 γὰρ
989 5846 1075 5897 ἐπ’
1126 5845 1368 5913 ἐμαυτοῦ
1420 5845 1696 5915 tta-9103?;
1758 5842 1851 5895 τεῦ

608 5939 880 6000 Puncta
916 5940 1031 6001 Cn.
1068 5940 1284 6003 CXVI.

1965 4632 2293 4700 quibusdam
2338 4637 2533 4690 alienis
2576 4647 2631 4691 et
2678 4639 3019 4696 terribilibus
3054 4643 3237 4713 Stipati
3281 4648 3539 4702 satelliti-

1966 4723 2090 4787 bus,
2125 4735 2184 4779 ut
2220 4740 2274 4778 tu
2305 4742 2547 4796 quoque.
2579 4728 2682 4793 Qui
2711 4745 2809 4785 nos
2853 4734 3019 4787 etiam
3072 4743 3330 4805 tanquam
3364 4742 3538 4794 scele-

1965 4826 2112 4869 ratos
2150 4826 2205 4871 et
2257 4822 2539 4887 profanos,
2573 4820 2693 4874 visu
2723 4823 3042 4892 aliquandiu
3098 4829 3441 4897 repellebant
3484 4841 3538 4886 et

1963 4910 2311 4964 amovebant.
2346 4909 2586 4964 Tandem
2615 4922 2797 4967 autem
2828 4916 2908 4968 usi
2933 4915 3290 4980 humanitate,
3322 4932 3413 4975 tua
3437 4939 3540 4977 tto-

1966 5001 2052 5053 bis
2084 5010 2369 5055 cesserunt
2401 5004 2695 5059 sanctitate
2723 5015 2775 5059 et
2811 5007 3087 5075 puritate:
3121 5019 3177 5063 et
3209 5027 3428 5080 vereor,
3471 5031 3539 5068 ne

1965 5107 2050 5145 me
2091 5094 2441 5148 accedentem
2484 5095 2738 5150 Christus
2787 5101 3071 5167 repulerit,
3130 5114 3435 5170 rogantem,
3482 5116 3539 5160 et

1964 5184 2067 5238 hoc
2095 5201 2370 5255 maguum,
2403 5195 2459 5240 et
2486 5187 2632 5256 quod
2663 5199 2850 5243 nostra
2884 5192 3075 5246 merita
3137 5204 3385 5262 superat,
3439 5213 3536 5266 po-

1963 5280 2285 5341 stulantem,
2310 5288 2368 5332 ut
2390 5279 2601 5334 referar
2629 5283 2683 5335 in
2713 5299 3002 5337 numerum
3034 5285 3375 5340 infirmorum
3403 5304 3536 5345 suo-

1965 5389 2085 5425 rum
2119 5374 2469 5429 fatnulorum.
2494 5375 2981 5432 Verumenimvero
3016 5380 3094 5433 sic
3145 5396 3365 5450 quoque
3394 5399 3534 5453 pne-

1964 5466 2109 5519 clare
2149 5482 2362 5520 mecum
2398 5467 2479 5535 agi
2510 5468 2783 5528 existimo.
2820 5469 2863 5524 si
2898 5471 3061 5523 talem
3113 5472 3284 5527 Deum
3307 5489 3534 5529 assecu-

1969 5567 2076 5619 tus,
2108 5560 2251 5611 luam
2286 5574 2475 5628 poenas
2506 5560 2719 5630 pristini
2759 5562 2964 5615 erroris
2995 5572 3050 5615 et
3081 5566 3352 5619 amentia.

2035 5649 2215 5705 XXII.
2256 5650 2489 5705 Sanetus
2517 5660 2701 5706 autem
2731 5670 2742 5705 :
2780 5654 2930 5707 Bono
2960 5655 3145 5709 animo
3172 5658 3532 5727 csto.inquit,

1964 5745 2271 5800 clarissime
2302 5744 2573 5813 praefecte,
2622 5760 2798 5819 neque
2844 5746 3140 5817 quidquam
3175 5748 3242 5801 de
3293 5749 3535 5803 clemen-

1966 5840 2037 5893 tia
2093 5838 2186 5893 Dei
2217 5837 2575 5894 tlubitaveris.
2607 5838 2717 5909 Ego
2744 5840 2890 5894 enim
2925 5841 3020 5907 qui
3068 5857 3133 5896 ex
3176 5841 3385 5912 meipso
3437 5842 3534 5904 De;

2960 5937 3027 5993 Η
