4260 6430
759 422 867 485 395

1975 399 2265 462 MENSIS
2307 396 2743 460 DECEMBER.

3892 391 4005 456 396

760 532 869 590 ieci
894 524 1224 602 periculum.
1248 529 1305 578 ct
1328 520 1447 578 scio
1473 533 1597 574 eum
1628 531 1750 572 esse
1781 513 2081 584 benignum
2107 518 2166 565 et
2217 509 2326 563 mi-
2358 518 2401 573 Α
2428 511 2442 562 ι

2358 518 2401 573 Α
2428 509 2592 574 Θεοῦ,
2635 509 2732 563 καὶ
2797 505 2960 574 εἰδὼς
2990 507 3158 563 αὐτὸν
3198 505 3582 580 φιλάνθρωπόν
3607 522 3667 561 τε
3700 505 3796 559 καὶ
3846 503 4009 574 me-

761 600 1125 681 sericordem,
1153 624 1209 671 et
1239 611 1336 683 qui
1359 608 1434 666 ob
1460 608 1592 663 vitia
1629 605 1914 661 hominum
1941 611 2195 656 movetur
2223 600 2328 654 mi-

759 708 1086 770 sericordia,
1108 702 1326 760 confido
1352 699 1500 772 quod
1533 707 1587 753 te
1609 713 1718 752 non
1749 695 1928 752 solum
1960 707 2071 748 non
2100 690 2330 762 repellet

762 799 1138 863 accedentem,
1164 793 1259 850 sed
1300 793 1405 848 hac
1455 790 1623 846 etiam
1671 797 1764 842 tua
1808 775 2024 842 sincera
2072 794 2328 851 suscepta

761 895 905 959 nde,
946 887 1173 959 scripsit
1213 887 1325 958 jam
1373 897 1574 939 nomen
1635 889 1790 936 tuum
1859 881 1913 933 in
1978 877 2119 933 libro
2184 874 2328 938 vitae,

761 996 820 1042 et
847 990 1114 1056 quantum
1145 993 1248 1049 ego
1299 989 1521 1047 possum
1565 972 1727 1037 scire,
1773 971 1964 1027 statuit
2006 977 2067 1024 ut
2124 977 2182 1022 tu
2234 980 2330 1034 per

765 1076 1109 1148 martyrium,
1142 1070 1388 1126 divinum
1420 1067 1540 1137 ejus
1569 1079 1767 1120 nomen
1798 1078 2012 1118 mecum
2035 1060 2328 1132 glorillccs.

762 1170 898 1226 Cum
924 1167 1006 1222 sic
1028 1163 1281 1225 dixisset,
1317 1172 1371 1214 et
1402 1158 1764 1216 intellexisset
1799 1155 2058 1225 populum
2093 1159 2211 1205 toto
2241 1150 2329 1204 die

764 1273 986 1316 manere
1013 1258 1284 1326 jejunum,
1329 1259 1385 1305 et
1443 1248 1671 1304 vidisset
1710 1261 1837 1301 eum
1889 1254 2035 1298 stare
2084 1252 2328 1297 erectum

764 1370 877 1425 prae
905 1349 1271 1407 admiratione
1297 1358 1511 1405 eorum,
1535 1357 1656 1411 quae
1678 1338 2068 1399 cernebantur,
2102 1343 2157 1389 et
2191 1334 2330 1387 velle

761 1447 944 1502 adhuc
1004 1454 1251 1504 manere,
1297 1447 1352 1491 et
1398 1437 1518 1505 ejus
1555 1433 1766 1486 vultum
1814 1443 2062 1490 cernere.
2109 1435 2164 1480 et
2215 1440 2331 1479 ser-

766 1550 958 1591 mones
1013 1531 1231 1591 andire,
1275 1526 1551 1596 pollicitus
1601 1539 1727 1577 eum
1793 1535 1952 1574 mane
2005 1517 2329 1580 aﬂ‘nturum,

766 1628 951 1684 statim
983 1625 1140 1686 abiit,
1171 1629 1227 1676 et
1267 1617 1475 1674 dimisit
1531 1618 1825 1669 theatrum.
1882 1611 1988 1665 Sed
2036 1610 2332 1680 praefectus

763 1737 833 1774 ne
862 1718 942 1774 sic
972 1714 1194 1786 quidem
1230 1709 1492 1766 sustinuit
1544 1705 1826 1760 discedere
1856 1719 1885 1758 a
1933 1713 2190 1772 martyre,
2233 1699 2330 1755 sed

766 1827 888 1867 cum
923 1824 988 1864 eo
1021 1813 1252 1862 ιόοοηιο
1286 1810 1397 1856 tota
1429 1808 1591 1853 nocte
1636 1805 1722 1852 εει
1774 1803 2047 1860 versatus,
2098 1805 2329 1846 accura-

2431 621 2592 675 μονα,
2638 604 2737 657 καὶ
2765 603 3134 674 μετανοοῦντι
3166 603 3263 656 tul
3297 601 3519 660 κακίαις
3549 597 3878 668 ἀνθρώπων,
3907 611 4006 649 τε·

2427 696 2704 767 θάρῤηκα.
2759 694 2845 749 ὃτι
2899 693 2960 749 σε
3005 695 3070 749 οὐ
3095 695 3260 765 μόνον
3309 694 3413 748 οὐκ
3459 686 4008 759 ὰπὼσεταιπροσελ·

2427 786 2607 849 θύντα,
2636 785 2776 839 ἀλλὰ
2835 787 2930 839 καὶ
2977 787 3079 856 τὴν
3122 785 3394 855 εἰλικρινῆ
3422 799 3519 837 σου
3553 781 3740 835 πίστιν
3787 777 4004 847 ταύτην

2427 875 2827 946 ἀποδεξάμενος
2844 878 3164 947 γεγράφηκὲ
3215 893 3311 930 σου
3331 876 3433 949 ήδη
3464 875 3526 928 τὸ
3547 873 3723 938 δνομα
3752 873 3812 924 ἰν
3835 869 4008 941 βίϐλῳ

2429 966 2599 1036 ζωῆς,
2652 969 2748 1020 καὶ
2807 969 2889 1022 ὃτι
2946 967 3176 1036 κέκρικέ
3203 983 3286 1028 σε,
3315 966 3390 1028 ὡς
3422 963 3523 1033 εμὲ
3567 961 3884 1031 γινώσκειν,
3913 959 4006 1012 διὰ

2433 1059 2740 1131 μαρτυρίου
2780 1058 2842 1111 τὸ
2871 1058 3016 1111 θεῖον
3042 1055 3211 1110 αὑτοῦ
3242 1056 3465 1122 δοξάσαι
3524 1055 3624 1108 σὺν
3653 1053 3779 1122 ἔμοι
3805 1050 4002 1120 ὄνομα.

2429 1151 2617 1215 Οὕτως
2677 1149 2867 1210 είπὼν,
2935 1153 3026 1204 καὶ
3060 1150 3416 1220 διημερεύειν
3469 1148 3562 1202 τὸν
3613 1147 3784 1216 δῆμον
3816 1144 4008 1215 μαθὼν

2430 1245 2636 1311 ἄσιτον,
2671 1244 2943 1314 μετέωρόν
2969 1260 3028 1296 τε
3068 1243 3212 1308 ίδὼν,
3251 1241 3345 1295 ὑπ’
3390 1239 3707 1313 ἐκπλήξεως
3729 1239 3837 1291 τῶν
3867 1239 4010 1307 ὀρω-

2435 1334 2613 1402 μένων
2666 1334 2976 1400 ἱστάμενον,
3033 1330 3114 1383 ἔτι
3149 1347 3210 1383 τε
3263 1332 3596 1402 προσμένειν
3659 1327 4006 1397 βουλόμενον,

2431 1425 2527 1480 καὶ
2564 1426 2688 1494 ὅφιν
2747 1425 2918 1479 αὑτοῦ
2953 1426 3110 1496 ὁρᾷν,
3159 1426 3253 1478 καὶ
3299 1425 3476 1492 λόγων
3533 1422 3779 1486 ἀκούειν,
3841 1421 4010 1483 αὐτὸς

2433 1521 2802 1589 ὑποσχόμενος
2828 1520 3196 1590 πρωῖαίτερον
3252 1522 3536 1588 παρεῖναι,
3595 1517 3761 1580 εὐθὺς
3814 1515 4006 1585 ἀπῄει,

2433 1613 2527 1665 καὶ
2556 1611 2618 1664 τὸ
2657 1610 2886 1679 θέατρον
2917 1611 3131 1666 ἔλυσεν.
3181 1610 3324 1663 Ἀλλ’
3346 1613 3374 1664 ὁ
3409 1611 3649 1680 ἔπαρχος
3677 1608 3799 1662 οὐδὲ
3831 1607 4008 1667 οὕτως

2429 1706 2696 1774 ἠνέσχετο
2744 1703 2839 1756 τοῦ
2905 1705 3185 1773 μάρτυρος
3233 1701 3580 1768 ἀποστῆναι,
3625 1701 3759 1756 ἀλλὰ
3810 1700 4010 1768 σχολά-

2433 1813 2586 1849 σαντι
2614 1795 2813 1866 μᾶλλον
2872 1796 3005 1866 παρ’
3063 1796 3191 1863 ὃλην
3215 1793 3315 1866 τὴν
3349 1793 3526 1848 νύκτα
3561 1793 3752 1861 συνῆν,
3786 1791 4013 1863 ἀκριῦέ-

766 1905 877 1961 tius
907 1917 1005 1972 per
1035 1895 1365 1954 catecliesim
1404 1893 1473 1946 ab
1508 1905 1574 1946 eo
1606 1887 1893 1944 institutus
1926 1889 1981 1941 in
2029 1885 2197 1939 verbo
2229 1898 2324 1937 ve-
2365 1873 2404 1932 li
2435 1904 2448 1939 ς

2365 1873 2404 1932 Β
2435 1903 2627 1957 στερον
2679 1887 2771 1940 τὸν
2800 1885 2898 1956 τῆς
2928 1885 3186 1952 ἀληθείας
3219 1886 3374 1950 λόγον
3399 1885 3492 1939 ὑπ’
3541 1885 3708 1939 αὑτοῦ
3742 1884 4013 1955 κατηχού-

767 1996 968 2052 ritatis.
997 1991 1133 2047 Cum
1165 1999 1345 2043 autem
1376 1992 1524 2041 esset
1547 1996 1726 2047 mane,
1759 1990 1814 2036 et
1847 1988 1994 2035 tanta
2022 1975 2331 2047 frequentia

765 2093 1132 2158 congregatus
1165 2087 1310 2134 esset
1343 2076 1606 2148 populus,
1664 2082 1723 2128 ut
1771 2088 1873 2127 nec
1927 2085 2052 2126 eum
2109 2073 2334 2136 caperet

764 2177 990 2248 quidem
1027 2175 1178 2226 locus
1243 2167 1464 2230 theatri,
1529 2178 1638 2218 una
1699 2178 1831 2217 vero
1892 2176 2017 2216 cum
2074 2160 2333 2230 praefecto

767 2279 1096 2323 ascensurus
1158 2269 1303 2315 esset
1354 2267 1577 2312 sanctus
1619 2255 1672 2308 in
1724 2251 2067 2315 concionem,
2139 2263 2334 2319 magna

768 2356 1064 2415 multitudo
1113 2352 1396 2424 gentilium
1426 2357 1616 2403 sancto
1666 2344 1849 2400 dedita
1903 2357 2071 2411 opera
2129 2355 2332 2394 occur-

770 2469 920 2517 rens,
955 2461 1211 2518 tanquam
1248 2460 1356 2499 uno
1387 2459 1520 2498 ore:
1557 2439 1759 2496 Omnes
1794 2453 1915 2500 nos,
1942 2435 2182 2501 dicebat,
2215 2448 2330 2488 cre-

767 2548 949 2601 dinius
978 2544 1109 2604 Deo,
1155 2539 1315 2608 quia
1372 2545 1424 2590 te
1471 2535 1825 2604 pra-dicatur,
1877 2540 1933 2585 et
1988 2532 2099 2600 jam
2151 2527 2335 2584 omnia

767 2648 1051 2705 negamus,
1069 2640 1124 2684 et
1149 2629 1199 2683 ei
1233 2629 1332 2683 soli
1355 2626 1588 2680 militare
1617 2633 1671 2678 ct
1697 2623 1902 2678 servire
1930 2620 2334 2675 constituimus.

768 2726 906 2781 Cum
945 2723 1054 2775 Deo
1078 2729 1262 2773 autem
1294 2718 1494 2786 gratias
1525 2713 1723 2782 egisset
1747 2723 1991 2776 sanctus,
2022 2719 2078 2764 et
2115 2708 2338 2778 laudas~

772 2825 856 2872 set
889 2812 1297 2869 multitudinem
1342 2815 1565 2877 propter
1613 2805 1847 2859 celerem
1895 2801 2335 2862 conversionem,

774 2918 830 2965 et
879 2908 1130 2970 dixisset,
1169 2899 1313 2972 quod
1343 2913 1444 2953 nec
1475 2896 1725 2966 protinus
1770 2895 1992 2964 quidem
2038 2892 2340 2946 credidisse

777 3016 902 3056 cum
938 2996 1272 3058 attdiverint,
1306 3004 1485 3060 neque
1519 3003 1641 3043 esse
1691 2996 1978 3042 cunctatos
2019 2986 2203 3038 animo
2247 2983 2343 3037 du-

778 3093 1041 3154 bitantes,
1075 3085 1219 3155 apud
1252 3085 1424 3137 Deum
1454 3088 1604 3135 caret
1634 3078 1888 3132 mercede
1916 3095 1929 3131 :
1965 3078 2181 3146 etquod
2217 3091 2342 3130 mox

778 3180 1064 3251 baptizati,
1102 3175 1274 3231 futuri
1304 3174 1414 3228 sint
1443 3170 1742 3242 participes
1772 3169 2044 3223 donorum
2105 3167 2337 3229 Christi,

778 3292 901 3330 cum
935 3287 1042 3326 una
1067 3286 1190 3325 cum
1228 3267 1487 3339 praefecto
1515 3263 1872 3328 ascendisset,
1903 3261 2173 3316 constitit.

847 3453 1036 3510 XXill.
1083 3453 1374 3519 Postquam
1421 3454 1606 3501 autem
1645 3444 1867 3498 intuens
1910 3442 1976 3494 ad
2029 3440 2287 3510 populum
2323 3457 2336 3492 :

779 3550 942 3605 Deus.
971 3545 1131 3608 dixit,
1163 3556 1262 3594 vos
1331 3553 1431 3592 suo
1475 3535 1720 3606 perficiat
1766 3531 2070 3602 signaculo,
2115 3540 2171 3584 et
2215 3528 2310 3582 red

776 3643 868 3691 dat
890 3635 993 3691 sibi
1027 3633 1094 3686 ad
1119 3643 1283 3684 omne
1313 3641 1453 3697 Opus
1483 3624 1666 3686 utiles,
1694 3623 1862 3692 jussit
1893 3631 2340 3688 unumquemque

776 3743 969 3798 rogare
999 3733 1054 3778 et
1094 3723 1308 3776 discere
1337 3718 1406 3772 de
1452 3717 1584 3781 Deo,
1620 3714 1765 3782 quod
1817 3710 2008 3766 vellet.
2043 3709 2342 3766 Praefectus

776 3836 906 3875 vero
933 3832 1057 3872 cum
1095 3822 1206 3867 toto
1246 3811 1446 3882 populo
1478 3824 1493 3864 :
1547 3804 1621 3860 De
1659 3816 1771 3869 tuo,
1813 3803 2014 3873 inquit,
2054 3802 2166 3856 Deo
2191 3801 2340 3855 nulla

777 3922 858 3967 est
903 3909 1061 3963 nobis
1091 3904 1383 3963 dubitatio,
1427 3915 1460 3953 ο
1499 3896 1869 3952 sanctissime.
1919 3893 2115 3949 Omnia
2149 3901 2340 3963 aperte

777 3999 1152 4071 CugltOV‘imus,
1202 4004 1258 4049 et
1314 3990 1593 4054 omnibus,
1657 4002 1780 4058 qua:
1825 4002 1855 4041 a
1904 3995 1954 4040 te
2002 3985 2148 4040 dicta
2191 3992 2340 4050 sunt,

777 4091 1131 4148 credidimus.
1168 4084 1348 4139 Unum
1392 4081 1566 4136 solum
1619 4080 1880 4148 petimus,
1937 4085 1995 4130 ut
2045 4076 2155 4129 Deo
2211 4090 2343 4129 con-

773 4188 1091 4256 jungamur,
1121 4190 1176 4233 et
1207 4175 1498 4230 familiares
1529 4171 1824 4226 reddamur
1855 4181 1953 4240 per
1984 4167 2341 4237 baptismum.

779 4277 916 4330 Cum
952 4273 1136 4341 itaque
1199 4265 1555 4322 consensisse
1602 4260 1923 4332 praefectum
1972 4258 2200 4313 vidisset
2245 4273 2347 4328 po-

779 4371 983 4441 pulus:
1020 4367 1254 4428 llevera,
1295 4363 1576 4423 dixerunt,
1607 4373 1719 4411 non
1768 4367 1853 4410 est
1898 4355 2044 4409 Deus
2089 4361 2345 4422 acceptor

2439 1997 2620 2050 μενος.
2662 1979 2816 2031 Ἐπεὶ
2851 1978 2906 2031 δὴ
2937 1978 3132 2048 ὄρθρος
3161 1996 3217 2032 τε
3264 1974 3354 2048 ἦν,
3420 1980 3513 2032 καὶ⁵
3567 1980 3600 2049 ἠ
3659 1979 3811 2036 πόλις
3867 1977 4014 2030 οὔτω

2437 2071 2794 2142 συνήθροιστο
2830 2071 3202 2142 πολυπληθὴς,
3238 2071 3313 2136 ὡς
3360 2071 3494 2143 μηδὲ
3522 2072 3616 2125 τὸν
3643 2071 3742 2124 τοῦ
3773 2070 4010 2139 θεάτρου

2435 2166 2600 2218 τόπον
2659 2165 2878 2234 χωρεῖν,
2941 2165 3134 2232 ἔμελλε
3197 2164 3256 2217 δα
3311 2166 3619 2218 συνανιέναι
3658 2163 4013 2233 τῷῖπάρχῳ

2440 2259 2573 2327 πρὸς
2629 2259 2728 2320 τὰς
2779 2256 3188 2326 δημηγορία.ςό
3245 2257 3424 2324 ἅγιος,
3456 2255 3660 2323 πλῆθος
3703 2255 3837 2308 πολὺ
3901 2255 4012 2307 τῶν

2447 2351 2722 2416 Ἐλλήνων
2747 2353 2808 2402 ἐκ
2841 2351 3075 2420 μελέτης
3142 2350 3580 2420 συναντήσαντες
3609 2348 3688 2419 τῷ
3715 2349 3879 2416 ἁγίῳ,
3913 2363 4014 2399 x1-

2439 2444 2617 2511 θὰπερ
2647 2446 2704 2510 ἒξ
2756 2445 2873 2507 ὲνδς
2927 2444 3224 2512 στόματος,
3289 2444 3494 2507 Πάντες
3560 2444 3742 2513 ἡμεῖς,
3801 2442 4014 2507 ελεγον,

2439 2538 2768 2607 πιστεύομεν
2799 2537 2874 2607 τῷ
2900 2537 3003 2590 ὑπὸ
3063 2536 3157 2590 σοῦ
3185 2537 3577 2608 κηρυττομινῳ
3602 2535 3748 2605 θεῷ,
3783 2537 3878 2588 καὶ
3909 2535 4014 2604 ήδη

2441 2632 2619 2685 πάντα
2675 2630 3010 2701 ἀρνούμεθα,
3072 2630 3169 2684 καὶ
3211 2629 3362 2698 αὐτῷ
3414 2629 3563 2700 μόνῳ
3617 2626 4015 2700 στρατεύεσθαι

2441 2722 2533 2776 καὶ
2557 2723 2850 2791 ὑπηρετεῖν
2901 2721 3287 2793 προῃρήμεθα.
3341 2723 3758 2792 Εὐχαριστήσας
3822 2720 3880 2772 δὲ
3937 2717 4018 2786 τῷ

2441 2816 2559 2885 Θεῷ
2587 2817 2614 2869 ὁ
2639 2817 2814 2882 ἅγιος,
2869 2817 2961 2867 καὶ
2994 2815 3054 2867 τὸ
3089 2815 3293 2886 πλῆθος
3349 2817 3448 2887 τῆς
3475 2815 4019 2886 ταχείαςὲτταινὲσας

2442 2907 2798 2979 ἑπιστροερῆς,
2823 2906 2918 2960 καὶ
2947 2906 3116 2979 εἰπὼν
3151 2907 3223 2969 ὡς
3257 2907 3391 2963 Οὐδὲ
3423 2909 3481 2959 τὸ
3505 2909 3665 2971 εὐθὺς
3711 2908 4002 2961 πιστεῦσαι

2442 3000 2783 3062 ἀκούσαντας
2821 2999 2916 3052 καὶ
2947 3000 3022 3070 μὴ
3066 3001 3302 3069 μελῆσαι
3333 3003 3446 3062 τοῖς
3501 2999 3782 3068 λογισμοῖς
3843 3001 4018 3066 ἀμφι-

2444 3090 2736 3152 ϐάλλοντας
2804 3089 3038 3158 ἄμισθον
3084 3093 3234 3158 παρᾶ
3285 3089 3360 3160 τῷ
3402 3089 3545 3157 Θεῷ,
3592 3091 3686 3143 καὶ
3736 3091 3820 3143 ὅτι
3851 3090 4018 3140 Ὅσον

2445 3179 2596 3233 ούπω
2653 3180 3071 3250 βαπτισθέντες,
3131 3182 3346 3251 μέτοχοι
3409 3181 3705 3252 γενήσεσθε
3765 3185 3859 3233 καὶ
3909 3182 4018 3232 τῶν

2444 3272 2662 3343 δωρεῶν
2731 3271 2824 3324 τοῦ
2885 3273 3169 3340 Χριστοῦ,
3221 3273 3565 3342 σννανελθὼν
3621 3273 3699 3344 τῷ
3761 3273 4017 3342 Ἐπάρχῳ

2443 3365 2598 3434 ἔστη.

2515 3457 2640 3510 Kl".
2717 3455 2872 3508 Ἐπεὶ
2894 3457 2948 3509 δὲ
2980 3456 3114 3527 πρὸς
3161 3458 3221 3508 τι
3279 3457 3482 3526 πλῆθος
3516 3458 3748 3522 ἀπιδὼν,
3790 3460 3850 3512 Ὀ
3877 3459 4009 3520 Θεδς

2443 3549 2622 3619 ἡμῶν,
2653 3545 2796 3612 εἷπε,
2849 3550 3190 3618 καταρτήσαι
3221 3547 3408 3621 ίύμᾶς]
3435 3550 3689 3621 αὐτοῦτῇ
3730 3553 4015 3620 σφραιῖδι.

2444 3641 2541 3694 καὶ
2562 3640 2900 3711 εὐχρήστοιις
2929 3641 3064 3710 πρὸς
3090 3642 3198 3693 πᾶν
3223 3641 3386 3711 ἔργον
3403 3641 3580 3710 ἑαυτῷ
3598 3643 3900 3708 ἀποδείξαι.
3919 3646 4020 3698 αύ-

2441 3731 2571 3784 τίκα
2596 3734 2980 3796 πυνθάνεσθαι,
3015 3735 3108 3785 καὶ
3133 3733 3428 3801 μανθάνειν
3459 3734 3689 3788 ἕκαστον
3720 3740 3850 3806 περὶ
3875 3737 4012 3789 Θεοῦ

2442 3824 2470 3878 ὃ
2493 3823 2739 3894 βούλεται
2768 3826 3163 3895 προετρέψατο.
3207 3826 3265 3879 ’0
3295 3822 3391 3879 οὗν
3419 3827 3660 3898 ἔπαρχος
3718 3829 3817 3882 σὺν
3849 3845 3930 3883 πα
3964 3831 4016 3881 τὶ

2443 3916 2524 3986 τῷ
2582 3915 2806 3987 πλήθει,
2870 3917 3035 3969 Οὐδὲν
3101 3919 3254 3988 ⁴ἡμῖν,
3307 3915 3482 3982 εἶπεν,
3546 3922 3847 3991 ἁμφίῦολον
3888 3923 4016 3993 περὶ

2443 4004 2534 4058 τοῦ
2568 4004 2661 4057 σού
2697 4004 2858 4070 Θεοῦ,
2896 4005 3190 4074 ἁγιώτατε.
3261 4008 3448 4062 Πάντα
3501 4011 3688 4078 σαφῶς
3739 4011 4012 4079 ἔγνωμεν,

2444 4098 2538 4149 καὶ
2576 4099 2736 4150 παντὶ
2786 4097 2864 4166 τῷ
2901 4101 3051 4169 παρὰ
3100 4099 3196 4152 σοῦ
3255 4101 3476 4170 ῥηθέντι
3532 4104 4010 4172 πεπιστεύκαμεν.

2449 4191 2546 4242 Ἐν
2582 4191 2741 4260 μόνον
2764 4188 3058 4260 ζητοῦμεν,
3091 4192 3439 4262 οἰκειωθῆναι
3468 4193 3587 4263 Θεῴ
3632 4193 3720 4247 διὰ
3749 4193 3843 4248 τοῦ
3870 4197 3939 4265 βα
3955 4215 4014 4248 τ-

2443 4282 2725 4353 τίσματος.
2788 4283 3239 4354 Συμφωνήσαντα
3294 4284 3476 4339 τοίνυν
3544 4285 3636 4339 τὸν
3686 4286 3931 4358 ἔπαρχον
3986 4292 4015 4342 6

2444 4374 2616 4444 δῆμος
2653 4374 2801 4437 ίδὼν,
2844 4376 2935 4434 Ὠς
2979 4375 3225 4444 ἀληθῶς,
3266 4371 3445 4442 εἷπον,
3505 4377 4012 4450 ἀπροσωποληπτος

778 4475 1163 4534 personarum,
1208 4464 1267 4511 ut
1300 4452 1398 4524 qui
1429 4459 1656 4522 propter
1689 4447 2123 4503 moderationem
2154 4453 2210 4500 et
2252 4460 2359 4500 cur
2447 4469 2460 4521 ε

2331 4467 2359 4559 ξ
2447 4466 2662 4559 ὀΘεὺς,
2709 4467 3066 4539 σωφροσύνης
3122 4470 3286 4524 ἕνεκα
3331 4471 3426 4543 καὶ
3471 4447 3810 4542 προστασίας
3841 4447 4013 4544 στενή.

779 4571 897 4611 rain
941 4567 1103 4623 quam
1150 4548 1317 4621 gessit
1347 4558 1679 4616 pauperum,
1733 4540 2035 4596 reddiderit
2088 4538 2346 4610 prafecto
2377 4561 2461 4617 ο,

2333 4555 2346 4592 ⁵
2377 4561 2421 4617 ι)
2449 4574 2578 4624 των,
2614 4558 2713 4628 τὴν
2747 4559 2913 4612 αὑτοῦ
2942 4538 3242 4628 ἐπίγνωσιν
3292 4538 3570 4625 ἀντιδοὺς.
3608 4565 3702 4616 καὶ
3729 4538 4015 4634 θεοσεῦείᾳ

781 4647 864 4702 sui
897 4645 1289 4714 cognitionem,
1336 4645 1393 4694 et
1420 4651 1551 4691 vero
1581 4635 1676 4690 Dei
1707 4635 1858 4689 cultu
1889 4649 2016 4690 eum
2043 4634 2115 4688 sit
2158 4649 2343 4689 remu-

780 4750 1026 4795 neratus.
1056 4737 1352 4804 Postquam
1385 4741 1566 4786 autem
1615 4744 1681 4783 ex
1717 4728 1805 4794 iis,
1834 4742 1955 4797 qua:
1986 4726 2344 4781 circumcirca

779 4841 960 4897 erant,
994 4828 1312 4886 civitatibus
1340 4824 1616 4880 aﬂuerunt
1646 4822 1890 4892 episcOpi
1920 4822 2142 4890 quidam
2181 4819 2252 4889 pii
2288 4827 2344 4872 et

778 4925 1042 4997 religiosi,
1077 4923 1172 4994 qui
1200 4928 1360 4976 erant
1388 4931 1580 4972 omnes
1611 4914 1908 4970 tredecim:
1939 4913 2034 4981 qui
2077 4911 2170 4966 alii
2217 4911 2341 4980 qui-

779 5020 904 5076 dem
934 5017 1113 5073 solum
1142 5022 1201 5068 ut
1247 5012 1499 5066 viderent
1547 5005 1850 5062 certamina
1897 5005 2192 5074 martyris:
2251 5002 2343 5056 alii

782 5121 965 5168 autem
1021 5107 1146 5163 ideo
1171 5121 1201 5160 e
1235 5105 1454 5159 deserto
1487 5099 1906 5161 descenderant,
1954 5105 2015 5149 ut
2055 5095 2346 5150 visitarent

793 5204 1002 5266 fideles,
1039 5200 1134 5271 qui
1209 5205 1367 5252 erant
1412 5193 1466 5247 in
1526 5193 1771 5255 civitate,
1819 5199 1874 5244 et
1915 5187 2081 5241 allata
2127 5200 2345 5256 quoque

781 5306 929 5353 esset
957 5312 1121 5366 aqua,
1153 5306 1278 5347 eum
1313 5287 1662 5360 itajussisset
1690 5292 1934 5347 sanctus,
1969 5284 2083 5351 ipse
2124 5290 2346 5334 sanctus

783 5407 906 5444 cum
957 5388 1142 5443 eloco
1194 5384 1410 5438 excelso
1479 5378 1878 5438 descendisset,
1925 5384 1980 5428 et
2033 5371 2345 5443 praefectum

782 5481 1002 5550 quidem
1045 5477 1310 5531 inclinare
1343 5480 1507 5541 caput
1552 5469 1647 5523 Dei
1682 5466 2077 5522 amantissimis
2126 5465 2347 5519 fecisset

779 5572 1078 5642 episcopis,
1129 5566 1251 5621 illos
1275 5579 1406 5619 vero
1454 5563 1571 5632 ejus
1603 5559 1767 5629 capiti
1803 5572 1998 5627 aquam
2037 5556 2346 5620 infundere,

783 5676 840 5720 et
875 5666 1092 5719 dicere:
1134 5660 1374 5729 Suscipit
1421 5657 1697 5711 lavacrum
1742 5651 2172 5721 regenerationis
2219 5650 2347 5704 ll.r-

782 5771 1038 5826 mogencs
1067 5755 1120 5809 in
1155 5755 1377 5808 nomine
1404 5750 1584 5805 Patris
1627 5757 1681 5802 et
1705 5746 1826 5800 Filii
1869 5755 1922 5799 ct
1949 5743 2184 5814 Spiritus
2226 5759 2350 5798 san-

782 5850 877 5915 (ιὶ,
911 5849 989 5905 sic
1018 5864 1144 5905 cum
1175 5846 1307 5904 fecit
1349 5840 1616 5914 baptizari
1652 5854 1836 5896 coram
1869 5846 1984 5894 toto
2007 5837 2232 5908 populo.
2270 5837 2348 5894 Eo

2447 4649 2538 4703 τδν
2593 4650 2870 4719 Ἐπαρχον
2948 4653 3349 4722 ἀμειψάμενος.
3443 4653 3594 4706 Ἐπεὶ
3640 4655 3699 4707 δὲ
3754 4655 4015 4724 παρῆσαν

2446 4741 2647 4793 ἰκεῖσε’
2683 4742 2776 4793 καὶ
2832 4741 2942 4794 τῶν
3004 4743 3165 4812 πέριξ
3215 4744 3424 4797 πόλεων
3500 4743 3817 4798 Ἐπίσκοττοί
3868 4763 4013 4808 τινες

2447 4832 2693 4895 εὐλαϐεῖς
2755 4833 2849 4884 καὶ
2891 4833 3181 4901 θεοφιλεῖς,
3214 4838 3264 4888 οξ
3317 4827 3518 4900 στάντες
3542 4839 3920 4909 τρισκαίδεκα,
3965 4841 4013 4890 οι

2455 4925 2554 4992 μὲν
2598 4925 2739 4977 κατὰ
2771 4926 2899 4978 θέαν
2948 4927 3117 4996 μόνην
3176 4928 3284 4980 τῶν
3328 4928 3555 4997 ἀγώνων
3589 4929 3681 4981 τοῦ
3713 4930 4014 5001 μάρτυρος,

2447 5017 2577 5070 οίδὲ
2637 5019 2732 5070 καὶ
2758 5017 2847 5072 διὰ
2887 5018 3050 5072 τοῦτο
3104 5021 3201 5088 τῆς
3246 5021 3453 5090 ὲρήμου
3501 5022 3874 5089 κατελθόντες,
3930 5024 4014 5078 ῐνα

2449 5112 2572 5170 τοὺς
2610 5109 2668 5160 ὲν
2691 5112 2754 5181 τῇ
2793 5109 2944 5162 πόλει
2997 5111 3223 5172 πιστοὺς
3265 5112 3696 5181 ἐπισκέψωνται,
3730 5117 3929 5185 ήνέχθη
3957 5117 4014 5168 δι

2451 5202 2544 5253 καὶ
2582 5200 2746 5273 ὕδωρ,
2777 5202 2920 5256 οὕτω
2967 5203 3261 5256 κελευσθὲν
3312 5205 3416 5259 ὑπὸ
3441 5206 3535 5259 τοῦ
3569 5207 3748 5275 ἁγίου,
3798 5209 3962 5270 αὐτὸς
3989 5211 4016 5261 6

2449 5292 2604 5361 ἅγιος
2627 5295 2720 5346 τοῦ
2789 5293 3083 5364 ὓψωματος
3113 5296 3345 5360 ἀποϐὰς,
3368 5298 3461 5351 καὶ
3485 5297 3575 5350 τὶν
3606 5299 3889 5367 Ἐπαρχον
3915 5298 4016 5366 μὲν

2451 5385 2735 5438 ὑποκλῖναι
2758 5387 2856 5455 τὴν
2888 5387 3132 5457 κεφαλήν
3159 5392 3269 5452 τοῖς
3296 5388 3664 5457 θεοφιλτὰτοις
3698 5389 4017 5451 ἐπισκόποις

2450 5475 2787 5547 πεποιηκὼς,
2819 5480 3060 5549 ὲπιχέειν
3086 5479 3143 5533 δὲ
3174 5479 3325 5549 αὐτῷ
3373 5482 3464 5532 ἐπὶ
3498 5479 3738 5548 κεφαλῆς
3772 5481 4014 5543 ἐκείνους

2449 5569 2507 5620 τὸ
2533 5568 2695 5636 ὕδωρ,
2731 5569 2824 5622 καὶ
2851 5569 3050 5638 λέγειν,
3084 5571 3309 5640 Δέχεται
3361 5571 3422 5624 τδ
3455 5572 3680 5641 λουτρὸν
3722 5573 3821 5642 τῆς
3886 5572 4017 5626 ἀνα·

2449 5660 2752 5725 γεννήσεως
2795 5657 3128 5729 Ἑρμογένης
3185 5664 3265 5724 είς
3318 5662 3380 5714 τὸ
3435 5661 3610 5730 ὖνομα
3639 5660 3732 5713 τοῦ
3779 5661 4016 5731 Πατρὸς,

2454 5747 2667 5802 καὶτοῦ
2712 5746 2866 5812 Υἱοῦ,
2923 5752 3017 5803 καὶ
3073 5751 3168 5804 τοῦ
3219 5753 3376 5819 ἁγίου
3441 5751 3779 5823 Πνεύματος,
3847 5751 4020 5815 οὕτως

2452 5838 2681 5895 ἐνώπιον
2736 5839 3152 5906 αύτὸνπαντδς
3202 5843 3293 5896 τοῦ
3351 5843 3589 5914 πλήθους
3651 5843 4020 5915 βαπτισθῆναι
