4260 6430
265 405 375 467 397

1169 405 1643 467 MARTYRIUM
1689 404 1753 467 S.
1799 404 2033 465 ΜΕΝΑζ
2074 404 2170 465 ΕΤ
2209 404 2623 468 SOCIORUM.

3421 420 3527 481 398

261 520 593 593 πεποίηκεν.
636 520 1032 594 Ἐπευωήμησε
1085 518 1144 574 δὶ
1196 521 1290 574 τδν
1353 519 1589 589 Χριστὸν
1618 521 1645 574 ὁ
1673 518 1849 588 δῆμος
1878 521 1922 578 Α

1845 521 1922 578 εΑ
1955 531 2138 573 autem
2183 518 2407 574 nomine
2443 520 2681 589 populus
2705 520 2988 577 Christum
3025 526 3217 584 multis
3265 530 3527 591 laudibus

259 618 344 679 είς
395 615 553 670 τοῦτο
573 617 763 671 πολλά.
824 670 845 682 ,

337 705 467 765 KA'.
516 706 608 770 Ὠς
640 707 735 761 οῦν
755 708 789 777 ἦ
822 725 883 761 τε
914 706 1274 779 ἀναγέννησις
1315 706 1411 760 τοῦ
1445 706 1691 776 ἐπάρχου
1724 707 1847 777 ὲορο
1880 780 1881 783 η

260 799 451 863 τάξειν
477 800 779 870 ⁴Ιινάγκιιξε,
831 802 927 856 καὶ
958 802 1094 871 πρὸς
1152 803 1410 855 τοσοῦτον
1456 800 1658 872 πλῆθος
1686 801 1848 869 ὲξαρυ

263 895 424 948 κὲσαι
452 895 657 966 ἄπορον
679 892 766 964 ἦν,
798 896 917 948 τότε
973 896 1074 966 μὲν
1100 897 1129 949 ὁ
1163 895 1321 963 ἅγιος
1367 894 1580 949 διαλύει
1608 894 1670 948 τὸ
1721 895 1846 948 θέας

259 1004 395 1056 τρον
414 1003 427 1016 ·
454 983 573 1040 εἶτα
603 988 743 1058 πρὸς
772 989 903 1052 τοὺς
961 989 1302 1052 επισκόπους
1351 989 1736 1058 ἐπιστραφεὶς,
1769 988 1844 1040 υύ

260 1076 473 1131 δίκαιόν
505 1082 674 1145 ἔστιν,
705 1080 832 1150 ἔφη,
866 1081 1113 1134 τοιούτου
1151 1083 1250 1152 τὴν
1291 1081 1621 1151 Ἐκκλησίαν
1654 1081 1845 1150 ἀνδρὸς

265 1171 645 1241 στερηθῆναι,
703 1173 1061 1243 πολυμαθοῦς
1111 1192 1173 1227 τε
1235 1176 1333 1227 καὶ
1389 1173 1689 1243 σώφρονος,
1750 1177 1847 1227 καὶ

195 1306 198 1311 .
264 1262 366 1332 τὴν
396 1263 640 1316 διάνοιαν
674 1265 907 1335 ὑψηλοῦ.
942 1266 1128 1338 Ταύτῃ
1157 1285 1241 1319 τοι
1273 1267 1368 1321 καὶ
1400 1267 1488 1321 διά
1516 1267 1616 1338 τὴν
1646 1268 1847 1338 πολλὴν

260 1355 388 1424 περ)⁸
417 1357 508 1406 τὸν
539 1355 695 1423 ἇγιον
744 1357 900 1423 atem,
942 1359 1113 1429 μηδὲν
1167 1359 1259 1413 τὸν
1307 1360 1653 1429 Ἑρμογένην
1686 1362 1840 1414 ἀντι-

260 1446 657 1516 φθεγγόμενον,
692 1448 949 1515 λαϐόντες
978 1452 1203 1514 ἐκεῖνοι,
1233 1451 1311 1522 τῷ
1360 1453 1550 1522 κλήρῳ
1582 1454 1844 1521 συναριθ-

263 1538 478 1604 μοῦσιν.
530 1535 661 1591 Εἶτα
745 1543 884 1613 πρὸς
946 1543 1102 1609 τάξιν
1155 1546 1283 1607 τοὺς
1351 1545 1849 1614 ἐκκλησιαστικοὺς

261 1630 471 1692 πάντας
512 1630 760 1699 βαθμοὺς
797 1634 1155 1703 μετελθόντα,
1206 1636 1509 1689 ἐπίσκοπον
1558 1638 1721 1691 αύτδν
1748 1640 1846 1708 τῆς

260 1722 468 1784 πόλεως
502 1724 855 1778 καθιστῶσιν.
893 1729 987 1789 ’ος
1016 1730 1111 1781 καὶ
1164 1730 1303 1797 μετά
1352 1730 1451 1798 τὴν
1488 1731 1845 1800 χειροτονίαν,

263 1814 500 1884 ἑϐδόμης
531 1817 836 1886 ἐπιστάσης
863 1820 1103 1887 ἡμέρας,
1131 1822 1459 1889 συναγαγὼν
1485 1822 1609 1876 ὅσον
1638 1826 1845 1893 προσῆν

1950 614 2035 658 est
2068 616 2413 673 prosecutus.

2020 698 2210 753 XXIV.
2270 700 2539 766 Quoniam
2608 718 2739 759 vero
2784 716 2840 761 et
2891 711 3134 778 praefecti
3185 726 3529 788 regeneratio

1948 791 2179 858 cogebat
2212 789 2409 845 festum
2456 794 2759 860 celebrare,
2812 814 2915 854 nec
2960 802 3122 859 facile
3175 820 3391 877 poterat
3436 832 3525 870 sa-

1949 883 2141 937 tisfieri
2197 891 2366 937 tanta:
2427 886 2789 952 multitudini,
2839 898 2971 946 tunc
3020 897 3243 964 quidem
3300 917 3525 961 sanctus

1948 974 2179 1028 dimittit
2207 974 2503 1028 theatrum.
2536 978 2742 1035 Deinde
2771 982 2939 1037 etiam
2963 999 3261 1046 conversus
3284 994 3351 1048 ad
3408 1002 3526 1066 epi-

1949 1082 2145 1136 scopos
2173 1085 2187 1123 :
2224 1070 2343 1124 Non
2368 1072 2577 1141 justum
2604 1080 2709 1138 est,
2774 1074 2971 1142 inquit,
3014 1091 3071 1131 nt
3104 1079 3347 1138 Ecclesia
3374 1098 3525 1144 tanto

1949 1160 2069 1214 viro
2110 1162 2379 1230 privetur,
2407 1164 2500 1232 qui
2533 1176 2616 1218 est
2649 1177 2756 1219 tam
2792 1169 3098 1237 studiosus,
3132 1186 3188 1229 et
3220 1182 3527 1243 modestus.

1948 1262 2004 1307 et
2031 1262 2139 1307 tam
2179 1254 2400 1309 sublimi
2432 1256 2673 1327 ingenio.
2708 1260 2785 1313 Ea
2828 1262 2893 1315 de
2930 1279 3094 1319 causa
3128 1281 3353 1337 propter
3382 1276 3526 1327 mul-

1951 1357 2058 1401 tam
2114 1348 2168 1402 in
2219 1360 2471 1404 sanctum
2526 1354 2918 1418 reverentiam,
2981 1373 3106 1412 cum
3183 1366 3529 1434 accepissent

1949 1439 2349 1509 Hermogenem
2380 1443 2514 1496 nihil
2553 1446 3046 1515 contradicentem,
3096 1454 3170 1507 illi
3207 1471 3332 1510 eum
3388 1440 3531 1516 refe-

1950 1541 2080 1586 runt
2108 1535 2162 1587 in
2195 1535 2324 1588 cleri
2358 1553 2675 1591 numerum.
2712 1539 2917 1596 Deinde
2950 1558 3076 1597 cum
3134 1562 3233 1615 per
3276 1552 3528 1607 ordinem

1948 1628 2350 1684 ecclesiasticos
2416 1646 2608 1685 omnes
2670 1635 2872 1703 gradus
2953 1639 3341 1707 transivisset,
3398 1662 3524 1700 eum

1948 1720 2296 1773 constituunt
2340 1721 2658 1793 episcopum
2718 1725 2979 1782 civitatis.
3033 1730 3138 1795 Qui
3186 1735 3351 1789 etiam
3399 1755 3527 1792 cum

1952 1820 2073 1877 post
2130 1812 2453 1868 electionem
2516 1814 2603 1869 die
2649 1819 2887 1885 septimo
2943 1824 3213 1893 coegisset
3258 1830 3526 1899 quidquid

260 1907 412 1975 αύτῷ
444 1908 688 1977 χρυσίον,
724 1911 816 1962 καὶ
839 1911 937 1979 τὴν
972 1911 1139 1981 ἀλλην
1167 1914 1350 1965 πᾶσαν
1381 1914 1719 1982 περιουσίαν,
1754 1917 1847 1969 καὶ
1880 1874 1918 1927 Β

1953 1874 1963 1877 _
2715 1874 2727 1885 ,
2985 1874 3213 1893 μυῖα--
3262 1874 3388 1896 .,-...
3437 1874 3525 1885 ...η

1843 1955 1847 1967 ,
1880 1874 1918 1927 Β
1950 1904 2191 1959 habebat
2222 1908 2342 1961 auri
2376 1917 2433 1961 et
2464 1909 2698 1963 aliarum
2732 1911 3077 1981 facultatum,
3117 1930 3169 1972 et
3206 1874 3525 1994 valereius-

262 1999 473 2068 χαίρειν
519 2000 691 2053 είπὼν
748 2006 930 2072 τρυφῇ
966 2004 1060 2055 καὶ
1119 2004 1355 2076 βλακείᾳ
1384 2009 1619 2071 καὶτοῖς
1664 2008 1846 2071 ἄλλοις

259 2088 345 2155 οἷς
380 2094 637 2164 χαίρουσι
693 2096 1047 2165 φιλοκὸσμων
1101 2098 1293 2168 ψυχαὶ,
1329 2102 1485 2170 χερσὶ
1541 2103 1721 2155 πάντα
1750 2121 1846 2155 rte-

262 2185 440 2254 νήτων
463 2186 658 2238 ἐδίδου.
710 2183 845 2241 Εἶτα
900 2189 994 2241 καὶ
1049 2191 1114 2243 τὰ
1141 2190 1276 2242 ἄλλα
1308 2192 1485 2244 πάντα
1515 2194 1606 2247 διὰ
1642 2198 1845 2265 μικρᾶς

260 2277 491 2347 θέμενος
520 2278 623 2348 τῆς
673 2282 982 2349 φροντίδος,
1035 2285 1132 2337 σὺν
1170 2284 1336 2336 παντὶ
1360 2285 1436 2356 τῷ
1471 2288 1671 2357 πλήθει
1704 2291 1844 2360 πρὸς

258 2372 353 2425 τὸν
382 2373 526 2425 κατά
577 2374 686 2424 τῶν
749 2374 1026 2445 δαιμόνων
1089 2376 1431 2441 ιξωπλίσατο
1466 2381 1721 2451 πόλεμον,
1756 2376 1844 2434 οἷα

264 2464 623 2533 μνησικακῶν
650 2467 837 2530 αὐτοῖς
869 2467 962 2520 τοῦ
998 2470 1270 2541 προτέρου
1298 2470 1415 2541 βίου
1454 2475 1550 2525 καὶ
1576 2474 1675 2543 τῆς
1706 2475 1845 2527 πλά-

260 2573 361 2624 νης
423 2559 701 2625 κραταιῶς
761 2560 1126 2628 ἀμυνόμενος,
1197 2564 1292 2615 καὶ
1348 2566 1407 2615 ὲν
1464 2564 1631 2635 ὀλίγῳ
1687 2566 1756 2619 τά
1783 2586 1843 2620 τε

261 2647 619 2718 ἀριδρύματα
650 2654 745 2703 καὶ
791 2653 919 2714 τοὺς
961 2652 1184 2721 βωμοὺς
1215 2655 1398 2706 αὐτῶν
1429 2658 1842 2727 καταστρέψας,

262 2739 360 2791 καὶ
396 2743 504 2794 πᾶν
543 2743 765 2795 εἴδωλον
799 2744 1068 2811 καθελὼν,
1093 2747 1371 2816 πανταχοῦ
1400 2749 1492 2800 τόν
1524 2766 1581 2800 τε
1608 2751 1843 2819 σταυρὸν

262 2834 528 2899 ἐπήξατο,
554 2837 643 2888 καὶ
677 2835 1044 2907 θυσιαστήρια
1095 2841 1490 2909 συνεστήσατο,
1522 2842 1618 2894 καὶ
1642 2842 1705 2894 τδ
1747 2844 1841 2895 τοῦ

261 2926 505 2994 Χριστοῦ
546 2929 978 2997 προσκυνεῖσθαι
1012 2932 1428 3001 παρεσκεύασεν
1464 2933 1655 3003 ὄνομα.
1703 2936 1844 2998 Τοὺς

264 3019 367 3086 μιν
394 3019 487 3073 οὖν
516 3020 706 3089 ὄχλους
739 3023 878 3090 μετά
902 3022 1060 3075 τοῦτο
1097 3025 1541 3092 προσπίπτοντας
1563 3028 1655 3077 καὶ
1687 3025 1831 3095 βαπ-

259 3112 521 3181 τισθῆναι
568 3114 855 3184 δεομένους
906 3115 1207 3180 ἐϐάπτιζεν
1267 3117 1503 3185 ἑκάστης
1532 3117 1840 3183 τοσούτους,

1950 1996 2111 2051 sisset
2144 1998 2376 2052 delicias
2410 2010 2466 2053 et
2493 2000 2756 2067 lautitias,
2787 2014 2842 2057 et
2874 2007 2977 2059 alia
3010 2011 3209 2077 quibus
3237 2015 3522 2070 delectan-

1955 2096 2043 2141 tur
2074 2105 2264 2143 eorum
2294 2090 2508 2157 animre,
2541 2096 2635 2163 qui
2685 2098 2887 2151 mundo
2917 2099 3284 2169 delectantur,
3340 2111 3523 2165 omnia

1947 2179 2099 2235 dedit
2133 2182 2189 2235 in
2224 2199 2417 2238 manus
2447 2202 2772 2255 pauperum.
2812 2190 3020 2245 Deinde
3043 2208 3166 2246 cum
3215 2198 3383 2250 etiam
3419 2202 3524 2255 alia

1947 2276 2129 2327 omnia
2183 2277 2606 2343 parvifecissct,
2659 2297 2784 2335 cum
2850 2285 3105 2340 universa
3167 2291 3525 2348 multitudine

1945 2377 2004 2415 se
2042 2365 2274 2417 armavit
2315 2366 2382 2419 ad
2430 2366 2636 2421 bellum
2674 2373 2975 2439 gerendum
3009 2384 3197 2431 contra
3226 2380 3521 2445 damones,

1950 2463 2007 2507 ut
2064 2455 2329 2510 adversus
2387 2474 2527 2527 quos
2599 2472 2816 2529 gereret
2904 2466 3221 2523 inimicitias
3301 2486 3527 2544 propter

1946 2546 2182 2615 priorem
2234 2549 2443 2613 vitam,
2500 2560 2555 2603 et
2603 2567 2795 2605 eorum
2857 2572 3103 2612 errorem
3164 2563 3525 2621 vehementer

1944 2650 2372 2711 persequeretur
2405 2659 2419 2695 :
2464 2653 2521 2697 et
2552 2659 2677 2698 cum
2707 2646 2861 2701 brevi
2905 2665 3096 2705 eorum
3126 2653 3249 2708 fana
3289 2665 3345 2709 et
3395 2674 3524 2713 aras

1944 2735 2262 2799 evertisset,
2288 2747 2344 2789 et
2371 2736 2665 2792 simulacra
2708 2740 3020 2810 dejccisset,
3059 2746 3265 2816 ubique
3292 2765 3517 2807 crucem

1946 2827 2064 2880 fixit
2089 2838 2146 2881 et
2175 2827 2229 2881 iu
2256 2827 2464 2883 Christi
2492 2832 2715 2887 nomine
2746 2838 3055 2890 construxit
3087 2840 3309 2895 altaria.
3342 2846 3522 2914 Atque

1948 2920 2138 2973 turbas
2165 2920 2386 2989 quidem
2422 2930 2611 2990 postea
2653 2925 2721 2979 ad
2773 2929 2895 2997 ejus
2933 2929 3103 2997 pedes
3146 2934 3521 3002 procidentes.

1945 3022 2001 3071 et
2034 3025 2290 3082 rogantes
2326 3014 2615 3083 baptizari,
2642 3017 2973 3087 baptizabat,
3010 3033 3118 3077 tam
3151 3026 3356 3084 multos
3386 3045 3497 3099 quo

1948 3105 2107 3171 tidie,
2145 3115 2334 3162 utnec
2374 3107 2535 3164 facile
2583 3121 2768 3179 posset
2824 3128 3014 3168 eorum
3064 3132 3327 3173 numerus
3371 3137 3519 3175 com-

260 3208 339 3264 ὠς
367 3207 503 3277 μηδὲ
531 3208 750 3279 ἀριθμῷ
768 3209 967 3279 ῥᾳδίως
997 3211 1195 3275 αὐτοὺς
1244 3211 1669 3266 ὕποόἀλλεσθαι.
1703 3214 1842 3277 Τοὺς
1872 3225 1915 3282 c

1872 3225 1915 3282 ε
1950 3198 2239 3267 prehendi.
2289 3200 2666 3257 Dmmoniacos
2731 3215 2939 3269 autem,
2994 3218 3090 3263 aut
3137 3210 3229 3279 qui
3282 3211 3352 3265 ab
3401 3214 3524 3268 aliis

258 3300 319 3351 ει
346 3300 742 3370 δαιμονῶντας,
792 3302 824 3371 ἢ
856 3302 961 3355 ὑπὸ
1010 3303 1201 3357 παθῶν
1228 3306 1431 3377 ἑτέρων
1458 3306 1840 3374 πιεζομένους,

262 3391 555 3461 ἐπικλήσει
603 3394 739 3462 μόνῃ
790 3392 1024 3465 Χριστοῦ
1070 3398 1413 3466 παραχρῆμα
1464 3400 1558 3449 καὶ
1595 3397 1690 3449 τοῦ
1726 3397 1846 3449 δαί-

272 3500 434 3552 μονος
462 3487 557 3536 καὶ
580 3484 675 3536 τοῦ
724 3486 931 3548 πάθους
961 3486 1299 3556 ἀπήλαττεν.
1350 3488 1633 3541 Ἐδίδασκέ
1668 3506 1728 3540 τε
1758 3487 1846 3540 ἀεὶ

265 3572 490 3636 ἁγνείας
531 3573 753 3642 ἔχεσθαι
806 3578 902 3629 καὶ
966 3576 1305 3642 θεοσεϐείας,
1334 3578 1846 3650 ταπεινοφροσύνης

264 3679 327 3715 τε
387 3665 481 3716 καὶ
530 3666 751 3737 ἀγάπης
796 3668 1105 3739 πραότητος
1157 3670 1252 3722 καὶ
1307 3671 1719 3740 ἀκτημοσύνης,
1749 3672 1845 3722 καὶ

260 3754 362 3822 τῆς
399 3756 564 3827 ἀλλης
586 3758 786 3825 ἀρετῆς
835 3760 1036 3827 ὁμοίως
1066 3760 1260 3812 ἑαυτὸν
1292 3761 1405 3823 τοῖς
1432 3760 1840 3831 διδασκομένοις

264 3845 573 3915 ὑπόδειγμα
606 3850 908 3919 προτιθείς.

336 3934 468 3990 κε’.
508 3938 661 3990 Ἐπεὶ
690 3939 783 3992 οὖν
825 3942 886 3993 ού
946 3942 1138 3995 *πολλαὶ⁴
1185 3944 1407 4013 διῆλθον
1466 3945 1691 4013 ἡμέραι,
1748 3946 1843 3997 καὶ

267 4030 451 4099 πάσης
495 4031 595 4095 τῆς
622 4032 830 4095 πόλεως
853 4035 933 4096 εἰς
966 4035 1024 4087 ἓν
1054 4037 1310 4105 φρόνημα
1337 4036 1714 4107 συνελθούσης,
1743 4038 1842 4105 μία

270 4123 474 4184 πάντες
520 4124 775 4191 ἐγένοντο
827 4128 1030 4195 ποίμνη
1082 4127 1345 4199 Χριστοῦ,
1386 4131 1525 4197 ἀνήρ
1556 4146 1639 4191 τις
1672 4130 1843 4181 δεισι-

267 4213 499 4283 δαίμων,
526 4215 634 4268 τῶν
664 4216 759 4270 τοῦ
810 4218 1089 4289 συνεδρίου
1142 4214 1220 4285 εἷς
1256 4220 1591 4284 Ῥοιστίκιος
1646 4222 1839 4291 δνομα,

270 4305 546 4375 βασκήνας
584 4312 651 4378 τῇ
682 4326 739 4362 τε
773 4311 927 4364 πόλει
979 4314 1071 4365 καὶ
1114 4314 1247 4383 ἡμῖν
1295 4316 1409 4377 τοῖς
1469 4315 1838 4385 Χριστιανοῖς,

270 4399 367 4449 καὶ
408 4400 526 4467 ἀμα
553 4398 652 4469 τὴν
684 4402 744 4452 ἐν
798 4404 911 4465 τοῖς
968 4402 1171 4473 βωμοῖς
1208 4404 1379 4475 μέθην
1404 4404 1494 4457 καὶ
1520 4407 1619 4473 τὴν
1671 4404 1841 4474 ἀλλην

267 4489 558 4556 ἀσέλγειαν
612 4494 743 4561 περὶ
781 4491 1028 4556 πλείονος
1056 4496 1205 4561 ἀγων
1238 4496 1338 4565 τῆς
1390 4498 1541 4566 παρά
1572 4496 1840 4566 Χριστια-

1948 3289 2341 3357 premebantur
2365 3292 2809 3361 :egritudinibus,
2860 3297 2975 3350 sola
3024 3296 3235 3354 Christi
3294 3301 3520 3357 invoca-

1949 3380 2118 3445 tione,
2150 3393 2376 3451 repente
2406 3384 2728 3440 liberabata
2774 3386 3043 3454 daamune,
3072 3399 3129 3445 et
3180 3393 3249 3447 ab
3294 3396 3525 3465 aegritu-

1948 3473 2114 3536 dine;
2168 3484 2225 3529 et
2264 3476 2497 3531 ducebat
2531 3493 2747 3547 semper
2776 3480 3037 3550 amplecti
3092 3469 3524 3550 castitatem,‘et

1948 3566 2101 3634 pium
2137 3566 2234 3621 Dei
2287 3568 2516 3632 cultum,
2570 3570 3045 3642 humilitatemqne
3071 3586 3127 3628 et
3171 3576 3521 3644 charitatem,

1949 3658 2564 3730 mansuetudinemque,
2594 3668 2649 3713 et
2688 3660 2765 3713 nil
2794 3662 3113 3729 possidendi
3152 3666 3435 3733 virtutem,
3464 3680 3523 3723 et

1946 3758 2172 3804 casteras
2201 3750 2457 3805 similiter
2489 3752 2740 3815 virtutes,
2772 3753 3012 3824 seipsutn
3063 3771 3379 3827 proponens
3429 3776 3522 3815 ex-

1946 3840 2155 3908 emplar
2186 3840 2275 3901 iis.
2311 3842 2405 3911 qui
2435 3842 2799 3899 docebantur.

2017 3933 2185 3988 XXV.
2216 3933 2353 3989 Cum
2388 3946 2569 3991 autem
2597 3952 2706 3991 non
2750 3938 2904 3993 multi
2940 3938 3057 3995 dies
3100 3941 3519 4009 praeteriissent.

1942 4036 2003 4093 et
2052 4033 2165 4080 tota
2206 4026 2429 4079 civitate
2476 4026 2529 4079 in
2578 4043 2740 4081 unam
2780 4030 3143 4085 conveniente
3192 4034 3521 4088 sententiam

1945 4113 2127 4168 effecti
2163 4125 2291 4169 sunt
2320 4132 2512 4171 omnes
2548 4134 2691 4173 unus
2742 4134 2872 4188 grex
2910 4119 3132 4185 Christi,
3186 4123 3271 4176 vir
3298 4125 3519 4192 quidam

1945 4205 2167 4261 deditus
2200 4207 2349 4262 falsa:
2380 4210 2631 4278 religioni
2671 4211 3000 4278 daemonum,
3041 4229 3181 4268 unus
3207 4230 3273 4268 ex
3299 4226 3519 4282 senatu,

1946 4298 2170 4352 nomine
2198 4299 2501 4367 Rusticius,
2532 4302 2742 4355 civitati
2773 4303 3020 4359 invidens
3048 4313 3104 4359 et
3148 4307 3308 4361 nobis
3335 4307 3522 4364 Chris-

1947 4392 2145 4458 tiania;
2182 4403 2237 4448 et
2268 4396 2431 4449 simul
2466 4396 2816 4463 ebrietatem,
2860 4414 2969 4468 qua
3020 4401 3099 4454 uti
3149 4402 3398 4457 solebant
3450 4404 3519 4457 ad

1942 4500 2087 4549 aras,
2112 4496 2169 4542 et
2219 4489 2485 4558 reliquam
2536 4491 3011 4559 intemperantiam
3058 4493 3235 4563 pluris
3284 4495 3516 4558 faciens.

270 4584 383 4642 νοῖς
412 4582 739 4652 ἐγκρατείας
769 4585 866 4637 καὶ
895 4587 1278 4656 κοσμιότητος,
1310 4586 1385 4649 ὡς
1413 4583 1524 4657 εἷχε
1550 4587 1724 4657 θυμοῦ
1751 4588 1845 4640 καὶ
1883 4597 1923 4651 ι)
1948 4602 1952 4624 ⁴

1837 4605 1845 4639 ι
1883 4597 1923 4651 ο
1948 4592 2111 4644 quam
2162 4594 2305 4641 eam,
2362 4595 2484 4649 qua
2524 4591 2611 4635 est
2645 4581 2791 4652 apud
2825 4582 3191 4651 Christianos,
3234 4587 3519 4642 abstinen-

270 4670 465 4739 ὀργῆς,
516 4674 652 4741 πρὸς
705 4672 795 4725 τὸν
860 4672 1088 4741 βασιλέα
1118 4674 1179 4726 τὸ
1203 4675 1365 4745 τάχος
1385 4676 1733 4746 ἀναδραμὼν,
1782 4677 1844 4727 ὲν

272 4762 469 4832 βραχεῖ
518 4765 695 4817 πάντα
724 4764 1052 4835 διαγορεύει,
1109 4768 1416 4838 Ἡθέτηταε,
1474 4769 1842 4837 λέγων,πᾶσα

271 4854 458 4917 θυσία,
496 4855 883 4925 περιύϐρισται
905 4859 971 4910 τὰ
1000 4858 1173 4926 σεμνά
1203 4856 1311 4911 τῶν
1335 4860 1493 4924 θεῶν,
1539 4860 1845 4929 κατέστρα-

271 4948 406 5000 πται
433 4947 501 4998 τά
534 4948 763 5017 τεμένη,
783 4947 969 5017 βωμὸς
1020 4948 1165 5012 ἅπας
1198 4951 1307 5002 τῶν
1334 4950 1472 5003 θεῶν
1502 4952 1841 5022 καταϐέϐλη-
1889 5014 1896 5022 ι

271 5055 387 5104 ται,
420 5039 514 5090 καὶ
544 5040 731 5102 ἁπλῶς
784 5042 883 5111 τήν
914 5059 972 5093 τε
998 5042 1107 5093 τῶν
1161 5042 1298 5095 θεῶν
1347 5042 1689 5111 καθαίρεσιν,
1726 5041 1845 5095 εἶτα

274 5127 371 5178 καὶ
405 5127 504 5196 τὴν
529 5126 623 5180 τοῦ
647 5128 889 5196 ἐπάρχου
925 5129 1215 5198 μετάθεσιν
1265 5130 1578 5196 καταλέγει,
1635 5132 1728 5182 καὶ
1771 5130 1845 5193 ὡς

276 5216 647 5286 συνυπαχθεὶς
690 5223 717 5271 ὁ
760 5219 999 5289 ἔπαρχος
1034 5219 1371 5291 Ἑρμογένης
1419 5222 1603 5292 εὐνοίᾳ
1636 5222 1846 5291 παλαιᾷ

273 5310 373 5359 καὶ
416 5310 598 5379 κέρδει
629 5310 892 5380 πολιτικῷ
924 5312 1001 5381 τῷ
1062 5312 1219 5383 δεινῴ
1252 5314 1349 5383 τὴν
1382 5314 1627 5382 γλῶτταν
1661 5316 1842 5383 Μηνᾷ,

276 5400 467 5470 σχεδὸν
496 5402 681 5455 πᾶσαν
731 5402 829 5473 τὴν
874 5403 1072 5474 ἀρχὴν,
1125 5405 1261 5474 πρὸς
1302 5408 1392 5457 τὸν
1426 5407 1845 5475 ἐσταυρωμένον

274 5491 669 5545 συναποκλῐναι
725 5493 1063 5561 παρίπεισε*
1126 5495 1222 5567 καὶ
1266 5494 1366 5563 ἥδη
1455 5498 1845 5564 προσκυνεῖται

275 5583 380 5650 μὶν
420 5583 591 5646 ἀδεῶς
621 5583 901 5654 πανταχοῦ
937 5585 966 5637 ὸ
996 5585 1253 5655 Χριστός.
1316 5586 1547 5655 ’Λπῆλθε
1579 5587 1636 5639 δὲ
1670 5588 1846 5639 ὀπίσω

272 5673 443 5726 αὑτοῦ
507 5677 654 5728 πᾶσα
688 5676 1146 5747 η’Δλεξάνδρεια.
1179 5674 1364 5729 Ταῦτα
1397 5676 1591 5743 εἰπὼν,
1622 5678 1709 5729 ἵνα
1754 5680 1846 5730 καὶ

274 5765 442 5817 πλέον
510 5767 673 5822 αὑτὸν
734 5767 1012 5841 ὲξοργίσῃ,
1074 5770 1167 5822 καὶ
1220 5768 1358 5838 πρὸς
1416 5769 1514 5839 τὴν
1572 5772 1713 5822 κατά
1742 5772 1846 5823 τῶν

271 5863 615 5933 Χριστιανῶν
649 5862 919 5935 τιμωρίαν
972 5865 1205 5935 ἑκμήνῃ,
1252 5863 1606 5934 προστίθησιν
1636 5864 1731 5929 ὡς,
1786 5866 1844 5918 Εἰ

1949 4667 2079 4720 tiam
2118 4678 2174 4721 et
2216 4668 2682 4735 moderationem,
2735 4670 2809 4726 ita
2863 4680 2923 4725 ut
2961 4682 3079 4728 erat
3127 4674 3207 4728 ira
3253 4679 3517 4746 percitus,

1948 4777 2143 4829 magna
2174 4763 2456 4819 celeritate
2483 4780 2715 4819 currens
2755 4766 2823 4820 ad
2873 4766 3282 4835 imperatorem,
3328 4772 3521 4841 paucis

1947 4861 2135 4905 narrat
2164 4854 2385 4907 omnia:
2429 4854 2705 4910 Abolitum
2733 4866 2840 4919 est,
2878 4857 3090 4923 dicens,
3128 4873 3290 4915 omne
3346 4862 3520 4915 sacri-

1948 4942 2171 5010 licium;
2217 4945 2546 5000 contumelia
2598 4957 2684 5002 est
2733 4948 2926 5002 affecta
2989 4950 3217 5003 deorum
3268 4952 3518 5020 magnifi-

1946 5036 2147 5098 centia,
2206 5052 2393 5092 eversa
2450 5048 2579 5091 sunt
2626 5040 2867 5107 templa;
2925 5040 3107 5095 diruta
3158 5051 3289 5095 sunt
3332 5043 3514 5096 omnia

1947 5126 2179 5180 deorum
2210 5128 2420 5193 altaria,
2453 5138 2510 5183 et
2538 5129 2607 5183 ad
2638 5146 2932 5195 summam,
2964 5133 3133 5186 refert
3166 5133 3395 5201 deorum
3421 5134 3517 5188 de-

1948 5215 2229 5282 letionem,
2260 5228 2315 5271 et
2340 5218 2580 5288 praefecti
2608 5222 2994 5285 mutationem;
3027 5234 3080 5275 et
3109 5224 3256 5292 quod
3290 5225 3517 5292 prefec-

1951 5314 2039 5358 tus
2099 5306 2514 5377 Hermogenes,
2590 5320 2774 5365 vetere
2835 5312 3216 5367 benevolentia
3262 5324 3317 5367 et
3360 5315 3516 5367 lucro

1948 5401 2096 5454 civili
2126 5401 2387 5456 inductus
2437 5407 2502 5457 ab
2535 5406 2831 5474 eloquente
2888 5406 3066 5472 Mena,
3103 5408 3358 5461 universo
3401 5406 3514 5461 fere

1948 5496 2219 5562 persuasit
2262 5495 2519 5564 imperio,
2553 5506 2612 5549 ut
2638 5497 2939 5553 declinaret
2960 5501 3027 5553 ad
3055 5500 3391 5554 Crucillxum
3415 5516 3429 5564 ;
3457 5510 3514 5553 et

1944 5588 2055 5656 jam
2105 5588 2329 5657 quidem
2398 5590 2599 5659 ubique
2662 5606 2855 5645 secure
2910 5594 3173 5646 adoratur
3223 5594 3515 5647 Christus:

1948 5695 2074 5732 cum
2102 5689 2283 5734 autem
2317 5696 2505 5735 secuta
2538 5692 2622 5736 est
2667 5693 2775 5737 tota
2823 5685 3169 5740 Alexandria.
3220 5686 3345 5740 Πιεο
3393 5702 3517 5739 cum

1950 5773 2199 5837 dixisset,
2243 5782 2300 5826 ut
2332 5789 2457 5827 eum
2493 5775 2667 5843 magis
2700 5786 3024 5844 provocarat
3059 5778 3125 5831 ad
3155 5776 3517 5839 iracundiam,

1951 5878 2002 5920 et
2030 5867 2093 5920 ad
2124 5882 2315 5935 poenas
2369 5867 2435 5922 de
2463 5868 2780 5923 christimis
2827 5872 3121 5925 sumendas
3157 5870 3337 5925 acrius
3399 5872 3521 5922 ini-
