4260 6430
737 352 849 415 399

1965 348 2251 410 MENSIS
2286 348 2725 409 DECEMBER.

3907 337 4012 403 400

740 475 905 528 taret,
964 461 1192 534 adjicit:
1220 459 1333 515 Nisi
1364 460 1470 514 hoc
1499 458 1591 514 tibi
1633 474 1839 530 magnae
1869 458 2037 513 fuerit
2066 473 2231 523 curae,
2256 465 2311 510 et
2341 461 2385 517 Α

2341 461 2385 517 Α
2423 457 2496 528 μὴ
2542 456 2631 510 διὰ
2661 455 2862 525 πολλῆς
2894 454 3053 510 τοῦτο
3110 455 3262 526 θείης
3294 453 3576 526 φροντίδος
3606 469 3666 507 τε
3712 453 3808 507 καὶ
3849 453 4012 522 μελε·

739 574 768 612 a
819 567 872 610 te
920 553 1142 624 quidem
1196 560 1518 604 evertantur
1582 563 1670 603 res
1715 547 2199 612 Christianorum,
2257 548 2311 602 in

739 647 1034 719 pristinum
1094 655 1227 697 vero
1280 648 1484 694 statum
1539 639 1903 694 restituantur
1944 653 2031 693 res
2059 638 2314 703 deorum,

744 741 859 797 scio
918 739 1058 805 fore,
1101 743 1161 791 ut
1214 741 1368 788 tuum
1413 731 1636 803 quidem
1690 731 1980 802 imperium
2044 730 2315 788 citissime

740 841 1063 888 evertatur:
1120 824 1482 882 conﬁrmetur
1514 832 1696 878 autem
1747 837 1974 893 regnum
2030 824 2171 893 ejus,
2222 823 2318 893 qui

743 924 948 979 dicitur
977 919 1250 974 Christus.

810 1011 1000 1069 XXVI.
1045 1009 1159 1066 lloc
1213 1023 1338 1064 cum
1416 1005 1717 1062 audivisset
1779 1005 2149 1071 Maximinus,
2203 1005 2318 1061 fore

742 1107 990 1178 quidem,
1029 1112 1088 1158 ut
1121 1116 1280 1158 suum
1315 1106 1602 1172 corrueret
1629 1097 1944 1169 imperium,
1988 1098 2190 1154 Christi
2223 1113 2318 1152 au-

745 1209 855 1251 tem
900 1209 1128 1266 regnum
1163 1193 1518 1264 erigeretur:
1563 1189 1785 1245 laudato
1830 1189 2056 1260 quidem
2109 1199 2164 1246 et
2214 1189 2315 1244 ho-

744 1295 940 1343 norato
975 1285 1224 1341 Rnsticio
1273 1291 1496 1354 propter
1527 1280 1648 1351 ejus
1689 1280 1743 1334 in
1779 1279 1956 1352 ipsum
1991 1289 2044 1334 et
2095 1279 2149 1334 in
2181 1280 2316 1334 deos

747 1378 1212 1441 benevolentiam,
1258 1374 1522 1431 eﬂ‘eratus
1568 1374 1831 1428 adversus
1891 1371 2213 1442 praefectum
2267 1381 2324 1425 et

748 1476 1056 1530 unitersam
1086 1472 1381 1536 tivitatem,
1408 1478 1463 1524 et
1494 1469 1664 1539 magis
1692 1483 1855 1539 quam
1883 1467 2162 1537 expediret
2183 1467 2323 1522 iudi-

746 1575 961 1638 gnatus,
997 1564 1188 1619 statuit
1216 1562 1304 1616 ille
1331 1561 1448 1631 ipse
1479 1561 1742 1615 continuo
1773 1558 2050 1630 proficisci
2085 1561 2322 1614 Alexan-

748 1651 924 1711 driam
960 1669 1156 1724 magno
1188 1652 1371 1707 studio
1408 1660 1464 1706 et
1516 1658 1804 1721 apparatu,
1857 1665 1981 1706 cum
2031 1649 2322 1706 bellicoso-

749 1765 870 1805 rum
900 1748 1183 1803 hominum
1213 1745 1404 1801 deeem
1436 1744 1607 1798 millia
1641 1743 1708 1797 ad
1739 1742 2116 1814 bocjussisset
2140 1745 2319 1815 sequi,

2419 569 2540 622 της,
2597 551 2693 604 καὶ
2755 550 3050 620 ἀνατραπῇ
3107 549 3206 619 μὲν
3259 548 3355 602 ἐπὶ
3386 547 3481 622 σοῦ
3529 546 3596 600 τά
3639 546 4010 614 Χριστιανῡν,

2419 621 2626 714 ἀναστῇ
2657 643 2712 696 δὲ
2766 642 2835 695 τὰ
2858 641 2968 696 τῶν
3011 641 3172 708 θεῶν,
3206 637 3328 695 οῖδα
3357 621 3456 703 ὡς’
3479 637 4006 709 καταστραφήσεται

2422 734 2522 806 μὲν
2568 735 2601 805 ὴ
2639 733 2706 804 σὴ
2769 732 3020 804 βασιλεία
3067 733 3223 803 τάχει
3249 731 3452 803 πολλῷ,
3480 729 3930 802 βεϐαιωθήσεται
3959 728 4012 783 δὲ

2421 828 2453 898 ὴ
2486 818 2581 880 τοῦ
2613 827 2906 896 λεγομένου
2931 825 3190 896 Χριστοῦ.

2488 1008 2634 1076 KQ”.
2692 1005 2866 1061 Τυῦτο
2913 1005 3223 1076 Μαξιμῖνος
3302 1006 3570 1076 ἀκούσας,
3633 1005 3711 1072 ὡς
3762 1009 4013 1061 πεσεῖται

2423 1102 2518 1172 μὲν
2547 1104 2578 1172 ἡ
2607 1099 2796 1165 αὑτοῦ,
2861 1101 3229 1170 ἀναστήσεται
3266 1100 3323 1154 δὲ
3368 1102 3401 1171 ἡ
3454 1099 3694 1170 Χριστοῦ
3727 1098 4002 1170 βασιλεία,

2421 1195 2512 1248 τὸν
2546 1193 2644 1265 μὲν
2687 1191 3024 1247 Ῥουστίκιον
3077 1192 3178 1262 τῆς
3204 1210 3265 1246 τε
3319 1193 3400 1256 είς
3437 1193 3601 1246 αὑτὸν
3636 1193 3876 1257 εὐνοίας,
3910 1193 4004 1244 καὶ

2427 1287 2523 1359 τῆς
2572 1287 2652 1349 εἰς
2701 1286 2826 1348 τοὺς
2896 1285 3057 1349 θεοὺς
3116 1285 3523 1352 ἀποδεξάμενος
3579 1285 3674 1337 καλ⁸
3723 1285 3968 1352 τιμήσας
3998 1322 4012 1348 ,

2422 1377 2693 1446 ἀγριάνας
2716 1375 2772 1430 δὲ
2803 1376 3009 1448 σφόδρα
3038 1377 3180 1430 κατά
3217 1393 3276 1429 τε
3303 1375 3396 1428 τοῦ
3426 1376 3671 1446 ἐπάρχου
3704 1377 3798 1429 καὶ
3827 1376 4010 1445 πάσης

2424 1469 2524 1537 τῆς
2549 1468 2776 1535 πόλεως,
2804 1469 2897 1522 καὶ
2920 1467 3012 1521 τοῦ
3039 1467 3214 1538 θυμοῦ
3249 1467 3454 1537 μᾶλλον
3496 1475 3789 1537 γενῡμενος
3821 1467 3854 1536 ἢ
3919 1467 4011 1520 τοῦ

2425 1561 2820 1632 συμφέροντος,
2847 1560 3064 1630 ἔκρινεν
3094 1561 3257 1624 εὐθὺς
3279 1559 3445 1623 αὐτὸς
3481 1561 3688 1623 ἐκεῖνος
3716 1559 4014 1627 ἐπιστῆναι

2423 1659 2491 1724 τῇ
2544 1655 2895 1726 Ἀλεξάνδρου
2926 1697 2941 1722 ,
3002 1658 3332 1726 παρασκευῇ
3394 1653 3564 1726 πολλῇ
3622 1655 3714 1706 καὶ
3782 1653 4012 1723 σπουδῇ,

2423 1748 2553 1802 δέκα
2605 1747 2852 1818 γιλίαδας
2893 1729 3105 1819 ἀνδρῶν
3135 1747 3391 1817 μαχίμων
3421 1747 3501 1810 είς
3530 1747 3688 1800 τοῦτο
3741 1744 4014 1803 κελεύσας

750 1843 983 1898 dicens:
1025 1839 1121 1894 Vel
1188 1837 1303 1892 sola
1369 1837 1760 1906 imperatorum
1797 1836 2105 1889 reverentia
2136 1845 2322 1892 motus
2359 1811 2397 1867 Β
2427 1862 2432 1891 l

2359 1811 2397 1867 Β
2427 1839 2577 1910 αὐτῷ
2613 1840 2969 1903 συνέπεσθαι,
3035 1838 3205 1893 εἰπὼν
3232 1839 3314 1892 ὅτι
3362 1837 3682 1907 Αίδούμενοι
3715 1838 3900 1907 μόνον,
3939 1835 4014 1898 ὡς

749 1935 984 2008 pepuins
1014 1949 1108 1988 eos
1134 1931 1266 1987 deos
1304 1932 1511 1985 honore
1541 1928 1763 1995 aiiiciet,
1804 1944 1942 2000 quos
1977 1929 2053 1984 illi
2092 1941 2323 1986 censent

750 2028 1034 2090 colendos,
1071 2034 1126 2081 et
1153 2040 1211 2080 se
1241 2024 1307 2079 ab
1343 2023 1447 2077 alia
1482 2022 1747 2093 reprimet
1777 2022 2152 2093 improbitate.
2183 2024 2320 2084 Nam

751 2121 856 2176 nisi
889 2119 960 2174 ita
993 2128 1158 2182 esset,
1215 2124 1274 2171 ut
1323 2116 1439 2186 ipse
1485 2129 1668 2170 rerum
1717 2123 1891 2170 status
1920 2115 2130 2186 arguit,
2184 2117 2323 2173 citra

752 2213 922 2267 ullum
953 2211 1206 2265 ruborem
1240 2207 1376 2261 mala
1421 2206 1635 2273 ﬂerent,
1670 2213 1725 2261 et
1768 2221 1871 2261 nec
1902 2207 2150 2263 studeret
2196 2209 2322 2279 qui-

754 2305 878 2359 dem
911 2305 1078 2358 latere
1114 2303 1333 2371 aliquis.
1397 2299 1652 2355 Attamen
1685 2315 1809 2354 cum
1857 2299 2085 2355 deorum
2139 2301 2324 2370 provi-

755 2397 861 2451 den
891 2397 938 2450 ia
972 2395 1129 2449 i'uero
1157 2393 1523 2456 Alexandriae,
1551 2402 1607 2447 et
1658 2393 1760 2448 bos
1794 2391 1941 2463 ipsos
1971 2394 2224 2456 ulciscar,
2275 2405 2329 2449 et

755 2505 932 2544 meam
952 2488 1212 2560 corrigam
1258 2486 1672 2558 ignorationem,
1707 2487 1896 2556 procul
1932 2485 2229 2541 amandans
2244 2503 2332 2541 er-

757 2597 937 2636 rurem
962 2581 1013 2635 in
1042 2578 1399 2634 Cruciiixum.
1424 2579 1590 2646 Dixit,
1616 2593 1794 2648 neque
1817 2578 2048 2632 multum
2069 2578 2332 2648 temporis

756 2673 1009 2746 permisit
1044 2672 1407 2735 intercedere,
1461 2673 1556 2728 sed
1602 2673 1770 2728 rebus
1809 2673 2067 2729 omnibus
2094 2673 2330 2744 publicis

756 2765 1110 2837 posthabitis,
1149 2779 1340 2836 magna
1398 2763 1678 2820 celeritate
1719 2763 1871 2818 venit
1901 2764 2326 2821 Alexandriam:

758 2871 816 2915 et
849 2861 1028 2912 statim
1052 2857 1444 2928 ju‘betsauctos
1468 2855 1885 2927 comprehendi.
1916 2865 1972 2912 et
2005 2871 2186 2924 mane,
2217 2864 2330 2912 tota

760 2951 981 3007 vidente
1013 2951 1256 3016 civitate,
1289 2959 1345 3004 et
1379 2964 1540 3003 manu
1590 2948 1882 3004 assistente
1930 2949 2177 3014 militari,
2229 2963 2330 3003 sc-

761 3047 898 3100 dens
926 3061 1023 3115 pro
1054 3043 1334 3107 tribunali,
1363 3057 1458 3098 eos
1485 3041 1652 3112 jussit
1684 3041 1863 3097 nudos
1887 3041 2188 3097 introduci.

2428 1931 2592 1996 εοικε,
2627 1933 2751 1997 τοὺς
2789 1932 3026 2002 βασιλεῖς
3053 1933 3100 1985 οῖ
3133 1931 3340 1994 πολλοὶ,
3370 1933 3608 2000 τιμῶσιν
3639 1929 3732 1993 οὒς
3793 1929 4016 1983 δοκοῦσι

2431 2024 2612 2079 σέϐειν
2674 2024 2853 2089 θεοὺς,
2897 2027 2990 2079 καὶ
3018 2025 3116 2095 τῆς
3153 2025 3319 2094 ἄλλης
3360 2025 3591 2086 ἑαυτοὺς
3626 2023 3831 2087 κακίας
3880 2024 4016 2075 ἀνα-

2430 2117 2787 2190 χαιτίξουσιν.
2823 2118 2994 2181 Ἐπεὶ,
3026 2119 3071 2171 εί
3105 2119 3180 2188 μὴ
3216 2117 3372 2171 τοῦτο
3401 2112 3489 2188 ἦν,
3517 2117 3592 2180 ὼς
3622 2119 3655 2188 ἡ
3686 2116 3794 2170 τῶν
3825 2133 4012 2187 πραγ-

2435 2212 2620 2281 μάτων
2668 2210 2876 2279 ἐλέγχει
2914 2209 3276 2279 παράστασις,
3341 2208 3876 2280 ἁπηρυθριασμένως
3935 2209 4004 2260 ἂν

2423 2303 2723 2372 ἐπράττετο
2754 2302 2820 2354 τὰ
2855 2301 3022 2366 κακὰ,
3081 2303 3176 2356 καὶ
3224 2301 3335 2356 οὐδ’
3391 2302 3456 2356 ἂν
3514 2300 3742 2354 ἔσπευδε
3806 2319 3891 2363 τις
3918 2299 4014 2353 τοῦ

2426 2391 2630 2447 λαθεῖν.
2694 2391 2900 2463 Ὀμως
2957 2391 3181 2465 προνοίᾳ
3243 2394 3351 2446 τῶν
3403 2393 3540 2447 θεῶν
3569 2392 3679 2462 ἐγὼ
3731 2394 3876 2447 κατὰ
3927 2394 4018 2462 τὴν

2440 2483 2789 2556 Ἀλεξάνδρου
2840 2485 3129 2555 γενόμενος
3167 2485 3345 2540 αὐτῶν
3388 2502 3448 2539 τε
3503 2487 3746 2558 τιμωρὸς
3794 2488 4014 2558 ἔσομαι,

2430 2580 2523 2632 καὶ
2581 2580 2680 2643 τὴν
2726 2577 2968 2650 εμαυτοῦ
3038 2577 3498 2650 ἑπανορθὼσομαι
3570 2579 3844 2646 ἄγνοιαν,
3909 2579 4014 2648 τὴν

2435 2670 2562 2740 περὶ
2583 2670 2672 2724 τὸν
2702 2670 3119 2741 ἐσταυρωμένον
3146 2671 3374 2743 πλάνην,
3425 2671 3670 2725 ἐκποδὼν
3707 2671 4016 2742 ποιησάμε-

2438 2777 2547 2824 νος.
2587 2757 2745 2824 Eius,
2798 2763 2894 2815 καὶ
2930 2761 2990 2814 οὐ
3023 2761 3158 2815 πολὺ
3208 2763 3268 2814 τὸ
3307 2764 3365 2815 ὲν
3425 2763 3576 2834 μέσῳ
3615 2763 3831 2834 παρῆκε
3864 2761 4018 2830 γενέ-

2439 2864 2585 2924 σθαι,
2621 2859 2757 2913 ἀλλὰ
2783 2859 2851 2913 τὰ
2910 2860 3165 2939 πολιτικὰ
3223 2863 3401 2917 πάντα
3447 2862 3709 2932 δευτέρας
3775 2860 4018 2925 ἀξιώσας

2439 2951 2742 3021 φροντίδος.
2793 2951 2948 3022 τάχει
2987 2952 3167 3024 πολλῷ
3197 2953 3293 3022 τὴν
3340 2953 3694 3022 Ἀλεξάνδρου
3729 2953 4016 3020 καταλαμ-

2443 3044 2616 3098 ϐάνει.
2640 3044 2749 3098 Καὶ
2771 3044 2971 3098 αὐτίκα
3001 3045 3374 3116 συλληφθῆναι
3410 3044 3621 3098 κελεύει
3653 3046 3778 3108 τοῖς
3806 3045 4018 3111 ἁγίους,

759 3140 855 3191 καὶ
884 3138 998 3206 ἅμα
1045 3137 1214 3208 πρωῒ,
1265 3138 1365 3207 τῆς
1394 3154 1452 3189 τε
1479 3135 1686 3200 πόλεως
1752 3136 1970 3206 ἀπάσης
2016 3133 2253 3207 ὁρώσης,
2318 3135 2417 3191 καὶ
2452 3141 2552 3209 τῆς
2607 3139 3005 3210 στρατιωτικῆς
3069 3138 3485 3210 παρισταμένης
3539 3137 3741 3208 χειρὸς,
3788 3135 4016 3190 καθίσας

763 3234 853 3284 ἐπῖ
881 3231 972 3282 τοῦ
1004 3230 1265 3300 βήματος,

1322 3228 1561 3298 γυμνοὺς
1611 3227 1811 3292 αὐτοὺς
1869 3227 2167 3282 ἐπέταττεν
2215 3231 2560 3300 εἰσαχθῆναι.

832 3296 1371 3392 ΧΧνῐῖίῖτοειηυοιιι
1402 3296 1587 3375 autem
1623 3335 1719 3376 eos
1745 3321 1920 3376 solum
1966 3320 2103 3376 vidit
2154 3296 2400 3388 intro-i1
2434 3296 2444 3298 ἡ
2507 3326 2514 3376 l

2507 3325 2632 3378 KZ'.
2703 3323 2813 3378 Καὶ
2845 3325 2919 3387 ὡς
2981 3323 3142 3395 μόνον
3197 3317 3338 3378 εἶδεν
3394 3296 3808 3392 εἰσαγομένους,
3871 3323 4013 3392 μέγα

764 3416 979 3480 (ιυειιιε,
1013 3429 1205 3483 magna
1237 3427 1370 3468 voce
1403 3414 1717 3468 exclamans
1744 3431 1755 3466 :
1783 3412 1826 3467 Ο
1852 3412 1951 3476 dii,
1973 3414 2173 3483 inquit,
2205 3412 2335 3482 quid

766 3507 872 3560 hoc
908 3504 1151 3558 futurum
1187 3513 1292 3566 est,
1327 3503 1472 3572 quod
1503 3503 1628 3567 iste,
1684 3503 1842 3574 cujus
1888 3511 2092 3558 tantam
2145 3518 2337 3556 curam

765 3597 930 3666 gessi,
964 3605 1018 3649 et
1052 3595 1102 3650 ei
1136 3594 1339 3664 primos
1377 3593 1746 3663 magistratus,
1794 3609 1929 3663 quos
1958 3593 2092 3648 nulli
2127 3593 2217 3647 alii
2267 3609 2338 3647 ex

767 3689 855 3753 iis,
891 3687 982 3758 qui
1011 3687 1164 3741 nobis
1195 3694 1409 3755 parcnt,
1443 3684 1719 3751 mandavi,
1763 3701 1860 3740 sua
1906 3693 2101 3755 sponte
2153 3685 2337 3739 omnia

735 3778 1098 3849 ,deSpcxerit,
1144 3786 1198 3831 et
1226 3776 1292 3830 ad
1330 3787 1434 3831 tam
1471 3774 1758 3830 obscuram
1788 3783 1846 3830 et
1873 3775 2138 3847 abjectam
2169 3774 2339 3829 fortu-

767 3886 891 3925 nam
946 3869 1325 3938 transiugerit,
1386 3876 1442 3922 et
1488 3882 1700 3921 comam
1755 3866 1920 3921 etiam
1969 3866 2168 3936 capitis
2230 3863 2335 3920 sibi

766 3959 1073 4023 ademerit,
1136 3966 1190 4012 et
1245 3957 1417 4012 nibilo
1475 3957 1671 4011 melius
1722 3955 1795 4010 sit
1853 3955 2102 4021 allectus,
2173 3971 2336 4027 quam

767 4051 919 4106 mimi
950 4059 1002 4103 et
1035 4064 1260 4113 scurras,
1287 4047 1382 4116 qui
1412 4048 1466 4101 in
1495 4062 1656 4101 scena
1690 4046 1860 4101 risum
1910 4047 2157 4103 movent?
2205 4048 2338 4103 Pro-

767 4143 893 4210 pius
923 4157 1053 4195 vero
1099 4139 1364 4195 accedens
1407 4138 1472 4194 ad
1522 4139 1963 4210 Hermogenem:
2027 4141 2124 4196 Dic
2177 4141 2336 4207 mihi,

767 4232 966 4301 inquit,
997 4247 1028 4285 ο
1078 4229 1285 4294 infelix,
1322 4237 1557 4300 quanam
1605 4231 1673 4285 de
1707 4245 1869 4284 causa
1925 4230 2021 4286 tibi
2081 4231 2334 4287 commisi

771 4327 938 4377 totius
981 4333 1140 4376 terra
1190 4332 1245 4376 et
1298 4319 1464 4375 maris
1523 4321 1838 4391 imperium,
1871 4332 1926 4377 et
1982 4322 2227 4389 decrevi,
2279 4331 2339 4378 ut

767 4415 973 4482 absque
1009 4426 1324 4468 successore
1361 4426 1579 4481 gereres
1639 4411 2059 4482 magistratum:
2118 4429 2227 4467 non
2281 4421 2339 4467 ut

770 4506 879 4558 diis
910 4504 1130 4575 quidem
1160 4503 1404 4558 futurum
1429 4503 1776 4567 benevolum.
1802 4513 1856 4560 et
1883 4504 2034 4559 nullo
2061 4505 2222 4560 modo
2245 4520 2338 4559 eos

769 4596 1188 4664 abnegaturum,
1214 4603 1269 4648 et
1294 4593 1615 4648 benevolum
1645 4611 1861 4666 quoque
1885 4595 2044 4651 nobis
2068 4597 2335 4661 futurum,

769 4697 823 4741 et
855 4688 1000 4741 hunc
1035 4687 1257 4742 doctum
1292 4695 1346 4739 et
1373 4686 1676 4755 sapientem
1700 4687 1899 4753 virum,
1947 4686 2041 4756 qui
2076 4701 2340 4756 prospero

769 4776 1007 4830 fortuna;
1039 4775 1220 4829 amatu
1254 4783 1454 4844 prater
1480 4789 1694 4843 equum
1732 4775 1973 4839 inﬂatus,
2008 4784 2063 4828 et
2102 4775 2228 4829 hinc
2264 4775 2341 4828 la-

769 4883 901 4937 psus
929 4875 1013 4921 est
1046 4867 1100 4920 in
1126 4880 1393 4936 errorem,
1424 4875 1541 4920 arte
1569 4875 1625 4920 et
1659 4869 2002 4936 experientia
2031 4878 2085 4922 et
2132 4870 2334 4924 verbo-

771 4977 891 5014 rum
920 4961 1278 5029 persuasione
1301 4958 1367 5013 ad
1393 4958 1627 5029 patriam
1659 4959 1954 5015 reduceres
1989 4961 2346 5032 religionem?

771 5051 1041 5115 Quidnam
1076 5065 1206 5120 ergo
1240 5059 1291 5105 te
1352 5052 1546 5116 movit,
1604 5062 1699 5104 aut
1757 5051 2015 5122 quidnam
2063 5054 2341 5123 spectasti,

773 5151 830 5195 ut
861 5142 1071 5197 sineres
1103 5157 1229 5196 eum
1267 5141 1474 5197 diutius
1503 5146 1709 5197 versari
1746 5142 1800 5196 in
1843 5145 2107 5210 vanitate,
2145 5155 2200 5199 et
2232 5161 2343 5202 non

772 5233 951 5286 solum
1014 5248 1139 5287 eum
1205 5234 1272 5288 ab
1326 5248 1510 5287 errore
1559 5233 1893 5300 reduceres,
1941 5235 2038 5290 sed
2094 5237 2340 5307 ejusdem

768 5323 924 5376 mala:
970 5324 1246 5392 opinionis
1284 5325 1332 5379 ei
1388 5323 1545 5378 lieres
1580 5326 1781 5392 socius,
1835 5336 1890 5381 et
1933 5327 2030 5381 tibi
2071 5338 2336 5398 praeterea

772 5427 960 5487 caput,
997 5432 1028 5470 ο
1066 5416 1284 5480 stolide,
1315 5416 1594 5481 tonderes,
1621 5425 1676 5471 et
1701 5420 2035 5486 reputareris
2055 5435 2173 5473 esse
2202 5435 2343 5473 unus

768 5507 932 5562 exiis
970 5507 1062 5576 qui
1096 5507 1306 5562 suntin
1369 5507 1603 5574 theatro,
1662 5509 2067 5565 histrionibus?
2111 5511 2246 5565 Cum
2271 5527 2336 5567 eo

770 5602 865 5656 irae
895 5612 948 5656 et
975 5601 1323 5657 accerbitatis
1353 5603 1707 5672 processisset
1763 5604 2081 5673 imperator,
2117 5604 2340 5659 iracun-

771 5695 945 5762 deque
996 5703 1052 5748 et
1116 5693 1317 5750 furiose
1377 5710 1474 5750 eos
1540 5704 1685 5751 esset
1761 5697 2033 5762 intuitus,
2105 5697 2339 5769 benigne

771 5785 914 5840 lteus
948 5786 1156 5854 aspexit
1180 5795 1443 5855 martyres
1473 5806 1484 5844 :
1516 5797 1568 5844 et
1589 5797 1810 5857 repente
1839 5791 1918 5844 eis
1944 5803 2209 5858 apparent
2247 5808 2342 5845 an-

2443 3415 2798 3486 ἀνακραγὼν,
2827 3411 2983 3488 Ἆρ’,
3016 3411 3059 3470 ὦ
3090 3417 3224 3485 θεοὶ,
3276 3417 3401 3487 εφη,
3430 3419 3482 3470 τί
3519 3417 3702 3488 μέλλει
3751 3417 3908 3470 τοῦτο
3939 3414 4016 3469 εἷ-

2441 3523 2548 3570 ναι,
2580 3508 2640 3559 τὸ
2676 3506 2808 3577 παρ’
2837 3506 2968 3577 ιμοῦ
3027 3508 3123 3578 μὲν
3152 3507 3242 3560 τὸν
3289 3506 3585 3560 ἀπατεῶνα
3609 3506 3824 3569 τοῦτον,
3872 3525 4012 3576 προ-

2443 3597 2590 3658 νοίας
2621 3596 2891 3666 τοσαύτης
2945 3595 3266 3665 ἀξιωθῆναι,
3298 3599 3396 3650 καὶ
3427 3597 3527 3658 τὰς
3583 3596 3805 3664 πρώτας
3837 3597 4015 3666 ἀρχάς

2437 3683 2512 3748 ὡς
2543 3685 2639 3738 οὐκ
2672 3686 2819 3757 ἄλλῳ
2845 3686 2954 3739 τινὶ
3014 3686 3126 3740 τῶν
3175 3687 3267 3757 ὑφ’
3294 3688 3441 3759 ἡμᾶς
3498 3686 3893 3759 πιστευθῆναιο
3922 3689 4019 3740 αύ-

2441 3774 2706 3845 θαιρέτως
2733 3777 2791 3829 δὲ
2821 3778 3039 3832 πάντων
3059 3778 3333 3850 ὑπεριδεῖν
3366 3779 3461 3834 παλ⁸
3485 3780 3854 3850 αὐτομολῆσαι
3884 3781 4019 3850 πρὸς

2439 3866 2697 3937 τοιαύτην
2720 3868 2890 3939 τύχης
2922 3872 3211 3940 ἀφάνειαν,
3265 3872 3360 3925 καὶ
3402 3872 3540 3943 πρὸς
3571 3873 3653 3926 (tt
3707 3874 3809 3943 τῆς
3847 3891 4017 3943 κεφα-

2439 3957 2536 4029 λῆς
2594 3959 2720 4029 τὴν.
2759 3963 2938 4031 κόμην
3003 3962 3298 4034 περιελεῖν,
3359 3963 3453 4016 καὶ
3514 3963 3620 4018 τῶν
3654 3965 3712 4016 ἰν
3743 3967 3808 4034 τῇ
3840 3967 4012 4035 σκηνῇ

2438 4053 2820 4119 γελωτοποιῶν
2853 4054 3161 4108 διακεῖσθαι
3223 4056 3386 4126 μηδὲν
3411 4057 3656 4126 ἄμεινον.
3684 4058 3793 4110 Καὶ
3843 4072 4011 4126 προσ·

2442 4142 2586 4212 σχὼν
2616 4144 2694 4197 ἔτι
2727 4145 2804 4215 τῷ
2840 4146 3106 4215 ἡγεμόνι·
3139 4147 3279 4215 Λέγε
3318 4164 3409 4216 μοι
3468 4147 3555 4212 σὺ,
3595 4148 3847 4218 δύστηνε,
3886 4150 4014 4217 ἔφη,

2439 4235 2581 4297 τίνος
2638 4236 2795 4306 χάριν
2849 4238 3030 4307 πάσης
3065 4253 3144 4290 σοι
3169 4242 3272 4307 γῆς
3304 4239 3395 4292 καὶ
3437 4238 3715 4306 θαλάσσης
3743 4239 3842 4308 τὴν
3865 4240 4016 4305 ἐξα-,η

2442 4326 2562 4376 σίαν
2593 4324 2888 4394 ἐπέτρεψα,
2934 4334 3028 4378 καὶ
3089 4327 3186 4397 τὴν
3217 4330 3391 4400 ἀρχὴν
3437 4329 3715 4398 ἀδιάδοχον
3747 4329 4014 4383 ιθέσπιτα

2441 4414 2584 4485 ἔχειν
2609 4429 2623 4444 '
2677 4417 2774 4486 οὐχ
2821 4417 2896 4480 ὡς
2930 4416 3116 4470 εὔνουν
3167 4418 3267 4486 μὲν
3294 4423 3405 4484 τοῖς
3437 4419 3603 4486 θεοῖς,
3635 4419 3732 4473 καὶ
3763 4419 3888 4492 μηδ’
3915 4421 4010 4486 ἄν,

2441 4508 2494 4560 εῐ
2539 4525 2590 4561 τι
2624 4508 2716 4561 καὶ
2744 4508 2980 4574 γένοιτο,
3023 4508 3249 4582 ἔξαρνον
3289 4497 3474 4565 αύτῶν
3509 4514 3569 4564 τὸ
3601 4513 3871 4582 παράπαν
3897 4513 4013 4565 tod-

2445 4615 2644 4669 μενονς
2690 4598 2875 4652 εὔνουν
2906 4601 2962 4654 δὲ
2993 4603 3084 4654 καὶ
3118 4605 3290 4672 ήμῖνς
3326 4607 3424 4658 καὶ
3466 4605 3542 4666 ὡς
3590 4604 3656 4657 ἂν
3690 4606 3783 4656 τὸν
3829 4605 4011 4674 λόγιον

2447 4692 2656 4744 τουτονὶ
2685 4693 2778 4745 καὶ
2843 4693 3004 4760 σοφὸν
3035 4693 3226 4761 ἄνδρα,
3248 4693 3422 4764 τύχης
3462 4693 3735 4764 πνεύματι
3771 4695 3922 4762 παρὰ
3957 4696 4014 4748 τὸ

2443 4783 2586 4846 εἰκὸς
2614 4784 2943 4855 φυσηθέντα.
2990 4786 3300 4841 Κάντεῦθεν
3334 4789 3413 4849 είς
3464 4788 3676 4858 πλάνην
3712 4787 4015 4858 ὠλισθηκὸο

2443 4891 2531 4939 τα,
2579 4876 2766 4946 τέχνῃ,
2827 4879 2922 4929 καὶ⁵
2974 4878 3162 4948 πείρᾳ,
3204 4879 3298 4931 καὶ
3346 4881 3414 4950 τῇ
3448 4879 3625 4932 πειθοῖ
3657 4879 3768 4932 τῶν
3817 4880 4010 4946 λόγων,

2443 4965 2580 5033 πρὸς
2617 4967 2717 5035 τὴν
2747 4967 2977 5035 πάτριον
3022 4966 3321 5038 θρησκείαν
3365 4968 3761 5038 ἑπαναγάγῃςς
3802 4969 3867 5021 Τί
3915 4968 4010 5022 οὖν

2445 5053 2655 5120 παθὼν,
2679 5054 2709 5125 ἢ
2735 5054 3092 5126 θεασάμενος,
3121 5057 3434 5127 ὲγχρονίσαι
3457 5057 3557 5129 μὲν
3583 5060 3748 5112 αὑτὸν
3773 5059 4010 5122 συνεῖδες

2444 5148 2509 5216 τῇ
2569 5146 2914 5215 ματαιότητι,
2980 5149 3073 5200 καὶ
3125 5149 3200 5218 μὴ
3264 5147 3424 5217 μόνον
3465 5149 3882 5218 ἀνακτήσασθαι
3910 5149 4011 5213 τῆς

2442 5239 2681 5308 ἀπάτης,
2705 5238 2841 5293 ἀλλὰ
2859 5241 2950 5293 καὶ
2980 5239 3140 5303 αὐτὸς
3174 5239 3296 5310 ἴσης
3317 5242 3648 5312 κοινωνῆσαι
3689 5240 4008 5306 κακώοξῖας

2444 5331 2537 5384 καὶ
2567 5332 2699 5402 πρὸς
2735 5331 2812 5385 ἔτι
2841 5333 2938 5401 τὴν
2973 5331 3236 5404 κεφαέιὴν,
3287 5334 3477 5404 άνέητε
3499 5371 3515 5395 ,
3570 5332 4008 5403 τερικείρασθαι,

2444 5422 2543 5475 καὶ
2568 5423 2674 5475 τῶν
2695 5426 2752 5476 ὲν
2778 5422 3026 5494 θεάτροις
3049 5417 3126 5485 εἷς
3152 5419 3288 5475 εἶναι
3317 5423 3626 5491 λογισθῆναι
3658 5423 3966 5492 ὑποκριτῶν
3992 5438 4005 5452 ·

2446 5516 2525 5576 είς
2558 5514 2714 5568 τοῦτο
2757 5514 2930 5585 θυμοῦ
2979 5517 3073 5569 καὶ
3134 5501 3437 5585 βαρύτητος
3502 5513 3874 5584 ἐξενεχθέντος
3913 5514 4008 5568 τοῦ

2454 5605 2738 5676 βασιλέως,
2762 5609 2856 5660 καὶ
2877 5608 3096 5676 ὀργίλον
3140 5625 3191 5659 τι
3227 5611 3316 5658 καὶ
3373 5607 3595 5676 μανικὸν
3654 5605 4010 5674 περ.6λέψαν-

2451 5716 2542 5761 τος
2577 5739 2592 5763 ,
2641 5698 2868 5765 εὐμενὲς
2916 5703 3028 5762 τοῖς
3086 5701 3354 5770 μάρτασιν
3406 5700 3433 5751 ὁ
3474 5698 3604 5760 Θεὸς
3646 5697 3864 5763 ἐπεῖδε,
3920 5700 4011 5752 καὶ

2453 5793 2706 5858 Ἀγγελοι
2736 5791 2917 5853 αὐτοῖς
2939 5793 3315 5857 ἐπιφαίνονται
3354 5790 3717 5859 παραχρῆμα,
3774 5790 4008 5855 θάρσους
