4260 6430
239 417 345 480 ιθι

1148 418 1618 478 MARTYRIUM
1662 418 1723 477 S.
1770 418 2001 477 MEN.’E
2045 418 2137 477 ET
2180 418 2590 505 SOCIORUQI.

3410 414 3516 479 ωε

236 550 301 587 τε
333 534 430 587 καὶ
470 534 758 603 δυνάμεως
810 535 1198 605 ἐμπιπλῶντες
1228 537 1322 589 καὶ
1354 537 1491 606 πρὸς
1520 538 1648 599 τοὺς
1684 536 1829 605 ἀγῶο
1865 547 1904 600 Α

1865 547 1904 600 Α
1941 538 2071 606 geli,
2111 552 2208 592 eos
2243 537 2472 592 audacia
2500 537 2779 607 replentes
2802 544 2857 591 et
2888 537 3121 603 viribus,
3152 547 3209 592 et
3253 547 3519 606 ungentcs

236 642 339 688 νας
372 626 703 691 ἀλείφοντεςο
733 628 807 697 μὴ
838 626 1141 697 φοϐηθῆναι
1168 646 1227 681 τε
1256 629 1695 699 ὑπαγορεύοντες
1731 631 1831 701 τὴν

238 718 340 771 τοῦ
372 719 643 789 βασιλέως
700 720 895 791 ὀργὴν,
934 718 1011 783 ὡς
1049 720 1148 791 τῆς
1175 722 1332 791 νίκης
1362 723 1482 793 μετ’
1507 723 1686 775 αὐτῶν
1712 725 1831 777 ἐσο-
1862 788 1865 789 ν

247 811 447 881 μένης.

315 903 454 957 κιιο.
487 904 599 957 Καὶ
643 904 671 957 ὁ
736 904 1073 975 Ἑρμογένης
1118 906 1281 968 εὐθὺς
1325 907 1661 976 ἀπεκρίνατο
1701 924 1713 939 ⁸
1770 909 1830 962 ΕΞ

243 995 414 1065 ἀνέχῃ
454 1013 558 1065 μου
588 996 836 1065 εὐμενῶς
869 995 1125 1060 ἀκοῦσαι,
1190 998 1474 1064 σοφώτατε
1533 997 1824 1067 βασιλέων,

241 1086 367 1137 ὅτου
426 1086 589 1155 χάριν
619 1087 715 1139 καὶ
744 1087 795 1139 τί
822 1086 1181 1157 θεασάμενος,
1216 1088 1313 1149 τάς
1348 1104 1407 1139 τε
1428 1086 1655 1157 πρώτας
1678 1088 1831 1157 παρά

242 1182 328 1231 σοὶ
361 1178 729 1248 νομιζομένας
778 1178 1123 1249 εὐδαιμονίας
1167 1180 1375 1249 χαίρων
1402 1178 1825 1251 ἀπερριψάμην,

247 1272 341 1322 καὶ
400 1271 695 1341 προθύμως
743 1273 824 1333 εἰς
850 1273 1005 1325 τοῦτ)
1065 1271 1236 1343 τύχης
1292 1272 1565 1341 κατῆλθον
1618 1273 1691 1334 ὡς
1731 1272 1825 1326 καὶ

248 1363 434 1429 μωρδς
495 1362 704 1415 ἐθέλειν
753 1363 972 1431 δοκεῖν,
1039 1366 1135 1417 καὶ
1183 1366 1394 1434 πένης,
1448 1365 1540 1418 καὶ
1598 1367 1828 1431 γελοῖος,

246 1455 345 1506 καὶ
404 1455 623 1523 ἄτιμος,
680 1457 777 1508 καὶ
837 1455 1079 1526 Χριστοῦ
1150 1456 1410 1523 λέγεσθαι
1481 1458 1686 1524 μᾶλλον
1738 1459 1832 1509 καὶ

243 1545 425 1613 ἡδέως
485 1547 575 1598 διὰ
644 1546 806 1600 τοῦτο
868 1551 961 1601 καὶ
1023 1549 1235 1618 πλάνην
1299 1547 1656 1616 ἐγκαλεῖσθαι
1737 1551 1831 1602 καὶ

243 1638 492 1701 ἄγνοιαν,
528 1638 619 1690 καὶ
652 1638 870 1708 ἕτοιμος
913 1636 1056 1692 εἶναι
1106 1640 1200 1692 καὶ
1254 1639 1463 1705 ξίφους,
1517 1641 1609 1693 καὶ
1662 1640 1831 1709 πυρὸς

246 1730 342 1779 καὶ
374 1728 581 1797 Θηρίων
625 1734 993 1798 καταφρονεῖν
1020 1731 1108 1783 διὰ
1152 1731 1245 1784 τὸν
1294 1731 1558 1801 Χριστὸν,
1618 1733 1713 1785 καὶ
1755 1732 1831 1785 δι-

242 1817 355 1885 ψᾷν
388 1817 591 1884 μᾶλλον
615 1817 705 1869 τὸν
734 1818 877 1888 ὑπὲρ
905 1818 1116 1871 ἐκείνου
1152 1819 1407 1885 θάνατον,
1461 1820 1494 1889 ἢ
1528 1822 1627 1890 τὴν
1659 1821 1827 1884 ζωήν·

1936 630 2002 684 ad
2041 633 2344 686 certamina
2374 648 2387 698 ;
2416 631 2705 703 jubentes,
2736 648 2804 687 ne
2854 632 3111 688 timerent
3160 631 3301 686 iram
3342 632 3511 699 impeo

1938 722 2155 785 ratoris,
2205 731 2390 791 utpote
2450 720 2597 792 quod
2631 722 2864 779 victoria
2896 723 2968 779 sit
3010 738 3139 778 cum
3180 723 3261 776 eis
3307 720 3514 775 futura.

2006 898 2240 952 XXVIII.
2287 898 2656 970 Ilermogenes
2718 911 2901 955 autem
2939 899 3129 956 statim
3186 896 3513 966 reSpondit:

1934 992 1990 1048 Si
2036 991 2311 1045 sustineas
2356 1006 2439 1043 me
2488 994 2761 1060 patienter
2806 992 3021 1052 audire,
3076 991 3375 1059 imperator
3422 1000 3514 1040 sa-

1934 1084 2319 1153 pientissime,,
2352 1099 2585 1153 quanam
2621 1084 2688 1139 de
2734 1100 2902 1141 causa
2952 1090 3008 1138 et
3054 1082 3187 1151 quid
3234 1087 3514 1150 spectans.

1932 1178 2137 1247 primas
2171 1192 2295 1245 quae
2322 1176 2467 1244 apud
2510 1185 2562 1230 te
2622 1186 2948 1244 reputantur
2993 1172 3289 1229 felicitates
3333 1172 3515 1225 libens

1933 1269 2255 1338 abjeccrim,
2285 1277 2655 1337 promptoque
2684 1274 2740 1322 et
2785 1267 2955 1321 alacri
3012 1265 3198 1319 animo
3252 1262 3318 1317 ad
3370 1263 3513 1319 ham:

1936 1360 2219 1413 fortunam
2254 1358 2661 1423 descenderim,
2697 1368 2756 1412 ut
2790 1359 2952 1412 velim
2990 1356 3164 1410 videri
3202 1355 3429 1417 stultus,
3460 1361 3517 1406 et

1941 1460 2230 1520 pauperet
2274 1450 2568 1513 ridiculus,
2628 1461 2684 1504 et
2739 1450 3027 1519 inglorius,
3083 1456 3138 1502 et
3176 1447 3283 1500 dici
3337 1444 3519 1513 potius

1933 1543 2161 1608 Christi,
2196 1552 2254 1596 et
2292 1540 2418 1595 ideo
2451 1540 2707 1595 lubenter
2736 1538 2987 1593 accusari
3016 1535 3225 1591 erroris
3268 1543 3329 1588 et
3364 1531 3518 1602 igno-

1937 1635 2187 1695 rationis,
2230 1641 2287 1687 et
2328 1641 2548 1702 paratus
2596 1647 2717 1687 esse
2766 1639 2821 1685 et
2858 1644 3078 1692 ensem,
3127 1640 3184 1681 ct
3226 1628 3430 1697 ignem,
3460 1635 3520 1678 et

1936 1726 2142 1779 bestias
2197 1736 2425 1793 propter
2477 1722 2760 1777 Christum
2818 1719 3125 1791 despicere,
3177 1726 3234 1772 et
3275 1732 3372 1786 pro
3421 1716 3516 1769 illo

1937 1818 2117 1884 potius
2157 1826 2393 1871 mortem
2418 1816 2573 1870 sitire
2600 1830 2763 1885 quam
2796 1814 2986 1877 vitam,
3019 1821 3135 1867 toto
3186 1825 3310 1865 meo
3364 1808 3518 1862 testi-

241 1910 341 1962 τοῦ
394 1910 675 1982 συνεδρίου
730 1929 819 1981 μοι
863 1912 1276 1983 μαρτυροῦντος
1327 1913 1551 1977 παντὸς,
1606 1915 1677 1967 τὰ
1734 1913 1835 1982 μά-
1868 1905 1908 1961 Β

1868 1905 1908 1961 Β
1947 1914 2192 1969 monium
2224 1912 2435 1967 ferente
2472 1908 2728 1973 concilio,
2764 1907 2996 1961 maxime
3021 1920 3150 1959 vero
3187 1904 3363 1972 reipsa
3388 1899 3518 1955 sub-

243 2005 402 2055 λιστα
446 2004 501 2057 δὲ
565 2005 656 2056 καὶ
706 2003 802 2057 τοῦ
846 2006 1172 2073 πράγματος
1214 2007 1505 2074 ίσταμένου
1544 2007 1662 2057 κατ’
1708 2005 1832 2075 ὄψιν

246 2096 419 2149 πολλὰ
449 2097 547 2165 τῆς
581 2095 844 2167 ἀληθείας
897 2097 1215 2166 φροντίσας,
1271 2101 1363 2151 καὶ
1403 2098 1497 2151 τοῦ
1567 2099 1731 2167 μηδέν
1779 2115 1832 2150 τι

241 2194 355 2245 τῶν
386 2194 621 2262 καιρίων
668 2194 1025 2262 παραλιπεῖν.
1056 2194 1192 2259 λέξω
1224 2195 1359 2264 ὅπερ
1418 2195 1579 2255 αὐτὸς
1627 2194 1831 2261 ἐπεζή-

242 2301 438 2354 τησας.
482 2287 590 2338 Καὶ
618 2289 645 2339 ὁ
673 2285 948 2353 βασιλεὺς,
984 2285 1193 2339 Τούτου
1229 2288 1470 2349 πάντως,
1505 2286 1632 2355 ἔφη,
1678 2285 1833 2352 κάγὼ

244 2378 342 2431 καὶ
375 2376 485 2429 οὐδ’
515 2378 632 2438 ὲνδς
684 2378 875 2446 ἑτέρου
928 2379 1158 2447 ἐφίεμαι
1193 2397 1205 2411 ο
1243 2380 1295 2431 εἴ
1330 2397 1392 2447 γε
1440 2380 1515 2447 μὴ
1554 2379 1653 2447 τῆς
1703 2380 1834 2449 ἀλη-

245 2470 400 2533 θείας
435 2472 492 2521 τὸ
520 2470 712 2537 ψεῦδος
744 2469 906 2531 αὐτὸς
956 2470 1113 2535 ἄγεις
1163 2471 1477 2539 ἔμπροσθεν
1529 2472 1687 2524 τοῦτο
1744 2470 1833 2523 διὰ

242 2560 344 2629 τὴν
374 2560 622 2629 ἀνάγκην
653 2559 812 2610 πλέον
836 2560 1031 2627 τιμῶν.
1062 2560 1170 2612 Καὶ
1201 2562 1226 2612 ό
1263 2561 1627 2629 Ἑρμογένης,
1658 2560 1831 2629 Ἐμοὶ,

247 2653 508 2719 κράτιστε
539 2651 821 2720 βασιλέων,
856 2651 980 2718 ἔφη.
1016 2651 1549 2723 καταθρασυνομένῳ
1571 2652 1831 2722 Χριστοῦ,

253 2746 347 2793 καί
384 2743 713 2811 θεραπεύειν
766 2744 864 2813 μὲν
920 2742 1046 2807 τούς
1096 2761 1225 2796 ποτε
1278 2743 1435 2806 θεοὺς
1497 2743 1830 2813 βουλομένῳ,

247 2832 585 2901 θεραπεύειν
600 2835 659 2885 δὲ
690 2836 781 2886 καὶ
804 2835 864 2884 τὸ
897 2832 988 2885 σὺν
1020 2836 1248 2901 κράτος,
1281 2835 1484 2905 σπουδὴ
1518 2830 1607 2904 ἦν,
1638 2834 1711 2896 ὡς
1739 2836 1834 2887 καὶ

248 2927 417 2988 αὐτὸς
477 2922 632 2978 οἶσθα
686 2927 823 2995 μετά
880 2927 1152 2996 τοσαύτης
1206 2928 1496 2996 ἐπιστῆναι
1553 2931 1618 2997 τῇ
1681 2928 1834 2980 πόλει

252 3024 561 3089 φαντασίας
599 3024 693 3074 καὶ
727 3022 1145 3091 καταπλήξεως,
1178 3024 1273 3076 καὶ
1322 3022 1465 3075 οὕτω
1516 3022 1608 3074 τὸν
1660 3024 1835 3093 ἄνδρα

250 3114 414 3165 τοῦτο
448 3115 544 3183 μὲν
580 3115 817 3187 θωπείᾳ,
874 3116 1035 3169 τοῦτο
1090 3117 1147 3169 δὲ
1202 3117 1293 3168 καὶ
1330 3116 1481 3185 φόϐῳ
1537 3116 1672 3184 πρὸς
1738 3117 1834 3187 τὴν

252 3206 565 3274 κρατοῦσαν
587 3206 790 3277 ταύτην
821 3208 1077 3277 πατρῴαν
1096 3208 1419 3261 δυσσέϐειαν
1444 3210 1831 3274 ἐπαναγαγεῖν,

256 3300 377 3367 μεθ’
409 3301 541 3368 ὅσης
575 3301 739 3368 φαίην
771 3302 857 3363 ἂν,
890 3302 1009 3353 οὐδὲ
1056 3301 1219 3365 αὐτὸς
1266 3302 1500 3369 ἐπῆλθες
1526 3301 1646 3353 καθ’
1677 3301 1835 3369 ἡμῶν

251 3392 516 3458 σήμερον,
548 3392 643 3442 καὶ
677 3390 750 3453 ὡς
774 3392 872 3443 οὐκ
898 3391 962 3444 ἂν
986 3392 1105 3444 οὐδὲ
1137 3392 1200 3443 σὺ
1235 3392 1425 3461 παρὼν
1488 3392 1582 3444 τοῦ
1641 3393 1836 3454 ἀνδρὶς

254 3483 532 3548 κρατῆσαι
566 3483 907 3551 ἀπήλπισας.
947 3483 1312 3551 Συνομολογεῖ
1348 3484 1404 3537 δέ
1443 3503 1535 3553 μοι
1583 3486 1674 3537 καὶ
1726 3485 1835 3545 πᾶς

248 3566 407 3636 οὗτος
436 3577 462 3626 ὁ
498 3576 691 3642 δῆμος,
751 3577 900 3638 ὅπως
954 3576 1199 3640 ποικίλος
1250 3572 1318 3647 ἦν
1362 3578 1523 3642 αὐτὸς
1580 3581 1642 3631 ἐκ
1688 3578 1836 3647 πρώ-

248 3682 352 3733 της
387 3666 654 3718 θωπεύων
689 3668 932 3721 ἀπειλῶν
1000 3668 1274 3736 ἐκφοϐῶν,
1305 3670 1480 3721 πάντα
1522 3672 1829 3739 γινίμενος,

250 3758 327 3819 ὡς
364 3761 429 3810 ἂν
465 3760 562 3826 τῆς
619 3759 903 3822 εὐσεϐείας
955 3762 1285 3828 μεταστήσω
1331 3762 1423 3813 τὸν
1465 3763 1659 3831 ἀνδρα.
1725 3764 1835 3816 Καὶ

249 3852 363 3919 γὰρ
392 3852 622 3917 ἠγνόουν
654 3854 680 3902 ὁ
709 3852 937 3919 μάταιος
965 3853 1063 3920 οἴῳ
1097 3852 1160 3923 δὴ
1189 3853 1362 3924 τούτῳ
1402 3855 1551 3923 ἀνδρὶ
1584 3858 1835 3925 περιέτυ-

249 3960 369 4009 χον,
400 3944 812 4013 ἀκαταπλήκτῳ
863 3961 923 3996 τε
967 3947 1061 3996 καὶ
1117 3946 1351 4016 στερρῷ,
1403 3948 1499 3998 καὶ
1550 3949 1835 4017 πεπαρρη-

256 4034 561 4101 σ;ασμένην
589 4035 766 4102 ἔχοντι
798 4037 896 4101 τὴν
948 4037 1201 4103 γλῶσσαν
1233 4040 1329 4107 μὲν
1368 4039 1504 4106 πρὸς
1547 4041 1647 4101 τὰς
1701 4042 1834 4091 ἀπο·

253 4125 488 4194 κρίσεις,
515 4128 615 4194 τὴν
646 4127 824 4197 ψυχὴν
854 4128 911 4179 δὲ
941 4130 1077 4198 πρὸς
1119 4130 1218 4190 τὰς
1257 4131 1557 4196 ἐπαγωγὰς
1604 4132 1712 4183 τῶν
1746 4148 1835 4183 κο-

251 4218 501 4280 λάσεων,
565 4221 658 4270 καὶ
718 4221 899 4272 πάντα
960 4222 1156 4273 παθεῖν
1221 4222 1461 4289 ἑτοίμῳ,
1514 4223 1544 4289 ἥ
1599 4223 1833 4291 Χριστὸν

251 4311 646 4377 ἐξομόσασθαι.
679 4313 849 4382 Πλὴν,
885 4313 972 4364 ἵνα
1032 4313 1203 4366 τᾶλλα
1256 4314 1418 4375 ἐάσω,
1471 4314 1832 4383 ἀναδυόμενον

250 4404 415 4454 αὑτὸν
450 4402 508 4453 τὸ
547 4402 711 4465 σέϐας
742 4403 887 4466 ἰδὼν,
924 4406 1019 4456 καὶ
1062 4406 1199 4473 μήτε
1226 4404 1319 4456 τοῦ
1354 4407 1587 4474 κράτους
1614 4408 1708 4459 καὶ
1735 4407 1832 4471 τῆς

249 4494 500 4558 ἐξουσίας
531 4496 1022 4565 ἐπιστρεφόμενον,
1061 4497 1197 4565 μήτε
1232 4495 1340 4548 τῶν
1372 4498 1622 4565 βασάνων
1659 4498 1688 4566 ἢ
1725 4498 1832 4549 τῶν

1932 2006 2076 2077 jecta
2100 2004 2297 2067 oeulis,
2352 2016 2605 2072 magnam
2657 1999 2911 2055 veritatis
2959 2013 3150 2052 curam
3192 2009 3413 2065 gerens,
3462 2001 3519 2046 et

1937 2115 2005 2153 ne
2030 2098 2185 2167 quid,
2222 2095 2369 2167 quod
2397 2096 2468 2151 sit
2495 2102 2891 2164 opportunum,
2924 2088 3366 2161 przetermittam,
3429 2084 3518 2141 di-

1935 2206 2053 2245 cam
2104 2190 2157 2244 id
2205 2188 2352 2260 quod
2385 2186 2711 2258 qumsivisti.
2767 2184 3072 2253 Imperator
3106 2191 3294 2236 autem
3329 2196 3344 2234 :
3376 2179 3515 2249 Ego,

1936 2282 2136 2351 inquit,
2191 2282 2295 2335 hoc
2336 2280 2583 2344 omnino,
2613 2288 2669 2332 et
2694 2276 2832 2331 nihil
2878 2275 3033 2331 aliud
3065 2274 3252 2343 cupio,
3307 2272 3353 2327 si
3405 2286 3516 2326 non

1937 2377 2051 2445 ipse
2090 2375 2288 2429 falsum
2319 2372 2546 2443 praefers
2575 2372 2819 2434 veritati,
2856 2371 2963 2423 hoc
2997 2370 3051 2422 in
3078 2367 3272 2438 majori
3300 2366 3514 2419 honore

1937 2467 2146 2521 habens
2178 2478 2403 2535 propter
2434 2465 2843 2519 necessitatem.
2874 2461 3250 2530 Hermogenes
3284 2466 3468 2512 autem
3499 2473 3515 2510 :

1936 2560 2089 2624 Mihi,
2118 2574 2150 2613 o
2176 2560 2383 2628 optime
2428 2559 2746 2627 imperator,
2784 2574 2871 2612 me
2918 2556 3184 2610 adversus
3232 2552 3513 2609 Christum

1936 2654 2198 2708 audacter
2223 2662 2277 2706 et
2322 2653 2624 2706 insolenter
2654 2652 2890 2721 gerenti,
2951 2659 3006 2703 et
3036 2648 3237 2703 volenti
3289 2646 3515 2715 quidem

1936 2762 2074 2817 quos
2095 2746 2223 2799 olim
2244 2745 2523 2803 colueram
2556 2744 2688 2799 deos
2714 2744 2919 2807 colere,
2937 2752 3084 2796 tuam
3118 2750 3301 2795 autem
3327 2742 3521 2793 obser-

1936 2853 2071 2893 vare
2103 2839 2400 2908 potentiam
2429 2838 2613 2892 studio
2637 2838 2760 2899 fuit,
2782 2851 2839 2892 ut
2867 2839 2984 2907 ipse
3003 2852 3221 2907 quoque
3241 2834 3369 2900 scis,
3393 2850 3519 2888 eum

1939 2940 2087 2986 tanta
2117 2930 2182 2983 ad
2208 2930 2487 2985 civitatem
2516 2930 2710 2985 venire
2749 2946 2949 3001 pompa
2995 2938 3051 2984 et
3102 2939 3394 2999 apparatu,
3452 2938 3509 2981 et

1938 3023 2115 3076 virum
2144 3021 2365 3091 quidem
2399 3022 2597 3091 partim
2626 3023 2938 3085 blanditiis,
2971 3021 3168 3092 partim
3202 3036 3334 3074 vero
3367 3030 3518 3074 metu

1939 3116 2005 3169 ad
2045 3115 2185 3168 hanc
2214 3130 2335 3184 qua:
2377 3112 2618 3184 vigebat,
2668 3115 2902 3183 patriam
2940 3111 3212 3166 reducere
3260 3111 3519 3179 impieta-

1942 3216 2068 3268 tem,
2101 3213 2160 3259 ut
2190 3215 2241 3260 te
2274 3222 2340 3259 ne
2369 3220 2495 3259 eum
2527 3206 2735 3275 majore
2761 3205 2987 3274 quidem
3020 3203 3255 3258 dixerint
3294 3203 3360 3257 ad
3418 3220 3519 3257 nos

1938 3298 2258 3361 accessisse,
2309 3306 2365 3351 et
2412 3314 2482 3353 ne
2528 3308 2583 3352 tu
2637 3298 2886 3367 quidem,
2918 3298 2962 3351 si
2998 3297 3271 3361 aITuisses,
3326 3295 3522 3363 despeo

1938 3406 2117 3444 rasses
2175 3390 2353 3444 virum
2406 3406 2566 3459 posse
2632 3391 2877 3445 vincere.
2930 3390 3063 3444 Mihi
3119 3399 3305 3444 autem
3380 3388 3520 3443 feret

1939 3485 2317 3537 testimonium
2364 3484 2657 3539 universus
2704 3483 2797 3539 hic
2851 3484 3108 3554 populus,
3150 3496 3314 3553 quam
3364 3484 3517 3534 eram

1936 3577 2004 3630 ab
2041 3577 2199 3630 initio
2226 3576 2429 3641 varius,
2479 3576 2791 3640 blandiens,
2847 3579 3087 3640 minans,
3142 3586 3359 3631 terrens
3390 3614 3407 3636 ,
3455 3574 3511 3627 ia

1934 3681 2128 3721 omnes
2154 3666 2391 3736 denique
2422 3668 2635 3736 species
2669 3683 2755 3723 me
2789 3668 3206 3730 transformans,
3242 3676 3301 3720 ut
3336 3666 3515 3719 virum

1936 3756 2269 3837 abducerem
2299 3773 2329 3811 a
2362 3756 2581 3827 pietate.
2610 3758 2723 3827 Ego
2762 3759 2909 3813 enim
2936 3758 3141 3813 stultus
3172 3758 3517 3827 ignorabam,

1937 3851 1991 3904 in
2025 3866 2241 3919 quaiem
2274 3852 2455 3904 virum
2489 3853 2828 3917 incidissem,
2860 3867 3025 3921 quam
3082 3852 3404 3906 interritum
3457 3858 3516 3903 et

1936 3944 2229 4007 valentem,
2265 3954 2321 3997 et
2346 3943 2439 4013 qui
2468 3944 2697 3998 liberam
2729 3944 2952 4013 quidem
2994 3945 3234 3998 habebat
3276 3945 3517 4013 linguam

1932 4036 2001 4097 ad
2046 4052 2327 4103 responsa,
2391 4038 2635 4089 animum
2667 4052 2798 4091 vero
2856 4037 2921 4090 ad
2958 4037 3186 4090 ferenda
3250 4037 3517 4091 intentata

1936 4126 2222 4195 supplicia,
2261 4138 2315 4181 et
2351 4128 2534 4180 omnia
2568 4127 2809 4196 denique
2841 4127 3203 4196 perpetienda
3238 4136 3513 4197 paratum,

1937 4219 2120 4287 potius
2155 4234 2318 4286 quam
2348 4218 2412 4271 ad
2463 4218 2744 4273 Christum
2806 4219 3214 4287 abnegandum.
3280 4218 3389 4274 Sed
3456 4228 3519 4273 ut

1937 4310 2039 4363 alia
2073 4311 2343 4374 omittam,
2385 4326 2509 4364 cum
2568 4311 2827 4365 vidissem
2882 4327 3009 4366 eum
3068 4327 3327 4367 recusare
3381 4313 3519 4367 deos

1934 4402 2135 4463 colere,
2165 4411 2219 4456 et
2248 4418 2425 4471 neque
2460 4413 2789 4471 potestatem
2824 4419 3044 4470 curare,
3080 4406 3516 4475 nequesuppli-

1936 4497 2147 4549 ciorum
2183 4506 2277 4549 aut
2315 4507 2720 4551 tormentorum
2755 4497 2921 4550 ullam
2958 4497 3163 4551 ducere
3197 4497 3465 4551 rationem
3499 4518 3511 4552 :

249 4589 635 4655 προκειμένων
674 4588 920 4657 όργάνων
964 4590 1121 4655 λόγον
1158 4590 1511 4657 ποιούμενον,
1543 4591 1655 4642 ἀλλ’
1688 4590 1830 4643 οὕτω
1860 4603 1909 4663 ι)

1860 4603 1909 4663 ι)
1939 4592 2031 4645 sed
2072 4602 2179 4644 tam
2232 4592 2594 4661 probabiliter
2638 4591 2884 4661 quidem,
2953 4603 3009 4647 et
3057 4592 3125 4645 ad
3166 4593 3512 4663 persuaden-

252 4679 353 4747 μὲν
378 4680 619 4740 πιθανῶς
661 4680 1031 4747 ἀντιλέγοντα,
1062 4682 1136 4743 ὡς
1170 4682 1437 4751 ἡττᾶσθαι
1468 4683 1563 4749 μὲν
1591 4684 1691 4751 ἐμὲ
1733 4686 1829 4750 τῆς

248 4772 419 4823 αὑτοῦ
455 4772 715 4836 διανοίας,
744 4774 1066 4841 ἐλέγχεσθαι
1109 4776 1162 4826 δὲ
1210 4776 1334 4839 τοὺς
1399 4776 1552 4836 θεοὺς
1600 4792 1691 4827 και
1740 4778 1829 4827 τὸν

246 4864 418 4931 δῆμον
450 4863 669 4916 ἅπαντα.
702 4864 1087 4931 συναγορεύειν
1146 4866 1292 4935 αὐτῷ
1330 4870 1423 4918 καὶ
1454 4870 1519 4919 τὰ
1556 4869 1645 4919 ἶσα
1701 4869 1829 4936 περὶ

247 4956 309 5005 τὸ
347 4956 513 5016 σέϐας
558 4958 795 5024 φρονεῖν,
861 4958 1180 5027 ἐσκεψάμην
1230 4960 1286 5011 ὲν
1358 4960 1522 5029 ὀλίγῳ
1574 4961 1829 5023 τοιαύτας

248 5045 399 5114 αὐτῷ
436 5044 706 5113 βασάνους
753 5048 1105 5115 ἐπενεγκεῖν,
1164 5048 1238 5112 ὼς
1277 5046 1364 5110 ἂν,
1404 5052 1451 5100 εί
1478 5050 1578 5117 μὲν
1629 5046 1738 5111 οἶός
1766 5067 1826 5102 τε

248 5136 524 5203 γένωμαι,
554 5137 735 5189 τέλεον
767 5139 986 5207 ήττήσω
1017 5140 1108 5191 τὸν
1144 5140 1313 5207 ἄνδρα
1342 5146 1356 5171 ⁴
1396 5143 1444 5194 εί
1470 5142 1513 5194 δ’
1548 5144 1661 5207 οῦν,
1690 5145 1825 5197 ἀλλὰ

243 5229 346 5295 τῆς
376 5228 685 5298 προθυμίας
719 5229 851 5289 τέως
885 5232 1117 5299 ὲπίσχω,
1158 5233 1248 5282 καὶ
1286 5233 1603 5300 συμπυὸίσω
1651 5238 1826 5304 toan

244 5319 342 5373 τοῦ
371 5320 528 5387 λόγου
561 5320 657 5390 τὴν
695 5321 944 5389 δύναμιν.
984 5324 1201 5389 Ἐὀλξεν
1232 5322 1325 5379 οῦν
1371 5345 1458 5396 μοι
1489 5329 1556 5379 τά
1587 5344 1644 5379 τε
1700 5330 1826 5378 πέλ-

249 5428 399 5477 ματα
425 5410 532 5461 τῶν
568 5411 744 5462 ποδῶν
773 5412 938 5463 αὑτοῦ
977 5414 1277 5483 μαχαίραις
1300 5420 1599 5486 ἀποτεμεῖν
1632 5421 1826 5487 μέχρις

244 5502 455 5554 ὀστέων
498 5502 697 5568 αὐτῶν,
736 5505 987 5573 ἐκτεμεῖν
1019 5506 1073 5558 δὲ
1108 5509 1199 5571 καὶ
1251 5509 1350 5575 τὴν
1404 5512 1606 5579 ῥήτορα
1656 5511 1828 5577 γλῶσ-

248 5612 350 5645 σαν
391 5592 482 5661 ὑφ’
532 5590 598 5669 ἧς
625 5595 694 5648 τὰ
750 5596 929 5648 πάντα
986 5600 1420 5667 κατηγωνὶζετο,
1454 5603 1549 5654 καὶ
1586 5603 1719 5670 πρὸς
1748 5604 1826 5656 ἔτι

246 5686 415 5737 αὑτοῦ
445 5687 539 5739 καὶ
568 5688 698 5750 τοὺς
726 5689 1043 5759 ὀφθαλμοὺς
1070 5692 1326 5761 ἐκκόψαι,
1373 5694 1447 5756 ὠς
1499 5695 1567 5747 ἂν
1614 5714 1713 5749 κατ
1731 5700 1828 5769 αρ-

250 5777 579 5849 ρᾳθυμήσας
614 5781 711 5850 μὲν
740 5783 834 5835 ἐπὶ
872 5782 950 5852 τῷ
999 5785 1177 5854 σκότῳ
1225 5786 1334 5838 τῶν
1394 5788 1711 5858 ὀφθαλμῶν,
1758 5796 1823 5862 τῇ

246 5870 409 5943 ὀξύ-λῃ
440 5872 493 5926 δὲ
523 5872 631 5927 τῶν
673 5876 849 5931 ποδῶν
876 5875 1115 5941 ὀκλάσας
1162 5878 1533 5951 ὀκνηρότερος
1576 5883 1673 5945 μὲν
1724 5903 1824 5940 πα-

1936 4678 2067 4730 dum
2108 4690 2231 4745 apte
2280 4679 2685 4741 contradicere,
2746 4688 2804 4733 ut
2837 4696 2942 4749 ego
2995 4680 3217 4750 quidem
3273 4667 3343 4735 ab
3395 4684 3518 4753 ejus

1935 4773 2153 4839 ingenio
2191 4772 2466 4835 vincerer,
2499 4773 2573 4825 dii
2602 4786 2789 4827 autem
2820 4782 3202 4843 arguerentur,
3234 4784 3290 4829 et
3312 4775 3365 4829 ei
3390 4775 3518 4828 uui—

1934 4881 2127 4919 vcrsus
2160 4866 2559 4935 suﬂragaretur
2582 4868 2838 4937 populus,
2872 4877 2927 4922 et
2961 4868 3178 4934 eadem,
3217 4885 3339 4939 quae
3372 4869 3511 4939 ipse,

1932 4959 2161 5013 sentiret
2200 4959 2267 5013 de
2300 4959 2588 5029 religione,
2618 4960 2852 5030 cogitavi
2891 4974 3019 5014 eum
3072 4963 3235 5031 paqu
3272 4972 3397 5031 post
3432 4973 3517 5018 ta--

1931 5050 2077 5105 libus
2125 5054 2373 5107 cruciare
2429 5052 2722 5122 suppliciis
2768 5062 2848 5116 ut,
2900 5054 2946 5107 si
2982 5068 3198 5122 possem
3258 5055 3510 5125 quidem,

1931 5158 2059 5197 eum
2110 5145 2351 5213 perfecte
2404 5144 2721 5210 vincerem;
2753 5145 2839 5198 sin
2869 5146 3076 5211 minus,
3129 5147 3250 5218 ejus
3282 5147 3511 5218 quidem

1934 5246 2082 5291 certe
2124 5238 2492 5306 reprimerem
2529 5247 2844 5306 promptum
2877 5251 2931 5293 et
2956 5238 3195 5294 alacrem
3230 5240 3507 5307 animum,

1931 5337 1987 5379 et
2027 5327 2245 5381 dicendi
2279 5327 2589 5381 facultatem
2624 5327 2970 5398 impedirem.
3021 5330 3205 5384 Visum
3246 5341 3333 5387 est
3379 5350 3511 5405 ergo

1933 5421 2089 5483 mihi,
2122 5422 2340 5489 plantas
2372 5420 2572 5489 pedum
2600 5422 2720 5492 ejus
2752 5422 2947 5491 gladiis
2987 5423 3285 5481 excindere
3336 5441 3511 5497 usque

1930 5513 1995 5566 ad
2031 5528 2174 5574 ossa,
2204 5516 2339 5586 quin
2392 5512 2558 5567 etiam
2592 5516 2713 5583 ejus
2761 5529 2982 5583 quoque
3033 5516 3276 5587 linguam
3311 5521 3508 5575 excin-

1930 5606 2061 5660 dere
2124 5606 2516 5675 eloquentem,
2568 5622 2598 5660 a
2641 5622 2750 5675 qua
2813 5608 2997 5662 omnia
3058 5612 3504 5679 superabantur;

1932 5708 2196 5768 pra-terea
2250 5712 2381 5752 vero
2426 5698 2547 5768 ejus
2594 5712 2817 5767 quoque
2866 5699 3058 5753 oculos
3112 5702 3380 5763 effodere.
3447 5717 3507 5759 ut

1932 5801 2156 5861 propter
2203 5792 2487 5844 oculorum
2536 5791 2759 5861 quidem
2820 5792 3079 5847 tenebras
3110 5795 3221 5849 Otio
3262 5796 3501 5860 deditus,

1932 5885 2136 5938 fructus
2170 5892 2353 5939 autem
2400 5882 2651 5938 dolorum
2705 5883 2977 5953 cruciatu,
3026 5887 3231 5942 tardior
3277 5889 3497 5956 quidem
