4260 6430
784 365 895 427 403

2017 364 2303 426 MENSIS
2340 366 2774 435 DECEMBER.

3942 366 4052 430 ιοι

787 483 944 534 ﬂeret
988 476 1056 533 ad
1091 475 1564 547 respondendum,
1598 475 1929 533 imbecillior
1966 493 2098 533 vero
2134 479 2218 535 ad.
2240 495 2363 535 con-
2395 484 2443 544 Α

2395 484 2443 544 Α
2473 487 2647 555 pas-.5
2689 486 2829 554 πρὸς
2867 484 2968 549 τὰς
2996 481 3349 556 ἀποκρίσεις,
3381 481 3785 556 ἀσθενέστερος
3812 481 3870 536 δὲ
3897 482 4046 552 πρὸς

786 569 1146 627 tendendum.
1179 566 1360 640 Atque
1393 568 1621 626 lictores
1671 568 1897 640 quidem
1946 585 2072 626 cum
2124 572 2362 643 primum

777 666 1067 740 jubentem
1124 661 1508 728 audivissent,
1558 663 1812 720 fecerunt
1865 664 2208 721 universum.
2267 665 2362 721 Ille

785 769 967 812 autem
1019 755 1189 811 homo
1251 755 1518 810 continuo
1565 770 1686 811 esse
1736 757 2055 821 convictus,
2118 766 2174 811 et
2225 755 2361 812 nihil

783 849 1022 918 amplius
1080 847 1284 912 ferens,
1320 861 1484 916 quam
1541 847 1853 903 communis
1907 848 2083 918 possit
2142 858 2359 910 natura.

783 942 988 996 missus
1037 941 1092 996 in
1145 954 1447 1006 carcerein,
1506 948 1628 995 erat
1684 939 1849 1010 plane
1915 951 2186 997 mortuus.
2241 941 2358 997 Viri

784 1045 967 1090 tamen
1004 1033 1267 1089 misertus
1302 1034 1516 1103 (verum
1541 1030 1691 1086 enim
1737 1030 1961 1104 lateor).
1994 1043 2055 1088 ut
2104 1034 2254 1088 docti
2308 1044 2362 1089 et

781 1127 890 1181 mei
929 1125 1088 1192 civis,
1121 1133 1174 1178 et
1206 1138 1347 1192 aegre
1378 1123 1582 1186 ferens,
1612 1122 1760 1193 quod
1793 1125 1878 1178 vir
1916 1124 2174 1194 periisset
2207 1134 2358 1180 tanta

781 1218 1052 1285 sapientia
1105 1216 1374 1286 praeditus
1425 1223 1479 1270 et
1539 1215 1875 1285 eloquentia,
1929 1233 2149 1274 summo
2198 1234 2360 1274 mane

780 1309 962 1363 afferri
1014 1309 1152 1378 jussi
1196 1323 1395 1379 corpus
1428 1311 1546 1379 ejus
1579 1308 1855 1377 exanime,
1885 1310 2098 1382 ,volcns
2147 1311 2357 1378 videre,

783 1419 1023 1473 quonam
1057 1405 1178 1473 ejus
1208 1403 1464 1457 rediissct
1494 1393 1842 1459 constantia.‘

851 1537 1046 1591 XXIX.
1103 1537 1403 1607 Postquam
1454 1546 1636 1591 autem
1678 1551 1805 1592 eum
1858 1535 1972 1592 vidi
2027 1538 2358 1593 accersitum

778 1641 929 1686 recte
955 1631 1191 1701 ingredi,
1221 1641 1277 1686 et
1307 1645 1444 1700 pure
1497 1631 1701 1685 intueri
1732 1647 1747 1696 ;
1787 1629 1990 1687 deinde
2035 1632 2203 1687 etiam
2229 1647 2357 1687 eum

782 1724 966 1779 audivi
1022 1736 1211 1794 aperte
1269 1723 1657 1790 disserentem,
1699 1724 1927 1779 videbar
1978 1724 2112 1779 mihi
2169 1725 2359 1780 videre

2464 574 2568 646 τήν
2597 575 2876 634 ἔνστασιν.
2912 577 2977 631 Oi
3031 575 3133 646 μὶν
3169 571 3267 629 οὖν
3314 573 3502 646 δήμιοι
3549 573 3674 644 ἃμα
3709 589 3770 626 τε
3807 573 4054 644 προστά-

2467 665 2656 731 ξαντος
2694 668 2959 738 ἥκουσαν,
2998 669 3093 722 καὶ
3121 667 3184 722 τὸ
3235 667 3346 720 πᾶν
3387 665 3644 738 ῐδρασαν.
3702 664 3762 719 Ὀ
3785 664 3844 719 δι
3879 664 4051 728 εὐθὺς

2466 753 2858 829 ἐλεγχθεὶςοῖἀ
2895 759 3207 830 ἄνθρωπος,
3263 761 3364 815 καὶ
3410 759 3579 831 μηδέν
3621 775 3677 813 τι
3724 758 3890 813 πλέον
3945 757 4052 828 τῆς

2469 850 2659 918 κοινῆς
2694 851 2878 921 φέρων
2915 851 3154 919 φύσεως,
3204 851 3719 921 παραπεμπόμενος
3745 852 3812 920 τῇ
3848 849 4047 920 είρκτῇ

2462 943 2788 1014 αὐτόχρημα
2817 944 3012 1016 νεκρὸς
3035 939 3126 1016 ἦν.
3163 944 3378 1008 Ὅμως,
3413 943 3742 1014 ὁμολογήσω
3763 941 3887 1010 γὰρ
3945 942 4048 995 cd-

2462 1034 2643 1104 ληθὲς,
2683 1035 2775 1090 τὸν
2798 1036 2965 1106 ἄνδρα
2990 1054 3050 1090 τε
3076 1035 3152 1100 ὡς
3186 1037 3352 1106 σοφὸν
3382 1035 3481 1090 καὶ
3499 1034 3937 1107 συμπατριὼτην
3964 1035 4048 1089 ol-

2462 1128 2714 1198 κτείρων,
2738 1128 2916 1196 ἀλγῶν
2942 1126 2997 1183 δι
3020 1129 3113 1182 καὶ
3142 1130 3242 1198 τὴν
3268 1127 3470 1198 ψυχήν,
3504 1128 3588 1180 ὅτι
3617 1128 3808 1190 κακῶς
3849 1126 4048 1181 ἀπώλε-

2463 1219 2590 1273 λυτο
2612 1219 2856 1289 γλώττης
2882 1219 3026 1274 οὕτω
3045 1220 3139 1274 καὶ
3166 1221 3357 1288 σοφίας
3396 1219 3536 1290 ἔχων
3561 1218 3723 1290 άνὴρ,
3756 1235 4046 1290 μετεπεμ-

2463 1314 2647 1383 πόμην
2694 1313 2900 1367 ἄπνουν
2956 1311 3019 1364 τὸ
3063 1311 3223 1383 σῶμα
3274 1314 3392 1380 ἃμα
3437 1312 3582 1382 πρωὶ
3614 1350 3630 1377 ,
3698 1312 4043 1379 κατανοῆσαι

2462 1403 2649 1469 θέλων,
2674 1404 2753 1470 είς
2771 1403 2822 1456 τί
2843 1404 2919 1475 τῷ
2938 1402 3167 1474 τοιούτῳ
3197 1404 3462 1474 περιέστη
3483 1403 3552 1457 τά
3584 1401 3686 1474 τῆς
3716 1387 4046 1463 ινστάσεωςέ

2531 1539 2665 1596 ΚΘθ.
2715 1539 2806 1604 Ὠς
2836 1540 2892 1594 δὲ
2928 1540 3415 1613 μεταπεμφθέντα,
3457 1539 3747 1610 βαδίζοντα
3773 1555 3836 1592 τε
3868 1538 4047 1607 ὑγιῶς

2461 1629 2623 1700 εἶδον,
2652 1635 2748 1687 καὶ
2779 1632 3036 1703 καθαρῶς
3063 1631 3356 1703 βλέποντα,
3387 1628 3511 1685 εῐτα
3562 1631 3660 1685 καὶ
3706 1629 4045 1702 προσδιαλε-

2460 1727 2694 1799 γομένου
2748 1726 2924 1796 τορῶς
2980 1727 3233 1797 ἥκουσα,
3281 1726 3476 1794 φάσμα
3519 1723 3743 1795 βλέπειν
3788 1723 4042 1785 ιδόκουν,

781 1828 1062 1886 spectrum
1090 1825 1146 1873 et
1171 1817 1333 1873 inane
1357 1818 1674 1882 somnium;
1707 1825 1763 1872 et
1786 1817 1970 1872 statim
2006 1817 2179 1873 clausi
2219 1833 2354 1874 ocu-
2387 1839 2431 1895 η
2461 1841 2463 1851 λ

2387 1839 2431 1895 ῃ
2461 1823 2556 1875 καὶ
2581 1818 2764 1874 καινὸν
2786 1817 3020 1888 δνειρον,
3047 1817 3143 1871 καὶ
3167 1817 3292 1880 τοὺς
3313 1815 3627 1887 ὀφθαλμοὺς
3649 1814 3815 1877 εὐθὺς
3837 1813 4041 1884 ἔμυσα,

780 1911 884 1974 los,
909 1910 1140 1965 deorum
1182 1909 1390 1963 inimici
1424 1909 1509 1962 vel
1559 1910 1734 1978 ipsum
1765 1909 2123 1976 simulacrum
2154 1910 2359 1964 abhor-

780 2019 935 2065 rens.
977 2003 1114 2059 Cum
1155 2010 1334 2057 autem
1381 2000 1451 2056 de
1484 2001 1613 2057 sede
1648 2001 2078 2066 descendissem,
2107 2012 2164 2059 et
2187 2003 2356 2058 visio-

781 2114 907 2152 nem
948 2097 1110 2151 simul
1141 2111 1265 2151 cum
1316 2096 1442 2150 aliis
1473 2095 1691 2151 curiose
1727 2094 2070 2164 indagassem
2100 2113 2123 2154 ,:
2161 2106 2218 2152 et
2245 2113 2354 2152 non

779 2190 913 2244 solis
941 2190 1176 2248 credens
1207 2189 1403 2253 oculis,
1434 2187 1528 2243 sed
1559 2189 1727 2244 etiam
1751 2187 2008 2244 manibus
2033 2191 2372 2265 examinans

779 2294 838 2338 et
885 2293 1259 2348 contrectans,
1311 2281 1465 2338 illum
1509 2282 1689 2352 ipsum
1749 2281 1914 2336 didici
1959 2297 2082 2337 esse
2117 2279 2355 2348 lenam,

780 2379 1041 2446 protinus
1072 2378 1252 2432 victus
1281 2391 1403 2431 sum
1430 2392 1460 2430 a
1495 2374 1746 2439 veritate,
1778 2389 1886 2428 non
1923 2373 2118 2428 falsum
2163 2383 2355 2430 testem

781 2468 992 2522 habens
1042 2467 1458 2523 conscientiam.
1503 2465 1993 2521 Verumenimvero
2045 2465 2202 2521 adest
2241 2465 2357 2536 ipse

781 2576 1024 2629 quoque,
1063 2575 1096 2614 ο
1121 2561 1443 2628 imperator,
1470 2568 1525 2614 et
1548 2559 1692 2613 dicat
1716 2558 1937 2627 quidem
1968 2559 2206 2628 populus
2231 2573 2360 2613 cru-

782 2655 980 2717 ciatus,
1005 2654 1222 2707 curiose
1258 2662 1438 2707 autem
1481 2652 1597 2721 ipse
1631 2667 1851 2722 quoque
1903 2651 2140 2720 inquire,
2175 2661 2236 2706 ut
2263 2665 2358 2705 νο-

781 2745 975 2810 lueris,
1035 2758 1157 2797 cum
1211 2743 1540 2798 miraculum
1584 2744 1657 2797 sit
1683 2743 1782 2796 tibi
1834 2736 1962 2798 ante
1994 2743 2207 2798 oculos.
2260 2742 2358 2799 Dic

782 2852 919 2890 vero
940 2835 1074 2888 mihi
1113 2851 1209 2905 per
1241 2843 1367 2890 tuos
1405 2835 1561 2901 deos,
1590 2849 1623 2889 ο
1680 2835 2004 2905 imperator,
2034 2835 2082 2889 si
2123 2834 2249 2904 quis
2276 2834 2360 2889 vi-

783 2929 953 2982 disset
976 2929 1280 2992 Christum,
1305 2928 1447 2982 sicut
1473 2943 1573 2999 ego
1599 2927 1714 2997 ipse
1740 2928 1877 2992 vidi,
1922 2937 2147 2998 repente
2182 2936 2357 2982 totum

786 3023 1063 3075 hominem
1109 3023 1497 3076 reformantcm
1549 3029 1611 3075 et
1655 3021 2096 3086 animantem,et
2139 3035 2204 3076 es
2250 3020 2356 3076 hoc

781 3115 1005 3183 quidem
1072 3128 1226 3168 suam
1278 3119 1603 3181 posestatem
1653 3111 2088 3176 conﬁrmantem,
2157 3127 2355 3182 nempe

2461 1912 2557 1966 τοῦ
2591 1910 2699 1965 τῶν
2731 1909 2871 1965 θεῶν
2914 1909 3112 1980 έχθροῦ
3159 1907 3611 1979 τερατευόμενον,
3658 1907 3754 1960 καί⁸
3803 1907 3939 1959 αὐτὸ
3981 1905 4047 1958 τὸ

2456 2005 2679 2059 εῖδωλον
2704 2004 3134 2076 μυσαττόμενος.
3181 2003 3270 2067 Ὦς
3320 2003 3376 2057 δὲ
3429 2001 3492 2056 τδ
3535 2001 3730 2071 θρόνου
3783 2015 4044 2069 καταπη-

2454 2097 2627 2167 δήσας
2678 2097 2777 2168 τήν
2826 2096 2952 2167 δψιν
2997 2096 3135 2167 μετὰ
3177 2096 3287 2149 τῶν
3336 2095 3512 2149 ἄλλων
3560 2092 4044 2165 περιειργαζόμην

2457 2189 2641 2261 κάγὼ,
2673 2191 2766 2244 καὶ
2790 2190 2866 2260 μὴ
2896 2190 3080 2262 μόνοις
3110 2190 3222 2252 τοῖς
3247 2187 3547 2257 ὀφθαλμοῖς
3578 2187 3872 2247 πιστεύων,
3903 2183 4046 2239 ἀλλὰ

2457 2286 2552 2337 καὶ⁵
2581 2283 2739 2352 χερσὶ
2791 2283 3098 2355 βασανίζων
3121 2283 3215 2337 καὶ
3239 2280 3615 2351 διαψηλαφῶν,
3644 2279 3808 2332 αὑτὸν
3831 2279 4045 2331 εκεῖνον

2457 2371 2602 2429 εἶναι
2636 2377 2728 2429 τὸν
2759 2377 2957 2448 Μηνᾶν
2986 2373 3433 2445 κατεμάνθανον,
3457 2372 3704 2443 ἡττήθην
3747 2369 3848 2439 τῆς
3906 2369 4045 2436 ἀλη-

2459 2467 2612 2532 θείας
2646 2467 2830 2533 εὐθὺς,
2857 2467 3060 2538 ἀψευδῆ
3090 2466 3348 2537 μάρτυρα
3375 2465 3474 2534 τὴν
3523 2462 3835 2532 συνείδησιν
3874 2459 4041 2531 ἔχων.

2460 2563 2609 2633 Πλὴν
2640 2563 2777 2616 ἀλλὰ
2803 2564 3038 2632 πάρεστι
3083 2561 3180 2613 καὶ
3214 2559 3399 2626 αὐτὸς,
3431 2551 3477 2610 ὦ
3508 2555 3752 2628 βασιλεῦ,
3797 2554 3894 2608 καὶ
3947 2553 4046 2605 λε-

2458 2660 2603 2728 γέτω
2637 2657 2736 2730 μὲν
2773 2658 2804 2710 6
2851 2654 3021 2725 δῆμος
3071 2653 3170 2716 τὰς
3224 2650 3497 2722 τιμωρίας
3531 2663 3545 2678 ⁸
3583 2646 4041 2718 πολυπραγμόνει

2456 2750 2515 2804 δὲ
2546 2750 2643 2804 καὶ
2676 2748 2838 2810 αὐτὸς
2867 2749 3014 2807 ὅπως
3039 2744 3104 2798 ἂν
3125 2742 3316 2812 ὲθέλῃς
3344 2741 3405 2794 τὸ
3429 2740 3614 2810 θαῦμα
3637 2741 3744 2810 πρὸ
3779 2739 3891 2792 τῶν
3933 2739 4042 2807 6p-

2464 2844 2651 2913 μάτων
2680 2860 2762 2896 σοι
2813 2842 2895 2894 δν.
2932 2839 3067 2892 Εἰπὲ
3109 2837 3166 2890 δέ
3205 2853 3320 2908 μοι,
3355 2835 3493 2906 πρὸς
3525 2835 3634 2888 τῶν
3664 2833 3774 2887 σῶν
3794 2832 3958 2892 θεῶν,
3992 2824 4042 2885 ὦ

2463 2935 2706 3009 βασιλεῦ,
2739 2936 2791 2988 εί
2820 2951 2903 2997 τις
2935 2930 3196 3002 ἑωρακὼς
3240 2929 3333 2982 τδν
3374 2927 3632 2998 Χριστὸν,
3654 2928 3844 2995 ὥσπερ
3873 2924 4041 2987 αὐτὸς

2459 3029 2572 3098 ἐγὼ
2605 3029 2896 3097 ἑωράκειν,
2928 3023 3193 3093 ἐξαίφνης
3223 3019 3618 3076 ἀναπλάταντα
3646 3018 3769 3072 ὅλον
3821 3017 4039 3086 άνθρω-

2464 3137 2566 3174 πον
2598 3121 2690 3174 καὶ
2721 3115 3073 3188 ψυχὼσαντα,
3121 3115 3217 3169 καὶ
3251 3111 3446 3166 πιστού
3459 3127 3620 3182 μενον
3665 3110 3765 3180 μὲν
3815 3111 3880 3162 εκ
3911 3109 4040 3161 τού·

783 3206 929 3275 quod
967 3206 1083 3259 haec
1112 3204 1333 3274 quidem
1365 3219 1473 3258 non
1504 3211 1631 3258 sunt
1657 3204 1905 3267 alterius,
1936 3218 2098 3272 quam
2137 3203 2253 3264 Dei.
2302 3212 2358 3258 et
2385 3191 2428 3249 (ἶ
2459 3232 2465 3245 ι

2356 3245 2358 3254 ›
2385 3191 2428 3249 C
2459 3229 2555 3266 του
2584 3213 2684 3283 τὴν
2707 3207 2904 3264 ἑαυτοῦ
2942 3207 3195 3276 δύναμιν,
3230 3204 3307 3269 ὡς
3344 3203 3447 3256 οὐκ
3491 3201 3657 3256 ἄλλον
3685 3200 3829 3259 τινος
3858 3197 4038 3252 ταῦτα

782 3299 929 3366 quod
960 3297 1073 3367 ipse
1099 3298 1188 3360 sit,
1223 3299 1318 3367 qui
1349 3299 1588 3367 primum
1623 3299 1828 3352 creavit
1850 3296 2124 3350 hominem
2158 3316 2170 3348 :
2197 3297 2356 3366 polii--

783 3400 939 3444 cctur
975 3400 1156 3444 autem
1193 3392 1256 3443 iis
1286 3390 1381 3458 qni
1419 3390 1573 3445 illum
1607 3390 1780 3443 secuti
1832 3389 2058 3451 fuerint,
2098 3386 2151 3441 in
2202 3387 2355 3442 ccelis

782 3485 1006 3552 quidem
1038 3499 1271 3553 regnum
1295 3493 1586 3546 mternum,
1612 3482 1702 3536 hic
1734 3495 1866 3535 vero
1922 3490 2136 3538 tantum
2169 3496 2351 3551 posse,

781 3585 1048 3643 quantum
1085 3575 1200 3644 ipsc
1227 3575 1395 3628 solus.
1425 3573 1480 3628 Si
1511 3575 1655 3642 quis,
1695 3589 1817 3628 cum
1849 3573 1964 3627 hac
1991 3579 2046 3628 et
2072 3573 2358 3628 didicisset

781 3676 838 3719 et
863 3664 1113 3725 vidisset.
1138 3664 1449 3732 despiceret
1476 3663 1700 3732 quidem
1737 3662 1861 3718 talis
1892 3663 1985 3717 Dei
2016 3679 2137 3718 esse
2161 3673 2216 3718 et
2243 3663 2351 3718 dici

782 3758 994 3810 amicus
1029 3772 1043 3809 :
1079 3756 1388 3824 despiceret
1443 3764 1628 3810 autem
1680 3770 1838 3824 posse
1869 3756 2052 3810 omnia
2083 3771 2245 3826 agere
2301 3765 2357 3812 et

782 3859 1020 3911 mutare,
1076 3865 1197 3917 quae
1244 3848 1393 3902 solus
1431 3849 1546 3918 ipse
1599 3848 1788 3902 Dens:
1831 3857 1886 3902 et
1925 3863 2097 3903 caecos
2133 3849 2354 3919 quidem

780 3944 964 3997 facere
1030 3941 1237 4002 videre.
1263 3940 1489 3995 claudos
1538 3950 1720 3995 autem
1779 3940 1999 4002 saltare.
2030 3950 2087 3996 et
2138 3951 2356 3996 montes

781 4049 1025 4096 movere,
1058 4042 1114 4087 et
1139 4043 1386 4087 mortuos
1407 4033 1672 4087 suscitare
1709 4051 1722 4085 :
1765 4041 1899 4087 etut
1928 4031 2093 4086 simul
2150 4032 2351 4098 dicam,

782 4140 898 4177 rem
931 4140 1152 4179 omnem
1184 4138 1406 4178 movere
1450 4131 1689 4178 creatam
1739 4124 1857 4178 solo
1888 4123 2057 4178 verbo
2086 4134 2142 4179 et
2171 4135 2305 4180 nuta
2335 4141 2350 4188 ;

779 4215 980 4271 deinde
1005 4217 1170 4269 etiam
1191 4216 1388 4285 pignus
1411 4214 1637 4281 habere,
1668 4215 1813 4285 quod
1845 4215 2122 4270 laatabitur
2160 4224 2218 4270 et
2268 4231 2351 4270 re-

781 4310 971 4376 gnabit
1003 4310 1056 4363 in
1085 4319 1375 4364 aeternum.
1428 4307 1530 4382 Qui
1569 4324 1694 4364 eum
1743 4308 2080 4379 reliquisset,
2122 4317 2178 4364 et
2198 4309 2351 4364 clau-

781 4402 942 4455 sisset
995 4401 1187 4455 oculos
1228 4400 1295 4454 ad
1353 4408 1556 4454 tantam
1601 4399 2043 4456 beatitudinem:
2099 4400 2352 4472 elegisset

2459 3306 2544 3359 ὅτι
2577 3304 2652 3375 μὴ
2691 3301 2852 3368 Θεοῦ,
2875 3302 2966 3354 καὶ
2991 3302 3074 3353 ὅτι
3097 3297 3262 3359 αὑτός
3293 3297 3444 3349 ἐστιν
3471 3295 3498 3347 6
3528 3292 3625 3346 ut
3664 3293 3763 3362 τὴν
3809 3289 4038 3359 πρώτην

2457 3399 2878 3470 δημιουργήσας
2906 3395 2998 3449 τὸν
3026 3394 3335 3464 ἄνθρωπον,
3371 3387 3808 3458 ὑπισχνούμενον
3849 3385 3904 3439 δι
3939 3384 4038 3438 καὶ

2457 3493 2572 3554 τοῖς
2599 3491 2793 3559 ἐκείνῳ
2833 3486 3269 3555 ἀκολουθήσασιν
3316 3483 3375 3534 ὲν
3423 3480 3676 3550 οὐρανοῖς
3727 3479 3830 3548 μὲν
3880 3478 4037 3548 βασις

2459 3585 2610 3638 λείαν
2641 3582 2836 3642 ἀΐδιον.
2863 3577 3098 3634 ἐνταῦθα
3125 3577 3183 3630 δὲ
3203 3573 3444 3628 τοσαῦτα
3476 3572 3761 3635 δύνασθαι,
3819 3572 3922 3624 ὃσα
3971 3588 4036 3637 γε

2463 3676 2628 3747 μόνος
2658 3675 2823 3738 αὐτός
2852 3688 2866 3703 ⁸
2897 3671 2952 3725 εί
2977 3687 3082 3734 τις,
3120 3669 3293 3721 ταῦτα
3329 3664 3517 3737 μαθὼν
3551 3667 3646 3718 καὶ
3678 3664 3834 3728 ίδὼν,
3864 3664 4038 3730 παρίο

2457 3767 2538 3820 δοι
2573 3769 2672 3837 μὲν
2701 3769 2765 3819 τὸ
2794 3765 2950 3835 φίλος
2983 3758 3128 3816 εἶναι
3157 3761 3255 3816 καὶ
3304 3758 3564 3828 λέγεσθαι
3599 3757 3843 3811 τοιούτου
3873 3755 4039 3820 Θεοῦ,

2459 3859 2678 3931 παρίδοι
2707 3858 2765 3912 δί
2798 3856 2978 3911 καὶτὸ
3002 3852 3273 3908 δύνασθαι
3308 3851 3468 3919 ἆγε-ιν
3503 3851 3681 3903 πάντα
3725 3848 3821 3902 καὶ
3867 3864 4034 3917 μετα-

2455 3952 2674 4005 ϐάλλειν
2699 3944 2788 4004 οἷα
2824 3949 2984 4018 μόνος
3015 3946 3178 4008 αὑτός
3204 3961 3266 4013 γε
3310 3943 3468 4008 Θεὸς,
3516 3943 3611 3994 καὶ
3638 3940 3877 4008 τυφλοὺς
3907 3939 4031 4008 μὲν,

2457 4043 2678 4113 βλέπειν
2710 4043 2907 4104 ποιεῖν,
2943 4038 3150 4108 χωλοὺς
3181 4037 3240 4088 δὶ
3278 4035 3558 4098 ἅλλεσθαι,
3598 4033 3700 4104 ὅρη
3740 4048 3800 4085 τε
3833 4035 4029 4093 κινεῖν,

2454 4137 2550 4188 καὶ
2580 4134 2808 4203 νεκροὺς
2852 4130 3098 4200 ἀνιστᾷν,
3146 4131 3240 4182 καὶ
3272 4126 3458 4186 ἁπλῶς
3480 4128 3581 4196 τὴν
3614 4126 3794 4177 κτίσιν
3850 4124 4033 4176 πᾶσαν

2459 4229 2775 4300 μεταποιεῖν
2809 4227 2955 4296 μόνῳ
2987 4225 3131 4294 λόγῳ
3176 4221 3272 4275 καὶ
3311 4221 3544 4290 νεύματι
3584 4235 3599 4250 °
3645 4214 3766 4272 εἷτα
3824 4219 3919 4270 καὶ
3971 4217 4033 4268 τὸ

2454 4320 2666 4391 χαίρειν
2703 4317 2798 4371 καὶ
2845 4313 3154 4386 βασιλεύειν
3187 4312 3425 4374 αίωνίως
3481 4309 3744 4378 ἐχέγγυον
3785 4307 3952 4376 ἔχειν,
4000 4307 4031 4358 6

2453 4412 2643 4466 τοῦτον
2678 4407 3018 4473 καταλιπὼν,
3054 4405 3149 4460 καὶ
3186 4405 3322 4476 πρὸς
3353 4402 3609 4470 τοιαύτην
3647 4400 4033 4470 μακαριότητα

781 4503 963 4548 autem
993 4501 1204 4547 vestros
1227 4491 1360 4547 deos
1393 4491 1597 4558 colere,
1622 4500 1677 4546 et
1705 4506 1825 4547 esse
1871 4492 2061 4546 consul
2093 4503 2148 4546 et
2177 4492 2347 4562 impe-
2385 4534 2425 4588 ο
2459 4523 2463 4572 ι

2345 4522 2347 4531 ν
2385 4534 2425 4588 D
2459 4501 2636 4572 μύσας
2665 4503 2792 4564 τοὺς
2814 4499 3152 4570 ὀφθαλμοὺς,
3189 4495 3445 4588 ἑλόμενος
3468 4494 3525 4588 δὲ
3558 4495 3694 4588 τοὺς
3727 4492 4027 4588 ύμετέρους

781 4595 952 4648 rator,
983 4584 1235 4656 quisnam
1266 4585 1310 4639 is
1338 4583 1435 4639 tibi
1464 4583 1785 4638 videretur?
1810 4581 1926 4637 Non
1951 4599 2082 4638 vere
2125 4586 2349 4651 stultus,

782 4693 889 4730 non
924 4688 1114 4730 emota:
1144 4677 1440 4742 mentis,et
1473 4675 1564 4746 qui
1598 4675 1760 4746 longe
1790 4673 1965 4740 abest,
2002 4684 2061 4731 ut
2089 4676 2354 4748 intelligat

777 4769 925 4838 quod
958 4770 1028 4824 sit
1062 4769 1424 4825 conducibile.

847 4907 1016 4962 XXX.
1043 4906 1336 4977 Propterea
1358 4906 1545 4978 igitur,
1573 4921 1607 4961 ο
1626 4909 1943 4975 imperator,
1961 4920 2064 4977 ego
2081 4919 2347 4971 errorem,

778 5007 827 5052 ct
866 4997 1078 5052 fabulas
1101 5005 1329 5061 vestras,
1352 5007 1408 5052 et
1432 4996 1567 5053 deos
1587 4997 1959 5059 abominatus,
1992 5006 2048 5052 et
2078 4999 2352 5069 abnegata

777 5091 881 5144 hac
905 5091 1076 5156 omni,
1116 5105 1235 5160 quze
1259 5091 1497 5159 videtur,
1523 5091 1810 5154 felicitate,
1847 5089 1912 5144 ad
1949 5093 2127 5145 solum
2181 5092 2352 5146 Deum

780 5179 1010 5243 accessi,
1037 5193 1092 5235 et
1114 5182 1298 5246 malui,
1338 5193 1398 5236 ut
1423 5182 1537 5252 ipse
1561 5182 1764 5245 dixisti,
1797 5197 1917 5237 esse
1936 5181 2146 5246 infelix,
2171 5183 2355 5252 potius

782 5272 956 5327 videri
1005 5274 1228 5339 stultus,
1267 5291 1428 5344 quam
1491 5289 1612 5330 esse
1637 5275 1865 5344 eligens.
1922 5275 2101 5344 Atque
2161 5285 2349 5329 nostra

780 5367 1000 5435 quidem
1025 5384 1089 5422 ex
1124 5369 1188 5424 iis
1210 5385 1331 5438 quze
1362 5370 1730 5440 audiisti,jam
1753 5370 2015 5424 didicisti.
2041 5371 2146 5425 Res
2170 5380 2350 5426 autem

781 5459 984 5513 Christi
1014 5458 1060 5513 si
1092 5462 1226 5516 velis
1276 5462 1619 5530 experientia
1669 5463 1904 5527 discere,
1938 5478 2004 5516 ne
2050 5464 2346 5518 cuncteris.

781 5551 1037 5620 Excogita
1069 5554 1177 5606 cito
1208 5555 1259 5606 in
1285 5569 1384 5608 nos
1408 5569 1666 5625 magnum
1690 5555 1911 5625 aliquod
1942 5563 1998 5609 et
2029 5571 2191 5625 grave
2218 5572 2348 5626 sup-

779 5643 1020 5712 plicium,
1045 5653 1099 5697 et
1130 5646 1174 5700 si
1201 5645 1299 5699 tibi
1325 5645 1460 5700 forte
1489 5646 1641 5701 d'eest
1668 5647 1870 5717 aliquid
1895 5648 1960 5701 ad
1987 5649 2344 5718 excogitanda

779 5734 1071 5802 supplicia,
1098 5751 1197 5805 ego
1221 5737 1314 5807 qui
1365 5753 1566 5807 magna.
1599 5739 1652 5792 in
1686 5739 1770 5792 his
1820 5739 2213 5795 exercitatione
2275 5739 2341 5794 ad

777 5842 1045 5882 summam
1101 5832 1793 5903 proccssicxperientiam,
1830 5849 1892 5889 ea
1949 5851 2167 5905 quoque
2221 5849 2342 5904 qua!

2458 4594 2640 4647 σέϐειν
2669 4593 2825 4654 θεοὺς
2857 4592 2953 4644 καὶ
2996 4590 3202 4652 ’ύπατος
3233 4582 3374 4640 εἶναι
3414 4587 3508 4641 καὶ
3551 4584 3829 4656 βασιλεὺς,
3883 4582 3937 4636 τί
3963 4581 4032 4635 ἄν

2456 4705 2544 4741 σοι
2573 4684 2751 4750 ἔδοξεν
2775 4679 2930 4747 οὗτος
2958 4699 2972 4749 ;
2999 4682 3097 4751 οὐχ
3121 4680 3200 4744 ὡς
3245 4678 3464 4748 ἀληθῶς
3526 4676 3750 4748 μωρόςς
3802 4674 3906 4728 οὐκ
3941 4672 4031 4726 εκ-

2455 4796 2648 4849 φρωνς
2684 4778 2747 4831 ού
2787 4775 2989 4829 πολλοῦ
3021 4774 3157 4828 δέων
3187 4775 3248 4828 τδ
3289 4773 3536 4826 συνοῖσον
3569 4771 3794 4840 φρονεῖν
3821 4786 3836 4835 ;

2523 4915 2602 4969 Λ’.
2631 4914 2730 4968 Διὰ
2757 4913 2930 4966 ταῦτα
2951 4909 3132 4964 τοίνυν
3155 4906 3292 4978 δγὼ,
3336 4904 3587 4979 βασιλεῦ,
3653 4905 3755 4976 τὴν
3814 4903 4025 4973 πλάνην

2457 5003 2553 5056 καὶ
2583 5003 2711 5066 τοὺς
2741 5000 2946 5072 μύθους
2977 5002 3103 5063 τοὺς
3148 4999 3450 5069 ὑμετέρους
3485 4996 3583 5051 καὶ
3629 4994 3789 5060 θεοὺς
3835 4994 4026 5065 βδελυ-

2462 5095 2716 5165 ξάμενος,
2749 5095 2841 5147 καὶ
2869 5096 3052 5147 πᾶσαν
3075 5094 3177 5162 τὴν
3209 5090 3550 5162 φαινομένην
3586 5088 3793 5158 ταύτην
3843 5087 4024 5140 εὒδαιο

2461 5187 2653 5257 μονίαν
2679 5187 3146 5258 ὶξαρνησάμενος,
3197 5184 3344 5254 μόνῳ
3401 5199 3463 5236 τε
3519 5179 3904 5253 προσέδραμον
3946 5177 4023 5247 τῷ

2452 5278 2696 5351 Χριστῷ.
2721 5281 2816 5332 καὶ
2848 5278 3317 5346 κακοδαιμνονεῖν,
3371 5274 3447 5337 ὡς
3477 5273 3641 5336 αὐτὸς
3673 5268 3860 5336 εἶπας,
3895 5271 4023 5338 ἠγά-

2454 5389 2626 5443 πησα,
2656 5372 2716 5425 τὸ
2741 5373 2918 5425 δοκεῖν
2945 5371 3038 5424 τοῦ
3088 5364 3228 5422 εἶναι
3268 5367 3451 5438 μωρὸς
3502 5363 3893 5435 προελόμενος.
3942 5360 4023 5412 τὰ

2457 5467 2554 5538 μὲν
2586 5465 2678 5519 οὖν
2704 5466 2949 5535 ἡμέτερα
2983 5463 3041 5529 ἐξ
3069 5461 3248 5516 αὐτῶν
3277 5459 3434 5530 ήμῶν
3483 5458 3584 5528 ήδη
3628 5454 3870 5514 ἀκούσας
3931 5468 4019 5520 με-

2457 5556 2707 5628 μάθηκας
2744 5571 2758 5584 ·
2795 5555 2863 5608 τὰ
2897 5557 2952 5608 δὲ
2978 5554 3070 5608 τοῦ
3107 5551 3377 5624 Χριστοῦ,
3411 5549 3466 5603 εἴ
3500 5565 3565 5618 γε
3614 5545 3796 5617 βούλει
3851 5542 4018 5612 πείρᾳ

2457 5650 2667 5718 μαθεῖν,
2706 5649 2778 5719 μὴ
2831 5648 3010 5713 μέλλε.
3057 5645 3294 5700 Ἑπινόει
3348 5643 3408 5697 δὲ
3452 5641 3655 5710 πολλήν
3698 5654 3823 5693 τινα
3884 5639 4019 5704 ταχτδ

2454 5744 2547 5796 καὶ
2573 5741 2749 5811 δεινὴν
2782 5739 2905 5796 καθ’
2932 5739 3089 5810 ήίιῶν
3131 5738 3362 5806 βάσανον
3388 5751 3403 5766 ’
3436 5734 3527 5787 καὶ
3551 5733 3603 5786 εί
3649 5732 3701 5784 τί
3750 5747 3831 5784 σοι
3856 5729 4020 5784 ἑνδέει

2455 5835 2588 5907 πρὶς
2623 5837 2682 5886 τὸ
2710 5828 2944 5887 ἐπινοεῖν
2984 5831 3346 5901 κολαστήρια,
3384 5829 3520 5896 ἐγὼ,
3554 5827 3621 5896 τῇ
3675 5824 3804 5894 περὶ
3843 5819 4022 5875 ταῦτα
