4260 6430
236 393 349 457 403

1131 393 1597 456 MARTYRIUM
1641 394 1698 452 S.
1744 390 1976 451 ΜΕΝὲ
2016 393 2109 452 ΕΤ
2147 392 2554 459 SOCIORUM.

3396 388 3503 450 4Οὸ

237 502 414 572 πολλῇ
473 501 755 572 γυμνασίᾳ
812 501 950 571 πρὸς
1006 501 1317 572 ὀδροτάτην
1366 506 1562 574 πεῖραν
1610 502 1875 566 “Odm!

1931 512 2161 565 restant,
2198 504 2469 559 revocabo
2498 505 2551 558 in
2576 505 2916 558 memoriam.
2952 484 3385 572 Objice‘bestiis,
3411 503 3507 559 de-

239 594 553 665 ὺπομνήσω
576 594 646 647 τὰ
700 595 795 646 καὶ
844 592 1171 663 λειπόμενα.
1226 594 1531 649 ’Υπόὸαλλε
1585 594 1821 665 Θηρίοις,

237 687 378 741 ὤθει
423 686 566 740 κατὰ
612 685 887 756 κρημνοῦ,
945 685 1183 741 κατάδυε
1232 688 1300 758 τῇ
1355 686 1620 758 θαλάττῃ,
1650 689 1719 755 τῇ
1753 688 1825 756 γῇ
1866 748 1872 752 ε

241 781 571 850 κατόρυττι,
625 781 794 850 τέμνε
853 780 1016 850 ξίφει,
1082 784 1207 833 καῖε
1247 782 1405 851 πυρὶ,
1454 782 1673 849 ἑκάστῳ
1717 780 1826 835 τῶν

245 872 431 942 μελῶν
468 874 784 943 πρόσφορον
835 875 1041 928 ἐπινόει
1091 875 1184 928 καὶ
1216 874 1458 929 κόλασιν.
1517 875 1676 929 Οὕτω
1716 874 1825 946 γὰρ

243 966 404 1033 κάγὼ
430 966 537 1035 πρὸ
562 966 764 1035 μικροῦ
794 966 1128 1035 τυφλώττων
1158 968 1438 1036 πεποίηκα
1464 968 1541 1039 τῷ
1566 969 1686 1039 ὲμῷ
1712 987 1825 1038 φωο

243 1058 408 1127 στῆρι
438 1058 537 1122 καὶ
576 1058 713 1129 πρὸς
760 1058 862 1130 τὴν
904 1061 1171 1131 ἀλήθειαν
1222 1062 1709 1132 χειραγωγήσαντι
1754 1080 1822 1131 με

238 1148 431 1219 Μηνᾷ.
475 1150 535 1202 Ὀ
567 1150 668 1218 μὲν
698 1147 793 1204 οὖν
826 1150 1018 1221 δῆμος,
1050 1150 1195 1206 οὕτω
1227 1153 1326 1204 σὺν
1355 1153 1518 1226 τέχνῃ
1554 1154 1648 1205 καὶ
1681 1157 1825 1225 παῤ-

241 1241 411 1311 ρησία
431 1241 523 1294 τοῦ
542 1242 904 1313 Ἑρμογένους
923 1244 1194 1309 εἰπόντος,
1212 1247 1310 1312 τῆς
1326 1262 1385 1297 τε
1415 1245 1636 1315 ἀνδρίας
1659 1246 1822 1299 αὑτὸν

240 1336 341 1389 καὶ
372 1336 471 1402 τῆς
503 1334 641 1405 πρὸς
676 1336 736 1387 τὸ
784 1335 970 1403 λέγειν
1016 1337 1301 1405 δυνάμεως
1344 1338 1772 1407 κατεπλάγησαν
1804 1352 1820 1369 °

240 1430 269 1482 δ
301 1429 358 1481 δὲ
394 1428 670 1497 βασιλεὺς.
706 1430 831 1480 ἐπεὶ
863 1431 999 1499 μήτε
1026 1432 1312 1482 ἀντειπεῖν
1359 1426 1472 1499 εἶχε
1501 1413 1615 1490 τοῖς
1664 1432 1820 1501 εἰρη-

245 1525 429 1586 μένοις
464 1521 513 1583 (ὃ
552 1536 606 1571 τε
641 1519 749 1587 γὰρ
779 1519 953 1589 δῆμος
988 1523 1316 1592 ἐμαρτύρει,
1370 1527 1464 1577 καὶ
1520 1526 1582 1578 τὸ
1632 1524 1821 1595 θαῦμα

242 1611 386 1662 κατὰ
420 1611 716 1679 πρόσωπον
740 1612 973 1680 ἵστατο),
1009 1614 1127 1683 ἃμα
1173 1631 1230 1666 τε
1267 1614 1593 1684 διανοηθεὶς,
1621 1619 1717 1681 ὡς,
1770 1620 1820 1670 εἰ

242 1703 486 1770 χωρήσοι
530 1702 658 1771 προς
687 1705 784 1768 τὴν
809 1702 989 1773 πάλην
1020 1705 1129 1757 τῶν
1161 1706 1355 1771 λόγων,
1387 1708 1820 1777 αἰσχυνθήσεται

244 1793 348 1860 μὲν
384 1795 568 1853 αὐτὸς,
604 1794 1026 1866 ἐλεγχθήσονται
1074 1796 1132 1850 δὲ
1181 1801 1277 1851 καὶ
1327 1800 1378 1852 oi
1429 1800 1620 1853 τούτου
1670 1802 1793 1853 θεοὶ

240 1889 448 1956 ἀπορία
481 1891 575 1940 καὶ
606 1887 750 1958 λύπῃ
783 1890 1128 1959 περισχεθεὶς
1161 1891 1454 1945 ἐκέλευσεν
1481 1893 1680 1946 αὐτίκα
1721 1894 1819 1957 τάς

239 1994 296 2031 τι
336 1983 525 2047 χεῖρας
558 1979 650 2030 τοῦ
680 1981 836 2045 άγῖου
885 1983 980 2034 καὶ
1027 1982 1154 2045 τοὺς
1203 1985 1390 2046 πόδας,
1445 1986 1545 2049 τὰς
1607 1987 1706 2056 μὲν
1756 1990 1821 2041 ὲκ

236 2074 349 2124 τῶν
382 2072 571 2141 ὤμων,
604 2075 728 2134 τοὺς
756 2074 812 2127 δὲ
840 2075 948 2126 τῶν
980 2077 1226 2143 γονάτων
1254 2077 1395 2145 ξίφει
1442 2081 1819 2149 ἀποτεμόντας

237 2167 335 2218 καὶ
362 2166 428 2217 τὰ
462 2167 616 2218 ἔνδον
661 2167 841 2220 πάντα
887 2167 1211 2238 διαρρυῆναι
1260 2173 1816 2240 παρασκευάσαντας,

1803 1842 1818 1867 ⁹
1853 1843 1893 1897 Β

1930 598 2090 652 turba
2123 611 2153 651 e
2184 596 2505 666 praecipitio,
2533 597 2667 651 mari
2695 595 2891 660 obrue,
2920 606 3065 650 terra
3099 593 3303 661 infode,
3326 596 3505 665 gladio

1929 691 2140 753 scinde,
2168 690 2276 759 igni
2296 689 2582 751 combure,
2610 690 2907 758 unicuique
2929 690 3177 743 membro
3194 691 3503 758 appositum

1926 782 2174 851 excogita
2210 781 2563 851 supplicium.
2614 779 2707 833 Sic
2752 781 2900 834 enim
2958 793 3060 848 ego
3090 794 3306 847 quoque
3342 777 3526 847 paulo.

1926 883 2050 928 ante
2084 876 2400 937 excutiens,
2438 873 2540 927 feci
2578 888 2702 927 meo
2726 870 3012 931 luminari,
3040 878 3095 924 et
3144 870 3239 938 qui
3275 885 3361 923 me
3406 870 3503 923 de-

1926 966 2079 1019 duxit
2106 965 2171 1018 ad
2205 968 2515 1027 veritatem,
2539 964 2728 1018 Menas.
2766 964 2946 1031 Atque
2971 961 3210 1031 populus
3254 960 3501 1030 quidem,

1924 1073 2048 1112 cum
2086 1066 2193 1109 tam
2227 1056 2520 1110 artiﬂciose
2550 1066 2604 1111 et
2650 1056 2822 1111 libere
2850 1055 3079 1109 dixisset
3106 1053 3499 1123 Hermogenes,

1925 1149 2229 1204 admiratus
2273 1158 2357 1203 est
2406 1149 2525 1218 ejus
2559 1147 2727 1201 animi
2762 1148 3043 1211 virtutem,
3068 1157 3123 1201 et
3176 1145 3394 1199 dicendi
3418 1144 3499 1200 fa-

1924 1243 2209 1297 cultatem.
2242 1242 2541 1310 Imperator
2567 1250 2749 1294 autem
2785 1256 2909 1295 cum
2938 1255 3040 1294 nec
3070 1239 3339 1293 adversus
3366 1252 3489 1307 quas

1924 1333 2067 1388 dicta
2096 1334 2327 1396 fuerant,
2355 1344 2541 1403 posset
2571 1332 2776 1400 aliquid
2800 1333 2986 1386 dicere
3019 1332 3165 1399 (nam
3190 1340 3241 1385 et
3266 1329 3503 1399 populus

1924 1424 2343 1487 tesiiﬂcabatur,
2365 1437 2419 1479 et
2438 1426 2491 1479 in
2516 1435 2812 1493 conspectu
2840 1426 2960 1493 ejus
2981 1430 3101 1477 erat
3130 1414 3454 1475 miraculum
3471 1447 3503 1483 -,

1921 1530 1979 1576 et
2009 1520 2171 1575 simul
2204 1521 2450 1589 cogitans
2476 1518 2622 1588 quod
2653 1518 2697 1571 si
2734 1516 2803 1569 ad
2854 1517 3071 1571 dicendi
3124 1515 3339 1569 veniret
3370 1529 3506 1567 con-

1925 1614 2252 1676 tentionem,
2311 1613 2427 1681 ipse
2480 1611 2702 1680 quidem
2746 1609 2958 1679 pudore
2988 1607 3317 1669 aﬂiceretur,
3388 1607 3505 1674 ejus

1922 1719 2054 1759 vero
2085 1705 2160 1757 dii
2190 1704 2594 1763 refellerentur,
2626 1701 2793 1756 animi
2843 1699 3046 1755 dubius
3091 1710 3147 1753 et
3203 1698 3392 1752 dolore
3425 1695 3505 1748 af-

1924 1794 2118 1860 fectus,
2145 1796 2313 1865 jussit
2349 1793 2522 1847 sancti
2566 1808 2761 1846 manus
2802 1800 2858 1846 et
2906 1791 3093 1861 pedes,
3127 1790 3249 1844 illas
3280 1787 3502 1857 quidem

1921 1906 1987 1944 ex
2016 1890 2283 1953 humeris,
2317 1890 2418 1942 hos
2447 1899 2629 1941 autem
2654 1903 2720 1941 ex
2751 1886 2983 1955 genibus
3002 1900 3131 1938 ense
3164 1890 3498 1951 amputatos,

1924 1982 2045 2051 ipso
2078 1982 2318 2045 vidente,
2340 1979 2523 2051 jaciin
2556 1979 2736 2032 focum
2770 1978 2931 2045 ignis.
2969 1974 3177 2030 Deinde
3216 1988 3341 2027 cum
3368 1987 3503 2026 ven-

1922 2082 2059 2126 trem
2087 2081 2250 2127 conto
2269 2072 2691 2140 percussissem,
2709 2079 2765 2123 et
2782 2068 2964 2121 omnia
2982 2065 3299 2120 effecissent
3333 2063 3505 2117 ﬂuere

1924 2164 2216 2227 intestina,
2254 2164 2305 2215 id
2339 2163 2486 2231 quod
2515 2161 2757 2215 restabat
2778 2160 2956 2212 adhuc
2975 2158 3388 2226 spiransjacere
3408 2168 3509 2208 eos

235 2259 298 2311 τὸ
333 2259 706 2329 περιλειφθὲν,
762 2261 842 2313 ἔτι
883 2262 1147 2331 ἐμπνέον,
1194 2264 1480 2318 ἀκοντίσαι
1533 2268 1675 2321 κατὰ
1721 2268 1815 2321 τοῦ

1926 2254 2078 2319 iussit
2103 2256 2157 2308 in
2188 2254 2435 2317 ﬂuvium,
2464 2256 2557 2323 qui
2578 2252 2900 2323 praeterﬂuit
2926 2251 3226 2304 civitatem.
3253 2247 3507 2300 Lictores

234 2356 336 2420 τὴν
368 2353 524 2405 πόλιν
563 2356 973 2425 παραρρέοντος
1020 2358 1291 2427 ποταμοῦ.
1340 2362 1400 2411 Ol
1433 2360 1532 2429 μὲν
1582 2360 1677 2415 οὖν
1723 2364 1816 2434 δή·

238 2462 351 2513 μιοι
385 2445 577 2511 γυμνὰ
606 2446 671 2497 τά
704 2446 834 2512 ξίφη
866 2446 1146 2515 φέροντες,
1198 2448 1294 2499 καὶ
1344 2449 1557 2520 ἀπηνὲς
1597 2449 1819 2519 βλέπον-

230 2551 327 2597 τες
358 2536 584 2605 φοϐεροί
615 2553 760 2597 τινες
791 2536 943 2598 ὄντες
976 2538 1072 2591 καὶ
1112 2538 1274 2607 μόνον
1322 2538 1472 2603 ἰδεῖν,
1517 2543 1608 2593 τὸν
1658 2541 1815 2607 ἅγιον

230 2628 595 2698 περισχόντες
622 2630 802 2691 εὐθὺς,
823 2630 919 2681 νῦν
952 2632 1049 2699 μὲν
1084 2630 1250 2683 αὑτοῦ
1277 2630 1376 2692 τὰς
1405 2634 1594 2701 χεῖρας
1620 2634 1812 2701 ὠμῶς,

230 2716 392 2783 αὖθις
423 2721 477 2773 δὲ
514 2722 768 2780 καὶτοὺς
818 2722 985 2785 πόδας
1036 2722 1280 2792 ἀνηλεῶς
1333 2724 1585 2793 ἔτεμνον.
1647 2724 1706 2779 '0
1757 2726 1814 2779 δὲ

230 2814 444 2881 ἔκαμνε
480 2814 579 2882 μὲν
607 2811 932 2882 ἐπαλλήλοις
981 2818 1100 2877 ταῖς
1126 2815 1390 2884 ἀλγηδόσι
1455 2816 1807 2886 βαλλόμενος,

232 2908 589 2976 ἐνεκαρτέρει
640 2908 697 2960 δὲ
746 2908 939 2972 οὔτως,
1004 2907 1195 2978 ὥσπερ
1252 2909 1351 2961 οὐκ
1378 2907 1541 2970 αὐτὸς
1587 2910 1815 2980 πάσχων

232 2997 354 3047 ἀλλ’
389 2998 594 3065 ἑτέρων
632 2998 839 3066 μᾶλλον
869 2997 1236 3065 αἰκιζομένων
1270 2997 1347 3050 ὢν
1383 2999 1608 3070 θεατής.

308 3090 434 3143 AA'.
479 3088 563 3150 Ὣς
592 3089 649 3141 δὲ
698 3090 893 3144 καὶτὰ
943 3091 1111 3143 αὐτοῦ
1170 3091 1309 3159 μέλη
1358 3091 1434 3157 τῷ
1479 3094 1616 3163 πυρὶ
1666 3094 1811 3166 ἑώρα

232 3182 751 3247 γατατεφρούμενα,
794 3182 984 3250 διάρας
1004 3182 1201 3252 μικρόν
1223 3200 1273 3235 τι
1297 3183 1394 3253 τὴν
1419 3183 1681 3255 κεφαλὴν,
1716 3192 1812 3239 καὶ
1841 3190 1879 3242 C

232 3274 373 3342 me;
394 3272 487 3342 τὴν
512 3273 749 3341 ἐσχάραν
767 3274 1065 3342 ἐμϐλέψας,
1080 3272 1172 3335 Ὠς
1199 3275 1491 3344 μακάριος,
1511 3270 1685 3339 εἶπεν,
1706 3277 1817 3346 ἐγὼ

230 3368 320 3416 ὅτι
353 3382 453 3428 μου
477 3364 575 3426 τὰς
599 3370 785 3433 χεῖρας
823 3364 1278 3427 διαπετασθείσας
1310 3366 1439 3419 ποτὲ
1475 3366 1618 3431 θεοῖς
1665 3369 1821 3423 ἀλλο-

229 3458 412 3522 τρίοις
446 3460 539 3510 καὶ
577 3458 701 3519 τοὺς
745 3458 912 3520 πόδας
934 3460 991 3508 ἐν
1021 3460 1203 3531 πλάνῃ
1248 3465 1756 3530 περιπατήσαντας,
1789 3466 1817 3516 ὁ

232 3552 478 3619 Χριστὸς
510 3554 588 3613 εἰς
616 3550 811 3603 ουσίαν
828 3551 1286 3621 ὁλοκαρπούμενα
1312 3554 1553 3623 σήμερον
1576 3554 1811 3623 δέχεται.

238 3643 450 3693 Αὐτίκα
477 3643 656 3694 τοίνυν
684 3645 732 3695 οἱ
760 3643 1095 3711 στρατιῶται
1128 3645 1271 3713 μετὰ
1323 3644 1422 3713 τὴν
1450 3645 1557 3699 τῶν
1610 3645 1814 3716 χειρῶν

230 3750 295 3785 τε
332 3736 425 3786 καὶ
456 3734 634 3785 ποδῶν
663 3734 904 3804 ἐκτομὴν
946 3737 1083 3805 πρὸς
1113 3737 1214 3807 τὴν
1257 3738 1502 3807 γαστέρα
1546 3738 1814 3807 ἐχώρουν,

233 3826 331 3877 καὶ
358 3826 537 3894 κοντῷ
573 3826 673 3894 μὲν
704 3825 876 3895 αὐτὴν
906 3827 1136 3895 ετυψαν,
1168 3828 1234 3881 τὰ
1268 3829 1477 3897 ἔγκατα
1511 3830 1567 3881 δὲ
1616 3832 1809 3901 ὲρρἰη.

230 3919 407 3978 Αὐτὸς
461 3918 539 3980 δὲ,
595 3918 863 3971 ἐκλείπων
924 3917 1023 3989 μὶν
1086 3915 1151 3990 ἦν
1190 3921 1291 3991 ἤδη
1330 3925 1425 3974 καὶ
1477 3922 1709 3990 ἁδρανὲς
1760 3940 1814 3976 τι

231 4008 565 4077 περισὼζων
618 4010 680 4062 τὸ
740 4010 981 4080 πνεῦμα,
1033 4011 1178 4065 οὕτω
1229 4014 1284 4066 δὲ
1339 4010 1488 4082 εἶχεν
1538 4014 1814 4082 εὐψύχως,

229 4102 426 4171 ὥσπερ
456 4100 579 4170 ἄρτι
614 4102 724 4153 τῶν
756 4100 987 4169 ἀγώνων
1035 4104 1359 4173 ἀρχόμενος.
1424 4107 1545 4158 Ἔτι
1578 4103 1673 4160 οὖν
1719 4109 1817 4177 ἐμ-

230 4194 469 4246 πνέοντα
496 4193 687 4245 τοῦτον
717 4197 763 4246 οἱ
801 4194 1132 4262 στρατιῶται
1163 4195 1643 4269 λαῦῧντες,ὤσπερ
1673 4194 1815 4267 ἦσαν

231 4286 729 4353 προστεταγμένοι,
771 4285 847 4353 τῷ
886 4286 1117 4355 ποταμῷ
1154 4289 1597 4344 κατεπόντωσαν.
1656 4290 1814 4345 Ἐπεὶ

228 4378 287 4430 δὲ
325 4376 631 4445 Μαξιμῖνος
687 4378 789 4446 τὴν
818 4371 1086 4445 περὶτδν
1154 4380 1410 4449 μάρτυρα
1476 4383 1815 4453 Ἑρμογένην

231 4470 495 4539 φροντέδα
538 4470 636 4536 ὀ·ᾇέ
672 4486 771 4521 που
816 4470 909 4521 καὶ
958 4469 1110 4537 μόλις
1152 4472 1595 4538 ἀπεσκευάσατο,
1650 4475 1812 4537 εὐθὺς

229 4563 329 4629 τῆς
365 4563 494 4629 περὶ
527 4563 617 4613 τὸν
655 4562 927 4629 μακάριον
959 4561 1152 4631 Μηνᾶν
1210 4563 1394 4631 εἴχετο
1441 4564 1805 4634 διασκέψεως.

229 4652 432 4713 Δείσας
467 4651 525 4702 δὲ
578 4650 651 4718 μή
685 4666 816 4701 ποτε
853 4649 990 4718 πρὸς
1035 4649 1230 4717 λόγους
1276 4652 1425 4721 αὐτῷ
1484 4654 1806 4723 γενόμενος,

232 4747 356 4796 ἐπεὶ
386 4744 653 4811 κρείττων
691 4744 725 4813 ἢ
765 4744 905 4795 κατὰ
932 4742 1223 4812 ἄνθρωπον
1252 4746 1537 4813 ἐνομίζετο
1586 4751 1700 4810 τοῖς
1750 4766 1808 4801 τε

230 4837 477 4904 (θαύμασι
508 4837 603 4889 καὶ
636 4839 701 4905 τῇ
735 4836 865 4905 περὶ
895 4836 953 4888 τὸ
1000 4836 1181 4903 λέγειν
1234 4838 1377 4906 ἰσχύϊ
1409 4878 1423 4901 ,
1483 4840 1643 4903 αὐτὸς
1708 4839 1809 4907 μὲν

231 4931 515 5001 ἡττηθεὶς,
549 4930 813 4998 αἰσχύνην
848 4930 1013 5002 ὄφλῃ,
1063 4932 1454 5001 προσαπολέσῃ
1492 4934 1548 4985 δὲ
1578 4934 1669 4985 καὶ
1710 4933 1807 4995 οὓς

231 5022 383 5092 εἶχεν
416 5024 496 5075 ἔτι
535 5026 599 5090 τῇ
636 5023 815 5093 πλάνῃ
842 5025 1299 5092 κατισχομένους,
1344 5028 1458 5086 τοῖς
1494 5025 1588 5077 τοῦ
1644 5026 1804 5092 ἁγίου

230 5116 511 5183 θαύμασιν
556 5114 899 5182 ὑπαίθέντας
958 5114 1096 5184 πρὸς
1148 5114 1248 5182 τὴν
1297 5114 1578 5182 ἀλήθειαν,
1629 5118 1808 5168 πάντα

228 5203 641 5273 παραδραμὼν,
680 5204 893 5256 κελεύει
923 5204 1155 5271 ζοφώδει
1184 5204 1292 5257 τινὶ
1335 5205 1429 5257 καὶ
1466 5206 1807 5276 παραϐύστῳ

229 5296 701 5356 κιτακλεζσαντας
749 5296 963 5367 φυλακῇ
1011 5298 1203 5367 πρῖῦτα
1243 5299 1342 5365 μὲν
1390 5299 1574 5362 αὐτὸν,
1632 5298 1801 5367 ἐκδή-

231 5408 437 5451 σαντας
470 5393 579 5442 τῶν
606 5390 826 5460 χειρῶν,
859 5390 1155 5459 ἐξαρτῆσαι
1189 5391 1283 5443 τοῦ
1315 5392 1540 5457 στέγους
1579 5407 1592 5420 ’
1621 5393 1811 5444 ἔπειτα

231 5485 328 5535 καὶ
362 5482 510 5533 λίθον
544 5483 709 5535 αὑτοῦ
739 5484 847 5535 τῶν
871 5484 1045 5535 ποδῶν
1081 5485 1423 5553 ἐκκρεμάσαι
1448 5483 1590 5536 οὕτω
1615 5484 1808 5553 βαρὺν,

230 5573 375 5623 ὥστε
416 5575 507 5623 καὶ
544 5574 731 5645 ἁμάξῃ
758 5574 985 5627 τεοέντα
1032 5575 1107 5643 μὴ
1133 5576 1368 5644 φορητὶν
1406 5571 1545 5625 εἶναι
1574 5575 1804 5643 ῥαδίως·

232 5657 354 5709 εἶτα
397 5659 727 5712 καταλιπεῖν
762 5661 947 5726 αὑτὸν,
980 5662 1121 5715 ὥστε
1150 5663 1564 5716 διασπασθέντα
1618 5662 1807 5731 βιαίως

230 5752 371 5803 ἀτςο
383 5756 546 5805 κυεῖν.

300 5847 426 5901 AB'.
494 5847 667 5912 Εὐθὺς
719 5848 811 5902 οὖν
858 5850 905 5902 ei
977 5850 1111 5919 πρέις
1186 5848 1354 5903 ταῦτα
1408 5849 1811 5920 δι;ντρ·ίοῦ·τε;

1917 2364 2048 2417 ergo
2068 2348 2244 2401 nudos
2263 2363 2424 2402 enses
2468 2347 2733 2409 ferentes,
2775 2342 3152 2399 etcrudeliter
3201 2341 3505 2401 intuentes,

1917 2457 2042 2498 cum
2076 2453 2259 2497 essent
2315 2443 2401 2495 vel
2454 2442 2572 2495 solo
2626 2450 2849 2509 aspectu
2908 2435 3207 2499 terribiles,
3250 2442 3501 2488 sanctum

1918 2535 2101 2589 statim
2137 2535 2628 2593 circumsistentes,
2682 2530 2923 2599 primum
2949 2528 3176 2598 quidem
3198 2525 3502 2580 crudeliter

1919 2643 2135 2694 manus,
2167 2628 2362 2683 deinde
2394 2641 2586 2680 rursus
2606 2638 2824 2694 quoque
2852 2620 3019 2690 pedes
3048 2617 3361 2672 immaniter
3382 2632 3502 2671 am-

1916 2732 2269 2791 putaverunt.
2309 2720 2399 2774 Ille
2427 2728 2608 2773 autem
2644 2717 2927 2771 laborabat
2953 2714 3175 2781 quidem
3238 2710 3501 2778 frequen—

1919 2817 2067 2871 tibus
2093 2816 2379 2870 confectus
2400 2813 2683 2869 doloribus
2710 2811 2881 2865 :adeo
2912 2824 3045 2863 vero
3064 2823 3119 2862 se
3146 2806 3341 2860 fortem
3368 2819 3503 2873 prae-

1916 2910 2100 2974 bebat,
2132 2924 2195 2962 ac
2226 2911 2267 2962 si
2302 2924 2411 2961 non
2467 2906 2583 2975 ipse
2629 2912 2935 2974 pateretur,
2999 2904 3095 2956 sed
3121 2900 3260 2955 alios
3314 2897 3504 2968 potius

1917 3002 2137 3055 videret
2175 3002 2403 3055 aﬂ‘ectos
2428 2998 2737 3067 suppliciis.

1989 3093 2182 3149 XXXI.
2222 3095 2514 3161 Postquam
2543 3101 2728 3146 autem
2763 3088 2903 3143 vidit
2931 3103 3029 3143 sua
3092 3082 3340 3141 membra
3382 3085 3507 3155 igne

1916 3187 2134 3241 redacta
2163 3186 2217 3240 in
2242 3186 2509 3248 cinerem,
2550 3192 2718 3253 caput
2772 3196 2966 3249 parum
2999 3179 3279 3239 attollens,
3338 3185 3395 3231 et
3433 3176 3500 3230 ad

1917 3280 2101 3334 focum
2144 3278 2462 3347 aspiciens:
2514 3274 2687 3340 Quam
2724 3273 2852 3327 felix
2922 3286 3067 3333 sum,
3128 3266 3501 3338 inquit,quod

1917 3386 2116 3425 manus
2141 3385 2311 3435 meas,
2348 3383 2486 3437 quas
2518 3365 2815 3435 aliquando
2848 3364 3070 3420 extendi
3102 3362 3168 3415 ad
3200 3361 3334 3415 deos
3368 3360 3502 3413 alie-

1916 3478 2037 3524 nos,
2080 3471 2133 3516 et
2183 3463 2352 3530 pedes
2401 3460 2494 3529 qui
2528 3458 2956 3512 ambulaverunt
2984 3456 3035 3507 in
3092 3468 3307 3514 errore,
3346 3453 3494 3509 Deus

1918 3555 2083 3609 hodie
2118 3553 2320 3620 accipit
2349 3561 2407 3605 ut
2436 3551 2619 3604 oblata
2653 3550 2702 3603 ei
2738 3550 2791 3601 in
2816 3546 3170 3601 sacrificium.
3233 3544 3495 3598 Protinus

1915 3655 2099 3699 autem
2141 3644 2369 3703 milites,
2416 3650 2706 3710 postquam
2754 3639 2987 3693 abcissa:
3051 3636 3274 3690 fuerunt
3304 3648 3500 3688 manus

1914 3746 1970 3791 et
2018 3735 2207 3801 pedes,
2272 3734 2339 3787 ad
2370 3742 2620 3786 ventrem
2679 3747 2737 3786 se
2792 3729 3187 3793 contulerunt;
3227 3736 3282 3781 et
3332 3734 3499 3780 conto

1915 3828 2134 3899 quidem
2173 3840 2299 3878 eum
2353 3825 2742 3886 verherarunt,
2794 3822 3073 3875 ﬂuxerunt
3136 3830 3318 3872 autem
3360 3818 3501 3871 inte-

1913 3919 2076 3973 stina.
2111 3916 2230 3985 Ipse
2263 3932 2392 3970 vero
2420 3917 2529 3985 jam
2568 3914 2791 3983 quidem
2839 3912 3154 3973 deficiebat,
3207 3919 3265 3963 et
3308 3910 3490 3964 imbe-

1914 4011 2101 4066 cilium
2134 4010 2315 4063 adhuc
2341 4009 2708 4063 conservabat
2736 4006 2990 4075 spiritum
3023 4023 3036 4058 :
3070 4014 3179 4058 tam
3213 4018 3494 4073 generoso

1914 4110 2096 4156 autem
2127 4109 2247 4153 erat
2279 4108 2334 4151 et
2366 4098 2489 4151 forti
2525 4098 2727 4158 animo,
2753 4111 2915 4163 quam
2941 4094 2989 4149 si
3023 4094 3184 4148 modo
3240 4091 3505 4161 cmpisset

1915 4193 2225 4247 decertare.
2255 4190 2393 4246 Cum
2448 4205 2575 4244 eum
2618 4205 2750 4258 ergo
2781 4188 2965 4241 adhuc
3006 4188 3310 4256 spirantem
3342 4198 3501 4238 acce-

1918 4287 2131 4355 pissent
2187 4284 2412 4346 milites,
2450 4284 2595 4337 sicut
2644 4279 2781 4350 jussi
2815 4279 3054 4342 fuerant,
3098 4278 3150 4331 in
3195 4276 3362 4331 ﬂuvio
3398 4275 3499 4329 de-

1917 4384 2246 4431 merserunt.
2282 4374 2577 4443 Postquam
2620 4383 2801 4425 autem
2855 4369 3185 4425 Maximinus
3240 4368 3309 4423 de
3345 4382 3493 4420 mar-

1920 4479 2036 4540 tyre
2076 4468 2418 4536 Hermogene
2468 4465 2557 4517 vix
2598 4463 2819 4517 tandem
2871 4461 3129 4530 deposuit
3163 4457 3501 4513 sollicitudi-

1918 4576 2065 4623 nem,
2126 4558 2379 4627 protinus
2415 4556 2483 4611 de
2536 4555 2695 4609 beato
2727 4554 2880 4607 Mena
2930 4553 3099 4623 erepit
3165 4551 3494 4605 deliberare.

1916 4652 2053 4708 Cum
2079 4666 2209 4705 vero
2242 4652 2481 4711 timeret,
2516 4664 2605 4710 ne,
2639 4646 2683 4700 si
2704 4662 2828 4701 cum
2864 4661 2932 4699 eo
2958 4645 3310 4699 disseruisset
3337 4644 3497 4712 (quo—

1919 4746 2063 4799 niam
2103 4756 2158 4800 et
2187 4742 2470 4796 miraculis
2493 4751 2548 4795 et
2576 4740 2796 4795 dicendi
2831 4739 3089 4793 facultate
3139 4736 3498 4791 existimaba-

1923 4847 2011 4892 tur
2035 4854 2155 4892 esse
2184 4853 2348 4904 supra
2378 4836 2703 4899 hominem),
2745 4834 2859 4902 ipse
2916 4831 3141 4899 quidem
3193 4832 3373 4885 victus
3404 4830 3501 4884 de-

1919 4931 2296 4992 decoraretur,
2345 4939 2399 4981 et
2447 4943 2543 4981 eos
2584 4928 2748 4979 etiam
2792 4924 3073 4994 perderet,
3114 4938 3254 4992 quos
3318 4922 3497 4975 adhuc

1920 5024 2157 5077 habebat
2181 5038 2365 5074 errore
2387 5020 2715 5088 implicatus,
2740 5017 2915 5071 sancti
2943 5014 3221 5068 miraculis
3245 5014 3499 5065 inductos

1919 5115 1986 5169 ad
2019 5114 2303 5168 veritatem
2334 5129 2346 5164 :
2381 5111 2642 5164 omnibus
2676 5105 3491 5177 pranermissis,jubetutcum

1922 5210 1976 5263 in
2032 5208 2268 5261 obscuro
2315 5218 2369 5259 et
2426 5205 2772 5261 tenebricoso
2842 5215 3063 5255 carcere
3115 5197 3491 5252 inclusissent.

1919 5302 2155 5370 primum
2188 5299 2409 5367 quidem
2439 5300 2683 5351 vinctum
2730 5292 2985 5347 manibus
3007 5307 3036 5343 a
3073 5299 3219 5344 tecto
3261 5302 3497 5357 suspen-

1920 5394 2135 5453 derent,
2170 5393 2369 5445 deinde
2401 5393 2565 5443 etiam
2602 5389 2668 5441 ab
2693 5389 2811 5456 ejus
2838 5386 3066 5454 pedibus
3109 5382 3346 5451 lapidem
3399 5396 3495 5449 ap-

1922 5486 2227 5554 penderent
2254 5484 2389 5536 adeo
2419 5497 2660 5551 gravem,
2695 5489 2751 5533 ut
2783 5477 3033 5533 vehiculo
3070 5476 3378 5543 impositus,
3408 5473 3497 5526 vix

1923 5588 2103 5647 posset
2135 5577 2302 5640 ferri;
2337 5575 2536 5629 deinde
2568 5591 2692 5629 eum
2718 5573 3113 5641 relinquerent,
3152 5573 3211 5619 ut
3250 5565 3498 5619 divulsus

1922 5671 2188 5722 vio't-nter
2215 5678 2544 5721 moreretur.

1996 5852 2189 5907 XXX”
2253 5852 2507 5907 Protinus
2540 5866 2670 5922 ergo
2702 5849 2736 5905 ii
2762 5862 2995 5921 quorum
3032 5854 3113 5900 est
3150 5844 3251 5898 hoc
3277 5851 3493 5903 munus,
