4260 6430
759 387 866 449 407

1992 383 2280 443 MENSIS
2322 381 2754 451 DECEMBER.
2838 418 2844 422 ·

3911 386 4018 450 4ῡ8

750 496 1005 550 fecerunt
1032 489 1179 557 quod
1219 488 1299 544 eis
1327 488 1507 542 fuerat
1539 487 1891 558 impetratum
1927 506 1938 542 :
1971 496 2027 544 et
2047 490 2129 544 sic
2151 489 2330 558 ipsum
2363 493 2406 548 Α

2363 493 2406 548 Δ
2439 492 2669 546 κατὰτὸ
2717 496 3150 567 ἐπιτεταγμένον
3192 493 3433 560 ἐποίοὺν,
3487 493 3585 548 καὶ
3632 491 3808 556 οὓτως
3852 496 4019 551 αὗτόν

751 584 1039 639 dimittunt
1065 599 1414 653 suspensum,
1439 585 1646 640 nullum
1674 585 1902 640 omnino
1926 585 2173 640 sinentes
2205 601 2331 640 eum

754 677 945 731 videre
978 675 1046 730 ad
1098 677 1556 732 consolationem.
1615 676 1852 733 Sanctus
1900 687 2084 733 autem
2119 692 2244 732 cum
2277 685 2334 732 et

755 769 920 839 capiti
947 769 1218 837 impositis
1258 769 1508 835 vinculis,
1541 777 1596 826 et
1625 770 1881 825 deorsum
1919 763 2174 825 trahente
2198 784 2335 840 pon-

755 866 887 918 dere
923 863 1121 934 lapidis
1145 864 1559 927 extenderetur.
1590 873 1647 919 et
1685 864 1737 920 ei
1778 864 2177 935 propemodum
2213 863 2332 918 dis-

756 955 1426 1025 solverenturcompages,
1449 954 1602 1008 nervi
1628 969 1758 1008 vero
1784 955 2247 1020 convellerentur,
2275 963 2334 1009 et

755 1062 951 1100 carnes
974 1047 1435 1112 dilacerarentur,
1465 1057 1521 1101 et
1556 1056 1616 1102 ut
1642 1047 1812 1103 semel
1843 1047 2049 1115 dicam,
2072 1047 2253 1101 omnis
2279 1047 2330 1101 ei

756 1140 860 1191 alia
891 1139 1132 1207 graviter
1174 1139 1605 1207 abrumperetur
1643 1139 2034 1202 commissura,
2067 1138 2331 1207 quamdiu

757 1235 980 1301 quidem
1023 1234 1170 1287 vires
1215 1235 1466 1303 corporis
1517 1233 1856 1288 sulIecerunt
1889 1232 1956 1287 ad
2010 1233 2175 1287 animi
2200 1247 2335 1288 con-

757 1328 1040 1387 stantiam,
1097 1328 1340 1395 graviter
1400 1327 1622 1396 quidem
1663 1326 1998 1396 patiebatur,
2064 1326 2334 1395 psallebat

753 1428 938 1473 autem
976 1420 1195 1474 assidue
1222 1437 1236 1474 :
1275 1440 1291 1472 ι
1317 1421 1452 1474 Vide
1476 1420 1842 1475 humilitatem
1864 1436 2067 1485 meam,
2092 1429 2145 1474 et
2176 1420 2332 1474 labo—

759 1531 871 1568 rem
909 1515 1168 1580 mcum';
1211 1533 1229 1565 ι
1293 1525 1349 1570 et
1404 1514 1538 1570 illud
1577 1533 1591 1569 :
1651 1533 1668 1566 ι
1703 1515 1822 1569 Νοη
1860 1523 1990 1570 sunt
2044 1514 2330 1585 condigna:

757 1608 1038 1674 passiones
1065 1608 1230 1677 hujus
1279 1608 1545 1676 temporis
1578 1603 1645 1661 ad
1701 1607 1941 1661 futuram
1973 1607 2202 1677 gloriam
2228 1607 2272 1662 ’.
2308 1625 2326 1659 ι

755 1699 1050 1768 Postquam
1111 1709 1294 1756 autem
1364 1701 1523 1770 plane
1581 1701 1632 1755 ei
1690 1701 2036 1771 consumptis
2091 1700 2327 1766 viribus,

756 1809 908 1847 suam
936 1794 1376 1863 conjunctionem
1418 1795 1645 1849 omnino
1687 1796 1906 1865 negavit
1951 1804 2171 1859 natura,
2201 1809 2325 1848 cum

758 1887 985 1941 dixisset
1019 1905 1030 1940 :
1065 1887 1282 1942 Gratias
1311 1903 1411 1959 ago
1443 1889 1562 1954 tibi,
1600 1891 1851 1954 Domine,
1888 1889 2034 1959 quod
2066 1899 2159 1945 tua
2187 1889 2330 1944 bona

757 1981 1099 2048 perceperim
1143 2000 1156 2035 :
1196 1990 1452 2050 tanquam
1477 1982 1716 2052 pondere
1734 1983 1989 2052 supplicii
2022 1991 2253 2052 repente
2283 1982 2335 2037 ei

757 2089 891 2128 voce
917 2089 1183 2142 repressa,
1221 2074 1274 2129 in
1306 2089 1558 2145 saporem
1592 2075 1888 2143 resolutus,
1930 2077 2120 2131 tacuit.

835 2252 1075 2308 XXXIII.
1116 2255 1410 2323 Postquam
1462 2269 1596 2309 vero
1633 2254 1857 2324 utrique
1924 2254 2145 2309 athletae
2184 2263 2335 2309 tanta

762 2348 1070 2399 constantia
1103 2355 1157 2399 et
1184 2345 1508 2401 fortitudine
1558 2347 1722 2402 desiit
1755 2356 2031 2402 certamen
2062 2347 2334 2420 martyrii,

764 2449 990 2504 rt'pt‘ttilc
1049 2439 1327 2493 aﬂueruut
1383 2451 1629 2495 amantes
1649 2452 1703 2495 et
1744 2442 1875 2496 socii
1916 2444 2092 2513 angeli
2130 2443 2194 2497 ad
2241 2457 2337 2498 eos

763 2531 1188 2585 defendendos:
1243 2541 1298 2587 et
1349 2533 1588 2602 primum
1627 2534 1850 2602 quidem
1913 2550 2038 2588 cum
2080 2536 2338 2601 martyris

767 2624 1126 2692 Hermogenis
1160 2641 1362 2695 corpus
1385 2643 1415 2681 e
1441 2625 1594 2680 ﬂuvii
1641 2626 1918 2696 profundo
1959 2627 2336 2692 sustulissent,

764 2726 816 2765 (ιι
860 2724 1084 2784 repente
1115 2731 1242 2770 eum
1302 2727 1478 2772 totum
1532 2719 1807 2788 integrum
1859 2721 2247 2785 restituisseut,
2281 2730 2338 2774 et

765 2808 966 2861 deinde
996 2809 1163 2863 etiam
1195 2809 1550 2873 animassent,
1580 2821 1635 2865 et
1668 2811 1943 2866 dixissent
1968 2827 2027 2866 se
2059 2813 2336 2882 proﬁcisci

765 2903 833 2953 ad
871 2901 1086 2954 fdcuam
1120 2903 1406 2966 athletam,
1454 2913 1512 2958 et
1551 2905 1730 2974 ipsum
1775 2906 1981 2959 hortati
2037 2915 2242 2972 essent,
2279 2915 2340 2960 ut

764 3004 1217 3061 consequeretur,
1284 2995 1377 3049 ubi
1409 3011 1600 3065 parum
1653 2998 1927 3067 progressi
1983 2997 2340 3053 veneruntad

765 3085 1096 3148 custodiam,
1131 3087 1278 3141 intro
1303 3088 1486 3143 statim
1516 3091 1903 3159 perrexerunt,
1933 3091 2166 3155 viribus,
2216 3107 2338 3160 qua:

767 3179 869 3230 sub
892 3189 1173 3246 aspectum
1206 3197 1314 3236 non
1343 3183 1566 3243 cadunt,
1609 3183 1895 3238 dissolutis
1924 3184 2006 3238 eis
2059 3185 2335 3240 claustris.
2371 3180 2414 3238 C

769 3271 1143 3342 Hermogenes
1186 3291 1319 3329 vero
1351 3277 1590 3345 seipsum
1627 3276 1849 3346 quidem
1897 3286 2079 3331 mente
2110 3278 2340 3348 agitans,

769 3377 820 3418 et
855 3376 1027 3420 totum
1057 3377 1237 3421 actum
1271 3369 1433 3423 tacite
1455 3369 1841 3433 considerans,
1869 3369 2300 3439 obstupescebat
2327 3389 2341 3438 ;

772 3459 990 3512 beatum
1025 3469 1208 3513 autem
1246 3461 1456 3514 Menam
1498 3462 1662 3516 etiarn
1693 3478 2019 3534 suspensum
2045 3465 2341 3533 aspiciens,

770 3562 824 3606 ιι
856 3555 967 3622 jam
996 3570 1103 3606 non
1141 3554 1440 3619 spirantem
1465 3555 1721 3624 amplius.
1752 3565 1810 3611 et
1842 3565 2182 3612 tormentum
2226 3571 2349 3612 cer-

771 3662 910 3701 ncus
950 3648 1319 3714 intolerabile,
1368 3648 1586 3704 triStitia
1666 3648 2032 3708 adiciebatur.
2090 3649 2162 3706 Ut
2215 3668 2346 3708 vero

773 3749 920 3796 esset
966 3750 1212 3796 attentus
1245 3749 1303 3796 et
1349 3743 1583 3807 videret,
1651 3743 1858 3801 hortati
1908 3747 2108 3816 angeli.
2163 3747 2348 3800 statim

774 3849 900 3887 cum
935 3835 1170 3903 quodam
1213 3835 1433 3890 honore
1456 3845 1513 3891 et
1549 3839 1857 3892 reverentia
1876 3838 1942 3892 ad
1977 3849 2227 3894 sanctum
2256 3856 2350 3894 ac-

772 3928 998 3980 cedunt.
1033 3925 1311 3982 Relaxatis
1338 3935 1522 3982 autem
1584 3929 1873 3998 utriusque
1907 3930 2164 3993 vinculis,
2197 3947 2344 3996 cum,

773 4036 936 4090 quant
966 4021 1324 4085 sustinuerat,
1353 4022 1725 4076 membrorum
1773 4024 2093 4092 juncturam
2128 4039 2348 4092 compe-

773 4116 983 4181 gissent
1006 4123 1061 4167 et
1083 4124 1390 4177 sanassent,
1421 4124 1478 4168 et
1503 4131 1628 4169 eum
1665 4131 1861 4185 magno
1887 4117 2085 4184 gaudio
2106 4125 2160 4170 et
2181 4118 2346 4171 alacri

774 4205 939 4257 animi
1000 4204 1182 4258 studio
1215 4204 1596 4282 replevissent,
1640 4208 1824 4260 statim
1861 4206 2086 4277 quidem
2131 4209 2351 4264 solvunt

779 4299 1139 4367 Ilcrmogeais
1189 4314 1481 4354 maerorem
1529 4309 1756 4369 pr0pter
1812 4317 2067 4369 magnum
2115 4302 2347 4358 Menam.

774 4390 910 4443 Cum
960 4399 1142 4444 autem
1196 4407 1374 4460 usque
1400 4391 1467 4445 ad
1525 4393 1858 4447 matutinum
1890 4409 2014 4448 cum
2046 4394 2128 4448 cis
2167 4405 2352 4449 essent

2436 583 2665 652 ἀφιᾶσιν
2691 585 3089 657 ἐξηρτημένον,
3122 587 3334 658 μηδένα
3361 587 3473 641 τῶν
3503 587 3727 641 πάντων
3751 589 4020 651 ἐάσαντες

2436 677 2571 748 ὁρᾷν
2602 679 2683 741 είς
2712 679 3070 751 παραψυχήν.
3110 680 3172 733 ’0
3203 679 3260 732 δέ
3293 681 3590 750 μακάριος,
3627 681 3740 742 τοῖς
3781 696 3844 732 τε
3888 681 4016 733 ἀνέ-

2438 787 2626 841 χουσιν
2691 771 2834 845 ὑπὲρ
2881 772 3124 844 κεφαλὴν
3171 772 3397 843 δεσμοῖς
3447 770 3527 843 τῷ
3581 789 3641 825 τε
3693 771 4017 826 καθέλκοντι

2435 863 2592 933 ἄχθει
2619 862 2720 934 τῆς
2744 863 2923 930 λίθου,
2959 865 3167 936 σφόδρα
3214 865 3699 930 κατατεινόμενος,
3746 865 3847 917 καὶ
3895 864 4019 918 κατ’

2436 959 2619 1027 ὀλίγον
2641 959 3018 1030 διαλυομένων
3048 960 3150 1031 μέν
3180 959 3328 1031 αὑτῷ
3360 960 3472 1013 τῶν
3522 959 3826 1030 ἁρμονιῶν,
3877 961 4018 1012 ἀπο-

2437 1054 2745 1125 σπωμένων
2794 1053 2853 1107 δέ
2911 1053 3022 1107 τῶν
3066 1052 3299 1124 νεύρων,
3348 1051 3926 1122 διασπαρασσομινων
3957 1068 4017 1105 τε

2435 1143 2547 1198 τῶν
2579 1145 2822 1215 σαρκῶν,
2870 1144 2967 1198 καὶ
3000 1143 3191 1207 ἁπλῶς
3248 1146 3435 1216 πάσης
3495 1144 3666 1213 ἀλλης
3719 1144 4017 1212 συναφείας

2437 1239 2696 1310 χαλεπῶς
2729 1239 3256 1312 ἀπορῤηγνυμένης,
3283 1239 3390 1302 ἕως
3437 1239 3536 1309 μὲν
3568 1240 3603 1309 ἠ
3640 1237 3736 1291 τοῦ
3760 1237 4017 1308 σώματος

2442 1332 2595 1401 ίσχὺς
2625 1331 2850 1402 ἐξήρκει
2878 1333 3014 1402 πρὸς
3043 1331 3143 1403 τὴν
3175 1332 3431 1385 ἔνστασιν
3451 1331 3551 1400 τῆς
3577 1330 3778 1401 ψυχῆς,
3801 1330 4014 1398 ἔπασχε

2439 1426 2538 1494 μὲν
2559 1424 2773 1488 δεινῶς,
2803 1423 3000 1493 ἔψαλλε
3030 1424 3086 1476 δέ
3111 1423 3384 1494 συνεχῶς,
3422 1423 3482 1477 τὸ
3513 1441 3532 1475 ι
3567 1424 3673 1476 Ἴδε
3697 1424 3794 1491 τὴν
3826 1423 4020 1476 ταπεί-

2438 1520 2605 1572 νωσίν
2638 1537 2740 1591 μου
2767 1517 2861 1572 καὶ
2892 1519 2984 1573 τὸν
3014 1518 3186 1571 κόπον
3225 1535 3354 1587 μου,
3389 1536 3407 1570 ι
3451 1517 3547 1571 καὶ
3569 1516 3630 1570 τὸ
3681 1534 3700 1568 ι
3735 1517 3850 1569 Οὐκ
3891 1515 4018 1579 ἀξια

2438 1613 2506 1666 τὰ
2532 1613 2835 1682 παθήματα
2863 1610 2958 1664 τοῦ
2991 1611 3085 1663 νῦν
3125 1610 3321 1681 καιροῦ
3373 1609 3512 1681 πρὸς
3561 1608 3661 1674 τὴν
3714 1607 4016 1677 μέλλουσαν

2438 1704 2596 1771 δόξαν
2629 1722 2642 1734 ·
2676 1723 2697 1757 ι
2740 1704 2864 1758 ἐπεὶ
2893 1703 2950 1758 δέ
2990 1705 3072 1767 είς
3114 1703 3270 1765 τέ).ος
3323 1700 3807 1771 καταναλωθείσης
3865 1699 4018 1768 αὐτῷ

2437 1801 2537 1870 τῆς
2577 1797 2781 1868 ἰσχύος,
2815 1798 2910 1851 τὸν
2967 1796 3268 1867 σύνδεσμον
3321 1794 3530 1864 ἐαυτῆς
3567 1793 3704 1855 ὅλως
3759 1794 3792 1862 ἡ
3855 1791 4020 1860 φύσις

2439 1894 2739 1963 ἠρνήσατο,
2777 1889 2968 1955 εἰπὼν,
3020 1888 3346 1959 Εὐχαριστῶ
3369 1904 3473 1950 σοι,
3502 1885 3699 1956 Κύριε,
3743 1885 3826 1938 ὅτι
3881 1885 4022 1937 ἀπέ-

2438 1987 2615 2040 λαυσά
2649 2003 2746 2038 σου
2775 1984 2884 2039 τῶν
2911 1982 3156 2051 ἀγαθῶν,
3206 1982 3302 2035 καὶ
3335 1978 3528 2049 ὥσπερ
3589 1978 3668 2048 τῷ
3716 1977 3878 2048 βάρει
3921 1976 4022 2045 τῆς

2439 2081 2710 2152 τιμωρίας
2740 2077 3049 2148 ἐπισχεθεὶς
3094 2076 3248 2145 ἄφνω
3285 2075 3387 2148 τὴν
3436 2071 3646 2144 φωνὴν,
3713 2073 3794 2134 είς
3847 2069 4019 2124 ὕπνον

2440 2173 2790 2244 κατενεχθεὶς
2816 2172 3052 2228 ἐσιώπα.

2513 2263 2637 2319 AI".
2683 2265 2771 2326 Ὠς
2804 2259 2898 2317 οὖν
2950 2266 3031 2326 είς
3083 2262 3242 2316 τοῦτο
3276 2261 3577 2330 καρτερίας
3622 2259 3872 2330 ἐκατέρῳ
3910 2258 4021 2312 τῶν

2439 2357 2698 2428 ἀθλητῶν
2728 2359 2756 2410 ὁ
2793 2355 3133 2428 μαρτυρικδς
3161 2355 3310 2423 ἀγὼν
3339 2355 3551 2425 ἔληξεν,
3579 2352 3740 2417 εὐθὺς
3767 2352 4022 2423 παρῆσαν

2441 2452 2520 2513 εἰς
2551 2449 2841 2518 ἀντίληψιν
2867 2449 2916 2502 οἱ
2947 2446 3276 2516 προσφιλεῖς
3307 2448 3402 2498 καὶ
3438 2444 3722 2514 σύμμαχοι
3770 2442 4021 2510 ἀγγελοι.

2443 2543 2557 2596 Καὶ
2614 2542 2807 2612 πρῶτα
2867 2539 2987 2610 μὲν,
3033 2539 3094 2592 τὸ
3158 2538 3254 2591 τοῦ
3313 2539 3595 2608 μάρτυρος
3653 2533 4026 2603 Ἑρμογένους

2444 2637 2604 2705 σῶμα
2631 2636 2727 2688 τοῦ
2762 2635 2960 2705 βάθους
2993 2633 3088 2687 τοῦ
3116 2631 3368 2703 ποταμοῦ
3419 2631 3765 2699 ἀνελόμενοι,
3822 2625 4025 2696 ἀθρόον

2440 2748 2499 2784 τε
2527 2730 2714 2800 ἄρτιον
2741 2730 2861 2782 ὅλον
2887 2727 3050 2782 αὑτὸν
3091 2725 3672 2792 ἀποκαταστήσαντες,
3709 2716 3829 2776 εῐτα
3847 2719 3904 2771 δέ
3931 2719 4028 2770 καὶ

2443 2822 2829 2893 ψυχώσαντες,
2865 2821 2961 2874 καὶ
2995 2820 3095 2889 τὴν
3127 2821 3220 2871 ἐπὶ
3253 2817 3344 2871 τὸν
3374 2816 3616 2886 ἀθλητὴν
3643 2814 3841 2881 Μηνᾶν
3872 2809 4029 2864 αὐτοὶ

2448 2917 2660 2988 μέλλειν
2679 2915 2899 2968 ἀπιέναι
2917 2911 3303 2980 φθεγξάμενοι,
3326 2906 3763 2978 προτρεψάμενοί
3783 2920 3843 2957 τε
3865 2902 4028 2956 συνέ-

2445 3008 2645 3061 πεσθαι
2681 3008 2774 3060 καὶ
2809 3006 2995 3068 αὐτὸν,
3025 3004 3206 3066 ὀλίγον
3244 3001 3591 3064 ὁδεύσαντες,
3629 2999 3754 3050 ἐπεὶ
3789 2997 3928 3068 πρὸς
3957 2997 4025 3065 τῇ

2448 3101 2666 3171 φυλακῇ
2704 3096 2868 3169 ἦσαν,
2899 3098 3048 3150 ἔνδον
3083 3097 3325 3166 ἐχώρουν
3355 3093 3542 3160 εὐθὺς,
3576 3091 3796 3160 ἀοράτῳ
3847 3089 4027 3143 σθένει

2448 3194 2557 3247 τῶν
2586 3193 2856 3261 κλείθρων
2877 3190 3237 3243 διαλυθέντων
3281 3187 3494 3248 αὐτοῖς.
3543 3184 3600 3238 Ὀ
3646 3183 3777 3252 γοῦν
3823 3183 4028 3250 Ἑρμο-

2446 3287 2635 3357 γένης,
2683 3285 2878 3338 ἑαυτὸν
2931 3284 3029 3353 μὲν
3088 3280 3398 3342 κατανοῶν,
3431 3277 3526 3330 καὶ
3580 3275 3641 3328 τὸ
3682 3276 3804 3328 ὅλον
3839 3275 4028 3344 ἠρέμα

2448 3378 2808 3450 περισκοπῶν
2854 3374 2948 3430 τοῦ
2994 3374 3299 3445 δράματος,
3358 3369 3730 3437 ἐξεπλήσσετο
3771 3382 3786 3397 ·
3844 3366 3940 3420 τὸν
3965 3366 4024 3419 δέ

2452 3475 2725 3545 μακάριον
2774 3471 2988 3542 Μηνᾶν,
3009 3471 3104 3522 καὶ
3171 3464 3524 3536 κρεμάμενον
3609 3461 3850 3531 βλέπων,
3933 3460 4030 3512 καὶ

2448 3570 2657 3623 ἀπνουν
2696 3568 2798 3639 ἤδη
2831 3565 3149 3636 γενόμενον,
3177 3561 3274 3632 τὴν
3310 3558 3544 3630 βάσανόν
3575 3572 3636 3610 τε
3667 3555 3922 3625 καθορῶν
3954 3555 4029 3618 ὼς

2448 3661 2797 3726 ἀνύποιστον,
2826 3654 3241 3726 ἐσκυθρώπαζε.
3272 3653 3486 3724 Νήφειν
3513 3651 3569 3705 δέ
3597 3649 3759 3704 αὐτὸν
3783 3649 3880 3702 καὶ
3895 3648 4030 3716 ὀρᾷν

2449 3753 2497 3806 oi
2526 3751 2755 3820 ἄγγελοι
2786 3747 3257 3820 προτρεψάμενοι,
3308 3743 3450 3813 μετά
3476 3758 3622 3804 τινος
3649 3739 3814 3799 εὐθὺς
3844 3737 4029 3798 αἰδοῦς

2450 3841 2546 3894 καὶ⁵
2576 3840 2743 3911 τιμῆς
2765 3838 3023 3907 προσίασι
3039 3834 3117 3904 τῷ
3139 3833 3304 3903 ἀγίῳ.
3338 3829 3651 3899 Ἐκατέρων
3682 3844 3740 3879 τε
3787 3826 3899 3877 τῶν
3945 3823 4030 3875 δε-

2453 3935 2606 4006 σμῶν
2634 3933 2870 3994 ἀνέντες,
2899 3929 2993 3982 καὶ
3022 3928 3090 3997 ἠν
3122 3926 3330 3993 ὑπέστη
3367 3921 3653 3992 διάρρηξιν
3683 3919 3794 3972 τῶν
3851 3915 4032 3986 μελῶν

2454 4024 2839 4097 συμπήξαντές
2862 4040 2921 4075 τε
2943 4021 3036 4076 καὶ
3057 4020 3400 4089 ὑγιάναντες,
3421 4021 3515 4069 καὶ
3532 4017 3706 4085 χαρᾶς
3733 4013 3916 4076 πάσης
3940 4009 4032 4062 καὶ

2451 4119 2780 4189 προθυμίας,
2829 4116 3245 4185 πληρώσαντες,
3291 4113 3477 4164 λύουσι
3525 4112 3624 4179 μὲν
3675 4105 3876 4162 αὐτίκα
3928 4105 4031 4172 τὴν

2464 4212 2829 4285 Ἑρμογένους
2859 4208 2955 4260 ἐπὶ
2979 4206 3056 4276 τῷ
3084 4205 3305 4275 μεγάλῳ
3334 4204 3497 4273 Μηνᾷ
3524 4202 3701 4270 λύπην
3731 4215 3745 4230 ⁸
3779 4198 3944 4269 μέχρι
3971 4194 4030 4247 δέ

2455 4310 2653 4382 θρθρου
2679 4308 2861 4366 αὐτοῖς
2899 4303 3287 4372 ὁμιλήσαντες,
3338 4299 3434 4351 καὶ
3477 4296 3615 4364 πρὸς
3669 4297 3796 4354 τοὺς
3846 4290 4029 4343 meo-

2455 4420 2579 4463 νους
2606 4400 2768 4453 πλέον
2819 4396 3226 4466 στομώσαντες,
3288 4391 3542 4445 σπεύδειν
3567 4406 3624 4441 τε
3664 4389 3864 4445 αὐτοὺς
3910 4387 4031 4437 ἐπιο

780 4483 998 4547 versati,
1026 4493 1080 4536 et
1112 4483 1177 4536 ad
1220 4484 1460 4552 pericula
1497 4485 1784 4563 subeunda
1819 4501 1916 4542 eos
1966 4487 2141 4558 magis.
2166 4489 2346 4542 acuis-
2381 4517 2424 4571 υ
2455 4507 2462 4521 ·

2381 4517 2424 4571 D
2455 4489 2757 4560 τρέψαντες
2809 4486 2901 4538 ἐπὶ
2959 4485 3086 4546 τοὺς
3139 4483 3262 4535 ὅσον
3322 4479 3475 4533 οῦπω
3530 4476 4030 4571 πεμφθησομένους

779 4577 1298 4648 sent,ctjussissent
1320 4593 1417 4632 eos
1435 4578 1696 4633 festinare
1711 4578 1779 4632 ad
1806 4593 1927 4633 mos
1952 4583 2034 4634 eis
2052 4580 2349 4634 mittendas

778 4685 1029 4730 coronas.
1061 4680 1116 4724 et
1135 4670 1355 4739 polliciti
1371 4679 1555 4725 essent
1572 4687 1630 4726 se
1647 4672 1808 4726 simul
1829 4671 2137 4738 adfuturos,
2156 4681 2212 4726 et
2239 4688 2355 4728 cer-

782 4761 980 4814 tamina
1008 4777 1116 4815 una
1143 4777 1264 4816 esse
1294 4762 1550 4818 adituros.
1591 4779 1766 4832 usque
1790 4763 1858 4818 ad
1885 4774 2100 4834 tempus
2121 4779 2351 4819 corona-

780 4871 900 4907 rum
934 4864 990 4909 et
1029 4855 1274 4910 victoriae
1307 4856 1771 4911 renuntiationem
1802 4897 1816 4920 ,
1855 4866 1911 4911 et
1952 4858 2152 4913 deinde
2186 4860 2350 4913 etiam

778 4947 860 5001 eis
887 4962 1073 5016 pacem
1106 4948 1407 5014 dedissent,
1445 4959 1500 5003 et
1533 4950 1771 5004 faustum
1817 4949 2061 5006 victoria:
2093 4955 2350 5008 nuntium

780 5039 862 5094 eis
884 5039 1307 5109 significassent,
1343 5041 1525 5096 statim
1556 5043 1621 5096 ab
1645 5043 1732 5096 eis
1759 5055 2130 5101 recesserunt.

854 5131 1091 5189 XXXIV.
1147 5135 1446 5204 Imperator
1515 5145 1698 5189 autem
1758 5151 1883 5191 cum
1932 5153 2146 5192 summo
2196 5156 2353 5196 mane

779 5226 1033 5295 jussisset
1061 5229 1262 5292 aperiri
1299 5228 1670 5293 theatrum,et
1705 5231 1770 5282 ad
1817 5247 1941 5284 eum
1970 5247 2186 5286 omnem
2224 5249 2356 5288 con-

783 5317 977 5370 x'euire
1007 5318 1289 5387 pupulum,
1324 5319 1466 5372 sedit
1500 5336 1597 5389 pro
1637 5321 1917 5376 tribunali.
1964 5321 2232 5388 Quoniam
2258 5340 2355 5378 au-

787 5421 894 5463 tem
924 5420 1214 5478 acceperat
1245 5420 1410 5465 totam
1452 5411 1730 5467 civitatem
1775 5413 2076 5468 credidisse
2111 5415 2351 5482 Christo,

785 5501 1139 5555 deliberando
1185 5519 1317 5558 vero
1358 5513 1413 5557 et
1484 5505 1849 5558 consultando
1908 5513 2178 5559 statuerat
2233 5522 2354 5561 esse

785 5592 1006 5662 quidem
1041 5594 1232 5647 inutile
1278 5611 1396 5649 eam
1430 5596 1739 5665 relinquere
1774 5597 2120 5666 impunitam,
2165 5614 2356 5653 rursus

787 5697 967 5740 autem
1001 5685 1469 5743 inconsideratum
1502 5699 1607 5742 eta
1667 5690 1877 5744 ratione
1922 5690 2164 5744 alienum
2222 5707 2349 5745 rou-

859 5865 878 5892 "
909 5865 1045 5932 I‘sul.
1085 5883 1225 5934 xxiv,
1255 5868 1333 5922 18.
1414 5867 1432 5898 '
1469 5867 1626 5921 Iizuu.
1672 5883 1784 5932 van,
1824 5868 1903 5925 18.

2459 4581 2783 4648 στεφάνους,
2831 4576 3196 4649 ὑποσχόμενοί
3220 4591 3278 4629 τε
3307 4575 3552 4626 συνεῖναι
3596 4569 3828 4624 καὶτῶν
3881 4566 4032 4634 ἀγώ-

2457 4690 2560 4725 νων
2592 4671 2774 4732 αὺτοῖς
2807 4666 3248 4734 συνεφάπτεσθαι
3285 4664 3452 4732 μέχρι
3489 4658 3703 4713 καὶτοῦ
3750 4658 3860 4710 τῶν
3910 4673 4030 4708 στε-

2459 4764 2643 4831 φάνων
2668 4759 2862 4829 καιροῦ
2893 4760 2986 4809 καὶ
3012 4756 3108 4823 τῆς
3139 4754 3517 4825 ἀναρρήσεως.
3571 4744 3703 4801 Εἶτα
3734 4748 3828 4799 καὶ
3876 4747 4029 4816 εἰρή-

2459 4873 2556 4925 νην
2579 4855 2781 4915 δόντες.
2810 4853 2902 4903 καὶ
2923 4850 3080 4918 νίκην
3111 4848 3296 4911 αὺτοῖς
3319 4843 3835 4914 εὐαγγελισάμενοι,
3869 4838 4032 4900 εὐθὺς

2460 4944 2638 4998 αὐτῶν
2672 4941 3093 5011 ἀπηλλάγησαν.

2531 5130 2648 5186 ΛΔ’.
2681 5129 2741 5181 '0
2770 5128 2828 5181 δέ
2875 5125 3147 5196 βασιλεὺς,
3204 5123 3468 5186 κελεύσας
3530 5123 3647 5192 ἅμα
3695 5119 3841 5190 πρωῒ
3883 5120 3942 5171 τό
3971 5135 4032 5170 τε

2446 5227 2674 5295 θέατρον
2705 5218 3072 5290 παραστῆναι,
3111 5216 3203 5268 καὶ
3235 5217 3412 5269 πάντα
3437 5215 3528 5268 τὸν
3554 5215 3727 5284 δῆμον
3762 5215 3842 5275 εἰς
3877 5212 4034 5265 τοῦτο

2456 5319 2733 5386 παρεῖναι,
2815 5310 3068 5364 ἐκάθισεν
3096 5308 3186 5361 ἐπὶ
3212 5307 3305 5361 τοῦ
3342 5307 3610 5376 βήματος.
3658 5306 3813 5358 Ἐπεὶ
3846 5304 3902 5356 δὲ
3930 5321 4034 5372 μα-

2459 5413 2566 5465 θὼν
2604 5405 2672 5480 ἦν
2709 5409 2782 5471 ώς
2810 5408 2960 5459 πᾶσα
2994 5406 3026 5474 ή
3060 5404 3212 5466 πόλις
3269 5402 3611 5456 πεπίστευκε
3669 5399 3748 5469 τῷ
3789 5396 4036 5468 Χριστῷ,

2459 5505 2600 5572 έγνω
2637 5504 2691 5555 δὲ
2731 5501 3082 5572 σκηψάμενος
3116 5498 3439 5566 ἀσύμφορον
3463 5496 3562 5563 μὲν
3585 5489 3725 5546 εἶναι
3748 5491 4033 5561 ἀτιμώρη-

2458 5617 2552 5652 τον
2592 5598 2797 5667 ταύτην
2833 5594 3181 5656 καταλιπεῖν,
3231 5590 3515 5658 ἀλόγιστον
3544 5587 3598 5640 δὲ
3663 5586 3826 5639 πάλιν
3863 5602 4035 5651 nym-

2465 5695 2580 5765 ρίαν
2620 5694 2834 5747 πάντων
2864 5688 3368 5760 καταψηφίσασθαι,
3408 5683 3921 5754 προσποιησάμενος
3946 5680 4036 5732 τοῦ
