4260 6430
253 417 282 477 Ᾱ
292 418 363 480 09

1142 410 1613 471 MARTYHiUM
1656 410 1719 468 S.
1760 408 1993 467 ΜΕΝᾹΞ
2036 409 2130 468 ΕΤ
2174 411 2593 471 SOCIORUM.

3417 412 3520 474 4ιο

255 532 383 584 ὅλου
418 528 661 596 ἄγνοιαν,
728 524 863 595 ἐφη·
902 522 1030 577 Ὀτι
1090 522 1212 591 μὶν,
1240 514 1285 574 ὦ
1345 520 1616 596 παρόντες
1659 520 1878 586 ὑμεῖςΗ

1946 520 2463 585 demnare.omnes,
2495 532 2554 576 ut
2594 522 2918 591 puniantur,
2947 522 3213 576 simulans
3255 537 3311 577 sc.
3348 533 3519 578 totum

253 625 384 686 τοὺς
413 623 510 691 μὲν
570 620 728 683 θεοὺς
776 617 991 679 θυσίαις
1053 614 1150 668 καὶ
1190 617 1309 674 ταῖς
1341 613 1531 676 ἄλλαις
1562 612 1837 672 σπονδαῖς,

256 717 408 785 ἡμᾶς
453 714 510 768 δὲ
553 713 680 775 τοὺς
730 709 970 782 βασιλεῖς
1000 708 1143 761 αἰδοῖ
1198 707 1290 761 καὶ
1322 706 1473 775 φόϐῳ
1500 706 1594 759 καὶ
1620 708 1684 774 τῇ
1713 706 1841 773 περὶ

254 808 459 862 τᾶλλλα
507 806 723 876 ὑπακοῇ
777 803 1106 873 θεραπεύειν
1160 799 1465 868 ἐγνώκατε,
1519 800 1583 851 ἐκ
1628 795 1866 851 πολλῶν

258 896 381 953 οἶδα
448 898 637 969 μαθών
660 914 672 927 ·
706 898 787 949 ὃτι
819 895 876 949 δὲ
909 894 983 964 μὴ
1019 893 1183 955 εὐθὺς
1215 892 1504 945 ἁντείπετε
1551 890 1687 961 πρὸς
1714 890 1840 954 τοὺς

255 990 573 1060 ἀλιτηρίους
601 989 847 1050 ἐκείνους
867 988 937 1040 τὰ
968 986 1064 1039 τοῦ
1096 984 1522 1054 ἐσταυρωμένον
1563 983 1840 1037 διδάσκειν

255 1070 662 1153 τολμήσαντας,
725 1081 820 1133 καὶ
868 1079 935 1132 ἶν’
965 1080 1106 1132 εῖπω
1167 1094 1247 1141 τι,
1280 1079 1373 1130 καὶ
1430 1076 1602 1137 λίθοις
1640 1074 1841 1137 αὑτοὺς

259 1175 369 1242 πρὸ
394 1174 554 1243 ἡμῶν
590 1172 979 1236 κατελεύσατε,
1028 1171 1128 1223 οὑκ
1154 1169 1311 1225 ἐκτὸς
1335 1168 1507 1238 ὀργῆς
1537 1167 1689 1237 παρὰ
1725 1169 1840 1229 τοῖς

258 1263 400 1328 θεοῖς
466 1264 681 1318 κεῖσθαι
709 1263 870 1317 τοῦτο
894 1263 1207 1332 λογίζομαι.
1255 1261 1396 1329 Ἐγὼ
1425 1260 1607 1312 τοίνυν
1639 1257 1839 1320 αὑτούς

256 1372 316 1406 τε
350 1356 478 1418 τοὺς
518 1357 678 1418 θεοὺς
732 1355 1024 1409 διεκδικεῖν
1080 1352 1556 1422 προθυμούμενος,
1582 1351 1679 1403 κα)⁵
1735 1368 1840 1420 μγ,-

256 1447 389 1501 δένα
418 1448 575 1516 ὑμῶν
623 1447 956 1515 θεοπέμπτῳ
1022 1448 1347 1516 περιπεσεῖν
1387 1444 1648 1513 συμφορᾷ
1674 1458 1840 1512 προσ-

253 1542 444 1594 τάσσω
474 1541 573 1609 τήν
603 1557 662 1593 τε
717 1539 874 1593 πόλιν
925 1540 1018 1591 καὶ
1080 1540 1289 1601 πάντας
1322 1538 1467 1606 ὑμᾶς
1498 1537 1607 1588 τῶν
1646 1538 1709 1588 ἐκ
1741 1554 1841 1587 πα-

254 1632 409 1685 λαιοῦ
434 1633 717 1701 ἑκατέροις
748 1634 980 1685 άπονενε
992 1649 1065 1699 μη
1077 1633 1257 1697 μένων
1282 1628 1614 1697 στερηθῆναι
1638 1628 1837 1695 τιμῶν,

254 1728 333 1789 ὡς
363 1726 427 1779 ἂν
480 1725 653 1793 γνῶτε
688 1727 751 1776 ἐκ
783 1741 843 1777 τε
899 1725 993 1791 τῆς
1028 1726 1107 1784 εἰς
1170 1723 1313 1791 ὑμᾶς
1344 1721 1549 1791 ταύτης
1581 1722 1841 1789 ἐπιτιμή-

255 1832 417 1879 σεως,
471 1817 562 1868 καὶ
586 1816 651 1867 ἐκ
681 1815 790 1867 τῶν
840 1816 919 1875 είς
945 1815 1070 1875 τοὺς
1100 1814 1361 1881 ἀνοήτους
1397 1812 1646 1873 ἐκείνους
1680 1811 1841 1863 κολά-

256 1925 417 1970 σεων,
474 1908 556 1960 ὅτι
603 1907 741 1959 ἐπὰν
774 1907 801 1958 ὁ
854 1904 1093 1967 δικάζων
1162 1902 1237 1972 μὴ
1286 1902 1836 1970 προκατειλημμένος

257 2003 356 2054 καὶ
385 2001 545 2063 αύτ³.ς
576 1998 674 2065 ῶν,
706 1998 1015 2068 προδιδίναι
1066 1998 1165 2059 τὰς
1195 1998 1412 2066 ψήφους
1451 1994 1546 2047 καὶ
1575 2009 1839 2063 συν-τερα-

256 2092 517 2145 τεύεσθαι
570 2095 681 2155 τοῖς
718 2092 1040 2160 ὑποκριταῖς
1087 2089 1298 2144 τούτοις
1326 2087 1612 2157 βούληται,
1658 2086 1718 2137 οὑ
1748 2085 1839 2137 δύ-

250 2185 419 2235 ναταί
491 2200 619 2235 ποτε
652 2183 864 2253 βοηθεῖν
897 2184 923 2233 ὁ
958 2182 1377 2251 ἐσταυρωμένος
1408 2182 1440 2251 ἢ
1494 2180 1680 2232 κακῶν
1716 2180 1841 2247 ῥύε-

254 2276 405 2341 σθαι,
447 2278 609 2345 μόνον
637 2278 694 2329 δὲ
746 2276 902 2329 τοῦτο
965 2276 1213 2337 δύναται,
1244 2275 1490 2328 θανάτων
1526 2274 1716 2343 βιαίων
1746 2273 1839 2325 καὶ

249 2370 543 2439 δυστυχίας
564 2370 795 2439 ἐσχάτης
810 2372 920 2430 τοῖς
940 2369 1274 2437 πειθομένοις
1289 2368 1532 2435 γίνεσθαι
1554 2366 1832 2434 πρόξενος.

255 2463 447 2524 ιΙίστις
482 2462 610 2531 ὑμῖν
654 2463 760 2511 τῶν
788 2462 937 2530 ἐμῶν
985 2462 1158 2527 λόγων
1188 2462 1235 2511 οἱ
1274 2458 1590 2520 ἀπατεῶνες
1642 2460 1839 2510 ἐκεῖνοι

250 2559 347 2607 καὶ
378 2558 595 2625 γόητες,
647 2554 982 2625 Ἑρμογένης
1004 2573 1065 2608 τε
1096 2557 1187 2608 καὶ
1214 2556 1425 2623 Μηνᾶς,
1455 2556 1712 2622 ἑκάτερος
1744 2553 1841 2604 αύ-

256 2650 368 2703 τῶν
407 2650 512 2717 πρὸ
529 2649 636 2701 τῶν
653 2650 901 2718 βασάνων
927 2649 1117 2709 ἄλλους
1149 2648 1373 2716 ἀνιστᾷν
1394 2646 1841 2714 ὑπισχνούμενοι,

260 2743 354 2795 ὑπ’
388 2744 516 2812 ἐμοῦ
542 2742 718 2812 Chad);
749 2742 937 2812 ἐχρῇν,
971 2743 1026 2794 ὲν
1049 2741 1230 2807 ὀλίγῳ,
1263 2740 1483 2810 χαλεπῷ
1509 2740 1724 2808 θανάτῳ
1747 2735 1840 2789 τοῦ

254 2842 357 2907 ζῇν
397 2838 741 2898 ἐκπεσόντες,
782 2836 875 2887 καὶ
904 2835 1035 2903 μηδὲ
1063 2838 1271 2897 ἑαυτοῖς
1297 2834 1510 2901 βοηθεῖν
1533 2835 1839 2901 δυνάμενοι.

254 2931 365 2984 Ποῦ
382 2932 435 2983 δὲ
452 2930 539 2981 καί
554 2934 701 2981 ἐστιν
726 2926 857 2997 ἢτοῦ
880 2928 1081 2981 πλάνου
1107 2928 1310 2979 ὲκεενου
1326 2928 1560 2995 Χριστοῦ
1576 2926 1799 2993 δύναμις
1824 2944 1836 2989 ;

330 3023 452 3075 Ali'.
499 3022 585 3083 Ὠς
617 3017 710 3074 οὖν
740 3024 819 3077 εἰς
865 3020 1028 3072 τοῦτο
1057 3019 1405 3088 βλασφημίας
1464 3014 1598 3087 ἧκεν
1624 3022 1650 3069 ὁ
1681 3019 1835 3087 βασις

250 3115 401 3177 λευς,
430 3112 660 3182 θσρύὸου
715 3111 911 3165 πολλοῦ
970 3113 1169 3180 μεστὸν
1209 3108 1276 3181 ἦν
1304 3112 1365 3163 τὸ
1389 3112 1644 3178 θέατρον,
1692 3112 1831 3163 πάν-

1947 614 2221 682 ignorare,
2266 613 2451 667 dixit:
2502 613 2658 678 Quod
2706 629 2804 668 vos
2866 614 3089 682 quidem
3140 616 3232 683 qui
3294 616 3519 681 adestis,

1943 707 2077 761 deos
2115 705 2335 775 quidem
2377 704 2665 760 sacriﬁciis
2723 715 2777 761 et
2822 705 2945 759 aliis
3000 706 3373 772 libaminibus,
3422 724 3521 762 nos

1943 807 2125 851 autem
2160 797 2520 866 imperatores
2552 800 2858 852 reverentia
2891 808 2946 853 et
2994 799 3190 854 timore
3226 812 3281 854 et
3312 801 3365 855 in
3398 802 3520 857 aliis

1943 888 2108 944 rebus
2131 888 2441 944 obedientia
2470 891 2651 945 colere
2681 892 3007 959 statueritis,
3059 909 3125 947 ex
3175 894 3361 947 multis
3396 895 3520 948 aliis

1944 982 2207 1037 intellexi.
2241 983 2397 1049 Quod
2450 993 2630 1037 autem
2687 999 2797 1039 non
2850 986 3032 1038 statim
3092 987 3436 1056 repugnaslis
3466 998 3521 1041 et

1945 1078 2223 1131 restitistis
2292 1077 2403 1133 illis
2437 1079 2811 1144 exsecrandis,
2837 1079 2931 1147 qui
2978 1080 3234 1133 Crucitixi
3264 1096 3353 1135 res
3401 1082 3519 1133 ausi

1942 1180 2069 1223 sunt
2096 1170 2313 1236 docere,
2343 1180 2399 1224 et
2424 1187 2533 1224 non
2569 1172 2714 1240 ipsos
2740 1182 2864 1225 ante
2890 1188 2991 1227 nos
3018 1173 3292 1240 lapidibus
3322 1174 3522 1228 obrue-

1943 1263 2089 1326 ritis,
2137 1265 2393 1319 existimo
2426 1266 2560 1319 deos
2583 1280 2649 1319 ex
2687 1266 2791 1318 hoc
2824 1264 2958 1318 iram
3015 1280 3122 1319 non
3154 1266 3329 1319 levem
3385 1282 3520 1320 cou-

1942 1356 2174 1424 cepisse.
2210 1355 2323 1423 Ego
2360 1358 2543 1425 igitur,
2577 1356 2670 1425 qui
2704 1367 2758 1409 et
2784 1358 2929 1424 ipsos
2953 1357 3083 1411 deos
3111 1360 3271 1425 cupio
3300 1359 3517 1424 ulcisci,

1942 1455 1997 1499 et
2033 1446 2242 1498 nullum
2278 1458 2519 1500 vestrum
2556 1449 2607 1500 in
2643 1448 2909 1503 divinitus
2934 1449 3234 1503 immissum
3278 1452 3519 1505 incidere

1943 1540 2331 1599 calamitatem.
2359 1541 2523 1610 jubeo
2554 1541 2829 1595 civitatem
2861 1552 2916 1596 et
2941 1559 3035 1597 vos
3062 1560 3255 1598 omnes
3296 1544 3503 1612 privari

1944 1634 2031 1696 iis,
2065 1635 2157 1702 qui
2193 1637 2440 1702 utrisque
2478 1635 2606 1687 olim
2646 1635 3157 1699 fueruntattributi,
3198 1639 3520 1699 honoribus,

1944 1728 2200 1780 utsciatis
2213 1738 2266 1780 et
2284 1744 2347 1781 ex
2372 1728 2452 1782 his
2476 1729 2653 1797 paruis
2671 1729 2827 1783 vobis
2844 1730 3203 1798 impositis.et
3228 1732 3518 1783 stultorum

1947 1819 2161 1873 illorum
2184 1823 2487 1891 suppliciis,
2508 1823 2651 1891 quod
2672 1823 2891 1893 quando
2908 1824 3096 1891 judex.
3119 1825 3207 1891 qui
3231 1840 3335 1876 non
3354 1824 3522 1877 fuerit

1947 1916 2059 1982 ipse
2092 1925 2529 1984 praroccupalus,
2561 1932 2667 1970 non
2692 1922 2809 1969 vult
2835 1933 2989 1970 suam
3040 1919 3270 1985 prodere
3298 1930 3521 1972 senteu~

1948 2007 2078 2059 tiam
2120 2018 2170 2062 et
2214 2008 2459 2077 prodigia
2489 2008 2666 2062 facere
2700 2025 2823 2064 cum
2851 2009 2936 2062 his
2963 2009 3345 2072 histrionibus,
3378 2025 3520 2061 nuu-

1942 2117 2104 2170 quam
2131 2111 2312 2169 potest
2352 2117 2507 2171 opem
2535 2103 2674 2156 ferre
2704 2102 3033 2166 Cruciﬁvus,
3073 2112 3165 2156 aut
3207 2102 3443 2155 liberare
3492 2116 3521 2155 a

1944 2194 2132 2256 malis;
2171 2194 2347 2248 solum
2400 2205 2583 2248 autem
2623 2196 2724 2249 hoc
2776 2205 2976 2264 potest,
3030 2204 3233 2249 certam
3292 2204 3519 2248 mortem

1941 2294 1996 2339 et
2030 2295 2329 2341 extremam
2359 2288 2736 2341 infelicitatem
2762 2303 3057 2356 procurare
3093 2288 3157 2340 iis
3180 2288 3271 2355 qui
3308 2297 3520 2354 parent.

1946 2378 2153 2432 Eorum
2192 2396 2313 2447 qua:
2340 2380 2487 2441 dico,
2528 2380 2688 2432 ﬁdem
2741 2380 2899 2433 vobis
2940 2390 3170 2448 possunt
3206 2379 3385 2433 facere
3424 2380 3525 2433 de-

1946 2481 2198 2539 ceptores
2248 2472 2324 2524 illi
2366 2482 2415 2525 et
2445 2473 2870 2541 praestigiatores
2912 2473 3281 2541 Hermogenes
3328 2483 3382 2525 et
3416 2473 3525 2526 Me-

1946 2577 2065 2623 nas,
2110 2564 2327 2630 utrique
2399 2564 2642 2631 ipsorum
2701 2576 2827 2617 ante
2878 2573 3148 2617 tormenta
3208 2564 3525 2631 pollicentes

1946 2666 2003 2704 se
2023 2666 2143 2704 esse
2189 2654 2323 2705 alios
2352 2670 2378 2706 a
2435 2656 2666 2708 mortuis
2699 2656 3079 2717 suscitaturos,
3123 2673 3151 2708 a
3210 2673 3294 2710 me
3331 2667 3515 2709 auth

1952 2744 2127 2805 brevi,
2166 2754 2225 2797 ut
2273 2746 2585 2811 oportebat,
2646 2748 2792 2815 gravi
2826 2757 3001 2801 morte
3051 2749 3159 2802 vita
3204 2750 3425 2817 privati,
3457 2766 3525 2803 ne

1956 2837 2058 2890 sibi
2098 2838 2231 2906 ipsis
2258 2839 2481 2906 quidem
2525 2852 2745 2907 possunt
2781 2857 2937 2909 opem
2972 2841 3139 2895 ferre.
3200 2842 3302 2896 Ubi
3340 2851 3522 2894 autem

1959 2946 2104 2982 nunc
2134 2940 2217 2982 est
2245 2932 2387 2999 plani
2426 2932 2569 2985 illius
2588 2932 2793 2986 Christi
2817 2936 2988 2987 virtus
3012 2937 3033 2986 ’ἰ

2016 3021 2236 3078 XXXV.
2271 3025 2566 3093 Postquam
2609 3041 2738 3094 ergo
2773 3025 2839 3078 ad
2891 3036 3094 3078 lautam
3133 3028 3523 3096 blasphemiam

1945 3116 2299 3182 processisset
2331 3118 2649 3186 imperator,
2684 3118 2855 3171 multo
2891 3121 3122 3172 tumultu
3157 3120 3379 3187 plenum
3410 3129 3527 3172 erat

254 3223 364 3257 των
403 3207 538 3273 πρὸς
571 3204 669 3265 τὰς
700 3204 1011 3274 δυσφημίας
1055 3205 1530 3273 δυσχερανάντων,
1579 3206 1674 3255 καὶ
1704 3222 1835 3255 νεωο
1868 3243 1878 3288 1

1948 3208 2243 3271 theatrum,
2273 3210 2393 3278 ejus
2427 3210 2713 3263 maledicta
2741 3212 2997 3264 omnibus
3022 3228 3163 3280 aegre
3192 3212 3523 3273 ferentibus.

254 3298 499 3367 τερίζειν
539 3298 640 3366 ἥδη
678 3298 1102 3367 προῃρημένων.
1148 3296 1319 3365 Πλὴν,
1353 3297 1455 3348 ὑπὸ
1504 3296 1613 3347 τῶν
1672 3298 1841 3365 κηρύς

258 3408 371 3440 κων
433 3389 591 3457 σιγῆς
645 3390 986 3458 γενομένης,
1053 3389 1145 3441 καὶ
1204 3388 1493 3459 μέλλοντος
1532 3385 1689 3449 αὖθις
1745 3388 1840 3439 τοῦ

260 3483 527 3550 βασιλέως
552 3485 618 3533 τὰ
649 3483 790 3533 κατὰ
821 3482 1049 3550 γνώμην
1097 3482 1295 3543 εἰπεῖν,
1331 3480 1598 3546 αἰφνίδιον
1628 3478 1839 3531 ἀνακύ-

256 3575 369 3640 ψαν
406 3573 553 3625 ἆπαν
595 3572 656 3624 τὸ
690 3571 942 3641 θέατρον,
986 3570 1083 3623 καὶ
1129 3570 1469 3641 θεασάμενον
1494 3570 1618 3631 τοὺς
1652 3570 1841 3635 ἁγίους

259 3670 341 3729 εἰς
374 3668 537 3734 μέσον
567 3664 628 3717 τὸ
658 3665 809 3733 βῆμα
862 3663 1362 3733 κατεπηδήσαντας
1418 3663 1536 3732 (καὶ
1562 3662 1670 3731 γὰρ
1704 3660 1844 3729 ἦσαν

263 3762 478 3829 ἁθρόως
544 3758 953 3826 ἐπιφανέντες),
991 3757 1218 3825 γλῶσσά
1262 3772 1321 3808 τε
1372 3754 1561 3824 ὥσπερ
1590 3755 1843 3822 ἐγένοντο

268 3854 389 3922 μία,
426 3852 523 3904 καὶ
555 3851 756 3914 πάντες
786 3849 1116 3915 ἀνέκραξεν·
1146 3843 1238 3909 Εἷς
1268 3848 1403 3911 Θεὸς
1429 3846 1648 3916 ἀληθῶς
1678 3848 1706 3899 ὁ
1736 3864 1845 3899 των

268 3945 613 4015 Χριστιανῶν
660 3944 813 4005 Θεός.
849 3944 1057 3996 Τούτου
1082 3942 1404 4012 γενομένου,
1431 3939 1724 4011 Εὑγραφός
1761 3958 1845 4003 τις

267 4039 325 4099 ὃς
354 4038 449 4089 καὶ
511 4037 675 4099 αὑτὸς
742 4036 951 4107 ἧσκητο
985 4035 1085 4103 μὲν
1116 4036 1215 4103 τὴν
1245 4035 1351 4085 τῶν
1398 4033 1667 4102 Ἑλλήνων
1718 4050 1845 4083 παι-

265 4125 443 4191 δείαν,
512 4129 926 4197 πολιτευομένῳ
963 4128 1016 4180 δὲ
1041 4129 1121 4179 ἔτι
1174 4126 1253 4195 τῷ
1299 4126 1551 4196 μακαρίῳ
1577 4124 1737 4193 Mn»;
1763 4127 1841 4189 ἐξ-

267 4224 563 4293 υπηρετῶν
596 4224 663 4294 ἦν
693 4241 706 4254 ·
741 4218 895 4284 οὗτος
925 4219 1039 4283 οὖν,
1066 4215 1144 4279 εἷς
1168 4221 1262 4269 καὶ
1310 4219 1473 4279 αὑτὺς
1519 4218 1637 4270 τότε
1656 4216 1729 4269 ῶν
1751 4216 1845 4267 τοῦ

268 4319 521 4386 θεάτρου,
556 4318 652 4369 καὶ
678 4315 745 4367 τὰ
777 4313 1079 4381 τελούμενα
1114 4311 1351 4379 βλέπων,
1381 4311 1439 4360 τὸ
1475 4308 1660 4377 θαῦμα
1701 4308 1846 4372 ἰδὼν,

270 4414 368 4464 καὶ
401 4410 590 4478 ῶσπερ
654 4407 915 4473 ἁναιρθεὶς
978 4404 1285 4470 τδνζηλον,
1336 4402 1597 4471 σφραγῖσί
1660 4418 1717 4452 τε
1752 4402 1846 4452 τοῦ

270 4501 418 4552 οεὀυ
449 4495 685 4567 σταυροῦ
741 4495 931 4547 ἑαυτὸν
984 4490 1351 4560 περιφράξας,
1393 4490 1616 4559 ἀνδρίας
1672 4506 1729 4541 τε
1758 4490 1849 4542 καὶ

1945 3311 1996 3353 et
2024 3301 2134 3369 jam
2202 3317 2290 3354 res
2351 3317 2520 3354 novas
2562 3303 2739 3355 moliri
2808 3306 3203 3357 statuentihus.
3254 3304 3523 3357 Czrterum

1945 3408 2068 3446 cum
2100 3409 2129 3445 a
2160 3394 2507 3460 przcconibus
2545 3394 2749 3446 tactum
2786 3406 2931 3448 esset
2980 3395 3285 3458 silentium,
3316 3404 3373 3447 et
3405 3411 3528 3447 rur-

1946 3500 2041 3538 sus
2075 3486 2325 3538 dicturus
2364 3497 2511 3539 esset
2558 3486 2879 3554 imperator,
2931 3504 3053 3556 quae
3098 3498 3261 3542 erant
3320 3503 3387 3541 ex
3422 3486 3523 3540 'sui

1947 3578 2113 3631 animi
2142 3580 2433 3639 sententia,
2466 3591 2687 3643 repente
2723 3588 2894 3632 totum
2927 3582 3200 3648 aspiciens
3225 3580 3525 3642 theatrum,

1945 3684 2070 3723 cum
2107 3671 2334 3724 vidisset
2362 3681 2603 3733 sanctos,
2632 3670 2725 3738 qni
2755 3670 2809 3723 in
2846 3670 3087 3723 medium
3127 3670 3365 3724 tribunal
3397 3670 3523 3724 des-

1947 3759 2250 3813 cenderant
2303 3762 2388 3826 (ex
2447 3761 2730 3828 inopinato
2776 3760 2921 3812 enim
2977 3760 3367 3828 apparuerant)
3419 3773 3527 3812 una

1947 3851 2117 3905 veluti
2175 3853 2358 3923 lingua
2408 3862 2463 3907 et
2497 3866 2608 3907 uno
2660 3867 2754 3909 ore
2805 3866 2995 3908 omnes
3033 3853 3481 3910 exclamaverunt

1948 3946 2100 4001 Unus
2150 3956 2234 3999 est
2288 3962 2412 3999 vere
2469 3947 2633 4009 Deus,
2682 3948 2827 4000 Dens
2887 3948 3356 4003 Christianorum.
3416 3951 3531 4005 lloc

1932 4038 2113 4111 laeto,
2145 4038 2365 4105 quidam
2404 4038 2743 4105 liugraphus,
2776 4039 2870 4105 qui
2897 4039 3009 4107 ipse
3037 4056 3255 4108 quoque
3300 4042 3351 4092 iu
3379 4040 3530 4095 Grae-

1951 4143 2140 4181 corum
2166 4129 2413 4181 doctrina
2446 4138 2563 4181 erat
2586 4133 2940 4192 exercitatus,
3007 4131 3401 4199 rempublicam
3428 4147 3527 4185 au-

1952 4229 2058 4273 tem
2086 4222 2264 4272 adhuc
2293 4221 2535 4288 gerentis
2570 4220 2738 4274 Mena:
2771 4220 2950 4274 fuerat
3000 4224 3291 4287 minister;
3331 4225 3375 4276 is
3401 4240 3530 4294 ergo

1952 4329 2074 4366 cum
2111 4323 2241 4367 tunc
2269 4323 2414 4366 esset
2452 4329 2591 4365 unus
2624 4330 2689 4366 ex
2756 4314 2821 4365 iis
2850 4315 2942 4381 qui
2990 4326 3150 4368 erant
3208 4315 3261 4367 in
3289 4316 3527 4379 theatro,

1952 4415 2005 4456 et
2032 4404 2242 4457 videret
2276 4420 2395 4472 qua:
2421 4403 2648 4463 fiebant.
2682 4419 2806 4455 cum
2836 4405 3065 4457 vidisset
3088 4405 3435 4470 miraculum,
3473 4418 3531 4460 et

1952 4504 2100 4549 esset
2137 4496 2301 4548 veluti
2338 4494 2453 4547 zelo
2488 4509 2769 4553 accensus.
2803 4504 2857 4547 et
2895 4510 2954 4548 se
3005 4495 3205 4549 divina:
3241 4498 3421 4550 crucis
3450 4498 3528 4551 si-

270 4595 512 4663 θάρσους
572 4586 969 4656 ὑποπλησθεὶς,
1041 4583 1371 4653 εἰσεπήδησὲ
1427 4599 1485 4634 τε
1534 4582 1718 4651 μέσον,
1755 4582 1849 4633 καὶ

1954 4595 2173 4655 gnasset
2209 4585 2512 4654 signaculo,
2538 4595 2593 4639 et
2626 4586 2791 4639 animi
2842 4586 3168 4639 fortitudine
3220 4597 3276 4640 et
3304 4587 3530 4641 audacia

268 4690 406 4754 πρ’ς
435 4686 523 4737 τὴν
554 4681 775 4752 βασιλέα
809 4678 1181 4750 θαρρούντως,
1246 4674 1388 4742 Ἐγὼ
1431 4672 1677 4743 βασιλεῦ,
1718 4674 1845 4741 ἕςρη,

269 4778 599 4850 Χριστιανός
642 4779 777 4845 εἰμι,
806 4777 901 4828 καὶ
920 4774 989 4825 τὰ
1031 4770 1429 4841 προστάγματά
1457 4786 1549 4821 σου
1583 4768 1847 4827 διαπτύω,

272 4876 367 4928 καὶ
396 4875 493 4943 τὴν
543 4869 842 4940 θρησκείαν
874 4885 966 4919 σου
998 4865 1288 4933 ἐξόμνυμι,
1335 4864 1427 4914 καὶ
1458 4862 1559 4931 ήδη
1594 4860 1853 4929 πρόσκει-

275 4967 375 5037 μαί
408 4982 489 5017 σοι
517 4964 602 5016 διὰ
627 4961 880 5031 Χριστὸν,
913 4958 1101 5011 οὐδένα
1134 4954 1314 5008 οἶκτον
1346 4954 1454 5007 τῶν
1488 4953 1712 5021 σαρκῶν
1748 4970 1848 5018 μου
1876 5013 1879 5017 ι

274 5033 483 5109 τούτων
535 5051 880 5119 ποςούμενος.
946 5047 1036 5117 Μὴ
1094 5044 1282 5113 νόμιζε
1315 5041 1370 5095 δὲ
1415 5042 1490 5103 ὠς
1526 5041 1778 5103 ἀπειλαῖς
1816 5041 1847 5111 ἢ
1880 5033 1889 5043 ’

275 5146 542 5208 θωπείαις
603 5144 898 5213 κρατήσεις
960 5138 1095 5201 ὅλως
1174 5135 1307 5205 ἐμοῦ
1341 5134 1372 5205 ἦ
1410 5134 1571 5188 ἄλλου
1614 5134 1676 5201 δή
1705 5151 1849 5195 τινος

269 5242 379 5294 τῶν
435 5234 799 5307 Χριστιανῶν.
849 5232 1010 5298 Ἡμῖν
1056 5230 1165 5296 γὰρ
1227 5226 1459 5287 θάνατος
1521 5226 1619 5294 μὲν
1654 5228 1686 5294 ἡ
1718 5224 1850 5292 μεθ’

272 5332 431 5401 ὑμῶν
452 5329 557 5381 τῶν
588 5325 928 5380 ἀσεϐούντων
985 5321 1121 5389 ζωὴ,-
1165 5318 1278 5388 ζωὴ
1313 5319 1368 5371 δὲ
1395 5317 1614 5385 άληθῶς
1649 5318 1676 5369 ὑ
1709 5318 1845 5385 ὑπὲρ

268 5425 367 5477 τοὺ
425 5420 661 5491 Χριστοῦ
691 5420 940 5478 θάνατος.
1012 5416 1119 5467 Καὶ
1161 5408 1275 5465 οἶδα
1324 5411 1422 5479 μὲν
1481 5411 1567 5463 ὅτι
1600 5411 1675 5473 ῶς
1711 5411 1847 5462 λέων

272 5534 355 5577 τις
392 5514 703 5583 ὡρυὸμενος
735 5509 939 5577 ἐπέϐης
998 5507 1206 5574 ταύτης
1256 5504 1355 5570 τῆς
1390 5503 1635 5564 πόλεως,
1666 5502 1846 5570 ζητῶν

271 5610 351 5677 τῷ
382 5607 537 5675 θυμῷ
569 5603 936 5672 συναρπάσαι,
972 5600 1065 5651 καὶ
1114 5601 1180 5666 τῇ
1234 5594 1649 5664 εἰδωλολατρεὶᾳ
1700 5594 1847 5645 διασ-

276 5697 519 5766 παράξαι
556 5696 615 5745 τὸ
670 5695 761 5744 τοῦ
812 5690 1048 5761 Χριστοῦ
1088 5690 1358 5757 ποίμνιον,
1394 5688 1485 5739 καὶ
1516 5688 1589 5749 ὡς
1639 5688 1845 5756 ἐπεπὴ-

271 5792 446 5858 ὃιρας
503 5787 595 5838 καὶ
620 5788 751 5854 ημῖν
790 5772 1035 5853 σήχῖερον
1068 5782 1204 5850 μετὰ
1262 5782 1368 5833 τῶν
1400 5779 1579 5833 αὐτῶν
1615 5780 1845 5831 ἐλπίδων

274 5882 595 5936 καὶόπλων.
660 5879 794 5932 ’Λλλ“
829 5874 1288 5945 ἀποστρεφόμεθα
1352 5891 1405 5925 σε
1468 5877 1529 5942 τῇ
1584 5875 1712 5942 πρὸς
1751 5876 1843 5927 ολ-

1954 4688 2099 4731 csset
2137 4678 2399 4745 repletus,
2438 4678 2491 4731 in
2531 4676 2771 4730 medium
2830 4679 3123 4746 prosilivit,
3157 4689 3212 4732 et
3268 4679 3531 4731 audacter

1956 4770 2271 4839 imperatori
2308 4788 2321 4824 :
2355 4772 2485 4839 Ego,
2524 4786 2555 4823 ο
2593 4771 2910 4840 imperator,
2971 4772 3170 4839 inquit,
3218 4787 3337 4825 sum
3386 4773 3531 4825 chri-

1954 4862 2184 4919 stianus.
2216 4871 2270 4914 et
2337 4874 2423 4915 ina
2489 4864 2637 4929 jussa
2682 4878 2880 4929 respuo
2905 4873 2961 4917 et
3017 4880 3293 4928 exsecror,
3328 4876 3378 4918 et
3418 4882 3525 4919 non

1954 4954 2148 5023 abjuro
2187 4955 2525 5021 religionem,
2556 4954 2741 5022 etjam
2774 4956 2868 5006 tibi
2907 4970 3026 5007 smn
3089 4966 3313 5024 prOpter
3369 4958 3527 5011 Chri-

1955 5055 2098 5099 stum
2157 5046 2491 5115 propositus,
2527 5046 2675 5099 nulla
2730 5062 2975 5098 mearum
3036 5047 3285 5099 carniqu
3346 5058 3528 5101 motus

1957 5134 2350 5186 misericordia.
2403 5133 2479 5186 Ne
2534 5134 2815 5188 existimes
2870 5145 3049 5187 autem
3079 5135 3217 5197 fore,
3258 5146 3316 5188 ut
3369 5136 3529 5189 nzinis

1956 5227 2039 5280 vel
2107 5226 2386 5279 blanditiis
2438 5242 2524 5279 me
2573 5227 2647 5279 sis
2710 5227 2935 5279 omnino
2986 5212 3369 5294 superaturus,
3431 5229 3526 5282 sed

1953 5335 2131 5387 neque
2186 5320 2354 5372 ullum
2427 5319 2875 5372 Christianorum.
2952 5319 3123 5373 Nobis
3173 5322 3319 5372 enim
3379 5336 3527 5373 mors

1955 5412 2177 5479 quidem
2213 5421 2297 5465 est
2348 5412 2481 5473 vita,
2532 5428 2652 5479 qua:
2686 5428 2808 5465 cum
2874 5414 3028 5467 vobis
3076 5414 3255 5480 agitur
3320 5413 3525 5480 impiis.

1957 5502 2094 5557 \‘cre
2128 5514 2309 5556 autem
2349 5505 2454 5556 vita
2486 5512 2569 5556 est
2599 5519 2764 5567 mors,
2794 5521 2915 5574 qua:
2944 5521 3040 5574 pro
3092 5505 3314 5559 Christo
3351 5506 3527 5558 susci-

1956 5596 2120 5663 pitur.
2154 5594 2219 5647 Ει
2269 5596 2381 5648 scio
2431 5594 2649 5662 quidem
2681 5597 2826 5662 quod
2875 5608 3126 5665 tanquam
3162 5596 3248 5649 leo
3301 5596 3524 5665 rugiens

1955 5691 2006 5743 in
2037 5691 2173 5742 hanc
2209 5688 2499 5741 ascendiin
2527 5690 2822 5754 civitatem,
2842 5705 3094 5758 quaerens
3121 5690 3197 5741 ira
3220 5693 3517 5757 corripere,

1955 5794 2009 5838 ct
2044 5783 2193 5833 cultu
2229 5781 2646 5834 simulacrorum
2684 5782 2885 5834 Christi
2916 5796 3131 5850 gregem
3164 5780 3513 5847 discerpere;

1955 5886 2006 5929 et
2042 5876 2183 5943 quod
2232 5875 2389 5927 hodie
2438 5891 2658 5943 quoque
2692 5876 2755 5928 ad
2811 5890 2910 5929 nos
2939 5874 3240 5945 prosiluisti
3275 5889 3398 5928 cum
3433 5889 3523 5927 ca-
