4260 6430
775 393 868 456 lli

2001 385 2290 445 MENSIS
2330 384 2761 446 DECEMBER.

3932 380 4041 444 US

771 519 896 562 nem
929 522 1024 576 spe
1053 515 1106 557 et
1139 502 1324 558 armis.
1357 501 1462 558 Sed
1499 511 1549 557 te
1583 501 1981 564 aversabimur,
2009 509 2064 556 et
2093 499 2346 558 audacia,
2386 513 2418 557 ,ι

2386 513 2418 557 .\
2455 516 2614 553 ναῖον
2636 500 2830 570 τόλμῃ,
2863 497 2955 551 καὶ
2988 496 3065 568 τῷ
3091 496 3416 568 ἀμεταθίτῳ
3444 500 3545 568 τῆς
3583 495 3900 558 εὐσεϐείας,
3928 495 4040 548 ὥσ-

767 615 874 669 qua
903 598 1235 666 impellimur
1267 594 1333 649 ad
1371 604 1603 649 mortem
1635 593 1876 647 libenter
1907 593 2339 664 suscipiendam,

765 700 820 745 et
852 690 1052 760 pietate
1085 686 1438 750 immutabili,
1490 695 1756 754 tanquam
1801 685 2048 741 dolosam
2098 686 2340 754 aliquam

768 784 1007 849 vulpem,
1031 797 1152 850 qua:
1179 779 1321 834 ludit
1357 779 1593 832 maxime
1628 777 1877 832 ridicule.

835 873 1075 928 XXXVI.
1116 873 1236 926 llaec
1286 886 1411 925 cum
1452 869 2061 938 audiissetimperator,
2090 878 2147 924 et
2196 883 2344 927 esset

766 970 814 1022 ei
842 985 938 1023 eor
978 969 1058 1022 ira
1079 981 1398 1029 accensum,
1420 974 1477 1019 et
1503 965 1610 1034 jam
1643 973 1790 1018 esset
1817 973 2010 1020 emota:
2043 966 2246 1019 mentis
2275 981 2340 1018 ex

766 1071 990 1128 stupore
1031 1056 1302 1118 miraculi,
1337 1055 1505 1110 veluti
1536 1054 1744 1110 oblitus
1800 1070 1860 1110 se
1887 1070 2008 1110 esse
2042 1055 2341 1125 imperato-

768 1165 905 1210 rem,
941 1166 972 1203 e
1001 1150 1131 1204 sede
1162 1149 1439 1211 desiliens,
1466 1163 1590 1202 cum
1619 1149 1808 1202 insana
1845 1164 2006 1202 manu
2046 1149 2334 1219 cujusdam

767 1258 964 1296 eorum
996 1244 1090 1312 qui
1124 1257 1292 1311 prope
1355 1250 1539 1306 erant,
1597 1241 1908 1294 strinxisset
1937 1256 2149 1308 ensem,
2176 1241 2342 1295 multa

767 1347 822 1389 et
852 1345 999 1390 certa
1031 1335 1256 1388 vulnera
1305 1334 1469 1387 affert
1517 1334 1805 1404 Eugrapho
1837 1343 1888 1387 et
1929 1335 2010 1387 sic
2044 1349 2142 1403 per
2169 1349 2228 1388 se
2257 1334 2346 1388 iu-

769 1429 979 1482 terimit
1009 1443 1178 1498 prope
1216 1427 1452 1480 tribunal
1489 1426 1662 1478 virum
1691 1428 1885 1478 fortem
1917 1435 1973 1480 et
2023 1436 2342 1494 martyrem,

770 1520 1004 1587 primum
1039 1520 1264 1588 quidem
1291 1528 1527 1572 stantem
1579 1519 1720 1570 citra
1759 1519 1928 1571 ullum
1983 1519 2258 1581 timorem,
2284 1526 2340 1571 et

767 1614 1036 1667 ferentem
1081 1615 1283 1682 plagas,
1335 1622 1391 1664 et
1425 1612 1507 1664 vel
1547 1611 1600 1664 in
1655 1611 1788 1679 ipsis
1819 1619 2142 1679 arguentem
2173 1610 2347 1678 impe-

771 1715 1030 1769 ratorem,
1055 1715 1237 1775 postea
1277 1713 1460 1758 autem
1496 1703 1550 1757 in
1584 1713 1726 1757 terra
1771 1703 2048 1773 iacentem
2102 1702 2262 1757 ﬁrmo
2288 1711 2345 1757 et

768 1798 1037 1850 constanti
1077 1797 1284 1858 animo,
1345 1804 1400 1849 et
1451 1796 1558 1850 Deo
1621 1804 1870 1865 agentem
1934 1795 2155 1865 gratias,
2196 1795 2342 1864 quod

768 1891 983 1957 primus
1015 1890 1247 1943 aliorum
1276 1889 1340 1942 ad
1375 1903 1502 1942 eum
1539 1889 1940 1957 ingrederetur,
1972 1897 2029 1942 et
2061 1903 2170 1941 non
2229 1903 2341 1942 uno
2376 1865 2419 1924 Β

771 1979 905 2040 ictu,
941 1979 1034 2032 sed
1064 1981 1251 2034 multis
1284 1978 1443 2032 linem
1464 1981 1759 2046 acciperet,
1791 1989 1848 2032 ut
1871 1978 2069 2048 dignus
2095 1978 2347 2048 pluribus

771 2069 1078 2123 haberetur
1107 2069 1343 2124 coronis.
1378 2068 1484 2134 Qui
1515 2083 1637 2122 eum
1669 2077 1724 2122 et
1762 2069 1860 2123 bas
1900 2071 2084 2139 plagas
2123 2070 2346 2139 accipe-

772 2170 877 2217 ret,
917 2169 973 2212 et
1009 2159 1104 2212 has
1157 2173 1321 2212 voces
1348 2160 1558 2222 ederet,
1612 2159 1932 2227 exspiravit.
1970 2159 2346 2214 Temulentam

770 2260 956 2302 autent
983 2251 1165 2304 adhuc
1199 2251 1407 2304 habens
1460 2251 1700 2303 animam
1739 2253 2054 2320 imperator.
2089 2251 2237 2321 quod
2266 2253 2345 2307 ira

774 2345 976 2406 vietus,
1038 2343 1115 2396 sic
1145 2342 1212 2396 ad
1264 2342 1501 2397 militare
1539 2342 1916 2398 descendisset
1952 2343 2342 2409 ministerium,

772 2451 896 2488 cum
935 2450 1126 2489 rursus
1161 2437 1481 2490 revertisset
1511 2435 1575 2489 ad
1631 2437 1842 2500 sedem,
1882 2437 2203 2506 aliquandiu
2233 2453 2349 2491 ma-

773 2542 911 2580 nens
953 2528 1372 2596 eog'tabundus,
1411 2529 1670 2598 cognovit
1707 2545 1765 2584 se
1823 2545 1920 2599 per
1949 2529 2346 2599 impudentiam

772 2621 1104 2675 dubitationi
1128 2622 1378 2676 attulisse
1400 2623 1703 2677 remedium
1722 2633 1775 2676 et
1795 2624 1978 2691 specie
2003 2625 2350 2696 impugnasse

771 2714 1085 2767 veritatem.
1122 2713 1257 2767 Cum
1284 2723 1508 2782 repente
1540 2730 1668 2784 ergo
1693 2715 1758 2768 ad
1795 2731 1851 2768 se
1883 2715 2157 2781 rediisset,
2207 2728 2264 2772 et
2291 2735 2349 2774 se

772 2806 837 2859 ad
873 2816 1091 2860 sanctos
1109 2809 1475 2862 convertisset
1510 2825 1523 2861 :
1557 2807 1710 2872 Juro,
1757 2809 1954 2878 inquit,
1987 2810 2216 2865 deorum
2250 2829 2346 2882 po-

777 2900 1023 2961 tentiam,
1089 2916 1174 2954 nte
1225 2901 1397 2954 multa
1451 2901 1671 2969 quidem
1723 2902 1827 2955 alia
1881 2919 2132 2972 sperasse
2165 2907 2353 2962 videre

773 2991 1056 3060 inopinata
1097 3009 1110 3045 :
1170 2993 1304 3046 tales
1357 3003 1540 3046 autem
1596 3008 1681 3047 me
1714 2994 1960 3049 visurum
1987 3013 2106 3052 esse
2142 3015 2349 3066 magos,

776 3101 1052 3154 nunquam
1085 3101 1202 3139 sum
1233 3086 1508 3154 upinatus.
1542 3085 1646 3142 Sed
1678 3089 1809 3158 quid
1839 3091 1962 3143 n0vi
1997 3089 2175 3146 facere
2201 3092 2350 3148 vide-

777 3179 931 3238 mini,
964 3189 1079 3232 arte
1136 3182 1339 3247 magica
1393 3190 1449 3234 et
1504 3183 1798 3251 praestigiis
1831 3183 2088 3252 populum
2121 3200 2150 3237 a
2181 3200 2238 3240 se
2273 3186 2349 3240 fa-
2375 3211 2418 3273 ρ

776 3271 986 3323 cientes
1037 3270 1340 3334 discedere,
1401 3281 1456 3324 ct
1516 3272 1880 3343 simpliciores
1934 3275 2271 3332 abducentes
2318 3294 2349 3331 a

775 3363 1000 3414 deorum
1057 3372 1346 3429 potestate,
1397 3372 1450 3416 et
1495 3365 1631 3417 mori
1667 3380 1765 3433 pro
1816 3365 2090 3421 Crucilixo
2121 3377 2228 3420 tam
2274 3370 2352 3422 la-

776 3455 882 3508 ede
943 3455 1382 3524 persuadenles?
1432 3456 1545 3524 Ego
1572 3457 1774 3526 itaque,
1826 3457 1920 3526 qui
1959 3473 2058 3511 vos
2119 3458 2351 3513 miseros

779 3563 899 3599 sum
967 3550 1170 3616 optime
1231 3559 1511 3616 expertus,
1547 3565 1671 3602 mox
1707 3559 1893 3618 aperte
1950 3549 2232 3604 ostendam
2266 3550 2350 3604 vel

779 3656 878 3694 vos
909 3655 1030 3694 esxe
1060 3651 1294 3709 speclra,
1326 3641 1409 3694 vel
1442 3642 1581 3695 hanc
1617 3642 1936 3695 ementitam
1967 3643 2344 3696 membrorum

779 3739 1084 3784 vestrorum
1123 3731 1596 3800 reformationem,
1620 3748 1743 3788 esse
1769 3733 2015 3788 fraudem
2039 3734 2348 3801 oculorum,

781 3833 837 3877 et
871 3833 1093 3894 apertas
1123 3824 1446 3896 pra'Stigias.

853 4090 1118 4146 XXXVII.
1151 4091 1335 4146 Sancti
1374 4105 1556 4147 autem
1606 4095 1903 4152 dixerunt:
1945 4096 2354 4168 Consequentia

784 4183 991 4244 dixiszi,
1029 4199 1061 4236 ο
1091 4184 1409 4254 imperator.
1442 4186 1586 4240 Nam
1635 4190 1893 4256 quoniam
1941 4205 2097 4244 mens
2131 4191 2356 4259 quidem

789 4287 878 4328 tua
911 4289 992 4330 est
1034 4277 1316 4343 infatuata,
1349 4270 1570 4332 excutit
1619 4293 1799 4335 autem
1856 4283 2058 4346 anima,
2096 4299 2193 4338 eor
2227 4300 2358 4338 vero

785 4378 870 4420 est
899 4380 1226 4423 excaecatum
1257 4390 1270 4425 :
1304 4372 1500 4425 merito
1528 4373 1604 4426 rei
1637 4390 1856 4443 quoque
1898 4377 2235 4431 admirabilis
2266 4393 2358 4431 ve-

789 4464 941 4524 ritas,
973 4464 1254 4532 pimstigim
1299 4479 1418 4518 esse
1459 4465 1680 4518 videtur
1718 4476 1773 4520 et
1817 4467 2089 4536 deceptio.
2137 4471 2219 4523 An
2252 4485 2360 4523 non

2453 608 2558 659 περ
2587 591 2850 646 ἀλώπεκά
2897 609 3018 645 τινα
3069 591 3318 662 δολερὰν,
3368 592 3692 660 γελοιότατα
3749 589 4042 652 διαπαιςο-

2454 683 2646 752 μένην.

2525 867 2666 933 Λῖιθ.
2703 865 2925 920 Τούτων
2973 866 3220 931 ἀκούσας
3252 869 3279 920 6
3306 866 3589 936 βασιλεὺς,
3621 868 3715 921 καὶ
3737 867 3904 937 θυμῷ
3938 869 4041 939 τὴν

2458 958 2692 1028 καρδίαν
2749 958 3137 1030 ἀναφλεχθεὶς,
3181 961 3278 1012 καὶ
3335 959 3437 1022 τάς
3467 961 3674 1030 φρένας
3705 959 3807 1030 eaq
3831 959 4042 1012 διασει-

2454 1049 2601 1114 σΟεὶς
2633 1052 2694 1101 ὲκ
2722 1051 2822 1119 τῆς
2875 1052 2971 1103 τοῦ
3029 1051 3313 1119 θαύματος
3361 1052 3782 1121 καταπλήξεως,
3815 1051 4041 1105 ἐκλαθό-

2456 1158 2614 1212 μενος
2648 1141 2838 1212 ῶσπερ
2859 1143 2942 1196 ὅτι
2982 1143 3077 1196 καὶ
3108 1143 3366 1210 βασιλεὺς
3394 1140 3483 1216 ἦν,
3550 1144 3646 1197 τοῦ
3682 1145 3880 1212 θρόνου
3911 1146 4039 1196 ἀναο

2453 1235 2725 1304 πηδήσας,
2781 1236 2877 1289 καὶ
2924 1253 3195 1308 μσργωσῃ
3231 1238 3382 1307 χειρὶ
3434 1237 3542 1291 τῶν
3573 1237 3860 1305 ἐγγυτάτω
3896 1236 4039 1298 τινὲς

2454 1329 2806 1397 σπασάμενος
2872 1328 3170 1400 μάχαιραν,
3224 1332 3435 1392 πολλὰς
3487 1330 3624 1399 ὁμοῦ
3683 1330 3778 1381 καὶ
3815 1327 4038 1398 καιρίας

2453 1421 2758 1488 κατήνεγκε
2815 1420 2909 1473 τοῦ
2957 1421 3253 1492 Εὖγραφου
3291 1439 3305 1452 ·
3377 1424 3472 1476 καὶ
3525 1422 3671 1476 οὕτω
3710 1423 3778 1476 δι’
3838 1420 4043 1476 ἑαυτοῦ

2452 1515 2667 1583 ἀναιρεῖ
2725 1514 2875 1582 παρά
2903 1515 2960 1566 τὸ
3002 1513 3156 1585 βῆμα
3202 1517 3294 1569 τὸν
3335 1516 3570 1586 ἀριστέα
3629 1519 3723 1569 καὶ
3758 1518 4039 1586 μάρτυρα,

2453 1609 2521 1660 τα
2553 1607 2744 1676 πρῶτα
2816 1607 2918 1676 μὲν
2959 1608 3061 1660 καὶ
3117 1609 3410 1680 ἀπτοὴτως
3469 1609 3784 1678 ἱστάμενον,
3811 1609 3906 1658 καὶ
3941 1609 4038 1674 cpi-

2454 1718 2616 1770 ροιτα
2645 1700 2743 1764 τὰς
2795 1701 3032 1769 πληγὰς,
3084 1701 3179 1755 καὶ
3240 1703 3370 1770 παρ’
3401 1702 3597 1764 αὑταῖς
3649 1702 3846 1755 ἕτιτὸν
3888 1701 4039 1770 βασι-

2454 1794 2551 1847 λέα
2613 1793 2928 1863 ἐλέγχοντα,
2999 1793 3228 1864 ὕστερον
3270 1793 3328 1848 δέ
3374 1797 3469 1848 καὶ
3509 1795 3913 1849 κατακλιθέντα
3961 1796 4039 1856 εἰς

2450 1885 2576 1954 γῆν,
2611 1886 2808 1939 ἑστῶτι
2858 1887 2948 1938 καὶ
2985 1885 3201 1938 ἀκλινεῖ
3236 1885 3315 1954 τῷ
3349 1887 3690 1956 φρονήματι,
3726 1889 3822 1939 καὶ
3879 1887 4041 1955 χάριν

2449 1975 2820 2045 ὁμολογοῦντα
2876 1977 2955 2048 τῷ
2979 1976 3117 2047 Θεῷ,
3168 1978 3251 2031 ὅτι
3280 1980 3375 2032 καὶ
3405 1980 3624 2049 πρῶτος
3654 1979 3833 2033 ἄλλων
3870 1979 4039 2031 ὥδευε

2453 2069 2587 2138 πρὸς
2613 2069 2800 2132 αὑτὸν,
2856 2072 2949 2122 καὶ
2979 2070 3041 2122 οὗ
3073 2072 3175 2140 μιᾷ
3225 2073 3391 2140 τομῇ,
3430 2071 3570 2123 ἀλλά
3600 2071 3821 2133 πολλαῖς
3857 2073 3918 2124 τὸ
3946 2076 4038 2127 τέ-

2449 2161 2539 2223 ).ος
2576 2162 2806 2230 ἐδέχετο,
2863 2162 2947 2214 ἵνα
2995 2163 3090 2214 καὶ
3139 2163 3401 2216 πλειόνων
3447 2162 3536 2232 εἴη
3572 2163 3680 2215 τῶν
3749 2168 4038 2231 στεφάνων

2447 2252 2769 2320 ἡξιωμένος,
2807 2253 2900 2304 καὶ
2929 2251 3074 2304 οὕτω
3105 2255 3226 2316 ταῖς
3262 2253 3499 2323 πληγαῖς
3532 2256 3761 2318 ταύταις
3793 2260 3890 2308 καὶ
3917 2261 4040 2321 ταῖς

2449 2345 2651 2411 φωναῖς
2714 2344 3218 2399 συνεκπνεύσαντα.
3269 2344 3598 2400 Μεθὺουσαν
3645 2346 3742 2400 οὖν
3795 2347 3879 2400 ἔτι
3939 2349 4038 2417 τὴν

2447 2435 2627 2506 ψυχὴν
2677 2435 2819 2506 ἔχων
2851 2439 2879 2488 ό
2919 2437 3199 2506 βασιλεὺς,
3239 2438 3346 2500 ὅτι,
3385 2438 3558 2510 θυμοῦ
3589 2441 3850 2511 ἡττηθεὶς
3878 2485 3891 2503 ,
3962 2444 4038 2504 εἰς

2451 2527 2850 2600 στρατιωτικὴν
2879 2529 3024 2583 οὕτω
3050 2531 3295 2595 κατασάς
3329 2532 3636 2603 ὑπηρεσίαν
3667 2533 3924 2603 ἐξύϐρισε
3980 2534 4039 2585 τὸ

2451 2621 2715 2692 διάδημα,
2777 2622 3115 2693 ἀναδραμὼν
3143 2625 3237 2676 καὶ
3269 2619 3426 2688 αὖθις
3457 2627 3548 2678 ἐπὶ
3573 2627 3665 2679 τὸν
3695 2627 3904 2694 θρόνον,
3940 2626 4040 2677 ἐπ’

2455 2713 2637 2781 ὀλίγον
2671 2732 2728 2767 τε
2768 2715 2959 2784 μείνας
2991 2717 3077 2783 ἐφ’
3107 2715 3330 2781 ἑαυτοῦ,
3373 2716 3442 2770 δι’
3469 2719 3748 2780 ἀναιδείας
3778 2720 3922 2787 ἔγνω
3954 2718 4039 2770 θε-

2455 2806 2732 2878 ραπεῦσαι
2780 2807 2881 2878 τὴν
2909 2807 3169 2877 ἀπορίαν,
3199 2809 3294 2862 καὶ
3338 2807 3482 2862 οὕτω
3508 2809 3588 2878 τῷ
3613 2809 3812 2873 δοκεῖν,
3871 2827 4042 2863 κατα-

2454 2899 2790 2967 γωνίσασθαι
2844 2899 2947 2970 τὴν
3003 2899 3287 2971 ἀλήθειαν.
3359 2900 3654 2970 Ἐξαίφνης
3714 2899 3808 2952 οὖν
3850 2900 4043 2968 ὥσπερ

2455 2994 2768 3060 ἀνενεγκὼν
2801 3031 2816 3056 ,
2871 2993 2971 3045 καὶ
3023 2993 3158 3062 πρὸς
3207 2995 3336 3056 τοὺς
3395 2993 3588 3061 ἀγίους
3633 2993 4037 3060 ὲναποϐλέψαο,

2458 3086 2723 3155 Ὄμνυμι,
2781 3083 2906 3152 ἔφη,
2951 3084 3013 3138 τὸ
3047 3084 3158 3137 τῶν
3185 3085 3324 3137 θεῶν
3376 3087 3578 3154 κράτος
3627 3085 3700 3146 ὠς
3733 3085 3904 3137 πολλὰ
3943 3086 4042 3143 μὲν

2454 3177 2590 3230 ἄλλα
2605 3176 2713 3228 τῶν
2742 3176 3022 3246 ἀδοκήτων
3059 3176 3186 3228 ίδείν
3210 3175 3434 3245 ἠλπισω
3458 3175 3663 3245 μάγους
3686 3173 3741 3227 δὲ
3769 3176 4040 3235 τοιούτους

2459 3270 2585 3323 ἰδεῖν
2617 3269 2875 3321 οὐδέποτε
2911 3267 3308 3337 προσεδόκησα.
3331 3267 3478 3337 Πλὴν
3497 3268 3551 3319 τί
3569 3267 3665 3320 καὶ
3693 3266 3844 3330 ξένον
3863 3269 4043 3335 πρᾶτ’

2452 3377 2567 3412 τειν
2595 3360 2827 3425 δοκεῖτε,
2867 3360 3071 3428 μαγεία
3101 3359 3197 3410 καὶ
3225 3359 3456 3430 γοητεία
3476 3358 3793 3422 ἐξιστῶντες
3819 3359 3912 3409 τὶν
3944 3357 4039 3425 δῆ-

2454 3468 2576 3520 μον,
2608 3451 2703 3503 καὶ
2761 3451 2891 3514 τοὺς
2929 3448 3328 3518 ἀφελεστέρους
3350 3449 3448 3516 τῆς
3482 3450 3592 3501 τῶν
3615 3447 3755 3500 θεῶν
3791 3450 4036 3511 ἀπα-,νον-

2451 3558 2542 3603 τες
2568 3541 2844 3607 ἐξουσίας,
2900 3540 2996 3592 καὶ
3025 3538 3120 3592 τοῦ
3168 3539 3589 3608 ισταυρωμένου
3656 3537 4044 3605 ὑπεραποθνή-

2456 3651 2632 3699 σκειν,
2680 3632 2854 3695 οὕτως
2904 3630 3146 3701 εὐχερῶς
3201 3629 3626 3693 ἀναπείθοντεςς
3717 3628 3864 3694 Ἐγὼ
3911 3629 4044 3695 γοῦν

2453 3725 2581 3788 τοὺς
2610 3723 2830 3786 ἀθλίους
2873 3724 3028 3793 ὑμᾶς
3083 3721 3175 3774 διὰ
3205 3721 3404 3792 πείρας
3438 3721 3578 3790 ἔχων
3604 3722 4041 3790 ἀκριϐεστατης,

2453 3817 2740 3886 ἀπελέγξω
2767 3817 2827 3871 το
2855 3816 3076 3887 τάχοςῆ
3129 3816 3266 3879 ὅλως
3323 3816 3587 3886 φάσματα
3645 3817 3824 3881 ὄντας,
3884 3818 3920 3888 ἢ
3946 3820 4045 3883 τὴν

2454 3909 2800 3979 ψευδομένην
2822 3909 3029 3980 ταύτην
3056 3908 3362 3963 ἀνάπλασιν
3392 3909 3502 3962 τῶν
3532 3909 3819 3978 ὑμετέρων
3859 3909 4041 3977 μελῶν

2457 4001 2678 4069 ἀπάτην
2701 4001 3000 4071 ὀφθαλμῶν
3025 4000 3192 4054 οὖσαν
3239 4003 3337 4055 καὶ
3359 4005 3618 4070 γοητείαν
3647 4003 3820 4069 σαφῆ.

2531 4090 2654 4146 ΛΖ’.
2680 4093 2791 4145 Καὶ
2820 4094 2870 4146 οί
2905 4093 3052 4160 ἆγιοι
3083 4090 3237 4146 εἷπον
3257 4111 3272 4126 ο
3323 4092 3624 4147 ’Λκὸλουθα
3675 4093 3836 4162 ἔφης.
3870 4087 3917 4146 ὢ
3947 4093 4043 4162 βα-

2462 4183 2634 4237 σιλεῦ.
2684 4184 2837 4236 Ἐπεὶ
2885 4185 2992 4250 γάρ
3027 4201 3110 4237 σοι
3162 4185 3432 4254 μωραίνει
3479 4187 3578 4254 μὲν
3609 4185 3898 4252 ήδιά.οια,
3946 4204 4044 4236 τυ-

2461 4274 2696 4342 φλώττει
2730 4274 2786 4326 δὲ
2819 4277 2852 4344 ἡ
2887 4275 3056 4344 ψυχὴ,
3120 4275 3464 4342 πεπώρωται
3492 4278 3546 4329 δὲ
3581 4279 3612 4344 ὴ
3646 4279 3868 4346 καρδῗα,
3900 4279 4047 4330 aind-

2461 4383 2573 4426 τως
2611 4365 2707 4418 καὶ
2753 4366 2848 4418 τοῦ
2885 4367 3193 4436 παραδόξου
3217 4369 3548 4436 πράγματος
3582 4371 3615 4439 ἡ
3649 4370 3879 4438 ἀλήθεια
3911 4387 4047 4440 γοη-

2463 4459 2584 4512 τεία
2619 4455 2762 4512 εἶναι
2794 4461 2889 4514 καὶ
2942 4462 3127 4531 ἀπάτη
3184 4461 3375 4537 δοκεῖ..
3398 4458 3474 4515 'll
3504 4464 3614 4533 γὰρ
3639 4463 3761 4532 οὐχὶ
3791 4465 4044 4533 φανερῶς

787 4553 935 4604 enim
965 4563 1151 4622 aperte
1184 4554 1426 4616 ementis,
1455 4553 1646 4623 qui‘iis
1669 4572 1774 4609 non
1814 4559 2017 4620 credis,
2081 4575 2204 4628 quae
2230 4569 2358 4613 sum
2394 4548 2469 4601 θ’

2394 4548 2434 4601 D
2460 4551 2787 4620 τυφλώττεις
2812 4553 2948 4621 πρὸς
2976 4555 3045 4606 τὰ
3072 4555 3168 4605 καὶ
3194 4552 3374 4622 φωτὸς
3401 4553 3762 4623 λαμπρότερα
3785 4555 3880 4606 καὶ
3911 4555 4047 4622 ὴμέ-

792 4647 874 4697 vel
911 4647 1031 4700 luce
1058 4647 1332 4700 clariora?
1359 4648 1514 4713 Quod
1547 4649 1589 4702 si
1640 4651 1769 4719 quid
1819 4651 1986 4705 etiam
2036 4651 2104 4704 de
2140 4652 2206 4706 iis
2238 4668 2360 4722 qua:

792 4738 969 4798 vides,
1031 4736 1274 4801 dubitas,
1325 4740 1378 4791 in
1432 4740 1592 4794 nobis
1642 4739 1824 4795 adhre
1874 4742 2008 4810 ipsis
2069 4741 2362 4810 diligenter

792 4824 1010 4893 inquire
1046 4826 1354 4880 veritatem.
1389 4827 1485 4880 Sin
1513 4832 1694 4881 autem
1727 4831 1883 4883 smvis
1918 4830 2101 4894 minis,
2139 4832 2219 4885 vel
2257 4833 2360 4886 bo-

792 4932 987 4970 norum
1017 4918 1321 4986 promissis,
1347 4921 1508 4972 etiam
1532 4921 1575 4972 si
1606 4921 1782 4987 ipsum
1813 4921 2017 4976 dixeris
2049 4924 2361 4991 imperium,

793 5011 938 5078 quod
969 5027 1055 5064 res
1077 5021 1159 5065 est
1189 5013 1330 5079 apud
1370 5028 1466 5066 vos
1513 5013 1747 5066 maxima
1781 5026 1834 5068 et
1867 5014 2202 5080 beatissima,
2245 5017 2363 5070 cxi-

795 5103 986 5154 stinaas
1014 5117 1113 5156 nos
1137 5117 1164 5154 a
1201 5110 1388 5156 nostra
1414 5101 1698 5157 traducere
1728 5105 2022 5168 sententia,
2065 5105 2292 5169 falleris,
2331 5119 2364 5158 o

797 5196 1116 5261 imperator.
1141 5193 1275 5247 Nam
1306 5203 1360 5246 tu
1397 5194 1566 5260 prius,
1598 5204 1806 5248 mutato
1831 5212 2043 5259 errore,
2074 5195 2355 5251 Christum

797 5287 1172 5345 eotiliteberis.
1204 5305 1366 5356 quam
1399 5303 1499 5341 nos
1536 5303 1566 5341 a
1596 5287 1827 5342 veritate
1862 5289 2199 5351 deﬁcientes,
2230 5289 2366 5344 falso

798 5381 971 5432 simus
989 5381 1282 5434 adha-suri.
1317 5381 1373 5433 ln
1407 5395 1505 5434 nos
1527 5396 1656 5451 ergo
1688 5384 1982 5450 pronuntia
2012 5387 2362 5444 sententiain.

802 5483 949 5527 recte
982 5475 1179 5538 sciens,
1210 5475 1353 5543 quod
1392 5475 1656 5544 quidquid
1699 5476 1766 5530 (le
1790 5487 1990 5532 etetero
2021 5477 2226 5532 dixeris
2275 5486 2370 5528 aut

803 5565 1022 5628 reteris,
1059 5578 1087 5614 a
1122 5574 1171 5616 te
1205 5563 1296 5617 flet
1330 5565 1584 5628 inaniter,
1616 5575 1670 5620 et
1706 5567 1774 5621 ab
1821 5583 1886 5622 eo
1917 5584 2080 5637 quem
2113 5569 2210 5621 tibi
2245 5583 2370 5636 pro-

805 5655 984 5722 penis,
1023 5670 1190 5722 senpn
1227 5655 1384 5719 longe
1416 5658 1595 5712 cadet.
1667 5658 1968 5728 Imperator
2013 5673 2194 5715 autem
2245 5677 2368 5714 eum

801 5756 854 5798 et
885 5761 948 5799 ex
976 5762 1033 5801 se
1067 5749 1289 5815 quidem
1365 5749 1726 5805 intellexisset
1776 5752 2096 5816 veritatem,
2133 5753 2371 5806 maxime

807 5853 938 5892 vero
969 5854 1087 5892 eam
1129 5844 1466 5907 cognovisset
1519 5859 1584 5898 ex
1643 5852 1867 5914 stupore
1896 5855 1949 5899 et
2009 5845 2367 5900 admiratione

2460 4660 2562 4712 ρας
2613 4641 2758 4695 οὕτω
2809 4642 3152 4703 διαπιστῶν;
3217 4642 3278 4696 El
3313 4643 3371 4695 δέ
3425 4660 3479 4695 τι
3537 4645 3635 4696 καὶ
3675 4645 4047 4712 ἀμφιδάλλεις

2461 4737 2546 4804 ἐφ’
2603 4732 2686 4794 οἷς
2728 4737 2858 4806 ὁρᾷς
2896 4737 2955 4787 ὲν
2981 4723 3355 4805 ἡμῖνάὖτοίς,
3420 4739 3516 4789 καὶ
3566 4738 3646 4790 ἔτι
3675 4739 4047 4807 περιέργασαι

2461 4829 2559 4896 τὴν
2581 4827 2855 4891 ἀλήθειαν.
2885 4828 2946 4880 Et
2972 4827 3027 4880 δὲ
3060 4828 3310 4896 χαλεπῶν
3336 4829 3610 4894 ἀπειλαῖς,
3638 4829 3669 4896 ῆ
3700 4829 3924 4897 ἀγαθῶν
3950 4833 4048 4881 ἑπ-

2466 4919 2768 4986 αγγεὶίαις,
2799 4917 2902 4970 κᾶν
2931 4917 3208 4986 βασιλείαν
3230 4921 3391 4990 εἴπης
3432 4921 3624 4989 αὐτὴν,
3650 4921 3710 4973 τὸ
3739 4924 3869 4991 παρ’
3915 4924 4048 4991 ἡμῖν

2470 5014 2724 5082 μέγιστον
2753 5012 2847 5064 καὶ
2880 5013 3319 5082 μακαριώτατον,
3353 5014 3710 5083 μεταπείθειν
3742 5017 3889 5085 ἡμᾶς
3917 5016 4044 5080 οίεις

2466 5102 2734 5173 Λέληθας,
2766 5097 2811 5157 ὧ
2865 5103 3108 5172 βασιλεῦ,
3163 5105 3246 5157 ὅτι
3276 5107 3492 5174 πρῶτον
3520 5106 3687 5169 αὐτὸς
3721 5108 4048 5169 μεταϐαλὼν

2469 5196 2566 5260 τῆς
2599 5197 2807 5266 πλάνης
2839 5196 3200 5266 ὁμολογήσεις
3230 5198 3491 5267 Χριστὸν,
3526 5201 3672 5270 ἢπερ
3719 5203 3878 5269 ἡμεῖς
3913 5204 4050 5254 ἀπο·

2473 5289 2695 5350 στάντες
2723 5288 2819 5357 τῆς
2849 5289 3106 5358 ἀληθείας
3139 5290 3217 5360 τῷ
3250 5291 3439 5360 ψεύδει
3471 5293 3835 5362 προσέξομεν.
3881 5294 4048 5345 Ἀπό-

2473 5379 2939 5448 φηναιτοιγαροῦν
2973 5381 3094 5433 καθ’
3131 5381 3308 5449 ἡμῶν,
3338 5384 3584 5454 ἀκριϐῶς
3620 5385 3776 5446 εἰδὼς
3807 5387 3880 5447 ὠς
3909 5386 4050 5451 ὅπερ

2473 5470 2540 5523 ἂν
2567 5471 2625 5522 τὸ
2653 5471 2837 5524 λοιπὸν
2865 5472 3023 5544 εἴπῃς
3054 5473 3084 5542 ἧ
3113 5473 3319 5544 δράσῃς
3348 5477 3441 5530 ἐπὶ
3469 5477 3684 5545 ματαίῳ
3730 5495 3810 5530 σοι
3855 5479 4037 5540 ἔσται,

2475 5565 2569 5616 καὶ
2595 5567 2783 5635 πόρρω
2810 5559 3084 5618 πίπτονοῦ
3109 5567 3326 5632 διώκεις
3361 5569 3586 5625 σκοποῦ.
3626 5570 3684 5622 ’0
3709 5571 3764 5622 δὲ
3791 5571 4053 5637 βασιλεὺς

2478 5657 2570 5710 καὶ
2601 5657 2731 5726 παρ’
2757 5658 2952 5710 ἑαυτοῦ
2984 5661 3082 5726 μὲν
3106 5660 3206 5730 τὴν
3237 5661 3500 5732 ἀλήθειαν
3525 5662 3776 5724 συνιδὼν,
3814 5664 4054 5730 μάὶιττα

2476 5751 2532 5804 δὲ
2565 5752 2656 5803 καὶ
2688 5751 2794 5804 ἀπὸ
2821 5751 2916 5820 τῆς
2945 5753 3053 5804 τῶν
3109 5753 3542 5824 παρισταμένων
3573 5755 3892 5822 ἐκπλήξεως
3919 5770 3985 5805 τα
4001 5757 4058 5804 3-

2479 5862 2578 5914 "o'"
2609 5843 2960 5915 καταμαθὼν,
3006 5846 3100 5900 κιὶ
3160 5846 3266 5917 γᾶρ
3298 5845 3596 5916 ἁπτόμενοί
3622 5864 3678 5901 τε
3701 5847 3807 5901 τῶν
3853 5844 4055 5914 ἁγίων,
