4260 6430
238 391 351 457 413

1140 388 1616 456 MARTYRIUM
1660 390 1724 452 S.
1767 393 2001 455 ΜΕΝᾸΞ
2034 396 2131 457 ET
2171 396 2587 459 SOCIURUM.

3414 397 3519 461 ιιι

238 504 473 565 καὶτοῖς
516 506 679 575 χερσὶ
730 501 1185 573 διαψηλασῶντες
1219 502 1507 575 έξίσταντο
1544 501 1728 566 δείσας
1762 501 1836 571 μὴ
1863 505 1916 562 Α

1863 505 2133 563 Aeorum
2178 509 2271 579 qui
2330 508 2589 564 astabant
2620 509 2869 578 (sanctos
2917 509 3067 565 enim
3122 517 3432 581 tangentes.
3461 523 3518 568 et

234 596 299 649 τὸ
338 594 545 665 πλῆθος
568 595 951 666 πεπεισμένας
970 594 1073 666 ήδη
1116 596 1214 659 τὰς
1242 594 1421 667 ψυχὰς
1450 594 1672 666 [χοντες
1726 592 1832 645 ὑπὸ

232 694 340 763 τῆς
362 693 456 747 τοῦ
488 695 818 764 πράγματος
868 693 1180 761 ἐναργείας,
1214 695 1427 747 ἐκείνου
1456 693 1516 746 δὶ
1569 692 1706 761 πρὸς
1730 707 1834 757 φα-

234 788 406 858 νεράν
425 787 690 858 ἀλήθειαν
712 790 1147 856 ἀντιπίπτοντος,
1172 787 1417 859 δράσωσι
1438 802 1488 838 τι
1519 785 1613 837 καὶ
1630 782 1829 837 νεώτε-
1859 775 1863 778 ’

241 896 337 950 ρον
369 880 489 933 κατ’
510 879 676 935 αὐτοῦ
727 884 1042 953 προστάξας
1067 882 1226 936 τοῦτο
1276 883 1463 951 μόνον,
1496 878 1596 939 τὰς
1657 892 1827 944 κεφα-

240 971 339 1035 λὰς
364 974 545 1027 αὐτῶν
572 976 980 1045 ἀποτμηθῆναι,
1009 976 1214 1045 ἀνέστη
1247 972 1343 1026 τοῦ
1385 972 1655 1043 βήματος.
1674 969 1830 1022 Ἐπεὶ

237 1065 295 1118 δὲ
323 1067 371 1119 οί
402 1065 549 1133 ἀγιοι
589 1069 734 1136 μετά
762 1068 872 1121 τῶν
895 1068 1218 1137 ἀπαγόντων
1249 1067 1447 1129 αὐτοὺς
1483 1063 1830 1136 στρατιωτῶν

239 1159 336 1212 καὶ
372 1159 576 1222 παντὸς
625 1160 719 1213 τοῦ
776 1160 1016 1230 πλήθους
1068 1163 1199 1231 περὶ
1233 1160 1327 1212 τὸν
1362 1158 1525 1211 τόπον
1554 1157 1826 1225 ἐγένοντο,

173 1302 179 1305 .
241 1251 467 1315 στάντες
494 1254 591 1306 καὶ
620 1255 813 1323 κείρας
870 1252 988 1323 ἅμα
1039 1255 1133 1307 καὶ
1184 1252 1505 1322 ὀφθαλμοὺς
1554 1252 1634 1313 είς
1661 1252 1830 1320 οὐρα-

238 1346 366 1407 νοὺς
399 1346 651 1415 ἄραντες,
684 1346 774 1399 ἐπ’
806 1346 925 1415 ὕψει
955 1347 1175 1399 πάντων
1205 1345 1292 1413 ἐφ’
1351 1346 1535 1397 ἱκανὶν
1596 1341 1829 1407 ηὔξαντο

236 1439 305 1508 τῇ
335 1454 393 1489 τε
432 1437 703 1491 πόλεικαὶ
738 1440 1093 1511 Χριστιανοτς
1140 1442 1298 1505 πᾶσι,
1331 1440 1428 1493 καὶ
1483 1438 1826 1511 ἐκκλησίαις,

235 1532 584 1584 κατάστασιν
617 1535 710 1585 καὶ
741 1534 1009 1605 γαλήνην,
1052 1534 1148 1588 καὶ
1177 1535 1237 1586 τὸ
1265 1534 1470 1605 μηδένα
1504 1534 1605 1603 τῆς
1645 1534 1827 1587 αὐτῶν

239 1626 567 1697 ἐπικουρίας
610 1629 804 1681 ἐπιδεᾶ
868 1630 1162 1699 γενόμενον
1211 1629 1370 1683 κενὸν
1438 1630 1827 1700 ὑποστρέφειν.

240 1722 477 1776 Ἔπειτα
500 1726 640 1791 μετὰ
668 1722 767 1794 τήν
804 1724 967 1794 εὐχὴν
999 1724 1395 1794 περιϐαλόντες
1440 1723 1707 1797 ἀλλήλους
1732 1725 1829 1777 καὶ

1933 600 2195 655 manibus
2243 609 2659 657 contrectantes
2692 600 3182 671 obtupescebant),
3217 604 3422 658 timens
3446 620 3517 659 ne

1935 694 2191 763 populus,
2235 695 2391 764 cujus
2418 694 2531 764 jam
2559 703 2720 748 erant
2742 695 2913 750 animi
2944 695 3192 765 persuasi
3228 712 3259 750 a
3288 695 3369 750 rei
3399 696 3520 751 evi—

1933 785 2144 849 dentia,
2179 785 2272 840 illo
2304 787 2598 841 resistente
2642 787 2947 842 manifestat
3006 787 3253 852 veritati,
3306 786 3515 857 aliquid

1933 878 2060 931 novi
2091 878 2144 931 in
2174 893 2301 931 eum
2330 887 2582 945 agerent.
2617 892 2743 935 cum
2777 878 2881 934 hoc
2924 880 3103 935 solum
3129 880 3388 951 jussisset
3434 881 3517 935 eis

1934 972 2210 1040 amputari
2259 971 2463 1039 capita,
2518 973 2764 1027 surrexit
2814 986 2847 1026 e
2884 972 3169 1028 tribunali.
3217 972 3516 1040 Postquam

1932 1064 2324 1119 autem'sancti
2372 1078 2494 1118 cum
2527 1063 2594 1117 iis
2616 1063 2708 1135 qui
2749 1079 2847 1120 eos
2896 1063 3173 1119 ducebant
3219 1064 3512 1126 militibus,

1930 1170 1986 1215 et
2025 1170 2137 1215 toto
2172 1160 2375 1230 papulo
2402 1159 2467 1215 ad
2498 1161 2681 1215 locum
2714 1171 3009 1226 venerunt,
3043 1173 3254 1217 stantes
3284 1172 3342 1217 et
3393 1178 3511 1216 ma-

1932 1269 2037 1308 nus
2060 1253 2219 1307 simul
2250 1263 2304 1308 et
2333 1254 2523 1309 oculos
2557 1255 2610 1309 in
2651 1253 2850 1309 cmlum
2886 1255 3162 1320 tollentes,
3206 1255 3258 1308 in
3289 1269 3517 1323 conspo-

1933 1354 2022 1400 ctu
2059 1346 2308 1400 omnium
2341 1348 2475 1403 satis
2497 1347 2593 1403 diu
2618 1355 2750 1402 sunt
2782 1349 2988 1419 precati
3014 1347 3244 1411 civitati,
3273 1357 3332 1401 et
3367 1348 3517 1401 chri-

1936 1438 2130 1492 stianis
2161 1439 2441 1505 omnibus,
2469 1449 2525 1495 et
2556 1440 2821 1496 Ecclesiis
2850 1440 3095 1510 quietem
3153 1450 3209 1495 et
3243 1440 3516 1509 tranquil-

1934 1534 2169 1593 litatem.
2197 1543 2254 1589 et
2284 1543 2344 1588 ut
2381 1548 2567 1597 nemo,
2619 1534 2715 1603 qui
2762 1549 2957 1588 eorum
2991 1533 3237 1603 eguisset
3288 1532 3517 1595 auxilio,

1935 1635 2310 1681 reverteretur
2340 1626 2539 1681 inanis.
2580 1624 2793 1680 Deinde
2845 1632 2972 1695 post
3032 1624 3410 1693 precationem
3455 1638 3515 1678 se

1933 1720 2167 1774 invicem
2203 1718 2460 1788 amplexi,
2495 1718 2733 1788 dataque
2759 1734 2894 1789 pace
2917 1727 2974 1773 et
2997 1717 3351 1781 salutatione,
3386 1732 3517 1786 por-

235 1816 467 1885 εἰρήνην
527 1815 712 1879 δόντες
747 1819 841 1870 καὶ⁵
892 1819 1208 1888 ἀσπασμὸν,
1264 1819 1357 1872 καὶ
1417 1821 1545 1881 τοὺς
1596 1818 1829 1887 αὐχένας
1863 1857 1903 1917 Β

1863 1857 1903 1917 Β
1936 1814 2102 1867 rectis
2136 1812 2314 1874 collis,
2364 1820 2596 1882 uterque
2631 1827 2828 1867 eorum
2876 1826 2909 1867 α
2958 1810 3155 1878 milite,
3184 1810 3278 1881 qui
3333 1809 3388 1864 id
3419 1809 3517 1863 ob-

234 1907 577 1972 ὲκτείναντες
602 1911 861 1976 ἑκάτερος
883 1911 1065 1963 αὐτῶν
1096 1911 1304 1987 χαίρων
1331 1913 1480 1982 παρά
1510 1910 1605 1965 τοῦ
1633 1910 1829 1981 λαχόν-

233 2018 328 2063 τος
364 2004 697 2071 στρατιώτου
728 2004 786 2057 τὸ
816 2004 1090 2074 μακάριον
1134 2004 1288 2067 τέλος
1338 2005 1610 2069 ιδέξαντο.

304 2092 437 2149 All'.
516 2095 669 2148 Ἐπεὶ
692 2096 747 2150 δὲ
793 2098 821 2149 ό
862 2098 1037 2168 μέγας
1092 2098 1286 2167 Μηνᾶς
1332 2100 1423 2152 τόν
1478 2116 1539 2151 τε
1596 2097 1827 2168 βασιλέα

234 2189 483 2257 ᾐτήσατο
510 2189 617 2253 ζῶν
656 2191 736 2243 [τι
766 2190 915 2261 παρά
943 2192 1023 2261 τῷ
1050 2191 1333 2262 Βυζαντίῳ
1362 2191 1423 2245 τὸ
1479 2191 1645 2245 αὑτοῦ
1669 2193 1831 2260 σῶμα

233 2280 627 2349 κατατεθῆναι,
696 2284 978 2353 ἐπέσκηψε
1010 2284 1066 2337 δέ
1113 2287 1207 2337 καὶ
1262 2287 1376 2348 τοῖς
1425 2286 1548 2337 τότε
1608 2287 1829 2347 πιστοῖς

235 2390 301 2425 πε
316 2374 367 2442 pi.
399 2374 616 2439 τούτου,
659 2378 753 2429 καὶ
784 2378 897 2440 τοῖς
932 2377 1106 2440 ἄλλως
1128 2378 1350 2439 οἰκείοις
1382 2377 1552 2431 εἰπὼν
1586 2378 1663 2440 ὠς
1691 2376 1825 2430 ταύ-

233 2479 339 2532 την
368 2464 469 2531 τήν
525 2465 682 2517 πόλιν
725 2467 1076 2537 κεκλήρωται
1130 2472 1427 2533 κατοικεῖν,
1480 2469 1762 2539 βασκήνας
1798 2472 1825 2522 ό

234 2554 543 2623 Μαξιμῖνος
602 2557 751 2626 αὐτῷ
816 2559 911 2611 καὶ
950 2561 1048 2628 τῆς
1095 2560 1275 2628 ταφῆς
1308 2561 1616 2630 προσέταξε
1650 2560 1827 2632 θήκην

236 2650 769 2713 κατασκευάσαντας
818 2652 1063 2723 σιδηρᾶν,
1118 2653 1371 2707 ἐνθέσθαι
1406 2654 1582 2725 ταύτῃ
1623 2653 1692 2707 τὰ
1720 2653 1829 2709 τῶν

240 2745 538 2813 μαρτύρων
586 2744 837 2811 σώματα,
910 2741 1029 2798 εἶτα
1062 2746 1155 2798 καὶ
1180 2745 1258 2816 τῷ
1281 2747 1376 2816 τῆς
1414 2747 1690 2816 θαλάσσης
1724 2765 1828 2801 πα-

239 2837 529 2907 ραπέμψαι
559 2838 728 2909 βυθῷ,
773 2841 846 2909 μή
875 2857 925 2893 τι
951 2842 1130 2909 φήσας
1162 2843 1253 2894 καὶ
1282 2841 1664 2911 προηγόρευσε
1694 2841 1823 2908 περὶ

236 2930 336 2999 τῆς
366 2931 520 2993 ὁσίας
571 2933 681 2994 τοῖς
704 2930 1032 2997 Γαλιλαίοις,
1061 2933 1157 2984 καὶ
1216 2934 1291 2994 ὡς
1329 2931 1612 2985 κάνταῦθα
1641 2930 1830 2983 διαπέ-

241 3035 325 3071 σοι
382 3020 532 3089 αὐτῷ
557 3021 615 3072 τὸ
649 3022 1071 3091 προμάντενμα.
1129 3022 1191 3073 Oi
1234 3021 1335 3089 μὲν
1391 3017 1484 3074 οὖν
1536 3023 1616 3082 είς
1667 3020 1825 3073 τοῦτο

237 3109 615 3173 διακονοῦντες
694 3112 899 3183 σπουδῇ
966 3112 1025 3164 τὸ
1082 3113 1189 3164 πᾶν
1271 3111 1697 3175 ἐκτελέσαντες,
1760 3115 1823 3182 τῇ

1937 1907 2153 1977 tigerat,
2185 1905 2406 1960 beatum
2442 1906 2605 1960 ﬁnem
2633 1907 2864 1977 accepit.

2001 2092 2290 2148 XXXVIII.
2333 2089 2604 2157 Quoniam
2642 2097 2827 2143 autem
2861 2101 3090 2158 magnus
3123 2085 3309 2140 Ileuas
3333 2082 3516 2138 adlmc

1930 2185 2089 2240 vivus
2120 2186 2354 2254 petierat
2394 2181 2463 2235 ab
2493 2184 2850 2249 imperatore,
2876 2190 2937 2233 ut
2965 2179 3085 2248 ejus
3114 2193 3315 2247 corpus
3347 2175 3517 2247 depo-

1931 2286 2162 2334 neretur
2223 2274 2502 2347 Byzantiis
2560 2274 2651 2342 (de
2682 2289 2749 2328 eo
2780 2282 2961 2327 autem
3022 2271 3305 2327 mandatit
3341 2270 3512 2348 etiam

1930 2374 1997 2428 iis
2051 2374 2144 2442 qui
2211 2381 2344 2426 tunc
2401 2378 2559 2424 erant
2599 2369 2808 2429 fideles.
2872 2377 2928 2421 et
2956 2377 3115 2421 erant
3183 2365 3235 2419 ei
3305 2363 3515 2432 alioqui

1928 2468 2247 2532 familiares,
2278 2466 2469 2520 dicens
2492 2480 2613 2518 eam
2648 2464 2927 2517 civitatem
2959 2461 3065 2514 sibi
3108 2474 3232 2514 esse
3275 2458 3511 2513 attribu-

1932 2570 2039 2614 tam
2079 2560 2145 2614 ad
2202 2559 2608 2626 habitandum),
2644 2558 2692 2613 ei
2738 2557 2991 2611 invidens
3045 2555 3373 2609 Maximinus
3430 2553 3515 2606 vel

1930 2654 2102 2724 ipsam
2137 2653 2496 2722 sepulturam,
2526 2652 2693 2721 jussit
2718 2666 2937 2719 capsam
2968 2648 3215 2705 construi
3251 2646 3514 2707 ferream,

1926 2756 1984 2801 et
2010 2747 2063 2801 in
2098 2763 2161 2801 ea
2196 2746 2405 2815 imponi
2438 2760 2672 2814 corpora
2704 2754 3008 2805 martyrum
3045 2761 3056 2797 :
3089 2738 3294 2796 deinde
3346 2739 3514 2793 etiam

1930 2839 1983 2893 in
2017 2839 2185 2893 maris
2214 2837 2547 2908 profundum
2576 2840 2972 2899 transmittere,
3010 2851 3079 2891 ne
3110 2834 3274 2897 forte,
3298 2833 3514 2897 dicens,

1932 2931 2139 2998 aliquid
2167 2930 2235 2985 de
2264 2931 2428 3000 justis
2457 2928 2728 2983 faciendis
2769 2928 3009 2984 Galilaeis
3052 2925 3378 2996 praedixerit
3410 2940 3424 2977 :
3454 2932 3514 2977 et

1934 3035 1989 3076 ut
2023 3025 2105 3077 sic
2142 3026 2263 3093 ejus
2305 3024 2589 3077 excideret
2639 3023 2947 3093 prazdictio.
2974 3022 3077 3087 Qui
3128 3020 3193 3073 ad
3224 3020 3328 3073 boc
3383 3033 3515 3085 ergo

1933 3117 2329 3180 inserviebam,
2376 3132 2501 3171 cum
2565 3125 2753 3169 essent
2820 3116 3143 3168 universum
3214 3112 3517 3180 diligenter

244 3203 440 3273 σιδηρᾷ
501 3205 732 3273 λάρνακι
780 3206 846 3257 τὰ
895 3204 1002 3256 τῶν
1060 3204 1235 3270 ἁγίων
1289 3206 1891 3272 συγκατεπίντωσανο

1850 3212 1891 3268 C
1926 3210 2194 3273 exsecuti,
2250 3210 2305 3262 in
2373 3224 2499 3262 arca
2561 3208 2743 3261 ferrea
2803 3219 3123 3260 sanctorum
3170 3219 3412 3273 corpora
3458 3204 3512 3257 in

241 3296 490 3365 σώματα.
541 3297 601 3350 '0
630 3298 684 3350 δὲ
722 3297 979 3368 βασιλεὺς
1039 3298 1106 3350 τά
1158 3312 1218 3347 τε
1249 3298 1399 3364 παρα
1463 3297 1563 3366 τῆς
1620 3297 1825 3358 πόλεως

236 3390 548 3458 σκώμματα
583 3388 656 3458 μὴ
680 3391 869 3459 φέρειν
895 3385 1005 3450 οἷός
1036 3404 1097 3439 τε
1131 3386 1227 3450 ὣν,
1259 3388 1352 3439 καὶ
1378 3387 1497 3455 ἅμα
1552 3388 1823 3457 καταορα-

238 3481 495 3534 σύνεσθαι
540 3483 703 3536 αὑτοῦ
771 3482 861 3534 τὸν
911 3482 1084 3550 δῆμον
1138 3480 1497 3551 μεμαθηκὼς,
1562 3482 1651 3533 καὶ
1690 3482 1825 3532 ὑπο-

239 3576 458 3630 πτεύων
508 3578 580 3646 μή
622 3593 673 3628 τι
721 3577 814 3628 καὶ
868 3574 1509 3644 παρακεκινδυνευμένον
1543 3576 1630 3627 ἐπ’
1673 3576 1823 3645 αᾶτῷ

242 3670 497 3738 γένηται,
542 3667 640 3737 τὴν
709 3668 802 3719 ἐπὶ
856 3667 916 3718 τὸ
962 3666 1260 3728 Βυζάντιον
1309 3666 1368 3729 ἐξ
1411 3666 1584 3734 αὐτῆς
1632 3665 1819 3731 ὥδευε,

236 3758 547 3828 κατάφοῦός
570 3776 630 3811 τε
659 3760 751 3812 καὶ
777 3758 1150 3829 ᾐσχυμμένος.
1200 3758 1296 3821 Εἰς
1328 3758 1485 3810 τοῦτο
1517 3760 1696 3810 τοίνυν
1713 3758 1821 3810 τῶν

239 3848 588 3915 πραγμάτων
613 3847 910 3913 ἐκϐάντων,
936 3845 1147 3915 γίνεταί
1180 3863 1233 3900 τι
1258 3848 1353 3900 καὶ
1368 3846 1522 3911 αὖθις
1547 3848 1656 3901 τῶν
1689 3865 1825 3918 προ-

240 3938 515 3992 λαῦόντων
534 3940 637 3992 οὐκ
661 3939 901 3992 ἔλαττον.

313 4035 438 4088 ΛΘ’.
473 4035 666 4087 Φθάνει
706 4032 1046 4103 τὸνβασιλέα
1096 4034 1330 4102 ίππότην
1358 4035 1486 4089 ὄντα
1518 4038 1548 4106 ἡ
1586 4037 1654 4088 τὰ
1712 4038 1823 4089 τῶν

243 4127 541 4198 μαρτύρων
574 4127 803 4196 σώματα
835 4126 1077 4195 φέρουσα
1126 4126 1269 4196 θήκη
1301 4129 1536 4198 τοσαύτη
1566 4148 1621 4181 τε
1663 4127 1820 4195 οὖσα,

243 4223 341 4275 καὶ
375 4221 590 4289 σιδηρᾶ,
626 4222 720 4273 καὶ⁵
776 4220 1010 4287 πέλαγος
1058 4219 1411 4273 διαπλέουσα.
1447 4223 1687 4291 Δυνάμει
1714 4225 1823 4294 γάρ

240 4333 351 4368 τινι
388 4314 640 4383 θειοτέρα
700 4311 936 4381 τάχιστα
988 4311 1082 4365 τοῦ
1141 4312 1302 4382 βυθοῦ
1334 4316 1598 4378 ἀναδῦσα,
1630 4321 1723 4369 καὶ
1763 4320 1823 4370 τὸ

239 4409 393 4478 κῦμα
470 4405 848 4477 διαδραμοῦσα
877 4406 939 4457 τὸ
963 4400 1280 4475 θαλάττιον,
1341 4408 1617 4480 ἀνάῤῥουν
1645 4410 1821 4477 ἔπλει,

238 4504 337 4555 καὶ
365 4505 587 4572 πτηνοῖς
648 4499 737 4551 ίσα
764 4500 825 4553 τὸ
882 4501 1046 4569 τάχος
1074 4499 1187 4553 ἔθει
1231 4503 1370 4571 πρὸς
1391 4503 1450 4555 τὸ
1502 4501 1818 4567 Βυζάντιον,

238 4596 337 4649 καὶ
360 4595 451 4647 τὸν
508 4595 607 4662 τὴν
631 4592 786 4645 πόλιν
815 4592 1255 4646 καταδικάσαντα
1286 4593 1361 4664 μὴ
1383 4596 1555 4648 οἰκεῖν
1590 4598 1620 4665 ή
1656 4614 1822 4648 κατα-

238 4684 559 4737 δικασθείσα
594 4684 748 4753 τάχει
787 4684 969 4753 πολλῷ
997 4684 1407 4755 προελάμϐανε.
1456 4688 1606 4739 Ἐπεὶ
1635 4688 1690 4739 δὲ
1724 4691 1821 4741 καὶ

238 4779 363 4831 θεία
386 4793 467 4840 τις
501 4777 777 4845 ιμςράνεια
805 4777 883 4847 τῷ
907 4777 1005 4846 τῆς
1028 4778 1237 4841 πόλεως
1271 4778 1593 4844 Ἐπισκόπῳ
1622 4781 1817 4842 νυκτὸς

242 4872 416 4941 μέσης
462 4871 698 4937 ἐγένετο,
730 4869 853 4931 τούς
886 4886 942 4923 τε
977 4870 1265 4941 μάρτυρας
1309 4871 1435 4923 ὅσον
1459 4869 1613 4923 οὔπω
1672 4889 1820 4942 παρ-

240 4967 381 5016 εῖναι
408 4961 663 5032 δηλοῦσα.
697 4963 793 5015 καὶ
823 4960 1052 5031 ταχῦναι
1078 4962 1239 5016 αὐτον
1270 4962 1405 5033 πρὸς
1428 4964 1528 5026 τὰς
1558 4966 1617 5017 ὲν
1652 4967 1822 5034 ἀκρο-
1862 5016 1865 5017 ν

240 5054 396 5107 πόλει
423 5052 595 5115 ἀκτὰς
655 5052 1052 5122 επιτρέπουσα,
1082 5051 1158 5117 ὡς
1188 5051 1255 5107 ἀν
1287 5052 1683 5119 ἀποϐαίνοντας
1724 5057 1822 5125 τῆς

241 5146 525 5209 θαλάσσης
577 5144 738 5206 εὐθὺς
820 5143 1192 5213 ὑποδέξηται,
1274 5146 1602 5213 συναγαγὼν
1661 5148 1823 5208 αὐτὸς

238 5239 360 5291 κατ’
382 5238 550 5307 αὐτὴν
581 5237 679 5303 τῆς
712 5238 902 5299 νυκτὸς
935 5238 1031 5306 τὴν
1064 5236 1216 5306 ὥραν
1242 5238 1335 5291 τοῦ
1366 5255 1425 5289 τε
1459 5239 1664 5308 κλήρου
1694 5239 1819 5300 τοὺς

240 5326 653 5397 συμπαρόντας,
688 5328 780 5379 καί
822 5344 972 5389 τινας
1034 5327 1143 5380 τῶν
1191 5328 1435 5381 εὐλαϐὦν
1467 5331 1559 5381 καὶ
1586 5331 1819 5391 πιστῶν,

240 5420 362 5487 ἅμα
396 5419 604 5480 τούτοις
638 5416 834 5487 ἐχώρει
868 5420 1003 5488 πρὸς
1054 5420 1182 5484 τοὺς
1208 5421 1510 5488 αἰγιαλοὺς,
1543 5424 1639 5486 οὒς
1672 5426 1821 5495 αὐτῷ

239 5510 633 5581 παρεδήλωσεν
688 5512 717 5563 ό
795 5511 1005 5580 φανείς.
1067 5512 1155 5575 Ὦς
1214 5514 1272 5565 δὲ
1322 5515 1448 5578 τοὺς
1504 5516 1819 5585 ὀφθαλμοὺς

240 5604 381 5669 πρὸς
414 5601 475 5652 τὸ
531 5600 764 5668 πέλαγος
817 5597 964 5671 εἶχον
1024 5604 1514 5671 περισκοποῦντας,
1555 5606 1819 5676 ἐξαίφνης

239 5693 414 5763 ὁρῶσι
438 5694 575 5761 φῶς,
608 5688 695 5747 οἶα
717 5694 907 5747 στῦλον
938 5695 994 5760 ἐξ
1043 5695 1273 5764 οὐρανοῦ
1303 5697 1495 5766 μέχρις
1524 5700 1693 5767 αὐτῆς
1720 5702 1817 5769 τῆς

242 5785 521 5854 θαλάσσης
554 5785 830 5857 διήκοπα,
861 5786 953 5839 ἐπί
980 5788 1124 5849 τινός
1173 5804 1230 5841 τε
1266 5790 1492 5843 ἀκατίου
1517 5792 1817 5862 καθαπερεὶ

244 5877 670 5949 στηριζόμετον·
730 5881 823 5934 δύο
854 5881 907 5935 δέ
941 5899 1094 5946 τινας
1145 5880 1345 5953 ἄνδρας
1388 5883 1484 5955 τὴν
1523 5886 1644 5955 ὄψιν
1678 5888 1817 5960 λαμ-

1930 3302 2066 3354 mari
2114 3302 2517 3355 demerserunt.
2565 3301 2873 3368 Imperator
2945 3310 3154 3360 autem,
3220 3313 3346 3351 cum
3405 3314 3509 3353 nec

1925 3392 2168 3446 civitatis
2202 3392 2362 3457 ferre.
2389 3403 2574 3461 posset
2616 3401 2943 3453 scommata,
2986 3400 3041 3445 et
3088 3391 3254 3445 simul
3290 3391 3509 3444 intelle—

1926 3487 2096 3538 xisset
2125 3484 2386 3554 populum
2423 3486 2476 3537 in
2524 3500 2649 3539 eum
2695 3484 2881 3538 eﬂ'erri
2928 3484 3192 3545 audacia;
3246 3492 3301 3537 et
3349 3481 3514 3535 dubi-

1933 3586 2091 3641 taret,
2134 3592 2201 3630 ne
2232 3586 2437 3630 temere
2466 3584 2521 3629 et
2553 3577 2863 3645 periculose
2895 3576 3102 3645 aliquid
3130 3578 3184 3630 in
3224 3591 3353 3629 eum
3406 3574 3516 3628 ini-

1929 3679 2101 3731 retur,
2138 3686 2204 3724 ex
2236 3683 2300 3722 ea
2337 3672 2443 3724 iter
2470 3670 2751 3737 ingressus
2779 3680 2865 3723 est
2905 3684 3103 3724 versus
3152 3668 3507 3738 Byzantium,

1926 3774 2074 3815 metu
2121 3770 2177 3815 et
2229 3761 2442 3831 pudore
2497 3762 2752 3817 aﬂ‘ectus.
2816 3762 2953 3817 Cum
2986 3763 3077 3815 hic
3131 3777 3263 3832 ergo
3316 3761 3511 3817 fuisset

1924 3868 2108 3906 rerum
2127 3854 2329 3917 exitus,
2361 3852 2419 3905 Iit
2442 3869 2636 3907 rursus
2676 3854 2851 3908 etiam
2884 3853 3095 3922 aliquid
3129 3868 3239 3908 non
3317 3856 3503 3908 minus

1925 3946 2231 4016 prioribus.

2000 4037 2234 4091 XXXIX.
2263 4038 2648 4105 Imperatorem
2672 4042 3009 4109 equitantem
3036 4042 3298 4110 praevenit
3318 4056 3503 4112 capsa,

1925 4152 2043 4205 qua‘.
2059 4134 2267 4189 ferebat
2282 4150 2508 4204 corpora
2528 4145 2848 4205 martyrum,
2865 4152 2985 4205 quae
3006 4146 3153 4191 tanta
3171 4150 3289 4191 erat
3307 4139 3511 4193 ferrea-

1925 4244 2051 4297 que,
2078 4238 2133 4281 et
2157 4242 2254 4295 per
2277 4242 2425 4280 mare
2450 4227 2756 4296 navigabat.
2777 4229 2911 4281 Nam
2928 4244 3048 4282 cum
3075 4230 3257 4283 divina
3279 4229 3511 4299 quadam

1925 4321 2128 4373 virtute
2193 4320 2481 4373 celerrime
2547 4336 2576 4373 e
2611 4319 2781 4373 fundo
2830 4322 3170 4383 emersisset,
3206 4330 3262 4374 et
3313 4322 3514 4376 ﬂuctus

1929 4413 2170 4466 marinos
2222 4413 2581 4480 pervasisset,
2616 4412 2861 4465 secunda
2894 4427 3033 4481 aqua
3086 4413 3401 4483 navigabat,
3456 4427 3513 4469 et

1927 4505 2212 4559 celeritate
2235 4520 2332 4573 par
2382 4504 2704 4559 volucribus
2736 4504 2998 4559 currebat
3043 4505 3364 4574 Byzantium
3396 4524 3410 4573 ;
3456 4521 3512 4561 ct

1926 4613 2051 4652 eum
2084 4599 2173 4666 qui
2212 4597 2676 4651 condemnaverat
2726 4613 2794 4651 ne
2855 4598 3131 4652 habitaret
3201 4600 3505 4662 civitatem.

1926 4705 1987 4743 ea
2013 4705 2133 4757 qum
2158 4687 2335 4741 fuerat
2370 4689 2756 4754 condemnata,
2790 4704 2986 4759 magna
3014 4692 3277 4760 praevenit
3311 4692 3511 4746 celeri-

1926 4792 2055 4837 tate.
2084 4781 2373 4851 Postquam
2400 4790 2581 4835 autem
2610 4781 2793 4835 divina
2819 4783 3068 4852 quadam
3095 4785 3367 4854 apparitio
3413 4787 3500 4839 ci-

1925 4876 2108 4929 vitatis
2140 4875 2400 4945 cpisc0po
2446 4874 2587 4928 facta
2622 4885 2707 4929 est
2740 4876 2921 4930 media
2952 4886 3134 4942 nocte,
3167 4893 3287 4946 quc
3329 4879 3506 4949 signi-

1925 4967 2122 5022 ﬁcabat
2152 4978 2207 5023 et
2235 4983 2359 5021 mox
2415 4968 2691 5022 aﬂ‘uturos
2719 4978 3011 5040 martyres,
3040 4982 3092 5024 et
3115 4971 3344 5041 jubebat
3374 4987 3504 5027 eum

1925 5074 2221 5128 properare
2263 5059 2327 5113 ad
2358 5059 2569 5122 littora,
2616 5076 2742 5129 qua:
2806 5072 2936 5116 sunt
2980 5062 3035 5116 in
3104 5077 3252 5127 arce,
3292 5070 3352 5117 ut
3408 5078 3505 5119 eos

1924 5152 2324 5208 descendentes
2373 5168 2403 5206 e
2434 5153 2574 5207 mari
2626 5155 2808 5207 statim
2866 5156 3188 5225 exciperet:
3221 5171 3347 5211 cum
3404 5157 3510 5211 bac

1928 5245 2041 5314 ipsa
2098 5246 2229 5299 bora
2279 5246 2457 5301 noctis
2522 5255 2911 5316 congregasset
2949 5264 3047 5303 eos
3097 5251 3193 5319 qui
3227 5265 3294 5304 ex
3353 5250 3507 5305 clero

1926 5339 2089 5393 simul
2124 5339 2374 5399 aderant,
2411 5349 2466 5394 et
2495 5340 2761 5409 quosdam
2803 5342 2923 5409 pios
2946 5352 3001 5397 et
3031 5342 3241 5407 ﬁdeles,
3275 5360 3397 5399 eum
3422 5346 3504 5400 eis

1927 5432 2167 5500 perrexit
2229 5432 2296 5485 ad
2336 5432 2545 5494 littora,
2577 5449 2697 5502 quae
2727 5434 2779 5488 ei
2821 5436 3144 5491 ostenderat
3171 5438 3239 5503 is,
3274 5439 3365 5507 qui
3406 5455 3503 5509 ap-

1927 5534 2203 5594 paruerat.
2258 5524 2395 5580 Cum
2447 5536 2631 5581 autem
2687 5541 2877 5582 versus
2939 5544 3090 5586 mare
3148 5532 3505 5588 intenderent

1924 5616 2131 5676 oculos.
2161 5624 2386 5683 repente
2419 5615 2608 5669 vident
2638 5616 2844 5682 lucem,
2882 5627 3142 5689 tauquam
3174 5623 3499 5677 columnam

1925 5723 1955 5761 e
2001 5708 2139 5762 cado
2172 5723 2344 5775 usque
2377 5707 2445 5761 ad
2476 5724 2625 5763 mare
2650 5711 3066 5778 pervadentem,
3094 5723 3146 5767 et
3180 5716 3235 5770 in
3264 5715 3499 5783 quadam

1925 5805 2114 5874 etmba
2165 5804 2571 5874 quodammodo
2624 5804 2903 5859 fundatam
2934 5825 2944 5858 :
2979 5807 3115 5860 duos
3171 5824 3301 5862 vero
3354 5810 3500 5860 viros

1927 5904 2150 5963 aspectu
2189 5894 2502 5966 prmclaros,
2542 5910 2605 5951 ex
2639 5904 2872 5966 utraque
2911 5910 3063 5968 parte
3095 5900 3398 5955 honoriﬁce
3445 5911 3501 5954 et
