4260 6430
797 291 903 352 415

792 398 1190 454 venerabiliter
1255 400 1786 472 apprOpinquantes.

790 493 938 560 quod
975 493 1282 556 videbatnr,
1317 495 1593 563 appellere
1625 495 1691 550 ad
1715 507 1930 566 portus,
1971 499 2023 552 in
2049 500 2255 569 quibus
2294 501 2373 555 illi

796 584 1039 639 stabant.

864 761 972 817 XL.
1007 763 1300 835 Postquam
1323 781 1455 821 vero
1484 769 1745 838 paulatim
1769 771 1871 825 fuit
1894 773 2141 842 propius,
2176 784 2232 830 et
2259 776 2371 846 jam

786 855 1064 922 cognitum
1106 857 1229 923 fuit,
1262 873 1384 912 cam
1415 874 1536 914 esse
1565 876 1746 916 arcam
1780 874 1835 918 et
1856 881 1962 919 non
1992 882 2208 932 navem,
2237 885 2374 924 con-

789 943 1093 998 siderantes
1121 961 1266 1011 eam,
1304 963 1483 1017 neque
1515 964 1637 1002 cum
1696 953 1856 1006 undas
1897 964 2055 1008 erant
2085 971 2364 1018 convexa.

788 1036 1023 1098 resilire,
1057 1054 1237 1108 neque
1286 1055 1406 1092 eum
1461 1056 1658 1098 rursus
1716 1059 1991 1111 concavae,
2057 1046 2238 1103 delabi
2270 1066 2283 1102 :
2314 1057 2370 1104 et

785 1127 904 1181 sine
945 1131 1111 1186 remis
1159 1134 1386 1185 etclavo
1421 1123 1654 1202 ingredi,
1681 1145 1736 1189 et
1780 1153 1847 1190 ex
1869 1137 2101 1192 adverso
2120 1140 2367 1197 virorum

786 1225 1049 1292 navigare
1079 1243 1092 1277 :
1126 1226 1416 1295 lucemque
1474 1245 1596 1283 esse
1644 1229 1871 1284 multam
1907 1243 1963 1286 et
1996 1233 2365 1302 splendidam.

781 1324 837 1367 et
868 1326 1095 1383 tantam,
1119 1331 1178 1373 ut
1209 1336 1316 1375 non
1334 1321 1514 1373 minus
1534 1336 1696 1390 quam
1723 1324 1800 1377 sol
1829 1324 2009 1379 locum
2036 1326 2363 1382 illustraret:

781 1422 831 1462 cI
869 1411 1016 1464 viros
1052 1412 1172 1466 illos
1204 1413 1257 1466 in
1307 1428 1365 1466 se
1421 1414 1565 1468 ferre
1614 1416 1836 1484 quidem
1873 1418 2025 1486 signa
2079 1420 2365 1490 cujusdam

780 1502 978 1556 divina:
1005 1505 1426 1562 etadmirabilis
1473 1519 1699 1569 naturze,
1725 1510 1816 1578 qui
1842 1508 1944 1578 ipsi
1969 1528 2188 1582 quoque
2228 1530 2366 1583 quo-

777 1597 994 1652 dammo
1017 1601 1068 1650 lo
1097 1601 1328 1669 ped'bas
1349 1603 1798 1670 ingrediebantur
1818 1621 1914 1673 per
1932 1622 2153 1674 aquam,
2179 1620 2235 1664 et
2253 1609 2360 1665 de-

782 1691 1295 1761 ducebantcapsam
1358 1709 1481 1747 cum
1527 1695 1761 1764 quadam
1794 1698 2099 1752 reverentia
2128 1718 2141 1753 :
2174 1716 2364 1756 omnes

779 1795 956 1835 metus
985 1794 1038 1836 et
1069 1785 1266 1838 horror
1289 1784 1510 1841 invasit.
1564 1789 1744 1857 Atque
1783 1790 1964 1858 angeli
1997 1791 2219 1860 quidem
2250 1794 2356 1848 du-

779 1883 980 1929 etorcs.
1018 1889 1141 1926 cum
1176 1875 1282 1943 jam
1304 1874 1537 1929 fuissent
1572 1876 1624 1929 in
1680 1888 1972 1946 conspectu
2020 1897 2214 1936 eorum
2264 1885 2356 1954 qui

773 1964 1046 2029 astabant,
1073 1981 1195 2019 cum
1231 1975 1439 2020 tantum
1471 1967 1571 2020 visi
1606 1977 1792 2023 essent
1826 1979 1881 2024 et
1917 1974 2356 2044 apprOpinquas-

775 2065 918 2115 sent,
944 2064 1210 2123 quantum
1236 2057 1370 2110 satis
1417 2066 1540 2111 erat
1565 2058 1632 2112 ad
1664 2059 2060 2123 mandandum.
2087 2062 2180 2116 ubi
2210 2079 2357 2119 nunc

773 2148 994 2216 quidem
1027 2159 1301 2221 martyres
1338 2167 1547 2220 ponere
1603 2163 1874 2222 oporteat,
1915 2164 2143 2225 propter
2176 2157 2355 2226 impe-

771 2243 968 2326 ratoris
997 2246 1312 2308 amentiam,
1343 2257 1398 2300 et
1433 2246 1521 2300 ubi
1557 2247 1721 2314 paulo
1747 2258 1870 2315 post
1909 2258 2135 2317 propter
2159 2263 2351 2303 eorum

770 2338 1126 2401 voluntatem,
1149 2350 1197 2393 et
1225 2356 1365 2409 qum,
1401 2349 1455 2394 et
1478 2340 1936 2410 quemadmodum
1964 2341 2145 2398 facere
2178 2358 2348 2413 opor-

770 2441 898 2494 teat,
938 2443 1160 2500 repente
1183 2450 1249 2487 ex
1273 2449 1466 2488 eorum
1491 2436 1666 2490 oculis
1694 2445 2063 2491 recesserunt.
2101 2437 2335 2507 Episco-

769 2540 874 2592 pus
904 2535 1107 2589 antcm,
1134 2529 1300 2595 etqni
1334 2543 1457 2580 cum
1489 2543 1556 2582 eo
1588 2528 1834 2593 aderant,
1858 2531 2093 2600 primum
2118 2531 2342 2601 quidem

768 2633 910 2671 art-aa
966 2618 1307 2683 circumfusi,
1335 2636 1454 2674 eam
1489 2621 1968 2690 amplectebantur
2000 2640 2015 2678 :
2047 2634 2338 2695 postquam

771 2723 900 2761 vero
953 2709 1346 2766 intellexerunt
1397 2727 1516 2766 eam
1569 2729 1690 2768 esse
1732 2722 1902 2769 totam
1959 2713 2217 2785 ferream,
2252 2733 2351 2773 eos

769 2809 962 2869 stupor
988 2801 1208 2867 invasit,
1236 2806 1653 2860 considerantes
1685 2822 1926 2875 quonam
1963 2809 2129 2863 modo
2179 2824 2347 2879 supra

770 2900 880 2946 tam
917 2905 1134 2950 tenuem
1164 2898 1504 2967 navigaverit
1553 2899 1928 2968 superficiem.
1977 2916 2085 2954 non
2121 2903 2349 2956 omnino

767 2986 962 3040 obruta
991 3003 1004 3038 ε
1042 2997 1095 3041 et
1127 2997 1256 3043 tunc
1291 2990 1538 3059 quidem,
1567 3007 1691 3045 cum
1725 2982 1846 3045 eam
1873 3007 2035 3061 supra
2074 2995 2129 3047 in
2154 3009 2337 3050 arcem

767 3079 1118 3138 detulissent.
1159 3082 1212 3135 in
1268 3083 1487 3136 occulto
1535 3083 1774 3152 quodam
1809 3088 2011 3155 templo
2046 3087 2347 3144 absconde-
2382 3115 2425 3172 ο

768 3180 917 3231 runt,
956 3171 1096 3224 sicut
1125 3173 1259 3239 jussi
1298 3173 1532 3225 fuerant.

840 3262 973 3318 XLI.
1005 3264 1297 3331 Postquam
1321 3275 1502 3318 autem
1523 3267 1709 3319 statim
1739 3283 1989 3322 reversus
2009 3269 2351 3337 Maximinus,

770 3366 825 3408 et
876 3372 904 3406 ο
945 3357 1172 3428 vestigio
1220 3356 1372 3426 plaga
1427 3357 1692 3410 divinitus
1731 3374 2049 3425 percussus,
2108 3361 2355 3429 privatus

771 3446 874 3500 fuit
900 3447 1095 3509 oculis,
1124 3457 1180 3501 et
1203 3447 1366 3500 simul
1395 3447 1462 3500 ab
1491 3448 1706 3512 angelis
1737 3449 2065 3520 ﬂagellatus,
2116 3461 2174 3516 ut
2229 3451 2350 3522 ipse

769 3538 884 3591 suis
914 3539 1052 3591 dixit
1093 3538 1478 3599 familiaribus.
1514 3541 1702 3608 paucis
1725 3551 1849 3608 post
1870 3541 2066 3597 diebus
2097 3545 2349 3612 exspirao

765 3632 884 3685 vit:
922 3646 1046 3685 cum
1096 3641 1222 3699 post
1276 3632 1489 3699 plagam
1523 3641 1579 3685 ct
1631 3633 1843 3702 ﬂagella
1873 3642 2088 3688 tantum
2123 3637 2352 3691 vixisset

767 3723 1049 3792 temporis,
1082 3733 1345 3791 quantum
1375 3725 1508 3778 satis
1533 3733 1650 3776 erat
1691 3723 1757 3777 ad
1808 3727 2168 3792 aperiendum
2198 3743 2349 3781 arca-

767 3837 899 3874 num
929 3820 997 3874 iis
1031 3819 1124 3888 qui
1160 3820 1224 3873 ad
1255 3820 1432 3888 ipsum
1455 3835 1654 3890 genere
1683 3820 1990 3874 attinebant
2019 3839 2033 3876 :
2067 3838 2136 3876 ne
2155 3824 2351 3879 lateret

767 3913 1036 3968 Dominus
1059 3912 1264 3982 judicia
1288 3913 1517 3975 faciens,
1541 3921 1596 3965 et
1622 3913 1807 3966 divina
1825 3914 2038 3983 justitia
2069 3916 2234 3969 etiam
2261 3919 2349 3973 hic

767 4009 940 4062 malos
974 4008 1246 4075 puniens:
1281 4005 1526 4059 adhibita
1580 4005 1808 4059 audacia
1855 4008 2166 4076 episcopus,
2217 4024 2350 4063 con-

765 4098 1012 4152 siderans
1054 4097 1224 4150 solam
1271 4096 1430 4148 fidem
1491 4095 1742 4149 sufficere
1794 4097 1860 4148 ad
1921 4098 2347 4156 auxilium.ma-

764 4203 871 4257 gno
902 4186 1086 4240 studio
1140 4195 1196 4238 et
1257 4183 1467 4237 honore
1524 4185 1861 4238 transferens
1917 4187 2342 4240 fortissimorum

767 4289 1070 4348 martyrum
1103 4276 1309 4331 Christi
1368 4292 1622 4345 corpora,
1668 4287 1890 4345 propter
1937 4281 2139 4332 mae-tia
2200 4282 2345 4333 arcis

762 4386 824 4424 ea
860 4370 1133 4438 deposuit,
1172 4367 1432 4423 custodes
1470 4369 1694 4437 quidem
1751 4368 2019 4433 civitatis,
2079 4372 2343 4441 navigan-

2023 295 2310 355 MENSIS
2351 294 2788 358 DECEMBER.

1868 405 2106 476 ldipsum
2191 418 2374 462 autem
2409 410 2425 461 Α

2409 408 2449 461 Α
2483 404 2653 473 προὺς
2691 402 2752 470 ἐξ
2805 403 3084 473 ἑκατέρων
3120 404 3302 473 μερῶν
3353 404 3546 475 ὥσπερ
3576 405 3634 457 ἐν
3674 406 3808 475 τιμῇ
3845 407 3939 457 καὶ
3966 422 4058 457 σεο

3951 294 4052 357 416

2478 499 2718 567 σάσματι
2767 498 3204 570 πλησιάζοντας·
3257 501 3391 552 αὐτὸ
3432 500 3489 552 δὲ
3546 500 3607 553 τὸ
3633 500 3915 570 ὁρώμενον
3966 500 4058 552 ἐπὶ

2475 593 2602 652 τοὺς
2636 589 2861 659 λιμένας
2919 591 3053 663 παρ’
3102 589 3196 653 οὓς
3232 594 3433 644 ἐκεῖνοι
3485 593 3832 663 εἱστήκεσαν,
3893 593 4060 659 ἄγκα-

2477 679 2885 748 θορμιζόμενοι.

2547 772 2636 826 Μ’.
2679 771 2766 833 Ὠς
2797 770 2854 824 δὲ
2885 773 3008 824 κατ’
3034 771 3216 840 ὀλίγον
3242 770 3457 839 ῑγίνετο
3506 761 3920 842 πλησιέστερον,
3968 773 4060 826 καὶ

2473 863 2572 935 ἤδη
2635 863 2838 935 λάρναξ
2888 862 3138 935 ἐγνώσθη
3191 860 3355 926 εῖναι,
3419 864 3514 917 καὶ
3563 866 3682 935 οὐχὶ
3706 864 3862 928 ναῦς,
3891 882 4058 918 κατα-

2473 952 2720 1017 νοοῦντες
2776 954 2947 1024 αὐτὴν
3008 955 3146 1024 μήτε
3185 954 3321 1023 πρὸς
3350 955 3419 1007 τὰ
3450 957 3788 1025 κυρτώματα
3821 956 3929 1008 τῶν
3957 973 4051 1007 xa-

2476 1046 2664 1115 μάτων
2694 1046 3059 1116 ἀνορμῶσαν,
3107 1046 3247 1116 μήτε
3281 1047 3420 1118 πρὸς
3440 1046 3510 1098 τὰ
3553 1046 3874 1116 κοιλώματα
3899 1047 4057 1100 πάλιν

2472 1137 3008 1201 κατολισοαινουσαν,
3061 1137 3194 1192 εὐθό
3229 1156 3289 1191 τε
3320 1138 3431 1192 τῶν
3485 1138 3699 1210 ἀνδρῶν
3752 1139 4058 1205 πλέουσαν,

2470 1230 2533 1284 τό
2563 1248 2622 1283 τε
2658 1231 2796 1299 φῶς,
2832 1231 2967 1284 πολύ
3012 1248 3071 1284 τε
3097 1234 3192 1286 καὶ
3242 1233 3520 1303 λαμπρὸν,
3557 1233 3651 1285 καὶ
3674 1231 3953 1295 τοσοῦτον,
3983 1233 4058 1295 ὡς

2471 1323 2620 1392 ἡλίου
2663 1323 2738 1392 μὴ
2797 1323 3017 1376 ἔλαττον
3095 1324 3186 1377 τὸν
3243 1325 3410 1378 τόπον
3468 1324 3865 1396 περιαυγάζειν
3898 1365 3912 1387 ,
3966 1325 4060 1377 καὶ

2467 1417 2593 1477 τοὺς
2623 1413 2819 1486 ἄνδρας
2848 1415 3091 1476 ἐκείνους
3125 1414 3373 1484 σύμϐολα
3407 1417 3508 1486 μὲν
3536 1419 3595 1469 ἑν
3646 1417 3861 1479 ἑαυτοῖς
3900 1415 4054 1478 θείας

2468 1506 2611 1569 τινος
2638 1506 2728 1559 καὶ
2761 1507 3068 1578 παραδόξου
3129 1507 3395 1578 φέροντας
3423 1508 3660 1574 φύσεως.
3714 1505 4054 1569 Πεζεύοντας

2465 1599 2522 1652 δὲ
2547 1600 2637 1651 καὶ
2670 1598 2868 1660 αὐτοὺς
2942 1598 3135 1668 ὥσπερ
3199 1602 3291 1651 ἐπὶ
3321 1600 3415 1651 τοῦ
3446 1598 3642 1662 ὓδατος
3676 1601 3770 1652 καὶ
3803 1615 4056 1668 προπομο

2468 1690 2731 1752 πεύοντας
2771 1690 2908 1755 μετά
2941 1707 3085 1753 τινος
3120 1690 3301 1754 αἰδοῦς
3351 1691 3452 1754 τῆς
3499 1691 3662 1761 σοροῦ
3693 1691 3800 1744 δέει
3849 1690 4055 1754 πάντες

2397 1756 2439 1811 Β
2468 1779 2565 1834 καλ⁵
2591 1781 2762 1854 φρίκῃ
2788 1780 3124 1850 κατείχοντο.
3165 1782 3225 1834 '0
3260 1781 3358 1850 μὲν
3386 1778 3482 1836 οὖν
3525 1756 3624 1850 τῆς
3655 1783 3834 1853 θήκης
3867 1800 4052 1853 παρα-

2467 1875 2679 1942 πομποὶ
2708 1872 2928 1942 ἄγγελοι
2953 1875 3074 1926 ἐπεὶ
3107 1876 3443 1942 καταφανεῖς
3491 1874 3592 1945 ἠδη
3622 1877 3732 1937 τοῖς
3770 1874 4058 1944 παρεστῶ-

2469 1983 2575 2028 σιν,
2607 1965 2857 2034 ἐγένοντο
2886 1964 3145 2018 τοσοῦτον
3171 1965 3462 2036 ὀραθέντες
3496 1967 3592 2019 καὶ
3620 1966 4052 2035 πλησιάσαντες,

2464 2060 2587 2112 ὅσον
2620 2060 2783 2128 μόνον
2848 2058 3174 2130 ἐπισκῆψαι,
3224 2058 3328 2111 ποῦ
3389 2059 3487 2128 μὲν
3527 2059 3622 2113 νῦν
3672 2061 3780 2131 χρὴ
3828 2062 4055 2130 τεθῆναι

2460 2153 2588 2215 τοὺς
2624 2152 2910 2223 μάρτυρας
2941 2151 3027 2205 διὰ
3059 2153 3156 2224 τὴν
3183 2151 3276 2204 τοῦ
3310 2153 3576 2222 βασιλέως
3620 2155 3906 2220 ἀπόνοιαν,
3949 2156 4052 2208 ποῦ

2460 2246 2514 2298 δὲ
2547 2245 2664 2315 μετ’
2696 2245 2876 2313 ὀλίγον
2917 2246 3003 2298 διὰ
3034 2246 3094 2298 τὸ
3142 2247 3323 2299 αὐτῶν
3356 2248 3629 2318 βούλημα,
3685 2251 3779 2301 καὶ
3833 2251 3933 2302 ὅσα
3958 2252 4051 2302 καὶ

2460 2339 2608 2402 ὅπως
2634 2338 2711 2390 δεῖ
2744 2340 2936 2400 ποιεῖν,
2991 2337 3203 2408 ἀθρόως
3247 2337 3307 2402 ἐξ
3334 2339 3633 2408 ὀφθαλμῶν
3665 2340 3848 2393 αὐτῶν
3869 2342 4051 2411 ἀπηλ-

2457 2433 2732 2487 λάττοντο.
2774 2431 2833 2484 ’0
2874 2431 3204 2494 Ἐπίσκοπος
3261 2432 3318 2485 δὲ
3383 2435 3477 2485 καὶ
3532 2434 3581 2486 οἱ
3642 2435 4047 2504 συμπαρόντες

2461 2522 2632 2594 αὐτῷ,
2688 2523 2883 2593 πρῶτα
2915 2521 3013 2586 μὲν
3053 2522 3442 2592 περιχυθέντες
3467 2526 3533 2595 τῇ
3580 2524 3813 2595 λάρνακι
3843 2542 4048 2597 κατησ-

2458 2615 2690 2678 πάζοντο
2725 2631 2739 2645 ·
2793 2613 2869 2678 ὡς
2917 2615 2974 2667 δὲ
3024 2617 3119 2670 καὶ
3179 2617 3409 2688 σιδηρᾶν
3439 2623 3449 2644 '
3481 2618 3654 2686 αὐτὴν
3698 2618 3828 2689 ὃλην
3907 2615 4051 2672 εἶναι

2459 2706 2793 2775 κατέμαθον,
2851 2707 3116 2780 ἔκπληξις
3171 2709 3370 2773 αὐτοὺς
3448 2707 3601 2780 εἶχε,
3658 2709 4051 2780 λογιζομένους

2459 2800 2575 2863 πῶς
2609 2800 2779 2864 οὕτως
2830 2802 2924 2854 ἐπὶ
2975 2801 3178 2872 λεπτῆς
3219 2801 3504 2856 διέπλευσε
3548 2806 3648 2874 τῆς
3687 2806 4042 2874 ἐπιφανείας,

2458 2893 2518 2946 τὸ
2546 2893 2810 2963 παράπαν
2849 2894 2924 2964 μὴ
2974 2893 3314 2963 βυθισθεῑσα.
3355 2897 3466 2949 Καὶ
3490 2899 3607 2949 τότε
3642 2898 3739 2967 μὲν
3789 2899 4050 2968 ἀνωτέρω

2460 3004 2561 3039 που
2596 2986 2698 3056 τῆς
2733 2987 3090 3058 ἀκροπόλεως
3136 2989 3559 3056 ἀπενεγκόντες,
3619 2987 3678 3038 ἓν
3726 3006 3834 3040 τ;νι
3867 3006 4050 3058 παρα-

2459 3077 2640 3149 δύστῳ
2669 3077 2783 3147 ναῷ
2843 3077 3220 3148 κατέκρυψαν,
3285 3078 3475 3151 ὥσπερ
3517 3079 3626 3150 ἄρα
3649 3081 3744 3133 καὶ
3773 3082 4052 3151 προσετά-

2463 3188 2662 3241 γησαν.

2531 3265 2668 3320 MA’.
2738 3264 2889 3316 Ἐπεὶ
2916 3263 2970 3315 δὲ
3017 3262 3324 3328 ἀναζεύξας
3389 3266 3436 3316 δ’
3467 3265 3776 3332 Μαξιμῖνος
3819 3266 4046 3332 αὐτίκα,

2462 3354 2556 3405 καὶ
2615 3355 2939 3424 παραπόδας
2992 3355 3198 3424 πληγῄ
3229 3355 3478 3425 θεηλάτῳ
3527 3356 3779 3425 πληγεὶς,
3818 3359 3947 3420 τούς
3987 3376 4048 3411 τε

2459 3444 2776 3515 ὀφθαλμοὺς
2807 3445 3067 3514 ἐξεκόπη,
3102 3447 3196 3500 καὶ
3229 3446 3346 3516 ἅμα
3385 3449 3708 3517 μαστιχοεὶς
3756 3452 3851 3502 ὑπ’
3876 3454 4047 3518 ἀγγέ-

2461 3538 2586 3604 λων,
2619 3538 2693 3601 ὠς
2720 3538 2882 3600 αὐτὸς
2907 3539 3042 3606 πρὸς
3071 3539 3198 3601 τοὺς
3233 3540 3488 3609 συνήθεις
3514 3540 3721 3606 ἐξεῖπε,
3755 3544 3876 3610 μετ’
3934 3545 4045 3595 ὀλί-

2459 3630 2843 3700 γαςὲξέψυξε.
2902 3630 3168 3683 Τοσοῦτον
3239 3632 3490 3696 ἑπισιοὺς
3541 3635 3681 3701 μετὰ
3745 3637 3846 3704 τὴν
3904 3635 4045 3707 πλη-

2459 3724 2562 3794 γὴν
2594 3726 2686 3776 καὶ
2737 3723 2839 3785 τὰς
2913 3723 3232 3792 μάστιγαςῇ
3253 3725 3376 3776 ὅσον
3413 3725 3719 3795 ἐκκαλύψαι
3755 3730 3851 3780 καὶ
3882 3729 4044 3780 τοῦτο

2455 3819 2569 3878 τοῖς
2606 3818 2944 3884 προσήκουσι
2966 3815 3024 3864 τὸ
3054 3814 3390 3884 ἀπόρρητον,
3449 3816 3535 3868 ἵνα
3569 3817 3643 3886 μὴ
3674 3816 3814 3887 λάθῃ
3841 3819 4045 3890 Κύριος

2459 3900 2699 3967 κρίματα
2729 3896 2919 3962 ποιῶν,
2974 3899 3068 3948 καὶ
3102 3900 3133 3964 ἠ
3168 3897 3288 3948 θεία
3317 3898 3442 3967 δίκη
3495 3900 3731 3952 ἐνταῦθα
3777 3903 3906 3964 τοὺς
3948 3921 4042 3956 πο-

2455 3993 2655 4062 νηροὺς
2681 3991 3011 4055 κολάζουσα.
3060 3991 3275 4058 Θάρσος
3329 3991 3615 4044 ἀναλασὼν
3653 3996 3680 4046 ὁ
3714 3995 4040 4062 ἐπίσκοπος,

2457 4087 2549 4139 καὶ
2610 4086 2777 4154 μόνην
2833 4085 3089 4152 ἐξαρκεῖν
3140 4083 3239 4154 τὴν
3284 4085 3470 4137 πίστιν
3532 4086 3897 4156 λογισάμενος
3958 4093 4041 4151 εἰς

2457 4179 2734 4248 βοήθειαν,
2788 4176 3133 4246 μετενεγκὼν
3195 4177 3397 4246 σπουδῇ
3449 4181 3542 4229 καὶ
3570 4180 3702 4248 τιμῇ
3767 4180 3934 4247 πολέῇ
3973 4183 4041 4233 τὰ

2452 4273 2560 4324 τῶν
2588 4271 2853 4340 ἀριστέων
2878 4273 2969 4321 καὶ
3000 4267 3292 4339 μαρτύρων
3325 4269 3566 4337 Χριστοῦ
3600 4271 3847 4337 σώματα,
3884 4278 4040 4340 παρὰ

2454 4363 2528 4433 τῷ
2550 4365 2720 4432 τείχει
2769 4364 2868 4431 τῆς
2932 4362 3284 4430 ἀκροπόλεως
3346 4361 3513 4414 αὑτοῦ
3541 4364 3894 4428 ἐγκατέθετο,
3930 4365 4037 4431 φύ-

765 4463 899 4514 timn
953 4471 1136 4514 autem
1191 4471 1604 4514 Conservatores
1639 4479 1650 4513 :
1685 4476 1878 4514 eorum
1941 4462 2036 4532 qui
2092 4471 2220 4516 sunt
2282 4464 2335 4516 in
2379 4476 2420 4529 ι)

2397 4477 2420 4528 )
2453 4459 2621 4520 λακας
2661 4456 2757 4525 μὲν
2792 4458 2888 4523 τῆς
2944 4457 3174 4520 πόλεως,
3208 4456 3463 4527 σωτῆρας
3511 4457 3567 4509 δὲ
3593 4458 3700 4509 τῶν
3728 4459 4028 4523 πλεόντων,

765 4551 972 4604 morbis
1011 4561 1066 4605 ct
1100 4551 1527 4615 calamitatibus,
1557 4551 1927 4606 certissimum
1959 4553 2238 4618 solatium,
2268 4556 2334 4610 ad

762 4644 992 4710 gloriam
1014 4646 1192 4715 magni
1220 4646 1314 4698 Dei
1340 4654 1395 4698 et
1418 4645 1726 4700 Servatoris
1763 4646 1933 4699 nostri
1957 4645 2082 4701 Jesu
2108 4646 2338 4714 Christi,

763 4751 909 4790 nunc
935 4745 990 4790 et
1013 4753 1229 4807 semper
1257 4747 1314 4793 et
1341 4738 1394 4792 in
1423 4727 1618 4793 saacula
1648 4739 1996 4794 seculorum.
2026 4739 2220 4796 Amen.

2447 4552 2555 4604 τῶν
2618 4554 2676 4602 ἐν
2729 4551 3036 4618 συμφοραῖς
3068 4550 3160 4601 καὶ
3184 4549 3358 4612 νόσοις
3386 4549 3614 4618 ἀψευδὲς
3648 4550 4025 4619 παραμύθιον,

2449 4647 2528 4705 εἰς
2573 4643 2732 4707 δόξαν
2780 4641 2874 4692 τοῦ
2933 4642 3174 4709 μεγάλου
3233 4642 3369 4694 Θεοῦ
3417 4644 3508 4695 καὶ
3563 4643 3816 4712 Σωτῆρος
3875 4643 4034 4710 ἡμῶν

2462 4734 2636 4804 Ἰησοῦ
2667 4731 2905 4803 Χριστοῦ
2939 4733 3030 4785 νῦν
3063 4734 3156 4786 καὶ
3181 4733 3264 4787 ἀεὶ
3288 4734 3382 4787 καὶ
3411 4737 3490 4798 εἰς
3519 4737 3644 4799 τοὺς
3692 4734 3901 4796 αἰῶνας
3923 4733 4033 4787 τῶν

2449 4823 2682 4879 αἰώνων.
2735 4823 2788 4875 Ἀ
2801 4823 2932 4894 μήν.
