4260 6430
247 356 353 419 417

248 492 2272 525 Hm

1489 355 1661 418 νιΤΑ
1707 357 1765 419 S.
1814 355 2298 417 SPYRIDONIS.

3426 365 3535 435 418

1086 670 1450 790 ΒΙΟΣ
1526 672 1804 785 ΚΑΙ
1849 737 1855 742 ·
1918 666 2671 790 ΠΟΛΙΤΕΙΑ,

1424 886 1565 943 ΤΟΥ
1602 886 1804 941 ΟΣῐΟΥ
1844 886 2117 941 ΠΑΤΡΟΣ
2151 887 2351 941 ΗΜΩΝ

1146 1047 2608 1225 ΣΠΥΡΙΔΩΝΟΣ

929 1332 1734 1424 ΕΠΙΣΚΟΠΟΥ
1809 1334 2868 1425 ΤΡΙΜΙΘΟΥΝΤΟΣ.

1033 1610 1391 1825 VlTA
1484 1705 1660 1817 ET
1752 1702 2771 1819 CONVERSATIO

715 1975 888 2155 S.
1034 1976 1229 2150 P.
1371 1972 1570 2147 N.
1718 1965 3035 2148 SPYRIDONIS

1377 2274 1719 2338 EPISCOPl
1771 2272 2384 2336 TRIMITHUNTIS.

878 2443 1074 2505 (Latine
1107 2441 1235 2503 apud
1258 2440 1456 2490 Surium
1494 2439 1551 2488 ad
1578 2438 1708 2487 diem
1737 2436 1795 2485 i2
1818 2437 1973 2496 Dec.;
2021 2436 2190 2488 Graece
2212 2450 2277 2487 ex
2306 2438 2410 2488 cod.
2453 2450 2548 2488 ms.
2569 2436 2772 2488 Coislin.
2796 2437 2927 2498 HT.)

327 2750 409 2807 A'.
449 2748 726 2818 Μέγιστον
759 2748 839 2810 εἰς
873 2745 1055 2817 ψυχῆς
1105 2742 1373 2812 ὠφέλειαν
1407 2744 1521 2815 βίος
1568 2746 1831 2811 γενναίων
1862 2751 1907 2810 Α
2006 2745 2046 2801 1.
2090 2746 2167 2799 Ad
2208 2745 2305 2799 util

1862 2751 1907 2810 Α
2006 2745 2046 2801 l.
2090 2746 2167 2799 Ad
2208 2745 2499 2799 utilitatem
2567 2747 2763 2799 animzc
2836 2760 2922 2799 res
2983 2756 3065 2803 cst
3110 2748 3363 2813 maxima,
3414 2752 3524 2807 vita

251 2847 354 2901 καὶ
385 2843 653 2915 φιλοθὲων
686 2840 898 2910 ἀνδρῶν
941 2840 1037 2892 καὶ
1098 2836 1270 2889 πολὺν
1318 2837 1408 2890 τὸν
1462 2836 1689 2888 πλοῦτον
1738 2838 1835 2907 τῆς
1944 2854 2307 2909 generosorut

1944 2854 2339 2909 generosorum
2371 2847 2424 2891 ct
2481 2838 2694 2905 piorum
2753 2842 3019 2904 virorum,
3073 2850 3128 2894 ct
3176 2857 3299 2911 qua:
3348 2852 3524 2911 potest

252 2936 458 3008 ἀρετῆς
485 2934 733 3003 ἱμποιεϊν
762 2930 1083 3000 δυνάμενος.
1134 2929 1207 2980 Οὐ
1242 2927 1404 2996 μόνον
1447 2927 1555 2997 γὰρ
1581 2926 1673 2980 τοῦ
1728 2929 1837 2996 χείρ

257 3046 415 3101 ρονος
452 3026 719 3092 ἐκκοπὴν,
753 3024 889 3077 ἀλλά
950 3022 1047 3075 καὶ
1084 3021 1285 3091 πολλὴν
1331 3021 1467 3091 πρὸς
1514 3022 1575 3073 τὸ
1629 3020 1836 3090 βέλτιον

257 3117 1006 3189 μεταϐολὴντὰπεργάζεται.
1055 3112 1179 3166 Εἴτε
1202 3113 1311 3183 γάρ
1374 3130 1457 3176 τις
1502 3112 1586 3181 εἴη
1641 3112 1837 3166 πάθεσι

259 3212 837 3287 προιατειλημμὲνος,
866 3208 1125 3262 τοιούτων
1148 3207 1437 3261 ἀπολαύων
1456 3208 1832 3276 διηγημάτων,

256 3307 361 3375 τῆς
394 3306 529 3376 πρὸς
559 3301 732 3357 ταῦτα
764 3302 947 3373 ὁρμῆς
983 3300 1301 3368 ἀφίσταται,
1335 3299 1429 3352 καὶ
1467 3300 1836 3369 μισοπόνηρος

254 3401 505 3469 γίνεται·
556 3399 665 3451 εἴτε
706 3398 811 3468 μὴν
840 3397 936 3449 καὶ
979 3396 1185 3469 ἀρετῆς
1233 3394 1578 3461 ιπιμέλεται,
1634 3393 1838 3463 θερμόο

254 3508 420 3563 τερον
449 3490 556 3543 ὑπὸ
590 3493 685 3559 τῆς
713 3488 957 3558 ἱστορίας
989 3489 1119 3559 περὶ
1155 3486 1324 3556 αὐτὴν
1345 3486 1686 3539 διανίσταται
1743 3484 1836 3537 καὶ

255 3588 325 3654 τῇ
355 3582 449 3636 τοῦ
498 3581 685 3652 ὁμοίου
714 3579 865 3650 ιριλίᾳ
896 3579 1259 3648 παροξύνεται
1295 3578 1430 3646 πρὸς
1451 3578 1548 3647 τὴν
1583 3576 1836 3646 μίμησιν,

258 3677 515 3745 Μίμησις
560 3673 616 3726 δὲ
657 3674 754 3726 καὶ
792 3671 948 3741 ζῆλος
984 3670 1235 3739 μεγάλων
1264 3668 1437 3738 δήπου
1482 3669 1575 3719 καὶ
1626 3662 1853 3736 θαυμαοῗ

259 3765 395 3819 σίων
448 3764 655 3833 ἀνδρῶν
682 3762 806 3816 ὅσον
846 3762 1112 3827 δύναται,
1148 3760 1244 3813 καὶ
1292 3758 1439 3812 ἄλλοι
1488 3758 1585 3828 μὲν
1633 3757 1844 3821 ἔδειξαν

257 3857 371 3909 τῶν
406 3855 731 3923 φθασάντων
772 3853 831 3906 τὸ
860 3855 991 3925 περὶ
1024 3853 1125 3922 τὴν
1175 3851 1379 3921 ἀρετὴν
1417 3848 1708 3917 φιλόκαλον
1743 3864 1847 3916 μι-.

1947 2945 2141 2999 parare
2167 2945 2388 2999 magnas
2421 2944 2552 2998 opes
2578 2930 2817 2984 Virtutis.
2850 2930 2968 2984 Non
3007 2933 3183 2985 solum
3239 2934 3383 2986 enim
3441 2949 3528 2987 re.

1948 3030 2098 3075 secat
2135 3021 2210 3083 id,
2262 3024 2405 3091 quod
2452 3030 2536 3075 est
2591 3020 2856 3085 deterius,
2914 3022 3009 3075 sed
3058 3025 3225 3077 etiam
3276 3040 3526 3096 magnam

1945 3112 2112 3167 eﬂicit
2144 3113 2502 3168 mutationem
2530 3112 2595 3166 ad
2620 3112 2672 3166 id
2704 3114 2851 3182 quod
2874 3123 2957 3168 est
2982 3114 3197 3170 melius.
3226 3116 3350 3170 Sive
3380 3119 3525 3172 enim

1950 3203 2119 3259 fuerit
2160 3205 2359 3275 aliquis
2402 3206 2548 3259 vitiis
2603 3217 3041 3277 praeoccupatus,
3095 3210 3293 3264 talibus
3339 3210 3527 3266 fruens

1948 3298 2381 3359 narrationibus,
2422 3297 2634 3353 facilius
2663 3298 2730 3351 ab
2762 3300 2843 3354 eis
2866 3314 2925 3353 se
2954 3300 3239 3356 continet:
3292 3302 3405 3355 sive
3456 3318 3481 3357 8
3508 3314 3528 3358 ι

1950 3389 2149 3458 aliquis
2180 3390 2401 3443 virtutis
2430 3393 2730 3455 studiosus,
2765 3390 2949 3444 audita
2980 3393 3235 3459 historia,
3283 3394 3529 3463 exsurgit

1949 3480 2196 3544 alacrior,
2230 3489 2283 3535 et
2313 3496 2499 3537 amore
2528 3484 2675 3553 ejus,
2720 3484 2865 3553 quod
2901 3494 2984 3538 est
3014 3486 3214 3547 simile,
3266 3486 3527 3540 incitatur

1947 3572 2012 3625 ad
2046 3572 2429 3628 imitationem.
2492 3575 2729 3630 lmitatio
2771 3587 2953 3630 autem
3004 3586 3059 3632 et
3097 3578 3373 3631 a‘mulatio
3417 3595 3528 3631 ma-

1951 3680 2182 3733 gnorum
2220 3675 2272 3719 et
2306 3666 2715 3721 admirabilium
2754 3669 3001 3722 virorum
3032 3680 3297 3738 quantum
3334 3670 3525 3738 possit,

1946 3767 2003 3811 et
2028 3758 2115 3810 alii
2142 3758 2360 3826 quidem
2379 3759 2759 3821 ostenderunt.
2788 3776 2979 3816 eorum
3006 3764 3097 3833 qui
3131 3773 3528 3833 praecesserunt

1945 3852 2271 3918 praeclarum
2308 3850 2537 3905 virtutis
2577 3854 2820 3908 studium
2852 3855 3051 3909 imitati
3081 3876 3093 3909 :
3132 3857 3364 3910 maxime
3399 3872 3527 3909 vero

262 3949 601 4021 μησάμενοι,
655 3946 889 4018 μάλιστα
932 3944 989 3998 δὲ
1046 3944 1265 3998 πάντων
1320 3945 1349 3995 ὁ
1398 3941 1705 4010 θαυμάσιος
1746 3939 1847 3991 τὸν
1933 3925 2218 4009 ὀιηηίυιη,
2270 3960 2301 3996 ν

1933 3925 2218 4009 ὀιιιιιίυῐη,
2270 3944 2378 3997 vita
2429 3944 2770 4000 admirabilis
2820 3946 3148 4016 Spiridouis,
3210 3946 3305 4017 qui
3357 3948 3526 4003 Jacob

261 4044 380 4114 βίον
430 4039 714 4110 Σπυρίδων
755 4078 769 4103 ,
849 4036 1046 4090 Ἰακώϐ
1097 4052 1158 4087 τε
1218 4032 1355 4103 ὁμοῦ

1430 4034 1521 4085 καὶ
1571 4032 1662 4084 τὸν
1700 4029 1843 4083 θεῖον
1917 4038 2113 4092 'simul
2148 4046 2204 4089 et
2258 4037 2307 4089 di

1917 4038 2113 4092 'simul
2148 4046 2204 4089 et
2258 4036 2506 4090 divinum
2569 4038 2737 4092 David
2791 4054 3003 4094 sumine
3062 4051 3146 4096 est
3195 4042 3523 4097 aemulatus:

259 4110 426 4187 λαυτδ
453 4132 531 4193 είς
564 4130 736 4199 ἀκρον
774 4128 1055 4198 ζηλώσας,
1105 4126 1198 4180 καὶ
1234 4122 1369 4177 πολὺ
1426 4125 1548 4177 κατ’
1601 4123 1841 4184 ἐκείνους
1871 4110 1917 4169 Β
1945 4141 1996 4183 ει
2031 4129 2173 4182 sicut
2213 4128 2307 4194 iui‘

1871 4110 1917 4169 Β
1945 4141 1996 4183 et
2031 4129 2173 4182 sicut
2213 4128 2312 4194 illi,
2345 4130 2627 4200 amplexus
2653 4144 2734 4185 est
2779 4132 3060 4186 lenitatem
3091 4148 3154 4187 ac
3202 4146 3524 4189 mansuetu-

258 4227 323 4278 τὸ
354 4224 532 4295 πρᾶον
586 4223 682 4273 καὶ
733 4220 1005 4276 ἄπλαστον
1053 4216 1463 4285 ἀσπασάμενος,
1507 4213 1579 4276 ὡς
1632 4212 1688 4265 δὲ
1747 4212 1840 4265 καὶ

263 4317 401 4387 πρὸς
438 4315 697 4383 ’Δϐραάμ
727 4311 818 4364 τὸν
862 4309 1145 4380 φιλόξενον
1190 4308 1429 4377 ἐμμελὲς
1484 4304 1708 4375 βλέψας,
1746 4304 1841 4355 καὶ

263 4410 425 4463 κοινὰ
456 4407 525 4461 τά
551 4405 683 4457 ὄντα
708 4407 821 4467 τοῖς
851 4400 1119 4474 χρῄζουσι
1173 4400 1565 4471 ποιησάμενος,
1610 4395 1840 4450 κάντεῦ-

266 4502 361 4555 θεν
391 4502 451 4555 οὐ
482 4499 581 4571 τὴν
612 4499 718 4568 γῆν
747 4496 836 4550 διά
871 4498 929 4548 τὸ
958 4495 1131 4564 πρᾶον
1164 4493 1239 4555 ὡς
1275 4495 1307 4561 ἡ
1359 4491 1677 4559 ὑπόσχεσις,
1726 4484 1843 4540 ἀλλ’

263 4595 463 4657 αὐτοὺς
492 4589 915 4661 κληρονομήσας
937 4587 1063 4649 τοὺς
1090 4584 1376 4653 οὐρανούς.
1417 4583 1526 4636 Καὶ
1563 4582 1649 4633 διὰ
1677 4578 1844 4631 πλοῦς

264 4704 381 4751 τον,
432 4685 492 4737 δν
542 4682 804 4753 περιεῖδε,
856 4678 1089 4751 Χριστὸν
1134 4677 1269 4740 ὅλως
1302 4679 1393 4728 τὸν
1431 4675 1576 4729 θεῖον
1613 4670 1845 4725 πλοῦτον

158 4830 166 4835 .
266 4779 777 4849 εμπορευσάμενος,
802 4772 1102 4840 θαυμάτων
1123 4787 1181 4823 τε
1209 4769 1489 4837 ποταμοὺς
1512 4768 1843 4835 πλουτήσας,

266 4868 357 4921 ἀεί
401 4882 538 4919 ποτε
573 4863 675 4933 μὶν
700 4860 1118 4930 ἀντλουμένους,
1178 4856 1447 4926 μηδέποτε
1495 4854 1553 4907 δὲ
1578 4850 1842 4923 μηδαμῶς

268 4959 562 5029 λήγοντας.

339 5142 417 5196 ιν.
450 5139 651 5194 Τοῦτον
680 5138 879 5209 ήνεγκε
912 5135 1009 5205 μὶν
1040 5132 1267 5203 Κύπρος
1301 5130 1335 5201 ἡ
1388 5128 1548 5199 νῆσος
1594 5142 1606 5156 ·
1668 5122 1736 5197 ἦν
1788 5126 1845 5179 δὲ

266 5237 329 5292 οὗ
365 5233 648 5304 στωμύλος
674 5248 779 5296 τις,
804 5229 927 5283 οὐδὲ
968 5226 1177 5297 κομψδς
1209 5224 1271 5277 τὸ
1314 5219 1465 5295 ἦθος,
1496 5221 1619 5275 οὐδὲ
1651 5219 1845 5292 πλήθει

272 5328 367 5381 καὶ
411 5324 585 5394 ἀγορᾷ
630 5320 861 5393 χαίρων,
916 5318 1032 5372 ἀλλ’
1080 5315 1289 5380 ἀπλοῦς
1340 5314 1436 5369 καὶ
1484 5312 1705 5383 quam;
1753 5313 1847 5364 καὶ

268 5416 712 5487 ἀπραγμοσύνην
741 5416 900 5483 εἴπερ
940 5429 1024 5474 τις
1078 5410 1263 5479 ἕτερος
1319 5408 1724 5477 ἀσπαζόμενος.
1768 5403 1845 5456 Δι’

268 5512 333 5577 ἃ,
371 5512 463 5565 καὶ
491 5511 626 5579 πρὸς
649 5511 747 5578 τὴν
770 5506 864 5561 τοῦ
893 5505 1259 5576 πατριάρχου,
1302 5501 1554 5570 καθάπερ
1591 5500 1841 5569 ,ἔφημεν,

279 5602 480 5658 Ἰακὼὸ
513 5602 786 5655 πολιτείαν
813 5601 873 5654 τὸ
906 5598 1127 5653 σύνολον
1160 5596 1353 5650 ἑαυτὸν
1392 5593 1605 5658 τυπῶν,
1639 5592 1842 5663 ποιμὴν

267 5698 368 5751 καὶ
388 5697 550 5759 αὐτὸς
579 5694 869 5765 προϐάτων
898 5693 1195 5757 ἐδείκνυτο,
1228 5688 1288 5742 οὺ
1329 5686 1433 5759 μὴν
1458 5686 1700 5758 ἀκριϐῶς
1724 5702 1845 5738 ποι-

270 5792 382 5859 μὴν
408 5787 529 5842 οὐδὲ
575 5787 780 5858 ἀφελὴς
809 5785 981 5851 οὕτως
1022 5786 1055 5858 ἢ
1099 5784 1192 5838 καὶ
1241 5782 1557 5851 ἀγροικικδς
1610 5779 1672 5832 τὸ
1716 5774 1845 5851 ἦθος

1949 4225 2154 4284 dinem,
2209 4233 2263 4277 et
2306 4238 2338 4277 a
2407 4224 2758 4279 simulatione
2818 4225 3052 4280 aiicnam
3101 4227 3527 4295 simplicitatem,

1950 4313 2201 4368 similiter
2231 4328 2363 4367 vero
2394 4313 2461 4367 ad
2508 4313 2803 4368 Abrahami
2831 4316 3049 4385 aspexit
3078 4319 3527 4387 hospitalitatem,

1951 4415 2007 4459 et
2040 4412 2164 4459 suas
2200 4404 2490 4460 facultates
2542 4405 2723 4460 eﬂ'ecit
2749 4422 3071 4463 communes
3126 4408 3524 4477 indigentibus.

1952 4497 2195 4566 llincque
2224 4497 2427 4551 factum
2459 4508 2563 4561 est,
2597 4507 2654 4551 ut
2685 4512 2790 4551 non
2826 4506 3004 4557 terra.
3029 4511 3256 4567 propter
3278 4516 3531 4556 mansuc-

1952 4588 2224 4650 tudinem,
2255 4596 2315 4641 ut
2350 4587 2515 4642 habet
2563 4588 2872 4657 promissio,
2920 4590 3013 4643 sed
3068 4588 3313 4659 ipsorum
3365 4593 3531 4645 οωιοα

1953 4694 2071 4731 rum
2099 4688 2488 4748 assequcretur
2518 4679 2914 4740 baarcditatem,
2953 4690 3007 4734 et
3048 4690 3272 4750 propter
3305 4682 3527 4739 divitias

1952 4785 2088 4840 quas
2117 4770 2387 4840 despexit,
2415 4770 2693 4825 Christum
2733 4771 2913 4838 plane,
2954 4771 3171 4825 divinas
3195 4774 3531 4841 comparavit

1952 4861 2193 4917 divitias:
2218 4860 2603 4916 miraculorum
2626 4869 2807 4914 autem
2836 4861 3090 4915 dilatatus
3108 4868 3194 4915 cst
3216 4860 3409 4925 limits,
3435 4864 3529 4931 qui

1858 4954 1873 4983 ’·
1952 4966 2168 5021 semper
2195 4952 2416 5023 quidem
2472 4952 2823 5017 hauriuntur,
2875 4967 3153 5021 nunquam
3201 4968 3333 5006 vero
3380 4953 3529 5007 desi-

1952 5054 2110 5097 nunt.

2025 5132 2090 5187 ll.
2131 5132 2268 5188 Eum
2303 5134 2424 5188 tulit
2450 5133 2670 5203 quidem
2702 5133 2878 5187 insula
2910 5132 3163 5204 Cyprus:
3192 5144 3311 5188 erat
3345 5144 3526 5188 autem

1954 5240 2062 5279 non
2102 5224 2357 5295 garrulus
2415 5225 2632 5295 aliquis,
2686 5241 2865 5295 neque
2907 5228 3150 5280 urbanus
3207 5234 3263 5281 et
3312 5227 3533 5296 elegans

1954 5318 2223 5385 moribus,
2242 5332 2417 5388 neque
2440 5319 2532 5387 qui
2558 5318 2908 5372 multitudine
2925 5327 2979 5372 et
2997 5318 3113 5372 foro
3136 5318 3531 5383 delectabatur,

1954 5409 2049 5463 sed
2075 5408 2305 5478 simplex
2324 5423 2376 5464 et
2398 5409 2638 5478 quietus,
2664 5417 2719 5462 et
2757 5424 2786 5462 a
2815 5408 3048 5477 negotiis
3072 5409 3330 5477 curisque
3357 5423 3531 5462 remo-

1956 5503 2159 5556 tionem
2197 5504 2401 5565 colens,
2435 5502 2479 5556 si
2517 5502 2660 5557 ullus
2698 5503 2862 5556 alius.
2902 5501 3166 5566 Quocirca
3207 5500 3273 5555 ad
3302 5504 3533 5570 patriar-

1953 5583 2067 5649 chae
2081 5594 2247 5649 Jacob
2280 5594 2440 5647 vitam
2467 5609 2525 5648 se
2546 5596 2768 5649 omnino
2794 5592 3077 5663 emugens,
3108 5593 3252 5648 sicut
3273 5592 3532 5659 diximus,

1956 5686 2058 5741 fuit
2106 5688 2220 5757 ipse
2256 5701 2474 5755 quoque
2507 5695 2694 5757 pastor
2722 5686 2950 5741 ovium:
3000 5701 3110 5740 non
3164 5694 3346 5738 tamen
3414 5699 3531 5738 om-

1956 5778 2086 5831 nino
2122 5784 2327 5848 pastor,
2384 5785 2479 5833 aut
2523 5776 2689 5832 nimia
2743 5775 3113 5847 simplicitate.
3163 5785 3255 5831 aut
3302 5774 3433 5830 feris
3481 5784 3533 5828 et
