4260 6430
785 393 896 457 419

2027 385 2314 445 MENSIS
2357 385 2792 448 DECEMBER.

3960 387 4065 448 £90

787 503 1102 579 agrestibus
1134 500 1403 566 moribus,
1436 498 1532 554 sed
1575 497 1881 554 commodis
1926 503 1984 550 et
2027 495 2186 550 valde
2235 494 2374 548 faci-
2400 496 2451 553 Α

2400 496 2451 553 Δ
2477 497 2570 551 καὶ
2609 496 2964 566 ἀνομίλητος,
2988 494 3106 549 ἀλλ’
3155 494 3307 566 ἠθῶν
3361 493 3601 565 μάλιστα
3640 496 3901 565 χρηστῶν
3939 501 4066 552 ἐπι-

790 601 956 661 libus,
997 606 1053 651 et
1083 594 1176 665 qui
1204 609 1232 646 a
1259 592 1403 662 vulgi
1443 590 1665 662 quidem
1697 606 1755 645 se
1780 586 2090 644 abducebat
2111 601 2372 658 congres-

789 690 948 743 sione
977 704 992 740 :
1032 683 1369 755 pauperibus
1395 690 1580 736 autem
1607 689 1664 736 et
1693 680 2004 751 hospitibus
2030 688 2141 733 tam
2194 677 2373 733 facilis

789 782 855 835 ad
885 796 1010 835 eum
1058 779 1280 848 patebat
1319 775 1526 838 aditus,
1574 785 1632 830 et
1671 789 1730 829 se
1781 774 1862 828 eis
1915 779 2026 825 tam
2089 771 2372 841 praebebat

795 874 1098 937 affabilem,
1136 883 1194 926 ut
1218 880 1364 925 esset
1390 870 1649 924 omnibus
1679 870 1732 923 in
1761 882 2018 924 sermone
2047 866 2368 938 jucundior,

789 977 845 1021 et
885 967 953 1021 ad
998 964 1282 1019 facultates
1309 978 1437 1016 suas
1461 960 1950 1017 communicandas
1981 960 2142 1030 longe
2170 959 2369 1014 libera-

789 1060 1053 1114 lissitnus.
1086 1056 1425 1112 Praeteriisse
1457 1063 1605 1110 certe
1637 1055 1878 1124 aliquem
1908 1053 2064 1108 exiis
2093 1053 2189 1123 qui
2217 1066 2374 1107 acce-

787 1151 1016 1213 debant,
1054 1151 1150 1220 qui
1177 1165 1284 1203 non
1322 1149 1528 1202 fuisset.
1550 1148 1619 1202 ab
1681 1162 1748 1201 eo
1781 1146 2024 1216 hospitio
2086 1153 2369 1214 acceptus,

789 1255 908 1302 erat
938 1248 988 1300 ei
1019 1248 1177 1314 longe
1210 1243 1684 1306 mclestissimum,
1715 1241 1944 1312 perinde
1972 1256 2035 1294 ac
2068 1241 2115 1294 si
2156 1256 2215 1295 re
2269 1241 2372 1294 ali-

788 1357 895 1408 qua
945 1339 1181 1392 maxima
1251 1346 1306 1392 et
1353 1335 1818 1405 quaestuosissima
1881 1344 2034 1389 esset
2063 1333 2366 1388 fraudatus.

789 1434 850 1484 Et
881 1442 999 1485 crat
1029 1431 1250 1501 quidem
1274 1428 1477 1497 alioqui
1509 1427 1559 1480 ei
1609 1425 1749 1480 liber
1781 1424 2019 1486 animus,
2068 1432 2122 1476 et
2162 1424 2373 1478 alienus

788 1523 858 1576 ab
897 1522 1046 1575 omni
1083 1519 1336 1573 illiberali
1367 1518 1751 1571 assentatione
1778 1525 1833 1568 et
1868 1516 2176 1568 humilitate
2225 1531 2238 1566 :
2301 1513 2369 1566 ad

785 1631 976 1670 corum
1026 1621 1232 1674 autem,
1274 1611 1368 1680 qui
1429 1612 1535 1665 iter
1590 1607 2044 1676 ingrediebantur
2084 1647 2098 1670 ,
2150 1607 2368 1661 labores

788 1704 1141 1769 recreandos,
1176 1715 1232 1758 et
1271 1705 1334 1757 ad
1368 1704 1532 1771 pedes
1563 1701 1655 1770 qui
1684 1712 1842 1755 erant
1875 1701 2110 1770 fatigati,
2139 1701 2372 1754 abluen-

788 1803 907 1866 dos,
944 1810 1000 1854 et
1033 1799 1098 1852 ad
1154 1812 1398 1852 mensam
1461 1795 1865 1865 apponendam,
1918 1803 1973 1847 ct
2033 1793 2138 1847 alia
2190 1793 2368 1847 admi-

787 1892 1070 1946 nistranda
1097 1892 1219 1961 jure
1252 1888 1511 1944 amicitia:
1537 1897 1592 1942 et
1623 1885 2043 1945 moderationis,
2077 1895 2197 1937 erat
2228 1885 2368 1939 adeo

785 1986 976 2039 dexter
1004 1996 1058 2038 et
1099 1983 1394 2045 olIiciosus,
1435 1991 1495 2036 ut
1522 1982 1637 2050 ipse
1668 1980 1818 2034 solus
1849 1979 1954 2034 hoc
2002 1977 2174 2049 magis
2227 1993 2368 2049 pra:-

785 2089 976 2140 staret,
1009 2092 1170 2146 quam
1218 2075 1430 2138 famuli,
1495 2074 1589 2144 qui
1647 2081 1777 2128 sunt
1821 2073 1874 2126 in
1930 2087 2060 2128 suos
2115 2071 2370 2128 dominos

786 2173 1020 2243 maxima
1057 2170 1266 2241 praediti
1312 2169 1720 2222 benevolentia.
1766 2167 1898 2221 Erat
1951 2168 2099 2220 enim
2155 2167 2204 2220 ei
2236 2182 2370 2220 con-

787 2273 1085 2333 temperata
1117 2277 1240 2316 cum
1271 2262 1535 2330 gravitate
1570 2260 1792 2329 quidem
1829 2258 2177 2329 simplicitas,
2239 2274 2365 2314 cum

784 2358 952 2413 animi
1007 2373 1136 2411 vero
1199 2355 1574 2424 magnitudine
1634 2355 1829 2409 lenitas
1889 2371 1903 2407 :
1956 2369 2082 2407 cum
2154 2355 2366 2407 intensa

786 2460 970 2503 autem
999 2455 1054 2501 et
1079 2445 1296 2500 ardenti
1347 2445 1638 2511 eharitate,
1685 2454 1838 2514 grata
1875 2443 2106 2498 florebat
2147 2454 2364 2514 tempe-

787 2543 986 2606 rantia,
1028 2557 1191 2612 quam
1227 2556 1338 2595 non
1389 2541 1572 2594 minus
1619 2537 1834 2603 dilexit,
1879 2548 1936 2593 et.
1984 2539 2244 2593 ardenter
2286 2545 2369 2592 est

787 2636 1090 2704 amplexus,
1123 2649 1289 2702 quam
1323 2632 1535 2700 reliqua
1574 2632 1758 2685 omnia
1788 2649 1801 2685 :
1844 2640 1904 2685 ut
1933 2632 2026 2702 qui
2066 2648 2190 2685 cum
2237 2631 2370 2701 legi-

787 2728 921 2783 tima
956 2726 1178 2796 quidem
1208 2732 1265 2780 et
1291 2725 1488 2794 pudica
1523 2739 1692 2778 uxore
1721 2740 1829 2778 non
1875 2724 1971 2778 diu
2004 2734 2279 2790 versatas,
2311 2734 2368 2780 et

786 2817 1084 2872 liberorum
1117 2824 1273 2884 pater
1313 2831 1378 2868 ex
1409 2831 1474 2868 ea
1507 2815 1759 2877 effectus,
1794 2814 2060 2885 deinceps
2082 2815 2364 2885 voluptate

787 2921 844 2967 et
888 2910 1038 2965 omni
1088 2909 1193 2962 alia
1239 2908 1516 2962 mundana
1574 2907 1876 2973 cupiditate
1928 2908 2230 2977 permansit
2278 2924 2371 2962 su-

789 3004 992 3074 perior.
1031 3001 1168 3056 Hinc
1199 3001 1302 3054 mel
1331 2999 1552 3056 virtutis
1595 2998 1898 3052 conficiens
1943 2999 2264 3066 diligentius
2315 3006 2369 3052 ct

789 3098 844 3151 iu
909 3096 1026 3164 lege
1088 3092 1303 3149 Domini
1331 3087 1579 3148 studiose
1599 3091 1871 3146 meditans
1890 3130 1906 3157 ,
1935 3089 2368 3162 benignissimus

2401 1852 2501 1920 Bc

2477 591 2740 660 μελητὴς,
2778 592 2873 645 καὶ
2933 591 3036 659 τῆς
3066 590 3167 658 μὲν
3207 588 3320 644 τῶν
3363 589 3575 644 πολλῶν
3615 591 3834 661 ὁμιλίας
3871 592 4068 647 ἑαυτὸν

2473 685 2726 750 ἀπάγων,
2761 685 2958 756 πένησι
2997 683 3053 738 δέ
3083 684 3313 751 ἀνδράσι
3339 686 3434 737 καὶ
3462 685 3637 752 ξένοις
3676 684 3823 739 οὕτω
3869 703 3924 740 τι
3975 689 4063 739 εῦ-

2476 779 2738 848 πρόσιτος
2762 780 2856 832 καὶ
2891 779 3232 843 κοινωνικὸς,
3282 778 3360 842 ώς
3393 781 3490 832 καὶ
3530 779 3801 850 ὁμιλῆσαι
3840 780 4068 834 πάντων

2474 871 2785 941 ἀνθρώπων
2813 871 3132 925 δείκνυσθαι
3161 871 3556 942 χαριέστατος,
3598 873 3693 924 καὶ
3739 869 4068 941 μεταδοῦναι

2473 965 2583 1018 τῶν
2626 964 2799 1018 όντων
2821 963 3264 1033 φιλοτιμότατος.
3322 964 3543 1034 Ἀμέλει
3571 965 3666 1016 καὶ
3694 965 3757 1016 τδ
3797 966 3920 1017 τινὰ
3954 966 4067 1017 τῶν

2477 1059 2790 1123 παριόντων
2843 1056 3230 1126 παραδραμεῖν
3277 1054 3473 1126 ἐκείνῳ
3545 1055 3620 1127 μὴ
3663 1055 4068 1122 ἐπιξενωθέντα

2475 1148 2719 1220 λυπηρὸν
2751 1145 2822 1221 ἦν
2872 1148 3024 1218 αὐτῷ
3065 1147 3294 1218 σφόδρα,
3345 1148 3441 1202 καὶ
3487 1149 3600 1202 ίσον
3657 1149 3734 1218 τῷ
3799 1152 4066 1220 μεγίστου

2474 1243 2619 1306 τινὸς
2681 1241 2776 1296 καὶ
2826 1239 3266 1312 κερδαλεωτάτου
3313 1240 3657 1310 διαμαρτεῖν.
3702 1241 3812 1294 Καὶ
3873 1240 3942 1292 τα
3969 1240 4068 1308 μὲν

2475 1335 2613 1387 ἄλλα
2657 1334 2945 1405 ἐλεύθερον
3004 1329 3073 1405 ἦν
3111 1332 3253 1402 ἔχων
3315 1330 3378 1384 τὸ
3438 1333 3698 1402 φρόνημα
3754 1333 3852 1385 καὶ
3915 1333 4068 1396 ξένον

2477 1429 2658 1495 πάσης
2697 1424 2958 1491 ἀγεννοῦς
3005 1423 3296 1486 κολακείας
3339 1423 3434 1475 καὶ
3495 1424 3922 1494 ταπεινότητος,
3979 1427 4070 1476 κό-

2475 1537 2610 1582 πους
2677 1517 2734 1570 δὲ
2785 1517 3216 1589 ὁδοιπορούντων
3277 1516 3736 1588 ἐκθεραπεῦσαι,
3800 1519 3896 1570 καὶ
3969 1519 4066 1571 πό-

2474 1611 2568 1674 δας
2627 1610 2895 1678 ἀπονίψαι
2955 1611 3360 1678 πεπονηκότας,
3417 1608 3701 1678 τράπεζάν
3757 1626 3814 1660 τε
3889 1627 4068 1679 παρα-

2475 1704 2650 1756 θεῖναι
2700 1704 2795 1756 καὶ
2858 1703 3028 1756 τᾶλλα
3087 1703 3410 1772 διακονῆσαι
3451 1705 3629 1756 πάντα
3679 1705 3830 1773 νόμῳ
3882 1704 4068 1772 φιλίας

2476 1798 2571 1850 ἀἱ
2629 1797 3007 1866 μετριάτητος.
3049 1795 3194 1847 οὕτω
3253 1796 3648 1865 θεραπευτικός
3711 1814 3770 1848 τε
3831 1799 3928 1850 καὶ
3986 1798 4069 1849 δε-

2477 1889 2778 1953 ξιώτατος,
2834 1889 2909 1950 ώς
2963 1887 3128 1940 αὐτοῦ
3184 1889 3348 1957 μόνου
3403 1886 3543 1940 εἶναι
3605 1888 3802 1950 ταῦτα,
3865 1891 3897 1959 ἢ
3958 1890 4068 1940 τῶν

2473 1981 2747 2041 οἰκετῶν,
2809 1981 2917 2031 τῶν
2982 1981 3350 2033 εὐνοϊκώτατα
3411 1981 3538 2048 περὶ
3603 1982 3726 2042 τοῦς
3793 1979 4065 2041 δεσπότας

2472 2074 2600 2136 τοὺς
2637 2072 2807 2135 ίδίε-υς
2831 2072 3220 2140 διακειμένων.
3278 2073 3582 2140 Ἐκέκρατο
3610 2073 3718 2143 γὰρ
3771 2072 3925 2142 αὐτῴ
3974 2090 4064 2124 σε·

2476 2167 2702 2236 μνότητι
2736 2167 2834 2233 μὲν
2871 2166 2904 2236 ἡ
2938 2166 3202 2236 ἁπλότης,
3247 2167 3446 2237 ἀνδρία
3480 2167 3536 2219 δὲ
3577 2169 3609 2235 ἡ
3659 2167 3929 2236 πραότης.
3975 2165 4064 2232 Τῷ

2470 2260 2529 2312 δὲ
2583 2261 2790 2330 σφόδρα
2851 2260 3092 2328 συντόνῳ
3141 2263 3236 2312 καὶ
3284 2260 3537 2329 διαπύρῳ
3584 2258 3687 2327 τῆς
3735 2259 3958 2326 φύσεως
4001 2259 4062 2310 τὸ

2470 2355 2663 2425 χάριεν
2710 2355 2936 2424 ἐπήνθει
3002 2353 3103 2423 τῆς
3154 2352 3537 2424 σωφροσύνης,
3597 2346 3666 2424 ἦς
3711 2352 3786 2415 ὡς
3843 2352 4062 2414 οὐδενὸς

2477 2443 2701 2514 ἠράσθη
2726 2445 2837 2498 τῶν
2866 2445 3107 2510 πάντων,
3141 2445 3233 2496 καὶ
3289 2443 3508 2512 θερμῶς
3557 2445 3868 2513 περιείχετο
3893 2460 3907 2475 ⁸
3961 2459 4061 2510 γυ-

2472 2537 2626 2589 ναικὶ
2677 2536 2780 2605 μὲν
2833 2537 3052 2605 νομίμῳ
3099 2537 3196 2588 καὶ
3245 2533 3488 2604 σώφρονι
3534 2535 3730 2604 χρόνον
3781 2535 4057 2604 ὁμιλήσας

2470 2631 2588 2701 οῦχξ
2620 2630 2834 2699 συχνὸν,
2857 2629 2953 2681 καὶ
2976 2628 3158 2699 πατὴρ
3185 2628 3387 2679 παίδων
3418 2631 3478 2679 ἐκ
3508 2629 3713 2695 ταύτης
3740 2628 4060 2696 γενόμενος.

2469 2721 2531 2774 τὺ
2560 2721 2750 2773 λοιπὸν
2806 2720 2861 2772 δὲ
2916 2722 3183 2789 κρείττων
3241 2718 3436 2788 ἡδονῆς
3493 2721 3590 2772 καὶ
3659 2720 3842 2789 πάσης
3892 2720 4062 2790 ἄλλης

2474 2813 2708 2876 ὑλώδους
2743 2813 3038 2882 ἐπιθυμίας
3081 2810 3435 2880 μεμενηκώς.
3498 2809 3788 2865 Ἐντεῦθεν
3851 2811 3947 2863 καὶ
4003 2815 4063 2863 τὸ

2473 2907 2573 2976 τῆς
2633 2906 2836 2976 ἀρετῆς
2888 2905 3496 2976 μέλι,φι).οπονώτερον
3539 2905 3934 2975 ἐργαζόμενος,
3986 2906 4063 2976 τῷ

2472 3000 2625 3071 νόμῳ
2652 3017 2708 3054 τε
2737 3000 2950 3071 Κυρίου
3009 2999 3315 3062 σπουδαίως
3366 2998 3705 3069 ἐμμελετῶν,
3757 3000 4065 3069 φιλανθρω-

2471 3093 2701 3153 πότατος
2729 3093 2827 3162 τὴν
2850 3092 3031 3162 ψυχὴν
3063 3094 3301 3160 κατέστη
3332 3091 3428 3144 καὶ
3455 3091 3554 3160 τὴν
3607 3091 3835 3162 γνώμην
3889 3095 4063 3146 ἐπιει-

788 3191 963 3242 evasit
1019 3195 1070 3240 et
1104 3184 1588 3240 clementissimus.
1622 3183 1690 3238 Et
1729 3192 1788 3236 ut
1812 3184 1981 3238 semel
2009 3183 2212 3246 dicam,
2249 3192 2367 3236 erat
2397 3212 2438 3266 ε

2397 3212 2438 3266 C
2476 3187 2762 3250 κέστατος,
2789 3187 2885 3238 καὶ
2919 3187 3205 3239 συνελόντα
3243 3188 3432 3255 φάναι,
3481 3185 3630 3239 θεῖόν
3675 3203 3728 3237 τι
3766 3187 4061 3258 Σπυρίδων

790 3282 1047 3351 Spiridon
1085 3279 1331 3334 divinum
1357 3279 1621 3332 virtutum
1645 3278 1924 3346 exemplar
1972 3277 2367 3347 archetypum;

789 3373 1004 3428 Lubens
1034 3372 1255 3442 quidem
1287 3384 1483 3425 omnes
1520 3370 1574 3422 in
1609 3383 1668 3424 se
1704 3369 1960 3437 scriptas,
1993 3367 2090 3422 sed
2137 3367 2204 3422 ad
2234 3383 2371 3439 qua-

790 3481 912 3519 rum
946 3463 1309 3520 imitationem
1352 3461 1513 3533 pauci
1551 3469 1808 3532 poterant
1833 3459 2120 3515 accedere.

860 3555 954 3610 ΙΙΙ.
998 3555 1136 3609 Cum
1187 3553 1269 3608 sic
1321 3555 1411 3608 ille
1455 3553 1831 3622 reSpIenderet
1881 3552 2204 3620 benefactis,
2253 3567 2369 3606 ma-

788 3663 1058 3719 gnamque
1081 3647 1244 3701 vitam
1274 3655 1330 3701 et
1348 3647 1616 3717 insignem
1638 3647 1931 3709 attulisset,
1952 3645 2122 3698 multa
2149 3661 2368 3714 quoque

788 3741 931 3794 dona
971 3742 1174 3810 majora
1205 3739 1721 3808 eonsequitur,tam
1766 3753 1888 3807 quae
1927 3737 2229 3800 sunthinc,
2286 3737 2368 3790 in-

789 3846 976 3902 quam,
1009 3847 1172 3901 quam
1216 3846 1335 3900 quat
1367 3831 1675 3885 futurorum
1716 3829 2047 3884 describunt
2093 3829 2370 3901 magnitu-

788 3926 996 3979 dinem.
1044 3924 1168 3977 llaec
1226 3932 1410 3976 autem
1448 3933 1648 3978 erant:
1699 3923 1890 3976 Morbo
1933 3921 2182 3978 confeCta
2233 3937 2368 3977 con-

791 4016 1043 4070 firmabat
1070 4030 1322 4083 corpora,
1349 4015 1719 4068 membrorum
1745 4013 2120 4068 mutilationes
2142 4014 2368 4068 sanabat

791 4106 1150 4172 incurabiles,
1201 4106 1468 4175 malignos
1519 4105 1844 4176 increpabat
1924 4106 2172 4175 spiritus,
2220 4121 2370 4175 quos

790 4212 914 4249 eum
974 4197 1207 4265 primum
1269 4196 1631 4274 increpasset,
1683 4197 1833 4250 nulla
1879 4212 2030 4250 mora
2080 4198 2369 4268 interjecta

790 4288 1090 4359 fugiebant,
1123 4297 1180 4343 et
1209 4288 1391 4342 statim
1443 4288 1816 4342 recedebant:
1871 4289 1977 4342 alia
2025 4304 2246 4358 quoque
2299 4289 2368 4342 ab

790 4396 855 4434 co
905 4380 1109 4434 fiebant
1141 4380 1222 4433 his
1248 4379 1476 4450 majora,
1512 4381 1729 4435 virtute
1764 4380 1950 4435 divina
1978 4381 2028 4435 ei
2074 4395 2234 4450 opem
2283 4381 2367 4435 fe-

794 4484 970 4526 rente.
1037 4472 1403 4539 Quamobrem
1457 4487 1522 4527 ει
1553 4483 1771 4543 pastore
1801 4474 2134 4529 constitutus
2183 4484 2370 4543 pastor

789 4566 913 4619 loco
946 4567 1133 4617 ovium
1165 4580 1296 4619 cura
1329 4565 1510 4635 gregis
1537 4552 1587 4619 ei
1621 4567 1932 4630 commissa,
1967 4582 2074 4637 quo
2124 4576 2368 4636 tempore

789 4655 1422 4727 magnusConstantinus
1437 4660 1805 4713 Romanorum
1823 4660 2039 4714 tenebat
2055 4660 2367 4728 imperium,

792 4747 1351 4803 Trimitbuntinorum
1435 4759 1654 4803 creatur
1708 4752 2020 4821 episcopus.
2099 4751 2367 4816 Quantam

790 4856 998 4906 autem,
1036 4850 1324 4911 postquam
1360 4842 1656 4910 perductus
1688 4843 1789 4897 fuit
1815 4844 1884 4899 ad
1929 4844 2144 4907 sedem,
2191 4846 2370 4898 virtu.

793 4939 865 4991 tis
900 4951 1088 4989 curam
1133 4935 1391 5004 gesserit,
1446 4935 1777 5000 ostendent,
1834 4951 1956 5005 qua:
2023 4936 2278 4990 similiter
2337 4952 2368 4991 a

795 5029 986 5082 sedem
1022 5029 1220 5097 adepto
1257 5028 1399 5082 facta
1455 5038 1583 5082 sunt
1639 5029 1918 5082 miracula.
1985 5025 2367 5082 Verumcnitn-

797 5135 928 5174 vero
948 5119 1133 5173 omnia
1161 5119 1308 5174 illius
1339 5119 1620 5189 persequi,
1646 5118 1800 5173 stulti
1825 5127 1878 5172 et
1906 5118 2170 5172 ineruditi
2197 5119 2366 5173 fuerit

796 5213 1057 5279 hominis,
1119 5228 1298 5282 neque
1347 5229 1481 5267 vero
1532 5212 1585 5266 id
1653 5212 1778 5282 quis
1832 5210 2050 5279 assequi
2102 5213 2362 5279 potuerit,

794 5305 1072 5375 quomodo
1097 5308 1260 5360 etiam
1313 5306 1496 5360 omnia
1545 5305 1987 5374 praetermittere,
2041 5303 2204 5356 nimis
2252 5320 2368 5358 ma-

2471 3279 2782 3348 ἀρχέτυπον
2834 3278 2930 3331 καὶ
2998 3278 3162 3342 πίναξ
3214 3279 3429 3349 ἀρετῶν
3457 3274 3568 3349 ἦν’
3613 3278 3797 3340 πάσας
3859 3279 3960 3347 μὲν
4001 3279 4060 3329 ἐν

2474 3371 2656 3442 ἑαυτῷ
2703 3371 3106 3441 γεγραμμένας
3147 3371 3322 3442 ἔχων,
3380 3371 3586 3440 ὀλίγοις
3624 3371 3764 3440 πρὸς
3821 3370 4062 3441 μίμησιν

2473 3463 2649 3517 ἐλθεῖν
2683 3464 3016 3534 δυναμένας.

2545 3557 2582 3608 Γ
2585 3555 2620 3614 ’.
2657 3556 2816 3610 Οὕτω
2853 3557 3175 3627 διαλάμπων
3203 3556 3318 3618 τοῖς
3351 3557 3766 3627 κατορθώμασι,
3807 3559 3904 3610 καὶ
3940 3556 4057 3626 βίον

2475 3652 2685 3713 ἐκεῖνος
2716 3651 2890 3719 μέγαν
2916 3647 3267 3717 εἰσενεγκὼν,
3293 3647 3474 3718 πολλῷ
3511 3647 3777 3718 μειζόνων
3809 3648 4060 3713 ἀξιοῦται

2472 3744 2568 3797 καὶ
2585 3744 2828 3814 δωρεῶν,
2863 3753 2956 3796 καὶ
2981 3742 3118 3803 τέως
3141 3741 3250 3794 τῶν
3275 3740 3512 3796 ἐνταῦθα
3542 3742 3709 3812 φημὶ,
3743 3747 3833 3794 καί
3861 3743 3961 3794 ὅσα
3985 3743 4049 3812 δὴ

2470 3837 2581 3891 τῶν
2628 3836 2928 3907 μελλόντων
3001 3835 3286 3905 ζωγραφεῖ
3333 3833 3432 3903 τὴν
3495 3833 3924 3904 μεγαλειότητα.
3970 3834 4057 3886 Τὰ

2473 3928 2530 3981 δὲ
2561 3926 2651 4001 ἦν·
2700 3929 2904 3997 ἐρώννυ
2940 3926 3189 3997 σώματα,
3243 3927 3385 3997 νόσῳ
3425 3926 3894 3996 κατειργασμένα,
3954 3943 4061 3996 πη-

2478 4018 2673 4088 ρώσεις
2707 4022 2822 4073 ἰᾶτο
2844 4019 3140 4090 θεραπείας
3174 4019 3550 4089 ἰσχυροτέρας,
3579 4019 3856 4087 πνεύμασι
3895 4035 4062 4088 πονη-

2477 4112 2589 4182 ροῖς
2636 4111 2873 4180 ἐπετίμα
2906 4125 2922 4141 ⁸
2953 4112 3044 4165 καὶ
3081 4111 3143 4164 τὸ
3168 4112 3332 4180 μέσον
3368 4110 3470 4179 τῆς
3503 4111 3788 4180 ἐπιτιμίας
3819 4113 3916 4163 καὶ
3959 4109 4060 4179 τῆς

2474 4202 2655 4272 φυγῆς
2683 4202 2835 4256 οὐδὲν
2864 4203 3000 4266 ὅλως
3035 4199 3123 4274 ἦν,
3153 4203 3270 4257 ἀλλ’
3302 4202 3468 4265 εὐθὺς
3497 4202 3930 4269 ἀπηλλάττοντο.
3949 4205 4058 4255 Καὶ

2474 4295 2607 4348 ἄλλα
2634 4295 2689 4346 δὲ
2715 4294 2939 4363 μείζονα
2960 4295 3166 4347 τούτων
3181 4294 3350 4347 πολλὰ
3372 4295 3750 4365 διεπράττετο,
3775 4295 4059 4362 δυνάμεως

2477 4388 2628 4458 αὐτῷ
2659 4387 3046 4458 συνεργούσης.
3079 4387 3160 4438 Δι’
3202 4387 3237 4442 ἃ
3267 4387 3364 4439 καὶ
3421 4387 3634 4458 ποιμὴν
3679 4389 3743 4440 ἐκ
3801 4387 4059 4456 ποιμένος

2474 4481 2824 4548 καθίσταται,
2857 4481 3187 4549 ἀνθρώπους
3229 4480 3348 4532 ἀντὶ
3383 4480 3681 4550 ,προϐάτων
3712 4479 3922 4532 διέπειν
3961 4481 4058 4547 ἐγ-

2403 4550 2445 4604 υ
2479 4571 2805 4642 χειρισθεὶς,
2833 4572 3074 4641 ὁπηνίκα
3105 4573 3520 4633 Κώνσταν-τίνος
3551 4571 3579 4623 ό
3613 4570 3788 4639 μέγας
3831 4570 4060 4639 ἐκράτει

2489 4662 2806 4732 Ῥωμαίων,
2845 4663 3007 4724 αὐτὸς
3031 4664 3129 4732 τῆς
3161 4661 3367 4724 πόλεως
3394 4662 3806 4733 Τριμιθούντων
3831 4662 4059 4715 ἐπίσκοο

2478 4774 2577 4818 πος
2608 4755 2953 4825 γνωρισθείς.
2983 4755 3157 4826 Ὅσης
3184 4755 3240 4808 δὲ
3289 4756 3384 4808 καὶ
3425 4756 3566 4824 μετᾶ
3595 4756 3688 4808 τὸν
3720 4753 3912 4823 θρόνον
3942 4749 4059 4824 εἶχε

2476 4849 2576 4916 τῆς
2614 4849 2820 4916 ἀρετῆς
2846 4847 3186 4917 ἐπιμέλειαν,
3221 4846 3287 4899 τὰ
3319 4848 3460 4917 μετὰ
3493 4847 3585 4900 τὸν
3630 4847 3822 4916 θρόνον
3867 4845 4056 4899 ώσαύο

2474 4955 2583 5000 τως
2623 4937 2874 5008 θαύματα
2904 4936 3155 5006 δηλώσει.
3196 4938 3346 5008 Πλὴν
3375 4936 3508 4991 ἀλλὰ
3538 4938 3598 4990 τὸ
3632 4937 3810 4991 πάντα
3854 4940 3957 5007 μιν
3984 4937 4057 4990 τὰ

2478 5031 2690 5083 ἐκείνου
2726 5029 3017 5096 διεξελθεῖν
3049 5030 3416 5098 ἀπειρόκαλόν
3450 5046 3510 5082 τε
3535 5029 3673 5099 ὁμοῦ
3719 5031 3813 5082 καὶ
3853 5030 4057 5082 αδύνα-

2481 5141 2598 5192 τον,
2627 5123 2816 5195 ὥσπερ
2847 5123 2907 5176 τὸ
2956 5123 3137 5176 πάντα
3191 5124 3524 5193 παραλιπεῖν
3577 5122 3821 5192 ατεχνῶς
3865 5125 4060 5192 ἐπιζη-

2481 5235 2605 5287 μιον
2647 5234 2661 5248 ·
2701 5218 2802 5271 ὅσα
2833 5217 2890 5270 δὲ
2920 5219 3012 5271 καὶ
3044 5220 3219 5272 εἰπεῖν
3251 5219 3496 5283 δυνατὸν,
3530 5217 3626 5271 καὶ
3660 5218 3894 5271 ἀκοῦσαι
3935 5218 4059 5272 λίαν

2477 5310 2775 5379 ὠφέλιμον,
2807 5308 2980 5362 ταῦτα
3007 5310 3072 5380 δὴ
3107 5311 3200 5363 καὶ
3227 5310 3358 5379 ἐρῶ.

794 5414 961 5467 gnum
1020 5401 1280 5455 damnum
1332 5400 1597 5454 attulerit.
1651 5399 2024 5467 Quaecumque
2118 5408 2304 5451 autem
2355 5411 2412 5456 et
2451 5404 2558 5457 dici
2618 5414 2868 5474 possunt,
2921 5413 2977 5459 et
3048 5404 3240 5458 auditu
3305 5403 3461 5459 valde
3541 5413 3672 5460 sunt
3741 5405 3934 5471 utilia,
3989 5420 4061 5461 ca

799 5492 999 5544 dicam.

869 5584 959 5639 IV.
998 5582 1304 5652 Castigabat
1334 5583 1478 5638 Deus
1505 5585 1742 5639 insulam
1775 5586 1970 5656 pluvia:
2016 5581 2280 5659 egeState.
2313 5595 2368 5640 et

798 5677 979 5747 gravis
1035 5677 1316 5745 premebat
1373 5675 1613 5740 siccitas,
1679 5687 1736 5732 et
1781 5679 2087 5735 siccitatem
2143 5681 2365 5749 quidem

797 5765 1237 5834 consequebatur
1297 5764 1503 5830 fames,
1567 5765 1765 5822 famem
1827 5779 2009 5824 autem
2065 5771 2254 5840 pestis,
2313 5780 2369 5823 ct

797 5859 982 5930 populi
1044 5859 1262 5928 quidem
1329 5875 1516 5932 magna
1579 5877 1704 5932 pars
1761 5864 1870 5936 jam
1909 5865 2189 5919 interierat
2226 5905 2239 5930 ,
2291 5865 2372 5917 al-

2550 5582 2622 5638 A'.
2678 5584 2934 5649 Ἐκόλαζε
2989 5584 3087 5654 τὴν
3146 5586 3308 5654 νῆσον
3366 5587 3394 5636 ό
3447 5584 3581 5648 Θεὸς
3607 5583 3901 5655 ἀνομϐρία,
3963 5587 4066 5638 καὶ

2479 5678 2688 5747 αὐχμὸς
2717 5679 3032 5748 ἐφειστήκει
3065 5677 3237 5740 δεινὸς
3273 5691 3286 5705 ⁶
3319 5679 3412 5730 καὶ
3437 5677 3721 5748 ἠκολούθει
3754 5679 3831 5748 τῷ
3859 5681 4068 5748 αὐχμῷ

2483 5773 2583 5842 μὲν
2615 5770 2795 5840 λιμὸς,
2826 5770 2904 5841 τῷ
2951 5768 3095 5838 λιμῴ
3128 5770 3182 5823 δὲ
3242 5770 3451 5840 λοιμὸς,
3517 5771 3614 5824 καὶ
3669 5771 3728 5822 τὸ
3773 5774 3905 5824 πολὺ
3961 5773 4067 5824 τοῦ

2480 5862 2744 5935 πλεςθονς,
2776 5865 2834 5915 τδ
2883 5860 2980 5932 μὲν
3017 5863 3118 5933 ἥδη
3157 5864 3248 5916 καὶ
3304 5863 3668 5936 διεφθείρετο,
3718 5866 3776 5917 τ’.
3828 5864 3880 5916 εξ
3932 5867 4066 5918 5:02
