4260 6430
779 353 888 417 423

2020 349 2305 411 MENSIS
2345 350 2778 414 DECEMBER.

3928 357 4038 420 424

781 472 906 525 dem
940 467 1157 523 annuit.
1210 466 1456 535 Repente
1515 477 1647 518 vero
1682 462 1822 519 coelo
1881 478 2075 532 aquam
2121 463 2354 517 etl‘undit
2388 471 2431 526 Α

2388 471 2431 526 Α
2463 465 2620 532 Θεὸς,
2657 465 2921 538 καταχέει
2945 466 3003 522 δι
3038 466 3136 537 τῆς
3169 468 3274 539 γῆς
3303 467 3517 536 ἀθρόως
3542 469 3572 524 ὀ
3609 469 3837 542 οὐρανὸς
3867 469 4039 525 ὕδατα

783 562 838 616 in
866 571 1091 625 terram,
1125 567 1275 615 tanta
1306 557 1464 627 copia
1518 565 1574 611 et
1612 565 1764 610 tanto
1797 556 2027 624 impetu,
2061 563 2120 608 ut
2168 554 2357 608 divitis

784 671 892 710 una
942 653 1352 708 attraherentur
1418 649 1637 714 horrea,
1687 649 2025 703 frumentum
2072 656 2255 702 autem
2302 659 2360 701 et

783 745 966 800 omnis
995 745 1138 798 alius
1169 743 1382 798 frui-tus
1429 741 1663 811 sparsim
1699 740 2014 810 ejiceretur,
2061 746 2120 792 et
2153 739 2359 809 jaceret

783 852 1008 912 paratus
1033 837 1100 892 ad
1146 835 1472 906 rapiendum
1501 834 1834 888 volentibus.
1871 833 2004 887 Orto
2031 839 2214 886 autem
2241 831 2355 895 die,

783 935 938 988 dives
967 930 1187 1002 quidem
1217 930 1409 992 miser,
1464 936 1517 981 ct
1563 927 1713 981 luctu
1778 927 1989 994 plenus,
2044 932 2101 978 et
2146 923 2253 979 huc
2303 933 2360 978 et

787 1027 917 1080 illuc
965 1024 1431 1080 circumcursans,
1453 1028 1508 1074 et
1526 1019 1728 1090 justam
1753 1016 1961 1072 deﬂens
1992 1015 2358 1072 calamitatem

782 1117 1010 1188 rogabat
1041 1132 1138 1171 eos
1167 1115 1258 1184 qui
1310 1113 1665 1175 accedebant,
1696 1119 1756 1165 ut
1798 1110 1904 1165 sibi
1954 1125 2113 1180 opem
2151 1109 2360 1164 ferrent

783 1211 851 1264 ad
889 1210 1101 1263 fructus
1148 1204 1504 1276 colligendos.
1575 1204 1712 1259 Cum
1760 1202 1916 1256 multi
1973 1217 2126 1263 vero.
2169 1212 2360 1268 utpote

784 1301 1123 1362 esurientes,
1161 1297 1227 1351 ad
1281 1296 1605 1367 rapicndum
1662 1294 2089 1357 concurrissent,
2148 1294 2362 1348 accedit

787 1395 955 1447 etiam
990 1393 1079 1445 ille
1109 1406 1340 1460 pauper,
1366 1390 1633 1443 miraculo
1661 1386 1880 1455 quidem
1907 1386 2319 1455 obstupefactus
2344 1429 2358 1452 ,

784 1485 1008 1538 divitem
1082 1494 1267 1536 autem
1318 1480 1556 1534 irridens
1611 1480 1935 1550 suavissime
1983 1489 2040 1532 et
2118 1479 2364 1533 meritis-

791 1576 952 1634 sime,
993 1586 1050 1627 et
1091 1573 1313 1626 domum
1347 1571 1566 1640 replens
1595 1569 1886 1634 fructibus,
1910 1577 1966 1622 et
1999 1568 2180 1622 omnia
2211 1569 2362 1622 nullo

785 1667 1004 1735 negotio
1033 1664 1261 1728 habens,
1287 1673 1347 1716 ut
1380 1662 1600 1726 dicitur,
1619 1675 1719 1714 nec
1747 1661 2032 1723 seminata,
2057 1675 2158 1714 nec
2189 1672 2359 1714 arata.

2462 555 2611 610 οὕτω
2663 557 2926 628 δαψιλῶς,
2964 558 3040 622 ὡς
3068 562 3135 630 τῇ
3168 558 3338 631 πολλῇ
3369 559 3575 613 τούτων
3609 561 3760 633 ῥύμῃ
3807 563 3903 616 καὶ
3937 561 4038 616 τοῦ

2461 648 2720 702 πλουσίου
2784 650 3167 720 παρασυρῆναι
3230 651 3331 714 τὰς
3378 652 3687 723 ἀποθήκας,
3739 655 3833 707 τὸν
3891 656 4040 708 σῖτον

2459 742 2515 794 δὲ
2545 742 2640 795 καὶ
2662 742 2787 806 ὅσος
2812 742 2973 804 ἀλλος
3009 742 3222 813 καρπὸς
3244 746 3642 800 ἀποκέκλειστο
3665 746 3835 817 χύδην
3874 749 4040 817 ἐκφο-

2463 833 2725 904 ρηθῆναι,
2770 834 2864 888 καὶ
2906 838 2988 899 εἰς
3029 836 3343 908 διαρπαγὴν
3396 837 3618 908 ἕτοιμον
3668 838 3886 892 κεῖσθαι
3923 843 4041 902 τοῖς

2461 925 2828 998 βουλομένοις.
2888 925 3136 998 Ἦμέρας
3180 928 3238 981 6‘s
3279 929 3660 1003 ἀνασχούσης,
3707 932 3738 985 ό
3778 932 4040 993 πλούσιος

2463 1019 2565 1090 μὲν
2591 1019 2897 1092 θρηνώδης,
2955 1019 3164 1086 ἀθλιος,
3206 1020 3336 1092 τῇδε
3385 1024 3733 1094 περιτρέχων
3785 1023 4038 1088 κάκεῐσε,

2461 1114 2558 1167 καὶ
2601 1114 2702 1182 τὴν
2758 1113 2979 1168 δικαίαν
3032 1114 3504 1186 μετακλαιόμενος
3556 1116 3889 1185 συμφοράν·
3918 1111 4040 1169 εἶτα

2462 1209 2557 1272 καὶ
2583 1209 2693 1261 τῶν
2727 1209 3035 1280 παριόντων
3063 1210 3235 1263 ἐδεῖτο
3266 1206 3534 1278 βοηθῆσαί
3557 1208 3630 1270 οἱ,
3669 1209 3763 1262 καὶ
3795 1209 4037 1272 συνάρα-

2468 1301 2594 1354 σθαι
2632 1301 2738 1370 τῆς
2767 1303 3092 1372 συναγωγῆς
3138 1301 3250 1355 τῶν
3289 1302 3541 1372 καρπῶν.
3593 1300 3810 1353 Πολλῶν
3857 1301 3916 1354 δὲ
3951 1296 4040 1354 οἷα

2462 1392 2634 1462 δήπου
2683 1390 3003 1447 πεινώντων
3059 1392 3143 1461 ἐφ’
3199 1394 3428 1464 ἁρπαγῇ
3495 1391 4040 1462 συνδεδραμηκότων,

2468 1487 2721 1555 πρόσεισι
2774 1487 2869 1540 καὶ
2931 1488 2959 1539 ό
3017 1486 3210 1556 πένης,
3267 1486 3330 1538 τὸ
3387 1484 3576 1554 θαῦμα
3608 1485 3706 1554 μὲν
3737 1485 4042 1554 ἐκπληττό-

2467 1594 2654 1646 μενος,
2687 1579 2883 1647 ἦδιστα
2917 1579 2975 1630 δὲ
3003 1577 3223 1631 καὶτοῦ
3258 1575 3517 1628 πλουσίου
3554 1575 3902 1644 καταγελῶν,
3948 1576 4041 1642 γέ·

2463 1671 2610 1723 λωτα
2671 1671 3038 1732 δικαιότατον,
3102 1668 3334 1738 καρπῶν
3399 1685 3457 1720 τε
3507 1667 3623 1734 ἅμα
3676 1666 3900 1736 πλημῦν
3941 1669 4044 1734 τὴν

790 1757 994 1810 Deinde
1050 1771 1173 1809 cum
1239 1753 1600 1808 conﬂuentem
1675 1752 1884 1805 videret
1951 1752 2472 1827 multitudinem_t

2392 1823 2427 1827 _
2465 1759 2664 1822 οἰκίαν,
2698 1759 2794 1810 καὶ
2855 1757 3034 1810 πάντα
3084 1758 3224 1827 ἔχων
3278 1757 3547 1822 εὐπετῶς,
3600 1756 3662 1808 τὸ
3716 1756 3808 1809 τοῦ
3856 1756 4040 1822 λόγου,

786 1863 967 1903 εδει-υς
1007 1847 1096 1900 ille
1131 1855 1186 1900 et
1227 1845 1621 1899 immisericors
1667 1842 1977 1913 (oportebat
2026 1845 2173 1898 enim
2217 1846 2355 1899 nihil
2392 1823 2468 1898 Bt

2392 1823 2724 1921 Βάσπαρτα
2777 1851 2870 1904 καὶ
2925 1823 3190 1920 ἀνήροτα.
3249 1848 3384 1904 Εἶτα
3444 1851 3680 1921 συρρέον
3719 1850 3781 1904 τὸ
3832 1851 4039 1919 πλῆθος

790 1955 1015 1994 manere
1059 1938 1438 2007 imperfectum
1477 1953 1670 1991 eorum
1697 1951 1818 2005 quae
1849 1937 2108 2006 praedicta
2141 1937 2364 1993 fuerant

788 2048 819 2085 a
846 2031 1160 2102 Spiridone)
1192 2038 1248 2085 et
1294 2045 1381 2084 res
1425 2044 1618 2084 omnes
1672 2029 1817 2082 illius
1853 2045 2048 2085 secure
2096 2032 2365 2086 ambabus

789 2125 1014 2178 haurire
1043 2123 1324 2184 manibus,
1359 2130 1416 2176 et
1440 2136 1567 2176 eum
1602 2135 1845 2190 quoque,
1880 2121 1972 2190 qui
2021 2122 2138 2177 heri
2186 2123 2364 2178 fuerat

788 2213 1044 2283 supplex,
1078 2230 1184 2267 una
1232 2229 1357 2268 eum
1413 2212 1630 2281 reliquo
1679 2213 1879 2281 populo
1931 2215 2169 2278 abunde,
2221 2216 2365 2270 sicut

792 2307 1054 2372 diximus,
1091 2306 1198 2359 frui
1227 2306 1294 2360 iis
1328 2321 1448 2375 qua:
1473 2303 1754 2375 iacebant,
1785 2305 2014 2374 perinde
2063 2322 2128 2360 ac
2170 2307 2220 2361 ei
2265 2323 2362 2362 sua

791 2413 988 2471 sponte
1023 2401 1150 2456 dare
1183 2401 1393 2465 volens,
1430 2400 1783 2470 liberalisque
1810 2414 1930 2455 esse
1959 2410 2017 2454 et
2050 2401 2362 2465 munificus,

789 2493 882 2562 qui
944 2491 1357 2546 sordidissimus
1419 2498 1539 2544 erat
1592 2498 1650 2544 et
1707 2490 2082 2559 parcissimus,
2134 2491 2365 2560 iubebat

790 2599 920 2638 eum
957 2582 1023 2636 ad
1075 2583 1382 2636 satietatem
1428 2582 1682 2650 accipere
1721 2597 1789 2636 ex
1835 2582 1904 2636 iis
1940 2597 2062 2651 quae
2110 2582 2361 2638 aderant.

789 2679 884 2732 llle
920 2687 1100 2730 autem
1139 2676 1271 2731 satis
1336 2676 1444 2727 risa
1491 2675 1612 2744 ejus
1679 2674 1961 2739 vecordia,
2010 2674 2231 2729 domum
2281 2688 2366 2730 est

793 2781 1069 2832 reversus,
1108 2767 1218 2820 Deo
1271 2765 1566 2835 praecipue,
1621 2763 1820 2819 deinde
1872 2766 2040 2820 etiam
2089 2766 2362 2835 Spiridoni

791 2859 845 2914 id
877 2867 1100 2928 accepto
1139 2857 1344 2912 ferens.
1373 2858 1466 2911 Sic
1516 2858 1727 2912 sciebat
1772 2857 2054 2926 Spiridon,
2105 2874 2214 2912 non
2266 2874 2361 2914 so-

791 2951 904 3005 lum
941 2961 1170 3019 propter
1203 2951 1424 3014 multos,
1457 2950 1554 3004 sed
1584 2951 1746 3004 etiam
1782 2959 2012 3019 propter
2046 2966 2238 3017 unum,
2267 2968 2367 3005 su-

797 3059 999 3113 pernos
1023 3056 1171 3110 saepe
1206 3042 1420 3111 aperire
1445 3041 1625 3096 fontes
1649 3058 1665 3096 :
1695 3052 1753 3095 et
1780 3041 1944 3095 simul
1977 3042 2200 3110 quidem
2226 3058 2365 3112 pra:-

2465 1943 2607 2011 ὁρῶν
2635 1944 2662 1995 ὁ
2684 1941 2834 2008 ὠμὸς
2860 1943 3065 2004 ἐκεῖνος
3095 1941 3191 1994 καὶ
3215 1940 3585 2009 ἄσπλαγχνος,
3620 1940 3728 1992 ἔδει
3764 1940 3874 2011 γὰρ
3909 1939 4041 1991 ἀτέ-

2465 2038 2655 2090 λεστον
2685 2036 2838 2089 οὐδὲν
2867 2038 3047 2105 μεῖναι
3080 2035 3189 2088 τῶν
3245 2035 3558 2106 Σπιιρίδωνι
3605 2032 4045 2103 προλεχθέντων,

2466 2131 2562 2183 καὶ
2592 2130 2658 2182 τὰ
2681 2128 2848 2181 αὑτοῦ
2875 2129 3057 2181 πάντα
3095 2129 3241 2181 κατά
3265 2127 3467 2197 πολλὴν
3489 2127 3675 2180 ἄδειαν
3701 2126 4044 2195 ἀμφοτέραις

2465 2223 2791 2286 ἀντλοῦντας
2825 2241 2842 2256 ο
2874 2224 2949 2286 ὡς
2987 2222 3042 2275 δὲ
3076 2223 3171 2275 καὶ⁷
3213 2221 3304 2274 τὸν
3354 2221 3482 2290 χθὲς
3525 2220 3734 2289 ίκέτην,
3783 2220 3882 2272 ἕνα
3946 2218 4040 2270 τοῦ

2466 2314 2707 2382 πλήθους
2769 2315 3082 2384 γενόμενον,
3139 2315 3232 2366 καὶ
3287 2313 3475 2376 αὐτὸν,
3524 2315 3715 2380 ῶσπερ
3783 2312 4040 2381 ἔφημεν,

2464 2404 2716 2466 ἀφθόνως
2746 2403 3094 2456 ἀπολαύοντα
3119 2401 3228 2454 τῶν
3256 2400 3656 2470 προκειμένων,
3679 2400 3869 2468 ὥσπερ
3900 2401 4042 2453 κατὰ

2465 2496 2692 2566 γνώμην
2749 2497 2897 2566 αύτῷ
2967 2497 3256 2565 δωρεῖσθαι
3311 2494 3656 2564 βουλόμενος,
3711 2494 3805 2546 καὶ
3851 2496 4044 2546 κοινώ-

2465 2591 2614 2654 νικός
2642 2609 2725 2651 τις
2750 2587 2890 2643 εἶναι
2927 2590 3021 2642 καὶ
3047 2587 3426 2658 μεγαλόδωρος
3475 2590 3502 2640 ὁ
3537 2586 3657 2639 λίαν
3691 2586 3952 2655 φειδωλός
3981 2603 4039 2639 τε

2466 2691 2557 2737 καὶ
2585 2682 2976 2751 ἀκοινώτητος,
3015 2682 3236 2734 ἐκέλευε
3266 2681 3373 2734 τῶν
3416 2681 3706 2749 παρόντων
3753 2681 3830 2741 είς
3875 2681 4044 2747 κόρον

2477 2777 2649 2840 ἀδεῶς
2679 2775 3000 2845 λαμϐάνειν.
3041 2775 3100 2828 Ὀ
3132 2773 3212 2838 δὲ,
3257 2773 3357 2842 τῆς
3400 2774 3585 2836 ἀνοίας
3617 2772 3821 2834 ἱκανῶς
3878 2772 4044 2823 αὑτὸν

2467 2866 2935 2935 διαμυκτηρίσας,
2965 2865 3149 2917 οἴκαδε
3179 2861 3470 2933 ἀνεχώρει,
3515 2860 3637 2931 Θεῷ
3690 2862 4044 2929 προηγουμέ-

2466 2976 2595 3022 νως,
2632 2958 2827 3012 ἔπειτα
2859 2958 2915 3010 δὲ
2951 2957 3047 3010 καὶ
3099 2957 3406 3027 Σπυρίδωνι
3451 2954 3552 3024 τὴν
3601 2955 3763 3023 χάριν
3806 2955 4044 3022 ἐπιγρα-

2467 3053 2723 3120 φόμενος.
2776 3048 2962 3110 Οὕτως
2996 3048 3115 3119 ᾔδει
3145 3046 3426 3117 Σπυρίδων
3468 3046 3530 3098 ού
3577 3047 3741 3116 μόνον
3779 3044 3868 3097 διὰ
3914 3046 4046 3097 πολ-

795 3136 982 3188 dicerc
1020 3144 1255 3204 tempus,
1287 3149 1398 3203 quo
1423 3133 1531 3188 hoc
1561 3143 1708 3188 esset
1751 3131 2037 3186 futurum:
2065 3133 2227 3190 simul
2266 3150 2366 3187 au-
2392 3171 2433 3227 ϐ
2470 3144 2477 3195 j

2365 3168 2433 3227 πο
2470 3144 2618 3209 λοὺς,
2661 3142 2798 3195 ἀλλά
2849 3143 2944 3194 καὶ
2976 3141 3045 3194 δι’
3072 3140 3167 3193 ἕνα
3209 3139 3342 3207 γοῦν
3386 3139 3649 3198 πολλάκις
3694 3140 3794 3200 τάς
3834 3137 4047 3192 ἀνωθεν

794 3237 902 3280 tem
957 3227 1293 3295 pauperibus
1355 3240 1575 3294 quoque
1639 3223 1927 3294 prodesse,
1985 3233 2043 3279 et
2094 3226 2364 3295 castigare

802 3317 1024 3372 divites.
1066 3318 1199 3370 Nam
1237 3315 1339 3370 etsi
1386 3331 1585 3385 parcus
1609 3316 1700 3369 ille
1730 3315 1906 3370 nihilo
1948 3317 2141 3371 melior
2169 3319 2364 3382 evasit,

794 3415 854 3458 ut
880 3407 992 3474 jam
1020 3407 1279 3460 dicetur:
1332 3406 1521 3460 multis
1575 3413 1756 3458 tamen
1805 3404 2082 3460 similibus
2129 3407 2232 3460 fuit
2278 3423 2370 3462 oe-

795 3497 964 3560 casio,
1003 3506 1064 3549 ut
1095 3496 1547 3550 emendarentur.
1582 3494 1706 3548 llaec
1737 3495 1862 3562 quis
1890 3510 1957 3548 ex
2004 3499 2368 3564 prsesentibus

795 3601 904 3639 non
935 3585 1173 3639 libenter
1200 3587 1425 3640 audiit?
1472 3585 1606 3650 Quis
1644 3594 1829 3639 autem
1869 3601 1994 3640 eum
2047 3587 2367 3651 audivisset,

794 3692 903 3730 non
936 3677 1037 3731 fuit
1069 3676 1172 3729 alia
1207 3691 1424 3746 quoque
1466 3676 1726 3730 audiendi
1789 3677 2004 3730 avidior
2036 3717 2051 3742 ,
2109 3687 2166 3731 et
2217 3680 2370 3744 cupit

798 3771 962 3834 scire,
991 3772 1245 3839 quisnam
1297 3781 1416 3825 erat
1449 3771 1588 3825 adeo
1621 3774 1850 3838 ignavus
1884 3778 1979 3825 aut
2029 3772 2264 3838 invidus,
2310 3783 2370 3827 ut

794 3859 1069 3914 sitientem
1097 3860 1336 3914 animam
1368 3861 1461 3916 tali
1495 3862 1736 3931 privaret
1787 3861 2088 3916 alimento?

868 4171 978 4225 \‘ll.
1005 4172 1156 4225 Alius
1184 4181 1368 4224 autem
1395 4170 1654 4247 agricola,
1683 4169 1804 4224 viro
1864 4179 2055 4226 sancto
2081 4171 2370 4226 familiaris

797 4278 922 4316 cum
955 4262 1096 4316 fame
1143 4262 1299 4316 valde
1350 4274 1718 4331 premeretur,
1770 4262 1903 4316 abiit
1943 4263 1988 4318 is
2031 4278 2250 4333 quoque
2299 4263 2366 4317 ad

798 4354 1016 4422 inopem
1083 4353 1235 4406 illum
1317 4353 1566 4415 divitem,
1639 4351 1821 4407 adhuc
1889 4354 2180 4408 habentem
2262 4355 2368 4409 alia

796 4445 967 4498 multa
1017 4445 1213 4499 horrea
1266 4444 1428 4514 plena
1487 4444 1787 4511 frumento,
1841 4445 2164 4501 existimans
2218 4447 2364 4502 illam

2469 3237 2709 3303 ἀνοίγειν
2759 3235 2966 3304 πηγὰς,
2996 3236 3091 3287 καὶ
3140 3232 3274 3300 ὁμοῦ
3308 3233 3408 3303 μὲν
3451 3231 3577 3286 καθ’
3601 3231 3660 3284 δν
3696 3232 3847 3284 ἔσται
3886 3231 4049 3283 τοῦτο

2470 3329 2662 3399 καιρὸν
2695 3329 2980 3398 προειπεῖν
3003 3323 3140 3397 όμοῦ
3163 3324 3220 3377 δὲ
3250 3326 3344 3379 καὶ
3365 3307 3601 3392 πένητας
3621 3322 3927 3392 ὠφελῆσαι,
3951 3323 4049 3374 καὶ

2470 3421 2765 3478 πλουσίους
2796 3418 3244 3487 παιδαγωγῆσαι.
3283 3417 3345 3468 El
3376 3418 3484 3486 γὰρ
3511 3417 3610 3469 καὶ
3633 3415 3790 3468 οὐδὲν
3817 3414 4043 3484 μᾶλλον,

2468 3510 2542 3573 ὼς
2574 3511 2676 3579 ἠδη
2700 3510 3092 3578 λεχθήσεται,ὀ
3116 3507 3376 3576 φειδωλὸς
3408 3508 3614 3569 ἐκεῖνος
3640 3506 3876 3574 κατέθτη
3914 3522 4048 3572 χρη-

2472 3603 2614 3664 στὸς,
2635 3598 2844 3656 ἀλλὀὖν
2864 3618 2925 3669 γε
2944 3601 3055 3652 τῶν
3069 3601 3270 3667 ὁμοίων
3289 3599 3506 3662 πολλοῖς
3535 3599 3728 3668 γέγονε
3756 3600 3890 3668 πρὸς
3923 3597 4044 3669 βέλ-

2468 3695 2913 3763 τίωσινάςτορμή.
2935 3692 3120 3746 Ταῦτα
3145 3692 3227 3753 τίς
3252 3691 3422 3761 ἡδέως
3438 3691 3538 3746 οὐκ
3566 3695 3770 3763 ἢκουσε
3800 3693 3912 3744 τῶν
3945 3711 4046 3743 πα-

2471 3787 2710 3857 ρόντων;
2763 3787 2858 3849 Τίς
2891 3785 2946 3838 δὲ
2979 3786 3074 3838 καὶ
3095 3783 3334 3848 ἀκούσας
3369 3787 3492 3855 οὐχὶ
3516 3785 3614 3838 καὶ
3641 3785 3778 3852 πρὸς
3809 3786 3877 3836 τὶ
3910 3784 4044 3836 ἄλλα

2469 3875 2780 3945 λιχνοτέραν
2819 3873 2942 3944 ἔσχε
2984 3874 3086 3942 τὴν
3120 3875 3308 3942 ἀκοὴν,
3337 3875 3430 3925 καὶ
3459 3873 3653 3942 μαθεῖν
3677 3873 4042 3941 ἐπεζήτησεν,

2472 3966 2839 4036 ἐπιζητοῦντα
2876 3965 2954 4032 δὲ,
2992 3966 3076 4028 τίς
3108 3967 3342 4034 ὀκνηρὸς
3371 3965 3545 4028 οὕτως
3585 3965 3616 4034 ἢ
3657 3965 3939 4034 φθονερὸς,
3968 3965 4043 4025 ὡς

2469 4059 2651 4130 ψυχὴν
2676 4059 2949 4111 πεινῶσαν
2979 4058 3194 4128 τρυφῆς
3218 4058 3474 4127 τοιαύτης
3502 4059 3866 4127 ἀποστερείν;

2543 4149 2617 4204 Z'.
2649 4151 2844 4212 Ἀλλης
2867 4151 3049 4203 τοίνυν
3096 4149 3344 4218 γεωργὸς
3395 4151 3561 4219 ἀνὴρ,
3616 4149 3728 4201 τῶν
3787 4149 4039 4218 συνήθων

2471 4242 2550 4296 ὢν
2573 4242 2650 4311 τῷ
2679 4243 2836 4311 ὁσίῳ,
2895 4243 2991 4294 καὶ
3022 4243 3102 4304 είς
3150 4241 3291 4308 ἄγαν
3362 4241 3441 4310 τῷ
3492 4240 3636 4309 λιμῷ
3693 4240 4040 4309 πιεζόμενος,

2471 4333 2640 4404 ἀπῄει
2673 4335 2767 4386 καὶ
2788 4330 2943 4395 οὗτος
2978 4330 3115 4400 πρὸς
3151 4330 3315 4383 αὑτὸν
3360 4333 3573 4384 δκεῑνον
3628 4331 3720 4382 τὸν
3782 4333 4043 4400 πενιχρὸν

2473 4426 2753 4489 πλούσιον,
2785 4425 2989 4487 πολλὰς
3023 4424 3106 4477 In
3133 4424 3232 4476 καὶ
3281 4421 3452 4485 ἄλλας
3499 4422 3786 4492 ἀποθήκας
3850 4423 4040 4491 ἔχοντα

796 4539 1034 4607 priorem
1063 4551 1189 4590 eum
1219 4536 1443 4591 omnino
1496 4523 1789 4606 caStigasse
1829 4537 2216 4592 calamitatem.
2272 4539 2367 4593 Vi-
2400 4530 2446 4586 ο
2474 4541 2478 4566 ¹

2357 4569 2367 4579 ,
2400 4530 2446 4586 ο
2474 4519 2604 4585 σίτῳ
2635 4516 3033 4589 βαρυνομένας,
3075 4509 3391 4568 ὑπολαϐὼν
3419 4513 3664 4576 πάντως,
3706 4514 3784 4576 ὡς
3840 4515 4039 4578 ἱκανῶς

798 4644 891 4682 sus
916 4636 999 4682 est
1031 4636 1214 4682 autem
1272 4627 1363 4682 ille
1391 4627 1728 4681 frumentum
1790 4628 2015 4697 quidem
2070 4630 2366 4695 amisisse;

799 4719 1079 4788 parcitatis
1113 4733 1262 4782 vero,
1285 4728 1342 4773 et
1371 4733 1492 4786 quae
1525 4716 1581 4774 in
1605 4717 1772 4772 divite
1798 4723 1996 4784 inerat,
2027 4719 2369 4774 crudelitatis

797 4810 935 4863 nihil
1005 4810 1230 4864 omnino
1287 4811 1601 4876 dimisisse,
1669 4825 1848 4880 neque
1905 4811 2133 4866 omnino
2181 4813 2364 4881 seipso

797 4900 1037 4954 evasisse
1114 4901 1330 4964 melior,
1402 4901 1505 4955 etsi
1563 4902 1920 4971 polliceretur
1999 4917 2059 4957 se
2122 4911 2367 4972 tempore

797 4993 984 5044 aestivo
1012 4992 1063 5044 id
1095 4992 1238 5061 quod
1274 4991 1460 5045 datum
1489 4992 1700 5057 fuisset,
1730 4993 2072 5048 redditurum
2117 5009 2240 5048 cum
2276 5009 2367 5049 ac-

797 5081 1067 5146 cessione,
1099 5082 1192 5136 sed
1243 5083 1335 5135 ille
1369 5082 1589 5136 dicebat
1623 5083 1676 5136 id
1729 5083 1874 5154 quod
1929 5085 2158 5150 dicitur,
2211 5100 2368 5153 Spem

800 5189 1024 5242 pascere
1058 5175 1412 5243 insipientes:
1447 5174 1528 5228 Tu
1567 5182 1770 5239 autem,
1800 5175 1996 5243 inquit,
2035 5174 2242 5244 absque
2271 5190 2368 5244 pe-

798 5263 958 5316 cunia
988 5279 1092 5316 non
1130 5279 1360 5333 granum
1405 5279 1598 5325 unum,
1648 5264 1757 5318 imo
1817 5280 1887 5318 ne
1928 5265 2092 5318 unius
2144 5266 2364 5334 quidem

800 5350 951 5417 grani
1007 5353 1251 5406 umbram
1292 5353 1551 5422 accipies.
1600 5351 1735 5407 Cum
1786 5353 1968 5422 itaque
2023 5354 2112 5408 hic
2147 5371 2366 5424 quoque

807 5457 1015 5511 pauper
1047 5444 1409 5512 desperasset,
1440 5446 1686 5500 imitatur
1719 5447 2136 5516 praecedentem,
2170 5459 2226 5501 et
2252 5458 2368 5502 tan-

804 5549 964 5601 quam
996 5534 1060 5587 ad
1090 5550 1436 5589 communem
1480 5538 1796 5590 thesaurum
1850 5539 2094 5608 confugit
2124 5536 2368 5608 Spirido-

801 5639 946 5687 ncm,
984 5635 1037 5678 et
1083 5627 1135 5678 ei
1189 5627 1468 5682 renuntiat
1515 5643 1638 5696 quze
1680 5636 1824 5683 esset
1873 5643 2085 5697 passus,
2142 5639 2198 5681 et
2246 5643 2368 5697 qua:

800 5717 1022 5770 divitem
1077 5732 1298 5787 rogans,
1339 5719 1407 5772 ab
1440 5733 1505 5772 eo
1559 5719 1845 5774 audiisset.
1878 5721 1970 5774 Ille
2017 5729 2198 5774 autem
2238 5736 2365 5772 eum

805 5816 934 5860 tunc
963 5808 1184 5875 quidem
1223 5825 1344 5864 cum
1388 5811 1520 5865 satis
1564 5820 1710 5866 esset
1754 5811 2087 5877 consolatus,
2141 5810 2363 5866 domum

2473 4609 2636 4663 αὐτὸν
2667 4610 2699 4677 ἠ
2734 4609 2978 4678 προτέρα
3005 4607 3452 4674 παιδαγωγήσειε
3502 4605 3781 4674 συμφορά.
3844 4604 4040 4674 Ἐῲκει

2471 4702 2528 4754 δὲ
2557 4694 2712 4763 οὗτος
2748 4699 2957 4768 τὸνμὲν
3000 4701 3146 4751 σῖτον
3188 4695 3503 4762 ἀποϐαλὼν,
3547 4696 3643 4749 τοῦ
3682 4696 3947 4764 φειδωλοῦ
3981 4699 4042 4750 δὲ

2473 4794 2694 4862 καὶτῆς
2742 4791 2871 4861 περὶ
2899 4793 2990 4843 τὸν
3039 4790 3265 4860 πλησίον
3313 4789 3596 4858 ὠμότητος
3655 4790 3718 4841 τὸ
3771 4791 4042 4860 παράπαν

2471 4885 2624 4938 οὐδὲν
2658 4882 3075 4951 ἀποϐεϐληκὼς,
3107 4880 3231 4934 οὔτε
3268 4880 3373 4952 μὴν
3403 4881 3539 4944 ὅλως
3569 4881 3812 4950 ἀμείνων
3839 4881 4041 4934 ἑαυτοῦ

2471 4979 2793 5045 γενόμενος,
2825 4974 3004 5026 καίτοι
3037 4974 3131 5026 καὶ
3164 4973 3245 5036 είς
3281 4971 3434 5043 ῶραν
3471 4974 3912 5043 ὑπισχνουμένου
3944 4973 4044 5026 τοῦ

2473 5067 2703 5135 πένητος
2745 5065 2885 5134 μετὰ
2923 5065 3247 5133 προσθήκης
3291 5064 3352 5116 τδ
3392 5063 3735 5134 καταϐληθὲν
3799 5065 4049 5118 ἀντιδοῦ-

2471 5178 2580 5223 ναι,
2611 5159 2729 5211 ἀλλ’
2765 5161 2999 5222 έκεῖνος,
3025 5156 3185 5209 τοῦτο
3214 5154 3278 5225 δὴ
3306 5155 3367 5208 τὸ
3395 5156 3490 5208 τοῦ
3521 5155 3704 5223 λόγου,
3757 5156 3857 5219 τὰς
3888 5156 4044 5209 ἑλπί-

2469 5252 2564 5314 δας
2599 5251 2753 5316 ἔλεγε
2800 5250 2926 5309 τοὺς
2973 5249 3215 5316 ἄφρονας
3242 5248 3479 5317 βόσκειν.
3503 5249 3576 5301 Σὺ
3604 5248 3682 5313 δὲ,
3716 5249 3880 5318 φησὶ,
3909 5265 4050 5322 χρη-

2475 5343 2662 5410 μάτων
2703 5339 2833 5392 ἀνευ
2869 5338 2991 5391 οὐδὲ
3025 5339 3226 5391 κόκκου
3252 5337 3318 5390 ἂν
3359 5339 3478 5400 ἑνὸς
3506 5337 3626 5390 οὐδὲ
3678 5339 3838 5399 σκιᾶς
3875 5338 4048 5392 αὑτοῦ

2474 5436 2819 5505 μεταλάϐοις.
2839 5433 3136 5502 Ἀπογνοὺς
3161 5426 3254 5485 οὖν
3288 5433 3384 5485 καὶ
3414 5433 3624 5501 όπένης
3658 5424 3834 5492 οὗτος,
3858 5434 4050 5501 μιμεῖ-

2471 5544 2561 5580 ται
2606 5526 2696 5578 τδν
2726 5524 3089 5595 προλαϐόντα,
3120 5513 3422 5592 καὶῆῶσπερ
3448 5522 3527 5584 εις
3557 5520 3736 5574 κοινὸν
3763 5520 4049 5589 θησαυρὸν

2469 5623 2564 5675 τὸν
2611 5621 2931 5690 Σπυρὶδωνα
2953 5617 3289 5686 καταφεύγει
3320 5612 3653 5684 ἀπαγγέλλει
3689 5629 3748 5666 τε
3801 5612 3896 5666 καὶ
3937 5613 4049 5665 ὅσα

2475 5713 2637 5767 πάθοι
2655 5713 2749 5766 καὶ
2770 5711 2805 5765 ἀ
2829 5712 2921 5766 τοῦ
2942 5711 3194 5764 πλουσίου
3216 5710 3470 5777 δεόμενος
3489 5706 3866 5761 ἐπακούσειεν.
3885 5705 3942 5757 '0
3958 5704 4022 5756 δὲ
4036 5745 4049 5765 ,

2477 5808 2598 5860 τότε
2633 5803 2958 5876 μένίκανῶς
3014 5802 3432 5873 ψυχαγωγήσας
3477 5800 3667 5866 αὐτὸν,
3700 5797 3884 5853 οίκαδε
3935 5811 4051 5846 πα.-
