  <div class='ocr_page' id='page_1' title='image "/cluster/home/n/w/nwhite01/storage/ocr_20150623/116/nnc1.0046980156/242.png"; bbox 0 0 4260 6430; ppageno 0'>
   <div class='ocr_carea' id='block_1_1' title="bbox 211 346 319 410">
    <p class='ocr_par' dir='ltr' id='par_1_1' title="bbox 211 346 319 410">
     <span class='ocr_line' id='line_1_1' title="bbox 211 346 319 410; baseline -0.028 0"><span class='ocrx_word' id='word_1_1' title='bbox 211 346 319 410; x_wconf 73' lang='grc' dir='ltr'><strong>Δῖὅ</strong></span> 
     </span>
    </p>
   </div>
   <div class='ocr_carea' id='block_1_2' title="bbox 1430 334 2229 397">
    <p class='ocr_par' dir='ltr' id='par_1_2' title="bbox 1430 334 2229 397">
     <span class='ocr_line' id='line_1_2' title="bbox 1430 334 2229 397; baseline -0.003 0"><span class='ocrx_word' id='word_1_2' title='bbox 1430 337 1602 397; x_wconf 71' lang='lat' dir='ltr'><strong>VITA</strong></span> <span class='ocrx_word' id='word_1_3' title='bbox 1648 335 1704 395; x_wconf 85' lang='lat' dir='ltr'><strong>S.</strong></span> <span class='ocrx_word' id='word_1_4' title='bbox 1748 334 2229 397; x_wconf 70' lang='lat' dir='ltr'><strong>SPYRIDONIS.</strong></span> 
     </span>
    </p>
   </div>
   <div class='ocr_carea' id='block_1_3' title="bbox 3346 339 3450 406">
    <p class='ocr_par' dir='ltr' id='par_1_3' title="bbox 3346 339 3450 406">
     <span class='ocr_line' id='line_1_3' title="bbox 3346 339 3450 406; baseline 0.067 -7"><span class='ocrx_word' id='word_1_5' title='bbox 3346 339 3450 406; x_wconf 63' lang='lat'><strong>4:6</strong></span> 
     </span>
    </p>
   </div>
   <div class='ocr_carea' id='block_1_4' title="bbox 216 445 1841 533">
    <p class='ocr_par' dir='ltr' id='par_1_4' title="bbox 216 450 1841 533">
     <span class='ocr_line' id='line_1_4' title="bbox 216 450 1841 533; baseline -0.008 -20"><span class='ocrx_word' id='word_1_6' title='bbox 216 459 523 528; x_wconf 77' lang='grc' dir='ltr'>ραπέμπει.</span> <span class='ocrx_word' id='word_1_7' title='bbox 560 459 633 511; x_wconf 68' lang='grc' dir='ltr'><strong>Οὐ</strong></span> <span class='ocrx_word' id='word_1_8' title='bbox 668 458 775 527; x_wconf 71' lang='grc' dir='ltr'><strong>μὴν</strong></span> <span class='ocrx_word' id='word_1_9' title='bbox 807 456 936 526; x_wconf 83' lang='grc' dir='ltr'>ἄχρι</span> <span class='ocrx_word' id='word_1_10' title='bbox 969 454 1149 523; x_wconf 55' lang='lat' dir='ltr'><strong>lore-3&#39;;</strong></span> <span class='ocrx_word' id='word_1_11' title='bbox 1180 453 1372 523; x_wconf 76' lang='grc' dir='ltr'>ίὸτὴσι</span> <span class='ocrx_word' id='word_1_12' title='bbox 1394 452 1495 533; x_wconf 64' lang='grc' dir='ltr'><strong>τὴν</strong></span> <span class='ocrx_word' id='word_1_13' title='bbox 1531 451 1789 521; x_wconf 73' lang='grc' dir='ltr'>ψυχαγω-</span> <span class='ocrx_word' id='word_1_14' title='bbox 1817 450 1841 515; x_wconf 61' lang='grc' dir='ltr'>,ε</span> 
     </span>
    </p>
   </div>
   <div class='ocr_carea' id='block_1_5' title="bbox 1860 445 3446 533">
    <p class='ocr_par' dir='ltr' id='par_1_5' title="bbox 1860 445 3446 516">
     <span class='ocr_line' id='line_1_5' title="bbox 1860 445 3446 516; baseline 0.003 -16"><span class='ocrx_word' id='word_1_15' title='bbox 1860 446 2147 508; x_wconf 71' lang='grc' dir='ltr'>,άὶιηὶιιίι.</span> <span class='ocrx_word' id='word_1_16' title='bbox 2181 448 2368 516; x_wconf 84' lang='lat' dir='ltr'><strong>Neque</strong></span> <span class='ocrx_word' id='word_1_17' title='bbox 2401 454 2580 505; x_wconf 88' lang='lat' dir='ltr'><strong>tamen</strong></span> <span class='ocrx_word' id='word_1_18' title='bbox 2616 445 2800 501; x_wconf 80' lang='lat' dir='ltr'><strong>verbis</strong></span> <span class='ocrx_word' id='word_1_19' title='bbox 2832 456 2986 502; x_wconf 87' lang='lat' dir='ltr'><strong>tenus</strong></span> <span class='ocrx_word' id='word_1_20' title='bbox 3024 447 3165 503; x_wconf 84' lang='lat' dir='ltr'><strong>sistit</strong></span> <span class='ocrx_word' id='word_1_21' title='bbox 3205 455 3446 506; x_wconf 81' lang='lat' dir='ltr'><strong>eonsoia-</strong></span> 
     </span>
    </p>
   </div>
   <div class='ocr_carea' id='block_1_6' title="bbox 211 540 1786 618">
    <p class='ocr_par' dir='ltr' id='par_1_6' title="bbox 211 540 1786 618">
     <span class='ocr_line' id='line_1_6' title="bbox 211 540 1786 618; baseline -0.001 -15"><span class='ocrx_word' id='word_1_22' title='bbox 211 551 367 617; x_wconf 83' lang='grc' dir='ltr'>γίαν,</span> <span class='ocrx_word' id='word_1_23' title='bbox 402 550 537 604; x_wconf 85' lang='grc' dir='ltr'><strong>ἀλλά</strong></span> <span class='ocrx_word' id='word_1_24' title='bbox 560 550 663 618; x_wconf 73' lang='grc' dir='ltr'>τῆς</span> <span class='ocrx_word' id='word_1_25' title='bbox 711 549 974 617; x_wconf 76' lang='grc' dir='ltr'>ἐπιούσης</span> <span class='ocrx_word' id='word_1_26' title='bbox 1000 548 1030 599; x_wconf 89' lang='lat'><strong>6</strong></span> <span class='ocrx_word' id='word_1_27' title='bbox 1066 547 1241 618; x_wconf 83' lang='grc' dir='ltr'>μέγας</span> <span class='ocrx_word' id='word_1_28' title='bbox 1280 543 1569 613; x_wconf 72' lang='grc' dir='ltr'>ἀρχιερεὺς</span> <span class='ocrx_word' id='word_1_29' title='bbox 1624 540 1786 602; x_wconf 77' lang='grc' dir='ltr'>αὐτὸς</span> 
     </span>
    </p>
   </div>
   <div class='ocr_carea' id='block_1_7' title="bbox 214 634 1788 712">
    <p class='ocr_par' dir='ltr' id='par_1_7' title="bbox 214 634 1788 712">
     <span class='ocr_line' id='line_1_7' title="bbox 214 634 1788 712; baseline -0.008 -15"><span class='ocrx_word' id='word_1_30' title='bbox 214 647 444 705; x_wconf 62' lang='grc' dir='ltr'>ἐκεῖνος,</span> <span class='ocrx_word' id='word_1_31' title='bbox 494 644 629 712; x_wconf 74' lang='grc' dir='ltr'>πρὸς</span> <span class='ocrx_word' id='word_1_32' title='bbox 679 642 771 695; x_wconf 75' lang='grc' dir='ltr'><strong>τὸν</strong></span> <span class='ocrx_word' id='word_1_33' title='bbox 822 642 1032 710; x_wconf 82' lang='grc' dir='ltr'>πένητα</span> <span class='ocrx_word' id='word_1_34' title='bbox 1076 641 1415 709; x_wconf 81' lang='grc' dir='ltr'>ἀφικνεῖται,</span> <span class='ocrx_word' id='word_1_35' title='bbox 1470 634 1705 705; x_wconf 78' lang='grc' dir='ltr'>χρυσοῦν</span> <span class='ocrx_word' id='word_1_36' title='bbox 1735 650 1788 685; x_wconf 91' lang='grc' dir='ltr'><strong>τι</strong></span> 
     </span>
    </p>
   </div>
   <div class='ocr_carea' id='block_1_8' title="bbox 222 724 1840 801">
    <p class='ocr_par' dir='ltr' id='par_1_8' title="bbox 222 724 1840 801">
     <span class='ocr_line' id='line_1_8' title="bbox 222 724 1840 801; baseline -0.007 -15"><span class='ocrx_word' id='word_1_37' title='bbox 222 732 366 795; x_wconf 80' lang='grc' dir='ltr'>εἶδος</span> <span class='ocrx_word' id='word_1_38' title='bbox 396 733 816 801; x_wconf 65' lang='grc' dir='ltr'>ἐπιφερόμενος,</span> <span class='ocrx_word' id='word_1_39' title='bbox 845 732 945 783; x_wconf 73' lang='grc' dir='ltr'><strong>οὐκ</strong></span> <span class='ocrx_word' id='word_1_40' title='bbox 973 731 1259 797; x_wconf 74' lang='grc' dir='ltr'><strong>εὐάγωγον</strong></span> <span class='ocrx_word' id='word_1_41' title='bbox 1284 729 1385 799; x_wconf 84' lang='grc' dir='ltr'><strong>τὴν</strong></span> <span class='ocrx_word' id='word_1_42' title='bbox 1410 728 1600 796; x_wconf 79' lang='grc' dir='ltr'>ὁλκὴν,</span> <span class='ocrx_word' id='word_1_43' title='bbox 1650 726 1789 791; x_wconf 85' lang='grc' dir='ltr'>ὅπερ</span> <span class='ocrx_word' id='word_1_44' title='bbox 1835 724 1840 728; x_wconf 80' lang='grc'><em>’</em></span> 
     </span>
    </p>
   </div>
   <div class='ocr_carea' id='block_1_9' title="bbox 211 814 1788 897">
    <p class='ocr_par' dir='ltr' id='par_1_9' title="bbox 211 814 1788 897">
     <span class='ocr_line' id='line_1_9' title="bbox 211 814 1788 897; baseline -0.01 -16"><span class='ocrx_word' id='word_1_45' title='bbox 211 828 266 881; x_wconf 79' lang='grc' dir='ltr'><strong>τί</strong></span> <span class='ocrx_word' id='word_1_46' title='bbox 292 844 349 879; x_wconf 91' lang='grc' dir='ltr'><strong>τε</strong></span> <span class='ocrx_word' id='word_1_47' title='bbox 387 822 474 897; x_wconf 78' lang='grc' dir='ltr'>ἦν,</span> <span class='ocrx_word' id='word_1_48' title='bbox 501 826 593 877; x_wconf 68' lang='grc' dir='ltr'>καὶ</span> <span class='ocrx_word' id='word_1_49' title='bbox 625 825 773 887; x_wconf 78' lang='grc' dir='ltr'>ὅθεν,</span> <span class='ocrx_word' id='word_1_50' title='bbox 799 821 896 875; x_wconf 77' lang='grc' dir='ltr'>καὶ</span> <span class='ocrx_word' id='word_1_51' title='bbox 922 823 1067 884; x_wconf 73' lang='grc' dir='ltr'>ὅπως</span> <span class='ocrx_word' id='word_1_52' title='bbox 1096 820 1325 890; x_wconf 82' lang='grc' dir='ltr'>εὓρηται</span> <span class='ocrx_word' id='word_1_53' title='bbox 1353 819 1429 887; x_wconf 85' lang='grc' dir='ltr'>τῷ</span> <span class='ocrx_word' id='word_1_54' title='bbox 1459 818 1617 887; x_wconf 77' lang='grc' dir='ltr'>ἁγίῳ,</span> <span class='ocrx_word' id='word_1_55' title='bbox 1650 814 1788 885; x_wconf 86' lang='grc' dir='ltr'><strong>μετά</strong></span> 
     </span>
    </p>
   </div>
   <div class='ocr_carea' id='block_1_10' title="bbox 216 905 1790 987">
    <p class='ocr_par' dir='ltr' id='par_1_10' title="bbox 216 905 1790 987">
     <span class='ocr_line' id='line_1_10' title="bbox 216 905 1790 987; baseline -0.008 -17"><span class='ocrx_word' id='word_1_56' title='bbox 216 918 414 987; x_wconf 76' lang='grc' dir='ltr'>μικρὸν</span> <span class='ocrx_word' id='word_1_57' title='bbox 442 919 469 970; x_wconf 96' lang='lat'><strong>6</strong></span> <span class='ocrx_word' id='word_1_58' title='bbox 499 916 656 983; x_wconf 87' lang='grc' dir='ltr'>λόγος</span> <span class='ocrx_word' id='word_1_59' title='bbox 684 913 942 985; x_wconf 81' lang='grc' dir='ltr'><strong>δηλώσει.</strong></span> <span class='ocrx_word' id='word_1_60' title='bbox 973 914 1121 974; x_wconf 83' lang='grc' dir='ltr'><strong>Τέως</strong></span> <span class='ocrx_word' id='word_1_61' title='bbox 1149 912 1192 963; x_wconf 82' lang='grc' dir='ltr'>δ’</span> <span class='ocrx_word' id='word_1_62' title='bbox 1229 906 1323 964; x_wconf 83' lang='grc' dir='ltr'><strong>οὖν</strong></span> <span class='ocrx_word' id='word_1_63' title='bbox 1370 913 1398 964; x_wconf 92' lang='lat'><strong>6</strong></span> <span class='ocrx_word' id='word_1_64' title='bbox 1426 910 1600 976; x_wconf 82' lang='grc' dir='ltr'>μέγας</span> <span class='ocrx_word' id='word_1_65' title='bbox 1627 905 1790 959; x_wconf 80' lang='grc' dir='ltr'>τοῦτο</span> 
     </span>
    </p>
   </div>
   <div class='ocr_carea' id='block_1_11' title="bbox 218 1000 1789 1079">
    <p class='ocr_par' dir='ltr' id='par_1_11' title="bbox 218 1000 1789 1079">
     <span class='ocr_line' id='line_1_11' title="bbox 218 1000 1789 1079; baseline -0.008 -18"><span class='ocrx_word' id='word_1_66' title='bbox 218 1010 506 1079; x_wconf 80' lang='grc' dir='ltr'>Σπυρίδων</span> <span class='ocrx_word' id='word_1_67' title='bbox 546 1010 667 1069; x_wconf 88' lang='grc' dir='ltr'>ταῖς</span> <span class='ocrx_word' id='word_1_68' title='bbox 698 1008 860 1077; x_wconf 75' lang='grc' dir='ltr'>χερσὶ</span> <span class='ocrx_word' id='word_1_69' title='bbox 890 1005 985 1058; x_wconf 81' lang='grc' dir='ltr'><strong>τοῦ</strong></span> <span class='ocrx_word' id='word_1_70' title='bbox 1033 1006 1265 1073; x_wconf 68' lang='grc' dir='ltr'>πένητος</span> <span class='ocrx_word' id='word_1_71' title='bbox 1297 1002 1577 1073; x_wconf 74' lang='grc' dir='ltr'>ἐμϐαλὼν,</span> <span class='ocrx_word' id='word_1_72' title='bbox 1606 1000 1789 1066; x_wconf 80' lang='grc' dir='ltr'>Δέξαι,</span> 
     </span>
    </p>
   </div>
   <div class='ocr_carea' id='block_1_12' title="bbox 216 1095 1790 1171">
    <p class='ocr_par' dir='ltr' id='par_1_12' title="bbox 216 1095 1790 1171">
     <span class='ocr_line' id='line_1_12' title="bbox 216 1095 1790 1171; baseline -0.005 -18"><span class='ocrx_word' id='word_1_73' title='bbox 216 1103 345 1171; x_wconf 57' lang='lat' dir='ltr'><strong>Em.</strong></span> <span class='ocrx_word' id='word_1_74' title='bbox 384 1101 481 1155; x_wconf 71' lang='grc' dir='ltr'>καὶ</span> <span class='ocrx_word' id='word_1_75' title='bbox 528 1099 607 1169; x_wconf 82' lang='grc' dir='ltr'><strong>τῷ</strong></span> <span class='ocrx_word' id='word_1_76' title='bbox 649 1100 895 1168; x_wconf 77' lang='grc' dir='ltr'><strong>πλουσίῳ</strong></span> <span class='ocrx_word' id='word_1_77' title='bbox 941 1097 1003 1151; x_wconf 83' lang='grc' dir='ltr'>τὸ</span> <span class='ocrx_word' id='word_1_78' title='bbox 1058 1095 1556 1167; x_wconf 22' lang='grc' dir='ltr'>προσφιλὲςναύτῷ</span> <span class='ocrx_word' id='word_1_79' title='bbox 1608 1109 1790 1163; x_wconf 87' lang='grc' dir='ltr'>παρα-</span> 
     </span>
    </p>
   </div>
   <div class='ocr_carea' id='block_1_13' title="bbox 157 1186 1790 1264">
    <p class='ocr_par' dir='ltr' id='par_1_13' title="bbox 157 1186 1790 1264">
     <span class='ocr_line' id='line_1_13' title="bbox 157 1186 1790 1264; baseline -0.007 -17"><span class='ocrx_word' id='word_1_80' title='bbox 157 1258 162 1263; x_wconf 33' lang='grc'><strong>,</strong></span> <span class='ocrx_word' id='word_1_81' title='bbox 219 1194 469 1264; x_wconf 44' lang='grc' dir='ltr'>σχὼννείς</span> <span class='ocrx_word' id='word_1_82' title='bbox 493 1194 770 1261; x_wconf 75' lang='grc' dir='ltr'>ἐνέχυρον,</span> <span class='ocrx_word' id='word_1_83' title='bbox 801 1191 870 1251; x_wconf 82' lang='grc' dir='ltr'><strong>τά</strong></span> <span class='ocrx_word' id='word_1_84' title='bbox 918 1206 1001 1243; x_wconf 88' lang='grc' dir='ltr'><strong>σοι</strong></span> <span class='ocrx_word' id='word_1_85' title='bbox 1044 1188 1294 1259; x_wconf 77' lang='grc' dir='ltr'>χρήσιμά</span> <span class='ocrx_word' id='word_1_86' title='bbox 1348 1204 1407 1240; x_wconf 88' lang='grc' dir='ltr'><strong>τε</strong></span> <span class='ocrx_word' id='word_1_87' title='bbox 1464 1189 1561 1239; x_wconf 80' lang='grc' dir='ltr'>καὶ</span> <span class='ocrx_word' id='word_1_88' title='bbox 1615 1186 1790 1251; x_wconf 80' lang='grc' dir='ltr'>ἀναγ-</span> 
     </span>
    </p>
   </div>
   <div class='ocr_carea' id='block_1_14' title="bbox 217 1277 1791 1355">
    <p class='ocr_par' dir='ltr' id='par_1_14' title="bbox 217 1277 1791 1355">
     <span class='ocr_line' id='line_1_14' title="bbox 217 1277 1791 1355; baseline -0.008 -15"><span class='ocrx_word' id='word_1_89' title='bbox 217 1289 350 1340; x_wconf 85' lang='grc' dir='ltr'>καῖα</span> <span class='ocrx_word' id='word_1_90' title='bbox 406 1285 537 1355; x_wconf 86' lang='grc' dir='ltr'>παρ’</span> <span class='ocrx_word' id='word_1_91' title='bbox 593 1284 762 1345; x_wconf 78' lang='grc' dir='ltr'>αὐτοῦ</span> <span class='ocrx_word' id='word_1_92' title='bbox 830 1282 1117 1352; x_wconf 82' lang='grc' dir='ltr'>λάμϐανε.</span> <span class='ocrx_word' id='word_1_93' title='bbox 1162 1279 1344 1348; x_wconf 82' lang='grc' dir='ltr'>’Ἡσθη</span> <span class='ocrx_word' id='word_1_94' title='bbox 1402 1278 1561 1331; x_wconf 69' lang='grc' dir='ltr'>τοῦτο</span> <span class='ocrx_word' id='word_1_95' title='bbox 1612 1277 1791 1330; x_wconf 88' lang='grc' dir='ltr'>λαϐὼν</span> 
     </span>
    </p>
   </div>
   <div class='ocr_carea' id='block_1_15' title="bbox 215 1367 1795 1448">
    <p class='ocr_par' dir='ltr' id='par_1_15' title="bbox 215 1367 1795 1448">
     <span class='ocr_line' id='line_1_15' title="bbox 215 1367 1795 1448; baseline -0.006 -16"><span class='ocrx_word' id='word_1_96' title='bbox 215 1381 244 1433; x_wconf 97' lang='lat'><strong>6</strong></span> <span class='ocrx_word' id='word_1_97' title='bbox 279 1380 470 1447; x_wconf 82' lang='grc' dir='ltr'><strong>πένης,</strong></span> <span class='ocrx_word' id='word_1_98' title='bbox 502 1378 595 1430; x_wconf 79' lang='grc' dir='ltr'>καὶ</span> <span class='ocrx_word' id='word_1_99' title='bbox 638 1377 771 1448; x_wconf 76' lang='grc' dir='ltr'>πρὸς</span> <span class='ocrx_word' id='word_1_100' title='bbox 800 1376 894 1429; x_wconf 82' lang='grc' dir='ltr'>τὸν</span> <span class='ocrx_word' id='word_1_101' title='bbox 926 1374 1185 1428; x_wconf 86' lang='grc' dir='ltr'>πλούσιον</span> <span class='ocrx_word' id='word_1_102' title='bbox 1291 1372 1469 1426; x_wconf 82' lang='grc' dir='ltr'>ποδῶν</span> <span class='ocrx_word' id='word_1_103' title='bbox 1500 1367 1668 1441; x_wconf 78' lang='grc' dir='ltr'>εἶχεν,</span> <span class='ocrx_word' id='word_1_104' title='bbox 1705 1374 1795 1424; x_wconf 79' lang='grc' dir='ltr'><strong>ὲκ-</strong></span> 
     </span>
    </p>
   </div>
   <div class='ocr_carea' id='block_1_16' title="bbox 220 1464 1794 1536">
    <p class='ocr_par' dir='ltr' id='par_1_16' title="bbox 220 1464 1794 1536">
     <span class='ocr_line' id='line_1_16' title="bbox 220 1464 1794 1536; baseline -0.005 -13"><span class='ocrx_word' id='word_1_105' title='bbox 220 1468 410 1535; x_wconf 79' lang='grc' dir='ltr'>θύμως</span> <span class='ocrx_word' id='word_1_106' title='bbox 437 1468 658 1536; x_wconf 70' lang='grc' dir='ltr'>ἐχώρει,</span> <span class='ocrx_word' id='word_1_107' title='bbox 686 1464 807 1520; x_wconf 82' lang='grc' dir='ltr'>εἶτα</span> <span class='ocrx_word' id='word_1_108' title='bbox 872 1465 998 1520; x_wconf 84' lang='grc' dir='ltr'>ίδὼν</span> <span class='ocrx_word' id='word_1_109' title='bbox 1041 1467 1252 1528; x_wconf 64' lang='grc' dir='ltr'>ἒκεῖνος</span> <span class='ocrx_word' id='word_1_110' title='bbox 1309 1466 1373 1517; x_wconf 79' lang='grc' dir='ltr'>τὸ</span> <span class='ocrx_word' id='word_1_111' title='bbox 1427 1464 1486 1515; x_wconf 70' lang='grc' dir='ltr'>ἐν</span> <span class='ocrx_word' id='word_1_112' title='bbox 1527 1466 1738 1534; x_wconf 69' lang='grc' dir='ltr'>χερσὶν,</span> <span class='ocrx_word' id='word_1_113' title='bbox 1766 1465 1794 1515; x_wconf 90' lang='lat'><strong>6</strong></span> 
     </span>
    </p>
   </div>
   <div class='ocr_carea' id='block_1_17' title="bbox 230 1557 1795 1629">
    <p class='ocr_par' dir='ltr' id='par_1_17' title="bbox 230 1557 1795 1629">
     <span class='ocr_line' id='line_1_17' title="bbox 230 1557 1795 1629; baseline -0.004 -17"><span class='ocrx_word' id='word_1_114' title='bbox 230 1561 338 1629; x_wconf 85' lang='grc' dir='ltr'>πρὸ</span> <span class='ocrx_word' id='word_1_115' title='bbox 370 1559 574 1628; x_wconf 83' lang='grc' dir='ltr'>μικροῦ</span> <span class='ocrx_word' id='word_1_116' title='bbox 605 1560 847 1629; x_wconf 85' lang='grc' dir='ltr'>σκληρός</span> <span class='ocrx_word' id='word_1_117' title='bbox 890 1576 949 1612; x_wconf 86' lang='grc' dir='ltr'><strong>τε</strong></span> <span class='ocrx_word' id='word_1_118' title='bbox 998 1558 1095 1611; x_wconf 72' lang='grc' dir='ltr'>καὶ</span> <span class='ocrx_word' id='word_1_119' title='bbox 1143 1557 1530 1626; x_wconf 77' lang='grc' dir='ltr'><strong>ἀδυσώπητος,</strong></span> <span class='ocrx_word' id='word_1_120' title='bbox 1582 1558 1677 1610; x_wconf 86' lang='grc' dir='ltr'>καὶ</span> <span class='ocrx_word' id='word_1_121' title='bbox 1726 1557 1795 1607; x_wconf 86' lang='grc' dir='ltr'><strong>τά</strong></span> 
     </span>
    </p>
   </div>
   <div class='ocr_carea' id='block_1_18' title="bbox 230 1645 1795 1721">
    <p class='ocr_par' dir='ltr' id='par_1_18' title="bbox 230 1645 1795 1721">
     <span class='ocr_line' id='line_1_18' title="bbox 230 1645 1795 1721; baseline -0.003 -19"><span class='ocrx_word' id='word_1_122' title='bbox 230 1645 345 1703; x_wconf 75' lang='grc' dir='ltr'>ὦτα</span> <span class='ocrx_word' id='word_1_123' title='bbox 384 1653 521 1721; x_wconf 70' lang='grc' dir='ltr'>πρὸς</span> <span class='ocrx_word' id='word_1_124' title='bbox 553 1653 738 1719; x_wconf 78' lang='grc' dir='ltr'>δέησιν</span> <span class='ocrx_word' id='word_1_125' title='bbox 777 1650 1265 1719; x_wconf 78' lang='grc' dir='ltr'>ἑκκεκωφημένος,</span> <span class='ocrx_word' id='word_1_126' title='bbox 1328 1650 1492 1712; x_wconf 82' lang='grc' dir='ltr'>εὐθὺς</span> <span class='ocrx_word' id='word_1_127' title='bbox 1534 1650 1643 1702; x_wconf 83' lang='grc' dir='ltr'>ἀπὸ</span> <span class='ocrx_word' id='word_1_128' title='bbox 1684 1647 1795 1699; x_wconf 82' lang='grc' dir='ltr'><strong>τῶν</strong></span> 
     </span>
    </p>
   </div>
   <div class='ocr_carea' id='block_1_19' title="bbox 219 1739 1798 1812">
    <p class='ocr_par' dir='ltr' id='par_1_19' title="bbox 219 1739 1798 1812">
     <span class='ocr_line' id='line_1_19' title="bbox 219 1739 1798 1812; baseline -0.002 -17"><span class='ocrx_word' id='word_1_129' title='bbox 219 1743 524 1811; x_wconf 61' lang='grc' dir='ltr'>ὀφθαλμῶν</span> <span class='ocrx_word' id='word_1_130' title='bbox 576 1759 914 1812; x_wconf 73' lang='grc' dir='ltr'>κάμπτεται,</span> <span class='ocrx_word' id='word_1_131' title='bbox 985 1744 1081 1795; x_wconf 76' lang='grc' dir='ltr'>καὶ</span> <span class='ocrx_word' id='word_1_132' title='bbox 1115 1744 1245 1811; x_wconf 73' lang='grc' dir='ltr'><strong>ἡδὺς</strong></span> <span class='ocrx_word' id='word_1_133' title='bbox 1296 1742 1505 1809; x_wconf 87' lang='grc' dir='ltr'>γίνεται</span> <span class='ocrx_word' id='word_1_134' title='bbox 1551 1743 1645 1795; x_wconf 77' lang='grc' dir='ltr'>καὶ</span> <span class='ocrx_word' id='word_1_135' title='bbox 1680 1739 1798 1805; x_wconf 83' lang='grc' dir='ltr'>φιλ-</span> 
     </span>
    </p>
   </div>
   <div class='ocr_carea' id='block_1_20' title="bbox 1897 538 3456 611">
    <p class='ocr_par' dir='ltr' id='par_1_20' title="bbox 1897 538 3456 611">
     <span class='ocr_line' id='line_1_20' title="bbox 1897 538 3456 611; baseline 0.004 -16"><span class='ocrx_word' id='word_1_136' title='bbox 1897 538 2145 595; x_wconf 88' lang='lat' dir='ltr'><strong>tionem:</strong></span> <span class='ocrx_word' id='word_1_137' title='bbox 2195 538 2287 594; x_wconf 87' lang='lat' dir='ltr'><strong>sed</strong></span> <span class='ocrx_word' id='word_1_138' title='bbox 2313 540 2560 608; x_wconf 88' lang='lat' dir='ltr'><strong>sequenti</strong></span> <span class='ocrx_word' id='word_1_139' title='bbox 2602 539 2690 594; x_wconf 88' lang='lat' dir='ltr'><strong>die</strong></span> <span class='ocrx_word' id='word_1_140' title='bbox 2738 554 2966 607; x_wconf 86' lang='lat' dir='ltr'><strong>magnus</strong></span> <span class='ocrx_word' id='word_1_141' title='bbox 3006 541 3248 611; x_wconf 74' lang='lat' dir='ltr'><strong>pontifex</strong></span> <span class='ocrx_word' id='word_1_142' title='bbox 3306 548 3456 602; x_wconf 85' lang='lat' dir='ltr'><strong>venit</strong></span> 
     </span>
    </p>
   </div>
   <div class='ocr_carea' id='block_1_21' title="bbox 1899 634 3458 704">
    <p class='ocr_par' dir='ltr' id='par_1_21' title="bbox 1899 634 3458 704">
     <span class='ocr_line' id='line_1_21' title="bbox 1899 634 3458 704; baseline 0.004 -17"><span class='ocrx_word' id='word_1_143' title='bbox 1899 634 2016 704; x_wconf 89' lang='lat' dir='ltr'><strong>ipse</strong></span> <span class='ocrx_word' id='word_1_144' title='bbox 2045 634 2110 687; x_wconf 83' lang='lat' dir='ltr'><strong>ad</strong></span> <span class='ocrx_word' id='word_1_145' title='bbox 2153 648 2471 703; x_wconf 87' lang='lat' dir='ltr'><strong>pauperem,</strong></span> <span class='ocrx_word' id='word_1_146' title='bbox 2514 649 2731 688; x_wconf 81' lang='lat' dir='ltr'><strong>auream</strong></span> <span class='ocrx_word' id='word_1_147' title='bbox 2765 634 3057 702; x_wconf 82' lang='lat' dir='ltr'><strong>quamdam</strong></span> <span class='ocrx_word' id='word_1_148' title='bbox 3105 650 3290 691; x_wconf 85' lang='lat' dir='ltr'><strong>secum</strong></span> <span class='ocrx_word' id='word_1_149' title='bbox 3326 638 3458 693; x_wconf 64' lang='grc' dir='ltr'><strong>σπου</strong></span> 
     </span>
    </p>
   </div>
   <div class='ocr_carea' id='block_1_22' title="bbox 1896 725 3455 798">
    <p class='ocr_par' dir='ltr' id='par_1_22' title="bbox 1896 725 3455 798">
     <span class='ocr_line' id='line_1_22' title="bbox 1896 725 3455 798; baseline 0.005 -21"><span class='ocrx_word' id='word_1_150' title='bbox 1896 740 2025 779; x_wconf 90' lang='lat' dir='ltr'><strong>rens</strong></span> <span class='ocrx_word' id='word_1_151' title='bbox 2089 725 2327 793; x_wconf 85' lang='lat' dir='ltr'><strong>speciem</strong></span> <span class='ocrx_word' id='word_1_152' title='bbox 2391 741 2500 779; x_wconf 87' lang='lat' dir='ltr'><strong>non</strong></span> <span class='ocrx_word' id='word_1_153' title='bbox 2531 726 2666 778; x_wconf 83' lang='lat' dir='ltr'><strong>levis</strong></span> <span class='ocrx_word' id='word_1_154' title='bbox 2720 728 2998 795; x_wconf 88' lang='lat' dir='ltr'><strong>ponderis,</strong></span> <span class='ocrx_word' id='word_1_155' title='bbox 3048 744 3168 797; x_wconf 69' lang='lat' dir='ltr'><strong>qua:</strong></span> <span class='ocrx_word' id='word_1_156' title='bbox 3210 746 3455 798; x_wconf 79' lang='lat' dir='ltr'><strong>quamam</strong></span> 
     </span>
    </p>
   </div>
   <div class='ocr_carea' id='block_1_23' title="bbox 1896 816 3453 888">
    <p class='ocr_par' dir='ltr' id='par_1_23' title="bbox 1896 816 3453 888">
     <span class='ocr_line' id='line_1_23' title="bbox 1896 816 3453 888; baseline 0.003 -18"><span class='ocrx_word' id='word_1_157' title='bbox 1896 824 2041 870; x_wconf 88' lang='lat' dir='ltr'><strong>esset</strong></span> <span class='ocrx_word' id='word_1_158' title='bbox 2067 826 2120 871; x_wconf 91' lang='lat' dir='ltr'><strong>et</strong></span> <span class='ocrx_word' id='word_1_159' title='bbox 2163 816 2332 879; x_wconf 90' lang='lat' dir='ltr'><strong>unde,</strong></span> <span class='ocrx_word' id='word_1_160' title='bbox 2381 823 2437 870; x_wconf 91' lang='lat' dir='ltr'><strong>et</strong></span> <span class='ocrx_word' id='word_1_161' title='bbox 2485 816 2759 884; x_wconf 88' lang='lat' dir='ltr'><strong>quomodo</strong></span> <span class='ocrx_word' id='word_1_162' title='bbox 2805 818 3021 872; x_wconf 86' lang='lat' dir='ltr'><strong>inventa</strong></span> <span class='ocrx_word' id='word_1_163' title='bbox 3078 818 3148 872; x_wconf 91' lang='lat' dir='ltr'><strong>sit</strong></span> <span class='ocrx_word' id='word_1_164' title='bbox 3185 836 3214 873; x_wconf 91' lang='lat' dir='ltr'><strong>a</strong></span> <span class='ocrx_word' id='word_1_165' title='bbox 3246 832 3453 888; x_wconf 86' lang='lat' dir='ltr'><strong>sancto,</strong></span> 
     </span>
    </p>
   </div>
   <div class='ocr_carea' id='block_1_24' title="bbox 1898 907 3458 977">
    <p class='ocr_par' dir='ltr' id='par_1_24' title="bbox 1898 907 3458 977">
     <span class='ocr_line' id='line_1_24' title="bbox 1898 907 3458 977; baseline 0.003 -18"><span class='ocrx_word' id='word_1_166' title='bbox 1898 907 2200 961; x_wconf 75' lang='lat' dir='ltr'><strong>declarabit</strong></span> <span class='ocrx_word' id='word_1_167' title='bbox 2232 908 2397 976; x_wconf 91' lang='lat' dir='ltr'><strong>paulo</strong></span> <span class='ocrx_word' id='word_1_168' title='bbox 2433 916 2553 977; x_wconf 89' lang='lat' dir='ltr'><strong>post</strong></span> <span class='ocrx_word' id='word_1_169' title='bbox 2582 910 2773 961; x_wconf 82' lang='lat' dir='ltr'><strong>oratio.</strong></span> <span class='ocrx_word' id='word_1_170' title='bbox 2807 914 2941 964; x_wconf 86' lang='lat' dir='ltr'><strong>Cum</strong></span> <span class='ocrx_word' id='word_1_171' title='bbox 2976 918 3104 964; x_wconf 90' lang='lat' dir='ltr'><strong>tunc</strong></span> <span class='ocrx_word' id='word_1_172' title='bbox 3131 921 3312 966; x_wconf 87' lang='lat' dir='ltr'><strong>autem</strong></span> <span class='ocrx_word' id='word_1_173' title='bbox 3348 930 3458 967; x_wconf 79' lang='lat' dir='ltr'><strong>ma.</strong></span> 
     </span>
    </p>
   </div>
   <div class='ocr_carea' id='block_1_25' title="bbox 1897 995 3457 1071">
    <p class='ocr_par' dir='ltr' id='par_1_25' title="bbox 1897 995 3457 1071">
     <span class='ocr_line' id='line_1_25' title="bbox 1897 995 3457 1071; baseline 0.004 -21"><span class='ocrx_word' id='word_1_174' title='bbox 1897 1013 2039 1067; x_wconf 91' lang='lat' dir='ltr'><strong>gnus</strong></span> <span class='ocrx_word' id='word_1_175' title='bbox 2070 995 2324 1071; x_wconf 72' lang='lat' dir='ltr'><strong>Spiridun</strong></span> <span class='ocrx_word' id='word_1_176' title='bbox 2354 1013 2471 1052; x_wconf 89' lang='lat' dir='ltr'><strong>eam</strong></span> <span class='ocrx_word' id='word_1_177' title='bbox 2502 999 2819 1053; x_wconf 88' lang='lat' dir='ltr'><strong>immisisset</strong></span> <span class='ocrx_word' id='word_1_178' title='bbox 2853 1001 2905 1052; x_wconf 91' lang='lat' dir='ltr'><strong>in</strong></span> <span class='ocrx_word' id='word_1_179' title='bbox 2941 1016 3131 1055; x_wconf 87' lang='lat' dir='ltr'><strong>manus</strong></span> <span class='ocrx_word' id='word_1_180' title='bbox 3165 1003 3418 1071; x_wconf 90' lang='lat' dir='ltr'><strong>pauperis</strong></span> <span class='ocrx_word' id='word_1_181' title='bbox 3446 1024 3457 1056; x_wconf 82' lang='lat'><strong>:</strong></span> 
     </span>
    </p>
   </div>
   <div class='ocr_carea' id='block_1_26' title="bbox 1898 1090 3462 1166">
    <p class='ocr_par' dir='ltr' id='par_1_26' title="bbox 1898 1090 3462 1166">
     <span class='ocr_line' id='line_1_26' title="bbox 1898 1090 3462 1166; baseline 0.006 -24"><span class='ocrx_word' id='word_1_182' title='bbox 1898 1090 2120 1160; x_wconf 83' lang='lat' dir='ltr'><strong>Accipe,</strong></span> <span class='ocrx_word' id='word_1_183' title='bbox 2156 1090 2354 1160; x_wconf 91' lang='lat' dir='ltr'><strong>inquit,</strong></span> <span class='ocrx_word' id='word_1_184' title='bbox 2389 1102 2594 1147; x_wconf 88' lang='lat' dir='ltr'><strong>etcum</strong></span> <span class='ocrx_word' id='word_1_185' title='bbox 2639 1093 2793 1147; x_wconf 86' lang='lat' dir='ltr'><strong>diviti</strong></span> <span class='ocrx_word' id='word_1_186' title='bbox 2844 1105 3056 1163; x_wconf 81' lang='lat' dir='ltr'><strong>gratum</strong></span> <span class='ocrx_word' id='word_1_187' title='bbox 3114 1095 3217 1155; x_wconf 85' lang='lat' dir='ltr'><strong>hoc</strong></span> <span class='ocrx_word' id='word_1_188' title='bbox 3268 1097 3462 1166; x_wconf 80' lang='lat' dir='ltr'><strong>pignus</strong></span> 
     </span>
    </p>
   </div>
   <div class='ocr_carea' id='block_1_27' title="bbox 1899 1182 3462 1251">
    <p class='ocr_par' dir='ltr' id='par_1_27' title="bbox 1899 1182 3462 1251">
     <span class='ocr_line' id='line_1_27' title="bbox 1899 1182 3462 1251; baseline 0.006 -18"><span class='ocrx_word' id='word_1_189' title='bbox 1899 1182 2223 1250; x_wconf 71' lang='lat' dir='ltr'><strong>praebueris,</strong></span> <span class='ocrx_word' id='word_1_190' title='bbox 2260 1199 2380 1251; x_wconf 76' lang='lat' dir='ltr'><strong>qua:</strong></span> <span class='ocrx_word' id='word_1_191' title='bbox 2420 1184 2515 1238; x_wconf 90' lang='lat' dir='ltr'><strong>tibi</strong></span> <span class='ocrx_word' id='word_1_192' title='bbox 2552 1193 2677 1238; x_wconf 89' lang='lat' dir='ltr'><strong>sunt</strong></span> <span class='ocrx_word' id='word_1_193' title='bbox 2713 1185 3020 1240; x_wconf 81' lang='lat' dir='ltr'><strong>necessaria</strong></span> <span class='ocrx_word' id='word_1_194' title='bbox 3071 1184 3136 1239; x_wconf 87' lang='lat' dir='ltr'><strong>ad</strong></span> <span class='ocrx_word' id='word_1_195' title='bbox 3200 1202 3353 1241; x_wconf 87' lang='lat' dir='ltr'><strong>usum</strong></span> <span class='ocrx_word' id='word_1_196' title='bbox 3393 1188 3462 1249; x_wconf 79' lang='lat' dir='ltr'><strong>ab</strong></span> 
     </span>
    </p>
   </div>
   <div class='ocr_carea' id='block_1_28' title="bbox 1902 1274 3460 1345">
    <p class='ocr_par' dir='ltr' id='par_1_28' title="bbox 1902 1274 3460 1345">
     <span class='ocr_line' id='line_1_28' title="bbox 1902 1274 3460 1345; baseline 0.004 -20"><span class='ocrx_word' id='word_1_197' title='bbox 1902 1286 1969 1325; x_wconf 90' lang='lat' dir='ltr'><strong>co</strong></span> <span class='ocrx_word' id='word_1_198' title='bbox 1996 1274 2205 1341; x_wconf 85' lang='lat' dir='ltr'><strong>accipe.</strong></span> <span class='ocrx_word' id='word_1_199' title='bbox 2242 1274 2354 1327; x_wconf 92' lang='lat' dir='ltr'><strong>lloc</strong></span> <span class='ocrx_word' id='word_1_200' title='bbox 2380 1290 2502 1328; x_wconf 82' lang='lat' dir='ltr'><strong>eum</strong></span> <span class='ocrx_word' id='word_1_201' title='bbox 2532 1277 2832 1344; x_wconf 82' lang='lat' dir='ltr'><strong>accepisset</strong></span> <span class='ocrx_word' id='word_1_202' title='bbox 2857 1292 3084 1345; x_wconf 88' lang='lat' dir='ltr'><strong>pauper,</strong></span> <span class='ocrx_word' id='word_1_203' title='bbox 3121 1275 3330 1331; x_wconf 67' lang='lat' dir='ltr'><strong>lmtatus</strong></span> <span class='ocrx_word' id='word_1_204' title='bbox 3358 1288 3460 1339; x_wconf 88' lang='lat' dir='ltr'><strong>est,</strong></span> 
     </span>
    </p>
   </div>
   <div class='ocr_carea' id='block_1_29' title="bbox 1900 1367 3461 1434">
    <p class='ocr_par' dir='ltr' id='par_1_29' title="bbox 1900 1367 3461 1434">
     <span class='ocr_line' id='line_1_29' title="bbox 1900 1367 3461 1434; baseline 0.002 -16"><span class='ocrx_word' id='word_1_205' title='bbox 1900 1371 1956 1418; x_wconf 90' lang='lat' dir='ltr'><strong>et</strong></span> <span class='ocrx_word' id='word_1_206' title='bbox 1988 1375 2189 1432; x_wconf 89' lang='lat' dir='ltr'><strong>quanta</strong></span> <span class='ocrx_word' id='word_1_207' title='bbox 2236 1367 2469 1421; x_wconf 83' lang='lat' dir='ltr'><strong>maxima</strong></span> <span class='ocrx_word' id='word_1_208' title='bbox 2517 1369 2695 1434; x_wconf 88' lang='lat' dir='ltr'><strong>potuit</strong></span> <span class='ocrx_word' id='word_1_209' title='bbox 2738 1369 3018 1422; x_wconf 83' lang='lat' dir='ltr'><strong>celeritate</strong></span> <span class='ocrx_word' id='word_1_210' title='bbox 3066 1370 3352 1423; x_wconf 86' lang='lat' dir='ltr'><strong>contendit</strong></span> <span class='ocrx_word' id='word_1_211' title='bbox 3397 1372 3461 1423; x_wconf 83' lang='lat' dir='ltr'><strong>ad</strong></span> 
     </span>
    </p>
   </div>
   <div class='ocr_carea' id='block_1_30' title="bbox 1903 1458 3460 1528">
    <p class='ocr_par' dir='ltr' id='par_1_30' title="bbox 1903 1458 3460 1528">
     <span class='ocr_line' id='line_1_30' title="bbox 1903 1458 3460 1528; baseline -0.001 -16"><span class='ocrx_word' id='word_1_212' title='bbox 1903 1458 2153 1518; x_wconf 79' lang='lat' dir='ltr'><strong>divitem.</strong></span> <span class='ocrx_word' id='word_1_213' title='bbox 2187 1459 2396 1512; x_wconf 82' lang='lat' dir='ltr'><strong>Deinde</strong></span> <span class='ocrx_word' id='word_1_214' title='bbox 2431 1474 2554 1512; x_wconf 89' lang='lat' dir='ltr'><strong>cum</strong></span> <span class='ocrx_word' id='word_1_215' title='bbox 2591 1458 2819 1511; x_wconf 83' lang='lat' dir='ltr'><strong>vidisset</strong></span> <span class='ocrx_word' id='word_1_216' title='bbox 2868 1458 2957 1511; x_wconf 88' lang='lat' dir='ltr'><strong>ille</strong></span> <span class='ocrx_word' id='word_1_217' title='bbox 2993 1458 3043 1513; x_wconf 89' lang='lat' dir='ltr'><strong>id</strong></span> <span class='ocrx_word' id='word_1_218' title='bbox 3078 1461 3221 1528; x_wconf 88' lang='lat' dir='ltr'><strong>quod</strong></span> <span class='ocrx_word' id='word_1_219' title='bbox 3253 1468 3373 1513; x_wconf 87' lang='lat' dir='ltr'><strong>erat</strong></span> <span class='ocrx_word' id='word_1_220' title='bbox 3406 1459 3460 1519; x_wconf 83' lang='lat' dir='ltr'><strong>in</strong></span> 
     </span>
    </p>
   </div>
   <div class='ocr_carea' id='block_1_31' title="bbox 1902 1550 3461 1621">
    <p class='ocr_par' dir='ltr' id='par_1_31' title="bbox 1902 1550 3461 1621">
     <span class='ocr_line' id='line_1_31' title="bbox 1902 1550 3461 1621; baseline -0.002 -13"><span class='ocrx_word' id='word_1_221' title='bbox 1902 1553 2173 1615; x_wconf 76' lang='lat' dir='ltr'><strong>manilius,</strong></span> <span class='ocrx_word' id='word_1_222' title='bbox 2200 1552 2291 1621; x_wconf 90' lang='lat' dir='ltr'><strong>qui</strong></span> <span class='ocrx_word' id='word_1_223' title='bbox 2326 1551 2487 1620; x_wconf 91' lang='lat' dir='ltr'><strong>paulo</strong></span> <span class='ocrx_word' id='word_1_224' title='bbox 2510 1558 2635 1604; x_wconf 87' lang='lat' dir='ltr'><strong>ante</strong></span> <span class='ocrx_word' id='word_1_225' title='bbox 2659 1560 2775 1604; x_wconf 90' lang='lat' dir='ltr'><strong>erat</strong></span> <span class='ocrx_word' id='word_1_226' title='bbox 2806 1551 2979 1604; x_wconf 89' lang='lat' dir='ltr'><strong>durus</strong></span> <span class='ocrx_word' id='word_1_227' title='bbox 3000 1559 3057 1604; x_wconf 91' lang='lat' dir='ltr'><strong>et</strong></span> <span class='ocrx_word' id='word_1_228' title='bbox 3090 1550 3461 1614; x_wconf 76' lang='lat' dir='ltr'><strong>inexorabilis,</strong></span> 
     </span>
    </p>
   </div>
   <div class='ocr_carea' id='block_1_32' title="bbox 1902 1640 3461 1712">
    <p class='ocr_par' dir='ltr' id='par_1_32' title="bbox 1902 1640 3461 1712">
     <span class='ocr_line' id='line_1_32' title="bbox 1902 1640 3461 1712; baseline -0.003 -14"><span class='ocrx_word' id='word_1_229' title='bbox 1902 1655 1958 1699; x_wconf 89' lang='lat' dir='ltr'><strong>et</strong></span> <span class='ocrx_word' id='word_1_230' title='bbox 1986 1644 2142 1712; x_wconf 83' lang='lat' dir='ltr'><strong>cujus</strong></span> <span class='ocrx_word' id='word_1_231' title='bbox 2166 1658 2328 1697; x_wconf 81' lang='lat' dir='ltr'><strong>aures</strong></span> <span class='ocrx_word' id='word_1_232' title='bbox 2353 1643 2419 1696; x_wconf 92' lang='lat' dir='ltr'><strong>ad</strong></span> <span class='ocrx_word' id='word_1_233' title='bbox 2449 1658 2641 1710; x_wconf 89' lang='lat' dir='ltr'><strong>preces</strong></span> <span class='ocrx_word' id='word_1_234' title='bbox 2672 1642 3095 1704; x_wconf 87' lang='lat' dir='ltr'><strong>obsurduerant,</strong></span> <span class='ocrx_word' id='word_1_235' title='bbox 3126 1642 3307 1696; x_wconf 89' lang='lat' dir='ltr'><strong>statim</strong></span> <span class='ocrx_word' id='word_1_236' title='bbox 3334 1640 3461 1695; x_wconf 82' lang='lat' dir='ltr'><strong>ﬂee-</strong></span> 
     </span>
    </p>
   </div>
   <div class='ocr_carea' id='block_1_33' title="bbox 1906 1733 3463 1803">
    <p class='ocr_par' dir='ltr' id='par_1_33' title="bbox 1906 1733 3463 1803">
     <span class='ocr_line' id='line_1_33' title="bbox 1906 1733 3463 1803; baseline -0.001 -14"><span class='ocrx_word' id='word_1_237' title='bbox 1906 1736 2041 1790; x_wconf 88' lang='lat' dir='ltr'><strong>titur</strong></span> <span class='ocrx_word' id='word_1_238' title='bbox 2067 1736 2135 1789; x_wconf 90' lang='lat' dir='ltr'><strong>ab</strong></span> <span class='ocrx_word' id='word_1_239' title='bbox 2184 1734 2383 1800; x_wconf 89' lang='lat' dir='ltr'><strong>oculis,</strong></span> <span class='ocrx_word' id='word_1_240' title='bbox 2434 1734 2723 1801; x_wconf 79' lang='lat' dir='ltr'><strong>evaditque</strong></span> <span class='ocrx_word' id='word_1_241' title='bbox 2750 1733 3019 1803; x_wconf 75' lang='lat' dir='ltr'><strong>iucundus</strong></span> <span class='ocrx_word' id='word_1_242' title='bbox 3059 1740 3113 1785; x_wconf 89' lang='lat' dir='ltr'><strong>et</strong></span> <span class='ocrx_word' id='word_1_243' title='bbox 3159 1734 3463 1801; x_wconf 81' lang='lat' dir='ltr'><strong>benignus;</strong></span> 
     </span>
    </p>
   </div>
   <div class='ocr_carea' id='block_1_34' title="bbox 222 1815 1841 1905">
    <p class='ocr_par' dir='ltr' id='par_1_34' title="bbox 222 1815 1841 1905">
     <span class='ocr_line' id='line_1_34' title="bbox 222 1815 1841 1905; baseline -0.002 -17"><span class='ocrx_word' id='word_1_244' title='bbox 222 1836 538 1905; x_wconf 77' lang='grc' dir='ltr'>ἅνθρωπος.</span> <span class='ocrx_word' id='word_1_245' title='bbox 590 1837 834 1889; x_wconf 82' lang='grc' dir='ltr'>Κάκεῖνο</span> <span class='ocrx_word' id='word_1_246' title='bbox 862 1834 1088 1899; x_wconf 89' lang='grc' dir='ltr'>λαϐὼν,</span> <span class='ocrx_word' id='word_1_247' title='bbox 1124 1834 1267 1886; x_wconf 81' lang='grc' dir='ltr'>οὕτω</span> <span class='ocrx_word' id='word_1_248' title='bbox 1312 1834 1405 1886; x_wconf 79' lang='grc' dir='ltr'><strong>τοῦ</strong></span> <span class='ocrx_word' id='word_1_249' title='bbox 1456 1834 1606 1887; x_wconf 82' lang='grc' dir='ltr'><strong>σίτου</strong></span> <span class='ocrx_word' id='word_1_250' title='bbox 1647 1832 1797 1901; x_wconf 78' lang='grc' dir='ltr'>δαψι-</span> <span class='ocrx_word' id='word_1_251' title='bbox 1828 1815 1841 1874; x_wconf 74' lang='grc' dir='ltr'>Ῑ</span> 
     </span>
    </p>
   </div>
   <div class='ocr_carea' id='block_1_35' title="bbox 1860 1815 3466 1905">
    <p class='ocr_par' dir='ltr' id='par_1_35' title="bbox 1860 1817 3466 1896">
     <span class='ocr_line' id='line_1_35' title="bbox 1860 1817 3466 1896; baseline -0.002 -14"><span class='ocrx_word' id='word_1_252' title='bbox 1860 1817 1873 1872; x_wconf 67' lang='grc' dir='ltr'>ι</span> <span class='ocrx_word' id='word_1_253' title='bbox 1903 1842 2138 1896; x_wconf 88' lang='lat' dir='ltr'><strong>cumque</strong></span> <span class='ocrx_word' id='word_1_254' title='bbox 2176 1826 2227 1881; x_wconf 90' lang='lat' dir='ltr'><strong>id</strong></span> <span class='ocrx_word' id='word_1_255' title='bbox 2263 1827 2587 1895; x_wconf 83' lang='lat' dir='ltr'><strong>accepisset,</strong></span> <span class='ocrx_word' id='word_1_256' title='bbox 2622 1842 2746 1879; x_wconf 92' lang='lat' dir='ltr'><strong>eum</strong></span> <span class='ocrx_word' id='word_1_257' title='bbox 2779 1835 2884 1880; x_wconf 90' lang='lat' dir='ltr'><strong>tam</strong></span> <span class='ocrx_word' id='word_1_258' title='bbox 2922 1826 3146 1894; x_wconf 86' lang='lat' dir='ltr'><strong>copioso</strong></span> <span class='ocrx_word' id='word_1_259' title='bbox 3193 1826 3466 1879; x_wconf 78' lang='lat' dir='ltr'><strong>frumento</strong></span> 
     </span>
    </p>
   </div>
   <div class='ocr_carea' id='block_1_36' title="bbox 225 1922 1796 1995">
    <p class='ocr_par' dir='ltr' id='par_1_36' title="bbox 225 1922 1796 1995">
     <span class='ocr_line' id='line_1_36' title="bbox 225 1922 1796 1995; baseline 0 -21"><span class='ocrx_word' id='word_1_260' title='bbox 225 1923 333 1987; x_wconf 82' lang='grc' dir='ltr'>λῶς</span> <span class='ocrx_word' id='word_1_261' title='bbox 368 1923 750 1992; x_wconf 75' lang='grc' dir='ltr'>μεταδίδωσιν,</span> <span class='ocrx_word' id='word_1_262' title='bbox 786 1924 863 1987; x_wconf 83' lang='grc' dir='ltr'>ὼς</span> <span class='ocrx_word' id='word_1_263' title='bbox 893 1925 989 1977; x_wconf 74' lang='grc' dir='ltr'>καὶ</span> <span class='ocrx_word' id='word_1_264' title='bbox 1019 1924 1117 1995; x_wconf 89' lang='grc' dir='ltr'><strong>τὴν</strong></span> <span class='ocrx_word' id='word_1_265' title='bbox 1148 1926 1331 1976; x_wconf 75' lang='grc' dir='ltr'>οἰκίαν</span> <span class='ocrx_word' id='word_1_266' title='bbox 1362 1922 1529 1975; x_wconf 78' lang='grc' dir='ltr'>αὐτοῦ</span> <span class='ocrx_word' id='word_1_267' title='bbox 1571 1923 1796 1993; x_wconf 81' lang='grc' dir='ltr'>πληρῶ-</span> 
     </span>
    </p>
   </div>
   <div class='ocr_carea' id='block_1_37' title="bbox 228 2008 1801 2084">
    <p class='ocr_par' dir='ltr' id='par_1_37' title="bbox 228 2008 1801 2084">
     <span class='ocr_line' id='line_1_37' title="bbox 228 2008 1801 2084; baseline 0 -17"><span class='ocrx_word' id='word_1_268' title='bbox 228 2031 342 2079; x_wconf 85' lang='grc' dir='ltr'>σαι,</span> <span class='ocrx_word' id='word_1_269' title='bbox 402 2019 498 2068; x_wconf 77' lang='grc' dir='ltr'>καὶ</span> <span class='ocrx_word' id='word_1_270' title='bbox 553 2014 691 2084; x_wconf 83' lang='grc' dir='ltr'>πρὸς</span> <span class='ocrx_word' id='word_1_271' title='bbox 747 2015 1085 2083; x_wconf 79' lang='grc' dir='ltr'><strong>σπερμάτων</strong></span> <span class='ocrx_word' id='word_1_272' title='bbox 1156 2012 1466 2083; x_wconf 86' lang='grc' dir='ltr'>καταϐολὴν</span> <span class='ocrx_word' id='word_1_273' title='bbox 1516 2008 1604 2076; x_wconf 85' lang='grc' dir='ltr'>αἷς</span> <span class='ocrx_word' id='word_1_274' title='bbox 1655 2011 1801 2083; x_wconf 80' lang='grc' dir='ltr'>εἶχεν</span> 
     </span>
    </p>
   </div>
   <div class='ocr_carea' id='block_1_38' title="bbox 226 2103 1800 2175">
    <p class='ocr_par' dir='ltr' id='par_1_38' title="bbox 226 2103 1800 2175">
     <span class='ocr_line' id='line_1_38' title="bbox 226 2103 1800 2175; baseline -0.004 -16"><span class='ocrx_word' id='word_1_275' title='bbox 226 2106 500 2175; x_wconf 82' lang='grc' dir='ltr'><strong>ἀρούραις</strong></span> <span class='ocrx_word' id='word_1_276' title='bbox 544 2105 607 2158; x_wconf 75' lang='grc' dir='ltr'><strong>τὸ</strong></span> <span class='ocrx_word' id='word_1_277' title='bbox 640 2105 793 2157; x_wconf 72' lang='grc' dir='ltr'>δοθὲν</span> <span class='ocrx_word' id='word_1_278' title='bbox 827 2106 1085 2174; x_wconf 80' lang='grc' dir='ltr'><strong>ἀρκέσαι,</strong></span> <span class='ocrx_word' id='word_1_279' title='bbox 1116 2105 1258 2158; x_wconf 77' lang='grc' dir='ltr'>οὓτω</span> <span class='ocrx_word' id='word_1_280' title='bbox 1293 2121 1351 2157; x_wconf 84' lang='grc' dir='ltr'><strong>τε</strong></span> <span class='ocrx_word' id='word_1_281' title='bbox 1396 2104 1665 2174; x_wconf 78' lang='grc' dir='ltr'>πολύχουν</span> <span class='ocrx_word' id='word_1_282' title='bbox 1708 2103 1800 2154; x_wconf 76' lang='grc' dir='ltr'><strong>τὸν</strong></span> 
     </span>
    </p>
   </div>
   <div class='ocr_carea' id='block_1_39' title="bbox 229 2194 1801 2268">
    <p class='ocr_par' dir='ltr' id='par_1_39' title="bbox 229 2194 1801 2268">
     <span class='ocr_line' id='line_1_39' title="bbox 229 2194 1801 2268; baseline -0.003 -17"><span class='ocrx_word' id='word_1_283' title='bbox 229 2196 648 2265; x_wconf 78' lang='grc' dir='ltr'>καταϐληθέντα</span> <span class='ocrx_word' id='word_1_284' title='bbox 686 2196 966 2265; x_wconf 76' lang='grc' dir='ltr'>γενέσθαι,</span> <span class='ocrx_word' id='word_1_285' title='bbox 998 2198 1233 2268; x_wconf 78' lang='grc' dir='ltr'>καρπὸν,</span> <span class='ocrx_word' id='word_1_286' title='bbox 1255 2198 1393 2251; x_wconf 82' lang='grc' dir='ltr'>ὥστε</span> <span class='ocrx_word' id='word_1_287' title='bbox 1428 2197 1525 2249; x_wconf 83' lang='grc' dir='ltr'>καὶ</span> <span class='ocrx_word' id='word_1_288' title='bbox 1557 2196 1616 2248; x_wconf 86' lang='grc' dir='ltr'>τὸ</span> <span class='ocrx_word' id='word_1_289' title='bbox 1643 2194 1801 2264; x_wconf 79' lang='grc' dir='ltr'>χρέος</span> 
     </span>
    </p>
   </div>
   <div class='ocr_carea' id='block_1_40' title="bbox 227 2286 1803 2364">
    <p class='ocr_par' dir='ltr' id='par_1_40' title="bbox 227 2286 1803 2364">
     <span class='ocr_line' id='line_1_40' title="bbox 227 2286 1803 2364; baseline -0.004 -20"><span class='ocrx_word' id='word_1_290' title='bbox 227 2292 614 2364; x_wconf 71' lang='grc' dir='ltr'><strong>ἀπομετρῆσαι</strong></span> <span class='ocrx_word' id='word_1_291' title='bbox 642 2289 720 2359; x_wconf 81' lang='grc' dir='ltr'>τῷ</span> <span class='ocrx_word' id='word_1_292' title='bbox 744 2289 1028 2352; x_wconf 80' lang='grc' dir='ltr'><strong>δεδωκότι,</strong></span> <span class='ocrx_word' id='word_1_293' title='bbox 1054 2290 1145 2340; x_wconf 76' lang='grc' dir='ltr'><strong>τὸν</strong></span> <span class='ocrx_word' id='word_1_294' title='bbox 1177 2290 1256 2348; x_wconf 82' lang='grc' dir='ltr'><strong>είς</strong></span> <span class='ocrx_word' id='word_1_295' title='bbox 1287 2286 1550 2357; x_wconf 73' lang='grc' dir='ltr'>ἐνέχυρόν</span> <span class='ocrx_word' id='word_1_296' title='bbox 1578 2303 1638 2338; x_wconf 90' lang='grc' dir='ltr'><strong>τε</strong></span> <span class='ocrx_word' id='word_1_297' title='bbox 1667 2302 1803 2355; x_wconf 86' lang='grc' dir='ltr'>χρυ-</span> 
     </span>
    </p>
   </div>
   <div class='ocr_carea' id='block_1_41' title="bbox 234 2374 1804 2448">
    <p class='ocr_par' dir='ltr' id='par_1_41' title="bbox 234 2374 1804 2448">
     <span class='ocr_line' id='line_1_41' title="bbox 234 2374 1804 2448; baseline -0.005 -13"><span class='ocrx_word' id='word_1_298' title='bbox 234 2384 328 2435; x_wconf 74' lang='grc' dir='ltr'>σὸν</span> <span class='ocrx_word' id='word_1_299' title='bbox 357 2382 569 2436; x_wconf 68' lang='grc' dir='ltr'>ἐκεῖθεν</span> <span class='ocrx_word' id='word_1_300' title='bbox 600 2380 915 2445; x_wconf 84' lang='grc' dir='ltr'>ἀναλαϐεῖν,</span> <span class='ocrx_word' id='word_1_301' title='bbox 965 2381 1056 2432; x_wconf 77' lang='grc' dir='ltr'>καὶ</span> <span class='ocrx_word' id='word_1_302' title='bbox 1090 2378 1167 2448; x_wconf 84' lang='grc' dir='ltr'>τῷ</span> <span class='ocrx_word' id='word_1_303' title='bbox 1203 2378 1342 2448; x_wconf 84' lang='grc' dir='ltr'>άγίῳ</span> <span class='ocrx_word' id='word_1_304' title='bbox 1388 2374 1548 2441; x_wconf 77' lang='grc' dir='ltr'>αὖθις</span> <span class='ocrx_word' id='word_1_305' title='bbox 1601 2378 1804 2445; x_wconf 74' lang='grc' dir='ltr'>εύγνωο</span> 
     </span>
    </p>
   </div>
   <div class='ocr_carea' id='block_1_42' title="bbox 233 2478 855 2546">
    <p class='ocr_par' dir='ltr' id='par_1_42' title="bbox 233 2478 855 2546">
     <span class='ocr_line' id='line_1_42' title="bbox 233 2478 855 2546; baseline 0.003 -18"><span class='ocrx_word' id='word_1_306' title='bbox 233 2478 413 2543; x_wconf 82' lang='grc' dir='ltr'>μόνως</span> <span class='ocrx_word' id='word_1_307' title='bbox 444 2479 855 2546; x_wconf 79' lang='grc' dir='ltr'>προσενεγκεῖν.</span> 
     </span>
    </p>
   </div>
   <div class='ocr_carea' id='block_1_43' title="bbox 306 2564 1805 2639">
    <p class='ocr_par' dir='ltr' id='par_1_43' title="bbox 306 2564 1805 2639">
     <span class='ocr_line' id='line_1_43' title="bbox 306 2564 1805 2639; baseline -0.003 -18"><span class='ocrx_word' id='word_1_308' title='bbox 306 2570 387 2621; x_wconf 85' lang='lat' dir='ltr'><strong>H&#39;.</strong></span> <span class='ocrx_word' id='word_1_309' title='bbox 429 2569 565 2620; x_wconf 81' lang='grc' dir='ltr'>Ἀλλ’</span> <span class='ocrx_word' id='word_1_310' title='bbox 597 2572 625 2622; x_wconf 91' lang='lat'><strong>6</strong></span> <span class='ocrx_word' id='word_1_311' title='bbox 656 2569 754 2637; x_wconf 77' lang='grc' dir='ltr'><strong>μὲν</strong></span> <span class='ocrx_word' id='word_1_312' title='bbox 787 2570 981 2633; x_wconf 72' lang='grc' dir='ltr'>πένης,</span> <span class='ocrx_word' id='word_1_313' title='bbox 1018 2569 1116 2636; x_wconf 87' lang='grc' dir='ltr'><strong>τὴν</strong></span> <span class='ocrx_word' id='word_1_314' title='bbox 1147 2565 1373 2639; x_wconf 72' lang='grc' dir='ltr'>ὀφειλὴν</span> <span class='ocrx_word' id='word_1_315' title='bbox 1410 2564 1619 2631; x_wconf 61' lang='grc' dir='ltr'>οὕτως·</span> <span class='ocrx_word' id='word_1_316' title='bbox 1682 2564 1805 2632; x_wconf 74' lang='grc' dir='ltr'>βού-</span> 
     </span>
    </p>
   </div>
   <div class='ocr_carea' id='block_1_44' title="bbox 233 2659 1803 2731">
    <p class='ocr_par' dir='ltr' id='par_1_44' title="bbox 233 2659 1803 2731">
     <span class='ocr_line' id='line_1_44' title="bbox 233 2659 1803 2731; baseline 0 -18"><span class='ocrx_word' id='word_1_317' title='bbox 233 2662 392 2715; x_wconf 79' lang='grc' dir='ltr'>λεται</span> <span class='ocrx_word' id='word_1_318' title='bbox 414 2662 469 2713; x_wconf 73' lang='grc' dir='ltr'>δὲ</span> <span class='ocrx_word' id='word_1_319' title='bbox 499 2661 593 2715; x_wconf 76' lang='grc' dir='ltr'>καὶ</span> <span class='ocrx_word' id='word_1_320' title='bbox 620 2663 646 2713; x_wconf 90' lang='lat'><strong>6</strong></span> <span class='ocrx_word' id='word_1_321' title='bbox 680 2661 841 2728; x_wconf 86' lang='grc' dir='ltr'>λόγος</span> <span class='ocrx_word' id='word_1_322' title='bbox 872 2660 931 2714; x_wconf 84' lang='grc' dir='ltr'>τὸ</span> <span class='ocrx_word' id='word_1_323' title='bbox 968 2659 1171 2714; x_wconf 81' lang='grc' dir='ltr'>ἑαυτοῦ</span> <span class='ocrx_word' id='word_1_324' title='bbox 1227 2660 1388 2731; x_wconf 79' lang='grc' dir='ltr'>χρέος</span> <span class='ocrx_word' id='word_1_325' title='bbox 1444 2659 1803 2725; x_wconf 88' lang='grc' dir='ltr'>καταϐαλεῖν,</span> 
     </span>
    </p>
   </div>
   <div class='ocr_carea' id='block_1_45' title="bbox 237 2752 1809 2823">
    <p class='ocr_par' dir='ltr' id='par_1_45' title="bbox 237 2752 1809 2823">
     <span class='ocr_line' id='line_1_45' title="bbox 237 2752 1809 2823; baseline 0.001 -19"><span class='ocrx_word' id='word_1_326' title='bbox 237 2758 334 2805; x_wconf 69' lang='grc' dir='ltr'>καὶ</span> <span class='ocrx_word' id='word_1_327' title='bbox 358 2753 637 2821; x_wconf 84' lang='grc' dir='ltr'>γνωρίσας</span> <span class='ocrx_word' id='word_1_328' title='bbox 667 2752 695 2805; x_wconf 87' lang='grc' dir='ltr'>ὃ</span> <span class='ocrx_word' id='word_1_329' title='bbox 720 2754 1111 2821; x_wconf 78' lang='grc' dir='ltr'>ἐπηγγείλατο,</span> <span class='ocrx_word' id='word_1_330' title='bbox 1143 2756 1196 2805; x_wconf 90' lang='grc' dir='ltr'><strong>τί</strong></span> <span class='ocrx_word' id='word_1_331' title='bbox 1228 2769 1285 2805; x_wconf 83' lang='grc' dir='ltr'><strong>τε</strong></span> <span class='ocrx_word' id='word_1_332' title='bbox 1308 2754 1337 2805; x_wconf 87' lang='lat'><strong>6</strong></span> <span class='ocrx_word' id='word_1_333' title='bbox 1365 2752 1571 2823; x_wconf 85' lang='grc' dir='ltr'>χρυσὸς</span> <span class='ocrx_word' id='word_1_334' title='bbox 1607 2770 1809 2822; x_wconf 65' lang='lat' dir='ltr'><strong>upon-</strong></span> 
     </span>
    </p>
   </div>
   <div class='ocr_carea' id='block_1_46' title="bbox 241 2840 1810 2916">
    <p class='ocr_par' dir='ltr' id='par_1_46' title="bbox 241 2840 1810 2916">
     <span class='ocr_line' id='line_1_46' title="bbox 241 2840 1810 2916; baseline 0.001 -21"><span class='ocrx_word' id='word_1_335' title='bbox 241 2862 332 2914; x_wconf 85' lang='grc' dir='ltr'><strong>ρον</strong></span> <span class='ocrx_word' id='word_1_336' title='bbox 364 2840 455 2916; x_wconf 79' lang='grc' dir='ltr'>ἦν,</span> <span class='ocrx_word' id='word_1_337' title='bbox 492 2844 585 2896; x_wconf 77' lang='grc' dir='ltr'>καὶ</span> <span class='ocrx_word' id='word_1_338' title='bbox 609 2846 735 2897; x_wconf 80' lang='grc' dir='ltr'>ὅθεν</span> <span class='ocrx_word' id='word_1_339' title='bbox 763 2847 1048 2915; x_wconf 75' lang='grc' dir='ltr'>εἴληπται.</span> <span class='ocrx_word' id='word_1_340' title='bbox 1088 2845 1406 2899; x_wconf 80' lang='grc' dir='ltr'>’Δπολαϐών</span> <span class='ocrx_word' id='word_1_341' title='bbox 1443 2847 1552 2915; x_wconf 90' lang='grc' dir='ltr'><strong>γάρ</strong></span> <span class='ocrx_word' id='word_1_342' title='bbox 1596 2849 1623 2899; x_wconf 91' lang='lat'><strong>6</strong></span> <span class='ocrx_word' id='word_1_343' title='bbox 1666 2848 1810 2910; x_wconf 85' lang='grc' dir='ltr'>ὅσιος</span> 
     </span>
    </p>
   </div>
   <div class='ocr_carea' id='block_1_47' title="bbox 235 2935 1813 3008">
    <p class='ocr_par' dir='ltr' id='par_1_47' title="bbox 235 2935 1813 3008">
     <span class='ocr_line' id='line_1_47' title="bbox 235 2935 1813 3008; baseline -0.003 -17"><span class='ocrx_word' id='word_1_344' title='bbox 235 2938 299 2992; x_wconf 79' lang='grc' dir='ltr'>τὸ</span> <span class='ocrx_word' id='word_1_345' title='bbox 326 2936 499 2999; x_wconf 78' lang='grc' dir='ltr'>δοθὲν,</span> <span class='ocrx_word' id='word_1_346' title='bbox 542 2935 736 3006; x_wconf 77' lang='grc' dir='ltr'>Δεῦρο,</span> <span class='ocrx_word' id='word_1_347' title='bbox 771 2936 960 3006; x_wconf 80' lang='grc' dir='ltr'>φησὶν,</span> <span class='ocrx_word' id='word_1_348' title='bbox 1010 2936 1237 3007; x_wconf 75' lang='grc' dir='ltr'>ἀδελφὲ,</span> <span class='ocrx_word' id='word_1_349' title='bbox 1270 2937 1407 3008; x_wconf 84' lang='grc' dir='ltr'>πρὸς</span> <span class='ocrx_word' id='word_1_350' title='bbox 1447 2936 1540 2989; x_wconf 80' lang='grc' dir='ltr'>τὸν</span> <span class='ocrx_word' id='word_1_351' title='bbox 1578 2938 1813 3008; x_wconf 79' lang='grc' dir='ltr'>πένητα,</span> 
     </span>
    </p>
   </div>
   <div class='ocr_carea' id='block_1_48' title="bbox 240 3029 1811 3101">
    <p class='ocr_par' dir='ltr' id='par_1_48' title="bbox 240 3029 1811 3101">
     <span class='ocr_line' id='line_1_48' title="bbox 240 3029 1811 3101; baseline -0.003 -18"><span class='ocrx_word' id='word_1_352' title='bbox 240 3031 336 3083; x_wconf 79' lang='grc' dir='ltr'>καὶ</span> <span class='ocrx_word' id='word_1_353' title='bbox 386 3030 678 3097; x_wconf 82' lang='grc' dir='ltr'>ἀποδῶμεν</span> <span class='ocrx_word' id='word_1_354' title='bbox 722 3033 875 3098; x_wconf 86' lang='grc' dir='ltr'>κοινῇ</span> <span class='ocrx_word' id='word_1_355' title='bbox 930 3029 1007 3099; x_wconf 81' lang='grc' dir='ltr'>τῷ</span> <span class='ocrx_word' id='word_1_356' title='bbox 1051 3030 1452 3100; x_wconf 83' lang='grc' dir='ltr'>φιλανθρώπως</span> <span class='ocrx_word' id='word_1_357' title='bbox 1491 3031 1628 3083; x_wconf 79' lang='grc' dir='ltr'>αὐτὸ</span> <span class='ocrx_word' id='word_1_358' title='bbox 1674 3033 1811 3101; x_wconf 82' lang='grc' dir='ltr'>χρή-</span> 
     </span>
    </p>
   </div>
   <div class='ocr_carea' id='block_1_49' title="bbox 242 3120 1811 3192">
    <p class='ocr_par' dir='ltr' id='par_1_49' title="bbox 242 3120 1811 3192">
     <span class='ocr_line' id='line_1_49' title="bbox 242 3120 1811 3192; baseline 0.004 -22"><span class='ocrx_word' id='word_1_359' title='bbox 242 3136 428 3173; x_wconf 71' lang='grc' dir='ltr'>σαντι.</span> <span class='ocrx_word' id='word_1_360' title='bbox 463 3120 651 3181; x_wconf 81' lang='grc' dir='ltr'>Οὕτως</span> <span class='ocrx_word' id='word_1_361' title='bbox 675 3120 800 3189; x_wconf 70' lang='grc' dir='ltr'>ἔφη,</span> <span class='ocrx_word' id='word_1_362' title='bbox 853 3121 950 3173; x_wconf 54' lang='grc' dir='ltr'><strong>καλ¹</strong></span> <span class='ocrx_word' id='word_1_363' title='bbox 979 3120 1165 3174; x_wconf 86' lang='grc' dir='ltr'>λαϐὼν</span> <span class='ocrx_word' id='word_1_364' title='bbox 1196 3121 1383 3189; x_wconf 81' lang='grc' dir='ltr'>αὑτὸν,</span> <span class='ocrx_word' id='word_1_365' title='bbox 1418 3122 1543 3190; x_wconf 81' lang='grc' dir='ltr'>άγει</span> <span class='ocrx_word' id='word_1_366' title='bbox 1575 3124 1724 3192; x_wconf 73' lang='grc' dir='ltr'>παρά</span> <span class='ocrx_word' id='word_1_367' title='bbox 1759 3140 1811 3176; x_wconf 93' lang='grc' dir='ltr'><strong>τι</strong></span> 
     </span>
    </p>
   </div>
   <div class='ocr_carea' id='block_1_50' title="bbox 244 3210 1808 3289">
    <p class='ocr_par' dir='ltr' id='par_1_50' title="bbox 244 3210 1808 3289">
     <span class='ocr_line' id='line_1_50' title="bbox 244 3210 1808 3289; baseline 0.004 -24"><span class='ocrx_word' id='word_1_368' title='bbox 244 3214 467 3283; x_wconf 78' lang='grc' dir='ltr'>κηπίον,</span> <span class='ocrx_word' id='word_1_369' title='bbox 505 3214 644 3285; x_wconf 82' lang='grc' dir='ltr'>ὅπερ</span> <span class='ocrx_word' id='word_1_370' title='bbox 668 3210 737 3285; x_wconf 85' lang='grc' dir='ltr'>ἦν</span> <span class='ocrx_word' id='word_1_371' title='bbox 777 3214 854 3285; x_wconf 78' lang='grc' dir='ltr'>τῷ</span> <span class='ocrx_word' id='word_1_372' title='bbox 885 3218 1109 3285; x_wconf 85' lang='grc' dir='ltr'>μεγάλῳ</span> <span class='ocrx_word' id='word_1_373' title='bbox 1160 3219 1379 3289; x_wconf 81' lang='grc' dir='ltr'>μικροῖς</span> <span class='ocrx_word' id='word_1_374' title='bbox 1418 3219 1675 3289; x_wconf 77' lang='grc' dir='ltr'>λαχάνοις</span> <span class='ocrx_word' id='word_1_375' title='bbox 1709 3220 1808 3288; x_wconf 90' lang='grc' dir='ltr'><strong>τὴν</strong></span> 
     </span>
    </p>
   </div>
   <div class='ocr_carea' id='block_1_51' title="bbox 242 3307 1809 3381">
    <p class='ocr_par' dir='ltr' id='par_1_51' title="bbox 242 3307 1809 3381">
     <span class='ocr_line' id='line_1_51' title="bbox 242 3307 1809 3381; baseline 0.004 -24"><span class='ocrx_word' id='word_1_376' title='bbox 242 3307 462 3359; x_wconf 81' lang='grc' dir='ltr'>ἀσιτίαν</span> <span class='ocrx_word' id='word_1_377' title='bbox 492 3308 986 3377; x_wconf 75' lang='grc' dir='ltr'>παραμυθούμενον</span> <span class='ocrx_word' id='word_1_378' title='bbox 1018 3346 1033 3363; x_wconf 91' lang='grc'><strong>.</strong></span> <span class='ocrx_word' id='word_1_379' title='bbox 1077 3310 1186 3362; x_wconf 79' lang='grc' dir='ltr'><strong>Καὶ</strong></span> <span class='ocrx_word' id='word_1_380' title='bbox 1237 3311 1366 3374; x_wconf 88' lang='grc' dir='ltr'>στάς</span> <span class='ocrx_word' id='word_1_381' title='bbox 1407 3312 1540 3381; x_wconf 82' lang='grc' dir='ltr'>παρ’</span> <span class='ocrx_word' id='word_1_382' title='bbox 1576 3313 1707 3364; x_wconf 78' lang='grc' dir='ltr'>αὐτὸ</span> <span class='ocrx_word' id='word_1_383' title='bbox 1743 3312 1809 3381; x_wconf 90' lang='grc' dir='ltr'><strong>δὴ</strong></span> 
     </span>
    </p>
   </div>
   <div class='ocr_carea' id='block_1_52' title="bbox 240 3398 1811 3470">
    <p class='ocr_par' dir='ltr' id='par_1_52' title="bbox 240 3398 1811 3470">
     <span class='ocr_line' id='line_1_52' title="bbox 240 3398 1811 3470; baseline 0.001 -19"><span class='ocrx_word' id='word_1_384' title='bbox 240 3399 301 3451; x_wconf 74' lang='grc' dir='ltr'>τὸ</span> <span class='ocrx_word' id='word_1_385' title='bbox 324 3399 575 3469; x_wconf 75' lang='grc' dir='ltr'>θριγκίον</span> <span class='ocrx_word' id='word_1_386' title='bbox 604 3399 699 3451; x_wconf 77' lang='grc' dir='ltr'>καὶ</span> <span class='ocrx_word' id='word_1_387' title='bbox 728 3398 1006 3467; x_wconf 66' lang='grc' dir='ltr'>ἁψάμενος</span> <span class='ocrx_word' id='word_1_388' title='bbox 1032 3399 1128 3452; x_wconf 84' lang='grc' dir='ltr'><strong>τοῦ</strong></span> <span class='ocrx_word' id='word_1_389' title='bbox 1157 3401 1439 3469; x_wconf 80' lang='grc' dir='ltr'>φραγμοῦ,</span> <span class='ocrx_word' id='word_1_390' title='bbox 1476 3402 1546 3452; x_wconf 73' lang='grc' dir='ltr'><strong>τά</strong></span> <span class='ocrx_word' id='word_1_391' title='bbox 1584 3399 1811 3470; x_wconf 86' lang='grc' dir='ltr'>δμματά</span> 
     </span>
    </p>
   </div>
   <div class='ocr_carea' id='block_1_53' title="bbox 242 3488 1811 3561">
    <p class='ocr_par' dir='ltr' id='par_1_53' title="bbox 242 3488 1811 3561">
     <span class='ocr_line' id='line_1_53' title="bbox 242 3488 1811 3561; baseline 0.001 -19"><span class='ocrx_word' id='word_1_392' title='bbox 242 3506 299 3542; x_wconf 72' lang='grc' dir='ltr'><strong>τε</strong></span> <span class='ocrx_word' id='word_1_393' title='bbox 326 3488 519 3558; x_wconf 81' lang='grc' dir='ltr'>διάρας</span> <span class='ocrx_word' id='word_1_394' title='bbox 548 3492 685 3558; x_wconf 74' lang='grc' dir='ltr'>πρὸς</span> <span class='ocrx_word' id='word_1_395' title='bbox 708 3489 963 3559; x_wconf 74' lang='grc' dir='ltr'>οὐρανὸν,</span> <span class='ocrx_word' id='word_1_396' title='bbox 995 3490 1171 3561; x_wconf 75' lang='grc' dir='ltr'>Κύριέ</span> <span class='ocrx_word' id='word_1_397' title='bbox 1206 3506 1308 3559; x_wconf 89' lang='grc' dir='ltr'>μου</span> <span class='ocrx_word' id='word_1_398' title='bbox 1348 3490 1527 3558; x_wconf 83' lang='grc' dir='ltr'><strong>Ἰησοῦ</strong></span> <span class='ocrx_word' id='word_1_399' title='bbox 1585 3492 1811 3560; x_wconf 75' lang='grc' dir='ltr'>Χριστὲ,</span> 
     </span>
    </p>
   </div>
   <div class='ocr_carea' id='block_1_54' title="bbox 242 3579 1811 3650">
    <p class='ocr_par' dir='ltr' id='par_1_54' title="bbox 242 3579 1811 3650">
     <span class='ocr_line' id='line_1_54' title="bbox 242 3579 1811 3650; baseline -0.002 -16"><span class='ocrx_word' id='word_1_400' title='bbox 242 3583 324 3644; x_wconf 85' lang='grc' dir='ltr'>εἰς</span> <span class='ocrx_word' id='word_1_401' title='bbox 343 3583 578 3648; x_wconf 67' lang='grc' dir='ltr'>ἐπήκοον</span> <span class='ocrx_word' id='word_1_402' title='bbox 600 3579 695 3632; x_wconf 80' lang='grc' dir='ltr'>τοῦ</span> <span class='ocrx_word' id='word_1_403' title='bbox 721 3581 1076 3649; x_wconf 57' lang='grc' dir='ltr'>παρεστῶτος</span> <span class='ocrx_word' id='word_1_404' title='bbox 1101 3581 1254 3650; x_wconf 86' lang='grc' dir='ltr'>αὑτῷ</span> <span class='ocrx_word' id='word_1_405' title='bbox 1276 3580 1559 3650; x_wconf 67' lang='grc' dir='ltr'>ἑξειρὼνει,</span> <span class='ocrx_word' id='word_1_406' title='bbox 1582 3584 1608 3634; x_wconf 84' lang='lat'><strong>6</strong></span> <span class='ocrx_word' id='word_1_407' title='bbox 1634 3582 1811 3634; x_wconf 79' lang='grc' dir='ltr'>πάντα</span> 
     </span>
    </p>
   </div>
   <div class='ocr_carea' id='block_1_55' title="bbox 244 3674 1811 3744">
    <p class='ocr_par' dir='ltr' id='par_1_55' title="bbox 244 3674 1811 3744">
     <span class='ocr_line' id='line_1_55' title="bbox 244 3674 1811 3744; baseline 0.001 -19"><span class='ocrx_word' id='word_1_408' title='bbox 244 3675 414 3725; x_wconf 80' lang='grc' dir='ltr'>ποιῶν</span> <span class='ocrx_word' id='word_1_409' title='bbox 461 3674 555 3725; x_wconf 73' lang='grc' dir='ltr'>καὶ</span> <span class='ocrx_word' id='word_1_410' title='bbox 598 3674 1034 3741; x_wconf 78' lang='grc' dir='ltr'>μετασκευάζων</span> <span class='ocrx_word' id='word_1_411' title='bbox 1095 3674 1243 3743; x_wconf 89' lang='grc' dir='ltr'>μόνῳ</span> <span class='ocrx_word' id='word_1_412' title='bbox 1296 3674 1373 3743; x_wconf 82' lang='grc' dir='ltr'>τῷ</span> <span class='ocrx_word' id='word_1_413' title='bbox 1426 3674 1736 3744; x_wconf 77' lang='grc' dir='ltr'>βούλεοθαι,</span> <span class='ocrx_word' id='word_1_414' title='bbox 1784 3677 1811 3726; x_wconf 79' lang='lat'><strong>6</strong></span> 
     </span>
    </p>
   </div>
   <div class='ocr_carea' id='block_1_56' title="bbox 246 3764 1815 3837">
    <p class='ocr_par' dir='ltr' id='par_1_56' title="bbox 246 3764 1815 3837">
     <span class='ocr_line' id='line_1_56' title="bbox 246 3764 1815 3837; baseline 0 -19"><span class='ocrx_word' id='word_1_415' title='bbox 246 3767 340 3818; x_wconf 70' lang='grc' dir='ltr'><strong>ἐπὶ</strong></span> <span class='ocrx_word' id='word_1_416' title='bbox 373 3764 654 3824; x_wconf 80' lang='grc' dir='ltr'><strong>Μωῦσέως</strong></span> <span class='ocrx_word' id='word_1_417' title='bbox 704 3764 802 3834; x_wconf 86' lang='grc' dir='ltr'><strong>τὴν</strong></span> <span class='ocrx_word' id='word_1_418' title='bbox 854 3764 1050 3835; x_wconf 80' lang='grc' dir='ltr'>ῥάϐδον</span> <span class='ocrx_word' id='word_1_419' title='bbox 1084 3766 1163 3826; x_wconf 85' lang='grc' dir='ltr'><strong>είς</strong></span> <span class='ocrx_word' id='word_1_420' title='bbox 1192 3765 1315 3832; x_wconf 76' lang='grc' dir='ltr'>ὅφιν</span> <span class='ocrx_word' id='word_1_421' title='bbox 1356 3768 1441 3818; x_wconf 78' lang='grc' dir='ltr'><strong>ἐπ’</strong></span> <span class='ocrx_word' id='word_1_422' title='bbox 1486 3767 1606 3835; x_wconf 69' lang='grc' dir='ltr'>ὄψει</span> <span class='ocrx_word' id='word_1_423' title='bbox 1659 3766 1815 3837; x_wconf 63' lang='grc' dir='ltr'>βασι-</span> 
     </span>
    </p>
   </div>
   <div class='ocr_carea' id='block_1_57' title="bbox 244 3856 1815 3925">
    <p class='ocr_par' dir='ltr' id='par_1_57' title="bbox 244 3856 1815 3925">
     <span class='ocr_line' id='line_1_57' title="bbox 244 3856 1815 3925; baseline 0.001 -17"><span class='ocrx_word' id='word_1_424' title='bbox 244 3857 384 3919; x_wconf 82' lang='grc' dir='ltr'>λέως</span> <span class='ocrx_word' id='word_1_425' title='bbox 429 3858 709 3921; x_wconf 77' lang='grc' dir='ltr'>Αἰγύπτου</span> <span class='ocrx_word' id='word_1_426' title='bbox 766 3856 1112 3925; x_wconf 76' lang='grc' dir='ltr'>μεταϐαλὼν,</span> <span class='ocrx_word' id='word_1_427' title='bbox 1187 3857 1349 3920; x_wconf 79' lang='grc' dir='ltr'>αὐτὸς</span> <span class='ocrx_word' id='word_1_428' title='bbox 1404 3859 1498 3910; x_wconf 69' lang='grc' dir='ltr'>καὶ</span> <span class='ocrx_word' id='word_1_429' title='bbox 1545 3861 1701 3911; x_wconf 83' lang='grc' dir='ltr'>τουτὶ</span> <span class='ocrx_word' id='word_1_430' title='bbox 1746 3857 1815 3910; x_wconf 80' lang='grc' dir='ltr'>τὸ</span> 
     </span>
    </p>
   </div>
   <div class='ocr_carea' id='block_1_58' title="bbox 242 3945 1810 4018">
    <p class='ocr_par' dir='ltr' id='par_1_58' title="bbox 242 3945 1810 4018">
     <span class='ocr_line' id='line_1_58' title="bbox 242 3945 1810 4018; baseline 0.001 -19"><span class='ocrx_word' id='word_1_431' title='bbox 242 3948 473 4018; x_wconf 75' lang='grc' dir='ltr'>χρυσίον</span> <span class='ocrx_word' id='word_1_432' title='bbox 504 3950 693 4015; x_wconf 77' lang='grc' dir='ltr'>ὥσπερ</span> <span class='ocrx_word' id='word_1_433' title='bbox 720 3949 785 4001; x_wconf 81' lang='grc' dir='ltr'>ὲκ</span> <span class='ocrx_word' id='word_1_434' title='bbox 817 3945 959 4010; x_wconf 63' lang='lat' dir='ltr'><strong>(tono</strong></span> <span class='ocrx_word' id='word_1_435' title='bbox 991 3950 1257 4017; x_wconf 86' lang='grc' dir='ltr'>πρότερον</span> <span class='ocrx_word' id='word_1_436' title='bbox 1304 3952 1386 4011; x_wconf 80' lang='grc' dir='ltr'><strong>εἰς</strong></span> <span class='ocrx_word' id='word_1_437' title='bbox 1434 3949 1636 4017; x_wconf 77' lang='grc' dir='ltr'>ταύτην</span> <span class='ocrx_word' id='word_1_438' title='bbox 1685 3968 1810 4018; x_wconf 89' lang='grc' dir='ltr'>μετ-</span> 
     </span>
    </p>
   </div>
   <div class='ocr_carea' id='block_1_59' title="bbox 245 4035 1845 4103">
    <p class='ocr_par' dir='ltr' id='par_1_59' title="bbox 245 4035 1845 4103">
     <span class='ocr_line' id='line_1_59' title="bbox 245 4035 1845 4103; baseline 0.004 -15"><span class='ocrx_word' id='word_1_439' title='bbox 245 4037 438 4096; x_wconf 69' lang='grc' dir='ltr'>έὸαὶες</span> <span class='ocrx_word' id='word_1_440' title='bbox 490 4037 589 4103; x_wconf 84' lang='grc' dir='ltr'><strong>τὴν</strong></span> <span class='ocrx_word' id='word_1_441' title='bbox 653 4036 888 4103; x_wconf 67' lang='grc' dir='ltr'>μοριρὴν.</span> <span class='ocrx_word' id='word_1_442' title='bbox 916 4035 1058 4088; x_wconf 73' lang='grc' dir='ltr'>οὕτω</span> <span class='ocrx_word' id='word_1_443' title='bbox 1096 4039 1187 4093; x_wconf 69' lang='grc' dir='ltr'>καὶ</span> <span class='ocrx_word' id='word_1_444' title='bbox 1237 4037 1331 4090; x_wconf 83' lang='grc' dir='ltr'>νῦν</span> <span class='ocrx_word' id='word_1_445' title='bbox 1370 4039 1558 4092; x_wconf 76' lang='grc' dir='ltr'>νεῦσον</span> <span class='ocrx_word' id='word_1_446' title='bbox 1588 4043 1666 4102; x_wconf 83' lang='grc' dir='ltr'>εξς</span> <span class='ocrx_word' id='word_1_447' title='bbox 1696 4040 1723 4093; x_wconf 87' lang='lat'><strong>6</strong></span> <span class='ocrx_word' id='word_1_448' title='bbox 1759 4042 1845 4103; x_wconf 79' lang='grc' dir='ltr'><strong>εξ.</strong></span> 
     </span>
    </p>
   </div>
   <div class='ocr_carea' id='block_1_60' title="bbox 242 4124 1816 4202">
    <p class='ocr_par' dir='ltr' id='par_1_60' title="bbox 242 4124 1816 4202">
     <span class='ocr_line' id='line_1_60' title="bbox 242 4124 1816 4202; baseline 0.004 -25"><span class='ocrx_word' id='word_1_449' title='bbox 242 4129 422 4197; x_wconf 76' lang='grc' dir='ltr'>ἀρχῆς</span> <span class='ocrx_word' id='word_1_450' title='bbox 451 4125 585 4190; x_wconf 81' lang='grc' dir='ltr'>εἶδος</span> <span class='ocrx_word' id='word_1_451' title='bbox 622 4127 979 4195; x_wconf 73' lang='grc' dir='ltr'>ἀναδραμεῖν,</span> <span class='ocrx_word' id='word_1_452' title='bbox 1012 4128 1159 4191; x_wconf 83' lang='grc' dir='ltr'>ὅπως</span> <span class='ocrx_word' id='word_1_453' title='bbox 1208 4130 1303 4182; x_wconf 76' lang='grc' dir='ltr'>καὶ</span> <span class='ocrx_word' id='word_1_454' title='bbox 1345 4124 1499 4193; x_wconf 75' lang='grc' dir='ltr'>οὗτος</span> <span class='ocrx_word' id='word_1_455' title='bbox 1540 4135 1639 4202; x_wconf 87' lang='grc' dir='ltr'><strong>τὴν</strong></span> <span class='ocrx_word' id='word_1_456' title='bbox 1687 4136 1816 4202; x_wconf 73' lang='grc' dir='ltr'>περὶ</span> 
     </span>
    </p>
   </div>
   <div class='ocr_carea' id='block_1_61' title="bbox 240 4218 1815 4292">
    <p class='ocr_par' dir='ltr' id='par_1_61' title="bbox 240 4218 1815 4292">
     <span class='ocr_line' id='line_1_61' title="bbox 240 4218 1815 4292; baseline 0.003 -21"><span class='ocrx_word' id='word_1_457' title='bbox 240 4222 395 4288; x_wconf 79' lang='grc' dir='ltr'><strong>ἡμᾶς</strong></span> <span class='ocrx_word' id='word_1_458' title='bbox 428 4235 522 4270; x_wconf 89' lang='grc' dir='ltr'><strong>σου</strong></span> <span class='ocrx_word' id='word_1_459' title='bbox 554 4218 701 4289; x_wconf 78' lang='grc' dir='ltr'><strong>μάθῃ</strong></span> <span class='ocrx_word' id='word_1_460' title='bbox 728 4218 1077 4286; x_wconf 78' lang='grc' dir='ltr'>κηδεμονίαν,</span> <span class='ocrx_word' id='word_1_461' title='bbox 1128 4223 1221 4273; x_wconf 77' lang='grc' dir='ltr'>καὶ</span> <span class='ocrx_word' id='word_1_462' title='bbox 1268 4224 1585 4292; x_wconf 74' lang='grc' dir='ltr'>πράγμασιν</span> <span class='ocrx_word' id='word_1_463' title='bbox 1635 4226 1815 4288; x_wconf 69' lang='grc' dir='ltr'>αὐτοῖς</span> 
     </span>
    </p>
   </div>
   <div class='ocr_carea' id='block_1_62' title="bbox 242 4310 1817 4387">
    <p class='ocr_par' dir='ltr' id='par_1_62' title="bbox 242 4310 1817 4387">
     <span class='ocr_line' id='line_1_62' title="bbox 242 4310 1817 4387; baseline 0.004 -25"><span class='ocrx_word' id='word_1_464' title='bbox 242 4313 305 4362; x_wconf 80' lang='grc' dir='ltr'>τὸ</span> <span class='ocrx_word' id='word_1_465' title='bbox 335 4314 393 4362; x_wconf 79' lang='grc' dir='ltr'>ἐν</span> <span class='ocrx_word' id='word_1_466' title='bbox 418 4312 482 4379; x_wconf 75' lang='grc' dir='ltr'>τῇ</span> <span class='ocrx_word' id='word_1_467' title='bbox 515 4310 635 4378; x_wconf 55' lang='lat' dir='ltr'><strong>Oeta</strong></span> <span class='ocrx_word' id='word_1_468' title='bbox 667 4311 855 4381; x_wconf 76' lang='grc' dir='ltr'>Γραφῇ</span> <span class='ocrx_word' id='word_1_469' title='bbox 902 4311 1147 4382; x_wconf 70' lang='grc' dir='ltr'>διδαχθῇ,</span> <span class='ocrx_word' id='word_1_470' title='bbox 1184 4314 1267 4365; x_wconf 77' lang='grc' dir='ltr'>ὅτι</span> <span class='ocrx_word' id='word_1_471' title='bbox 1330 4316 1512 4367; x_wconf 82' lang='grc' dir='ltr'>Πάντα</span> <span class='ocrx_word' id='word_1_472' title='bbox 1555 4318 1654 4369; x_wconf 72' lang='grc' dir='ltr'>ὅσα</span> <span class='ocrx_word' id='word_1_473' title='bbox 1696 4318 1817 4387; x_wconf 50' lang='lat' dir='ltr'><strong>i106-</strong></span> 
     </span>
    </p>
   </div>
   <div class='ocr_carea' id='block_1_63' title="bbox 245 4403 1819 4476">
    <p class='ocr_par' dir='ltr' id='par_1_63' title="bbox 245 4403 1819 4476">
     <span class='ocr_line' id='line_1_63' title="bbox 245 4403 1819 4476; baseline 0.007 -23"><span class='ocrx_word' id='word_1_474' title='bbox 245 4403 416 4471; x_wconf 79' lang='grc' dir='ltr'>λησεν</span> <span class='ocrx_word' id='word_1_475' title='bbox 446 4406 472 4455; x_wconf 90' lang='grc' dir='ltr'><strong>ὀ</strong></span> <span class='ocrx_word' id='word_1_476' title='bbox 494 4403 697 4473; x_wconf 79' lang='grc' dir='ltr'>Κύριος</span> <span class='ocrx_word' id='word_1_477' title='bbox 721 4404 993 4473; x_wconf 73' lang='grc' dir='ltr'>εποίησεν.</span> <span class='ocrx_word' id='word_1_478' title='bbox 1020 4403 1203 4459; x_wconf 84' lang='grc' dir='ltr'>Ταῦτα</span> <span class='ocrx_word' id='word_1_479' title='bbox 1229 4406 1546 4476; x_wconf 71' lang='grc' dir='ltr'>εὐξαμένου,</span> <span class='ocrx_word' id='word_1_480' title='bbox 1570 4413 1649 4470; x_wconf 75' lang='grc' dir='ltr'><strong>τίς</strong></span> <span class='ocrx_word' id='word_1_481' title='bbox 1675 4413 1819 4463; x_wconf 69' lang='grc' dir='ltr'>εἴποι</span> 
     </span>
    </p>
   </div>
   <div class='ocr_carea' id='block_1_64' title="bbox 245 4494 1819 4571">
    <p class='ocr_par' dir='ltr' id='par_1_64' title="bbox 245 4494 1819 4571">
     <span class='ocr_line' id='line_1_64' title="bbox 245 4494 1819 4571; baseline 0.004 -24"><span class='ocrx_word' id='word_1_482' title='bbox 245 4495 360 4547; x_wconf 81' lang='grc' dir='ltr'>τῶν</span> <span class='ocrx_word' id='word_1_483' title='bbox 383 4495 489 4546; x_wconf 83' lang='grc' dir='ltr'>σῶν</span> <span class='ocrx_word' id='word_1_484' title='bbox 518 4494 855 4563; x_wconf 74' lang='grc' dir='ltr'>θαυμασίων,</span> <span class='ocrx_word' id='word_1_485' title='bbox 878 4496 1142 4564; x_wconf 69' lang='grc' dir='ltr'>Δέσποτα,</span> <span class='ocrx_word' id='word_1_486' title='bbox 1164 4500 1258 4567; x_wconf 85' lang='grc' dir='ltr'><strong>τὴν</strong></span> <span class='ocrx_word' id='word_1_487' title='bbox 1296 4501 1636 4571; x_wconf 73' lang='grc' dir='ltr'>ὑπερϐολήνς</span> <span class='ocrx_word' id='word_1_488' title='bbox 1663 4503 1819 4570; x_wconf 70' lang='grc' dir='ltr'>Ὄφις</span> 
     </span>
    </p>
   </div>
   <div class='ocr_carea' id='block_1_65' title="bbox 246 4581 1813 4662">
    <p class='ocr_par' dir='ltr' id='par_1_65' title="bbox 246 4581 1813 4662">
     <span class='ocr_line' id='line_1_65' title="bbox 246 4581 1813 4662; baseline 0.004 -22"><span class='ocrx_word' id='word_1_489' title='bbox 246 4587 502 4658; x_wconf 82' lang='grc' dir='ltr'>όχρυσδς</span> <span class='ocrx_word' id='word_1_490' title='bbox 550 4581 641 4657; x_wconf 81' lang='grc' dir='ltr'>ἦν,</span> <span class='ocrx_word' id='word_1_491' title='bbox 666 4588 842 4641; x_wconf 78' lang='grc' dir='ltr'>πνέων</span> <span class='ocrx_word' id='word_1_492' title='bbox 888 4588 981 4641; x_wconf 75' lang='grc' dir='ltr'>καὶ</span> <span class='ocrx_word' id='word_1_493' title='bbox 1021 4589 1225 4658; x_wconf 68' lang='grc' dir='ltr'>ἕρπων,</span> <span class='ocrx_word' id='word_1_494' title='bbox 1279 4594 1371 4644; x_wconf 83' lang='grc' dir='ltr'><strong>καί</strong></span> <span class='ocrx_word' id='word_1_495' title='bbox 1414 4595 1540 4661; x_wconf 76' lang='grc' dir='ltr'>περὶ</span> <span class='ocrx_word' id='word_1_496' title='bbox 1570 4598 1629 4644; x_wconf 76' lang='grc' dir='ltr'>τὸ</span> <span class='ocrx_word' id='word_1_497' title='bbox 1660 4594 1813 4662; x_wconf 80' lang='grc' dir='ltr'>Οριγ-</span> 
     </span>
    </p>
   </div>
   <div class='ocr_carea' id='block_1_66' title="bbox 248 4679 1817 4752">
    <p class='ocr_par' dir='ltr' id='par_1_66' title="bbox 248 4679 1817 4752">
     <span class='ocr_line' id='line_1_66' title="bbox 248 4679 1817 4752; baseline 0.003 -20"><span class='ocrx_word' id='word_1_498' title='bbox 248 4679 367 4732; x_wconf 67' lang='grc' dir='ltr'>κίον</span> <span class='ocrx_word' id='word_1_499' title='bbox 428 4679 745 4748; x_wconf 80' lang='grc' dir='ltr'>κινούμενός</span> <span class='ocrx_word' id='word_1_500' title='bbox 810 4695 869 4732; x_wconf 83' lang='grc' dir='ltr'><strong>τε</strong></span> <span class='ocrx_word' id='word_1_501' title='bbox 926 4679 1022 4733; x_wconf 76' lang='grc' dir='ltr'><strong>καὶ</strong></span> <span class='ocrx_word' id='word_1_502' title='bbox 1077 4680 1445 4751; x_wconf 69' lang='grc' dir='ltr'>ἑλισσόμενος,</span> <span class='ocrx_word' id='word_1_503' title='bbox 1499 4686 1590 4752; x_wconf 78' lang='grc' dir='ltr'>ἀφ’</span> <span class='ocrx_word' id='word_1_504' title='bbox 1649 4681 1708 4737; x_wconf 70' lang='grc' dir='ltr'>οὗ</span> <span class='ocrx_word' id='word_1_505' title='bbox 1753 4687 1817 4751; x_wconf 84' lang='grc' dir='ltr'><strong>δὴ</strong></span> 
     </span>
    </p>
   </div>
   <div class='ocr_carea' id='block_1_67' title="bbox 252 4770 1819 4846">
    <p class='ocr_par' dir='ltr' id='par_1_67' title="bbox 252 4770 1819 4846">
     <span class='ocr_line' id='line_1_67' title="bbox 252 4770 1819 4846; baseline 0.003 -22"><span class='ocrx_word' id='word_1_506' title='bbox 252 4772 347 4824; x_wconf 80' lang='grc' dir='ltr'>καὶ</span> <span class='ocrx_word' id='word_1_507' title='bbox 379 4771 438 4822; x_wconf 77' lang='grc' dir='ltr'><strong>το</strong></span> <span class='ocrx_word' id='word_1_508' title='bbox 464 4772 683 4842; x_wconf 82' lang='grc' dir='ltr'>πρῶτον</span> <span class='ocrx_word' id='word_1_509' title='bbox 710 4773 872 4840; x_wconf 74' lang='grc' dir='ltr'>χερσὶ</span> <span class='ocrx_word' id='word_1_510' title='bbox 921 4770 1015 4823; x_wconf 82' lang='grc' dir='ltr'>τοῦ</span> <span class='ocrx_word' id='word_1_511' title='bbox 1057 4773 1214 4838; x_wconf 85' lang='grc' dir='ltr'>ἁγίου</span> <span class='ocrx_word' id='word_1_512' title='bbox 1268 4773 1494 4843; x_wconf 66' lang='grc' dir='ltr'>ληφθεὶς</span> <span class='ocrx_word' id='word_1_513' title='bbox 1525 4779 1729 4828; x_wconf 64' lang='grc' dir='ltr'>ἐκεῖνον</span> <span class='ocrx_word' id='word_1_514' title='bbox 1757 4778 1819 4846; x_wconf 89' lang='grc' dir='ltr'><strong>δὴ</strong></span> 
     </span>
    </p>
   </div>
   <div class='ocr_carea' id='block_1_68' title="bbox 255 4863 1860 4941">
    <p class='ocr_par' dir='ltr' id='par_1_68' title="bbox 255 4863 1860 4941">
     <span class='ocr_line' id='line_1_68' title="bbox 255 4863 1860 4941; baseline 0.006 -27"><span class='ocrx_word' id='word_1_515' title='bbox 255 4864 573 4931; x_wconf 77' lang='grc' dir='ltr'>παραδόξως</span> <span class='ocrx_word' id='word_1_516' title='bbox 640 4863 935 4932; x_wconf 79' lang='grc' dir='ltr'>μετήλλαξε</span> <span class='ocrx_word' id='word_1_517' title='bbox 1008 4865 1099 4916; x_wconf 81' lang='grc' dir='ltr'>τὸν</span> <span class='ocrx_word' id='word_1_518' title='bbox 1161 4868 1384 4935; x_wconf 86' lang='grc' dir='ltr'>χρυσόν.</span> <span class='ocrx_word' id='word_1_519' title='bbox 1443 4869 1613 4920; x_wconf 83' lang='grc' dir='ltr'>Τοῦτο</span> <span class='ocrx_word' id='word_1_520' title='bbox 1672 4873 1860 4941; x_wconf 21' lang='grc' dir='ltr'>παρὰ,</span> 
     </span>
    </p>
   </div>
   <div class='ocr_carea' id='block_1_69' title="bbox 254 4954 1870 5028">
    <p class='ocr_par' dir='ltr' id='par_1_69' title="bbox 254 4954 1870 5028">
     <span class='ocr_line' id='line_1_69' title="bbox 254 4954 1870 5028; baseline 0.001 -18"><span class='ocrx_word' id='word_1_521' title='bbox 254 4957 439 5010; x_wconf 63' lang='grc' dir='ltr'>πᾶσαν</span> <span class='ocrx_word' id='word_1_522' title='bbox 471 4954 680 5007; x_wconf 75' lang='grc' dir='ltr'>ιννοιαν</span> <span class='ocrx_word' id='word_1_523' title='bbox 709 4954 1058 5024; x_wconf 75' lang='grc' dir='ltr'>ἀνθρωπίνην</span> <span class='ocrx_word' id='word_1_524' title='bbox 1106 4958 1132 5006; x_wconf 90' lang='lat'><strong>6</strong></span> <span class='ocrx_word' id='word_1_525' title='bbox 1169 4960 1414 5027; x_wconf 84' lang='grc' dir='ltr'>γεωργὸς</span> <span class='ocrx_word' id='word_1_526' title='bbox 1463 4962 1819 5028; x_wconf 79' lang='grc' dir='ltr'>θεασάμενος,</span> <span class='ocrx_word' id='word_1_527' title='bbox 1862 4957 1870 4967; x_wconf 85' lang='grc'><em>’</em></span> 
     </span>
    </p>
   </div>
   <div class='ocr_carea' id='block_1_70' title="bbox 256 5048 1823 5121">
    <p class='ocr_par' dir='ltr' id='par_1_70' title="bbox 256 5048 1823 5121">
     <span class='ocr_line' id='line_1_70' title="bbox 256 5048 1823 5121; baseline 0.004 -22"><span class='ocrx_word' id='word_1_528' title='bbox 256 5051 348 5099; x_wconf 71' lang='grc' dir='ltr'>καὶ</span> <span class='ocrx_word' id='word_1_529' title='bbox 385 5048 572 5116; x_wconf 69' lang='grc' dir='ltr'>τρόμῳ</span> <span class='ocrx_word' id='word_1_530' title='bbox 613 5048 953 5116; x_wconf 80' lang='grc' dir='ltr'>κατάσχετος</span> <span class='ocrx_word' id='word_1_531' title='bbox 984 5048 1244 5115; x_wconf 82' lang='grc' dir='ltr'>γεγονὼς,</span> <span class='ocrx_word' id='word_1_532' title='bbox 1287 5052 1479 5104; x_wconf 87' lang='grc' dir='ltr'>πίπτει</span> <span class='ocrx_word' id='word_1_533' title='bbox 1504 5068 1562 5104; x_wconf 89' lang='grc' dir='ltr'><strong>τε</strong></span> <span class='ocrx_word' id='word_1_534' title='bbox 1590 5054 1676 5105; x_wconf 69' lang='grc' dir='ltr'><strong>ἐπ’</strong></span> <span class='ocrx_word' id='word_1_535' title='bbox 1700 5054 1823 5121; x_wconf 72' lang='grc' dir='ltr'>ὄψιν</span> 
     </span>
    </p>
   </div>
   <div class='ocr_carea' id='block_1_71' title="bbox 255 5140 1820 5212">
    <p class='ocr_par' dir='ltr' id='par_1_71' title="bbox 255 5140 1820 5212">
     <span class='ocr_line' id='line_1_71' title="bbox 255 5140 1820 5212; baseline -0.02 -2"><span class='ocrx_word' id='word_1_536' title='bbox 255 5142 336 5202; x_wconf 74' lang='grc' dir='ltr'><strong>είς</strong></span> <span class='ocrx_word' id='word_1_537' title='bbox 386 5140 514 5207; x_wconf 78' lang='grc' dir='ltr'>γῆν,</span> <span class='ocrx_word' id='word_1_538' title='bbox 574 5141 667 5193; x_wconf 72' lang='grc' dir='ltr'>καὶ</span> <span class='ocrx_word' id='word_1_539' title='bbox 701 5140 1046 5195; x_wconf 85' lang='grc' dir='ltr'>καταπάττει</span> <span class='ocrx_word' id='word_1_540' title='bbox 1078 5141 1227 5192; x_wconf 82' lang='grc' dir='ltr'>κόνιν</span> <span class='ocrx_word' id='word_1_541' title='bbox 1269 5142 1362 5195; x_wconf 66' lang='grc' dir='ltr'><strong>ἰπὶ</strong></span> <span class='ocrx_word' id='word_1_542' title='bbox 1406 5144 1505 5212; x_wconf 79' lang='grc' dir='ltr'>τῆς</span> <span class='ocrx_word' id='word_1_543' title='bbox 1558 5146 1820 5212; x_wconf 48' lang='grc' dir='ltr'><strong>κεφαλῆς.</strong></span> 
     </span>
    </p>
   </div>
   <div class='ocr_carea' id='block_1_72' title="bbox 253 5229 1825 5301">
    <p class='ocr_par' dir='ltr' id='par_1_72' title="bbox 253 5229 1825 5301">
     <span class='ocr_line' id='line_1_72' title="bbox 253 5229 1825 5301; baseline 0.002 -17"><span class='ocrx_word' id='word_1_544' title='bbox 253 5232 469 5300; x_wconf 77' lang='grc' dir='ltr'>δάκρυά</span> <span class='ocrx_word' id='word_1_545' title='bbox 502 5246 558 5283; x_wconf 81' lang='grc' dir='ltr'><strong>τε</strong></span> <span class='ocrx_word' id='word_1_546' title='bbox 586 5229 690 5283; x_wconf 84' lang='grc' dir='ltr'><strong>τῶν</strong></span> <span class='ocrx_word' id='word_1_547' title='bbox 716 5230 1013 5300; x_wconf 64' lang='grc' dir='ltr'>ὀφθαλμῶν</span> <span class='ocrx_word' id='word_1_548' title='bbox 1047 5232 1249 5301; x_wconf 72' lang='grc' dir='ltr'>ἀφιεὶς,</span> <span class='ocrx_word' id='word_1_549' title='bbox 1303 5234 1394 5284; x_wconf 71' lang='grc' dir='ltr'>καὶ</span> <span class='ocrx_word' id='word_1_550' title='bbox 1441 5235 1662 5300; x_wconf 79' lang='grc' dir='ltr'>ἀνάξιον</span> <span class='ocrx_word' id='word_1_551' title='bbox 1700 5238 1825 5287; x_wconf 65' lang='lat' dir='ltr'><strong>tau-</strong></span> 
     </span>
    </p>
   </div>
   <div class='ocr_carea' id='block_1_73' title="bbox 255 5318 1823 5395">
    <p class='ocr_par' dir='ltr' id='par_1_73' title="bbox 255 5318 1823 5395">
     <span class='ocr_line' id='line_1_73' title="bbox 255 5318 1823 5395; baseline 0 -17"><span class='ocrx_word' id='word_1_552' title='bbox 255 5327 351 5378; x_wconf 58' lang='grc' dir='ltr'>τὶν</span> <span class='ocrx_word' id='word_1_553' title='bbox 372 5318 513 5377; x_wconf 83' lang='grc' dir='ltr'>εῖναι</span> <span class='ocrx_word' id='word_1_554' title='bbox 547 5321 720 5389; x_wconf 68' lang='grc' dir='ltr'>λέγων</span> <span class='ocrx_word' id='word_1_555' title='bbox 746 5322 809 5374; x_wconf 82' lang='grc' dir='ltr'><strong>οὐ</strong></span> <span class='ocrx_word' id='word_1_556' title='bbox 833 5321 1089 5390; x_wconf 79' lang='grc' dir='ltr'>τοιαύτης</span> <span class='ocrx_word' id='word_1_557' title='bbox 1142 5323 1302 5391; x_wconf 77' lang='grc' dir='ltr'>μόνον</span> <span class='ocrx_word' id='word_1_558' title='bbox 1353 5324 1560 5395; x_wconf 80' lang='grc' dir='ltr'>δωρεάς</span> <span class='ocrx_word' id='word_1_559' title='bbox 1611 5343 1668 5377; x_wconf 91' lang='grc' dir='ltr'><strong>τε</strong></span> <span class='ocrx_word' id='word_1_560' title='bbox 1728 5328 1823 5381; x_wconf 81' lang='grc' dir='ltr'>καὶ</span> 
     </span>
    </p>
   </div>
   <div class='ocr_carea' id='block_1_74' title="bbox 258 5409 1824 5484">
    <p class='ocr_par' dir='ltr' id='par_1_74' title="bbox 258 5409 1824 5484">
     <span class='ocr_line' id='line_1_74' title="bbox 258 5409 1824 5484; baseline -0.02 1"><span class='ocrx_word' id='word_1_561' title='bbox 258 5412 503 5484; x_wconf 63' lang='grc' dir='ltr'>χάριτος.</span> <span class='ocrx_word' id='word_1_562' title='bbox 530 5412 663 5464; x_wconf 75' lang='grc' dir='ltr'>ἀλλά</span> <span class='ocrx_word' id='word_1_563' title='bbox 692 5414 783 5464; x_wconf 73' lang='grc' dir='ltr'><strong>καὶ</strong></span> <span class='ocrx_word' id='word_1_564' title='bbox 814 5409 940 5475; x_wconf 67' lang='grc' dir='ltr'><strong>θέας</strong></span> <span class='ocrx_word' id='word_1_565' title='bbox 972 5412 1163 5482; x_wconf 77' lang='grc' dir='ltr'>μόνης.</span> <span class='ocrx_word' id='word_1_566' title='bbox 1207 5414 1407 5480; x_wconf 76' lang='grc' dir='ltr'>μᾶλλον</span> <span class='ocrx_word' id='word_1_567' title='bbox 1441 5415 1495 5467; x_wconf 69' lang='grc' dir='ltr'>δι</span> <span class='ocrx_word' id='word_1_568' title='bbox 1530 5419 1623 5467; x_wconf 72' lang='grc' dir='ltr'>καὶ</span> <span class='ocrx_word' id='word_1_569' title='bbox 1658 5418 1824 5469; x_wconf 78' lang='grc' dir='ltr'>ἀκού..</span> 
     </span>
    </p>
   </div>
   <div class='ocr_carea' id='block_1_75' title="bbox 261 5500 1822 5575">
    <p class='ocr_par' dir='ltr' id='par_1_75' title="bbox 261 5500 1822 5575">
     <span class='ocr_line' id='line_1_75' title="bbox 261 5500 1822 5575; baseline 0.001 -22"><span class='ocrx_word' id='word_1_570' title='bbox 261 5516 490 5571; x_wconf 82' lang='grc' dir='ltr'>σματος.</span> <span class='ocrx_word' id='word_1_571' title='bbox 528 5500 673 5568; x_wconf 80' lang='grc' dir='ltr'>Πλὴν</span> <span class='ocrx_word' id='word_1_572' title='bbox 706 5500 848 5551; x_wconf 83' lang='grc' dir='ltr'>ἀλλὰ</span> <span class='ocrx_word' id='word_1_573' title='bbox 876 5500 1066 5552; x_wconf 81' lang='grc' dir='ltr'>τοῦτον</span> <span class='ocrx_word' id='word_1_574' title='bbox 1094 5501 1194 5570; x_wconf 70' lang='grc' dir='ltr'>μὲν</span> <span class='ocrx_word' id='word_1_575' title='bbox 1237 5503 1264 5554; x_wconf 91' lang='lat'><strong>6</strong></span> <span class='ocrx_word' id='word_1_576' title='bbox 1302 5502 1444 5563; x_wconf 84' lang='grc' dir='ltr'>ὅσιος</span> <span class='ocrx_word' id='word_1_577' title='bbox 1492 5502 1822 5575; x_wconf 76' lang='grc' dir='ltr'>διανίστησι,</span> 
     </span>
    </p>
   </div>
   <div class='ocr_carea' id='block_1_76' title="bbox 260 5590 1826 5663">
    <p class='ocr_par' dir='ltr' id='par_1_76' title="bbox 260 5590 1826 5663">
     <span class='ocr_line' id='line_1_76' title="bbox 260 5590 1826 5663; baseline 0.003 -19"><span class='ocrx_word' id='word_1_578' title='bbox 260 5593 357 5646; x_wconf 73' lang='grc' dir='ltr'>καὶ</span> <span class='ocrx_word' id='word_1_579' title='bbox 386 5592 569 5660; x_wconf 78' lang='grc' dir='ltr'>ψυχὴν</span> <span class='ocrx_word' id='word_1_580' title='bbox 594 5592 742 5661; x_wconf 78' lang='grc' dir='ltr'>αὐτῷ</span> <span class='ocrx_word' id='word_1_581' title='bbox 772 5590 887 5661; x_wconf 70' lang='grc' dir='ltr'>ἅμα</span> <span class='ocrx_word' id='word_1_582' title='bbox 916 5591 1012 5644; x_wconf 79' lang='grc' dir='ltr'>καὶ</span> <span class='ocrx_word' id='word_1_583' title='bbox 1042 5591 1203 5660; x_wconf 86' lang='grc' dir='ltr'>σῶμα</span> <span class='ocrx_word' id='word_1_584' title='bbox 1236 5593 1498 5662; x_wconf 81' lang='grc' dir='ltr'>ρώννυσιν</span> <span class='ocrx_word' id='word_1_585' title='bbox 1526 5612 1539 5626; x_wconf 75' lang='grc'><strong><em>⁸</em></strong></span> <span class='ocrx_word' id='word_1_586' title='bbox 1571 5597 1599 5649; x_wconf 90' lang='lat'><strong>6</strong></span> <span class='ocrx_word' id='word_1_587' title='bbox 1625 5596 1743 5663; x_wconf 73' lang='grc' dir='ltr'>ὕφες</span> <span class='ocrx_word' id='word_1_588' title='bbox 1771 5596 1826 5649; x_wconf 65' lang='grc' dir='ltr'>δὲ</span> 
     </span>
    </p>
   </div>
   <div class='ocr_carea' id='block_1_77' title="bbox 340 5776 853 5839">
    <p class='ocr_par' dir='ltr' id='par_1_77' title="bbox 340 5776 853 5839">
     <span class='ocr_line' id='line_1_77' title="bbox 340 5776 853 5839; baseline 0.006 -9"><span class='ocrx_word' id='word_1_589' title='bbox 340 5778 359 5807; x_wconf 84' lang='grc'>¹</span> <span class='ocrx_word' id='word_1_590' title='bbox 389 5776 529 5831; x_wconf 83' lang='lat' dir='ltr'><strong>Psal.</strong></span> <span class='ocrx_word' id='word_1_591' title='bbox 565 5790 778 5839; x_wconf 67' lang='grc' dir='ltr'>ςιιιιν,</span> <span class='ocrx_word' id='word_1_592' title='bbox 800 5777 853 5833; x_wconf 87' lang='lat'><strong>6.</strong></span> 
     </span>
    </p>
   </div>
   <div class='ocr_carea' id='block_1_78' title="bbox 600 5873 1271 5938">
    <p class='ocr_par' dir='ltr' id='par_1_78' title="bbox 600 5873 1271 5938">
     <span class='ocr_line' id='line_1_78' title="bbox 600 5873 1271 5938; baseline 0 -4"><span class='ocrx_word' id='word_1_593' title='bbox 600 5878 865 5938; x_wconf 69' lang='grc' dir='ltr'>Ριτιιοι..</span> <span class='ocrx_word' id='word_1_594' title='bbox 897 5877 1014 5938; x_wconf 77' lang='lat' dir='ltr'><strong>Gn.</strong></span> <span class='ocrx_word' id='word_1_595' title='bbox 1053 5873 1271 5937; x_wconf 64' lang='lat' dir='ltr'><strong>CXVI.</strong></span> 
     </span>
    </p>
   </div>
   <div class='ocr_carea' id='block_1_79' title="bbox 1903 1917 3465 1990">
    <p class='ocr_par' dir='ltr' id='par_1_79' title="bbox 1903 1917 3465 1990">
     <span class='ocr_line' id='line_1_79' title="bbox 1903 1917 3465 1990; baseline -0.003 -16"><span class='ocrx_word' id='word_1_596' title='bbox 1903 1920 2238 1990; x_wconf 89' lang='lat' dir='ltr'><strong>impertitur,</strong></span> <span class='ocrx_word' id='word_1_597' title='bbox 2278 1928 2335 1973; x_wconf 93' lang='lat' dir='ltr'><strong>ut</strong></span> <span class='ocrx_word' id='word_1_598' title='bbox 2398 1928 2454 1972; x_wconf 89' lang='lat' dir='ltr'><strong>et</strong></span> <span class='ocrx_word' id='word_1_599' title='bbox 2487 1919 2707 1971; x_wconf 91' lang='lat' dir='ltr'><strong>domum</strong></span> <span class='ocrx_word' id='word_1_600' title='bbox 2762 1933 2915 1971; x_wconf 93' lang='lat' dir='ltr'><strong>suam</strong></span> <span class='ocrx_word' id='word_1_601' title='bbox 2971 1918 3240 1987; x_wconf 87' lang='lat' dir='ltr'><strong>impleret,</strong></span> <span class='ocrx_word' id='word_1_602' title='bbox 3297 1927 3352 1971; x_wconf 86' lang='lat' dir='ltr'><strong>et</strong></span> <span class='ocrx_word' id='word_1_603' title='bbox 3399 1917 3465 1976; x_wconf 81' lang='lat' dir='ltr'><strong>ad</strong></span> 
     </span>
    </p>
   </div>
   <div class='ocr_carea' id='block_1_80' title="bbox 1901 2013 3467 2085">
    <p class='ocr_par' dir='ltr' id='par_1_80' title="bbox 1901 2013 3467 2085">
     <span class='ocr_line' id='line_1_80' title="bbox 1901 2013 3467 2085; baseline 0.001 -16"><span class='ocrx_word' id='word_1_604' title='bbox 1901 2014 2204 2085; x_wconf 73' lang='lat' dir='ltr'><strong>deiicienda</strong></span> <span class='ocrx_word' id='word_1_605' title='bbox 2245 2014 2453 2068; x_wconf 90' lang='lat' dir='ltr'><strong>semina</strong></span> <span class='ocrx_word' id='word_1_606' title='bbox 2501 2013 2553 2067; x_wconf 91' lang='lat' dir='ltr'><strong>in</strong></span> <span class='ocrx_word' id='word_1_607' title='bbox 2596 2014 2664 2068; x_wconf 93' lang='lat' dir='ltr'><strong>iis</strong></span> <span class='ocrx_word' id='word_1_608' title='bbox 2691 2029 2828 2083; x_wconf 85' lang='lat' dir='ltr'><strong>quos</strong></span> <span class='ocrx_word' id='word_1_609' title='bbox 2861 2014 3097 2067; x_wconf 83' lang='lat' dir='ltr'><strong>habebat</strong></span> <span class='ocrx_word' id='word_1_610' title='bbox 3142 2013 3307 2083; x_wconf 78' lang='lat' dir='ltr'><strong>agris,</strong></span> <span class='ocrx_word' id='word_1_611' title='bbox 3370 2014 3467 2072; x_wconf 79' lang='lat' dir='ltr'><strong>da-</strong></span> 
     </span>
    </p>
   </div>
   <div class='ocr_carea' id='block_1_81' title="bbox 1905 2103 3467 2171">
    <p class='ocr_par' dir='ltr' id='par_1_81' title="bbox 1905 2103 3467 2171">
     <span class='ocr_line' id='line_1_81' title="bbox 1905 2103 3467 2171; baseline -0.001 -13"><span class='ocrx_word' id='word_1_612' title='bbox 1905 2114 2019 2158; x_wconf 91' lang='lat' dir='ltr'><strong>tum</strong></span> <span class='ocrx_word' id='word_1_613' title='bbox 2052 2103 2345 2158; x_wconf 77' lang='lat' dir='ltr'><strong>sufﬁceret.</strong></span> <span class='ocrx_word' id='word_1_614' title='bbox 2373 2103 2528 2170; x_wconf 83' lang='lat' dir='ltr'><strong>Quod</strong></span> <span class='ocrx_word' id='word_1_615' title='bbox 2564 2115 2745 2161; x_wconf 85' lang='lat' dir='ltr'><strong>autem</strong></span> <span class='ocrx_word' id='word_1_616' title='bbox 2794 2105 3065 2171; x_wconf 88' lang='lat' dir='ltr'><strong>dejectnm</strong></span> <span class='ocrx_word' id='word_1_617' title='bbox 3102 2105 3279 2158; x_wconf 81' lang='lat' dir='ltr'><strong>fuerat</strong></span> <span class='ocrx_word' id='word_1_618' title='bbox 3324 2104 3467 2159; x_wconf 87' lang='lat' dir='ltr'><strong>fruc-</strong></span> 
     </span>
    </p>
   </div>
   <div class='ocr_carea' id='block_1_82' title="bbox 1908 2196 3471 2269">
    <p class='ocr_par' dir='ltr' id='par_1_82' title="bbox 1908 2196 3471 2269">
     <span class='ocr_line' id='line_1_82' title="bbox 1908 2196 3471 2269; baseline 0.002 -19"><span class='ocrx_word' id='word_1_619' title='bbox 1908 2204 2021 2251; x_wconf 89' lang='lat' dir='ltr'><strong>tum</strong></span> <span class='ocrx_word' id='word_1_620' title='bbox 2062 2196 2323 2265; x_wconf 82' lang='lat' dir='ltr'><strong>produxit</strong></span> <span class='ocrx_word' id='word_1_621' title='bbox 2360 2206 2470 2252; x_wconf 83' lang='lat' dir='ltr'><strong>tam</strong></span> <span class='ocrx_word' id='word_1_622' title='bbox 2504 2197 2886 2266; x_wconf 87' lang='lat' dir='ltr'><strong>multiplicem,</strong></span> <span class='ocrx_word' id='word_1_623' title='bbox 2913 2208 2970 2253; x_wconf 93' lang='lat' dir='ltr'><strong>ut</strong></span> <span class='ocrx_word' id='word_1_624' title='bbox 2994 2206 3049 2252; x_wconf 89' lang='lat' dir='ltr'><strong>et</strong></span> <span class='ocrx_word' id='word_1_625' title='bbox 3084 2199 3132 2253; x_wconf 91' lang='lat' dir='ltr'><strong>ei</strong></span> <span class='ocrx_word' id='word_1_626' title='bbox 3176 2199 3267 2269; x_wconf 89' lang='lat' dir='ltr'><strong>qui</strong></span> <span class='ocrx_word' id='word_1_627' title='bbox 3305 2200 3471 2253; x_wconf 80' lang='lat' dir='ltr'><strong>dede-</strong></span> 
     </span>
    </p>
   </div>
   <div class='ocr_carea' id='block_1_83' title="bbox 1906 2287 3467 2361">
    <p class='ocr_par' dir='ltr' id='par_1_83' title="bbox 1906 2287 3467 2361">
     <span class='ocr_line' id='line_1_83' title="bbox 1906 2287 3467 2361; baseline 0.001 -18"><span class='ocrx_word' id='word_1_628' title='bbox 1906 2296 2010 2353; x_wconf 90' lang='lat' dir='ltr'><strong>rat,</strong></span> <span class='ocrx_word' id='word_1_629' title='bbox 2038 2288 2283 2342; x_wconf 91' lang='lat' dir='ltr'><strong>debitum</strong></span> <span class='ocrx_word' id='word_1_630' title='bbox 2311 2287 2639 2352; x_wconf 81' lang='lat' dir='ltr'><strong>reddiderit,</strong></span> <span class='ocrx_word' id='word_1_631' title='bbox 2667 2299 2722 2343; x_wconf 88' lang='lat' dir='ltr'><strong>et</strong></span> <span class='ocrx_word' id='word_1_632' title='bbox 2746 2304 2939 2343; x_wconf 89' lang='lat' dir='ltr'><strong>aurum</strong></span> <span class='ocrx_word' id='word_1_633' title='bbox 2963 2291 3011 2343; x_wconf 90' lang='lat' dir='ltr'><strong>ei</strong></span> <span class='ocrx_word' id='word_1_634' title='bbox 3042 2290 3227 2343; x_wconf 90' lang='lat' dir='ltr'><strong>datum</strong></span> <span class='ocrx_word' id='word_1_635' title='bbox 3256 2292 3467 2361; x_wconf 80' lang='lat' dir='ltr'><strong>pignori</strong></span> 
     </span>
    </p>
   </div>
   <div class='ocr_carea' id='block_1_84' title="bbox 1908 2380 3470 2453">
    <p class='ocr_par' dir='ltr' id='par_1_84' title="bbox 1908 2380 3470 2453">
     <span class='ocr_line' id='line_1_84' title="bbox 1908 2380 3470 2453; baseline 0.004 -19"><span class='ocrx_word' id='word_1_636' title='bbox 1908 2380 2224 2449; x_wconf 89' lang='lat' dir='ltr'><strong>receperit,</strong></span> <span class='ocrx_word' id='word_1_637' title='bbox 2274 2388 2329 2436; x_wconf 90' lang='lat' dir='ltr'><strong>et</strong></span> <span class='ocrx_word' id='word_1_638' title='bbox 2386 2380 2453 2435; x_wconf 93' lang='lat' dir='ltr'><strong>ad</strong></span> <span class='ocrx_word' id='word_1_639' title='bbox 2514 2393 2763 2436; x_wconf 85' lang='lat' dir='ltr'><strong>sanctum</strong></span> <span class='ocrx_word' id='word_1_640' title='bbox 2817 2396 3010 2437; x_wconf 88' lang='lat' dir='ltr'><strong>rursus</strong></span> <span class='ocrx_word' id='word_1_641' title='bbox 3076 2392 3229 2453; x_wconf 90' lang='lat' dir='ltr'><strong>grato</strong></span> <span class='ocrx_word' id='word_1_642' title='bbox 3288 2384 3470 2441; x_wconf 70' lang='lat' dir='ltr'><strong>animo</strong></span> 
     </span>
    </p>
   </div>
   <div class='ocr_carea' id='block_1_85' title="bbox 1909 2474 2182 2527">
    <p class='ocr_par' dir='ltr' id='par_1_85' title="bbox 1909 2474 2182 2527">
     <span class='ocr_line' id='line_1_85' title="bbox 1909 2474 2182 2527; baseline 0 -1"><span class='ocrx_word' id='word_1_643' title='bbox 1909 2474 2182 2527; x_wconf 86' lang='lat' dir='ltr'><strong>retulerit.</strong></span> 
     </span>
    </p>
   </div>
   <div class='ocr_carea' id='block_1_86' title="bbox 1981 2562 3475 2641">
    <p class='ocr_par' dir='ltr' id='par_1_86' title="bbox 1981 2562 3475 2641">
     <span class='ocr_line' id='line_1_86' title="bbox 1981 2562 3475 2641; baseline 0.009 -23"><span class='ocrx_word' id='word_1_644' title='bbox 1981 2562 2119 2619; x_wconf 73' lang='lat' dir='ltr'><strong>VIII.</strong></span> <span class='ocrx_word' id='word_1_645' title='bbox 2148 2564 2255 2624; x_wconf 85' lang='lat' dir='ltr'><strong>Sed</strong></span> <span class='ocrx_word' id='word_1_646' title='bbox 2283 2563 2364 2620; x_wconf 88' lang='lat' dir='ltr'><strong>sic</strong></span> <span class='ocrx_word' id='word_1_647' title='bbox 2397 2564 2616 2641; x_wconf 83' lang='lat' dir='ltr'><strong>quidem</strong></span> <span class='ocrx_word' id='word_1_648' title='bbox 2659 2579 2864 2641; x_wconf 82' lang='lat' dir='ltr'><strong>pauper</strong></span> <span class='ocrx_word' id='word_1_649' title='bbox 2893 2564 3171 2638; x_wconf 81' lang='lat' dir='ltr'><strong>debitum;</strong></span> <span class='ocrx_word' id='word_1_650' title='bbox 3228 2574 3345 2628; x_wconf 86' lang='lat' dir='ltr'><strong>vult</strong></span> <span class='ocrx_word' id='word_1_651' title='bbox 3381 2588 3475 2631; x_wconf 83' lang='lat' dir='ltr'><strong>au-</strong></span> 
     </span>
    </p>
   </div>
   <div class='ocr_carea' id='block_1_87' title="bbox 1914 2661 3475 2732">
    <p class='ocr_par' dir='ltr' id='par_1_87' title="bbox 1914 2661 3475 2732">
     <span class='ocr_line' id='line_1_87' title="bbox 1914 2661 3475 2732; baseline 0.003 -20"><span class='ocrx_word' id='word_1_652' title='bbox 1914 2661 2020 2713; x_wconf 87' lang='lat' dir='ltr'><strong>tem</strong></span> <span class='ocrx_word' id='word_1_653' title='bbox 2050 2666 2228 2715; x_wconf 85' lang='lat' dir='ltr'><strong>oratio</strong></span> <span class='ocrx_word' id='word_1_654' title='bbox 2278 2676 2499 2731; x_wconf 88' lang='lat' dir='ltr'><strong>quoque</strong></span> <span class='ocrx_word' id='word_1_655' title='bbox 2548 2661 2601 2716; x_wconf 91' lang='lat' dir='ltr'><strong>id</strong></span> <span class='ocrx_word' id='word_1_656' title='bbox 2652 2663 2798 2732; x_wconf 88' lang='lat' dir='ltr'><strong>quod</strong></span> <span class='ocrx_word' id='word_1_657' title='bbox 2848 2662 3011 2717; x_wconf 90' lang='lat' dir='ltr'><strong>debet</strong></span> <span class='ocrx_word' id='word_1_658' title='bbox 3074 2664 3377 2729; x_wconf 78' lang='lat' dir='ltr'><strong>exsolvere,</strong></span> <span class='ocrx_word' id='word_1_659' title='bbox 3421 2674 3475 2717; x_wconf 85' lang='lat' dir='ltr'><strong>et</strong></span> 
     </span>
    </p>
   </div>
   <div class='ocr_carea' id='block_1_88' title="bbox 1911 2751 3476 2823">
    <p class='ocr_par' dir='ltr' id='par_1_88' title="bbox 1911 2751 3476 2823">
     <span class='ocr_line' id='line_1_88' title="bbox 1911 2751 3476 2823; baseline -0.001 -17"><span class='ocrx_word' id='word_1_660' title='bbox 1911 2751 2202 2806; x_wconf 87' lang='lat' dir='ltr'><strong>ostendere</strong></span> <span class='ocrx_word' id='word_1_661' title='bbox 2244 2753 2298 2805; x_wconf 90' lang='lat' dir='ltr'><strong>id</strong></span> <span class='ocrx_word' id='word_1_662' title='bbox 2365 2753 2509 2821; x_wconf 89' lang='lat' dir='ltr'><strong>quod</strong></span> <span class='ocrx_word' id='word_1_663' title='bbox 2560 2762 2679 2808; x_wconf 87' lang='lat' dir='ltr'><strong>erat</strong></span> <span class='ocrx_word' id='word_1_664' title='bbox 2736 2754 3002 2823; x_wconf 87' lang='lat' dir='ltr'><strong>pollicita,</strong></span> <span class='ocrx_word' id='word_1_665' title='bbox 3047 2753 3308 2823; x_wconf 88' lang='lat' dir='ltr'><strong>quidnam</strong></span> <span class='ocrx_word' id='word_1_666' title='bbox 3359 2765 3476 2808; x_wconf 90' lang='lat' dir='ltr'><strong>erat</strong></span> 
     </span>
    </p>
   </div>
   <div class='ocr_carea' id='block_1_89' title="bbox 1912 2843 3476 2916">
    <p class='ocr_par' dir='ltr' id='par_1_89' title="bbox 1912 2843 3476 2916">
     <span class='ocr_line' id='line_1_89' title="bbox 1912 2843 3476 2916; baseline 0.001 -20"><span class='ocrx_word' id='word_1_667' title='bbox 1912 2843 2066 2913; x_wconf 89' lang='lat' dir='ltr'><strong>prius</strong></span> <span class='ocrx_word' id='word_1_668' title='bbox 2118 2859 2333 2907; x_wconf 84' lang='lat' dir='ltr'><strong>aurum,</strong></span> <span class='ocrx_word' id='word_1_669' title='bbox 2388 2852 2444 2899; x_wconf 90' lang='lat' dir='ltr'><strong>ct</strong></span> <span class='ocrx_word' id='word_1_670' title='bbox 2497 2845 2769 2899; x_wconf 88' lang='lat' dir='ltr'><strong>undenam</strong></span> <span class='ocrx_word' id='word_1_671' title='bbox 2823 2845 2924 2900; x_wconf 90' lang='lat' dir='ltr'><strong>fuit</strong></span> <span class='ocrx_word' id='word_1_672' title='bbox 2988 2856 3289 2916; x_wconf 83' lang='lat' dir='ltr'><strong>sumptum.</strong></span> <span class='ocrx_word' id='word_1_673' title='bbox 3339 2845 3476 2901; x_wconf 82' lang='lat' dir='ltr'><strong>Cum</strong></span> 
     </span>
    </p>
   </div>
   <div class='ocr_carea' id='block_1_90' title="bbox 1917 2937 3474 3008">
    <p class='ocr_par' dir='ltr' id='par_1_90' title="bbox 1917 2937 3474 3008">
     <span class='ocr_line' id='line_1_90' title="bbox 1917 2937 3474 3008; baseline 0.003 -18"><span class='ocrx_word' id='word_1_674' title='bbox 1917 2937 2065 2990; x_wconf 91' lang='lat' dir='ltr'><strong>enim</strong></span> <span class='ocrx_word' id='word_1_675' title='bbox 2103 2937 2404 3006; x_wconf 88' lang='lat' dir='ltr'><strong>recepisset</strong></span> <span class='ocrx_word' id='word_1_676' title='bbox 2432 2948 2656 2993; x_wconf 90' lang='lat' dir='ltr'><strong>sanctus</strong></span> <span class='ocrx_word' id='word_1_677' title='bbox 2709 2938 2763 2993; x_wconf 88' lang='lat' dir='ltr'><strong>id</strong></span> <span class='ocrx_word' id='word_1_678' title='bbox 2814 2938 2960 3008; x_wconf 86' lang='lat' dir='ltr'><strong>quod</strong></span> <span class='ocrx_word' id='word_1_679' title='bbox 3011 2938 3196 2994; x_wconf 90' lang='lat' dir='ltr'><strong>datum</strong></span> <span class='ocrx_word' id='word_1_680' title='bbox 3258 2939 3474 2995; x_wconf 91' lang='lat' dir='ltr'><strong>fuerat:</strong></span> 
     </span>
    </p>
   </div>
   <div class='ocr_carea' id='block_1_91' title="bbox 1917 3028 3477 3100">
    <p class='ocr_par' dir='ltr' id='par_1_91' title="bbox 1917 3028 3477 3100">
     <span class='ocr_line' id='line_1_91' title="bbox 1917 3028 3477 3100; baseline 0.003 -19"><span class='ocrx_word' id='word_1_681' title='bbox 1917 3028 2215 3092; x_wconf 77' lang='lat' dir='ltr'><strong>Adesdum,</strong></span> <span class='ocrx_word' id='word_1_682' title='bbox 2257 3044 2290 3083; x_wconf 91' lang='grc' dir='ltr'>ο</span> <span class='ocrx_word' id='word_1_683' title='bbox 2319 3029 2507 3095; x_wconf 88' lang='lat' dir='ltr'><strong>frater,</strong></span> <span class='ocrx_word' id='word_1_684' title='bbox 2535 3032 2611 3084; x_wconf 85' lang='lat' dir='ltr'><strong>ait</strong></span> <span class='ocrx_word' id='word_1_685' title='bbox 2639 3032 2894 3100; x_wconf 82' lang='lat' dir='ltr'><strong>pauperi,</strong></span> <span class='ocrx_word' id='word_1_686' title='bbox 2940 3041 2995 3085; x_wconf 92' lang='lat' dir='ltr'><strong>et</strong></span> <span class='ocrx_word' id='word_1_687' title='bbox 3028 3030 3341 3094; x_wconf 84' lang='lat' dir='ltr'><strong>reddamus,</strong></span> <span class='ocrx_word' id='word_1_688' title='bbox 3391 3032 3477 3085; x_wconf 78' lang='lat' dir='ltr'><strong>in-</strong></span> 
     </span>
    </p>
   </div>
   <div class='ocr_carea' id='block_1_92' title="bbox 1918 3122 3475 3195">
    <p class='ocr_par' dir='ltr' id='par_1_92' title="bbox 1918 3122 3475 3195">
     <span class='ocr_line' id='line_1_92' title="bbox 1918 3122 3475 3195; baseline 0.001 -20"><span class='ocrx_word' id='word_1_689' title='bbox 1918 3126 2057 3189; x_wconf 80' lang='lat' dir='ltr'><strong>quit,</strong></span> <span class='ocrx_word' id='word_1_690' title='bbox 2089 3122 2457 3177; x_wconf 90' lang='lat' dir='ltr'><strong>communiter</strong></span> <span class='ocrx_word' id='word_1_691' title='bbox 2487 3123 2560 3185; x_wconf 90' lang='lat' dir='ltr'><strong>ei,</strong></span> <span class='ocrx_word' id='word_1_692' title='bbox 2624 3122 2720 3193; x_wconf 91' lang='lat' dir='ltr'><strong>qui</strong></span> <span class='ocrx_word' id='word_1_693' title='bbox 2798 3124 3033 3195; x_wconf 76' lang='lat' dir='ltr'><strong>benigne</strong></span> <span class='ocrx_word' id='word_1_694' title='bbox 3090 3124 3475 3180; x_wconf 83' lang='lat' dir='ltr'><strong>commodavit.</strong></span> 
     </span>
    </p>
   </div>
   <div class='ocr_carea' id='block_1_93' title="bbox 1916 3210 3478 3286">
    <p class='ocr_par' dir='ltr' id='par_1_93' title="bbox 1916 3210 3478 3286">
     <span class='ocr_line' id='line_1_93' title="bbox 1916 3210 3478 3286; baseline 0.004 -21"><span class='ocrx_word' id='word_1_695' title='bbox 1916 3210 2006 3267; x_wconf 92' lang='lat' dir='ltr'><strong>Sic</strong></span> <span class='ocrx_word' id='word_1_696' title='bbox 2038 3212 2235 3281; x_wconf 90' lang='lat' dir='ltr'><strong>inquit,</strong></span> <span class='ocrx_word' id='word_1_697' title='bbox 2280 3223 2337 3267; x_wconf 90' lang='lat' dir='ltr'><strong>et</strong></span> <span class='ocrx_word' id='word_1_698' title='bbox 2365 3229 2489 3267; x_wconf 91' lang='lat' dir='ltr'><strong>cum</strong></span> <span class='ocrx_word' id='word_1_699' title='bbox 2523 3229 2647 3269; x_wconf 91' lang='lat' dir='ltr'><strong>eum</strong></span> <span class='ocrx_word' id='word_1_700' title='bbox 2683 3216 3175 3284; x_wconf 82' lang='lat' dir='ltr'><strong>accepisset,ducit</strong></span> <span class='ocrx_word' id='word_1_701' title='bbox 3209 3218 3478 3286; x_wconf 62' lang='lat' dir='ltr'><strong>aliquem-</strong></span> 
     </span>
    </p>
   </div>
   <div class='ocr_carea' id='block_1_94' title="bbox 1916 3303 3479 3377">
    <p class='ocr_par' dir='ltr' id='par_1_94' title="bbox 1916 3303 3479 3377">
     <span class='ocr_line' id='line_1_94' title="bbox 1916 3303 3479 3377; baseline 0.003 -19"><span class='ocrx_word' id='word_1_702' title='bbox 1916 3303 2041 3358; x_wconf 91' lang='lat' dir='ltr'><strong>dam</strong></span> <span class='ocrx_word' id='word_1_703' title='bbox 2072 3304 2312 3369; x_wconf 89' lang='lat' dir='ltr'><strong>hortum,</strong></span> <span class='ocrx_word' id='word_1_704' title='bbox 2350 3306 2443 3374; x_wconf 91' lang='lat' dir='ltr'><strong>qui</strong></span> <span class='ocrx_word' id='word_1_705' title='bbox 2472 3306 2651 3375; x_wconf 81' lang='lat' dir='ltr'><strong>magni</strong></span> <span class='ocrx_word' id='word_1_706' title='bbox 2684 3307 2919 3361; x_wconf 89' lang='lat' dir='ltr'><strong>inediam</strong></span> <span class='ocrx_word' id='word_1_707' title='bbox 2948 3307 3275 3376; x_wconf 84' lang='lat' dir='ltr'><strong>quibusdam</strong></span> <span class='ocrx_word' id='word_1_708' title='bbox 3300 3310 3479 3377; x_wconf 70' lang='lat' dir='ltr'><strong>parv‘s</strong></span> 
     </span>
    </p>
   </div>
   <div class='ocr_carea' id='block_1_95' title="bbox 1918 3396 3454 3471">
    <p class='ocr_par' dir='ltr' id='par_1_95' title="bbox 1918 3396 3454 3471">
     <span class='ocr_line' id='line_1_95' title="bbox 1918 3396 3454 3471; baseline 0.003 -20"><span class='ocrx_word' id='word_1_709' title='bbox 1918 3396 2205 3453; x_wconf 90' lang='lat' dir='ltr'><strong>recreabat</strong></span> <span class='ocrx_word' id='word_1_710' title='bbox 2223 3398 2604 3465; x_wconf 86' lang='lat' dir='ltr'><strong>oleribus.Qui</strong></span> <span class='ocrx_word' id='word_1_711' title='bbox 2632 3416 2755 3455; x_wconf 91' lang='lat' dir='ltr'><strong>cum</strong></span> <span class='ocrx_word' id='word_1_712' title='bbox 2800 3400 2853 3453; x_wconf 91' lang='lat' dir='ltr'><strong>in</strong></span> <span class='ocrx_word' id='word_1_713' title='bbox 2882 3401 3000 3469; x_wconf 92' lang='lat' dir='ltr'><strong>ipso</strong></span> <span class='ocrx_word' id='word_1_714' title='bbox 3020 3416 3181 3471; x_wconf 86' lang='lat' dir='ltr'><strong>agere</strong></span> <span class='ocrx_word' id='word_1_715' title='bbox 3203 3401 3454 3455; x_wconf 74' lang='lat' dir='ltr'><strong>constiti:</strong></span> 
     </span>
    </p>
   </div>
   <div class='ocr_carea' id='block_1_96' title="bbox 1920 3491 3477 3562">
    <p class='ocr_par' dir='ltr' id='par_1_96' title="bbox 1920 3491 3477 3562">
     <span class='ocr_line' id='line_1_96' title="bbox 1920 3491 3477 3562; baseline -0.001 -17"><span class='ocrx_word' id='word_1_716' title='bbox 1920 3498 2024 3554; x_wconf 85' lang='lat' dir='ltr'><strong>set,</strong></span> <span class='ocrx_word' id='word_1_717' title='bbox 2052 3506 2116 3545; x_wconf 87' lang='lat' dir='ltr'><strong>ac</strong></span> <span class='ocrx_word' id='word_1_718' title='bbox 2152 3505 2336 3559; x_wconf 83' lang='lat' dir='ltr'><strong>sepem</strong></span> <span class='ocrx_word' id='word_1_719' title='bbox 2372 3491 2661 3562; x_wconf 78' lang='lat' dir='ltr'><strong>attigisset,</strong></span> <span class='ocrx_word' id='word_1_720' title='bbox 2697 3496 2751 3546; x_wconf 89' lang='lat' dir='ltr'><strong>in</strong></span> <span class='ocrx_word' id='word_1_721' title='bbox 2780 3492 2975 3548; x_wconf 70' lang='lat' dir='ltr'><strong>caelum</strong></span> <span class='ocrx_word' id='word_1_722' title='bbox 3006 3493 3237 3548; x_wconf 83' lang='lat' dir='ltr'><strong>sublatis</strong></span> <span class='ocrx_word' id='word_1_723' title='bbox 3266 3493 3437 3548; x_wconf 83' lang='lat' dir='ltr'><strong>oculis</strong></span> <span class='ocrx_word' id='word_1_724' title='bbox 3465 3511 3477 3544; x_wconf 92' lang='lat'>:</span> 
     </span>
    </p>
   </div>
   <div class='ocr_carea' id='block_1_97' title="bbox 1921 3582 3476 3647">
    <p class='ocr_par' dir='ltr' id='par_1_97' title="bbox 1921 3582 3476 3647">
     <span class='ocr_line' id='line_1_97' title="bbox 1921 3582 3476 3647; baseline 0.002 -11"><span class='ocrx_word' id='word_1_725' title='bbox 1921 3584 2148 3637; x_wconf 89' lang='lat' dir='ltr'><strong>Domine</strong></span> <span class='ocrx_word' id='word_1_726' title='bbox 2180 3584 2251 3635; x_wconf 90' lang='lat' dir='ltr'><strong>mi</strong></span> <span class='ocrx_word' id='word_1_727' title='bbox 2285 3584 2410 3638; x_wconf 88' lang='lat' dir='ltr'><strong>Jesu</strong></span> <span class='ocrx_word' id='word_1_728' title='bbox 2438 3583 2678 3647; x_wconf 88' lang='lat' dir='ltr'><strong>Christe,</strong></span> <span class='ocrx_word' id='word_1_729' title='bbox 2717 3582 2915 3639; x_wconf 81' lang='lat' dir='ltr'><strong>eD‘aIus</strong></span> <span class='ocrx_word' id='word_1_730' title='bbox 2940 3592 3044 3645; x_wconf 86' lang='lat' dir='ltr'><strong>est,</strong></span> <span class='ocrx_word' id='word_1_731' title='bbox 3095 3598 3161 3639; x_wconf 83' lang='lat' dir='ltr'><strong>eo</strong></span> <span class='ocrx_word' id='word_1_732' title='bbox 3201 3584 3476 3645; x_wconf 84' lang='lat' dir='ltr'><strong>audiente.</strong></span> 
     </span>
    </p>
   </div>
   <div class='ocr_carea' id='block_1_98' title="bbox 1920 3676 3482 3745">
    <p class='ocr_par' dir='ltr' id='par_1_98' title="bbox 1920 3676 3482 3745">
     <span class='ocr_line' id='line_1_98' title="bbox 1920 3676 3482 3745; baseline 0.001 -18"><span class='ocrx_word' id='word_1_733' title='bbox 1920 3678 2011 3743; x_wconf 88' lang='lat' dir='ltr'><strong>qui</strong></span> <span class='ocrx_word' id='word_1_734' title='bbox 2076 3677 2281 3737; x_wconf 78' lang='lat' dir='ltr'><strong>aderat,</strong></span> <span class='ocrx_word' id='word_1_735' title='bbox 2354 3676 2447 3745; x_wconf 93' lang='lat' dir='ltr'><strong>qui</strong></span> <span class='ocrx_word' id='word_1_736' title='bbox 2491 3676 2603 3731; x_wconf 91' lang='lat' dir='ltr'><strong>sola</strong></span> <span class='ocrx_word' id='word_1_737' title='bbox 2652 3677 2932 3730; x_wconf 86' lang='lat' dir='ltr'><strong>voluntate</strong></span> <span class='ocrx_word' id='word_1_738' title='bbox 2977 3676 3159 3731; x_wconf 88' lang='lat' dir='ltr'><strong>omnia</strong></span> <span class='ocrx_word' id='word_1_739' title='bbox 3221 3692 3376 3732; x_wconf 86' lang='lat' dir='ltr'><strong>creas</strong></span> <span class='ocrx_word' id='word_1_740' title='bbox 3426 3690 3482 3733; x_wconf 86' lang='lat' dir='ltr'><strong>et</strong></span> 
     </span>
    </p>
   </div>
   <div class='ocr_carea' id='block_1_99' title="bbox 1921 3764 3479 3834">
    <p class='ocr_par' dir='ltr' id='par_1_99' title="bbox 1921 3764 3479 3834">
     <span class='ocr_line' id='line_1_99' title="bbox 1921 3764 3479 3834; baseline 0.001 -17"><span class='ocrx_word' id='word_1_741' title='bbox 1921 3774 2274 3828; x_wconf 79' lang='lat' dir='ltr'><strong>transmutas,</strong></span> <span class='ocrx_word' id='word_1_742' title='bbox 2308 3766 2400 3833; x_wconf 87' lang='lat' dir='ltr'><strong>qui</strong></span> <span class='ocrx_word' id='word_1_743' title='bbox 2451 3764 2747 3834; x_wconf 85' lang='lat' dir='ltr'><strong>aliquando</strong></span> <span class='ocrx_word' id='word_1_744' title='bbox 2803 3765 2934 3819; x_wconf 76' lang='lat' dir='ltr'><strong>Mosi</strong></span> <span class='ocrx_word' id='word_1_745' title='bbox 2982 3767 3209 3834; x_wconf 83' lang='lat' dir='ltr'><strong>virgam,</strong></span> <span class='ocrx_word' id='word_1_746' title='bbox 3258 3766 3479 3821; x_wconf 87' lang='lat' dir='ltr'><strong>vidente</strong></span> 
     </span>
    </p>
   </div>
   <div class='ocr_carea' id='block_1_100' title="bbox 1920 3856 3480 3927">
    <p class='ocr_par' dir='ltr' id='par_1_100' title="bbox 1920 3856 3480 3927">
     <span class='ocr_line' id='line_1_100' title="bbox 1920 3856 3480 3927; baseline -0.001 -17"><span class='ocrx_word' id='word_1_747' title='bbox 1920 3873 2047 3927; x_wconf 79' lang='lat' dir='ltr'><strong>rege</strong></span> <span class='ocrx_word' id='word_1_748' title='bbox 2079 3856 2316 3927; x_wconf 67' lang='lat' dir='ltr'><strong>Aigvpti,</strong></span> <span class='ocrx_word' id='word_1_749' title='bbox 2368 3856 2423 3910; x_wconf 90' lang='lat' dir='ltr'><strong>in</strong></span> <span class='ocrx_word' id='word_1_750' title='bbox 2458 3868 2765 3924; x_wconf 81' lang='lat' dir='ltr'><strong>serpentem</strong></span> <span class='ocrx_word' id='word_1_751' title='bbox 2820 3858 3161 3922; x_wconf 86' lang='lat' dir='ltr'><strong>convertisti,</strong></span> <span class='ocrx_word' id='word_1_752' title='bbox 3213 3856 3327 3927; x_wconf 89' lang='lat' dir='ltr'><strong>ipse</strong></span> <span class='ocrx_word' id='word_1_753' title='bbox 3376 3856 3480 3911; x_wconf 86' lang='lat' dir='ltr'><strong>huc</strong></span> 
     </span>
    </p>
   </div>
   <div class='ocr_carea' id='block_1_101' title="bbox 1922 3948 3483 4020">
    <p class='ocr_par' dir='ltr' id='par_1_101' title="bbox 1922 3948 3483 4020">
     <span class='ocr_line' id='line_1_101' title="bbox 1922 3948 3483 4020; baseline 0 -17"><span class='ocrx_word' id='word_1_754' title='bbox 1922 3964 2140 4020; x_wconf 85' lang='lat' dir='ltr'><strong>quoque</strong></span> <span class='ocrx_word' id='word_1_755' title='bbox 2189 3964 2406 4010; x_wconf 90' lang='lat' dir='ltr'><strong>aurum,</strong></span> <span class='ocrx_word' id='word_1_756' title='bbox 2451 3950 2724 4018; x_wconf 89' lang='lat' dir='ltr'><strong>quomodo</strong></span> <span class='ocrx_word' id='word_1_757' title='bbox 2786 3964 2851 4003; x_wconf 80' lang='lat' dir='ltr'><strong>ex</strong></span> <span class='ocrx_word' id='word_1_758' title='bbox 2904 3950 3179 4003; x_wconf 83' lang='lat' dir='ltr'><strong>animante</strong></span> <span class='ocrx_word' id='word_1_759' title='bbox 3222 3948 3372 4017; x_wconf 88' lang='lat' dir='ltr'><strong>prius</strong></span> <span class='ocrx_word' id='word_1_760' title='bbox 3427 3948 3483 4003; x_wconf 89' lang='lat' dir='ltr'><strong>in</strong></span> 
     </span>
    </p>
   </div>
   <div class='ocr_carea' id='block_1_102' title="bbox 1912 4031 3480 4109">
    <p class='ocr_par' dir='ltr' id='par_1_102' title="bbox 1912 4031 3480 4109">
     <span class='ocr_line' id='line_1_102' title="bbox 1912 4031 3480 4109; baseline 0.001 -16"><span class='ocrx_word' id='word_1_761' title='bbox 1912 4031 2065 4093; x_wconf 79' lang='lat' dir='ltr'><strong>hanc</strong></span> <span class='ocrx_word' id='word_1_762' title='bbox 2120 4039 2339 4092; x_wconf 79' lang='lat' dir='ltr'><strong>mutasti</strong></span> <span class='ocrx_word' id='word_1_763' title='bbox 2392 4039 2645 4102; x_wconf 82' lang='lat' dir='ltr'><strong>formam,</strong></span> <span class='ocrx_word' id='word_1_764' title='bbox 2700 4038 2773 4092; x_wconf 91' lang='lat' dir='ltr'><strong>ita</strong></span> <span class='ocrx_word' id='word_1_765' title='bbox 2821 4054 2967 4093; x_wconf 89' lang='lat' dir='ltr'><strong>nunc</strong></span> <span class='ocrx_word' id='word_1_766' title='bbox 3011 4054 3229 4109; x_wconf 89' lang='lat' dir='ltr'><strong>quoque</strong></span> <span class='ocrx_word' id='word_1_767' title='bbox 3278 4055 3480 4102; x_wconf 87' lang='lat' dir='ltr'><strong>annue.</strong></span> 
     </span>
    </p>
   </div>
   <div class='ocr_carea' id='block_1_103' title="bbox 1924 4126 3480 4198">
    <p class='ocr_par' dir='ltr' id='par_1_103' title="bbox 1924 4126 3480 4198">
     <span class='ocr_line' id='line_1_103' title="bbox 1924 4126 3480 4198; baseline 0.004 -17"><span class='ocrx_word' id='word_1_768' title='bbox 1924 4140 1984 4183; x_wconf 91' lang='lat' dir='ltr'><strong>ut</strong></span> <span class='ocrx_word' id='word_1_769' title='bbox 2014 4139 2319 4181; x_wconf 87' lang='lat' dir='ltr'><strong>revertatur</strong></span> <span class='ocrx_word' id='word_1_770' title='bbox 2349 4126 2402 4180; x_wconf 92' lang='lat' dir='ltr'><strong>in</strong></span> <span class='ocrx_word' id='word_1_771' title='bbox 2433 4144 2553 4181; x_wconf 89' lang='lat' dir='ltr'><strong>eam</strong></span> <span class='ocrx_word' id='word_1_772' title='bbox 2576 4128 2827 4195; x_wconf 85' lang='lat' dir='ltr'><strong>formam,</strong></span> <span class='ocrx_word' id='word_1_773' title='bbox 2852 4130 2905 4183; x_wconf 90' lang='lat' dir='ltr'><strong>in</strong></span> <span class='ocrx_word' id='word_1_774' title='bbox 2933 4146 3037 4198; x_wconf 88' lang='lat' dir='ltr'><strong>qua</strong></span> <span class='ocrx_word' id='word_1_775' title='bbox 3068 4141 3186 4185; x_wconf 91' lang='lat' dir='ltr'><strong>erat</strong></span> <span class='ocrx_word' id='word_1_776' title='bbox 3208 4134 3277 4185; x_wconf 86' lang='lat' dir='ltr'><strong>ab</strong></span> <span class='ocrx_word' id='word_1_777' title='bbox 3306 4133 3480 4188; x_wconf 88' lang='lat' dir='ltr'><strong>initio:</strong></span> 
     </span>
    </p>
   </div>
   <div class='ocr_carea' id='block_1_104' title="bbox 1924 4219 3483 4291">
    <p class='ocr_par' dir='ltr' id='par_1_104' title="bbox 1924 4219 3483 4291">
     <span class='ocr_line' id='line_1_104' title="bbox 1924 4219 3483 4291; baseline 0.002 -18"><span class='ocrx_word' id='word_1_778' title='bbox 1924 4231 1986 4274; x_wconf 89' lang='lat' dir='ltr'><strong>ut</strong></span> <span class='ocrx_word' id='word_1_779' title='bbox 2022 4219 2111 4273; x_wconf 91' lang='lat' dir='ltr'><strong>hic</strong></span> <span class='ocrx_word' id='word_1_780' title='bbox 2141 4234 2361 4288; x_wconf 88' lang='lat' dir='ltr'><strong>quoque</strong></span> <span class='ocrx_word' id='word_1_781' title='bbox 2392 4219 2526 4272; x_wconf 86' lang='lat' dir='ltr'><strong>sciat</strong></span> <span class='ocrx_word' id='word_1_782' title='bbox 2587 4235 2750 4289; x_wconf 93' lang='lat' dir='ltr'><strong>quam</strong></span> <span class='ocrx_word' id='word_1_783' title='bbox 2783 4230 2837 4273; x_wconf 94' lang='lat' dir='ltr'><strong>tu</strong></span> <span class='ocrx_word' id='word_1_784' title='bbox 2869 4223 3041 4275; x_wconf 84' lang='lat' dir='ltr'><strong>nostri</strong></span> <span class='ocrx_word' id='word_1_785' title='bbox 3091 4237 3275 4275; x_wconf 88' lang='lat' dir='ltr'><strong>curam</strong></span> <span class='ocrx_word' id='word_1_786' title='bbox 3306 4238 3483 4291; x_wconf 80' lang='lat' dir='ltr'><strong>geras,</strong></span> 
     </span>
    </p>
   </div>
   <div class='ocr_carea' id='block_1_105' title="bbox 1924 4312 3483 4385">
    <p class='ocr_par' dir='ltr' id='par_1_105' title="bbox 1924 4312 3483 4385">
     <span class='ocr_line' id='line_1_105' title="bbox 1924 4312 3483 4385; baseline 0.002 -19"><span class='ocrx_word' id='word_1_787' title='bbox 1924 4323 1979 4366; x_wconf 91' lang='lat' dir='ltr'><strong>et</strong></span> <span class='ocrx_word' id='word_1_788' title='bbox 2009 4312 2173 4366; x_wconf 87' lang='lat' dir='ltr'><strong>rebus</strong></span> <span class='ocrx_word' id='word_1_789' title='bbox 2202 4312 2332 4381; x_wconf 87' lang='lat' dir='ltr'><strong>ipsis</strong></span> <span class='ocrx_word' id='word_1_790' title='bbox 2354 4312 2597 4365; x_wconf 88' lang='lat' dir='ltr'><strong>discatid</strong></span> <span class='ocrx_word' id='word_1_791' title='bbox 2616 4312 2761 4381; x_wconf 90' lang='lat' dir='ltr'><strong>quod</strong></span> <span class='ocrx_word' id='word_1_792' title='bbox 2782 4322 2863 4367; x_wconf 87' lang='lat' dir='ltr'><strong>est</strong></span> <span class='ocrx_word' id='word_1_793' title='bbox 2891 4315 2943 4368; x_wconf 90' lang='lat' dir='ltr'><strong>in</strong></span> <span class='ocrx_word' id='word_1_794' title='bbox 2969 4314 3150 4368; x_wconf 85' lang='lat' dir='ltr'><strong>divina</strong></span> <span class='ocrx_word' id='word_1_795' title='bbox 3179 4314 3483 4385; x_wconf 81' lang='lat' dir='ltr'><strong>Scriptura,</strong></span> 
     </span>
    </p>
   </div>
   <div class='ocr_carea' id='block_1_106' title="bbox 1926 4404 3483 4474">
    <p class='ocr_par' dir='ltr' id='par_1_106' title="bbox 1926 4404 3483 4474">
     <span class='ocr_line' id='line_1_106' title="bbox 1926 4404 3483 4474; baseline 0.003 -18"><span class='ocrx_word' id='word_1_796' title='bbox 1926 4404 2071 4474; x_wconf 88' lang='lat' dir='ltr'><strong>quod</strong></span> <span class='ocrx_word' id='word_1_797' title='bbox 2118 4404 2468 4472; x_wconf 68' lang='lat' dir='ltr'><strong>Quaecunque</strong></span> <span class='ocrx_word' id='word_1_798' title='bbox 2496 4408 2605 4457; x_wconf 87' lang='lat' dir='ltr'><strong>vult</strong></span> <span class='ocrx_word' id='word_1_799' title='bbox 2652 4406 2794 4459; x_wconf 84' lang='lat' dir='ltr'><strong>Deus</strong></span> <span class='ocrx_word' id='word_1_800' title='bbox 2838 4406 2967 4461; x_wconf 79' lang='lat' dir='ltr'><strong>iecit</strong></span> <span class='ocrx_word' id='word_1_801' title='bbox 3031 4409 3215 4462; x_wconf 87' lang='lat' dir='ltr'><strong>omnia</strong></span> <span class='ocrx_word' id='word_1_802' title='bbox 3264 4411 3305 4461; x_wconf 83' lang='lat'><strong>’.</strong></span> <span class='ocrx_word' id='word_1_803' title='bbox 3348 4407 3483 4462; x_wconf 87' lang='lat' dir='ltr'><strong>Cum</strong></span> 
     </span>
    </p>
   </div>
   <div class='ocr_carea' id='block_1_107' title="bbox 1860 4490 3491 4567">
    <p class='ocr_par' dir='ltr' id='par_1_107' title="bbox 1860 4490 3491 4567">
     <span class='ocr_line' id='line_1_107' title="bbox 1860 4490 3491 4567; baseline 0.003 -16"><span class='ocrx_word' id='word_1_804' title='bbox 1860 4517 1897 4567; x_wconf 79' lang='grc' dir='ltr'><strong>ι)</strong></span> <span class='ocrx_word' id='word_1_805' title='bbox 1930 4500 2000 4551; x_wconf 90' lang='lat' dir='ltr'><strong>ita</strong></span> <span class='ocrx_word' id='word_1_806' title='bbox 2035 4507 2180 4551; x_wconf 73' lang='lat' dir='ltr'><strong>esset</strong></span> <span class='ocrx_word' id='word_1_807' title='bbox 2231 4508 2483 4566; x_wconf 85' lang='lat' dir='ltr'><strong>precatus</strong></span> <span class='ocrx_word' id='word_1_808' title='bbox 2533 4499 2708 4564; x_wconf 79' lang='lat' dir='ltr'><strong>(Quis,</strong></span> <span class='ocrx_word' id='word_1_809' title='bbox 2770 4515 2803 4554; x_wconf 89' lang='grc' dir='ltr'>ο</span> <span class='ocrx_word' id='word_1_810' title='bbox 2839 4500 3089 4566; x_wconf 87' lang='lat' dir='ltr'><strong>Domine,</strong></span> <span class='ocrx_word' id='word_1_811' title='bbox 3135 4490 3334 4556; x_wconf 79' lang='lat' dir='ltr'><strong>dixerit</strong></span> <span class='ocrx_word' id='word_1_812' title='bbox 3370 4516 3491 4556; x_wconf 80' lang='lat' dir='ltr'><strong>ma-</strong></span> 
     </span>
    </p>
   </div>
   <div class='ocr_carea' id='block_1_108' title="bbox 1925 4588 3484 4657">
    <p class='ocr_par' dir='ltr' id='par_1_108' title="bbox 1925 4588 3484 4657">
     <span class='ocr_line' id='line_1_108' title="bbox 1925 4588 3484 4657; baseline 0.001 -17"><span class='ocrx_word' id='word_1_813' title='bbox 1925 4590 2262 4657; x_wconf 80' lang='lat' dir='ltr'><strong>gnitudinem</strong></span> <span class='ocrx_word' id='word_1_814' title='bbox 2311 4588 2519 4643; x_wconf 78' lang='lat' dir='ltr'><strong>miraeu</strong></span> <span class='ocrx_word' id='word_1_815' title='bbox 2545 4605 2701 4644; x_wconf 90' lang='lat' dir='ltr'><strong>orum</strong></span> <span class='ocrx_word' id='word_1_816' title='bbox 2767 4592 3062 4657; x_wconf 85' lang='lat' dir='ltr'><strong>tuorum?)</strong></span> <span class='ocrx_word' id='word_1_817' title='bbox 3115 4605 3307 4645; x_wconf 88' lang='lat' dir='ltr'><strong>aurum</strong></span> <span class='ocrx_word' id='word_1_818' title='bbox 3368 4600 3484 4644; x_wconf 80' lang='lat' dir='ltr'><strong>erat</strong></span> 
     </span>
    </p>
   </div>
   <div class='ocr_carea' id='block_1_109' title="bbox 1930 4680 3484 4751">
    <p class='ocr_par' dir='ltr' id='par_1_109' title="bbox 1930 4680 3484 4751">
     <span class='ocr_line' id='line_1_109' title="bbox 1930 4680 3484 4751; baseline 0.003 -19"><span class='ocrx_word' id='word_1_819' title='bbox 1930 4696 2175 4748; x_wconf 86' lang='lat' dir='ltr'><strong>serpens,</strong></span> <span class='ocrx_word' id='word_1_820' title='bbox 2224 4680 2439 4749; x_wconf 76' lang='lat' dir='ltr'><strong>Spirans</strong></span> <span class='ocrx_word' id='word_1_821' title='bbox 2467 4692 2522 4735; x_wconf 90' lang='lat' dir='ltr'><strong>et</strong></span> <span class='ocrx_word' id='word_1_822' title='bbox 2551 4697 2766 4750; x_wconf 88' lang='lat' dir='ltr'><strong>repens,</strong></span> <span class='ocrx_word' id='word_1_823' title='bbox 2803 4691 2854 4737; x_wconf 92' lang='lat' dir='ltr'><strong>et</strong></span> <span class='ocrx_word' id='word_1_824' title='bbox 2899 4683 3042 4736; x_wconf 82' lang='lat' dir='ltr'><strong>circa</strong></span> <span class='ocrx_word' id='word_1_825' title='bbox 3075 4697 3256 4751; x_wconf 76' lang='lat' dir='ltr'><strong>sepem</strong></span> <span class='ocrx_word' id='word_1_826' title='bbox 3306 4698 3484 4737; x_wconf 46' lang='lat' dir='ltr'><strong>move.</strong></span> 
     </span>
    </p>
   </div>
   <div class='ocr_carea' id='block_1_110' title="bbox 1928 4773 3487 4844">
    <p class='ocr_par' dir='ltr' id='par_1_110' title="bbox 1928 4773 3487 4844">
     <span class='ocr_line' id='line_1_110' title="bbox 1928 4773 3487 4844; baseline 0.001 -18"><span class='ocrx_word' id='word_1_827' title='bbox 1928 4773 2088 4826; x_wconf 85' lang='lat' dir='ltr'><strong>batur</strong></span> <span class='ocrx_word' id='word_1_828' title='bbox 2114 4781 2170 4827; x_wconf 84' lang='lat' dir='ltr'><strong>et</strong></span> <span class='ocrx_word' id='word_1_829' title='bbox 2199 4773 2519 4827; x_wconf 79' lang='lat' dir='ltr'><strong>volvebatur</strong></span> <span class='ocrx_word' id='word_1_830' title='bbox 2541 4790 2553 4826; x_wconf 87' lang='lat'><strong>:</strong></span> <span class='ocrx_word' id='word_1_831' title='bbox 2579 4789 2641 4827; x_wconf 82' lang='lat' dir='ltr'><strong>ex</strong></span> <span class='ocrx_word' id='word_1_832' title='bbox 2665 4789 2770 4843; x_wconf 89' lang='lat' dir='ltr'><strong>qua</strong></span> <span class='ocrx_word' id='word_1_833' title='bbox 2806 4775 3043 4844; x_wconf 88' lang='lat' dir='ltr'><strong>primum</strong></span> <span class='ocrx_word' id='word_1_834' title='bbox 3067 4786 3315 4844; x_wconf 83' lang='lat' dir='ltr'><strong>sumptus</strong></span> <span class='ocrx_word' id='word_1_835' title='bbox 3365 4790 3487 4829; x_wconf 84' lang='lat' dir='ltr'><strong>san-</strong></span> 
     </span>
    </p>
   </div>
   <div class='ocr_carea' id='block_1_111' title="bbox 1930 4864 3484 4928">
    <p class='ocr_par' dir='ltr' id='par_1_111' title="bbox 1930 4864 3484 4928">
     <span class='ocr_line' id='line_1_111' title="bbox 1930 4864 3484 4928; baseline 0.001 -11"><span class='ocrx_word' id='word_1_836' title='bbox 1930 4866 1999 4917; x_wconf 87' lang='lat' dir='ltr'><strong>cti</strong></span> <span class='ocrx_word' id='word_1_837' title='bbox 2033 4864 2304 4928; x_wconf 87' lang='lat' dir='ltr'><strong>manibus,</strong></span> <span class='ocrx_word' id='word_1_838' title='bbox 2358 4866 2752 4921; x_wconf 86' lang='lat' dir='ltr'><strong>admirabiliter</strong></span> <span class='ocrx_word' id='word_1_839' title='bbox 2802 4878 3044 4922; x_wconf 81' lang='lat' dir='ltr'><strong>mutatus</strong></span> <span class='ocrx_word' id='word_1_840' title='bbox 3094 4866 3197 4922; x_wconf 82' lang='lat' dir='ltr'><strong>fuit</strong></span> <span class='ocrx_word' id='word_1_841' title='bbox 3238 4867 3294 4921; x_wconf 89' lang='lat' dir='ltr'><strong>in</strong></span> <span class='ocrx_word' id='word_1_842' title='bbox 3350 4867 3484 4922; x_wconf 88' lang='lat' dir='ltr'><strong>illud</strong></span> 
     </span>
    </p>
   </div>
   <div class='ocr_carea' id='block_1_112' title="bbox 1923 4955 3483 5025">
    <p class='ocr_par' dir='ltr' id='par_1_112' title="bbox 1923 4955 3483 5025">
     <span class='ocr_line' id='line_1_112' title="bbox 1923 4955 3483 5025; baseline 0.005 -18"><span class='ocrx_word' id='word_1_843' title='bbox 1923 4970 2141 5009; x_wconf 86' lang='lat' dir='ltr'><strong>aurum.</strong></span> <span class='ocrx_word' id='word_1_844' title='bbox 2171 4955 2282 5009; x_wconf 88' lang='lat' dir='ltr'><strong>Hoc</strong></span> <span class='ocrx_word' id='word_1_845' title='bbox 2316 4971 2439 5009; x_wconf 87' lang='lat' dir='ltr'><strong>eum</strong></span> <span class='ocrx_word' id='word_1_846' title='bbox 2483 4967 2679 5025; x_wconf 60' lang='lat' dir='ltr'><strong>preter</strong></span> <span class='ocrx_word' id='word_1_847' title='bbox 2702 4972 2916 5012; x_wconf 86' lang='lat' dir='ltr'><strong>omnem</strong></span> <span class='ocrx_word' id='word_1_848' title='bbox 2959 4958 3247 5011; x_wconf 89' lang='lat' dir='ltr'><strong>humanam</strong></span> <span class='ocrx_word' id='word_1_849' title='bbox 3286 4958 3483 5019; x_wconf 58' lang='lat' dir='ltr'><strong>cocile-</strong></span> 
     </span>
    </p>
   </div>
   <div class='ocr_carea' id='block_1_113' title="bbox 1924 5048 3483 5119">
    <p class='ocr_par' dir='ltr' id='par_1_113' title="bbox 1924 5048 3483 5119">
     <span class='ocr_line' id='line_1_113' title="bbox 1924 5048 3483 5119; baseline 0.004 -20"><span class='ocrx_word' id='word_1_850' title='bbox 1924 5048 2125 5101; x_wconf 66' lang='lat' dir='ltr'><strong>tionem</strong></span> <span class='ocrx_word' id='word_1_851' title='bbox 2184 5050 2483 5116; x_wconf 77' lang='lat' dir='ltr'><strong>aspexisset</strong></span> <span class='ocrx_word' id='word_1_852' title='bbox 2538 5050 2811 5119; x_wconf 78' lang='lat' dir='ltr'><strong>agricola,</strong></span> <span class='ocrx_word' id='word_1_853' title='bbox 2866 5060 3102 5105; x_wconf 83' lang='lat' dir='ltr'><strong>tremore</strong></span> <span class='ocrx_word' id='word_1_854' title='bbox 3178 5061 3483 5119; x_wconf 86' lang='lat' dir='ltr'><strong>correptus.</strong></span> 
     </span>
    </p>
   </div>
   <div class='ocr_carea' id='block_1_114' title="bbox 1924 5134 3481 5211">
    <p class='ocr_par' dir='ltr' id='par_1_114' title="bbox 1924 5134 3481 5211">
     <span class='ocr_line' id='line_1_114' title="bbox 1924 5134 3481 5211; baseline 0.006 -20"><span class='ocrx_word' id='word_1_855' title='bbox 1924 5153 2129 5203; x_wconf 91' lang='lat' dir='ltr'><strong>pronus</strong></span> <span class='ocrx_word' id='word_1_856' title='bbox 2153 5141 2296 5193; x_wconf 89' lang='lat' dir='ltr'><strong>cadit</strong></span> <span class='ocrx_word' id='word_1_857' title='bbox 2316 5140 2369 5193; x_wconf 90' lang='lat' dir='ltr'><strong>in</strong></span> <span class='ocrx_word' id='word_1_858' title='bbox 2404 5140 2623 5203; x_wconf 87' lang='lat' dir='ltr'><strong>faciem,</strong></span> <span class='ocrx_word' id='word_1_859' title='bbox 2647 5148 2701 5194; x_wconf 91' lang='lat' dir='ltr'><strong>et</strong></span> <span class='ocrx_word' id='word_1_860' title='bbox 2727 5141 2889 5211; x_wconf 88' lang='lat' dir='ltr'><strong>capiti</strong></span> <span class='ocrx_word' id='word_1_861' title='bbox 2922 5142 3160 5211; x_wconf 82' lang='lat' dir='ltr'><strong>aspergit</strong></span> <span class='ocrx_word' id='word_1_862' title='bbox 3183 5134 3481 5211; x_wconf 57' lang='lat' dir='ltr'><strong>pulverem.</strong></span> 
     </span>
    </p>
   </div>
   <div class='ocr_carea' id='block_1_115' title="bbox 1923 5229 3489 5299">
    <p class='ocr_par' dir='ltr' id='par_1_115' title="bbox 1923 5229 3489 5299">
     <span class='ocr_line' id='line_1_115' title="bbox 1923 5229 3489 5299; baseline 0.001 -17"><span class='ocrx_word' id='word_1_863' title='bbox 1923 5230 2188 5299; x_wconf 86' lang='lat' dir='ltr'><strong>lacrymas</strong></span> <span class='ocrx_word' id='word_1_864' title='bbox 2245 5231 2501 5285; x_wconf 86' lang='lat' dir='ltr'><strong>emittens</strong></span> <span class='ocrx_word' id='word_1_865' title='bbox 2554 5245 2621 5285; x_wconf 79' lang='lat' dir='ltr'><strong>ex</strong></span> <span class='ocrx_word' id='word_1_866' title='bbox 2670 5232 2867 5296; x_wconf 82' lang='lat' dir='ltr'><strong>oculis,</strong></span> <span class='ocrx_word' id='word_1_867' title='bbox 2915 5240 2970 5284; x_wconf 90' lang='lat' dir='ltr'><strong>et</strong></span> <span class='ocrx_word' id='word_1_868' title='bbox 3034 5245 3092 5285; x_wconf 77' lang='lat' dir='ltr'><strong>se</strong></span> <span class='ocrx_word' id='word_1_869' title='bbox 3155 5245 3277 5285; x_wconf 83' lang='lat' dir='ltr'><strong>esse</strong></span> <span class='ocrx_word' id='word_1_870' title='bbox 3341 5229 3489 5284; x_wconf 85' lang='lat' dir='ltr'><strong>indi-</strong></span> 
     </span>
    </p>
   </div>
   <div class='ocr_carea' id='block_1_116' title="bbox 1931 5321 3488 5392">
    <p class='ocr_par' dir='ltr' id='par_1_116' title="bbox 1931 5321 3488 5392">
     <span class='ocr_line' id='line_1_116' title="bbox 1931 5321 3488 5392; baseline 0.001 -17"><span class='ocrx_word' id='word_1_871' title='bbox 1931 5337 2095 5392; x_wconf 82' lang='lat' dir='ltr'><strong>gnum</strong></span> <span class='ocrx_word' id='word_1_872' title='bbox 2128 5337 2233 5376; x_wconf 89' lang='lat' dir='ltr'><strong>non</strong></span> <span class='ocrx_word' id='word_1_873' title='bbox 2265 5324 2441 5377; x_wconf 76' lang='lat' dir='ltr'><strong>solum</strong></span> <span class='ocrx_word' id='word_1_874' title='bbox 2475 5322 2567 5376; x_wconf 73' lang='lat' dir='ltr'><strong>tali</strong></span> <span class='ocrx_word' id='word_1_875' title='bbox 2606 5322 2753 5378; x_wconf 90' lang='lat' dir='ltr'><strong>dono</strong></span> <span class='ocrx_word' id='word_1_876' title='bbox 2782 5331 2838 5380; x_wconf 90' lang='lat' dir='ltr'><strong>et</strong></span> <span class='ocrx_word' id='word_1_877' title='bbox 2865 5322 3059 5392; x_wconf 85' lang='lat' dir='ltr'><strong>gratia,</strong></span> <span class='ocrx_word' id='word_1_878' title='bbox 3100 5321 3195 5378; x_wconf 86' lang='lat' dir='ltr'><strong>sed</strong></span> <span class='ocrx_word' id='word_1_879' title='bbox 3243 5322 3328 5377; x_wconf 82' lang='lat' dir='ltr'><strong>vel</strong></span> <span class='ocrx_word' id='word_1_880' title='bbox 3369 5322 3488 5377; x_wconf 73' lang='lat' dir='ltr'><strong>solo</strong></span> 
     </span>
    </p>
   </div>
   <div class='ocr_carea' id='block_1_117' title="bbox 1933 5412 3491 5483">
    <p class='ocr_par' dir='ltr' id='par_1_117' title="bbox 1933 5412 3491 5483">
     <span class='ocr_line' id='line_1_117' title="bbox 1933 5412 3491 5483; baseline -0.003 -15"><span class='ocrx_word' id='word_1_881' title='bbox 1933 5416 2267 5483; x_wconf 79' lang='lat' dir='ltr'><strong>spectaculo,</strong></span> <span class='ocrx_word' id='word_1_882' title='bbox 2316 5416 2426 5469; x_wconf 87' lang='lat' dir='ltr'><strong>imo</strong></span> <span class='ocrx_word' id='word_1_883' title='bbox 2477 5430 2608 5470; x_wconf 84' lang='lat' dir='ltr'><strong>vero</strong></span> <span class='ocrx_word' id='word_1_884' title='bbox 2651 5417 2953 5471; x_wconf 88' lang='lat' dir='ltr'><strong>auditione.</strong></span> <span class='ocrx_word' id='word_1_885' title='bbox 3004 5412 3491 5469; x_wconf 79' lang='lat' dir='ltr'><strong>Verumenimvero</strong></span> 
     </span>
    </p>
   </div>
   <div class='ocr_carea' id='block_1_118' title="bbox 1932 5504 3495 5579">
    <p class='ocr_par' dir='ltr' id='par_1_118' title="bbox 1932 5504 3495 5579">
     <span class='ocr_line' id='line_1_118' title="bbox 1932 5504 3495 5579; baseline -0.001 -20"><span class='ocrx_word' id='word_1_886' title='bbox 1932 5520 2058 5560; x_wconf 82' lang='lat' dir='ltr'><strong>eum</strong></span> <span class='ocrx_word' id='word_1_887' title='bbox 2089 5506 2308 5576; x_wconf 89' lang='lat' dir='ltr'><strong>quidem</strong></span> <span class='ocrx_word' id='word_1_888' title='bbox 2337 5518 2557 5561; x_wconf 83' lang='lat' dir='ltr'><strong>sanctus</strong></span> <span class='ocrx_word' id='word_1_889' title='bbox 2588 5510 2772 5579; x_wconf 88' lang='lat' dir='ltr'><strong>erigit,</strong></span> <span class='ocrx_word' id='word_1_890' title='bbox 2801 5516 2857 5565; x_wconf 91' lang='lat' dir='ltr'><strong>et</strong></span> <span class='ocrx_word' id='word_1_891' title='bbox 2886 5510 2937 5565; x_wconf 91' lang='lat' dir='ltr'><strong>ei</strong></span> <span class='ocrx_word' id='word_1_892' title='bbox 2973 5508 3215 5563; x_wconf 88' lang='lat' dir='ltr'><strong>animum</strong></span> <span class='ocrx_word' id='word_1_893' title='bbox 3245 5504 3407 5560; x_wconf 74' lang='lat' dir='ltr'><strong>simul</strong></span> <span class='ocrx_word' id='word_1_894' title='bbox 3436 5511 3495 5566; x_wconf 75' lang='lat' dir='ltr'><strong>et</strong></span> 
     </span>
    </p>
   </div>
   <div class='ocr_carea' id='block_1_119' title="bbox 1935 5596 3503 5671">
    <p class='ocr_par' dir='ltr' id='par_1_119' title="bbox 1935 5596 3503 5671">
     <span class='ocr_line' id='line_1_119' title="bbox 1935 5596 3503 5671; baseline -0.003 -20"><span class='ocrx_word' id='word_1_895' title='bbox 1935 5613 2134 5667; x_wconf 78' lang='lat' dir='ltr'><strong>corpus</strong></span> <span class='ocrx_word' id='word_1_896' title='bbox 2197 5599 2536 5653; x_wconf 83' lang='lat' dir='ltr'><strong>corroborat.</strong></span> <span class='ocrx_word' id='word_1_897' title='bbox 2596 5600 2831 5671; x_wconf 81' lang='lat' dir='ltr'><strong>Serpens</strong></span> <span class='ocrx_word' id='word_1_898' title='bbox 2873 5608 3051 5654; x_wconf 87' lang='lat' dir='ltr'><strong>autem</strong></span> <span class='ocrx_word' id='word_1_899' title='bbox 3118 5596 3334 5653; x_wconf 85' lang='lat' dir='ltr'><strong>interim</strong></span> <span class='ocrx_word' id='word_1_900' title='bbox 3397 5608 3503 5669; x_wconf 77' lang='lat' dir='ltr'><strong>per</strong></span> 
     </span>
    </p>
   </div>
   <div class='ocr_carea' id='block_1_120' title="bbox 3016 5872 3082 5929">
    <p class='ocr_par' dir='ltr' id='par_1_120' title="bbox 3016 5872 3082 5929">
     <span class='ocr_line' id='line_1_120' title="bbox 3016 5872 3082 5929; baseline -0.015 0"><span class='ocrx_word' id='word_1_901' title='bbox 3016 5872 3082 5929; x_wconf 72' lang='grc'><strong>14</strong></span> 
     </span>
    </p>
   </div>
  </div>
