4260 6430
799 382 898 444 4‘27

2025 361 2314 423 MENSIS
2351 359 2787 421 DECEMBER.

3941 347 4048 410 4‘28

798 507 981 562 sepem
1019 487 1306 548 transiens,
1353 485 1522 540 subiit
1577 494 1866 539 cavernam
1914 492 2076 547 quam
2126 473 2365 528 habebat
2400 474 2480 532 Al

2400 479 2440 532 Α
2471 474 2530 525 ἐν
2566 472 2809 541 τοσούτῳ
2852 468 2946 523 τοῦ
2979 466 3239 540 φραγμοῦ
3285 464 3659 533 διεξελιχθεες,
3705 461 3797 514 τὸν
3837 461 4048 530 φωλεὸν

794 585 866 639 ab
884 583 1073 637 initio.
1098 576 1415 631 Miraculum
1448 574 1674 630 omnino
1703 571 1850 626 nulla
1886 583 2024 638 opus
2055 566 2217 620 habet
2243 580 2364 618 ora-

797 677 948 730 tione
1020 672 1084 725 ad
1150 667 1659 737 amplificationem;
1716 680 1782 720 ex
1833 662 1950 732 ipso
2015 659 2162 714 enim
2235 658 2368 712 satis

799 765 1127 826 ostenditur,
1167 761 1328 830 quale
1357 757 1465 821 sit;
1506 769 1561 812 et
1592 764 1709 811 arte
1734 752 1962 831 omnino
1990 764 2099 803 non
2159 746 2392 824 indiget,

795 867 1013 919 natura,
1047 867 1164 921 quze
1197 849 1476 922 propriam
1507 846 1674 901 habet
1706 839 2211 911 exsuperationem.
2273 835 2366 890 Di-

799 959 954 1003 catur
987 944 1245 1000 autemid
1272 955 1491 1012 quoque.
1521 936 1667 1008 quod
1701 935 2079 1003 consequitur,
2105 928 2250 1000 quod
2282 937 2368 984 est

800 1052 1085 1109 cognatum
1119 1033 1412 1107 prioribus.
1448 1040 1504 1085 et
1535 1028 1777 1100 ejusdem
1811 1022 2000 1096 gratias
2018 1030 2074 1077 et
2089 1019 2365 1093 potentiae.

871 1132 963 1186 IX.
999 1130 1172 1192 Alius,
1203 1128 1293 1196 qui
1333 1132 1450 1179 crat
1503 1123 1617 1192 ipse
1653 1132 1872 1190 quoque
1911 1121 2102 1170 sancto
2155 1112 2367 1166 amicus

801 1228 938 1291 (erat
973 1231 1154 1274 autem
1191 1214 1412 1271 virtutis
1451 1211 1750 1271 studiosus,
1811 1215 1866 1260 et
1903 1204 2029 1259 ideo
2085 1199 2367 1271 improbos

801 1315 1054 1369 homines
1107 1315 1352 1363 moverat
1390 1305 1456 1360 ad
1500 1301 1784 1363 invidiam,
1820 1305 1877 1353 et
1914 1296 2220 1367 aliquorum
2261 1291 2369 1348 eri-

805 1409 1009 1460 minum
1037 1397 1398 1455 accusabatur
1425 1409 1524 1460 per
1543 1380 2370 1456 calumniam),comprehensus

801 1514 828 1550 a
861 1493 1090 1564 praaside
1130 1486 1393 1548 civitatis,
1434 1482 1727 1552 conjicitur
1763 1479 1816 1532 in
1867 1488 2188 1532 carcerem:
2238 1484 2366 1540 pro-

805 1589 951 1643 tinus
997 1597 1126 1637 vero
1179 1583 1469 1635 damnatur
1509 1573 1723 1643 capitis.
1765 1567 1901 1624 Cum
1957 1573 2137 1620 autem
2196 1576 2367 1632 prope

2472 563 2640 618 ὑπέδυ
2691 564 2784 616 τδν
2850 562 2909 629 ἐξ
2961 561 3163 630 ἀρχῆς.
3220 560 3447 622 Πάντως
3507 556 3718 617 οὐδενὸς
3769 555 3944 608 δεῖται
3988 553 4051 606 τδ

2471 657 2658 727 θαῦμα
2683 656 2846 724 λόγου
2880 656 3017 724 πρὸς
3043 653 3280 724 αὔξησιν
3313 667 3330 687 ο
3361 653 3638 706 δείκνυται
3670 651 3779 720 γὰρ
3811 649 4050 703 αὐτόθεν

2468 753 2654 823 ὁποῖον
2681 766 2696 783 ο
2729 751 2825 804 καὶ
2854 750 3048 820 τέχνης
3080 749 3217 809 ὅλως
3261 749 3294 817 ἡ
3335 745 3498 815 φύσις
3514 743 3802 810 ἀνενδεὴς,
3834 740 4050 794 οἰκείαν

2470 843 2669 915 ἔχουσα
2697 842 2794 913 τὴν
2830 841 3160 912 ὑπερϐολὴν.
3191 838 3453 905 Δεγέσοω
3500 836 3558 890 δέ
3600 835 3696 888 καὶ
3741 835 3802 886 τὺ
3849 832 4051 902 ἐφεξῆς

2473 935 2733 1005 συγγενὲς
2765 933 2824 987 ὃν
2848 935 2960 996 τοῖς
2991 930 3353 1003 προλαϐοῦσι,
3376 929 3587 998 καὶτῆς
3616 924 3788 996 αὐτῆς
3818 925 4049 987 ἐκείνοις

2471 1028 2694 1100 χάριτος
2719 1027 2812 1080 καὶ
2840 1025 3150 1094 δυνάμεως.

2541 1118 2620 1174 6'.
2654 1121 2882 1190 Ἕτερος
2917 1114 3226 1187 προσφιλὴς
3264 1115 3366 1184 μέν
3408 1115 3502 1168 καὶ
3546 1115 3714 1178 αὐτὸς
3763 1111 3839 1184 τῷ
3889 1111 4046 1180 ὁσίῳ,

2471 1208 2676 1280 ἀρετὴν
2708 1207 2764 1260 δέ
2794 1206 3017 1278 μετιὼν,
3057 1204 3349 1276 καὶταύτῃ
3399 1204 3674 1275 πονηρούς
3726 1221 3786 1257 τε
3843 1201 4049 1272 ἄνδρας

2471 1304 2527 1365 ἐς
2555 1301 2750 1370 φθόνον
2780 1299 3118 1368 κεκινηκὼς,
3153 1299 3246 1351 καί
3273 1281 3438 1352 τινων
3491 1295 3858 1365 ἐγκλημάτων
3908 1296 4072 1362 ὕπο--

2473 1391 2650 1464 μένων
2682 1390 3076 1458 συκοφαντίαν,
3099 1389 3206 1442 ὑπὸ
3231 1389 3326 1442 τοῦ
3356 1388 3457 1458 τῆς
3481 1388 3752 1458 ἐπαρχίας
3781 1388 4050 1456 ἄρχοντος

2472 1485 2757 1556 συσχεθεὶς
2787 1488 2853 1557 τῇ
2888 1485 3077 1554 εἱρκτῆ
3113 1482 3490 1554 παραδίδοται,
3515 1484 3640 1536 ὅσον
3672 1482 3728 1535 δὲ
3751 1479 3927 1544 οῦπω,
3955 1480 4052 1532 καὶ

2470 1581 2686 1652 θανάτῳ
2715 1579 3155 1644 καταδικάζεται.
3173 1575 3262 1638 ἀς
3282 1575 3374 1629 οῦν
3396 1576 3429 1647 ἡ
3447 1575 3614 1646 κυρία
3631 1575 3793 1644 ἐγγυς
3811 1569 3902 1643 ἦν,
3917 1572 4052 1640 φθά-

803 1688 949 1735 csset
979 1676 1098 1730 dies
1126 1671 1485 1744 praestitutus,
1518 1661 1784 1735 praevenit
1841 1666 2084 1720 sanctus,
2118 1654 2212 1725 qui
2262 1653 2368 1707 hoc
2468 1693 2485 1729 η

2468 1691 2548 1729 νει
2594 1674 2651 1728 δέ
2707 1673 2799 1727 καὶ
2853 1673 3014 1727 τοῦτο
3071 1669 3343 1742 προγνοὺς
3401 1670 3429 1720 6
3486 1669 3663 1736 ἅγιος,
3708 1666 3930 1720 σπεύδει
3963 1665 4053 1716 λῦ-

801 1769 1173 1841 przeseiverat,
1207 1773 1264 1818 et
1301 1761 1521 1816 festinat
1548 1757 1783 1812 liberare
1818 1753 2054 1807 amicum
2081 1765 2110 1803 a
2140 1746 2366 1802 calami-

806 1837 938 1917 tate.
973 1861 1107 1914 Erat
1141 1870 1273 1910 vero
1307 1862 1438 1907 tunc
1463 1850 1643 1905 hiems
1663 1841 2165 1904 vehementissima,
2191 1848 2247 1894 et
2271 1837 2366 1909 qui

803 1951 1209 2025 prwterﬂuebat
1273 1955 1511 2005 torrens,
1557 1956 1682 1996 cum
1720 1937 1880 1994 valde
1929 1933 2268 1994 inundasset,
2316 1940 2374 1986 et

804 2022 979 2101 esuis
1007 2051 1154 2098 esset
1187 2038 1396 2094 eﬂ‘usus
1423 2032 1708 2095 limitibus,
1739 2029 1787 2084 ei
1848 2026 2009 2082 valde
2058 2023 2262 2078 ﬂuebat
2313 2022 2368 2076 in

807 2137 1084 2197 transitu,
1174 2142 1352 2198 neque
1443 2129 1659 2194 poterat
1750 2115 1974 2173 omnino
2055 2109 2373 2167 transmitti.

807 2230 900 2284 lile
966 2234 1147 2280 autem
1219 2218 1404 2274 Iesum
1471 2215 1642 2278 Nave,
1705 2220 1760 2265 et
1815 2225 1938 2279 qua:
1999 2206 2088 2259 ille
2151 2203 2374 2268 fecerat,

805 2329 986 2374 mente
1031 2327 1274 2375 versans,
1325 2318 1380 2364 et
1425 2320 1565 2360 arca:
1621 2302 1909 2357 transitum
1973 2305 2254 2370 reputans,
2321 2305 2377 2349 et

808 2411 1041 2466 credens
1086 2403 1340 2461 eumdem
1385 2413 1528 2465 esse,
1566 2396 1705 2450 sicut
1754 2401 1891 2457 erat,
1927 2391 2122 2455 Deum.
2181 2397 2236 2445 et
2276 2404 2374 2458 pe-

808 2497 961 2551 rinde
992 2503 1155 2562 atque
1175 2503 1333 2545 servo
1363 2498 1521 2542 utens
1545 2490 1789 2538 torrente
1818 2498 1833 2536 :
1860 2481 1975 2541 Sta.
2005 2479 2203 2549 inquit,
2227 2493 2379 2534 com-

809 2589 990 2644 munis
1033 2587 1136 2640 hoc
1186 2583 1285 2637 tibi
1346 2581 1578 2649 imperat
1645 2576 1928 2638 Dominus,
1973 2582 2030 2627 et
2083 2587 2182 2642 ego
2234 2581 2380 2625 tran-

2472 1782 2561 1818 σαι
2603 1764 2679 1833 τῷ
2711 1763 2849 1834 φίλῳ
2873 1763 2973 1833 τὴν
3002 1763 3317 1832 συμφοράν.
3362 1757 3472 1813 Ἦν
3521 1759 3578 1812 δὲ
3610 1759 3732 1812 τότε
3777 1758 4052 1829 χειμῶνος

2473 1854 2534 1907 τι
2564 1854 2958 1924 ἀκμαιότατον,
2991 1853 3086 1906 καὶ
3107 1854 3134 1904 6
3166 1849 3503 1922 παραρρέων
3530 1849 3840 1920 χείμαρρος
3890 1848 4050 1902 ὕδασι

2474 1943 2886 2016 πλημμυρήσας
2929 1943 3071 2013 μάλα
3118 1941 3361 2006 πολλοῖς,
3398 1940 3495 1993 καὶ
3553 1939 3661 1992 τῶν
3716 1939 3862 1992 ἰδίων
3909 1940 4053 2008 ὅρων

2473 2035 2825 2106 ὑπερχυθεὶς,
2862 2036 3089 2106 σφοδρὸς
3124 2033 3276 2105 αὐτῷ
3313 2033 3456 2087 κατά
3486 2035 3587 2102 τὴν
3619 2031 3851 2101 πάροδον
3875 2032 4052 2102 ἔρρει,

2477 2129 2574 2182 καὶ
2603 2129 2818 2198 οὐδαμῆ
2849 2125 2956 2180 οὐδ’
2987 2128 3124 2188 ὅλως
3154 2124 3414 2188 διαϐατὸς
3445 2119 3536 2196 ἦν.
3581 2121 3640 2176 '0
3654 2124 3722 2177 ’δέ
3757 2122 3965 2192 Ἰησοῦν
3993 2139 4052 2176 τε

2476 2222 2570 2276 τὸν
2599 2221 2695 2274 τοῦ
2721 2221 2874 2290 Ναυῆ
2917 2220 3013 2273 καὶ
3057 2218 3124 2272 τὰ
3162 2219 3372 2272 ἐκείνου
3400 2220 3457 2271 ἐν
3489 2216 3565 2287 νῷ
3609 2216 3916 2286 τιθέμενος,
3957 2214 4054 2285 τὴν

2476 2311 2730 2367 διάϐασίν
2761 2329 2820 2366 τε
2853 2315 2954 2382 τῆς
3010 2311 3246 2365 κιϐωτοῦ
3302 2309 3677 2381 λογιζόμενος,
3729 2311 3823 2363 τὸν
3864 2310 4053 2373 αὑτὸν,

2477 2400 2669 2471 ὥσπερ
2699 2402 2795 2455 καὶ
2825 2397 2915 2472 ἧν,
2969 2399 3353 2464 πεπιστευκὼς
3389 2397 3528 2454 εἷναι
3563 2400 3698 2454 Θεὸν
3721 2441 3736 2462 ,
3787 2399 3884 2453 καὶ
3933 2401 4057 2469 τρό-

2479 2510 2580 2545 πον
2611 2492 2825 2546 οἰκέτου
2855 2491 2931 2561 τῷ
2976 2494 3266 2564 χειμάρρῳ
3315 2492 3621 2563 χρώμενος,
3677 2492 3863 2562 Στῆθι,
3923 2490 4054 2560 ἐφη,

2478 2582 2712 2645 δκοινός
2761 2598 2845 2636 σοι
2892 2584 3172 2636 ἐπιτάττει
3219 2585 3522 2653 Δεσπότης,
3576 2583 3671 2636 καὶ
3715 2581 4056 2652 διαϐήσομαι

809 2683 962 2743 siho,
993 2679 1079 2732 vir
1122 2684 1304 2730 autem
1351 2670 1679 2730 servabitur,
1718 2681 1815 2738 pro
1864 2679 1972 2735 quo
2025 2676 2381 2733 properamus
2483 2694 2491 2746 ι

990 2770 999 2772 _
1111 2768 1141 2772 _
1476 2761 1497 2772 -
1551 2761 1583 2772 ..
1767 2757 1849 2772 m,
2134 2761 2180 2772 _.
2239 2750 2376 2772 ___A,

2374 2678 2381 2772 Il
2483 2676 2583 2746 μιν
2615 2674 2749 2772 ἐγιὶ),
2784 2670 3089 2745 σωθήσεται
3117 2675 3173 2727 δέ
3192 2674 3395 2746 ὀάνὴρ,
3415 2675 3556 2746 ὑπὲρ
3587 2670 3646 2729 οῦ
3672 2673 3978 2743 σπεύδομεν
3997 2687 4056 2725 τε

808 2783 866 2864 (ξι
894 2770 1091 2864 "tum?
1111 2768 1224 2822 D90
1254 2778 1447 2864 Ρτθθεξθ
1472 2761 1732 2864 Ῐυάῖφυεο
1767 2757 1858 2812 δίο
1912 2755 2070 2864 ξίῖίξν
2127 2761 2188 2864 εξ
2481 2769 2575 2824 καὶ
2603 2767 2778 2820 πολλὰ
2807 2765 2900 2819 τοῦ
2927 2766 3063 2820 Θεοῦ
3091 2767 3418 2838 ἐδεήθημεν.
3454 2766 3643 2828 υῦτως
3675 2765 3800 2834 ἔφη,
3857 2766 3954 2818 καὶ
3996 2765 4059 2815 τὸ

810 2863 1017 2918 dictum
1055 2861 1254 2920 luerat,
1284 2853 1534 2924 pretinus
1577 2849 1636 2903 fit
1659 2861 1882 2916 compos
1915 2846 2100 2906 ﬂuvio,
2136 2851 2193 2897 et
2233 2846 2382 2896 sistit
2484 2883 2492 2932 ‘

2376 2855 2382 2893 ί
2484 2861 2648 2932 ῥηθὲν
2679 2864 3023 2931 παραχρῆμα
3068 2859 3206 2930 πέδη
3261 2861 3341 2930 τῷ
3389 2858 3621 2928 ποταμῷ
3667 2859 3900 2924 γίνεται,
3961 2859 4058 2908 καὶ

812 2955 1077 3008 fluentum
1105 2966 1120 3014 ;
1146 2946 1291 3003 cedit
1319 2958 1452 2998 vero
1483 2942 1569 2996 via
1599 2955 1708 2994 non
1742 2940 1918 2993 solum
1955 2932 2254 3005 Spiridoni,
2284 2929 2381 2985 sed

818 3045 940 3100 aliis
1008 3043 1174 3096 etiam
1215 3035 1541 3092 viatoribus.
1578 3033 1670 3086 De
1735 3038 1931 3084 caetero
1982 3025 2117 3080 nihil
2152 3023 2384 3093 amplius

2481 2952 2576 3004 τοῦ
2610 2951 2889 3021 ῥεύματος
2913 2953 3158 3004 ἵσταται.
3197 2951 3528 3020 Παραχωρεῖ
3550 2950 3607 3001 δέ
3645 2950 3707 3002 οὗ
3740 2948 4060 3018 Στωρίδωνι

2484 3047 2584 3113 τῆς
2617 3043 2739 3096 ὁδοῦ
2773 3043 2955 3113 μόνον,
2983 3043 3118 3096 ἀλλὰ
3151 3043 3244 3094 καὶ
3294 3044 3406 3103 τοῖς
3461 3041 3643 3102 ἄλλοις
3687 3040 3911 3105 ὀδίταις,
3966 3040 4061 3091 οὑ-

820 3137 926 3188 illis
961 3133 1162 3186 malum
1215 3125 1454 3182 occurrit
1481 3115 1989 3212 et’dubium.Quod
2026 3129 2158 3185 ergo
2203 3113 2272 3166 ab
2317 3127 2383 3166 co
2408 3153 2450 3212 ε
2486 3154 2502 3189 ,

2377 3131 2450 3212 'c
2486 3136 2606 3189 κὲτι
2634 3134 2729 3186 τοῦ
2752 3133 2943 3186 λοιποῦ
2978 3134 3217 3202 πονηρόν
3251 3149 3302 3185 τι
3338 3132 3660 3202 συνάντημα
3705 3135 3913 3194 ἐκεῖνος
3962 3133 4059 3183 καὶ

817 3229 1022 3282 hctum
1050 3233 1133 3278 est
1163 3196 1656 3282 transeundo/non
1687 3213 1790 3264 fuit
1829 3209 2010 3263 minus
2036 3205 2378 3270 admirabile,

817 3333 979 3389 quam
1013 3316 1065 3371 id
1126 3312 1270 3383 quod
1320 3309 1632 3364 instituerat
1663 3305 1884 3360 facere:
1931 3319 1998 3356 ex
2049 3302 2152 3354 hoc
2199 3308 2379 3352 autern

816 3411 949 3466 illud
978 3422 1196 3478 quoque
1248 3404 1460 3458 facilius
1501 3410 1558 3456 et
1609 3399 1805 3452 melius
1861 3395 2183 3465 perfectum.
2247 3390 2380 3445 Nam

818 3518 944 3559 cum
1021 3500 1115 3569 qui
1193 3512 1316 3551 cum
1385 3509 1451 3548 eo
1496 3489 1868 3552 ambulabant,
1917 3485 2179 3539 vidissent
2239 3480 2382 3551 quod

817 3595 1022 3649 factum
1075 3591 1272 3652 fuerat,
1355 3587 1490 3641 eum'
1541 3589 1938 3653 pmcurrentes
1994 3585 2049 3630 et
2102 3574 2384 3628 venientes

817 3685 1221 3758 quamprimum
1243 3683 1296 3736 in
1327 3681 1628 3745 civitatem,
1675 3673 1812 3729 fiunt
1840 3669 2084 3742 praeclari
2107 3682 2385 3739 praecones

818 3781 940 3850 ejus
969 3777 1115 3847 quod
1144 3776 1348 3831 factum
1377 3772 1589 3833 fuerat;
1619 3778 1675 3823 et
1704 3778 1904 3836 praeses
1930 3762 2127 3832 partim
2160 3759 2383 3829 quidem

819 3868 1176 3937 stupefactus.
1221 3863 1418 3934 partim
1466 3872 1647 3914 autem
1702 3857 1899 3910 timore
1947 3861 2258 3920 correptus,
2311 3864 2382 3903 ne

822 3961 1000 4014 virum
1046 3958 1139 4028 qui
1191 3956 1314 4009 talia
1365 3961 1545 4024 posset
1594 3956 1913 4005 cerneretur
1958 3942 2257 4005 offendere,
2300 3955 2386 3995 re-

820 4061 985 4124 pente
1007 4052 1128 4120 ejus
1146 4049 1381 4103 amicum
1402 4045 1608 4099 relaxat
1629 4056 1659 4095 e
1681 4037 1937 4099 vinculis,
1965 4044 2020 4089 et
2040 4048 2165 4088 eum
2195 4042 2385 4087 sancto

825 4146 1072 4213 largitur.
1107 4141 1157 4194 ls
1193 4148 1376 4192 autem
1412 4149 1477 4189 eo
1505 4142 1732 4202 accepto
1788 4138 1872 4184 est
1934 4140 2211 4190 reversus,
2257 4138 2380 4178 cum

821 4255 887 4294 ex
917 4253 1022 4292 una
1053 4250 1214 4290 causa
1242 4234 1350 4287 duo
1377 4230 1652 4284 effecisset
1680 4245 1692 4280 :
1720 4238 1914 4294 nempe
1943 4222 2134 4276 ﬂuenti
2161 4220 2383 4291 quidem

825 4330 1175 4398 repressisset
1229 4327 1512 4393 impetum,
1548 4320 1825 4374 hominem
1859 4331 1991 4369 vero
2039 4314 2271 4382 benigne
2321 4312 2387 4366 li-

836 4423 1084 4476 berasset
1116 4435 1144 4473 a
1176 4417 1504 4473 calamitate.
1536 4416 1714 4480 Atque
1744 4407 1892 4478 quod
1921 4407 1987 4461 ad
2036 4405 2380 4477 prophetiam

824 4514 1048 4584 quidem
1085 4512 1299 4575 attinet,
1329 4517 1422 4562 aut
1451 4505 1734 4566 miracula,
1766 4510 1860 4556 aut
1885 4501 1938 4554 in
1959 4497 2219 4553 arumnis
2240 4512 2389 4551 com-

828 4605 1258 4666 miserationem,
1295 4599 1428 4654 nihil
1462 4597 1699 4652 arbitror
1747 4608 1868 4649 esse
1919 4592 2098 4662 majus
2154 4589 2222 4646 iis
2265 4605 2386 4658 quae

828 4699 972 4755 dicta
1013 4703 1162 4751 sunt.

2482 3228 2688 3299 ἄπορον
2716 3225 2813 3282 ὢν.
2847 3224 2920 3281 Τὸ
2958 3226 3056 3298 μὲν
3077 3222 3171 3281 οὖν
3198 3225 3498 3297 πάρεργον,
3533 3223 3689 3278 οὐδὲν
3712 3219 3875 3295 ἦττον
3905 3223 4060 3292 αὐτῷ

2479 3323 2574 3375 τοῦ
2603 3323 2766 3391 ἔργου
2805 3320 3120 3390 θαυμαστὸν
3148 3319 3458 3388 εἴργασται.
3505 3316 3598 3370 Ἐκ
3628 3318 3822 3372 τούτου
3865 3317 3925 3370 δέ
3958 3321 4065 3370 γά-

2483 3418 2630 3468 κεῖνο
2661 3413 2992 3482 κατώρθωτο
3020 3411 3244 3482 μᾶλλον.
3288 3411 3378 3474 Ὠς
3433 3411 3542 3480 γὰρ
3594 3411 3645 3462 οὶ
3714 3426 3934 3479 συμπορ
3971 3412 4063 3462 υό-

2487 3525 2639 3578 μενοι
2669 3507 2731 3560 τὸ
2753 3507 2980 3575 γεγονὸς
3001 3505 3316 3570 ἐθεάσαντο,
3353 3503 3519 3558 αὑτοῦ
3549 3520 3609 3557 τε
3643 3503 4061 3572 προδραμόντες

2483 3602 2578 3654 καὶ
2613 3602 2714 3672 τὴν
2769 3599 2928 3652 πόλιν
2979 3597 3056 3661 ὡς
3093 3598 3258 3667 τάχος
3324 3596 3750 3660 καταλαϐόντες,
3810 3594 4063 3665 λαμπροὶ

2482 3687 2726 3756 κήρυκες
2744 3685 2843 3739 τοῦ
2867 3686 3218 3745 τελεσθέντος
3240 3684 3624 3737 καθίστανται.
3664 3686 3770 3736 Καὶ
3794 3687 3822 3736 6
3845 3683 4062 3753 ἄρχων,

2483 3775 2643 3827 τοῦτο
2678 3775 2776 3843 μὲν
2812 3774 3132 3841 ἐκπλαγεὶς,
3169 3771 3327 3825 τοῦτο
3358 3772 3414 3823 δέ
3438 3772 3532 3828 καὶ
3554 3771 3662 3824 δέει
3688 3771 4061 3839 καταἠφ’)εὶς

2489 3865 2563 3934 μὴ
2616 3865 2844 3917 τοιαῦτα
2907 3863 3192 3932 δυναμένῳ
3241 3863 3396 3934 ἀνδρὶ
3461 3862 3846 3933 προσκρούσας
3893 3861 4058 3930 ὀφθῇ,

2484 3957 2667 4025 ἀνίησί
2697 3973 2755 4008 τε
2784 3957 3132 4026 παραχρῆμα
3181 3956 3272 4008 τὸν
3313 3956 3465 4023 φίλον
3491 3956 3640 4023 αὐτῷ
3681 3954 3791 4005 τῶν
3840 3954 4062 4022 δεσμιίλν

2486 4049 2584 4100 καὶ
2612 4047 2688 4116 τῷ
2721 4047 2867 4117 ἁγίῳ
2901 4045 3094 4100 τοῦτον
3127 4046 3436 4116 χαρίζεται.
3499 4046 3558 4098 Ὀ
3583 4045 3640 4099 δέ
3684 4045 3868 4098 λαϐὼν
3919 4048 4061 4097 ἐπα-

2473 4131 2622 4210 νῄει,
2651 4139 2713 4191 ἐκ
2744 4140 2870 4208 μιᾶς
2896 4139 3077 4201 αἰτίας
3122 4139 3216 4192 δύο
3253 4137 3749 4207 κατειργασμένος,
3797 4140 3892 4190 καὶ
3930 4143 4061 4207 στή-

2489 4244 2587 4289 σας
2621 4242 2636 4257 ·
2665 4227 2742 4296 τῷ
2794 4227 3084 4297 χειμάρρῳ
3138 4228 3238 4298 μὲν
3281 4227 3380 4294 τὴν
3420 4226 3617 4296 φοράν,
3655 4227 3732 4295 τῷ
3777 4227 4064 4295 ἀνθρώπῳ

2487 4318 2542 4372 δὲ
2573 4317 2976 4388 φιλανθρώπως
3016 4320 3155 4371 πάνυ
3183 4319 3282 4388 τὴν
3333 4317 3641 4388 συμφοράν.
3687 4320 4061 4388 Προφητείας,

2491 4411 2591 4479 μὲν
2638 4408 2730 4462 οὖν
2780 4409 2814 4479 ἢ
2851 4409 3320 4480 θαυματουργίας,
3351 4410 3383 4478 ἢ
3421 4411 3557 4480 πρὸς
3599 4410 3727 4474 τοὺς
3756 4413 3814 4464 ἐν
3849 4428 4065 4482 συμφο-

2492 4504 2612 4570 ραῖς
2647 4501 2990 4569 συμπαθείας
3038 4502 3193 4554 οὐδὲν
3237 4495 3400 4571 οἶμαι
3443 4503 3552 4555 τῶν
3597 4500 3900 4572 λεχθέντων
3965 4520 4067 4573 ση-

2492 4594 2661 4664 μείων
2700 4593 2885 4660 μείζόν
2914 4593 3082 4647 ἐστιν.

897 4791 967 4845 Χ.
1005 4788 1190 4845 Oratio
1221 4797 1400 4839 autem
1435 4781 1616 4837 adhoc
1664 4777 1902 4848 amplius
1962 4775 2029 4830 iis
2071 4790 2192 4845 qua:
2243 4773 2389 4827 dicta
2424 4779 2465 4833 ι)
2565 4776 2579 4828 1

2383 4795 2389 4826 ι
2424 4779 2465 4833 υ
2565 4774 2624 4828 ι’.
2672 4773 2730 4826 '0
2760 4773 2815 4826 δέ
2853 4772 3010 4842 λόγος
3036 4773 3129 4826 καὶ
3175 4773 3337 4826 πλέον
3379 4791 3433 4826 τι
3462 4773 3570 4827 τῶν
3596 4774 3908 4845 είρημὲνων
3950 4777 4065 4832 δετ-

830 4891 959 4942 sunt
1008 4889 1196 4951 parata
1226 4888 1311 4932 est
1350 4873 1661 4936 ostendere,
1701 4868 1845 4938 quod
1897 4877 2106 4937 spectat
2147 4866 2214 4919 ad
2261 4881 2388 4934 pro-

829 4975 1068 5047 phetiam
1131 4969 1291 5025 simul
1356 4976 1412 5020 et
1455 4961 2034 5020 commiserationem:
2087 4956 2258 5026 quod,
2307 4957 2389 5010 in-

828 5081 1015 5137 quam,
1066 5070 1288 5131 peccata
1351 5056 1632 5110 hominum
1687 5051 1899 5106 videret
1932 5066 1996 5104 ex
2048 5049 2390 5137 occultouet

829 5118 891 5212 ea
921 5155 1248 5214 remitteret,
1290 5149 1458 5203 animi
1501 5142 1835 5215 benignitate
1886 5151 1942 5196 et
1983 5140 2169 5210 gratias
2218 5118 2390 5192 ahtin-

832 5246 1042 5301 dnntia.
1078 5241 1290 5310 Ubique
1341 5252 1471 5293 suos
1503 5251 1684 5290 mores
1735 5233 1990 5289 servabat
2032 5245 2259 5301 magnus
2301 5229 2391 5284 ille

837 5339 1094 5408 Spiridon
1121 5375 1135 5399 ,
1187 5329 1563 5388 delectabatur
1606 5325 1837 5380 maxime
1884 5324 2149 5378 tenuitate
2187 5331 2242 5375 et
2284 5319 2395 5373 fru—

837 5434 1077 5501 galitate,
1134 5437 1196 5482 ut
1254 5426 1346 5494 qui
1405 5423 1568 5477 vellet
1619 5435 1778 5474 suum
1831 5417 2029 5471 imitari
2084 5415 2393 5470 Dominum.

836 5525 1021 5592 Neque
1050 5521 1197 5574 enim
1221 5531 1363 5586 equo
1397 5513 1654 5568 utebatur
1677 5513 1779 5565 iter
1810 5507 2189 5579 ingrediendo,
2217 5520 2393 5573 neque

839 5630 897 5667 se
933 5610 1249 5666 removebat
1281 5607 1348 5661 ab
1381 5605 1624 5659 omnium
1646 5615 1900 5655 sermone
1930 5607 1984 5652 et
2010 5596 2395 5666 congressione

839 5712 1094 5769 tauquam
1146 5698 1238 5768 qui
1293 5713 1358 5749 ex
1404 5711 1470 5749 eu
1521 5691 1692 5747 videri
1743 5689 1905 5743 vellet
1943 5688 2161 5755 gravior
2206 5697 2263 5740 et
2312 5701 2394 5739 sc-

837 5792 1036 5844 verior.
1071 5790 1205 5844 Cum
1235 5803 1364 5858 ergo
1395 5786 1687 5854 aliquando
1722 5781 2074 5834 vehementer
2121 5777 2394 5830 ambulas-

837 5891 942 5951 εει,
979 5893 1031 5938 et
1066 5881 1344 5952 defatigati
1379 5886 1562 5934 essent
1597 5875 1764 5944 pedes
1796 5872 2006 5929 itineris
2027 5869 2386 5939 longitudine,

2494 4865 2679 4920 κνύειν
2706 4866 2925 4935 ἕτοιμος
2940 4869 3020 4930 είς
3043 4866 3384 4936 προφητείαν
3406 4866 3540 4934 ὁμοῦ
3562 4867 3653 4921 καὶ
3677 4870 4029 4938 συμπάθειαν
4045 4887 4059 4900 ·

2493 4959 2556 5013 τὸ
2585 4958 2865 5030 ἁμαρτίας
2894 4957 3199 5030 ἀνθρώπων
3233 4960 3375 5028 φημὶ
3404 4961 3467 5012 ἐκ
3514 4960 3609 5013 τοῦ
3644 4961 3886 5030 ἀφανοῦς
3905 4965 4067 5034 ὁρᾷν,

2495 5052 2591 5106 καὶ
2619 5051 2823 5114 ταύτας
2865 5050 3132 5120 άφιίναι,
3183 5051 3408 5120 γνώμης
3436 5068 3494 5104 τε
3541 5054 3923 5125 φιλανθρωπίᾳ
3969 5059 4070 5108 καὶ

2493 5145 2722 5214 χάριτος
2775 5143 3050 5214 actast;-
3111 5143 3390 5214 πανταχοῦ
3437 5143 3528 5196 τὸν
3599 5145 3796 5198 ἐαυτοῦ
3858 5147 4071 5216 τρόπον

2494 5233 2643 5295 ὥσπε
2654 5252 2685 5304 ρ
2714 5235 2970 5303 ἀκίνητόν
2994 5251 3116 5288 τινα
3140 5235 3309 5305 νόμον
3335 5237 3362 5290 6
3395 5234 3566 5303 μέγας
3602 5237 3890 5304 φυλάττων
3910 5280 3927 5302 ,
3987 5240 4074 5292 λιο

2493 5325 2678 5387 τότητι
2714 5325 2950 5395 μάλιστα
2979 5325 3188 5395 χαίρων
3208 5321 3295 5396 ἦν,
3323 5326 3419 5379 ἆτε
3467 5325 3531 5396 δὴ
3582 5328 3673 5381 τὸν
3725 5327 3922 5381 ἑαυτοῦ
3970 5333 4072 5383 Ae-

2497 5419 2702 5482 σπότην
2738 5417 3023 5486 μιμεῖσθαι
3057 5415 3407 5486 βουλόμενος.
3443 5418 3580 5469 Οὔτε
3607 5418 3717 5488 γὰρ
3743 5419 3894 5489 (map
3925 5423 4072 5490 πρὸς

2494 5510 2590 5571 τάς
2625 5508 2936 5578 ὁδοιπορίας
2966 5508 3193 5576 ἐχρῆτο,
3237 5498 3360 5561 οὔτε
3411 5508 3517 5578 μὴν
3553 5511 3613 5561 τὸ
3660 5512 3795 5580 πρὸς
3849 5513 4074 5574 πάντας

2497 5599 2830 5668 ἁνομίλητόν
2861 5616 2919 5650 τε
2945 5600 3038 5650 καὶ
3067 5601 3299 5668 ἄμικτον
3329 5600 3404 5664 ὡς
3437 5599 3502 5669 δή
3539 5618 3590 5652 τι
3642 5603 3838 5670 σεμνὸν
3884 5605 4080 5674 ἐαυτῷ

2501 5693 2892 5760 περιεποιεῖτο.
2937 5690 3092 5743 Ἐπεὶ
3134 5691 3265 5757 γοῦν
3297 5691 3433 5762 ἔφθη
3471 5692 3602 5744 ποτέ
3630 5695 3896 5755 συντόνως
3929 5695 4075 5747 ὁδοι-

2503 5780 2746 5847 πορήσας
2801 5782 2895 5832 καὶ
2928 5779 3048 5832 ὁδοῦ
3099 5782 3263 5850 μήκει
3309 5783 3436 5845 τοὺς
3477 5783 3654 5845 -πόόας
3709 5787 4077 5853 πεπονηκὼς,

2502 5870 2558 5922 ἐν
2590 5869 2695 5924 τινί
2722 5888 2776 5922 τε
2808 5871 2916 5924 τῶν
2967 5872 3140 5938 φίλων
3190 5873 3287 5926 καὶ
3333 5874 3436 5944 τῆς
3479 5873 3644 5926 αὐτοῦ
3708 5874 3951 5945 ποίμνης
3995 5878 4077 5947 τῷ
