4260 6430
251 386 358 450 429

1488 399 1660 459 VITA
1706 402 1761 458 S.
1809 396 2284 459 SPYRIDON’IS.

3397 407 3497 468 433

250 499 537 567 θρέμματι
562 497 921 568 ξενιζόμενος,
946 502 1134 566 αὐτὸς,
1161 498 1249 557 οἷα
1276 505 1366 558 τοῦ
1386 507 1594 584 ἀγαθοῦ
1627 507 1823 577 ποιμέ-
1851 508 1900 563 Α
1926 529 1932 554 ‹

1810 534 1823 548 -
1851 508 1900 563 Α
1926 517 1980 559 et
2011 528 2035 560 ει
2063 510 2299 579 quodam
2333 524 2560 563 suorum
2587 511 2910 572 amicorum,
2951 520 3003 564 et
3053 512 3192 566 bona
3245 515 3327 568 sui
3374 533 3492 585 gre-

253 609 343 651 vo;
378 592 581 657 ἀγαθὸν
634 593 928 660 πρόϐατον,
974 596 1068 648 καὶ
1118 598 1253 665 πρὸς
1296 599 1385 650 τἰν
1440 601 1652 653 ἐκείνου
1714 602 1825 669 βίον

250 682 443 751 ὥσπερ
495 685 574 745 εἰς
624 685 910 739 κάλλιστον
961 688 1274 757 ἀρχέτυπον
1327 690 1567 758 ἀφορῶν,
1622 696 1683 746 τὸ
1730 694 1824 745 τοῦ

249 772 598 838 διδασκάλου,
642 778 842 842 μᾶλλον
867 779 921 831 δὲ
954 780 1015 831 τὸ
1040 780 1136 833 τοῦ
1172 783 1445 835 Δεσπότου
1477 786 1571 838 καὶ
1600 785 1824 854 πρώτςυ

249 864 577 920 διδασκᾶιλου
618 870 879 939 Χριστοῦ,
931 872 1145 925 ἐδείκνυ
1194 874 1432 942 μέτριον.
1484 877 1681 929 Λαϐὼν
1716 881 1827 949 γὰρ

250 957 399 1026 ὕδωρ
440 960 535 1010 καὶ
574 960 652 1029 τῷ
698 961 922 1031 νιπτῆρι
970 961 1171 1031 βαλὼν,
1207 963 1427 1034 ἕτοιμος
1456 963 1525 1037 ἦν
1572 967 1649 1035 τῷ
1686 970 1824 1037 ἁγίῳ

248 1051 375 1111 τοὺς
418 1052 582 1113 πόδας
621 1052 1047 1123 ὲκΟεραπεῦσαι.
1098 1057 1161 1109 Oi
1203 1073 1265 1124 γε
1300 1058 1406 1129 μὴν
1446 1063 1503 1112 ἐν
1544 1062 1821 1128 γειτόνων,

248 1142 371 1193 ἐπεὶ
403 1143 493 1193 τὸν
540 1143 695 1209 ᾶγ;ον
744 1145 976 1215 ᾔσθοντο
1008 1150 1371 1216 παρελθόντα,
1427 1153 1680 1205 συνέθεον
1732 1157 1824 1207 καὶ

246 1234 425 1299 αὐτοὶ,
446 1235 537 1287 καὶ
574 1237 727 1290 οὐδὲν
767 1235 934 1310 ἦττον
970 1240 1256 1295 ἐϐούλοντο
1280 1245 1393 1306 τοῖς
1425 1247 1583 1297 ποσὶν
1609 1246 1822 1298 ἐκείνου

242 1328 402 1381 τοῦτο
434 1334 630 1396 ποιεῖν,
658 1334 752 1384 καὶ
790 1334 864 1393 ὡς
896 1337 1273 1407 περιμάχητόν
1307 1355 1359 1389 τι
1391 1337 1522 1405 παρ’
1550 1340 1734 1401 αὐτοῖς
1764 1339 1825 1391 τὸ

246 1420 480 1486 πρᾶγμα
527 1420 762 1481 ἐτίθουν.
798 1425 893 1475 καὶ
924 1425 1021 1492 τῆς
1047 1426 1298 1494 εὐλογίας
1324 1427 1704 1498 ἡμφισϐήτουν
1725 1431 1822 1481 ἀλ-

244 1508 451 1577 λήλοις.

316 1690 416 1743 1Α’.
475 1695 564 1745 Ἐν
610 1694 793 1756 αὐτοῖς
835 1695 928 1748 οὖν
974 1698 1067 1750 καὶ
1112 1701 1245 1769 γυνή
1300 1718 1384 1763 τις
1435 1703 1562 1762 τοὺς
1610 1702 1823 1764 πλεους

240 1786 776 1855 παραγκωνιζομένη
833 1789 1001 1857 πολλή
1070 1807 1151 1850 τις
1209 1788 1318 1861 ἦν,
1372 1792 1530 1844 τοῦτο
1590 1793 1821 1862 μάλιστα

236 1878 434 1944 δρᾶσαι
462 1878 787 1949 βιαζομὲντγ
817 1876 883 1949 ἦν
907 1881 963 1934 δὲ
991 1880 1129 1951 αὕτη
1158 1884 1409 1953 σαρκικῷ
1432 1884 1593 1953 ἔρωτι
1619 1886 1823 1941 ἁλοῦσα

238 1971 319 2039 μὴ
374 1972 480 2037 πρδ
529 1972 746 2032 πολλοῦ,
780 1976 871 2024 καὶ
925 1975 1138 2043 ἥττων,
1176 1977 1359 2045 οῖμοιί
1412 1978 1675 2047 γενομένη
1724 1980 1821 2047 τῆς

234 2064 538 2131 ἁμαρτίαςο
592 2066 756 2127 αὐτὸς
811 2066 865 2118 δὲ
914 2068 993 2129 εἰς
1026 2069 1252 2138 καρδίαν
1298 2070 1465 2133 ὅντως
1510 2070 1673 2140 όρῶν,
1730 2072 1821 2125 καὶ

233 2152 327 2208 οἷα
360 2160 423 2208 τα
457 2157 671 2226 ἐκείνης
700 2154 758 2210 εὖ
794 2159 1171 2227 ἐπιστάμενος,
1209 2163 1387 2231 ἡρέμα
1412 2163 1509 2229 μὲν
1539 2163 1820 2233 τὺῆμερον

233 2254 416 2303 ἐκεῖνο
459 2254 549 2303 καὶ
591 2254 691 2320 ἡδὶ)
725 2254 859 2323 αὐτῇ
894 2256 1185 2324 πρόσωπον
1227 2258 1585 2326 ἀποστρέφει,
1632 2259 1817 2327 ἠρέμα

230 2345 293 2397 δὲ
322 2346 414 2395 καὶ
450 2346 583 2409 πρὸς
618 2346 806 2414 αὐτὴν,
840 2348 927 2415 Μή
958 2366 1061 2414 μου
1097 2349 1290 2407 ἆπτου,
1322 2349 1475 2418 φησὶ,
1502 2350 1679 2416 γύναι·
1704 2350 1815 2418 οὐχ’

232 2438 311 2498 ὡς
348 2438 413 2490 ἄν
460 2455 541 2499 τις
583 2439 725 2490 εἴποι
763 2440 957 2491 ἑαυτὸν
990 2440 1382 2509 ἀποσεμνύνων
1425 2444 1456 2512 ἢ
1493 2442 1553 2494 τὸ
1596 2443 1815 2505 γύναιον

235 2529 648 2596 μυσαττόμενος
698 2528 840 2597 (πῶς
887 2530 994 2599 γὰρ
1041 2532 1289 2600 μαθητὴς
1326 2532 1400 2586 ὢν
1443 2534 1674 2598 ἐκείνου,
1720 2534 1812 2586 τοῦ

234 2621 333 2670 καὶ
390 2619 649 2681 τελώναις
692 2620 787 2670 καὶ
836 2620 1084 2687 πόρναις,
1139 2623 1234 2674 καὶ
1284 2625 1636 2693 ἁμαρτωλοῖς
1688 2642 1811 2677 συν-

232 2709 510 2771 εσθίοντος
535 2710 599 2778 ;),
635 2710 747 2762 ἀλλ’
771 2709 1048 2779 ἐντρέπων
1088 2712 1274 2783 αὐτὴν,
1330 2715 1424 2766 καὶ
1473 2718 1550 2776 είς
1608 2715 1813 2767 ἔννοιαν

233 2801 523 2863 ἐμϐάλλων
573 2803 672 2867 τῆς
709 2806 954 2873 πονηρᾶς
994 2806 1267 2875 πράξεως.
1317 2808 1412 2858 καὶ
1459 2806 1635 2873 ἠπίως
1670 2806 1812 2858 οὕτω

232 2893 373 2961 πρὸς
411 2895 701 2961 μετάνοιαν
736 2895 1163 2964 ἐκκαλούμενος,
1200 2898 1227 2948 ὃ
1266 2898 1330 2966 δὴ
1363 2899 1457 2950 καὶ
1487 2900 1657 2967 πέρας
1699 2896 1811 2967 εἶχε

234 2984 331 3033 καὶ
384 2985 519 3035 κατά
574 2985 775 3036 σκοπὸν
829 2985 976 3055 αὑτῷ
1015 2988 1283 3057 διηνύετο.
1343 2990 1433 3053 Ὠς
1480 2993 1588 3062 γὰρ
1636 2993 1669 3061 ἠ
1716 2994 1813 3061 μὲν

234 3075 527 3127 διετείνετο
567 3076 657 3128 καὶ
723 3076 802 3129 ἔτι
853 3077 1051 3147 δρᾶσαι
1095 3082 1156 3132 τὸ
1208 3082 1667 3151 σπουδαζόμενον,
1718 3086 1809 3137 καὶ

1929 601 2010 669 gis
2042 601 2247 669 pecude
2283 600 2523 669 hospitio
2553 612 2699 656 esset
2743 611 3026 671 exceptus,
3078 606 3191 673 ipse
3232 616 3492 676 tanquam

1927 693 2046 745 ovis
2088 694 2214 746 boni
2247 692 2507 757 Pastoris,
2542 704 2597 747 et
2627 694 2719 762 qui
2745 699 2812 747 ad
2863 696 3009 749 illius
3038 696 3204 750 vitam
3236 708 3491 766 tanquam

1928 785 2356 851 pulcherrimum
2402 789 2684 853 exemplar
2737 787 3065 847 intueretur.
3124 791 3369 857 magistri
3412 792 3497 843 vel

1926 878 2106 945 potius
2136 878 2347 931 Domini
2396 887 2450 933 et
2494 879 2650 945 primi
2686 879 2931 947 magistri
2978 880 3204 945 Christi,
3251 882 3495 936 ostendit

1927 967 2377 1021 moderationem.
2441 970 2572 1021 Nam
2628 984 2748 1022 cum
2806 970 3112 1038 accepisset
3168 988 3386 1041 aquam,
3440 985 3496 1027 et

1925 1076 2042 1113 eam
2076 1062 2125 1113 in
2182 1062 2455 1115 lavacrum
2496 1061 2831 1125 immisisset,
2883 1074 3107 1130 paratus
3155 1074 3271 1117 erat
3303 1074 3496 1119 sancto

1926 1151 2104 1204 lavare
2136 1152 2323 1220 pedes.
2379 1152 2480 1216 Qui
2540 1159 2724 1204 autem
2778 1162 2933 1205 erant
2983 1154 3037 1206 in
3090 1154 3315 1216 vicinia,
3366 1171 3491 1209 cum

1926 1244 2225 1297 sensissent
2266 1254 2515 1298 sanetum
2554 1245 2869 1305 accessisse,
2904 1245 3002 1313 ipsi
3028 1261 3247 1315 quoque
3269 1262 3498 1301 concur—.

1928 1343 2191 1386 reruntet
2226 1334 2480 1386 volebant
2512 1336 2682 1387 nihilo
2735 1336 2916 1389 secius
2955 1336 3058 1388 hoc
3104 1337 3283 1404 ipsum
3315 1337 3497 1390 facere

1928 1426 2073 1478 illius
2103 1425 2369 1493 pedibus:
2401 1441 2631 1495 eamque
2691 1443 2803 1479 rem
2831 1428 3105 1481 ducebant
3158 1428 3495 1498 hujusmodi,

1928 1526 1983 1567 ut
2018 1516 2083 1567 de
2111 1531 2172 1569 ea
2216 1531 2272 1569 re
2300 1527 2445 1568 esset
2476 1517 2621 1569 inter
2664 1531 2759 1569 eos
2803 1516 3222 1581 decertandum,
3254 1528 3310 1571 et
3354 1518 3497 1571 inter

1929 1624 1985 1661 se
2020 1608 2430 1661 contendebant
2472 1610 2538 1662 de
2572 1610 2976 1662 benedictione.

1999 1698 2087 1751 XI.
2128 1698 2277 1752 Inter
2309 1714 2402 1752 eos
2433 1710 2613 1751 autem
2640 1710 2756 1752 erat
2785 1703 2948 1753 etiam
2978 1698 3225 1767 quaedam
3272 1699 3495 1763 mulier,

1925 1804 2044 1858 qua:
2071 1789 2380 1858 complures
2411 1790 2463 1842 in
2511 1790 2615 1843 hoc
2662 1792 2961 1843 certamine
3002 1792 3300 1859 superabat
3337 1808 3494 1860 urge-

1855 1859 1897 1915 B
1926 1882 2148 1951 batque,
2180 1896 2235 1937 et
2281 1883 2383 1936 hoc
2434 1884 2665 1937 maxime
2713 1884 2930 1937 volebat
2981 1884 3179 1938 facere.
3228 1886 3303 1937 Ea
3363 1901 3493 1938 vero

1926 1974 2102 2027 fuerat
2136 1973 2277 2026 haud
2335 1975 2407 2026 ita
2460 1974 2674 2042 pridem
2724 1983 2879 2042 capta
2931 1975 3130 2027 carnali
3179 1990 3388 2031 amore.
3442 1986 3495 2027 et

1924 2068 2089 2131 victa,
2122 2065 2255 2134 proh
2287 2065 2444 2119 dolor
2471 2067 2482 2118 I
2516 2081 2542 2117 a
2572 2074 2812 2133 peccato.
2848 2065 2964 2134 Ipse
2995 2075 3177 2119 autem
3220 2081 3409 2119 revera
3437 2066 3490 2119 in

1924 2177 2019 2215 cnr
2050 2163 2286 2218 intuens.
2332 2171 2387 2213 et
2426 2169 2485 2213 ut
2532 2163 2624 2229 qui
2671 2166 2853 2224 sciret,
2893 2162 3354 2229 quemadmodum
3404 2178 3491 2214 res

1919 2256 2037 2323 ejus
2080 2269 2135 2307 sc
2189 2254 2435 2313 haberet.
2468 2255 2670 2308 sensim
2721 2256 2943 2323 quidem
2988 2256 3188 2309 avertit
3238 2271 3493 2308 mansue-

1921 2357 2025 2398 tam
2059 2347 2200 2398 illam
2252 2356 2305 2399 et
2350 2361 2566 2399 suavem
2620 2361 2771 2399 suam
2819 2346 3060 2409 faciem;
3114 2346 3315 2400 sensim
3359 2361 3491 2400 vero

1917 2439 1964 2490 ei
1997 2453 2211 2505 quoque
2242 2438 2416 2491 dicit:
2453 2438 2526 2490 Ne
2579 2452 2661 2489 me
2702 2448 2909 2505 tangas,
2965 2438 3193 2501 mulier;
3241 2453 3373 2498 non,
3431 2446 3492 2489 ut

1918 2530 2117 2582 dixerit
2167 2530 2461 2597 quispiam,
2512 2529 2616 2581 sibi
2684 2530 2902 2596 placens
2956 2539 3014 2582 et
3079 2544 3137 2583 se
3202 2530 3490 2594 magnifice

1919 2623 2419 2691 circumspiciens,
2472 2632 2565 2674 aut
2622 2624 2902 2675 mulierem
2961 2623 3284 2675 abominaris
3335 2623 3491 2690 (quo-

1918 2717 2079 2769 modo
2113 2717 2279 2777 cnim,
2313 2717 2405 2783 qui
2457 2726 2577 2769 erat
2626 2716 2770 2769 illius
2816 2716 3122 2784 discipulus
3164 2716 3257 2783 qui
3306 2730 3492 2768 vesce-

1918 2809 2076 2862 batur
2110 2824 2232 2862 cum
2299 2808 2627 2875 publicanis,
2697 2808 3080 2859 meretricibus
3136 2817 3190 2859 et
3236 2815 3487 2874 peccato-

1919 2898 2073 2951 ribus
2097 2898 2161 2964 ?),
2195 2898 2288 2950 sed
2315 2913 2433 2950 eam
2493 2897 2700 2966 pudore
2741 2898 3000 2959 alliciens,
3062 2906 3117 2953 et
3162 2908 3375 2965 turpem
3436 2901 3485 2951 ei

1917 2989 2187 3042 actionem
2220 3004 2484 3042 revocans
2516 2990 2566 3041 in
2614 2992 2959 3049 memoriam.
2990 2998 3045 3043 et
3092 2991 3170 3043 sic
3203 3006 3321 3045 eam
3368 2991 3487 3058 pla-

1914 3081 2035 3135 cide
2069 3097 2271 3134 vocans
2302 3081 2367 3133 ad
2406 3081 2781 3149 penitentiam
2817 3098 2828 3132 :
2868 3080 3013 3147 quod
3060 3081 3281 3148 quidem
3307 3092 3390 3135 est
3418 3083 3486 3134 ah

236 3165 444 3233 πολλὴν
478 3167 665 3237 είσῆγε
695 3168 791 3238 τὴν
819 3169 1093 3237 ἔνστασιν,
1118 3174 1144 3223 ὀ
1182 3173 1236 3224 δὲ
1282 3175 1371 3225 καὶ
1408 3166 1607 3241 μᾶλλον
1640 3176 1809 3239 αὐτῆς
1836 3187 1881 3248 C
1915 3200 1918 3217 ι

1799 3193 1809 3237 ;
1836 3187 1881 3248 C
1915 3188 1980 3225 eo
2006 3172 2330 3241 perfectum,
2359 3181 2412 3225 et
2441 3188 2663 3241 scopum
2696 3183 2778 3225 est
2827 3183 3125 3227 assecutus.
3189 3173 3308 3238 Quo
3338 3174 3481 3226 enim

233 3259 495 3312 καθίκετο
554 3260 1035 3332 πληκτικὼτερον,
1095 3266 1233 3335 ὅπερ
1286 3266 1470 3335 ἐκείνη
1542 3268 1809 3337 πέπραχε,

237 3352 496 3420 φανερῶς
530 3352 763 3417 ἐξειπών
795 3369 813 3385 ο
842 3355 962 3406 τότε
1010 3356 1073 3425 δὴ
1124 3357 1217 3407 καὶ
1257 3356 1397 3426 αὐτὴ
1424 3356 1501 3425 τῷ
1535 3358 1632 3426 μὲν
1664 3359 1812 3427 σοφῷ

230 3442 331 3509 τῆς
367 3443 741 3512 ἐπιτιμήσεως
787 3443 885 3511 τὴν
928 3443 1110 3513 ψυχὴν
1139 3445 1431 3513 πληγεῖσα,
1469 3447 1811 3515 ἐκπλαγεῖσα

227 3532 289 3585 δὲ
337 3534 419 3584 ὅτι
476 3534 570 3585 καὶ
628 3533 762 3603 πρὸς
818 3534 944 3597 τοὺς
980 3535 1077 3603 τῆς
1110 3534 1289 3605 ψυχῆς
1316 3536 1579 3599 ἀθεάτους
1611 3538 1808 3606 ἔϐλεψε

235 3622 541 3693 μώλωπας,
576 3623 731 3675 ὕδασι
757 3623 857 3693 μὲν
887 3625 986 3676 οὐκ
1016 3624 1116 3689 ἔτι,
1139 3625 1370 3695 δάκρυσι
1401 3628 1458 3678 δὲ
1484 3628 1609 3689 τοὺς
1639 3628 1807 3691 πόδας

233 3713 625 3783 ἀποκαθαίρει,
672 3714 767 3766 καὶ
808 3714 1066 3785 συντριϐῇ
1115 3716 1343 3783 καρδίας
1380 3718 1713 3784 ἀπαγγέλλει
1748 3721 1809 3772 τὸ

232 3806 646 3875 πεπραγμένον.
690 3806 756 3858 Τί
788 3804 924 3870 οὖνς
987 3809 1022 3877 ἡ
1068 3807 1170 3875 μὲν
1204 3807 1341 3878 πρὸς
1382 3810 1545 3861 αὑτὸν
1589 3813 1658 3863 τὰ
1709 3811 1807 3881 τῆς

233 3900 468 3966 πόρνης,
516 3900 545 3949 ό
575 3898 631 3950 δὲ
656 3898 723 3951 τὰ
754 3897 846 3950 τοῦ
893 3900 1167 3951 Δεσπότου
1212 3904 1807 3971 παρῤησιαστικώτατα

234 3991 370 4059 πρὸς
400 3992 590 4060 αὐτὴν,
624 3992 881 4061 «Θάρσει,
912 3992 1172 4061 θύγατερ,
1205 3996 1391 4063 φησὶν,
1414 3997 1689 4065 ἀφέωνταί
1724 4014 1804 4048 σοι

226 4085 284 4136 al
317 4083 582 4153 ἀμαρτίαι
611 4100 723 4136 σου.
764 4102 783 4134 ι
810 4085 915 4136 Καὶ
963 4080 1119 4147 αὖθις
1144 4102 1156 4115 ·
1200 4104 1218 4136 ι
1263 4087 1354 4139 Ἰδε
1378 4088 1533 4157 ὑγιὴς
1550 4090 1803 4157 γέγονας,

228 4175 435 4243 μηκέτι
468 4174 773 4243 ἁμάρτανε,
804 4191 822 4224 ι
842 4174 959 4242 ἅμα
982 4175 1075 4227 καὶ
1098 4174 1195 4243 τὴν
1214 4176 1365 4228 νόσον
1398 4179 1533 4229 κατὰ
1564 4182 1685 4240 τοὺς
1718 4196 1804 4229 σου

228 4264 365 4333 φοὺς
390 4264 499 4317 τῶν
543 4264 744 4332 ίατρῶν
798 4264 1028 4332 ἰώμενος
1084 4268 1179 4319 καὶ
1229 4266 1290 4317 τὸ
1351 4269 1426 4337 μὴ
1477 4272 1587 4332 τοῖς
1618 4272 1801 4325 αὐτοῖς

227 4358 396 4409 πάλιν
442 4359 765 4427 περιπεσεῖν
825 4357 1299 4428 προμηθούμενος.
1352 4359 1509 4412 Οὕτω
1556 4362 1654 4429 μὲν
1708 4363 1801 4415 οὖν

228 4448 415 4515 εκείνη
443 4446 749 4517 καρποῦται
792 4447 861 4500 τὰ
912 4447 1015 4516 τῆς
1069 4449 1262 4511 ἰάσεως
1316 4448 1579 4503 κάλλιστά
1619 4468 1675 4503 τε
1705 4453 1799 4504 καὶ

1918 3263 2007 3315 illa
2055 3262 2222 3330 magis
2282 3263 2651 3316 contendebat
2736 3262 2937 3320 facere.
3005 3262 3150 3331 quod
3197 3265 3479 3329 studebat,

1917 3354 2198 3422 magisque
2234 3354 2466 3422 urgebat
2503 3362 2558 3407 et
2602 3353 2858 3411 instabat,
2903 3353 2988 3406 ille
3023 3368 3089 3406 eo
3144 3355 3326 3408 acrius
3352 3370 3478 3407 eam

1916 3442 2114 3511 tetigit,
2162 3448 2351 3509 aperte
2381 3442 2571 3495 dicens
2604 3440 2678 3504 id,
2729 3440 2873 3510 quod
2921 3441 3007 3493 illa
3054 3440 3279 3494 fecerat.
3327 3442 3483 3497 Tum:

1913 3534 2026 3602 ipsa
2078 3534 2309 3601 sapienti
2366 3533 2587 3601 quidem
2640 3530 3067 3600 reprehensione
3122 3532 3304 3586 animo
3358 3548 3484 3587 saut-

1910 3627 2070 3686 ciata,
2108 3625 2486 3693 obstupefacta
2528 3636 2732 3684 autem,
2782 3622 2927 3691 quod
2985 3624 3080 3690 qui
3134 3623 3237 3676 sub
3286 3626 3483 3678 oculos

1909 3734 2015 3771 non
2049 3718 2334 3780 cadebant,
2366 3717 2563 3769 anima:
2594 3717 2796 3768 livores
2825 3716 3153 3783 aspexisset.
3208 3732 3317 3768 non
3358 3731 3480 3769 am-

1908 3808 2053 3875 plius
2088 3805 2308 3874 quidem
2347 3805 2525 3874 aquis.
2574 3804 2829 3873 lacrymis
2864 3814 3047 3856 autem
3082 3802 3251 3872 pedes
3283 3820 3479 3859 emun-

1908 3900 2021 3959 dat,
2050 3908 2105 3953 et
2138 3899 2376 3953 contrito
2429 3897 2595 3952 corde
2642 3896 2896 3950 enuntiat
2947 3896 3001 3949 id
3073 3897 3218 3966 quod
3270 3896 3476 3951 factum

1909 3988 2109 4043 fuerat.
2142 3987 2280 4052 Quid
2316 3988 2486 4056 ergo?
2518 3988 2608 4040 illa
2656 3986 2878 4055 quidem
2924 3988 2973 4039 ei
3017 4001 3081 4039 ea
3130 4001 3252 4054 qua:
3298 4002 3479 4041 mereo

1898 4081 2047 4143 trix;
2078 4081 2190 4148 ipse
2231 4090 2412 4131 autem
2469 4093 2531 4130 ea
2563 4093 2682 4145 quat:
2734 4078 3023 4138 Dominus,
3047 4077 3096 4129 ei
3136 4077 3269 4134 dicit
3314 4078 3477 4131 libero

1907 4170 2083 4223 rime:
2120 4188 2136 4219 ι
2173 4168 2420 4231 Conf‘tde,
2454 4167 2564 4221 filia
2598 4186 2609 4219 :
2657 4168 2884 4221 dimissa
2927 4178 3056 4220 sunt
3090 4167 3186 4221 tibi
3249 4178 3473 4235 peccata

1905 4270 1996 4314 tua
2033 4262 2072 4314 ³.
2109 4279 2126 4310 ι
2166 4261 2230 4313 Et
2254 4274 2443 4313 rursus
2472 4278 2484 4319 ;
2526 4278 2543 4309 ι
2577 4258 2712 4312 Ecce
2746 4274 2875 4311 sana
2904 4257 3046 4311 facta
3075 4274 3169 4321 es;
3199 4258 3310 4311 noli
3350 4274 3471 4311 am-

1903 4353 2047 4422 plius
2078 4366 2305 4421 peccare
2329 4350 2349 4379 δ
2378 4368 2390 4403 :
2430 4368 2445 4399 ι
2504 4349 2667 4403 simul
2695 4358 2745 4402 et
2780 4349 3033 4401 morbum
3061 4363 3283 4411 curans,
3327 4348 3475 4405 sicut

1905 4443 2180 4511 sapientes
2203 4440 2425 4501 medici,
2458 4448 2512 4493 et
2547 4438 2843 4507 providens
2866 4452 2933 4491 ne
2970 4452 3165 4490 rursus
3194 4436 3247 4489 in
3277 4436 3471 4499 eadem

224 4515 654 4607 ὠφελιμώτατα,
692 4539 767 4600 ὼς
800 4540 876 4609 μὴ
902 4515 1061 4610 μόνον
1080 4542 1214 4611 αὑτῇ
1245 4543 1343 4611 τὴν
1375 4542 1563 4610 ὑγείαν
1595 4545 1799 4612 ἀμετά-
1828 4515 1876 4573 D

1790 4515 1876 4584 ,θ
1908 4535 2130 4589 incidat.
2161 4534 2339 4601 Atque
2397 4534 2476 4585 sic
2516 4532 2605 4584 illa
2657 4530 2881 4598 quidem
2929 4529 3271 4582 curationem
3326 4543 3472 4582 asse-

221 4631 428 4700 δλητον
463 4635 663 4702 μεῖναι,
713 4632 850 4685 ἀλλά
886 4636 978 4686 καὶ
1018 4635 1131 4697 τοῖς
1178 4634 1358 4695 ἄλλοις
1408 4636 1793 4706 δ;ηγουμένην,

224 4724 487 4795 ἀφορμὴν
517 4724 729 4788 πολλοῖς
759 4726 895 4795 πρὸς
926 4728 1199 4794 σωτηρίαν
1230 4726 1481 4796 ὀφθῆναι.

299 4907 399 4961 1Β’.
449 4907 598 4958 Ἐπεὶ
638 4905 694 4957 δὲ
718 4904 809 4958 τὸν
852 4906 949 4975 μὲν
980 4904 1095 4975 βίον
1125 4908 1283 4959 ίκανὰ
1314 4908 1693 4975 τεκμηριῶσαι
1725 4924 1789 4961 τα

223 4997 502 5065 θαύματα,
551 4996 631 5048 δεῖ
678 4996 733 5047 δὲ
782 4998 1046 5066 γνωρίσαι
1085 4993 1194 5060 οἷος
1236 4994 1303 5067 ἦν
1344 4999 1493 5067 αὑτῷ
1539 4999 1632 5051 καὶ
1670 5001 1795 5069 περὶ

222 5090 323 5157 τὴν
350 5090 531 5139 πίστιν
572 5091 600 5141 ὁ
639 5088 819 5156 ζῆλος,
866 5089 928 5142 τὸ
972 5090 1333 5160 προκείμενον
1390 5093 1631 5157 γνωριεῖ.
1667 5093 1791 5144 Ὅτε

232 5180 525 5247 Ῥωμαίων
588 5176 724 5249 ἦρχε
782 5180 880 5247 μὲν
927 5182 1337 5243 Κωνσταντῖνος
1393 5182 1421 5235 ό
1475 5182 1646 5251 μέγας
1701 5186 1793 5236 καὶ

222 5270 439 5339 πρῶτος
466 5271 524 5322 ιν
559 5268 841 5338 βασιλεῦσι
868 5272 1217 5341 Χριστιανὸς,
1260 5271 1499 5324 ὑπάτευε
1542 5272 1601 5324 δὶ
1644 5274 1785 5326 "au.

221 5364 367 5425 λίνος
415 5362 511 5414 καὶ
562 5362 842 5424 Ἰουλιανός
873 5380 887 5393 ο
930 5362 1037 5415 ἀπὸ
1069 5363 1125 5417 δὲ
1162 5366 1259 5431 τῆς
1306 5362 1657 5433 Ἀλεξάνδρου
1699 5363 1791 5415 τοῦ

220 5455 495 5507 Φιλίππου
540 5452 840 5521 βασιλείας,
869 5453 1025 5505 ἕκτον
1056 5456 1148 5505 καὶ
1182 5456 1515 5522 τριακοστὸν
1542 5455 1635 5506 καὶ
1672 5455 1794 5517 ἐξα-

220 5545 509 5597 κοσιοστὸν
552 5544 748 5613 ἠνύετο
789 5544 905 5605 ἔτος
932 5560 946 5575 ·
996 5545 1055 5597 τό
1090 5561 1149 5597 τε
1191 5544 1254 5614 δὴ
1290 5547 1379 5597 καὶ
1414 5546 1444 5614 ἡ
1486 5548 1546 5598 ἑν
1586 5546 1790 5613 Nimia

221 5638 572 5707 περιώνυμος
602 5637 709 5689 τῶν
741 5637 914 5705 ἀγίων
951 5637 1209 5706 Πατέρων
1242 5637 1522 5708 ἠθροίζετο
1556 5638 1789 5700 σύνοδος,

289 5818 308 5849 ³
339 5816 471 5873 Luc.
512 5832 609 5880 vn,
646 5816 733 5871 48.
807 5818 827 5848 δ
854 5816 1012 5871 Joan.
1036 5831 1087 5883 v,
1122 5815 1205 5869 Η.

1905 4625 2093 4695 quitur
2132 4624 2502 4692 pulcherrime
2538 4630 2589 4675 ct
2624 4622 2937 4685 utilissime,
2973 4630 3032 4674 ut
3068 4634 3176 4673 non
3209 4619 3387 4673 solum
3416 4620 3469 4673 ei

1903 4726 2049 4771 esset
2085 4717 2295 4770 sanitas
2324 4713 2701 4775 immutabilis,
2740 4711 2835 4765 sed
2869 4711 3033 4765 etiam
3067 4711 3192 4764 aliis
3218 4726 3468 4779 narrans,

1902 4807 2086 4859 multis
2119 4816 2263 4859 esset
2291 4803 2506 4857 occasio
2538 4800 2935 4869 consequentia:
2964 4801 3175 4854 salutis.

1971 4896 2086 4950 XII.
2121 4897 2389 4962 Quoniam
2434 4903 2617 4947 autem
2665 4909 2730 4947 ex
2778 4891 3059 4945 miraculis
3108 4891 3328 4959 quidem
3379 4905 3469 4944 su.-

1903 4988 2070 5041 mitur
2103 4988 2170 5040 de
2203 4989 2309 5039 vita
2361 4987 2697 5054 conjectura,
2730 4992 2947 5052 oportet
2986 4996 3117 5035 vero
3156 4981 3463 5045 declarare,

1900 5077 2077 5146 qualis
2099 5088 2245 5131 esset
2272 5077 2323 5129 ei
2353 5077 2503 5130 zelus
2528 5077 2672 5130 circa
2703 5074 2887 5134 fidem.
2933 5074 3036 5127 hoc
3085 5071 3351 5126 indicabit
3410 5072 3465 5133 id

1901 5172 2046 5240 quod
2077 5180 2159 5224 est
2208 5172 2571 5241 propositum.
2614 5166 2843 5234 Quando
2874 5165 3132 5220 Romanis
3161 5166 3466 5233 imperabat

1902 5285 2127 5337 magnus
2161 5268 2250 5321 ille
2278 5267 2691 5329 Constantinus,
2724 5274 2778 5319 et
2833 5266 3045 5333 primus
3090 5263 3235 5317 inter
3288 5264 3464 5331 impev

1899 5373 2109 5413 ratores
2142 5359 2510 5423 Christianus,
2568 5359 2757 5412 consul
2798 5371 2980 5411 autem
3031 5364 3145 5409 erat
3203 5357 3465 5413 Paulinus

1896 5463 1949 5505 et
1979 5454 2263 5506 Julianus:
2294 5466 2323 5504 a
2380 5465 2548 5519 regno
2578 5465 2706 5503 vero
2740 5449 3031 5503 Alexandri
3092 5447 3321 5514 l‘hilippi
3366 5445 3460 5498 filii

1898 5546 2164 5611 agebatur
2198 5544 2634 5598 sexcentesimus
2694 5543 3006 5595 tricesimus
3047 5552 3096 5589 et
3143 5552 3329 5592 sextus
3368 5554 3463 5591 art-

1898 5652 2019 5699 nus,
2042 5645 2169 5690 tunc
2190 5636 2379 5689 Nicaea:
2399 5641 2723 5703 congregata
2754 5634 3095 5697 fuitinsignis
3125 5636 3210 5684 il'a
3239 5632 3458 5692 Patrum
