4260 6430
732 363 836 426 431
1977 363 2272 425 MENSIS
2316 363 2753 429 oscmmsn.
3900 375 4018 441 ωε

734 474 1010 547 synodus,
1049 485 1104 528 ut
1129 473 1326 530 Arium
1393 474 1620 546 quidem
1651 473 2020 546 deponerent,
2067 475 2162 544 qui
2203 490 2316 530 rem
2350 494 2364 536 Α

2423 477 2505 547 ἐφ’
2539 472 2584 546 ᾧ
2617 481 2870 537 καθελεῖν
2913 483 3011 552 μέν
3060 485 3153 537 τὸν
3202 486 3442 555 Ἀρειον,
3489 486 3696 557 κτίσμα
3738 488 3830 542 τὸν
3885 489 4020 542 Υίῖιν

733 577 974 623 creatam
999 569 1165 640 imple
1189 569 1510 625 nominabat
1531 567 1769 625 Filium:
1797 567 2164 623 decernerent
2184 581 2317 621 vero

2418 571 2696 638 δυσσεϐῶς
2727 575 3084 646 ὀνομάζοντα.
3115 577 3448 648 δογματίσαι
3480 577 3535 632 δὲ
3577 579 3657 651 τῷ
3698 581 3875 652 flath
3922 584 4019 634 τὶν

734 659 934 715 Filium
956 674 1079 716 esse
1131 661 1382 732 ejusdem
1423 662 1680 717 essentia:
1730 674 1856 716 cum
1908 657 2092 714 Patre.
2147 657 2317 714 Erant

2420 664 2549 718 Υἱδν
2592 667 2920 737 όμοούσιον·
2961 665 3106 741 ἦσαν
3128 669 3185 724 δὲ
3228 670 3337 725 τῶν
3384 673 3483 742 μιν
3516 672 3617 743 τῆς
3659 671 4018 744 βλασφημέας

733 762 917 808 autem
945 768 1014 808 ex
1040 754 1109 807 iis
1139 753 1386 823 quidem,
1418 755 1512 825 qui
1538 754 1660 826 ejus
1685 752 2133 826 soilragsbantur
2173 752 2318 807 blas-

733 847 987 914 phemia,
1018 846 1182 916 primi
1215 855 1272 902 ct
1313 847 1550 902 maxime
1593 846 1840 918 insignes
1896 844 2171 902 Eusebius
2222 843 2316 901 Ni-
2359 843 2364 847 ’

731 935 1014 1001 comedim,
1046 948 1106 994 et
1135 954 1261 993 cum
1296 939 1391 993 illo
1421 937 1588 993 Maris
1625 947 1681 994 et
1712 938 1991 1010 Theognis
2019 977 2036 1004 ,
2077 952 2312 1008 quorum

732 1029 824 1085 hic
884 1030 1107 1101 quidem
1132 1031 1347 1092 Nicaeae.
1377 1029 1540 1086 Maris
1597 1044 1781 1085 autem
1851 1039 1971 1086 erat
2021 1030 2316 1101 episcopus

734 1123 1220 1181 Chalcedonensis.
1285 1124 1402 1193 isti,
1465 1126 1598 1182 Ario
1647 1125 1786 1180 duce
1847 1125 1996 1180 illius
2058 1124 2313 1187 insaniae,

733 1217 826 1272 Dei
865 1217 1065 1273 Filium
1109 1228 1166 1276 et
1216 1219 1385 1274 Deum
1442 1230 1688 1275 creatum
1735 1233 1856 1276 esse
1902 1231 1956 1287 (ο
1997 1219 2312 1286 insaniam!)

732 1315 967 1385 improbi
1009 1325 1066 1371 et
1100 1315 1352 1371 scelerati
1386 1313 1642 1370 homines
1670 1313 2067 1369 decernebant.
2099 1314 2308 1368 Eorum

730 1420 937 1472 autem,
997 1409 1090 1478 qui
1145 1422 1247 1478 pro
1293 1409 1498 1478 pietate
1577 1406 1934 1463 decertabant
2007 1406 2312 1475 principes,

730 1515 964 1568 quorum
998 1507 1053 1552 et
1083 1498 1336 1554 doctrina
1360 1498 1522 1554 simul
1551 1508 1606 1552 et
1658 1497 1768 1550 vita
1798 1505 1916 1551 erat
1970 1496 2313 1566 prastantis—

731 1590 891 1644 siina.
934 1596 1092 1640 erant
1119 1587 1173 1640 hi
1206 1605 1218 1640 :
1257 1602 1486 1657 magnus
1519 1587 1666 1642 inter
1704 1596 1929 1642 sanctos
1975 1586 2311 1648 Alexander,

731 1679 823 1746 qui
858 1687 978 1732 erat
1007 1679 1310 1749 presbyter,
1342 1686 1474 1733 tunc
1512 1692 1644 1732 vero
1675 1677 1850 1733 vicem
1891 1677 2115 1748 gerebat
2165 1679 2310 1735 beati

2416 758 2568 830 αὐτῷ
2610 764 3026 830 συναιρομένων
3071 765 3121 818 0i
3151 765 3362 836 πρῶτοι
3391 767 3631 836 μάλιστα
3677 767 3770 821 καὶ
3811 770 4018 837 ἐπιση-

2419 851 2644 920 μότατοι
2692 853 2955 919 Εὐσέϐιος
3006 858 3034 910 ό
3094 856 3492 928 Νικομηδιῐας,
3554 858 3738 929 Μάρις
3797 875 3857 912 τι
3913 857 4016 912 σὺν

2418 944 2614 1016 ἰκτίνῳ
2639 946 2734 1001 καὶ
2773 948 3023 1018 Θέογνις,
3063 943 3140 1005 ὧν
3182 952 3211 1002 ὸ
3259 951 3361 1022 μὶν
3404 951 3666 1017 Νικαίας,
3718 954 3904 1022 Μάρις
3933 952 4011 1018 δί,

2415 1036 2764 1108 Χ.λκηδόνος
2811 1040 3114 1108 ἐπίσκοπος
3161 1038 3254 1115 ἦν.
3292 1036 3457 1100 Οὗτοι
3505 1044 3721 1114 Ἀρείου
3745 1045 3841 1116 τῆς
3881 1046 4018 1099 ideo

2416 1144 2519 1199 σης
2566 1133 2982 1203 ἀφηγουμένου,
3022 1134 3114 1188 τδν
3167 1135 3264 1189 τοῦ
3319 1136 3454 1190 Θεοῦ
3517 1138 3648 1191 Υίδν
3705 1139 3798 1192 καὶ
3852 1137 4012 1204 Θεὸν,

2414 1221 2652 1282 κτιστὶν,
2700 1220 2745 1275 ὣ
2794 1223 2992 1292 μανίας
3019 1225 3032 1278 ί
3059 1224 3126 1279 τὰ
3157 1229 3372 1298 πονηρὰ
3397 1227 3681 1298 κτίσματα
3720 1228 4017 1296 έδλγμάτι-

2415 1310 2528 1376 ζον.
2573 1313 2695 1368 Τῶν
2723 1331 2785 1383 γε
2828 1317 2938 1387 μὴν
2970 1319 3114 1390 ὑπὲρ
3141 1320 3242 1390 τῆς
3283 1321 3568 1386 εὐσεϐείας
3614 1321 4036 1391 διαγωνιζομί·,

2414 1422 2519 1458 νων
2549 1406 2599 1458 oi
2635 1407 2936 1479 πρόμαχοι,
2988 1404 3063 1466 ὧν
3100 1412 3193 1465 καὶ
3236 1412 3394 1481 λόγος
3434 1415 3551 1484 ἅμα
3594 1416 3690 1468 καὶ
3737 1413 3875 1484 βίος,
3904 1414 4013 1467 τῶν

2413 1498 2592 1552 ἄλλων
2635 1500 3043 1572 διαφορώτατος
3089 1501 3180 1578 ἦν,
3226 1502 3368 1578 ἦσαν
3413 1504 3582 1563 οὗτοι.
3623 1508 3689 1560 '0
3732 1524 3790 1561 τε
3839 1511 4013 1578 μέγας

2412 1591 2470 1642 ὲν
2505 1593 2682 1661 ἁγίοις
2748 1595 3121 1671 Ἀλέξανδρος,
3177 1600 3556 1673 πρεσϐύτερος
3615 1603 3715 1671 μὲν
3754 1601 3854 1668 ὢν,
3887 1604 4012 1673 ἄρτι

2411 1683 2468 1737 δὲ
2499 1685 2590 1739 τὸν
2620 1687 2714 1741 τοῦ
2742 1692 3020 1762 μακαρίου
3044 1694 3446 1765 Μητροφάνους
3483 1697 3648 1749 τόπον
3675 1698 3907 1767 ἐπέχων,
3937 1696 4011 1758 ὡς

731 1771 882 1825 illius
914 1769 1310 1838 lictrophanis.
1345 1780 1404 1823 ut
1435 1769 1528 1841 qui
1568 1769 1684 1840 ipse
1727 1784 1839 1824 non
1871 1769 2126 1838 adesset;
2163 1772 2308 1841 quod
2341 1846 2364 1859 _

2416 1777 2485 1832 ἂν
2529 1779 2697 1836 αὑτοῦ
2738 1783 2812 1854 μὴ
2849 1785 3139 1858 παρόντος,
3164 1788 3279 1840 ἀλλ’
3314 1789 3496 1842 αἰτίαν
3525 1791 3617 1859 τῆς
3667 1788 4013 1857 ἀπολείψεως

739 1864 785 1918 at
809 1871 952 1918 esset
1014 1872 1224 1929 autem,
1255 1877 1420 1918 causa
1452 1873 1570 1918 erat
1596 1863 1855 1919 morbus:
1888 1872 1944 1920 et
1970 1863 2312 1920 clarissimus
2341 1846 2364 1907 Ῑ

2417 1871 2574 1924 νόσον
2618 1872 2856 1943 ἔχοντος,
2898 1880 2993 1930 καὶ
3045 1877 3366 1944 Ἀθανάσιος
3405 1882 3432 1934 ὁ
3466 1881 3657 1944 πολὺς,
3702 1879 3855 1934 οὔπω
3885 1880 4012 1932 τότι

732 1957 824 2011 ille
871 1955 1248 2022 Athanasius,
1319 1955 1412 2026 qui
1485 1956 1729 2012 nondum
1795 1957 2120 2014 sacerdotali
2181 1957 2311 2013 sede

731 2058 849 2104 erat
874 2048 1192 2110 decoratus,
1225 2047 1320 2102 sed
1351 2047 1404 2101 in
1430 2047 1679 2103 Ecclesia
1712 2048 2083 2104 Alexandrina
2114 2065 2314 2106 muniis

731 2141 919 2194 obibat
943 2141 1183 2195 diaconi.
1212 2138 1479 2206 Quocirca
1510 2156 1620 2195 non
1649 2157 1816 2211 parva
1854 2142 1909 2197 in
1939 2157 2034 2198 eos
2091 2141 2314 2214 irrepsit

734 2235 960 2296 invidia,
1009 2235 1154 2304 quod
1186 2251 1310 2290 cum
1361 2237 1605 2292 nomium
1645 2237 1913 2308 dignitate
1956 2250 2309 2309 praestarent,

732 2326 1036 2380 inratione
1067 2325 1191 2379 fidei
1219 2326 1358 2380 alios
1394 2337 1742 2396 superarent.
1775 2327 1904 2382 Erat
1952 2337 2136 2383 autem
2187 2345 2310 2384 cum

730 2422 810 2474 eis
838 2434 1059 2489 quoque
1118 2434 1350 2490 magnus
1414 2419 1504 2474 ille
1547 2419 1831 2490 Spiridon,
1886 2421 2048 2492 cujus
2098 2424 2208 2477 vita
2260 2432 2316 2479 et

728 2529 849 2581 quae
894 2529 1020 2568 cum
1063 2529 1132 2568 eo
1171 2514 1454 2569 habitabat
1485 2515 1681 2584 gratia,
1726 2527 1848 2571 erat
1880 2516 2069 2572 utilior
2091 2516 2157 2572 ad
2189 2533 2315 2587 per—

733 2605 1096 2667 suadendum.
1164 2621 1327 2677 quam
1383 2606 1584 2678 linguai
1652 2609 1912 2674 aliorum,
1957 2620 2016 2666 et
2079 2610 2316 2666 inevita-

729 2699 869 2752 biles
901 2713 1048 2753 ansa
1076 2698 1541 2769 syllogismorum,
1567 2700 1979 2774 splendidaque
2001 2716 2058 2759 et
2083 2704 2309 2775 elegan-

734 2803 814 2844 tes
841 2791 1050 2858 periodi
1077 2793 1424 2850 orationum.

804 2883 945 2938 Xlll.
972 2881 1108 2938 Cum
1141 2894 1325 2940 autem
1359 2885 1446 2940 hic
1486 2885 1706 2943 adesset
1738 2886 1852 2957 (hic
1897 2890 2046 2943 enim
2090 2890 2199 2960 jam
2227 2905 2316 2948 res

727 2974 1274 3046 estjucundissima).
1316 2975 1625 3033 intererant
1673 2988 1856 3034 autem
1907 2981 2118 3051 synodo
2149 2983 2314 3038 etiam

730 3068 1068 3138 philosophi.
1096 3085 1219 3123 cum
1257 3069 1330 3122 ita
1362 3069 1644 3126 videretur
1685 3074 2028 3141 imperatori,
2097 3077 2190 3144 qui
2245 3077 2314 3133 ab

2420 1963 2513 2018 τὸν
2560 1967 2834 2036 ἱερατικὸν
2872 1969 3062 2040 θρόνον
3102 1972 3519 2041 ἀποσεμνύνων,
3561 1973 3698 2028 ἀλλὰ
3736 1977 3799 2043 τῇ
3855 1972 4011 2026 Ἀλε-

2420 2056 2694 2130 ξανδρέων
2745 2061 3066 2135 Ἐκκλησίας
3109 2066 3225 2136 τὴν¹
3251 2065 3345 2119 τοῦ
3401 2067 3652 2121 διακόνου
3691 2067 3845 2132 τάξιν
3877 2068 4012 2120 ἁπο-

2420 2150 2686 2223 πληρῶν·
2746 2154 2825 2207 διὸ
2868 2157 2965 2210 καὶ
3032 2159 3229 2227 φθόνος
3292 2158 3414 2214 κατ’
3469 2161 3649 2215 αὐτῶν
3699 2161 3759 2214 οὐ
3813 2161 4012 2229 μικρὶς

2419 2247 2708 2318 ὑφεῐρπεν,
2770 2249 2851 2304 ὅτι
2905 2253 3074 2323 μήπω
3126 2255 3480 2326 διαφέροντες
3519 2257 3587 2322 de
3613 2258 3821 2327 ὡμασι,
3873 2255 4010 2309 πολῦ

2418 2339 2549 2409 περὶ
2595 2340 2687 2394 τὸν
2742 2342 2902 2412 λόγον
2932 2346 3030 2410 τῆς
3067 2347 3305 2413 πίιτεως
3346 2350 3456 2403 τῶν
3497 2351 3675 2406 ἄλλων
3721 2351 4008 2422 ἐκράτουν.

2417 2426 2525 2484 Ἠν
2546 2433 2600 2487 δὲ
2629 2433 2736 2506 ἄρα
2763 2438 2860 2490 σὺν
2884 2437 3093 2503 τούτοις
3126 2443 3220 2496 καὶ
3250 2443 3533 2514 Σπυρέδων
3563 2444 3590 2496 6
3621 2444 3815 2515 μέγας.
3841 2438 4014 2512 οὗπερ

2415 2525 2444 2580 δ
2481 2526 2595 2599 βίος
2645 2529 2869 2597 μᾶλλον,
2924 2535 3019 2586 καὶ
3068 2536 3099 2604 ή
3149 2535 3480 2592 συνοικοῦσα
3532 2540 3693 2607 χάρις
3744 2537 4012 2604 ἀνύσιμης

2416 2623 2497 2684 είς
2523 2623 2699 2678 πειθὼ
2727 2625 2759 2696 ἢ
2789 2625 2894 2679 τῶν
2930 2628 3107 2682 ἄλλων
3155 2630 3208 2683 α’
3247 2629 3515 2699 γλῶσσαι,
3550 2634 3646 2686 καὶ
3677 2632 3785 2685 τῶν
3823 2632 4014 2685 συλλο-

2415 2717 2635 2785 γισμῶν
2668 2719 2724 2771 ai
2761 2717 2991 2788 ἄφυκτοι
3017 2721 3202 2788 λαϐαὶ,
3237 2725 3329 2777 καὶ
3354 2727 3408 2778 ai
3443 2723 3553 2779 τῶν
3588 2726 3763 2796 λόγων
3798 2726 4015 2797 κομψαὶ

2419 2808 2684 2879 περίοδοι.

2494 2903 2590 2958 ll".
2628 2905 2717 2971 Ὠς
2743 2907 2797 2961 δέ
2826 2909 2919 2960 καὶ
2949 2909 3093 2964 οὕτω
3129 2911 3312 2981 παρῆν
3347 2913 3623 2982 (ἐνταῦθα
3654 2913 3761 2984 γὰρ
3786 2915 3890 2988 ήδη
3917 2917 4010 2971 καὶ

2416 2995 2478 3049 τὸ
2507 2997 2602 3052 τοῦ
2636 3000 2970 3070 πράγματος
3005 3004 3271 3074 ἥδιστον),
3320 3007 3579 3078 παρῆσαν
3612 3009 3667 3063 δὲ
3717 3011 3812 3063 καὶ
3859 3012 4016 3078 φιλί-

2421 3104 2579 3156 σοφοι
2620 3093 2686 3160 τῇ
2730 3092 3056 3164 συνόδῳ,τῷ
3102 3095 3313 3164 βασιλεῖ
3343 3098 3504 3152 τοῦτο
3541 3100 3752 3163 δοκοῦν,
3794 3105 4015 3168 κόμπον

728 3160 1065 3215 ambulando
1121 3176 1178 3216 se
1249 3161 1554 3232 jactabant,
1608 3171 1665 3217 et
1728 3165 1946 3221 animos
2012 3166 2364 3261 seducentet

2421 3185 2860 3254 περιπατητικὶν
2889 3186 3204 3256 αὐχοῦντες,
3237 3191 3330 3244 καὶ
3385 3200 3710 3265 σοφιστικὴν
3744 3197 4014 3267 ῴυχαγω-

730 3253 1028 3308 sonliistica
1085 3264 1203 3309 arte
1280 3265 1437 3308 erant
1517 3269 1729 3312 summe
1811 3258 2038 3314 eruditi.
2082 3253 2364 3327 Quidam'

2421 3273 2546 3341 γίαν
2598 3253 2784 3346 ἄκρως
2828 3253 3282 3348 πεπαιδευμένοι.
3332 3279 3427 3348 Εἷς
3465 3253 3530 3338 ’δέ
3572 3253 3676 3350 τις.
3707 3255 3768 3340 έν
3821 3253 4007 3354 αὐτοῖς

728 3362 859 3400 vero
889 3362 1031 3400 unus
1055 3349 1197 3402 inter
1224 3362 1320 3402 eos
1344 3347 1550 3417 primas
1572 3358 1754 3418 partes
1777 3350 1995 3406 tenebat
2017 3351 2069 3406 in
2085 3354 2314 3424 agendo,

727 3439 822 3508 qui
856 3439 1096 3494 habebat
1143 3440 1514 3510 persuadendi
1557 3442 1665 3496 vim
1724 3443 2226 3516 inexpugnabilem,
2260 3457 2316 3504 et

729 3531 889 3601 cujus
928 3531 1247 3600 eloquentia
1297 3532 1498 3604 linguis
1531 3534 1917 3590 celebrabatur
1941 3541 2208 3593 omnium.
2263 3539 2313 3597 is

727 3639 1056 3694 congressus
1113 3640 1237 3681 cum
1303 3627 1620 3698 episcopis,
1701 3627 1917 3686 fortiter
1983 3630 2316 3690 defendebat

729 3715 946 3780 Arium,
978 3725 1034 3772 et
1068 3718 1224 3774 valde
1257 3717 1569 3785 resistebat,
1592 3721 1901 3793 suscipiens
1923 3722 2045 3794 ejus
2074 3727 2316 3795 patroci-

725 3809 906 3874 nium,
941 3809 1080 3864 adeo
1111 3819 1172 3866 ut
1201 3826 1454 3883 magnam
1505 3823 1716 3883 partem
1760 3815 1946 3886 p0puli
2005 3812 2314 3875 attraheret

728 3900 796 3954 rd
823 3900 1184 3963 audiendum.
1211 3910 1463 3958 aventem
1495 3903 1659 3970 scire,
1687 3908 1796 3962 utri
1841 3922 1910 3962 es
1931 3909 2315 3966 contradicen-

729 3991 879 4048 tibus
926 3992 1096 4048 futuri
1158 4005 1345 4050 essent
1394 3997 1728 4066 superiores.
1782 3997 1926 4054 Nihil
1977 3999 2148 4070 igitur
2194 4013 2314 4059 erat

727 4085 867 4140 adeo
894 4086 1077 4140 solntu
1102 4083 1341 4150 difﬁcile,
1379 4086 1527 4157 quod
1566 4105 1675 4144 non
1701 4089 1794 4147 ille
1851 4092 2112 4150 redderet
2149 4095 2310 4153 facile

727 4175 963 4231 solubile
997 4191 1096 4231 sua
1120 4175 1342 4232 dicendi
1373 4178 1543 4254 capia
1569 4188 1623 4235 et
1649 4179 1934 4241 facultate.
1959 4182 2094 4240 Cum
2125 4194 2308 4242 autem

725 4285 866 4338 sape
898 4269 952 4322 in
1017 4280 1233 4326 arctuni
1293 4282 1583 4342 cogeretur
1633 4275 1938 4345 responsio,
2006 4278 2180 4334 instar
2215 4295 2312 4336 an-

724 4360 906 4429 guilla:
932 4359 1276 4429 elabebatur,
1307 4361 1470 4419 furtis
1506 4367 1884 4433 persuasionis
1923 4380 1982 4423 et
2041 4376 2184 4425 escis
2219 4387 2310 4427 so-

724 4452 996 4523 phisticis.
1062 4454 1192 4509 Erat
1229 4469 1362 4524 ergo
1419 4456 1668 4513 veritatis
1712 4470 1766 4514 et
1801 4461 1936 4518 artis
1981 4465 2302 4533 contentio;

2418 3363 2607 3434 ἠγεῖτο
2639 3365 2732 3418 τοῦ
2777 3366 2962 3436 λόγου,
2999 3369 3216 3441 ἄμαχον
3258 3374 3338 3436 si;
3376 3374 3552 3429 πειθὼ
3581 3376 3812 3446 δύναμιν
3842 3381 4006 3450 ἔχων,

2419 3457 2513 3542 καί
2545 3456 2634 3511 διὰ
2670 3458 2852 3529 πάσης
2895 3461 3147 3532 γλώττης
3191 3463 3294 3536 τὴν
3341 3466 3678 3536 ιὺγλωττίαν
3719 3471 4008 3542 ᾲδόμενος.

2423 3540 2595 3612 οὗτος
2629 3553 2742 3614 τοῖς
2789 3553 3114 3619 ἑπισκόπνιις
3155 3557 3457 3626 συμμίξας,
3517 3540 3754 3632 ἰσχυρῶς
3813 3565 4010 3636 ’Δρείῳ

2418 3641 2672 3713 συνέστη,
2718 3645 2812 3697 καί
2865 3643 2987 3700 λίαν
3030 3647 3246 3718 ἁντιῐχι
3295 3653 3613 3724 συνηγορῶν
3639 3696 3653 3721 ,
3695 3654 3770 3718 ὡς
3813 3659 3909 3711 καὶ
3946 3659 4011 3710 τὸ

2417 3733 2552 3787 πολὺ
2581 3733 2676 3787 τοῦ
2718 3734 2958 3806 πλήθους
2991 3737 3075 3802 si;
3114 3741 3382 3812 ἀκρόασιν
3419 3746 3854 3814 έπισπάσασθα·,
3888 3750 4009 3818 73t-

2418 3824 2682 3894 χομένους
2713 3827 2935 3897 μαθεῖν.
2973 3830 3201 3904 πότεροι
3236 3831 3345 3887 τῶν
3371 3835 3768 3905 ἁντιλιγόντων
3805 3841 4008 3894 νικῶν-

2413 3933 2506 3982 ττς
2545 3917 2782 3976 ισονται.
2825 3923 2961 3977 oon
2991 3925 3100 3996 γὰρ
3128 3920 3198 3996 ἦν
3232 3915 3384 3983 οὕτω
3415 3931 3552 4003 πρὸς
3593 3915 3844 3989 έπίλυσιν
3879 3936 4010 3992 δυσ-

2423 4012 2616 4082 χιιρις,
2643 4013 2676 4066 δ
2731 4015 2806 4085 μὴ
2844 4015 3070 4070 ιῦλυτον
3105 4020 3316 4084 έκεῖνος
3341 4023 3510 4076 ἐτίθει
3546 4027 3612 4096 τῇ
3649 4027 3788 4097 πρὸς
3824 4029 3884 4083 τὸ
3919 4030 4011 4083 λέ-

2415 4121 2536 4174 γιιν
2580 4106 2897 4178 περιουσίᾳ.
2955 4109 3068 4163 Καὶ
3120 4111 3202 4174 si;
3250 4113 3438 4168 στενὸν
3489 4114 3548 4168 δέ
3595 4116 3857 4183 πολλάκις
3905 4123 4006 4192 τῆς

2414 4196 2716 4268 ἀπολογίας
2744 4200 2893 4272 αὐτῷ
2923 4204 3301 4275 καταστάσης,
3340 4205 3498 4277 δίκην
3537 4208 3799 4278 έγχέλυος
3824 4211 4006 4267 διωλί-

2415 4287 2605 4345 σθαινι
2641 4291 2866 4356 πειθοῦς
2891 4294 3172 4364 κλέμμασι
3220 4297 3318 4350 καὶ
3361 4305 3704 4367 σοφιστικοῖς
3737 4303 4006 4375 διλιάμα-

2416 4397 2520 4438 σιν.
2553 4378 2662 4437 Ἦν
2693 4380 2788 4438 οὖν
2825 4384 3090 4456 ἀληθείας
3132 4390 3227 4443 καὶ
3259 4392 3459 4461 τέχνης
3494 4391 3722 4464 ἅμιλλα,
3760 4397 3869 4450 τῶν
3901 4402 4005 4466 μὲν

2414 4473 2625 4545 τάληθῆ
2677 4476 3152 4546 φιλολογούντων,
3214 4485 3483 4552 νοήμασιν
3545 4487 4003 4562 άρᾳδιουργήτοις

724 4547 834 4602 illis
871 4546 1117 4618 quidem,
1150 4547 1245 4618 qni
1281 4563 1467 4605 veram
1494 4550 1792 4608 tuebantur
1846 4557 2140 4623 rationem,
2174 4574 2304 4616 sen-
2340 4543 2364 4602 Ῑ

2417 4543 2721 4638 βαλλόντων
2755 4571 2848 4623 τὶν
2876 4543 3160 4643 σοφιστὴν,
3197 4543 3374 4630 seti-iii
3402 4543 3654 4649 καθάπσρ
3687 4543 3836 4635 ὅπλα.
3869 4543 4002 4654 ἑέροῖ

726 4641 912 4694 tentiis
939 4656 1048 4694 non
1083 4641 1382 4699 artitlciose
1415 4651 1469 4698 et
1503 4643 1702 4701 callide
1728 4649 2054 4719 excogitatis
2111 4651 2304 4722 saphi-

722 4737 862 4783 stam
894 4729 1260 4797 ferientibus;
1292 4733 1399 4788 hoc
1435 4745 1643 4801 autem,
1672 4744 1932 4809 tanquam
1960 4757 2139 4809 arma,
2164 4744 2307 4817 obji-

723 4823 904 4877 ciente
936 4821 1261 4877 varietatem
1295 4827 1586 4892 orationis,
1628 4828 1990 4902 fallacemque
2021 4843 2078 4888 et
2107 4836 2310 4892 subdo-

724 4913 830 4966 lam
856 4912 1352 4981 ratiocinationem,
1375 4927 1431 4972 et
1461 4933 1523 4973 ea
1542 4933 1600 4974 se
1622 4920 1792 4991 magis
1821 4922 2128 4982 arbitrante
2147 4942 2306 4998 posse

723 5003 969 5061 vincere.

795 5094 935 5151 XIV.
968 5095 1073 5155 Sed
1122 5116 1191 5155 ne
1243 5101 1461 5158 dicendi
1524 5103 1803 5165 facultatis
1835 5119 1982 5166 esset
2048 5111 2301 5180 victoria,

721 5202 912 5243 verum
939 5187 1146 5247 Christi
1185 5202 1240 5248 et
1274 5195 1549 5264 veritatis,
1605 5199 1730 5256 aliis
1783 5203 1916 5258 viris
1946 5203 2126 5261 doctis
2163 5222 2307 5278 pre-

724 5281 1015 5346 termissis,
1073 5298 1138 5339 ea
1173 5283 1277 5341 fuit
1325 5285 1638 5358 Spiridonls
1700 5292 1804 5348 viri
1867 5295 2156 5367 simplicis,
2205 5302 2301 5372 qui

721 5389 847 5426 eum
886 5375 1023 5428 nihil
1055 5375 1201 5432 aliud
1230 5379 1397 5435 sciret
1434 5381 1540 5437 nisi
1571 5381 1876 5450 Christum.
1909 5403 2142 5461 eumque
2171 5407 2303 5448 cru-

724 5463 967 5525 cifixum.
999 5463 1143 5520 sicut
1181 5466 1258 5520 ait
1313 5467 1515 5529 Paulus
1549 5471 1573 5503 '
1606 5489 1618 5526 :
1659 5486 1783 5528 cum
1820 5474 2048 5531 vidisset
2123 5477 2303 5548 philo-

721 5556 959 5624 sophum
1013 5573 1069 5612 se
1109 5560 1410 5629 jactantem
1456 5563 1909 5635 sophismatibus,
1961 5576 2018 5625 et
2057 5563 2296 5642 linguam

719 5647 1045 5702 innlvdicam
1081 5663 1395 5710 moventem
1442 5663 1632 5714 contra
1685 5657 1988 5728 Christum,
2015 5670 2072 5718 et
2113 5675 2298 5723 nostra

792 5829 810 5861 ⁸
838 5827 856 5890 ί
886 5828 1004 5890 Cor.
1034 5833 1165 5901 “,2.

2410 4659 2745 4733 ϐαλλομένου
2798 4663 2860 4718 τὸ
2900 4666 3148 4721 ποικίλον
3193 4668 3286 4723 τοῦ
3324 4669 3512 4740 λόγου,
3546 4674 3641 4726 καὶ
3691 4675 4002 4746 παραλογι-

2411 4751 2594 4804 στικὸν
2632 4756 2725 4806 καὶ
2759 4755 3116 4825 κακότεχνον,
3157 4759 3250 4812 καὶ
3279 4760 3453 4833 τούτῳ
3496 4764 3703 4834 μᾶλλον
3747 4768 4000 4838 οἰομένου

2409 4848 2655 4916 κρατεῖν,

2484 5116 2584 5175 lA'.
2629 5119 2770 5174 Ἀλλ’
2816 5122 2905 5178 ἵνα
2942 5124 3018 5196 μὴ
3058 5125 3166 5182 τῶν
3186 5126 3364 5197 λόγων
3415 5128 3478 5184 τὸ
3522 5132 3683 5204 νικᾲν
3717 5133 3827 5203 τίη,
3859 5135 4000 5191 ἀλλὰ

2411 5212 2653 5284 Χριστοῦ
2711 5216 2809 5269 καὶ
2863 5219 2965 5288 τῆς
3026 5219 3306 5291 ἁληθιέας,
3369 5224 3492 5289 τοὺς
3548 5225 3726 5291 ἄλλως
3784 5228 4003 5298 λογίους

2413 5304 2797 5376 παραδραμδν.
2836 5308 3182 5381 Σπυρίδωνο;
3228 5313 3388 5368 τοῦτο
3420 5315 3515 5370 τοῦ
3551 5317 3726 5373 ἁπλοῦ
3763 5320 3998 5389 γίνεται,

2411 5394 2488 5458 ὡς
2520 5397 2673 5451 οὐδὲν
2697 5398 2829 5454 ἄλλο
2858 5417 2911 5453 τι
2962 5402 3127 5457 πλέον
3176 5404 3336 5470 οίδὼς
3382 5407 3465 5462 ὅτι
3511 5409 3587 5480 μὴ
3619 5411 3878 5481 Χριστὸν,
3905 5414 4003 5468 καὶ

2408 5486 2601 5541 τοῦτον
2642 5491 3082 5564 ἐσταυρωμένον,
3132 5495 3208 5560 ὥς
3252 5514 3420 5570 φησιν
3462 5500 3694 5567 Παῦλος.
3754 5504 3842 5570 Ὠς
3889 5500 3940 5559 εἰ
3974 5523 4000 5560 s

2409 5578 2505 5633 τὸν
2536 5580 2829 5652 φιλόσοφον
2870 5588 2988 5648 τοῖς
3031 5589 3333 5661 σοφίσμασι
3381 5590 3800 5663 βρινθυόμενον,
3849 5596 4003 5664 φιλο-

2410 5671 2650 5745 λοίδορόν
2674 5691 2732 5729 τι
2769 5676 3025 5745 γλῶσσαν
3058 5680 3312 5738 κινοῦντα
3347 5685 3489 5739 κατὰ
3523 5685 3786 5758 Χριστοῦ,
3810 5689 3905 5741 καὶ
3926 5688 4001 5743 τὰ
