4260 6430
789 378 898 444 435

2020 370 2310 434 MENSIS
2355 375 2781 436 DECEMBER.

3939 371 4045 436 ωε

781 494 871 550 cui
907 493 1088 561 lingua
1128 489 1346 558 quidem
1389 489 1615 543 omnino
1650 495 1734 542 est
1768 487 2029 552 hominis,
2059 488 2226 542 verba
2258 503 2355 540 au-
2389 497 2423 549 Α

2462 493 2576 561 ἅμα
2611 496 2972 564 περιποιῆσαι
3003 496 3098 548 καὶ
3120 493 3314 564 ἡδονήν
3343 508 3356 557 ς
3395 491 3466 546 Οἵ
3492 508 3555 559 γε
3582 507 3835 544 τοσουτον
3861 491 3908 541 οἱ
3944 490 4044 557 μὲν

781 597 964 642 autern
1032 593 1158 638 sunt
1209 583 1326 637 Dei.
1368 579 1643 647 Quantum
1700 581 1906 650 putatis
1965 583 2067 636 hoc
2135 579 2353 635 Arianis

777 677 1002 747 quidem
1031 675 1292 738 dedecus,
1327 674 1434 743 piis
1474 682 1658 728 autem
1687 674 1953 728 honorem
2017 673 2268 728 attulisse
2298 682 2353 728 et

781 768 1153 840 voluptatem?
1190 767 1271 822 Illi
1299 777 1483 821 autem
1518 766 1676 821 fuere
1714 765 1981 835 superati,
2014 780 2140 819 cum
2160 781 2352 820 omnes

775 867 890 919 fere
945 863 1167 931 quidem
1200 868 1358 914 rectm
1395 859 1606 914 assensi
1639 867 1825 914 essent
1875 859 2204 913 sententias:
2257 872 2354 911 sex

775 972 904 1010 vero
935 954 1035 1008 soli
1095 949 1272 1006 relicti
1295 958 1480 1006 essent
1537 949 1688 1016 Ario,
1749 950 1920 1004 futuri
1953 948 2093 1003 mala
2143 961 2268 1017 pars
2298 955 2352 1000 et

777 1047 1022 1115 improba
1051 1044 1221 1115 patris
1247 1042 1518 1098 mendacii
1578 1051 1635 1098 et
1688 1041 1758 1097 ab
1786 1042 1948 1096 initio
1987 1039 2353 1110 implacabilis

778 1141 986 1196 inimici
1014 1138 1284 1192 veritatis.
1317 1135 1448 1190 Tam
1478 1145 1666 1205 aperte
1688 1134 1986 1190 confutatis
2010 1135 2076 1188 Iis
2109 1148 2348 1202 quorum

783 1233 923 1286 mala
985 1240 1101 1285 erat
1159 1229 1347 1300 opinio
1388 1229 1592 1282 reversi
1654 1237 1781 1282 sunt
1811 1227 2074 1297 episcopi,
2125 1227 2352 1279 victor'a

800 1323 999 1391 ﬁtidem
1023 1321 1154 1384 laeti,
1187 1320 1458 1374 miraculo
1492 1328 1674 1373 autem
1705 1319 2096 1388 obstupefacti,
2128 1327 2184 1373 et
2227 1331 2355 1385 pro-

782 1427 899 1480 ,ελεγ
927 1415 1039 1468 haec
1070 1413 1234 1468 ambo
1289 1413 1458 1465 Deum
1500 1410 1809 1473 laudantes,
1870 1425 2067 1479 nempe
2096 1411 2244 1478 quod
2299 1416 2355 1461 et

779 1505 1122 1572 aspexissent
1175 1498 1539 1562 admirabilia,
1567 1507 1622 1552 et
1650 1513 1772 1568 quae
1812 1504 1971 1552 erant
2003 1507 2201 1566 praeter
2231 1494 2353 1564 opi-

777 1595 997 1649 nionem
1026 1634 1041 1658 ,
1088 1601 1144 1648 et
1197 1590 1344 1661 quod
1369 1590 1632 1644 vicissent
1681 1587 1798 1642 Arii
1856 1586 2146 1639 insaniam.
2183 1585 2355 1638 Porro

777 1695 958 1740 autem
1022 1685 1136 1754 ipse
1175 1697 1396 1753 quoque
1439 1682 1738 1749 imperator
1801 1678 2067 1732 miracqu
2129 1677 2355 1730 omnino

779 1777 1216 1847 obstupefactus,
1251 1772 1600 1842 Spiridonem
1653 1772 1801 1824 omni
1829 1770 2037 1824 honore
2064 1767 2355 1838 prosequi-

781 1883 898 1932 tur,
949 1877 1004 1921 et
1070 1880 1193 1919 cum
1250 1863 1582 1934 postulasset
1633 1871 1693 1915 ut
1767 1876 1865 1929 per
1935 1862 2116 1928 ipsum
2173 1859 2350 1913 Deum
2387 1859 2423 1914 Β

778 1960 1006 2016 haberet
1038 1957 1352 2028 propitium.
1377 1969 1506 2010 eum
1533 1955 1760 2010 domum
1793 1953 2060 2010 dimittit:

848 2051 990 2108 XVI.
1024 2050 1247 2105 Interim
1288 2063 1420 2103 vero
1467 2048 1598 2102 dum
1629 2047 1747 2102 haec
1776 2047 2140 2116 agitarentur,
2177 2043 2349 2098 mori-

779 2158 868 2200 tur
901 2145 1124 2215 quidem
1179 2153 1366 2198 sancto
1425 2143 1554 2209 filia,
1595 2157 1719 2211 qua:
1761 2152 1887 2196 nata
1939 2142 1990 2196 ei
2055 2140 2234 2195 fuerat
2285 2154 2350 2193 ex

779 2237 1088 2292 honorabili
1113 2235 1368 2305 conjugio
1395 2251 1410 2302 ;
1435 2244 1490 2290 et
1510 2234 1728 2289 florenti
1761 2244 1918 2289 astate
1945 2234 2104 2304 longe
2139 2233 2351 2305 specio-

778 2333 980 2387 siorem
1030 2329 1318 2385 ostendens
1367 2329 1805 2398 temperantiam,
1848 2327 2154 2398 permansit
2199 2327 2351 2395 virgo

783 2433 895 2477 toto
923 2436 1185 2494 tempore,
1215 2439 1304 2476 res
1334 2437 1455 2491 qua:
1495 2437 1634 2491 puro
1689 2437 1892 2491 sponso
1957 2421 2120 2490 digna
2159 2429 2242 2476 est
2297 2428 2353 2475 et

779 2514 1039 2568 thalamis
1069 2513 1404 2568 cmiestibus.
1426 2512 1699 2568 Reversus
1717 2525 1899 2568 autem
1933 2530 2162 2583 magnus
2184 2514 2352 2583 Spiri-

777 2608 912 2670 tlon,
952 2621 1074 2660 cum
1105 2621 1224 2660 eam
1256 2606 1328 2660 ita
1360 2606 1573 2660 tulisset
1606 2607 1994 2670 calamitatem,
2053 2617 2112 2662 ut
2144 2624 2243 2678 par
2266 2619 2350 2662 est

780 2700 960 2752 virum
999 2699 1159 2753 talem
1197 2698 1296 2752 :ad
1321 2713 1446 2752 eum
1493 2714 1644 2765 vero,
1675 2699 1768 2768 qui
1823 2700 1988 2768 paulo
2031 2711 2158 2754 ante
2184 2699 2344 2755 adve-

781 2801 960 2856 nerat,
997 2791 1315 2845 accessisset
1338 2790 1584 2860 quaedam
1605 2791 1824 2852 mulier,
1848 2792 2021 2845 tristis
2045 2793 2345 2847 admodum

782 2892 837 2938 et
854 2883 1062 2938 deflens
1077 2882 1486 2946 miserabiliter,
1509 2882 1652 2951 quod
1677 2881 1820 2950 apud
1845 2883 2009 2936 tiliam
2033 2885 2152 2953 ejus
2169 2884 2351 2939 adhuc

783 2972 1134 3041 superstitem
1181 2980 1565 3025 ornamentum
1609 2973 1882 3040 quoddam
1908 2989 2134 3028 aureum
2181 2975 2349 3043 depo-

783 3063 1007 3126 suisset,
1047 3077 1283 3130 cumque
1321 3063 1412 3117 illa
1459 3062 1625 3117 celeri
1659 3071 1833 3117 morte
1885 3075 2150 3133 praerepta
2182 3073 2346 3130 esset,

783 3157 929 3226 quod
954 3157 1071 3226 ejus
1094 3156 1220 3210 lldei
1246 3155 1515 3211 creditum
1552 3155 1750 3221 fuerat,
1774 3160 1916 3225 apud
1957 3173 2093 3211 eam-
2120 3158 2350 3211 mansis-

2457 589 2796 658 ἐκράτησαν,
2829 592 2877 642 oi
2914 590 2972 642 δὲ
3011 587 3328 656 ἡττήθησαν
3360 587 3458 651 ὼς,
3499 585 3700 656 μικροῦ
3723 586 3944 638 πάντων
3975 585 4043 652 τῇ

2453 681 2586 749 ὀρθῇ
2615 680 3005 750 προσθεμένων
3039 678 3186 749 δόξῃ,
3218 678 3279 743 ἓξ
3318 677 3514 748 μόνους
3539 676 3616 747 τῷ
3655 675 3850 747 ’Δρείῳ
3884 690 4044 742 περι-

2451 775 2760 844 λειφθῆναι,
2791 773 2986 844 μερίδα
3015 772 3228 842 φαύλην
3275 772 3370 825 καὶ⁵
3400 771 3687 842 μοχθηρὰν
3744 769 4046 838 ἐσομένους

2454 868 2548 920 τοῦ
2584 865 2792 935 πατρὸς
2819 864 2916 918 τοῦ
2940 864 3175 933 ψεύδους
3222 865 3316 918 καὶ
3348 863 3442 918 τοῦ
3471 865 3530 929 ἑξ
3565 864 3738 934 ἀρχῆς
3771 864 4046 918 ἀσπόνδου

2451 961 2551 1027 τῆς
2582 959 2844 1028 ἀληθείας
2874 958 3093 1027 ἐχθροῦ.
3122 957 3280 1012 Οῦτω
3311 957 3563 1026 φανερῶς
3594 957 3702 1008 τῶν
3733 956 4048 1020 κακοδόξων

2452 1048 2856 1118 δληλεγμένων,
2927 1049 3274 1118 ὑπέστρεφον
3320 1049 3369 1100 oi
3417 1048 3742 1112 ἐπίσκοποι,
3789 1048 4042 1117 ἡδόμενοι

2458 1141 2558 1210 μὲν
2595 1143 2664 1212 τῇ
2721 1142 2873 1213 νίκῃ.
2932 1141 3371 1210 ἐκπληττόμενοι
3400 1141 3458 1194 δὲ
3510 1140 3601 1210 τῷ.
3632 1139 3896 1209 θαύματι,
3951 1139 4049 1192 καὶ

2453 1234 2588 1286 Θεὸν
2643 1231 2965 1299 δοξάζοντες
3023 1233 3120 1286 ἐπ’
3170 1235 3379 1304 ἀμφοῖν
3431 1234 3668 1298 τούτοιν,
3720 1227 3802 1294 οἷς
3867 1249 3927 1285 τε
3979 1234 4048 1285 τὰ

2456 1327 2738 1396 παράδοξα
2777 1328 3077 1382 ἐθεάσαντο
3104 1367 3119 1393 ,
3167 1328 3263 1382 καὶ
3301 1323 3384 1390 οἷς
3426 1329 3524 1396 τῆς
3581 1327 3796 1398 Ἀρείου
3847 1326 4050 1396 μανίας

2457 1420 2864 1491 περιεγένοντο*
2896 1423 2992 1474 καὶ
3016 1423 3044 1474 ὁ
3067 1421 3288 1490 κρατῶν
3323 1421 3379 1473 δὲ
3415 1421 3578 1484 αὑτὸς
3612 1422 3731 1482 ὅλος
3755 1422 3814 1474 ὲν
3846 1420 4049 1488 ἐκπλή-

2457 1513 2535 1578 ξει
2573 1512 2651 1583 τῷ
2695 1513 2937 1582 θαύματι
2981 1512 3247 1582 γεγονὼς,
3276 1513 3427 1582 πάσῃ
3452 1530 3512 1565 τε
3553 1515 3688 1583 τιμῇ
3735 1514 3828 1564 τὸν
3875 1510 4047 1580 ἀνδρα

2454 1605 2614 1675 τιμᾷ,
2655 1606 2751 1656 καὶ
2781 1604 2911 1658 ἵλεω
2950 1605 3018 1658 δι’
3067 1604 3234 1660 αὑτοῦ
3261 1607 3353 1658 τὸν
3385 1603 3522 1658 Θεὸν
3558 1603 3702 1675 ἔχειν
3749 1604 4044 1674 ἐξαιτησά-

2463 1712 2648 1764 μενος,
2689 1694 2876 1748 οίκαδε
2919 1712 2996 1748 πα
3004 1697 3310 1766 ραπέμπει.

2529 2046 2646 2114 IT.
2713 2043 2803 2101 Ἐν
2851 2047 2963 2116 ὅσῳ
3018 2045 3192 2100 ταῦτα
3241 2044 3489 2112 ἀτρίσετο
3539 2043 3763 2116 θνήσκει
3817 2045 3914 2116 μὲν
3967 2045 4045 2115 τῷ

2457 2140 2588 2210 ὁσίῳ
2618 2139 2852 2205 ἰξάπινα
2879 2140 2911 2209 ή
2945 2139 3194 2209 θυγάτηρ
3222 2155 3237 2171 ο
3285 2139 3410 2208 ἥτις
3457 2138 3606 2210 αὑτῷ
3636 2141 3699 2193 ὲκ
3726 2139 3913 2209 τιμίου
3948 2157 4043 2207 γε-

2458 2233 2660 2304 νομένη
2701 2232 2796 2286 τοῦ
2849 2233 3052 2301 γάμου,
3105 2233 3328 2304 καὶτῆς
3362 2251 3425 2302 γε
3463 2233 3583 2288 καθ’
3635 2233 3784 2303 ῶραν
3827 2235 4043 2305 ἡλικίας

2457 2327 2612 2398 παρὰ
2673 2327 2809 2379 πολὺ
2866 2326 2929 2378 τὸ
2983 2324 3202 2394 σῶφρον
3251 2326 3582 2397 ὡραιότερον
3633 2327 4040 2396 ὲπιδειξαμένη,

2461 2418 2728 2487 παρθένος
2772 2417 2864 2471 τὸν
2913 2419 3034 2470 ὅλον
3079 2417 3309 2487 διήγαγε
3348 2419 3563 2487 χρόνον,
3608 2417 3802 2488 χρῆμα
3833 2418 3911 2486 τῷ
3943 2431 4042 2469 κα-

2459 2510 2610 2580 θαρῷ
2660 2511 2882 2582 νυμφίῳ
2931 2513 3027 2564 καὶ
3071 2511 3183 2564 τῶν
3235 2511 3505 2582 οὐρανίων
3553 2510 3815 2581 θαλάμων
3870 2510 4039 2576 ἄξιον.

2457 2603 2741 2673 Σπυρίδων
2767 2603 2823 2655 δὲ
2852 2606 2879 2656 ὀ
2912 2604 3085 2672 μέγας
3106 2601 3442 2668 ἐπανελθὼν,
3477 2604 3571 2657 καὶ
3606 2603 3702 2672 τὴν
3752 2605 4044 2672 συμφορὰν

2458 2693 2699 2762 ἀνεγκὼν
2743 2695 2932 2763 ὥσπερ
2984 2695 3092 2764 ἀρα
3147 2695 3239 2747 τὸν
3286 2694 3528 2747 τοιοῦτον
3573 2696 3719 2758 είκδς
3773 2696 4040 2760 ἐνεγκεῖν.

2457 2781 2578 2834 ἐπεὶ
2606 2780 2755 2851 αὑτῷ
2800 2782 2926 2850 ἀρτι
2975 2781 3433 2852 ὲπιδεδημηκότι,
3481 2785 3620 2854 γυνή
3655 2801 3738 2846 τις
3768 2785 4042 2852 προσῆλθε

2458 2871 2779 2942 περιπαθῶς
2823 2874 3025 2944 ἔχουσα
3115 2877 3211 2928 καὶ
3262 2876 3600 2947 ὀδυρομένη,
3661 2877 3778 2930 ἀνθ’
3829 2871 3904 2930 ὧν
3960 2877 4041 2931 ἔτι

2457 2965 2624 3019 αὑτοῦ
2671 2970 2736 3037 τῇ
2791 2967 3022 3036 θυγατρὶ
3083 2967 3346 3041 περιούσῃ
3421 2969 3648 3038 κόσμιόν
3698 2985 3750 3021 τι
3802 2969 4042 3039 χρυσοῦν

2458 3061 2748 3131 παρέθετο,
2797 3061 3057 3130 κάκείνης
3108 3060 3292 3126 ὀξεῖαν
3331 3058 3475 3114 οὕτω
3521 3062 3624 3130 τὴν
3665 3060 3760 3114 τοῦ
3801 3061 4039 3116 θανάτου

2458 3151 2633 3222 τομὴν
2661 3151 2991 3222 δεξαμένης,
3034 3153 3097 3204 τὸ
3149 3152 3425 3206 πιστωθὲν
3468 3153 3599 3222 παρ’
3627 3155 3764 3224 αὑτῇ
3799 3154 4040 3224 ἔμεινεν,

785 3217 887 3311 set,
929 3217 1034 3301 fuit
1061 3248 1164 3301 hoc
1203 3256 1392 3301 sancto
1421 3262 1566 3301 cura:
1591 3217 2003 3316 (quidni-enim,
2055 3263 2179 3302 cum
2203 3256 2350 3303 esset
2385 3217 2423 3274 ε

2462 3217 2699 3312 ἐμέλησε
2727 3217 2810 3311 τῶ
2835 3217 2986 3310 ὀσίιρ,
3017 3243 3113 3295 καὶ
3140 3242 3258 3305 πῶς
3279 3243 3390 3312 γὰρ
3420 3242 3480 3320 οῦ
3507 3261 3519 3309 ;
3551 3217 3815 3312 τοιαύτην
3833 3217 4039 3314 ’ἔχοντι

788 3338 973 3392 animo
1007 3346 1113 3391 tam
1143 3339 1380 3406 benigno
1398 3337 1463 3407 ?),
1509 3347 1566 3391 et
1594 3337 1697 3391 nisi
1743 3337 2130 3392 restitueretur
2188 3337 2358 3405 depo-

788 3439 980 3493 situm,
1013 3429 1274 3482 violatum
1326 3430 1418 3498 jus
1447 3443 1568 3483 esse
1611 3427 1891 3498 judicabat
1937 3440 1992 3482 et
2046 3429 2096 3483 ei
2131 3431 2357 3497 putabat

790 3521 904 3574 ﬁeri
938 3520 1215 3590 injuriam.
1245 3519 1381 3574 Cum
1416 3535 1550 3589 ergo
1584 3527 1750 3574 totam
1787 3535 1940 3575 suam
1967 3520 2191 3576 domum
2232 3521 2358 3575 dili-

781 3621 980 3681 genter
1016 3616 1314 3676 scrutatus,
1363 3626 1631 3681 nusquam
1665 3611 1740 3678 id,
1800 3613 1946 3680 quod
1982 3612 2352 3681 quaerebatur,

789 3701 1061 3767 potuisset
1097 3700 1367 3763 invenire,
1390 3700 1650 3769 quidnam
1677 3700 1753 3766 fit,
1792 3711 1846 3756 ct
1869 3718 2163 3772 quemnam
2196 3705 2358 3759 affert

789 3790 994 3843 exitum
1029 3790 1312 3859 multiplex
1348 3790 1443 3844 Dei
1476 3791 1782 3860 sapientia?
1825 3794 2054 3848 Accedit
2104 3796 2170 3850 ad
2200 3796 2357 3851 locu-

790 3886 927 3951 ium,
957 3887 1098 3938 sicut
1124 3899 1280 3938 meus
1300 3883 1553 3939 Christus
1579 3885 1731 3955 prius
1751 3886 1816 3940 ad
1851 3886 2142 3953 Lazarum,
2179 3891 2355 3957 utqui

791 3976 1017 4029 omnino
1043 3985 1188 4030 esset
1237 3976 1356 4045 ejus
1388 3974 1712 4044 discipulus,
1756 3985 1833 4040 et,
1870 3978 2050 4047 quoad
2087 3981 2206 4050 ejus
2241 3981 2358 4034 fieri

791 4075 996 4136 posset,
1040 4080 1128 4119 res
1177 4066 1327 4120 illius
1407 4069 1737 4123 imitaretur.
1793 4069 1951 4124 Multi
2003 4079 2186 4124 autem
2229 4089 2356 4126 eum

788 4159 1165 4226 sequebantur
1215 4173 1280 4211 ex
1324 4157 1411 4221 iis,
1461 4159 1558 4227 qui
1624 4176 1748 4213 cum
1805 4161 1898 4215 illo
1972 4165 2354 4220 versabantur.

789 4247 996 4300 Deinde
1025 4247 1248 4315 perinde
1287 4263 1350 4302 ac
1381 4250 1424 4303 si
1470 4265 1580 4304 non
1621 4251 1675 4305 in
1703 4251 1979 4319 sepulcro,
2030 4254 2123 4307 sed
2153 4254 2207 4307 in
2235 4255 2356 4308 tha-

789 4339 933 4390 lamo
965 4338 1148 4392 adhuc
1174 4347 1320 4393 esset
1361 4341 1508 4404 viva,
1560 4343 1892 4395 conveniens
1925 4343 2114 4407 filiam,
2150 4359 2214 4397 ea
2257 4360 2358 4399 suo

788 4431 1010 4484 nomine
1047 4439 1260 4496 vocata,
1312 4431 1572 4486 omnibus
1601 4434 1845 4501 quicum
1883 4449 1950 4488 eo
2004 4434 2234 4490 aderant
2259 4452 2358 4490 au-

2461 3334 2847 3402 φιλάνθρωπον
2891 3334 2990 3403 τὴν
3031 3333 3232 3403 ψυχὴν,
3268 3333 3360 3387 καὶ
3389 3333 3580 3402 ὥσπερ
3609 3339 3657 3388 εί
3695 3336 3769 3406 μὴ
3821 3338 4038 3390 ἀνασωο

2459 3425 2576 3495 θείη
2605 3427 2671 3495 τῇ
2698 3425 3203 3495 παρακαταθεμένῃ
3235 3424 3296 3476 τὸ
3323 3425 3471 3490 ῖδιον,
3507 3425 3772 3491 ἐσφάλθαι
3809 3427 3938 3495 περὶ
3971 3427 4036 3479 τὸ

2459 3519 2666 3572 δίκαιον
2720 3519 2961 3588 κρίνοντι
3011 3518 3107 3571 καὶ
3149 3517 3359 3571 ἀδικεῖν
3392 3519 3452 3571 τὸ
3501 3519 3668 3588 μέρος
3708 3521 3880 3590 αὐτὴν
3926 3523 4038 3574 oio-

2464 3613 2631 3681 μένῳ.
2701 3609 2788 3672 Ὠς
2833 3609 2926 3662 οῦν
2971 3609 3185 3663 ἅπαντα
3237 3610 3328 3661 τὸν
3363 3611 3534 3682 αὑτῆς
3590 3608 3739 3664 οἷκον
3793 3613 4037 3680 ἀκριϐῶς

2459 3703 2896 3775 διαψηλαφήσας,
2931 3702 3169 3772 οὐδαμοῦ
3211 3705 3273 3756 τὸ
3300 3701 3629 3772 ζητούμενον
3661 3698 3807 3771 εἶχεν
3834 3704 4035 3772 εὑρεῖν,

2459 3801 2510 3853 τί
2535 3799 2765 3867 γίνεται,
2782 3800 2872 3851 καί
2894 3799 3044 3849 ποῖον
3075 3800 3106 3866 η
3139 3795 3482 3868 πολύτροπος
3507 3795 3602 3848 τοῦ
3625 3795 3760 3848 Θεοῦ
3789 3797 3951 3865 σοφία
3973 3796 4038 3848 τὸ

2462 3893 2636 3961 πέρας
2660 3892 2854 3957 ἐπάγει
2885 3906 2900 3954 ;
2945 3888 3202 3960 Πρόσεισι
3249 3893 3316 3958 τῇ
3368 3887 3532 3958 σορῷ,
3563 3888 3815 3959 καθάπερ
3847 3890 3874 3940 ὁ
3905 3889 4037 3956 ἐμὸς

2461 3983 2694 4054 Χριστὸς
2726 3983 2817 4034 ἐπὶ
2864 3980 3104 4050 Λαζάρῳ
3149 3979 3212 4032 τὸ
3254 3981 3541 4050 πρότερον,
3587 3981 3780 4032 τούτου
3818 3981 4036 4042 παντως

2462 4075 2748 4179 aqua;
2781 4073 3030 4143 μαθητὴς
3075 4072 3174 4133 ῶν,
3225 4074 3320 4125 καὶ
3359 4072 3435 4133 ὼς
3479 4068 3590 4124 οἷόν
3641 4089 3699 4124 τε
3730 4073 3796 4125 τὰ
3826 4073 4035 4124 ἐκείνου

2465 4162 2825 4238 μιμούμενος,
2875 4165 3091 4217 εῖποντο
3146 4165 3204 4217 δὲ
3263 4162 3412 4231 αὑτῷ
3459 4164 3554 4217 καὶ
3608 4165 3716 4218 τῶν
3767 4165 4035 4218 συνόντων

2463 4258 2665 4312 πολλοί.
2720 4254 2834 4310 Εἶθ’
2878 4253 3067 4326 ῶσπερ
3096 4255 3197 4308 οὑκ
3231 4257 3290 4307 ὲν
3330 4257 3508 4324 τάφῳ,
3543 4255 3659 4308 ἀλλ’
3702 4257 3760 4309 ὲν
3807 4255 4035 4325 θαλάμῳ

2461 4351 2526 4416 τῇ
2568 4346 2797 4413 θυγατρὶ
2847 4344 2926 4396 ἔτι
2981 4343 3134 4413 ζώσῃ
3183 4345 3621 4413 περιτυγχάνων,
3679 4345 3814 4412 πρὸς
3859 4345 4035 4414 ὄνομα

2464 4435 2698 4496 καλέσας
2728 4436 2807 4495 είς
2839 4433 3017 4494 ἀκοάς
3055 4433 3294 4496 πάντων,
3343 4433 3394 4485 οἳ
3423 4433 3612 4499 ἔτυχον
3639 4433 3789 4503 αὑτῷ
3816 4449 4035 4502 συμπαο

791 4521 1071 4576 dientibus
1100 4540 1111 4575 :
1151 4521 1307 4586 Filia,
1343 4522 1521 4587 Irene,
1552 4523 1752 4592 inquit,
1802 4525 1895 4579 ubi
1943 4541 2030 4581 εει
2059 4542 2356 4581 ornamen-
2388 4549 2423 4608 υ

2465 4527 2670 4597 ρόντες,
2703 4527 2925 4588 Τέκνον,
2958 4519 3134 4587 εἴπεν,
3174 4518 3400 4594 Εἰρήνη,
3438 4524 3541 4577 ποῦ
3569 4527 3630 4578 τὸ
3649 4543 4035 4597 παρακατατε-

791 4623 928 4676 ιυιη,
968 4612 1112 4682 quod
1143 4613 1290 4682 apud
1325 4623 1376 4669 te
1401 4614 1503 4668 fuit
1527 4615 1886 4683 depositum?
1943 4617 2038 4671 Illa
2093 4627 2352 4686 tanquam

2463 4617 2553 4670 θέν
2588 4634 2668 4670 σοι
2699 4616 2855 4669 τοῦτο
2879 4615 2942 4684 δὴ
2977 4617 3203 4683 κόσμιον
3229 4631 3244 4680 ;
3290 4617 3354 4668 ἰι
3383 4617 3438 4670 δὲ
3469 4618 3671 4682 εὐθέως
3700 4619 3952 4688 καθάπερ
3975 4619 4035 4682 ἐξ

788 4719 856 4756 ex
898 4704 1046 4758 molli
1077 4704 1258 4775 aliquo
1295 4718 1488 4761 somno
1520 4708 1921 4778 expergefacta,
1972 4709 2134 4763 simul
2157 4726 2351 4764 sanum

2462 4709 2632 4762 ὕπνου
2682 4709 2828 4772 τινὸς
2883 4710 3128 4778 μαλακοῦ
3171 4707 3698 4780 διαγρηγορήσασα,
3753 4712 3848 4764 καὶ
3901 4711 4035 4778 ὑγιᾶ

788 4811 1015 4851 servans
1045 4804 1100 4849 et
1121 4797 1372 4865 spiritum
1413 4809 1468 4854 et
1500 4814 1688 4854 vocem
1728 4818 1743 4854 :
1771 4800 1998 4856 Domine
2028 4803 2123 4866 mi,
2151 4802 2352 4872 inquit,

791 4889 847 4941 in
882 4887 984 4943 hac
1015 4896 1170 4957 parte
1200 4888 1395 4944 domus
1428 4889 1532 4944 fuit
1577 4906 1606 4945 a
1645 4907 1728 4946 me
1791 4895 2092 4962 repositum
2126 4910 2354 4950 aureum

790 4981 925 5036 illud
965 4993 1372 5039 ornamentum.
1431 4983 1633 5040 Invasit
1668 4998 1786 5054 post
1836 4985 1952 5041 haec
1993 4995 2185 5056 stupor
2220 5003 2314 5042 eos
2338 5027 2354 5053 ,

791 5075 886 5142 qui
934 5074 1188 5129 aderant.
1252 5074 1463 5130 Deinde
1520 5077 1842 5132 miraculum
1878 5080 2046 5133 etiam
2107 5081 2357 5150 sequitur

793 5165 939 5220 'tliud
965 5165 1312 5221 miraculum:
1345 5184 1471 5223 nam
1497 5170 1726 5238 perinde
1761 5185 1824 5224 ac
1844 5171 1888 5224 si
1918 5171 2006 5225 ille
2047 5182 2194 5226 esset
2234 5172 2357 5228 vita!

885 5259 1078 5313 mortis
1119 5259 1392 5324 dominus,
1421 5270 1476 5314 et
1524 5261 1626 5314 hoc
1683 5261 1828 5314 dono
1855 5279 1883 5316 a
1935 5262 2162 5319 Christo
2194 5281 2356 5336 quem

793 5349 1143 5406 desiderabat
1174 5351 1497 5416 honoratus,
1530 5354 1623 5422 qui
1658 5369 1722 5407 au
1773 5356 1934 5410 breve
1966 5367 2180 5426 tempus
2229 5373 2354 5428 pro-

795 5449 914 5510 pter
967 5451 1124 5494 usum
1149 5455 1269 5494 eam
1311 5439 1706 5506 vivificaverat,
1739 5445 1893 5513 jubet
1945 5463 2132 5501 rursus
2174 5449 2355 5502 mori:

794 5533 978 5588 Dornii
1002 5534 1068 5590 de
1128 5545 1345 5599 cetero,
1395 5535 1594 5604 inquit,
1629 5536 1756 5601 filia,
1815 5537 1990 5593 donec
2047 5541 2358 5594 communis

795 5625 1058 5680 Dominus
1089 5634 1139 5681 te
1163 5643 1288 5682 cum
1322 5629 1578 5684 omnibus
1607 5633 1972 5686 communiter
2017 5633 2354 5688 excitaverit.

796 5719 914 5786 Ipse
941 5725 1123 5774 autem
1155 5733 1276 5773 cum
1301 5721 1620 5776 accessisset
1673 5723 1739 5776 ad
1787 5722 1932 5776 illam
1965 5722 2090 5778 ﬁliae
2123 5722 2356 5778 domun-

795 5810 996 5878 culam,
1029 5817 1104 5884 et,
1135 5820 1194 5867 ut
1217 5811 1424 5868 dixerat
1461 5811 1590 5882 filia,
1622 5824 2004 5870 ornamentum
2034 5814 2356 5882 invenisset,

2462 4798 2709 4866 σώζουσα
2740 4803 2833 4855 καὶ
2851 4803 2950 4871 τὴν
2983 4801 3148 4871 πνοὴν
3181 4802 3298 4869 ἅμα
3327 4802 3423 4856 καὶ
3459 4801 3557 4869 τὴν
3607 4802 3814 4872 φωνὴν,
3857 4802 4034 4870 Κύριέ

2463 4907 2586 4961 μου,
2608 4892 2761 4960 φησι,
2794 4893 2943 4960 παρά
2965 4891 3099 4960 τῷδε
3127 4892 3202 4960 τῷ
3229 4892 3386 4962 μέρει
3409 4893 3501 4946 τοῦ
3527 4895 3680 4946 οῖκου
3707 4895 3766 4947 τὸ
3792 4896 4035 4964 χρυσοῦν

2459 4983 2638 5035 έκεῖνο
2673 4981 2935 5050 κατετέθη
2965 4999 3054 5052 μοι
3080 4984 3327 5052 κόσμιον.
3358 4982 3661 5054 Ἐκπληξις
3696 4985 3790 5038 ἐπὶ
3822 4988 4034 5048 τούτοις

2461 5074 2732 5145 ἐλάμϐανε
2759 5074 2884 5134 τοὺς
2913 5075 3214 5142 παρόντας.
3239 5070 3372 5128 Εἶτα
3401 5078 3494 5129 καὶ
3525 5076 3714 5145 θαῦμά
3747 5094 3800 5129 τι
3841 5078 4034 5146 ἕτερον

2461 5164 2819 5234 ἐπηκολούθει
2846 5163 2923 5234 τῷ
2951 5163 3215 5234 θαύματι.
3249 5167 3460 5237 Ὠσπερ
3507 5168 3617 5238 γὰρ
3645 5169 3852 5231 ἐκεῖνος
3879 5168 4031 5236 ζωῆς

2463 5275 2524 5312 τε
2581 5259 2676 5310 καὶ
2723 5259 2958 5313 θανάτου
3009 5258 3194 5327 κύριος
3247 5256 3346 5322 ῶν,
3399 5260 3492 5312 καὶ
3547 5259 3722 5331 ταύτῃ
3763 5259 3899 5329 πρὸς
3933 5261 4030 5313 τοῦ

2463 5350 2796 5418 ποθουμένου
2848 5345 3086 5418 Χριστοῦ
3137 5351 3200 5418 τῇ
3261 5349 3436 5420 δωρεᾷ
3487 5349 3762 5420 τιμηθεὶς,
3818 5353 3844 5403 ὁ
3892 5353 4036 5404 κατά

2462 5441 2650 5511 χρείαν
2678 5443 2768 5494 ἐπὶ
2801 5441 2974 5510 βραχὺ
3005 5438 3252 5503 ζωώσας,
3287 5441 3546 5511 θνήσκειν
3579 5442 3798 5494 ἐκέλευε
3841 5442 4032 5506 πάλιν,

2463 5534 2577 5595 καὶ,
2649 5517 2916 5596 καθεῦδε,
2964 5533 3174 5598 τέκνον,
3227 5533 3452 5599 έςρασκε,
3495 5534 3555 5584 τὸ
3611 5534 3817 5596 λοιπὸν,
3862 5534 3968 5595 ἕως
4006 5537 4035 5588 ό

2463 5626 2635 5688 κοινὶς
2691 5627 2967 5694 Δεσπότης
3020 5626 3157 5686 μετά
3209 5627 3425 5679 πάντων
3477 5625 3670 5688 κοινῶς
3719 5629 3902 5696 ἐγερεῖ
3950 5644 4033 5683 σε.

2463 5721 2632 5782 Αὐτὸς
2667 5719 2722 5773 δὲ
2761 5721 2890 5789 παρ’
2929 5720 3133 5772 ἐκεῖνον
3184 5719 3249 5788 δὴ
3300 5724 3392 5772 τὸν
3441 5719 3681 5773 οἰκίσκον
3724 5719 3823 5787 τῆς
3857 5719 4033 5785 θυγα-

2460 5816 2585 5887 ’πρὸς
2610 5814 3078 5886 ἀφικόμε·ι)ς,καὶ
3127 5809 3287 5887 ᾗπερ,
3344 5816 3446 5886 ἔφη
3493 5817 3552 5870 τὸ
3616 5817 3840 5887 κόςμιον
3874 5815 4034 5886 εὑρη-
