4260 6430
241 339 351 402 437

1469 346 1642 407 νιτΑ
1686 348 1749 408 S.
1794 347 2271 415 SPYRIDONIS.

3386 359 3494 419 438

243 451 357 512 κὼς
412 468 473 503 τε
523 451 620 502 καὶ
675 452 1041 522 ἀνελόμενος,
1082 440 1513 526 ’ἐγχειρίζείετῇ
1580 458 1825 524 γυναικὶ,
1856 460 1905 516 Α

1812 499 1825 523 ,
1856 460 1905 516 Α
1934 474 1987 518 et
2018 466 2348 528 sustulisset,
2382 465 2433 517 id
2465 466 2626 519 tradit
2658 467 2896 527 mulieri,
2946 469 3022 519 sic
3056 478 3111 522 et
3148 484 3351 535 augens
3388 472 3492 523 mi-

244 542 481 611 αὔξησιν
509 543 659 596 οὕτω
690 546 786 597 καὶ
816 549 1088 599 πίπτωσιν
1118 548 1194 617 τῷ
1220 549 1463 619 θαύματι
1500 550 1822 620 παρασχών.

246 635 360 685 Καὶ
390 633 564 688 ταῦτα
597 635 702 705 μὲν
735 637 794 689 έν
822 640 889 708 τῇ
922 639 1091 708 νήσῳ.

317 724 419 779 IZ'.
479 726 600 779 Ἰνα
651 728 710 779 δὲ
767 729 903 797 μηδὲ
968 729 1275 800 Ἀντιόχεια
1326 730 1427 802 τῆς
1483 733 1827 802 Σπυρίδωνος

246 817 454 886 ἀρετῆς
500 834 559 870 τε
609 819 703 872 καὶ
749 821 978 890 χάριτος
1003 818 1292 897 ἀθέατοςῇ
1345 825 1469 895 μηδ’
1512 826 1829 895 ἀμάρτυρος

250 911 350 961 καὶ
380 910 541 963 τοῦτο
563 911 797 965 τελεῖται
838 914 1156 982 παραδόξως
1191 917 1317 970 ὅσον
1343 919 1438 971 καὶ
1469 917 1825 986 θαυμαστῶς.

250 1000 330 1053 Τὸ
361 1001 417 1054 δὲ
447 1002 619 1068 ὅπως,
665 1004 697 1057 δ
737 1004 900 1069 λόγος
939 1006 1043 1075 ήδη
1084 1005 1339 1077 δηλώσει.
1389 1008 1700 1062 Ἀπολείπει
1729 1009 1829 1079 μὲν

251 1092 383 1163 ἄρτι
422 1094 831 1158 Κωνσταντῐνος
861 1098 889 1149 ό
918 1098 1089 1166 μέγας
1119 1098 1258 1167 μετά
1289 1116 1351 1167 γε
1380 1098 1479 1169 τῆς
1505 1100 1702 1170 ἀρχῆς,
1742 1102 1834 1152 καὶ

251 1190 350 1239 τὸν
378 1186 491 1256 βίον
521 1204 535 1217 ·
583 1188 922 1261 διαιροῦνται
969 1190 1028 1245 δὲ
1075 1192 1282 1261 ταύτην
1330 1193 1380 1245 οι
1432 1194 1624 1246 τούτου
1672 1193 1832 1257 υίεϊς.

251 1279 368 1332 Καὶ
394 1281 773 1345 Κωνστάντιος
808 1282 928 1343 μὲν,
955 1283 1053 1352 τῆς
1088 1284 1262 1355 Ἐᾠας
1290 1285 1482 1356 ἄρχειν
1512 1286 1718 1356 λαχὼν,
1756 1290 1836 1352 είς

253 1370 356 1441 τὴν
390 1371 636 1441 μεγάλην
668 1374 767 1443 τῆς
810 1374 1016 1444 Κοίλης
1037 1376 1239 1445 Συρίας
1269 1377 1448 1444 πόλιν,
1485 1377 1585 1449 τὴν
1629 1380 1837 1434 Ἀντιό-

252 1476 354 1531 χου
385 1462 550 1532 φημὶ,
584 1462 884 1533 διατρίϐων
912 1459 981 1535 ἦν
1005 1493 1022 1506 -
1048 1465 1206 1529 νόσος
1249 1467 1477 1538 δὲαῠτῷ
1502 1470 1809 1539 έπισκήπτιν

258 1550 410 1621 μάλα
457 1553 631 1623 δεινὴ,
680 1555 885 1625 ἰατρῶν
913 1558 1111 1628 τέχνην
1142 1559 1236 1611 καὶ
1275 1563 1472 1630 χεῖρας
1515 1560 1834 1630 ἐλέγχουσα.

255 1642 447 1714 ταύτῃ
475 1660 561 1698 τοι
599 1646 691 1697 καὶ
722 1646 830 1698 τῶν
867 1648 1044 1701 ἀλλων
1093 1650 1315 1703 πάντων
1345 1654 1643 1718 ἀπογνοὺς.
1671 1652 1840 1706 ἐδεῖτο

260 1735 427 1803 μόνου
454 1736 549 1788 τοῦ
584 1737 681 1789 καὶ
711 1736 893 1807 ψυχὰς
942 1740 1148 1803 εἰδότος
1180 1742 1276 1795 καὶ
1306 1741 1539 1812 σώματα
1564 1744 1839 1814 θεραπεύ-

254 1842 361 1879 ειν.
390 1827 799 1898 Συντονώτερον
820 1829 876 1882 δὲ
907 1830 1177 1901 χρωμένῳ
1208 1834 1275 1903 τῇ
1311 1837 1613 1904 προσευχῇ,
1643 1836 1835 1899 νυιτὺς
1869 1820 1908 1875 Β

254 1919 547 1987 ἐφίσταται
576 1920 722 1989 δψις,
763 1922 996 1989 ἄγγελος
1050 1924 1418 1979 ὑποδεικνύων
1446 1927 1594 1996 αὑτῷ
1624 1926 1839 1981 πολλῶν

257 2011 435 2079 ἁγίων
475 2014 796 2067 ἐπισκόπων
834 2016 1017 2084 χορόν.
1069 2012 1164 2077 Οἷς
1195 2019 1223 2069 ό
1282 2017 1542 2087 βασιλεὺς
1586 2018 1838 2083 ἀτενίσας

255 2106 318 2156 ὲν
350 2104 537 2174 μέσοις
585 2106 791 2169 αὑτοῖς,
840 2109 941 2177 ὁρᾷ
984 2108 1078 2162 δύο
1124 2109 1278 2174 τινας
1323 2112 1671 2183 ἱσταμένους,
1708 2115 1831 2166 ἑπι-

257 2196 496 2257 σπιόπους
524 2198 623 2267 μὲν
651 2199 979 2264 καὶ-αὑτοὺς
1005 2202 1272 2268 έοικότας,
1296 2205 1609 2274 προστάτας
1642 2206 1700 2260 ει
1727 2206 1839 2260 τῶν

256 2288 438 2341 ἀλλων
462 2290 561 2342 καὶ
588 2289 868 2361 ἀρχηγοὺς
900 2287 1044 2346 εἶναι
1070 2293 1386 2359 δοκοῦντας.
1422 2296 1661 2359 Τούτους
1693 2295 1840 2366 αὑτῷ

256 2379 287 2430 ὁ
338 2376 567 2448 ἄγγελος
624 2383 980 2453 παραδείξας,
1036 2385 1235 2456 μόνους
1295 2388 1484 2456 ἔλεγεν
1551 2383 1691 2442 εἶναι
1741 2389 1851 2459 τῆς,

254 2471 429 2525 αὑτοῦ
480 2472 638 2527 νόσοι.
690 2473 1057 2541 θεραπευτάς.
1127 2479 1287 2533 Ἐπεὶ
1335 2478 1393 2533 δι
1436 2481 1530 2533 καὶ
1586 2482 1614 2534 ὁ
1672 2479 1840 2547 ὑπνος

262 2566 466 2635 ἀνῆκεν
500 2565 685 2629 αὑτὸν,
728 2567 1069 2622 διεσκοπτῖτο
1103 2570 1226 2638 μὲν,
1255 2571 1399 2630 τίνες
1433 2571 1499 2625 ἂν
1529 2564 1679 2626 οὑτοι
1707 2569 1836 2637 εἷεν,

261 2662 366 2711 οὑκ
409 2656 524 2727 εἶχε
560 2659 618 2714 δὲ
667 2661 771 2712 τὺν-
807 2660 1016 2731 δνειρον
1061 2661 1385 2731 συμϐαλεῖν.
1421 2662 1545 2727 Πῶς
1590 2667 1719 2735 γὰρ,
1766 2660 1840 2718 ὧν

269 2752 411 2821 μήτε
443 2751 636 2821 κλῆσις
663 2755 801 2822 μήτε
829 2755 1028 2825 πατρὶς
1052 2755 1249 2826 ἐκείνῳ
1275 2756 1551 2828 γνώριμος
1581 2775 1596 2823 ;
1633 2760 1839 2823 Ἄλλως

265 2858 329 2893 τε
380 2843 476 2895 καὶ
529 2842 768 2912 θατέρου
809 2843 1018 2897 τούτων
1064 2846 1333 2913 φανέντος
1372 2846 1469 2915 μὲν
1524 2847 1673 2916 αὑτῷ
1720 2847 1842 2901 κατ’

265 2934 592 3000 ἐπίσκοπον,
617 2933 772 2989 οὔπω
802 2934 857 2988 δέ
903 2936 1024 2989 τότε
1073 2938 1371 3007 γενομένου
1392 2940 1513 3000 ταῐς
1540 2938 1841 3008 ἀληθείαις,

267 3027 406 3080 ἀλλά
425 3026 490 3079 τδ
521 3027 717 3096 μέλλον
765 3027 1009 3093 ἔσεσθαι,
1067 3028 1144 3091 ὡς
1191 3028 1294 3101 ἤδη
1344 3027 1559 3096 φθάσαν
1586 3030 1842 3097 γενέσθαι

1934 557 2206 619 racqum,
2246 562 2301 609 et
2345 557 2464 625 ejus
2513 557 2770 625 majorem
2825 556 2983 611 ﬁdem
3016 557 3237 613 faciens.
3286 560 3349 614 Et
3380 562 3494 615 haec

1930 648 2148 716 quidem
2177 650 2228 702 in
2259 649 2454 704 insula.

2003 739 2167 793 XVII.
2202 740 2270 796 Ut
2298 753 2479 796 autem
2521 741 2807 795 Antiochia
2840 757 3055 810 quoque
3084 756 3265 809 posset
3309 745 3491 800 videre

1935 832 2241 900 Spiridonis
2279 832 2533 886 virtutem
2563 842 2619 887 et
2654 834 2904 901 gratiam,
2939 842 2994 886 et
3044 834 3111 887 de
3135 849 3198 887 ea
3239 834 3379 887 ferre
3412 845 3492 889 tc-

1932 926 2270 983 stimonium.
2323 924 2427 979 hoc
2471 941 2689 993 quoque
2740 924 2799 978 ﬁt
2851 925 3008 980 valde
3062 926 3404 989 mirabiliter,
3442 938 3497 979 et

1933 1028 2125 1073 contra
2182 1017 2517 1086 opinionem.
2576 1015 2860 1082 Quomodo
2921 1032 3073 1079 vero,
3105 1018 3217 1086 jam
3246 1019 3497 1073 ostendet

1932 1109 2129 1163 oratio.
2163 1108 2349 1177 Nuper
2394 1107 2615 1177 quidem
2655 1124 2879 1175 magnus
2911 1107 3327 1171 Constantinus,
3365 1111 3495 1163 reli-

1935 1208 2025 1253 cto
2057 1200 2306 1267 imperio,
2336 1215 2367 1253 e
2398 1200 2538 1253 vivis
2569 1208 2882 1254 excesserat
2912 1216 2926 1264 ;
2972 1199 3025 1253 id
3054 1208 3234 1255 autem
3286 1200 3379 1254 ﬁlii
3413 1201 3499 1272 di—

1936 1290 2199 1345 viserant.
2232 1289 2299 1344 Et
2325 1290 2719 1345 Constantinus
2756 1291 3002 1360 quidem,
3038 1293 3138 1363 cui
3162 1291 3299 1346 forte
3360 1293 3503 1345 obti-

1936 1390 2108 1454 gerat,
2142 1392 2201 1437 ut
2228 1390 2438 1438 teneret
2464 1386 2752 1455 imperium
2777 1385 3038 1451 Orientis,
3068 1386 3120 1439 in
3150 1402 3339 1455 inagna
3366 1386 3500 1439 urbe

1936 1475 2264 1546 Calesyrim,
2322 1492 2518 1546 nempe
2582 1478 2894 1542 Antiochia,
2951 1478 3289 1532 versabatur.
3365 1479 3500 1531 Eum

1938 1578 2121 1622 autem
2142 1568 2330 1638 gravis
2356 1568 2588 1623 morbus
2618 1567 2965 1635 invadit,qui
3005 1566 3343 1621 medicorum
3380 1580 3493 1620 ma-

1936 1669 2146 1713 nus-et
2186 1670 2366 1713 artem
2414 1651 2765 1729 reprobabat.
2796 1657 2909 1714 Hae
2958 1657 3025 1713 de
3059 1669 3221 1712 causa
3271 1658 3499 1713 aliorum

1940 1752 2184 1807 omnium
2212 1768 2307 1821 spe
2348 1751 2579 1821 abiecta.
2634 1767 2759 1808 eum
2789 1751 3119 1820 precabatur
3179 1751 3378 1814 solum,
3407 1750 3505 1819 qui

1940 1854 2119 1913 potest
2145 1856 2341 1897 curare
2367 1843 2577 1896 animas
2610 1854 2663 1896 et
2697 1858 2953 1911 corpora.
2984 1841 3122 1896 Cum
3158 1856 3289 1895 vero
3314 1855 3503 1906 preca-

1941 1933 2085 1988 tione
2114 1940 2359 1987 uteretur
2393 1933 2681 1993 intensius,
2714 1942 2877 1985 noctu
2906 1932 2960 1984 in
2996 1930 3205 1983 visione
3254 1928 3302 1981 ei
3339 1941 3507 1996 appa-

1940 2037 2023 2081 ret
2047 2026 2288 2096 angeius,
2317 2025 2614 2080 ostendens
2650 2023 2698 2077 ei
2731 2022 2961 2078 chorum
2990 2028 3305 2075 sanctorum
3365 2016 3508 2069 mul‘

1942 2125 2119 2171 torum
2170 2115 2577 2184 episcoporum.
2631 2115 2691 2167 In
2720 2128 2859 2183 quos
2898 2126 3021 2165 cum
3049 2113 3345 2179 imperator
3370 2104 3506 2160 defi-

1938 2208 2105 2263 xisset
2134 2207 2340 2271 oculos,
2366 2207 2423 2260 in
2449 2206 2628 2260 medio
2652 2202 2873 2275 quidem
2899 2217 3092 2257 eorum
3145 2201 3295 2255 videt
3338 2212 3505 2267 quos-

1938 2298 2063 2355 dam
2091 2299 2230 2355 duos
2263 2308 2488 2363 stantes,
2523 2298 2616 2367 qui
2649 2307 2808 2350 erant
2839 2296 2943 2365 ipsi
2968 2309 3194 2366 quoque
3229 2294 3506 2363 episcOpis

1938 2390 2531 2446 similestvidebantur
2556 2398 2737 2442 autem
2775 2404 2901 2443 esse
2942 2388 3111 2442 duces
3134 2396 3190 2442 et
3244 2386 3507 2453 pmsides

1939 2483 2190 2539 aliorum.
2214 2482 2347 2538 Cum
2365 2498 2460 2537 eos
2483 2482 2582 2552 ipsi
2610 2481 2939 2537 ostendisset
2959 2481 3206 2549 angelus,
3236 2480 3385 2535 solos
3413 2494 3510 2534 eos

1939 2591 2059 2632 esse
2090 2574 2307 2630 dicebat
2347 2576 2467 2645 ejus
2491 2573 2669 2627 morbi
2700 2582 3002 2627 curatores.
3033 2572 3169 2627 Cum
3201 2587 3326 2626 eum
3376 2586 3508 2625 vero

1941 2667 2236 2723 dimisisset
2256 2681 2502 2731 somnus,
2538 2665 2921 2723 considerabat
2940 2662 3184 2734 quidem,
3206 2664 3427 2732 quinam
3470 2662 3510 2717 ii

1940 2767 2123 2815 essent
2149 2776 2166 2814 :
2198 2772 2309 2812 non
2332 2766 2543 2827 poterat
2561 2766 2743 2810 autem
2760 2756 3034 2808 somnium
3053 2756 3339 2823 coniicere.
3361 2754 3512 2819 Quo-

1944 2854 2106 2906 modo
2132 2852 2301 2912 enim,
2331 2864 2455 2904 cum
2482 2864 2673 2903 eorum
2698 2863 2799 2903 nec
2830 2862 3052 2911 nomen,
3103 2863 3205 2903 nec
3233 2847 3405 2916 patria
3446 2846 3512 2919 ei

1942 2953 2083 3000 esset
2107 2944 2279 2998 nota?
2308 2941 2540 2997 maxime
2568 2956 2689 2997 cum
2704 2942 2842 2996 alter
2857 2955 3047 2995 eorum
3071 2938 3162 3010 qui
3188 2948 3515 3009 apparuerat

1945 3034 2331 3104 utepiscOpus.
2364 3032 2604 3086 nondum
2622 3046 2679 3085 re
2710 3046 2835 3085 vera
2861 3039 2982 3084 erat
3004 3030 3179 3084 factus
3208 3049 3222 3083 :
3250 3029 3344 3085 sed
3366 3029 3513 3099 quod

267 3120 640 3189 παρεστηκός.
686 3119 828 3190 Πρὸς
877 3119 1051 3173 ταῦτα
1098 3119 1278 3173 τοίνυν
1330 3119 1779 3190 διαπορούμενος.
1812 3123 1842 3174 δ
1869 3136 1949 3216 c1

1830 3123 1842 3174 ί
1869 3158 1912 3216 c
1946 3126 2191 3178 futurum
2250 3132 2391 3186 erat,
2462 3132 2720 3191 tanquam
2753 3121 2901 3191 quod
2930 3122 3040 3191 jam
3068 3119 3268 3176 factum
3312 3118 3512 3184 fuerat,

269 3210 515 3281 κρατῶν,
542 3211 639 3264 καὶ
671 3211 786 3281 ἅμα
834 3213 931 3282 μὲν
974 3210 1297 3281 κινούμενος
1332 3211 1428 3267 καὶ
1458 3214 1523 3282 τῇ
1552 3211 1695 3281 δψει,
1728 3214 1842 3284 ἅμα

266 3303 323 3354 δὲ
366 3302 463 3355 καὶ
490 3305 609 3364 ταῖς
653 3303 869 3365 ὀδύναις
910 3303 1376 3371 ὑποδαλλόμενος,
1411 3303 1512 3355 οὑκ
1546 3298 1691 3372 εἶχεν
1730 3305 1759 3357 δ
1792 3321 1845 3356 τι

272 3393 368 3443 καὶ
394 3391 637 3459 δράσειε.
674 3393 747 3445 Τὸ
777 3392 833 3444 δὲ
860 3395 959 3461 τῆς
992 3392 1233 3455 πίστεως
1264 3394 1444 3445 έκεῖνο
1480 3393 1685 3463 θερμὸν
1715 3393 1849 3446 κάλ-

268 3482 429 3535 λιςτα
478 3483 722 3536 ὑπετίθει
774 3484 851 3553 μὴ
900 3482 965 3536 ἂν
1010 3484 1157 3538 οὕτω
1208 3484 1455 3554 ματαίως
1504 3485 1603 3555 τὴν
1657 3486 1848 3555 ὅρασιν

270 3578 598 3644 ἐπιστῆναι*
642 3574 766 3628 ὃθεν
800 3576 896 3628 καὶ
940 3575 1121 3628 πείθει
1162 3576 1456 3645 φρονῆσαι,
1488 3576 1767 3647 βασιλικόν
1792 3595 1847 3631 τι

268 3669 365 3721 καὶ
420 3668 692 3735 γενναῖον,
740 3668 834 3720 καὶ
884 3671 1021 3739 πρὸς
1072 3666 1136 3720 τὸ
1194 3666 1289 3722 νῦν
1340 3667 1463 3737 ἔχον
1510 3669 1703 3736 σοφίας
1747 3670 1847 3721 οὑκ

268 3762 521 3830 ἄμοιρον.
555 3758 694 3822 Τοὺς
727 3759 837 3829 γὰρ
860 3758 1306 3829 ἀπανταχοῦτῆς
1342 3759 1633 3831 Ῥωμαίων
1672 3763 1845 3832 ἀρχῆς

268 3850 627 3914 ἐπισκόπους,
661 3851 777 3903 ὅσοι
809 3849 924 3918 βίου
980 3850 1338 3921 ἐπιμέλονται
1378 3852 1690 3923 φιλαρέτου,
1722 3854 1847 3906 titt-

268 3944 397 3995 λευε
457 3942 825 4013 συνδραμεῖν,
881 3942 973 4005 ἵν’,
1026 3941 1166 4012 ὁμοῦ
1222 3943 1608 4011 συνελθόντων,
1655 3949 1753 3999 καὶ
1797 3947 1846 3999 οἱ

267 4034 532 4102 φανέντες
564 4033 715 4101 αὑτῷ
740 4032 835 4107 δύο
860 4032 1129 4103 γνώριμοι
1157 4033 1491 4088 καταστῶσι.

344 4304 454 4360 Ill'.
490 4305 800 4375 Γράμματα
828 4304 874 4356 δ’
919 4305 1005 4357 ἀν’
1040 4304 1182 4356 κατὰ
1216 4305 1407 4357 πᾶσαν
1459 4304 1560 4375 τὴν
1612 4306 1847 4376 ὑποτελῆ

283 4398 580 4465 Ῥωμαίοις
620 4395 924 4462 έπέμπετο.
973 4395 1225 4457 καὶτοὺς
1264 4395 1600 4458 έπισκόπους
1640 4398 1845 4454 ἐκάλει.

1950 3224 2294 3284 apparuerat.
2362 3214 2496 3268 Cum
2553 3223 2775 3283 propter
2808 3213 2921 3267 hac
2976 3228 3109 3283 ergo
3162 3222 3308 3266 esset
3347 3210 3514 3266 animi

1949 3308 2151 3362 dubius
2185 3308 2501 3375 imperator,
2538 3314 2594 3359 et
2628 3306 2790 3359 simul
2814 3304 3037 3373 quidem
3084 3303 3297 3357 visione
3324 3317 3514 3371 move-

1951 3408 2137 3461 retur,
2219 3396 2562 3450 cruciaretur
2629 3408 2811 3447 autem
2872 3392 3181 3456 doloribus,
3236 3390 3517 3445 nesciebat

1948 3488 2208 3559 quidnam
2263 3496 2470 3556 ageret.
2505 3486 2708 3539 Fervor
2760 3500 2895 3538 vero
2944 3483 3069 3538 lidei
3104 3484 3255 3537 illum
3310 3482 3526 3551 optime

1948 3580 2302 3643 admonebat,
2334 3594 2441 3633 non
2482 3578 2618 3632 adeo
2645 3587 2847 3631 temere
2874 3576 3021 3629 illam
3054 3575 3374 3646 apparuisse
3428 3573 3515 3629 vi-

1948 3673 2180 3727 sionem.
2213 3671 2367 3728 Unde
2389 3672 2553 3724 etiam
2588 3671 2637 3723 ei
2675 3669 2993 3739 persuadet,
3026 3677 3087 3722 ut
3114 3668 3435 3737 praclarum
3460 3677 3519 3723 ει

1951 3763 2281 3824 imperatore
2334 3761 2586 3829 dignum,
2636 3769 2691 3813 et
2731 3760 2785 3813 in
2847 3760 3135 3827 praesentia
3171 3759 3400 3828 quidem
3426 3773 3520 3813 sa-

1952 3852 2159 3922 pientia
2195 3851 2421 3905 minime
2455 3865 2709 3910 vacuum.
2746 3857 2965 3916 caperet
3010 3847 3322 3901 consilium.
3348 3847 3522 3911 Quot-

1948 3947 2085 4006 quot
2132 3938 2278 3991 enim
2335 3935 2579 4005 episcopi
2614 3951 2713 4006 per
2771 3936 3088 3990 universum
3144 3936 3517 3990 Romanorum

1953 4029 2240 4097 imperium
2274 4028 2397 4081 vitae
2423 4042 2491 4081 ex
2517 4027 2721 4080 virtute
2751 4026 2974 4095 agenda
3002 4040 3193 4079 curam
3224 4026 3517 4096 gerebant,

1946 4122 2108 4191 jussit
2152 4120 2471 4181 convenire,
2504 4128 2562 4172 ut
2583 4133 2707 4171 eum
2754 4117 2917 4172 simul
2956 4119 3364 4182 convenissent,
3406 4118 3519 4172 duo

1950 4229 2187 4284 quoque.
2220 4214 2313 4282 qui
2345 4214 2395 4267 ei
2433 4220 2823 4281 apparuerant,
2860 4210 2913 4263 ei
2949 4211 3062 4263 noti
3085 4210 3408 4266 evaderent.

2026 4306 2211 4359 XVIII.
2264 4305 2438 4357 Missae
2482 4313 2611 4357 sunt
2644 4318 2774 4370 ergo
2814 4304 3011 4357 littera
3049 4318 3149 4371 per
3206 4304 3519 4358 universam

1954 4399 2252 4469 regionem,
2288 4411 2410 4465 qua:
2439 4394 2663 4463 parebat
2688 4393 2969 4458 Romanis,
3023 4401 3078 4446 et
3108 4394 3379 4448 vocabant
3400 4394 3520 4464 epi-

270 4490 389 4542 Καὶ
430 4488 555 4539 ἐπεὶ
591 4486 699 4538 τῶν
745 4485 917 4539 ἄλλων
958 4485 1324 4555 ἀφικομένων,
1358 4487 1584 4555 οὐδεμία
1632 4484 1701 4558 ἦν
1740 4489 1849 4541 τῶν
1877 4493 1926 4553 ο

1836 4506 1849 4541 ι
1877 4493 1926 4553 ο
1953 4504 2148 4559 scopos
2182 4508 2195 4543 :
2229 4496 2287 4542 et
2339 4486 2597 4556 quoniam
2639 4500 2762 4539 cum
2816 4485 2909 4538 alii
2945 4487 3306 4541 accessissent
3356 4486 3393 4540 ii
3424 4487 3518 4555 qui

273 4579 628 4649 ζητουμένων
664 4578 982 4645 ἐπίγνωσις,
1033 4582 1243 4645 πέμπει
1274 4578 1368 4630 καὶ
1412 4579 1550 4649 πρὸς
1597 4579 1694 4650 τὴν
1737 4581 1848 4633 Κυ.

273 4671 455 4751 πρίων
511 4669 695 4738 νῆσον,
753 4665 1071 4736 Σπυρίδωνα
1125 4666 1218 4718 καὶ
1275 4666 1376 4735 τὴν
1421 4666 1633 4719 ἐκείνου
1688 4667 1848 4737 χάριν

199 4776 202 4779 ‘
278 4759 779 4830 μετακαλούμενος,
826 4759 855 4810 ό
898 4757 956 4809 δὲ
989 4754 1213 4826 προῄδει
1246 4756 1345 4824 μὶν
1383 4756 1561 4809 πάντα
1601 4758 1667 4810 τά
1707 4757 1850 4810 κατά

274 4854 372 4907 τὸν
418 4850 724 4921 κρατοῦντα
769 4847 848 4917 τῷ
897 4848 1189 4916 πνεύματι,
1236 4847 1482 4915 έσὴμανε
1540 4848 1650 4918 γάρ
1699 4847 1890 4919 αὐτῷ.

274 4947 483 4998 εκαστα
508 4943 575 4997 δι’
605 4942 832 5011 ινείρων
857 4940 891 5009 ἡ
921 4940 1079 5010 χάρις
1108 4954 1124 4971 ·
1158 4939 1278 4991 imi
1306 4937 1366 4993 δὲ
1396 4940 1487 4993 καὶ
1517 4941 1565 4992 οι
1587 4938 1849 5008 βασιλέως

274 5040 429 5105 λόγοι
480 5032 931 5104 συνωμολόγουν,
984 5032 1082 5084 οὑκ
1136 5029 1450 5102 ἀϐουλήτοις
1498 5032 1633 5104 πρὸς
1685 5033 1850 5085 αὑτὸν

275 5128 594 5197 ἀνατρέχει,
625 5122 966 5193 ἑπαγόμενος
996 5123 1095 5176 καὶ
1121 5123 1213 5175 τὸν
1261 5122 1453 5192 ἄνδρα,
1500 5117 1545 5190 ᾧ
1579 5125 1719 5176 κατά
1749 5127 1849 5195 τὴν

280 5223 545 5288 φανεῖσαν
572 5217 695 5285 ὄψιν
726 5215 1088 5285 συμπαρέστη
1123 5214 1199 5284 τῷ
1234 5213 1468 5283 βασιλεῖ,
1500 5215 1671 5283 τούτῳ
1714 5217 1847 5287 Τρι-

280 5310 500 5381 φύλλιος
535 5304 604 5377 ἦν
649 5306 841 5375 δνομα,
870 5304 1024 5357 οὔπω
1060 5305 1161 5373 μὶν
1189 5307 1290 5374 τῆς
1338 5304 1641 5375 ἱερωσύνης
1683 5307 1848 5375 ὴξιω-

282 5403 467 5471 μένον,
499 5399 709 5452 ἄνωθεν
738 5395 794 5447 δέ
825 5396 919 5448 καὶ
974 5394 1081 5463 πρὸ
1126 5396 1228 5469 τῆς
1270 5395 1624 5465 ἀνθρωπίνης
1663 5395 1847 5465 ψήφου

278 5494 382 5561 τὴν
405 5490 741 5560 χειροτονίαν
768 5488 1133 5555 ἀπειληφότα.
1164 5485 1349 5556 Είσῄει
1380 5484 1511 5554 γοῦν
1540 5487 1657 5556 ἃμα
1676 5486 1850 5556 τούτῳ

282 5583 567 5654 Σπυρίδων
596 5586 676 5642 εὶς
714 5579 782 5632 τὰ
818 5578 1085 5648 βασίλεια,
1124 5577 1287 5641 λιτῶς
1323 5578 1465 5633 πάνυ
1498 5577 1594 5631 καὶ
1635 5578 1851 5645 ἀφελῶς

279 5673 754 5743 διεσκευασμένος,
803 5674 863 5725 'H
899 5672 997 5741 μὲν
1030 5671 1138 5740 γὰρ
1173 5669 1335 5741 te”);
1363 5670 1551 5733 δεινῶς
1582 5670 1805 5740 εὐτελής
1834 5688 1847 5703 .

282 5770 481 5841 ῥάϐδον
542 5769 597 5820 δὲ
656 5766 847 5837 βαίνην
904 5761 1050 5835 εἶχεν
1099 5766 1131 5834 ἠ
1184 5763 1353 5830 δεξιὰ,
1412 5766 1505 5818 καὶ
1563 5763 1759 5833 τιάραν
1816 5766 1846 5834 ἡ

1953 4580 2361 4650 quaerebantur,
2417 4591 2762 4645 nequaquam
2839 4586 3296 4645 agnoscerentur,
3350 4577 3520 4631 mittit

1951 4672 2111 4726 etiam
2150 4672 2203 4724 in
2227 4668 2460 4740 Cyprum
2512 4669 2772 4734 insulam,
2807 4683 3095 4723 accersens
3148 4668 3517 4738 Spiridonem,

1951 4770 2004 4816 et
2042 4762 2187 4815 illius
2216 4760 2464 4829 gratiam.
2490 4759 2583 4813 Ille
2613 4767 2793 4811 autem
2828 4759 3012 4813 omnia
3064 4759 3284 4828 quidem
3319 4760 3516 4828 spiritu

1949 4852 2270 4923 priet-inierat
2312 4853 2380 4905 de
2415 4851 2763 4920 imperatore.
2793 4849 2850 4903 In
2878 4848 3085 4903 somnis
3123 4850 3271 4905 enim
3303 4850 3355 4904 ei
3402 4851 3517 4904 sin-

1949 4942 2071 5013 gula
2118 4940 2460 5011 signiﬁcabat
2528 4940 2723 5009 gratia.
2783 4937 2918 4993 Cum
2982 4953 3113 4993 vero
3170 4938 3516 5008 imperatoris

1950 5047 2167 5102 quoque
2200 5033 2368 5087 verba
2395 5032 2443 5085 ei
2476 5032 2876 5095 consentirent,
2916 5044 3025 5083 non
3056 5030 3263 5085 invitus
3291 5030 3360 5084 ad
3384 5045 3510 5084 eum

1949 5121 2342 5194 proﬁciscitur,
2384 5122 2535 5176 illum
2562 5137 2779 5191 quoque
2810 5121 2991 5174 virum
3040 5135 3229 5175 secum
3282 5120 3513 5185 ducens,

1950 5217 2042 5285 qui
2068 5216 2121 5269 in
2156 5232 2244 5279 ea,
2282 5230 2399 5285 qua:
2437 5216 2592 5283 prius
2632 5224 2977 5282 apparuerat,
3020 5215 3230 5269 visione
3258 5229 3384 5267 cum
3420 5213 3512 5266 illo

1948 5310 2197 5364 astiterat
2255 5308 2587 5378 imperatori.
2620 5308 2682 5361 Ei
2717 5322 2916 5361 nomen
2969 5316 3091 5361 erat
3152 5307 3508 5376 Triphyllius,

1949 5400 2043 5469 qui
2079 5400 2319 5454 nondum
2360 5399 2581 5468 quidem
2629 5405 2747 5451 erat
2775 5398 3007 5465 adeptus
3039 5396 3429 5461 sacerdotium,
3478 5410 3511 5447 ιι

1951 5491 2163 5560 superis
2185 5502 2387 5553 autem,
2420 5500 2707 5557 antequam
2740 5489 3034 5557 eligeretur
3068 5486 3136 5541 ab
3172 5484 3507 5545 hominibus,

1950 5582 2132 5636 fuerat
2181 5581 2511 5650 designatus.
2553 5580 2688 5633 Cum
2728 5595 2797 5633 eo
2821 5594 2951 5648 ergo
3003 5578 3165 5632 simul
3203 5573 3508 5645 ingreditur

1951 5673 2207 5743 Spiridou
2235 5673 2286 5725 in
2313 5672 2535 5741 regiam,
2578 5671 2817 5723 tenuiter
2860 5668 3154 5722 admodum
3198 5672 3426 5720 ornatus
3453 5672 3509 5715 et

1953 5765 2290 5835 simpliciter.
2313 5764 2443 5817 Nam
2468 5763 2632 5815 vestis
2654 5761 2871 5829 quidem
2888 5769 3003 5813 erat
3024 5756 3319 5811 admodum
3344 5755 3464 5809 vilis
3489 5794 3505 5817 ,
