4260 6430
781 327 886 392 439

2008 327 2292 391 ΜΕΝόιὸ
2335 328 2766 394 DECEMBEB.

3913 335 4020 401 (ιο

781 450 836 502 in
872 461 1033 500 manu
1065 453 1245 500 autem
1271 438 1504 501 habebat
1523 443 1731 517 virgam
1759 459 1823 500 ex
1847 444 2048 516 palma,
2070 439 2132 501 et.
2151 445 2341 500 tiaram
2371 445 2422 506 Α
2447 464 2463 500 ι

2335 464 2341 498 ι
2371 445 2422 506 Λ
2447 447 2657 518 κεφαλή
2686 463 2700 478 ι
2730 449 2866 516 πρὸς
2892 449 2949 502 δι
2981 445 3075 504 καὶ
3105 444 3384 519 ἀγγείδιόν
3409 467 3464 505 τι
3499 448 3807 522 κεραμεοῦν
3849 451 4017 522 ἐξήρ-

782 537 1028 608 gestabat
1059 535 1114 590 in
1133 533 1334 606 capite.
1363 535 1628 591 Pratarea
1665 551 1792 591 vero
1814 535 2093 592 vasculum
2122 550 2342 607 quoque

781 625 1056 695 quoddam
1093 624 1258 683 ﬁctile
1289 627 1340 681 ei
1371 627 1732 697 pendebatex
1764 625 1924 691 collo,
1960 636 2021 682 ut
2045 627 2162 697 qui,
2199 628 2345 682 sicut

784 730 900 773 mos
915 729 1052 785 erat,
1077 719 1140 774 iis
1164 718 1257 789 qui
1287 729 1531 774 sanctam
1555 719 1872 775 habitabant
1907 715 2208 786 civitatem,
2237 729 2347 775 sta-

785 811 978 865 tuisset
1013 809 1157 865 ferre
1183 809 1361 864 oleum
1388 819 1590 866 sancta
1614 811 1811 865 crucis.

854 901 992 956 XIX.
1027 901 1292 968 Quoniam
1350 911 1531 956 autem
1569 916 1677 956 non
1712 901 1844 958 satis
1889 911 2005 957 erat
2058 902 2341 969 tenuitate,

783 1003 838 1048 et
874 1009 901 1047 a
934 992 1100 1047 rebus
1125 992 1416 1062 superﬂuis
1439 993 1617 1048 aliena
1650 993 2023 1063 simplicitate,
2056 994 2150 1051 sed
2176 994 2342 1050 etiam

785 1088 836 1140 in
875 1085 1112 1140 ferendis
1148 1085 1366 1155 injuriis
1395 1084 1770 1154 queratione
1793 1101 1952 1140 suum
1983 1087 2184 1141 imitari
2235 1085 2343 1142 Do-

784 1180 1014 1240 minum,
1051 1177 1272 1248 quidam
1302 1177 1354 1231 in
1390 1177 1557 1246 regia,
1591 1178 1709 1248 ejus
1741 1175 1978 1230 irridens
1996 1177 2341 1242 tenuitatem,

781 1279 836 1322 et
863 1269 1181 1324 indecorum
1231 1283 1352 1324 esse
1394 1269 1692 1330 arbitrans,
1739 1281 1866 1322 eum
1905 1267 2116 1337 ingredi
2151 1267 2208 1322 in
2257 1282 2345 1322 re-

781 1363 920 1431 giam
952 1361 1041 1430 qui
1075 1362 1148 1415 ita
1177 1369 1321 1415 esset
1372 1360 1622 1424 vestitus,
1656 1358 1733 1413 illi
1782 1373 1951 1414 sacra:
2006 1359 2236 1414 maxilla:
2262 1360 2343 1414 in-

779 1453 948 1506 cussit
1004 1451 1313 1521 colaphum.
1370 1450 1597 1506 Fulmen
1647 1462 1828 1506 autem
1874 1465 1984 1504 non
2014 1450 2116 1504 luit
2145 1451 2343 1506 ecmlo

777 1543 1000 1598 missum
1060 1543 1114 1596 in
1155 1558 1279 1597 eum
1338 1543 1432 1612 qui
1467 1550 1830 1610 percusserat,
1892 1540 1987 1596 sed
2018 1540 2072 1596 id
2116 1542 2343 1597 omnino

777 1649 972 1703 passus
1011 1643 1112 1699 est,
1148 1634 1242 1705 qui
1299 1635 1414 1703 ipse
1459 1649 1675 1703 quoque
1705 1634 1760 1688 in
1809 1633 1993 1703 seipso
2042 1632 2227 1689 divine
2286 1633 2342 1690 id

776 1734 896 1779 erat
958 1740 1172 1793 passus.
1231 1724 1323 1778 ille
1362 1739 1492 1778 vero
1545 1724 1601 1795 (o
1633 1739 1959 1795 generosum
1981 1725 2248 1789 animum,
2288 1733 2343 1778 et

779 1818 845 1870 ad
876 1816 1194 1885 patiendum
1231 1816 1786 1885 ambitiosissimuml)
1808 1817 1859 1871 ei
1893 1817 1987 1887 qui
2023 1816 2199 1886 ipsum
2223 1816 2341 1871 alii-

777 1907 956 1963 ciebat
1004 1909 1224 1978 injuria,
1281 1909 1592 1978 przebuitet
1642 1907 1891 1972 alteram,
1943 1917 2228 1976 promptus
2275 1907 2342 1961 ad

777 1999 1110 2055 Dominicam
1140 1999 1310 2068 legem
1343 1998 1670 2068 implendam
1695 2017 1708 2054 :
1730 2005 1882 2064 et,se
1907 2007 2217 2068 promptum
2243 2013 2341 2054 ex-

781 2091 1019 2146 hibendo
1055 2091 1118 2146 ad
1155 2090 1495 2160 patiendum,
1535 2092 1759 2147 vincens
1793 2094 1939 2147 illam
1967 2093 2191 2148 nimiam
2241 2107 2337 2148 ce-

778 2185 1047 2238 leritatem
1084 2199 1276 2238 manus
1311 2194 1364 2238 et
1393 2183 1810 2253 impudentiam.
1845 2183 1957 2240 Hoc
1987 2186 2140 2240 illum
2191 2185 2341 2240 inso-

777 2277 976 2330 lentem
1031 2283 1086 2330 et
1130 2275 1452 2345 injuriosum
1514 2274 1659 2345 cepit
1703 2275 2002 2342 hominem,
2041 2285 2096 2331 et
2145 2289 2342 2346 magno

780 2369 991 2436 pudore
1056 2368 1258 2430 all‘ecit,
1299 2377 1353 2422 et
1385 2367 1640 2433 maxime,
1691 2367 1837 2438 quod
1883 2377 2168 2439 acceperat
2214 2382 2340 2422 eum

777 2475 897 2514 esse
934 2459 1276 2530 episcopum,
1326 2458 1419 2529 qui
1448 2457 1676 2513 aﬂ‘eetus
1708 2458 1886 2514 fuerat
1941 2459 2160 2531 injuria.
2187 2457 2342 2515 Unde

776 2553 936 2607 etiam
974 2562 1230 2618 mutatus,
1265 2552 1322 2606 fit
1355 2553 1406 2606 ei
1435 2553 1683 2621 supplex,
1707 2561 1763 2608 et
1793 2553 1928 2622 petit
1957 2555 2196 2618 veniam,
2254 2556 2344 2609 in-

779 2646 1133 2700 consideratae
1187 2645 1397 2714 lapsum
1459 2642 1699 2698 audaciae
1754 2659 1948 2700 curare
2003 2648 2341 2719 contendens

775 2739 954 2793 calore
1023 2737 1383 2808 paenitentiae.
1434 2736 1532 2791 Ille
1585 2746 1768 2792 autem
1822 2735 2114 2810 (didicerat
2165 2740 2341 2806 enim,

777 2837 922 2890 sicut
956 2836 1098 2889 l'erre
1133 2835 1387 2905 injurias,
1411 2834 1488 2890 ita
1513 2834 1693 2890 debita
1732 2835 2011 2889 remittere
2038 2851 2051 2887 :
2081 2835 2190 2888 imo
2211 2850 2343 2891 vero

775 2946 900 2983 eum
970 2929 1064 2998 qui
1116 2928 1220 2996 ipsi
1288 2928 1594 2982 molestiam
1653 2925 1930 2991 attulerat,
2005 2928 2342 2982 remunerari

779 3020 956 3086 bonis)
987 3017 1168 3073 verbis
1198 3017 1396 3088 quibus
1420 3016 1618 3087 potuit,
1657 3032 1784 3071 eum
1835 3016 2016 3071 alTecit
2053 3016 2340 3082 beneﬁcio,

2446 551 2579 609 τητο
2603 537 2696 593 τοῦ
2724 540 3019 611 τραχήλου,
3056 540 3246 612 ὥσπερ
3284 539 3380 596 οὖν
3413 537 3538 607 εθος
3572 545 3689 607 τοῖς
3717 541 3817 614 τήν
3856 543 4022 612 ἁγίαν

2448 629 2603 682 πόλιν
2653 628 2916 694 οίκοῦσιν,
2976 629 3154 685 ελαιον
3201 629 3297 685 τοῦ
3348 627 3493 685 θείου
3548 631 3787 704 σταυροῦ
3832 631 4023 704 φερειν

2446 720 2870 794 προῃρημένοις-

2518 899 2616 954 l8’.
2682 899 2832 954 Ἐπεὶ
2882 899 2937 953 δι
2980 900 3090 954 ἔδει
3143 901 3219 972 μὴ
3263 899 3344 972 τῷ
3388 899 3668 972 ἀπερίττῳ
3722 899 3882 970 μόνον
3925 898 4021 954 ui.

2446 992 2677 1056 εὐτελεῖ,
2713 989 2852 1046 ἀλλὰ
2881 991 2977 1046 καὶ
3021 995 3088 1063 τῇ
3124 993 3258 1063 πρὸς
3283 993 3381 1057 τὰς
3406 992 3597 1064 ὕϐρεις
3626 992 3898 1064 επιεικείᾳ
3928 994 4020 1046 τδν

2446 1083 2938 1154 ἑαυτοῦΔεσπότην
2982 1082 3349 1154 μιμήσασθαι,
3394 1079 3475 1147 εἷς
3499 1100 3584 1148 τις
3615 1084 3725 1138 τῶν
3767 1085 3826 1138 εν
3867 1083 4023 1154 βασι-

2445 1175 2650 1243 λείοις,
2694 1176 2794 1246 τῆς
2849 1175 3126 1240 εὐτελείας
3180 1176 3343 1230 αὒτδν
3390 1176 3872 1247 διαμυκτηρίζων,
3925 1179 4021 1230 καὶ

2446 1270 2687 1337 ἄκοσμον
2718 1263 2858 1324 εῖναι
2889 1267 3135 1338 οἰόμενος
3163 1268 3226 1322 τὸ
3251 1268 3332 1332 εΞς
3362 1268 3586 1340 βασιλία
3603 1267 3776 1330 οὕτως
3826 1268 4020 1338 ῖχοντα

2446 1361 2697 1425 είσιίναι,
2734 1354 3042 1432 ῥαπίσματι
3090 1361 3192 1428 τὴν
3242 1361 3394 1430 ἱερὰν
3422 1359 3642 1428 ἑκείνην
3670 1360 3864 1415 επαισε
3895 1376 4019 1413 σια-

2445 1451 2599 1522 γόνα.
2634 1448 2884 1521 Σκηπτδς
2909 1449 2968 1503 δὲ
2998 1449 3209 1505 ἀνωθεν
3232 1450 3333 1504 οὐκ
3357 1449 3562 1520 suam.
3595 1453 3736 1505 κατὰ
3784 1452 3886 1520 τῆς
3922 1451 4020 1504 τοῦ

2447 1544 2741 1606 παίσαντος
2792 1541 3058 1611 κεφαλῆς,
3100 1542 3221 1596 ἀλλ’
3264 1543 3513 1613 ἠνείχετο
3566 1543 3807 1606 πάντως,
3849 1545 3876 1596 6
3922 1543 4023 1595 καῖ

2446 1633 2536 1706 ιφ*
2570 1634 2771 1689 ἑαυτοῦ
2800 1635 2960 1689 τοῦτο
2985 1635 3305 1707 θεοπρεπῶς
3329 1634 3724 1705 ἀνασχόμενος.
3764 1634 3824 1688 '0
3852 1633 3929 1694 ὀὶ.
3969 1631 4018 1686 ὣ

2444 1727 2544 1795 τῆς
2581 1727 2837 1795 γενναίας
2882 1726 3097 1794 ἐκείνης
3152 1725 3332 1796 ψυχῆς
3381 1725 3475 1780 καὶ
3524 1725 3661 1795 πρὸς
3713 1724 3774 1778 τὺ
3823 1725 4019 1776 παθεῖν

2446 1817 2909 1888 φιλοτιμοτάτηςί
2970 1816 3288 1888 παρεχώρει
3348 1817 3445 1871 καὶ⁸
3495 1815 3596 1886 τῆς
3670 1817 3866 1886 ἑτέρας
3939 1811 4020 1884 τῷ

2444 1911 2713 1981 ὑϐριστῇ,
2760 1911 3054 1982 πληρωτὴς
3090 1908 3167 1963 ῶν
3217 1910 3491 1981 εὐτρεπὴς
3538 1909 3634 1964 τοῦ
3680 1908 4015 1964 Δεσποτικοῦ

2443 2005 2633 2073 νόμου,
2669 2005 2763 2058 καὶ
2799 2003 2963 2058 νικῶν
2991 2007 3059 2074 τῇ
3084 2003 3221 2075 πρὸς
3245 2004 3305 2057 τὸ
3334 2004 3568 2073 πάσχειν
3598 2004 3891 2073 ἑτοιμασίᾳ
3918 2004 4020 2074 τὴν

2443 2096 2701 2167 περιττὴν
2759 2098 2968 2149 ἐκείνου
3013 2096 3326 2167 ὀξυχειρίαν
3374 2099 3469 2151 καὶ
3520 2098 3845 2167 ίταμότητα.
3890 2091 4018 2150 EH:

2442 2187 2598 2242 τοῦτο
2614 2189 2705 2242 τὸν
2732 2188 3014 2259 ὑϐριστὴν,
3046 2189 3140 2241 καὶ
3171 2187 3409 2258 ἰσχυρῶς
3441 2187 3811 2258 ἐδυσώπησεν,
3841 2188 4020 2252 ἄλλως

2442 2299 2500 2335 τε
2555 2280 2612 2334 δὲ
2653 2282 2746 2334 καὶ
2787 2279 2848 2334 τὸ
2898 2279 3091 2350 μαθεῖν
3147 2280 3462 2334 ιπίσκοπον
3533 2276 3670 2333 εἶναι
3720 2282 3812 2333 τδν
3857 2280 4018 2350 ὑϐρι-

2445 2375 2660 2430 σθέντα.
2697 2372 2861 2426 Ὅθεν
2909 2372 2974 2440 δὴ
3022 2372 3117 2425 καὶ
3166 2371 3508 2443 μεταϐαλὼν,
3558 2371 3743 2440 ἱκέτης
3784 2371 4016 2440 γίνεται,

2443 2468 2535 2520 καὶ
2565 2465 2896 2537 συγγνώμην
2934 2468 3190 2532 αἰτεῖται,
3239 2465 3511 2535 ὀλίσθημα
3558 2464 3792 2535 θράσους
3824 2467 4022 2532 ἁπεριδ

2447 2561 2683 2614 σκέπτου
2736 2557 3033 2630 θερμότητι
3065 2557 3356 2627 μετανοίας
3408 2557 3740 2626 θεραπεῦσαι
3784 2552 4021 2624 φι).ονει-·

2444 2654 2578 2709 κῶν.
2639 2653 2748 2707 Καὶ
2802 2651 2882 2716 ὃς,
2945 2651 3232 2722 μεμάθηκε
3265 2650 3375 2720 γὰρ
3433 2649 3620 2718 ῶσπερ
3674 2648 3772 2712 τὰς
3830 2644 4022 2718 ὕϐρεις

2444 2746 2653 2816 φέρειν,
2679 2742 2853 2806 οὕτως
2879 2743 3102 2810 ἀφιέναι
3147 2741 3242 2797 καὶ
3287 2743 3354 2794 τὰ
3385 2741 3700 2810 ὀφλήματα,
3737 2739 3937 2808 μᾶλλον
3959 2737 4021 2791 δι

2443 2840 2539 2893 καὶ
2567 2837 2790 2906 ἀγαθοῖς
2833 2834 3156 2905 ἀμείϐεσθαι
3198 2836 3290 2888 τὸν
3323 2834 3691 2903 λελυπηκότα,
3727 2833 3905 2899 λόγοις
3935 2825 4021 2892 οἷς

2444 2926 2588 3000 εἶχεν
2617 2928 2920 2997 εὐεργετεῖ,
2962 2924 3244 2994 πατρικῶς
3295 2925 3653 2994 παραινέσας,
3700 2923 3794 2976 καὶ
3823 2922 4022 2991 βελτίω

2443 3022 2542 3090 τὴν
2587 3019 2753 3074 αὑτοῦ
2796 3018 2975 3088 ψυχὴν
3023 3017 3248 3087 θέμενος
3274 3032 3287 3046 ·
3331 3017 3424 3084 ἀφ’
3468 3011 3529 3070 οὗ
3564 3016 3628 3084 δὴ
3681 3013 3776 3068 καὶ
3820 3016 3871 3067 οι
3916 3013 4021 3076 τὰς

780 3124 1004 3181 jzaterne
1033 3110 1343 3174 consulens,
1374 3117 1430 3163 et
1453 3109 1732 3163 meliorem
1756 3109 1804 3163 ei
1830 3108 2066 3163 reddens
2089 3109 2347 3167 animam.
2373 3114 2418 3176 C
2453 3127 2462 3161 τ

2338 3114 2418 3176 .C
2453 3108 2673 3180 πρώτας
2708 3111 2772 3162 ὲκ
2803 3108 3064 3178 βασιλέως
3094 3106 3260 3174 τιμὰς
3294 3105 3573 3176 φίροντες,
3615 3104 3683 3157 δι’
3709 3104 3890 3167 αἰδοῦς
3923 3105 4020 3157 τὸν

778 3209 896 3271 Quo
913 3207 1114 3259 factum
1138 3211 1242 3265 est,
1266 3201 1428 3272 utqui
1452 3201 1594 3271 apud
1613 3203 1992 3270 imperatorem
2018 3201 2225 3271 primos
2242 3201 2339 3255 ho-

778 3311 941 3350 nores
965 3293 1308 3355 obtinebant,
1340 3308 1466 3347 eum
1505 3302 1824 3346 reverenter
1850 3301 2337 3361 prosequerentur,

774 3393 851 3452 et,
879 3397 935 3440 ut
962 3403 1058 3456 pur
1087 3394 1225 3448 erat,
1257 3384 1520 3438 ducerent
1557 3382 1624 3436 ad
1661 3383 2064 3450 imperatorem.

849 3479 963 3533 XX.
991 3479 1106 3533 Non
1126 3485 1253 3531 sunt
1271 3485 1451 3531 autem
1473 3473 1955 3543 pratermittenda,
1980 3489 2100 3543 qua:
2119 3473 2339 3528 interim

775 3579 1099 3630 evenerunt,
1125 3583 1243 3637 qua:
1267 3576 1394 3621 sunt
1424 3566 1606 3620 studio
1630 3566 1815 3636 digna,
1840 3574 1896 3619 et
1924 3580 2044 3634 qua:
2096 3573 2328 3635 possunt

777 3676 1024 3733 magnam
1049 3659 1243 3714 aﬂ'crre
1268 3657 1557 3712 utilitatem
1591 3657 1787 3712 animis
1818 3657 2081 3711 studiosis
2117 3657 2336 3727 sapien-

777 3758 884 3812 tiae.
905 3753 1202 3809 Vidensille
1220 3765 1446 3822 magnus
1464 3761 1624 3805 suum
1637 3747 1962 3816 discipulum
1981 3746 2338 3818 Triphyllium

776 3845 1075 3916 perlectum
1097 3842 1505 3901 moxiuturum,
1529 3846 1582 3892 et
1603 3837 1654 3892 ei
1682 3836 1941 3903 similem,
1972 3836 2026 3890 in
2055 3837 2340 3906 praesentia

775 3948 905 3990 vero
942 3950 1003 3989 ea
1027 3948 1148 4003 qua:
1198 3933 1252 3986 in
1302 3934 1505 3986 mundo
1530 3937 1657 3983 sunt
1680 3943 1897 3998 magna,
1929 3937 1982 3982 et
2012 3943 2110 3997 pro
2136 3928 2340 3997 quibus

774 4025 931 4082 multi
947 4040 1065 4080 esse
1083 4021 1522 4079 contendendum
1541 4021 1873 4085 existimant,
1891 4033 2081 4089 magna
2097 4034 2218 4074 esse
2232 4019 2341 4074 exi-

773 4121 1108 4179 stimantem,
1143 4123 1202 4169 ut
1223 4115 1316 4184 qui
1349 4122 1493 4168 esset
1523 4112 1702 4166 adhuc
1719 4123 1878 4167 aetate
1901 4112 2136 4182 juvenis,
2163 4122 2219 4167 et
2243 4113 2340 4166 ha-

782 4213 934 4265 beret
957 4217 1171 4264 aetatem
1203 4206 1270 4260 ad
1296 4205 1398 4259 hoc
1439 4203 1818 4274 cpituiautem,
1843 4213 1897 4256 et
1919 4218 1980 4257 ea
2001 4203 2224 4271 quidem
2243 4204 2339 4258 ad.

780 4304 1093 4363 mirantem,
1115 4313 1233 4367 quae
1250 4296 1480 4350 erantin
1498 4295 1664 4365 regia:
1686 4303 1882 4357 vestes,
1905 4294 2146 4363 inquam,
2161 4294 2340 4362 splen-

777 4395 958 4454 didas,
987 4401 1042 4444 et
1071 4389 1190 4442 auri
1216 4387 1541 4450 nitorem,ct
1562 4391 1690 4438 ante
1719 4382 1900 4438 omnia
1918 4381 2137 4451 quidem
2161 4382 2337 4450 ipsum

2447 3199 2616 3270 ἄνδρα
2654 3198 2991 3267 ποιούμενοι,
3037 3197 3397 3268 προέπεμπον
3437 3211 3495 3248 τε
3534 3197 3628 3249 καὶ
3654 3197 3734 3258 είς
3765 3194 4017 3265 βασιλία,

2446 3289 2518 3353 ὡς
2547 3288 2823 3360 προσῆκον
2847 3282 2932 3358 ἢν,
2963 3287 3209 3354 ἄγουσιν.
3413 3283 3418 3288 ’

2519 3478 2604 3530 κο.
2631 3477 2704 3531 Οὐ
2731 3475 2937 3530 δίκαιον
2960 3475 3014 3528 δὲ
3049 3475 3142 3528 καὶ
3173 3474 3241 3527 τὰ
3276 3472 3481 3543 μεταξὺ
3514 3471 3827 3543 παρελθεῖν,
3863 3471 4018 3534 ἀξιο-

2448 3569 2759 3624 σπούδαστα
2808 3565 2956 3630 ὄντα,
3015 3565 3109 3619 καὶ
3158 3565 3292 3618 πολὺ
3345 3565 3408 3618 τὸ
3450 3564 3729 3633 ὠφέλιμον
3779 3565 4018 3615 ινοεῖναε

2444 3661 2566 3723 ταῖς
2586 3659 2897 3727 φιλοσόφοις
2918 3656 3118 3726 ψυχαῖς
3146 3657 3434 3726 δυνάμενα.
3474 3655 3644 3725 Ὁρῶν
3672 3657 3699 3708 ὀ
3722 3655 3893 3723 μέγας
3923 3654 4021 3707 τὸν

2449 3748 2645 3804 ἑαυτοῦ
2694 3749 2959 3819 φοιτητὴν
2983 3747 3309 3817 Τριφύλλιον
3340 3748 3547 3800 τέλειον
3575 3746 3674 3816 μὲν
3707 3747 3832 3798 ὅσον
3857 3744 4017 3798 οὔπω

2444 3841 2539 3894 καὶ
2575 3840 2697 3892 κατ’
2747 3839 2910 3892 αὑτὸν
2949 3837 3230 3906 ισόμενον,
3279 3838 3338 3891 τὸ
3384 3837 3441 3890 δὲ
3496 3837 3591 3890 νῦν
3638 3837 3759 3907 ῑχον
3808 3836 3887 3889 lsi
3943 3836 4018 3890 τὰ

2449 3930 2662 4001 μεγάλα
2698 3931 2792 3982 τοῦ
2824 3929 2941 4000 βίου
2991 3929 3088 3982 καὶ
3129 3931 3238 3993 τοῖς
3279 3927 3489 3990 πολλοῖς
3530 3928 3886 3998 περιμάχητα
3937 3928 4018 3998 μὴ

2450 4024 2620 4097 μικρὰ
2643 4020 2782 4078 εῖναι
2815 4023 3173 4094 ὑπειληφότα,
3213 4021 3248 4075 ἆ
3283 4038 3343 4074 τε
3384 4023 3445 4090 δὴ
3492 4022 3610 4075 νέον
3652 4023 3757 4084 ῖτι,
3793 4023 3885 4075 καὶ
3915 4021 4018 4092 τήν

2447 4100 2662 4190 ήλικίαν
2705 4116 2898 4184 ἔχοντα
2927 4115 3064 4185 πρδς
3095 4113 3252 4166 τοῦτο
3288 4113 3703 4181 συναιρομίνην,
3746 4114 3841 4165 καὶ
3882 4112 4016 4166 θαυ-

2449 4210 2691 4280 μάζοντα
2741 4209 2838 4276 μὶν
2868 4206 2935 4260 τὰ
2966 4208 3024 4259 ἰν
3077 4203 3389 4274 βασιλείοις,
3417 4202 3648 4272 ἐσθῆτάς
3691 4220 3832 4273 φημι
3871 4203 4016 4274 λαμ-

2448 4301 2618 4367 πρὰς,
2644 4297 2742 4350 καὶ
2769 4293 2972 4367 χρυσοῦ
3005 4291 3387 4363 περιλάμψεις,
3434 4293 3528 4345 καὶ
3562 4291 3669 4360 πρό
3699 4309 3764 4360 γε
3798 4293 4019 4346 πάντων

2448 4390 2612 4444 αὑτὸν
2641 4387 2732 4441 τὸν
2760 4385 3083 4456 κρατοῦντα,
3115 4387 3198 4452 ἐφ’
3222 4383 3424 4452 ὑψηλοῦ
3449 4384 3547 4453 μὲν
3574 4383 4016 4454 προκαθήμενον,

779 4487 1185 4554 imperatorem,
1241 4476 1417 4547 quiin
1467 4473 1680 4529 excelso
1731 4472 1953 4543 quidem
1995 4472 2338 4542 praesidebat,
2374 4468 2461 4550 De

2336 4517 2338 4532 .
2374 4468 2423 4531 υ
2446 4481 2675 4551 φοϐερὸν
2712 4478 2766 4532 δέ
2801 4495 2921 4532 τινα
2954 4477 3048 4530 καὶ
3084 4474 3364 4546 περίδοξυν
3393 4474 3468 4544 τῷ
3494 4477 3733 4545 σχήματι
3765 4475 4018 4545 καθορώ-

777 4570 1217 4643 conspiciebatur
1259 4580 1391 4622 vero
1440 4563 1721 4628 terribilis,
1761 4573 1818 4618 et
1851 4563 2033 4633 specie
2059 4563 2327 4632 insignis;

780 4681 904 4720 cum
953 4670 1174 4732 propter
1212 4663 1334 4712 haec.
1349 4656 1532 4734 omnia
1565 4654 1774 4709 videret
1803 4668 1930 4709 eum
1979 4662 2124 4708 stare
2158 4653 2330 4708 subli-

781 4770 922 4811 mem
954 4764 1008 4808 et
1034 4757 1369 4815 erectum,et
1391 4747 1547 4818 quasi
1571 4762 1599 4800 ε
1627 4760 1685 4801 se
1709 4745 2046 4810 discessisse,
2079 4744 2129 4800 ei
2163 4744 2330 4798 veluti

780 4861 1030 4900 somnum
1078 4843 1316 4903 solvens,
1371 4847 1428 4895 et
1477 4853 1613 4908 quae.
1647 4850 1774 4892 vere
1827 4836 2059 4891 habebat
2101 4835 2331 4900 somnia,

780 4951 941 4990 manu
996 4933 1220 5003 paipans
1281 4941 1336 4985 et
1384 4929 1706 4998 depellens:
1751 4926 1858 4981 Sed
1918 4927 2076 4992 mihi,
2133 4926 2330 4994 inquit,

776 5026 1082 5097 Triphylii,
1134 5025 1284 5076 illum
1360 5021 1538 5090 ipsum
1609 5017 1839 5073 ostende
1909 5018 2328 5086 imperatorem;

774 5132 950 5186 neque
977 5116 1125 5170 enim
1179 5127 1404 5182 possum
1451 5111 1616 5173 scire,
1648 5110 1898 5180 quisnam
1943 5109 2035 5163 sit.
2067 5107 2117 5162 Is
2146 5119 2330 5163 autem

776 5222 883 5262 non
909 5207 1237 5274 intelligens,
1269 5203 1399 5272 quid
1438 5215 1665 5272 magnus
1697 5202 1800 5256 sibi
1839 5202 2001 5256 vellet
2029 5200 2286 5271 Spiridon
2314 5219 2327 5256 :

774 5300 875 5354 llic
908 5307 1010 5361 est,
1033 5296 1227 5364 inquit,
1253 5309 1412 5348 manu
1435 5292 1729 5347 ostendens
1754 5297 2132 5361 imperatorem
2156 5310 2168 5344 :
2190 5292 2331 5359 Quid

777 5399 861 5444 est
894 5403 1046 5457 ergo,
1112 5385 1285 5453 inquit
1317 5383 1594 5452 Spiridon,
1637 5384 1725 5438 hic
1773 5383 1894 5437 aliis
1936 5384 2329 5445 admirabilior.

779 5481 884 5536 nisi
946 5493 1072 5534 eum
1126 5477 1286 5530 etiam
1335 5474 1541 5529 dixeris
1598 5474 1885 5544 justiorem
1932 5475 2002 5529 ob
2033 5474 2228 5536 fastum
2278 5485 2335 5530 et

781 5569 1168 5642 splendorem?
1208 5567 1324 5621 Non
1359 5583 1509 5633 reque
1543 5582 1607 5621 ac
1647 5567 1828 5635 quivis
1887 5584 2091 5638 pauper
2121 5569 2336 5638 ignotus

782 5663 1080 5724 morietur;
1108 5659 1358 5713 similiter
1389 5673 1519 5712 vero
1552 5660 1850 5726 sepulturae
1909 5660 2256 5714 mandabitur
2281 5668 2335 5715 et

784 5753 1028 5809 interibit
1053 5789 1065 5813 ,
1109 5750 1360 5806 similiter
1387 5765 1607 5820 quoque
1633 5750 1852 5805 sistetur
1896 5761 2018 5807 ante
2053 5754 2335 5821 incorrup-

2439 4590 2599 4643 μενον
2624 4589 2639 4605 ο
2677 4571 2772 4625 hri.
2802 4571 2938 4624 πᾶσι
2969 4567 3184 4630 τούτοις
3219 4567 3495 4636 μετέωρον
3533 4565 3716 4620 αὐτῶν
3744 4567 3887 4636 ὀρῶν
3915 4567 4016 4620 καὶ

2434 4660 2546 4719 οἷον
2593 4661 2943 4732 ἐξεστηκότα,
3000 4659 3251 4730 καθάπερ
3290 4658 3431 4711 λύων
3469 4659 3619 4728 αὐτῷ
3671 4656 3765 4710 τὸν
3823 4656 4015 4723 ὕπνον,

2437 4758 2531 4810 καὶ
2560 4753 2652 4816 οὓς
2681 4748 2827 4824 εἶχεν
2852 4751 2999 4819 ὕπαρ
3026 4748 3288 4818 ὀνείρους,
3321 4748 3598 4816 ἁψάμενος
3631 4751 3694 4816 τῇ
3728 4748 3875 4816 χειρὶ
3910 4749 4013 4800 καὶ

2435 4845 2730 4909 διασείσας,
2769 4842 2910 4897 Ἀλλ’
2943 4844 3091 4912 ἐμοὶ,
3127 4841 3256 4910 ἔφη,
3278 4839 3592 4910 Τριφύλλιε,
3613 4838 3778 4892 αὑτὸν
3805 4841 4017 4892 ικεῖνον

2436 4937 2606 5003 δεῖξον
2637 4937 2731 4991 τὸν
2764 4935 3010 5008 βασιλέα.
3060 4933 3196 4988 οὐδὲ
3241 4933 3353 5004 γὰρ
3389 4933 3539 4995 ὅστις
3570 4924 3732 4995 οὗτος
3762 4931 3872 5002 ἔχω
3910 4948 4021 4999 μα-

2441 5029 2578 5082 θεῖν.
2609 5028 2723 5081 Καὶ
2760 5026 2920 5088 αὐτὸς
2974 5025 3026 5077 τί
3077 5026 3108 5079 ὀ
3161 5025 3335 5092 μέγας
3382 5021 3644 5092 ἠϐούλετο
3701 5023 3774 5092 μὴ
3805 5023 4019 5084 συνείς.

2437 5109 2628 5178 οὗτος,
2681 5113 2807 5182 ἔφη,
2849 5115 2916 5182 τῇ
2951 5111 3095 5181 χειρὶ
3126 5109 3305 5175 δείξας
3346 5108 3437 5162 τδν
3485 5107 3728 5177 βασιλέα.
3780 5109 3844 5160 Ti
3891 5103 4016 5168 οὖν,

2439 5202 2561 5259 εἷπε
2590 5205 2889 5272 Σπυρίδων,
2922 5201 3362 5272 θαυμαστότερος
3393 5192 3549 5262 οὗτος
3601 5198 3710 5250 τῶν
3735 5197 3935 5262 ἄλλων,
3967 5199 4021 5251 si

2443 5299 2516 5369 μή
2560 5298 2651 5351 καὶ
2684 5294 3020 5366 δικαιότερον
3070 5292 3233 5347 αὑτὸν
3282 5292 3460 5350 εἴποις
3500 5290 3610 5342 ἀπὸ
3651 5288 3745 5341 τοῦ
3788 5290 4011 5356 κόμπου

2442 5391 2536 5443 καὶ
2565 5390 2662 5459 τῆς
2702 5386 3094 5457 περιφανείαςς
3143 5385 3277 5452 Οὐχὶ
3326 5383 3529 5452 ὁμοίως
3571 5381 3669 5448 μὶν
3719 5383 3809 5434 καὶ
3844 5382 4017 5445 αὐτὸς

2443 5481 2646 5548 ἀγνῶτι
2670 5479 2858 5549 πένητι
2895 5480 2987 5530 καὶ
3013 5475 3343 5545 ἠμελημίνῳ
3380 5471 3732 5540 τεθνήξεταις
3774 5471 4019 5540 Ὁμοίως

2441 5573 2497 5625 δὲ
2550 5572 2706 5640 τάφῳ
2745 5569 3175 5639 παραδοθήσεται
3204 5566 3295 5619 καὶ
3344 5565 3558 5636 φθορᾷς
3609 5564 4018 5633 παραπλησίως

2439 5659 2494 5713 δὲ
2525 5659 2601 5729 τῷ
2625 5659 2905 5727 ἀδεκάστῳ
2933 5658 3093 5727 κριτῇ
3124 5657 3535 5731 παραστήσεται
3560 5669 3575 5720 ;
3611 5653 3676 5706 Τί
3715 5655 3783 5706 τα
3811 5656 4011 5721 ῥέοντα

2441 5752 2513 5815 ὡς
2558 5751 2766 5804 ἑστῶτα
2818 5751 3004 5819 τιμᾷς,
3062 5746 3154 5806 καὶ
3200 5729 3266 5814 τὰ
3328 5729 3491 5818 μηδὶν
3543 5746 3672 5800 ὄντα
3726 5746 4012 5816 θαύματος
