4260 6430
243 308 345 376 Ill

1468 313 1643 384 VITA
1687 322 1749 382 S.
1794 316 2272 385 SPYRIDONIS.

3399 325 3508 390 442

244 419 445 493 ἀξιοῖς,
478 428 657 501 παρὸν
684 428 754 483 τὰ
780 428 923 485 ἇῦλα
953 430 1155 501 μᾶλλον
1198 429 1384 503 ζητεῖν
1414 432 1506 486 καὶ
1536 433 1702 500 ἀῖδια,
1738 437 1833 489 καὶ
1861 438 1911 499 Α

1823 443 1833 489 ι
1861 438 1911 499 Α
1939 445 2052 491 tum
2082 437 2365 505 judicent?
2393 434 2506 492 Cur
2537 451 2659 508 que
2690 438 2887 499 ﬂuunt.
2920 443 3178 508 tanquam
3210 452 3333 509 qua
3374 448 3505 495 sunt

243 508 349 588 τῆς
372 517 654 588 ἀφθάοτου
685 522 780 575 καὶ
804 523 1062 593 οὐρανίου
1094 524 1252 593 δόξης
1288 524 1461 596 μόνης
1498 526 1650 583 δρᾶν.

1936 529 2175 586 stabilia.
2201 528 2470 593 bonoraa;
2506 541 2562 585 et
2588 544 2710 599 qua
2736 530 2870 584 nihil
2906 540 3057 592 sunt.
3093 531 3265 585 habes
3319 532 3374 585 in
3404 530 3499 584 ad-

245 608 561 675 miratione.
613 623 739 669 cum
768 612 900 668 licet
928 614 1114 684 potius
1140 630 1205 671 ea
1253 631 1376 686 qua:
1416 625 1547 671 sunt
1616 620 1859 701 materiae
1895 622 2139 691 expertia
2168 628 2223 675 et
2256 630 2482 686 aeterna,
2506 636 2776 691 quaerere,
2800 629 2855 675 et
2875 622 3103 692 gloriam
3174 637 3358 678 amare
3391 638 3509 679 cm-

244 702 463 766 lestem.
496 705 553 760 In
592 714 757 776 quam
797 721 907 761 non
932 709 1080 763 cadit
1120 708 1427 766 interitus?

324 794 454 853 ΚΧ.
501 796 592 851 Ἕν
626 789 672 864 ᾧ
700 797 756 851 δὲ
796 799 933 870 πρὸς
957 800 1049 855 τὸν
1065 802 1393 871 Τριφύλλιον
1429 803 1585 870 ἔλεγε
1614 802 1812 870 ταῦτα,

246 891 277 943 ό
312 888 566 961 βασιλεὺς
596 890 657 959 ἐξ
689 896 937 949 ἀπόπτου
976 898 1069 950 τοῦ
1134 897 1378 969 βήματος
1418 900 1700 954 επισάλλει
1750 899 1827 970 τῷ

244 976 379 1051 όὰίψ
404 983 531 1047 τοὺς
565 983 923 1056 όφδάλμούςδ
980 987 1078 1042 καὶ
1126 991 1321 1059 πρῶτα
1382 991 1483 1062 μὶν
1544 993 1709 1046 αὐτὸν
1768 992 1828 1045 τὸ

247 1072 435 1141 σκῆμα
456 1073 553 1126 καὶ
584 1075 617 1143 η
641 1076 879 1147 ἀναϐολὴ
904 1075 1208 1140 tuna-co.
1240 1082 1307 1150 τῃ
1339 1079 1600 1152 meum
1638 1083 1821 1151 μορφῇ

247 1164 553 1235 συνᾴδουσα
574 1172 590 1199 ⁵
617 1164 761 1219 οὕτω
786 1168 892 1239 γὰρ
920 1166 1093 1222 ιδόκει
1127 1172 1221 1224 καὶ
1247 1164 1385 1241 δναρ
1422 1172 1570 1241 αὐτῷ
1602 1172 1830 1241 επιστῆ-

246 1270 358 1319 ναι,
394 1256 487 1308 καὶ
520 1252 589 1327 ἦν
615 1260 792 1311 πάντα
832 1258 896 1329 δὴ
921 1260 989 1313 τὰ
1018 1261 1179 1327 αὐτὰ,
1210 1260 1242 1331 ἡ
1281 1262 1554 1333 ῥάόδος,ή
1590 1264 1743 1331 παρὰ
1764 1263 1825 1315 τὸ

246 1344 620 1418 εξηρτημὲνον
670 1351 766 1404 τοῦ
819 1352 1093 1422 τραχήλου
1150 1354 1346 1416 σκεῦος
1379 1354 1473 1408 καὶ
1538 1357 1566 1425 ἡ
1632 1356 1818 1424 στολή.

248 1432 470 1491 Τούτων
532 1440 633 1508 μὲν
688 1436 783 1494 οὖν
824 1443 986 1506 εὐθὺς
1042 1443 1272 1498 αὐτόθεν
1316 1446 1558 1512 ἀνέγνω·
1623 1446 1713 1498 τὸν
1768 1444 1824 1498 δὲ

248 1532 579 1603 Τριφύλλιον
614 1534 714 1587 οὐκ
753 1532 901 1604 εἶχεν
932 1537 1080 1601 ὅπως
1108 1538 1351 1590 είκάσοιο
1377 1539 1497 1592 οὐδὲ
1524 1539 1631 1608 γὰρ
1666 1538 1829 1607 ἔμελ-

247 1624 342 1677 λεν
376 1626 527 1696 αύτῷ
573 1629 1052 1699 περιεργάσασθαι
1109 1631 1211 1698 τὴν
1266 1630 1441 1684 ίδέαν·
1480 1633 1600 1685 ἐπεὶ
1640 1633 1831 1684 τοῦτον

249 1718 551 1772 ιπίσκοπον
606 1721 702 1787 οὐχ
752 1723 928 1792 ἑώρα,
982 1722 1233 1795 καθάπερ
1263 1726 1313 1779 οί
1358 1724 1516 1777 ὕπνοι
1551 1726 1714 1778 αὐτὸν
1743 1727 1825 1779 δι-

250 1809 587 1879 εσήμαινον·
652 1781 779 1863 όδεν
828 1781 925 1865 καί
969 1812 1063 1865 τοῦ
1104 1781 1295 1882 θρόνου
1348 1817 1691 1886 παραχρῆμα
1738 1816 1821 1868 διο
1853 1781 1896 1835 Β

250 1905 515 1968 αναστὰς,
536 1905 704 1975 χωρεῖ
721 1905 857 1975 πρὸς
884 1906 977 1958 τὸν
1008 1906 1205 1975 μέγαν*
1232 1909 1264 1976 ἡ
1298 1907 1406 1977 γὰρ
1438 1908 1702 1977 ἐπιθυμία
1727 1910 1827 1978 τῆς

249 1994 621 2065 ἀναρῤώσεως
654 1998 765 2050 τῶν
796 1998 973 2052 ἄλλων
1003 2000 1176 2053 ἐποίει
1195 2004 1579 2070 καταφρονεῖν.
1613 2001 1828 2071 Ἀμέλει

250 2087 351 2138 καὶ
391 2085 671 2154 βασιλικὸν
720 2089 906 2155 ὄγκον,
952 2089 1044 2142 καὶ
1104 2090 1166 2143 τὸ
1213 2092 1313 2161 τῆς
1354 2093 1531 2162 ἀρχῆς
1570 2092 1826 2162 μέγεθος,

253 2178 430 2248 μικρά
460 2179 553 2232 καὶ
585 2178 814 2249 δεύτερα
852 2181 951 2250 τῆς
995 2182 1133 2252 πρὸς
1182 2182 1275 2235 τὸν
1318 2184 1491 2251 μέγαν
1534 2185 1697 2255 τιμῆς
1733 2185 1824 2237 05'-

254 2290 441 2343 μενος,
475 2268 614 2327 πάνυ
650 2274 853 2339 ἀδόξως
882 2267 1031 2345 αὐτῷ
1061 2277 1153 2329 καὶ
1203 2277 1477 2340 ταπεινῶς
1526 2278 1831 2348 προσφέρε-

252 2373 369 2430 ται,
408 2365 728 2436 θηρώμενος
768 2362 949 2420 οἶκτον
1020 2370 1089 2439 τῇ
1146 2368 1415 2440 εὐτελείᾳ,
1468 2370 1565 2421 καὶ
1614 2368 1828 2431 δεικνὺς

253 2452 383 2509 ὅσον
411 2457 471 2508 τὸ
510 2458 674 2524 μέσον
706 2457 1070 2530 προσκαίρου,
1101 2459 1268 2527 φημὶ,
1309 2456 1580 2526 βασιλέως
1611 2457 1705 2510 καὶ
1732 2460 1829 2509 ἁν-

249 2550 381 2619 δρδς
436 2540 658 2604 Βασιλεῖ
696 2549 1042 2613 δουλεύοντος
1095 2550 1319 2618 αίωνίῳ.
1362 2547 1688 2613 ’Υποκλίνας
1740 2549 1833 2602 οὖν

1996 801 2141 857 XXI.
2164 796 2299 857 Cum
2336 798 2451 857 haec
2471 811 2655 855 autem
2686 801 2896 856 diceret
2931 801 3257 871 Triphyllio,
3326 802 3504 872 impe-

1928 904 2078 949 rator
2110 910 2175 949 ex
2198 895 2414 949 excelso
2443 893 2705 949 tribunali
2737 894 2790 947 in
2827 902 3081 948 sanctum
3105 894 3330 963 conjicit
3370 910 3507 950 ocuo

1924 989 2048 1045 los:
2082 996 2137 1042 et
2163 986 2400 1055 primum
2459 985 2680 1055 quidem
2737 996 2865 1041 eum
2915 984 3231 1040 attrahebat
3271 986 3495 1043 habitus

1922 1086 1979 1134 et
2006 1079 2266 1142 amictus,
2326 1076 2535 1137 formae.
2571 1084 2693 1145 quae
2737 1078 2853 1132 visa
2904 1078 3106 1143 fuerat,
3149 1078 3503 1133 conveniens.

1944 1168 2036 1224 Sic
2064 1168 2213 1223 enim
2240 1168 2388 1222 visus
2409 1167 2586 1221 fuerat
2612 1170 2659 1222 ei
2693 1168 2883 1223 adesse
2906 1168 2959 1221 in
2990 1170 3217 1230 somnis.
3251 1178 3306 1225 et
3345 1179 3508 1224 erant

1923 1262 2106 1315 omnia
2141 1261 2356 1323 eadem,
2392 1260 2567 1328 virga,
2611 1261 2769 1323 tiara,
2793 1276 2890 1315 vas
2937 1276 2969 1315 e
3008 1261 3153 1316 collo
3190 1262 3507 1330 dependens

1922 1362 1977 1409 et
2024 1355 2210 1407 vestis.
2246 1354 2382 1407 Eum
2404 1368 2533 1423 ergo
2574 1354 2757 1407 statim
2805 1353 3060 1421 cognovit
3103 1365 3170 1407 ex
3211 1354 3319 1407 alto
3347 1346 3507 1417 ;T'ri-

1924 1446 2186 1516 pliyllium
2240 1456 2420 1499 autem
2497 1460 2604 1498 non
2683 1452 2897 1513 poterat
2944 1447 3240 1513 conjicere;
3321 1456 3501 1513 neque

1923 1538 2069 1592 enim
2106 1537 2335 1591 curabat
2368 1537 2487 1606 ejus
2508 1538 2745 1604 speciem
2780 1536 2995 1590 curiose
3029 1536 3327 1603 inquirere,
3360 1550 3500 1603 quo-

1926 1628 2069 1682 niam
2101 1644 2227 1682 eum
2257 1643 2367 1681 non
2420 1626 2637 1681 videbat
2684 1628 3023 1695 episcopum,
3079 1626 3223 1679 sicut
3281 1641 3507 1680 somnus

1929 1721 1978 1775 ei
2037 1721 2396 1791 signiﬁcabat.
2477 1718 2843 1785 Quamobrem
2922 1719 3104 1773 statim
3183 1734 3414 1789 surgens
3474 1734 3506 1773 e

1932 1813 2080 1875 sede,
2122 1813 2269 1865 vadit
2313 1811 2379 1865 ad
2436 1826 2689 1879 magnum
2736 1810 3105 1879 Spiridonem.
3160 1810 3504 1866 Desiderium

1928 1904 2075 1960 enim
2120 1903 2511 1970 recuperandae
2560 1902 2807 1957 sanitatis
2826 1902 3199 1957 faciebateum
3246 1903 3353 1956 alia
3375 1918 3507 1956 cou-

1931 2000 2191 2051 temnere.
2224 1997 2578 2065 Splendorem
2608 2007 2755 2051 certe
2776 1996 3188 2063 imperatorium
3210 2007 3265 2050 et
3284 1996 3503 2064 imperil

1932 2090 2364 2157 magnitudinem
2393 2100 2727 2158 postponens
2752 2088 2945 2142 honori
2974 2088 3152 2157 magni
3178 2087 3505 2157 Spiridonis,

1931 2196 1989 2236 se
2023 2181 2319 2235 admodum
2372 2180 2655 2235 humiliter
2692 2191 2747 2234 et
2800 2181 3013 2251 abjecte
3048 2184 3101 2235 in
3164 2196 3289 2235 eum
3341 2183 3506 2251 gerit,

1936 2274 2249 2327 humilitate
2305 2284 2529 2342 captans
2602 2273 3039 2327 misericordiam
3102 2281 3159 2327 et
3205 2272 3507 2328 ostendens

1931 2372 2197 2434 quantum
2227 2364 2444 2418 intersit
2476 2365 2617 2417 inter
2647 2378 2826 2433 regem
2883 2364 2977 2433 qui
3037 2372 3122 2418 est
3154 2363 3221 2418 ad
3267 2376 3506 2434 tempus.

1932 2467 1986 2512 ct
2012 2472 2137 2511 eum
2175 2458 2267 2526 qui
2290 2456 2459 2510 servit
2499 2455 2630 2525 Regi
2655 2468 2881 2511 aterno.
2911 2456 3005 2511 Ille
3049 2472 3179 2525 ergo
3242 2457 3504 2512 inclinato

1936 2549 2113 2617 capite
2139 2548 2390 2617 placabat
2428 2564 2552 2602 eum
2579 2549 2853 2619 lacrymis,
2884 2559 2937 2602 et
2979 2550 3098 2619 ejus
3128 2548 3349 2617 petebat
3378 2564 3508 2618 pre-

253 2641 452 2711 ικείνῳ
476 2644 575 2709 τὴν
600 2641 871 2713 κεφαλὴν,
903 2644 998 2697 σὺν
1030 2642 1294 2713 δάκρυσιν
1324 2643 1530 2695 ίλεοῦτο
1566 2683 1581 2707 ,
1615 2644 1709 2694 καὶ
1734 2642 1832 2712 τὴν

1821 2660 1832 2693 ι
1935 2655 2049 2704 ces,
2077 2651 2332 2709 tanquam
2360 2641 2757 2695 validissimum
2776 2641 2996 2710 aliquod
3017 2641 3503 2706 medicamentum,

251 2725 424 2796 εὐχὴν
450 2725 632 2797 ἐζήτει
661 2728 760 2797 τὴν
789 2723 920 2797 παρ’
948 2727 1137 2792 αὐτοῦ,
1174 2728 1425 2797 κατλάπερ
1454 2746 1505 2780 τι
1538 2728 1831 2798 φάρμακον

1828 2743 1831 2767 ι
1936 2732 2083 2802 quod
2107 2746 2322 2786 omnem
2359 2733 2664 2787 molestiam
2699 2742 2875 2801 potest
2896 2732 3053 2787 facile
3083 2734 3320 2788 solvere.
3351 2733 3510 2788 Post-

260 2820 640 2889 ἰσχυρότατον,
699 2820 899 2889 ῥαδίως
957 2820 1104 2873 λύειν
1168 2821 1492 2889 δυνάμενον.
1533 2820 1620 2882 Ὧς
1669 2815 1832 2889 οὖνὴ
1941 2859 1942 2862 η

1941 2840 2105 2895 quam
2161 2841 2294 2895 ergo
2353 2840 2548 2880 manus
2610 2826 2755 2879 illius
2810 2827 3173 2895 teligitcaput
3220 2826 3514 2896 imperato—

254 2913 384 2983 χεὶρ
406 2912 621 2966 ἐκείνου
643 2912 745 2981 τῆς
773 2911 866 2965 τοῦ
900 2912 1168 2983 βασιλέως
1198 2912 1407 2982 ἥπτετο
1439 2910 1706 2980 κεφαλῆς,
1741 2910 1836 2964 καὶ

1830 2948 1836 2962 ι
1945 2917 2045 2980 ris,
2085 2919 2268 2972 statim
2302 2917 2521 2987 fugatus
2577 2925 2662 2971 est
2700 2918 2950 2983 morbus,
2982 2925 3039 2972 et
3074 2918 3354 2973 convaluit
3407 2918 3512 2973 im-

266 3009 301 3077 η
334 3006 491 3069 νόσος
524 3007 872 3077 παραχρῆμα
900 3005 1287 3076 ἐφυγαδεύετο,
1353 3007 1446 3061 καὶ
1496 3007 1525 3059 ό
1581 3004 1838 3076 βασιλεὺς

261 3104 357 3154 ἀνι
369 3102 624 3170 ρὼννυτο.

336 3191 463 3245 KB'.
493 3190 587 3254 Τίς
606 3190 669 3243 ἂν
682 3189 755 3243 τὰ
777 3190 868 3244 επὶ
882 3189 1095 3254 τούτοις
1123 3190 1232 3244 τῶν
1256 3191 1544 3255 παρόντων
1560 3193 1654 3244 καὶ
1672 3192 1836 3245 αὐτοῦ

262 3281 527 3355 βασιλέως
545 3283 950 3353 ἑκδιηγήσαιτος
968 3285 1114 3347 ὅπως
1134 3283 1264 3353 παρ’
1282 3284 1409 3356 ὅλην
1431 3284 1494 3356 δὴ
1510 3285 1607 3354 τὴν
1627 3286 1840 3355 ἡμέραν

262 3378 459 3448 ἑορτὴν
480 3371 636 3447 ἦγον,
670 3378 765 3427 καὶ
796 3374 995 3446 μικροῦ
1022 3375 1311 3445 ἐσκίρτων,
1342 3377 1433 3427 καὶ
1466 3373 1839 3428 κάθεκτοιούὸ’

262 3468 401 3527 δλως
433 3466 521 3533 ὑφ’
546 3465 735 3534 ἡδονῆς
768 3464 1102 3533 ὶτύγχανον·
1145 3466 1304 3534 μόνος
1333 3464 1613 3532 Σπυρίδων
1644 3465 1703 3515 ὲν
1728 3467 1840 3522 τοῖς

263 3556 524 3608 ἁπάντων
548 3553 784 3622 χείλεσιν
811 3552 1010 3607 ἔκειτο.
1046 3553 1329 3623 Σπυρίδων
1359 3555 1607 3607 ἐκαλεῖτο
1652 3556 1836 3625 μόνος,

264 3645 549 3714 Σπυρίδυν
577 3646 811 3713 ἑωρᾶτο.
858 3643 1142 3713 Σπυρίδων
1174 3638 1243 3712 ἣν
1286 3645 1419 3696 πᾶσι
1448 3642 1506 3695 τὸ
1534 3642 1838 3706 σπουδαζόο

269 3754 455 3813 μενον.
486 3730 615 3806 *Δρ’
660 3732 757 3789 οὖν
785 3736 846 3788 τὸ
879 3737 978 3805 μὲν
1008 3735 1169 3805 σῶμα
1211 3733 1287 3804 τῷ
1340 3735 1551 3804 βασιλεῖ
1590 3735 1798 3805 ἔρρωτο

265 3830 327 3883 τδ
354 3830 411 3882 δὲ
436 3830 531 3883 καὶ
557 3829 657 3899 τὴν
682 3828 861 3899 ψυχὴν
890 3829 1053 3881 αὐτὸν
1087 3826 1259 3894 ὑγιῶς
1290 3826 1457 3897 ῑχειν,
1503 3830 1574 3889 ὡς
1630 3828 1833 3896 μικρόν

266 3940 325 3976 τι
358 3927 453 3976 καὶ
490 3924 805 3992 παροπτέον
840 3921 917 3991 τῷ
942 3921 1113 3991 ἰατρῷ
1144 3920 1524 3990 παρεδλιπετο
1552 3932 1569 3985 ς
1606 3920 1694 3972 καὶ
1736 3918 1839 3972 ποῦ

265 4014 429 4069 τοῦτο
457 4014 556 4085 τῆς
588 4014 740 4085 ἱερᾶς
772 4014 983 4065 ἰκιίνου
1007 4012 1184 4083 ψυχῆς
1212 4026 1225 4065 :
1263 4012 1423 4064 Ἀλλά
1453 4012 1547 4065 καὶ
1574 4011 1747 4083 ταύτῃ
1782 4012 1842 4064 τὸ

269 4106 603 4179 κατάλληλον
646 4107 865 4169 πάντως
911 4105 1079 4157 δτίθει
1137 4106 1463 4173 φάρμακον*
1525 4103 1839 4174 μεμνῆσθαι

274 4202 377 4272 μιν
403 4200 503 4269 τῆς
528 4201 855 4268 εὐεργεσίας
888 4197 986 4251 τοῦ
1014 4195 1151 4259 Θεοῦ
1193 4197 1554 4267 παραινέσας,
1613 4193 1754 4248 εἶναι
1784 4196 1841 4249 δὲ

271 4295 372 4347 καὶ
427 4295 565 4363 πρὸς
594 4294 725 4355 τοὺς
773 4290 879 4344 ὑπὸ
930 4292 1113 4359 χεῖρα,
1142 4291 1255 4347 τοῖς
1287 4287 1545 4340 πταίουσι
1602 4287 1700 4355 μὲν
1748 4290 1841 4339 καὶ

268 4382 609 4452 λελυπηκόσι
674 4379 1120 4449 συγγνωμόνικόν
1161 4388 1219 4432 τε
1276 4380 1371 4431 καὶ
1409 4378 1587 4441 ἵλεων,
1638 4380 1752 4441 τοῖς
1791 4376 1837 4430 δ’

1941 3018 2184 3080 perator.

2014 3187 2181 3243 XXII.
2214 3188 2367 3254 Quis,
2392 3203 2515 3258 qua
2535 3197 2722 3259 postea
2745 3194 3037 3243 consecuta
3072 3196 3222 3254 sunt,
3248 3187 3512 3250 narrabit.

1943 3296 2131 3336 eorum
2156 3280 2248 3349 qui
2282 3281 2530 3345 aderant,
2574 3289 2629 3335 et
2654 3281 2828 3349 ipsius
2861 3280 3209 3350 imperatoris
3246 3278 3513 3344 laetitiam,

1941 3369 2403 3440 quemadmodum
2436 3379 2549 3425 toto
2572 3370 2661 3425 die
2697 3369 2897 3424 festum
2930 3370 3184 3439 agebant,
3215 3378 3271 3424 et
3322 3382 3519 3437 propc-

1944 3462 2165 3517 modum
2197 3463 2547 3523 cxsiliebant,
2580 3471 2636 3516 et
2668 3478 2845 3531 neque
2878 3478 2937 3516 se
2964 3478 3074 3531 pra:
3104 3459 3303 3531 gaudio
3360 3470 3517 3529 puteo

1943 3564 2067 3608 rant
2093 3554 2419 3608 continere?
2450 3552 2612 3607 Solus
2673 3550 2934 3621 Spiridon
2961 3560 3079 3606 erat
3115 3551 3168 3604 in
3194 3550 3365 3604 labris
3396 3565 3517 3603 omo

1942 3649 2119 3709 nium,
2156 3644 2530 3714 aspiciebatur
2561 3642 2818 3712 Spiridon
2846 3659 2860 3707 ;
2895 3651 3014 3697 erat
3034 3641 3111 3707 id,
3137 3641 3285 3711 quod
3331 3641 3516 3696 studio

1940 3746 2064 3793 erat
2097 3738 2377 3791 omnibus.
2413 3736 2731 3804 Imperatori
2761 3736 2947 3804 itaque
2973 3734 3075 3788 fuit
3108 3733 3332 3803 quidem
3383 3748 3512 3787 cor-

1942 3844 2043 3899 pus
2082 3828 2397 3882 restitutum
2430 3827 2648 3880 sanitati
2673 3844 2689 3892 ;
2713 3836 2774 3881 ut
2805 3837 2988 3881 autem
3021 3841 3152 3881 sana
3188 3834 3337 3881 esset
3391 3827 3512 3897 ejus

1941 3917 2421 3987 anima.numquid
2448 3926 2507 3970 ut
2526 3934 2753 3986 parvum
2773 3928 2827 3970 et
2855 3933 2884 3972 a
2920 3918 3133 3972 medico
3159 3928 3517 3973 contemnen-

1931 4004 2093 4073 duiu,
2132 4009 2233 4063 fuit
2254 4008 2610 4077 despectum?
2635 4008 2921 4073 Quomodo
2940 4024 3066 4062 vero
3090 4008 3193 4062 hoc
3219 4008 3408 4063 luisset
3432 4009 3518 4061 di~

1941 4118 2107 4173 gnum
2128 4112 2472 4155 sacrosancta
2500 4102 2588 4155 illa
2622 4102 2799 4155 anima
2818 4101 2841 4154 ?
2858 4100 2962 4156 Sed
2980 4100 3031 4155 ei
3053 4116 3269 4170 quoque
3291 4103 3521 4155 omnino

1942 4192 2279 4249 conveniens
2316 4192 2571 4246 adhibuit
2624 4192 3113 4256 medicamentum,
3142 4200 3202 4245 ut
3247 4192 3341 4260 qui
3393 4208 3519 4245 sua-

1942 4287 2079 4341 serlt
2108 4284 2355 4355 quidem.
2381 4295 2442 4338 ut
2474 4284 2821 4339 meminisset
2850 4285 2941 4337 Dei
3011 4284 3266 4338 beneﬁcii
3293 4302 3305 4345 ;
3343 4285 3397 4338 in
3423 4299 3521 4339 eos

1945 4388 2150 4443 autem,
2183 4378 2276 4448 qui
2311 4379 2431 4449 ejus
2462 4378 2727 4448 parebant
2778 4378 3008 4447 imperio
3040 4378 3109 4433 iis
3145 4378 3365 4447 quidem
3422 4379 3517 4448 qui

273 4472 455 4537 ἄλλως
485 4472 702 4541 ιχουσιν
744 4469 1096 4539 εὐεργετικὸν
1142 4469 1234 4521 καὶ
1286 4469 1607 4538 φιλόδωρον,
1640 4470 1750 4530 τοῖς
1784 4468 1840 4522 δι
1880 4468 1923 4525 D
1952 4496 1955 4518 ι

1835 4487 1840 4520 ι
1880 4468 1923 4525 D
1952 4470 2323 4532 on‘endebant,
2361 4478 2417 4525 et
2448 4472 2685 4540 aliquam
2717 4471 3015 4525 attulerant
3059 4471 3386 4535 molestiam,
3406 4472 3517 4525 cie.

271 4566 373 4617 καὶ
427 4564 537 4616 τῶν
593 4563 907 4630 ἀναγκαίων
961 4561 1351 4631 ἐςτερημένοις
1402 4563 1610 4631 πατρὸς
1663 4562 1847 4623 αὐτοῖς
1949 4581 1953 4616 1

1833 4579 1847 4623 ;
1949 4573 2189 4617 mentem
2244 4578 2303 4617 se
2359 4564 2630 4633 praeberet
2668 4570 2725 4615 et
2751 4562 3200 4627 misericordem;
3242 4564 3309 4618 iis
3361 4579 3515 4626 vero.

270 4656 370 4707 καὶ
397 4652 695 4722 κηδεμόνος
721 4650 876 4717 τάξιν
923 4648 1374 4717 ἀποπληροῦντα,
1410 4650 1504 4700 καὶ
1536 4650 1695 4717 χεῖρα
1724 4647 1849 4700 τού.

1833 4680 1849 4694 -
1952 4657 2045 4726 qui
2072 4670 2231 4709 secus
2284 4669 2344 4709 se
2392 4662 2694 4722 gesserant,
2740 4651 3036 4721 benignum
3088 4661 3142 4707 ct
3194 4652 3515 4716 liberalem;

272 4761 389 4806 τοις
447 4746 539 4797 καὶ
603 4742 889 4810 σπλάγχνα
946 4739 1432 4810 φιλανθρωπότατα
1481 4738 1842 4803 διανοεγοντα.
1953 4794 1954 4799 η

1837 4775 1842 4787 ι
1953 4749 2020 4802 iis
2047 4755 2255 4808 autem,
2285 4747 2378 4815 qui
2410 4744 2607 4814 privati
2634 4743 2979 4799 erantrebus
3033 4745 3379 4803 necessariis.
3422 4760 3519 4813 pa-

276 4838 430 4907 Ὀσῳ
478 4836 585 4906 γὰρ
628 4834 738 4886 τῶν
777 4832 953 4885 ἀλλων
1007 4831 1307 4898 διαφέρεις,
1354 4833 1540 4899 φησιν,
1593 4829 1848 4881 τοσοῦτον

1836 4846 1848 4880 θ
1958 4839 2057 4892 tris
2079 4848 2137 4893 et
2173 4838 2439 4894 curatoris
2479 4853 2679 4891 munus
2718 4837 3035 4897 obeuntem,
3067 4852 3399 4906 manumque
3461 4845 3518 4890 et

276 4924 423 4981 εἷναί
456 4943 514 4979 σε
556 4926 663 4996 χρὴ
694 4924 789 4977 καὶ
822 4923 923 4994 τὴν
950 4920 1150 4992 ἀρετὴν
1183 4921 1538 4991 ὑψηλότερον.
1570 4921 1725 4973 Ἐπεὶ
1751 4923 1843 4972 τὸν
1954 4946 1958 4958 ι

1829 4938 1843 4971 θ
1954 4930 2165 4985 viscera
2223 4930 2289 4983 iis
2344 4928 2739 4998 benignissime
2817 4928 3199 4996 aperientem:
3236 4927 3511 4993 Quantum

280 5020 360 5091 μὴ
388 5018 531 5071 οὕτω
556 5016 694 5088 πρὸς
730 5016 856 5077 τοὺς
896 5012 1241 5082 ὑποχειρίους
1264 5013 1609 5081 διακείμενον
1645 5011 1844 5081 τύραν-
1952 5036 1962 5072 ι

1836 5039 1844 5052 ·
1952 5020 2120 5081 enim,
2178 5018 2381 5085 inquit,
2446 5027 2670 5087 praestas
2734 5020 2968 5080 caneris,
3028 5028 3233 5071 tantum
3283 5028 3335 5072 te
3399 5034 3518 5072 esse

280 5126 371 5163 vov
396 5108 599 5176 μᾶλλον
637 5106 673 5177 ἢ
734 5104 964 5176 βασιλέα
1013 5104 1196 5158 καλεῖν
1236 5104 1334 5166 δεῖ,
1378 5104 1438 5155 οὺ
1469 5102 1846 5171 τῆςρξουσίας
1949 5127 1962 5165 ς

1838 5118 1846 5162 ;
1949 5120 2168 5181 oportet
2197 5112 2399 5164 virtute
2423 5110 2799 5165 excelsiorem.
2837 5110 2939 5175 Qui
2980 5109 3129 5164 enim
3183 5102 3300 5163 non'
3326 5110 3405 5163 sic
3434 5121 3520 5164 est

281 5199 753 5273 μακαριζόμενον,
801 5196 938 5250 ἀλλὰ
1014 5196 1112 5267 τῆς
1172 5193 1474 5264 ὑπεροψίας
1545 5193 1729 5248 ἄθλιόν
1785 5208 1847 5261 γε
1953 5221 1963 5259 ε

1836 5209 1847 5244 ι
1953 5204 2184 5259 allectus
2214 5203 2267 5256 in
2300 5203 2603 5271 subjectos,
2640 5211 2934 5272 tyrannum
2990 5209 3209 5269 Oportet
3235 5214 3359 5254 eum
3414 5190 3518 5270 po-

274 5292 605 5363 κρινόμενον
636 5290 733 5342 καὶ
771 5287 1125 5358 μισούμενον.
1160 5285 1285 5339 Ἐπὶ
1321 5287 1458 5338 πᾶσι
1494 5283 1563 5338 τὰ
1592 5286 1724 5356 ειτερλ⁸
1744 5285 1842 5352 τὴν
1948 5305 1956 5350 ι

1834 5301 1842 5332 ν
1948 5296 2055 5350 tius
2084 5309 2301 5356 vocare.
2339 5308 2500 5363 quam
2531 5292 2971 5361 imperatorem;
3012 5293 3104 5361 qui
3132 5306 3240 5345 non
3272 5300 3356 5345 est
3386 5306 3516 5347 cen-

278 5384 567 5439 εὐσὲδειαν
604 5383 845 5452 ἀκριϐῶς
874 5383 1020 5453 ἔχειν
1047 5380 1305 5452 παρῄνει,
1351 5383 1445 5433 καὶ
1479 5380 1648 5451 μηδεν
1708 5379 1735 5431 δ
1766 5380 1844 5447 μὴ
1951 5403 1960 5441 ς

1832 5396 1844 5447 l
1951 5387 2156 5443 seudus
2183 5386 2380 5441 beatus
2405 5394 2630 5455 propter
2656 5392 3002 5453 potestatem,
3034 5383 3139 5437 sed
3168 5388 3261 5453 qui
3321 5397 3514 5438 cense-

276 5479 432 5532 δοκεῖ
461 5481 528 5548 τῇ
558 5477 651 5531 τοῦ
698 5476 834 5531 Θεοῦ
872 5476 1169 5546 Ἐκκλησία
1208 5475 1342 5545 μηδὲ
1389 5474 1562 5544 βραχὺ
1614 5473 1851 5543 παραδέ-

1828 5502 1851 5513 -
1961 5479 2253 5545 turmiser
2319 5487 2371 5532 et
2406 5477 2533 5531 odio
2605 5475 2841 5529 habetur
2906 5484 3128 5544 propter
3200 5474 3510 5543 superbiam

274 5568 492 5638 χεσθαι.
526 5571 637 5622 Καὶ
666 5568 836 5621 ταῦτα
871 5568 970 5639 μὲν
994 5571 1021 5621 ό
1057 5570 1251 5637 μέγας.

1958 5574 2238 5629 Postremo
2279 5573 2603 5628 adhortatus
2648 5582 2752 5636 est.
2805 5580 2865 5627 ut
2890 5580 3142 5625 accurate
3198 5577 3410 5625 teneret
3452 5578 3506 5623 et

277 5669 605 5724 observaret
668 5677 732 5717 ea
794 5677 915 5732 qua:
961 5660 1325 5731 pertinentad
1379 5660 1658 5729 pietatem.
1720 5672 1773 5717 et
1820 5682 1885 5723 na
1917 5667 2184 5721 tantillum
2217 5665 2435 5736 quidem
2466 5665 2807 5729 admitteret,
2835 5663 2979 5736 quod
3034 5679 3144 5719 non
3178 5663 3269 5719 Dei
3319 5662 3523 5733 proba-

275 5774 432 5820 retur
458 5756 733 5815 Ecclesia.
792 5758 859 5813 Et
888 5757 1003 5814 haec
1034 5759 1254 5828 quidem
1306 5771 1551 5828 magnus.
