4260 6430
779 315 884 377 443

1995 301 2046 362 Μ
2061 297 2283 360 ENSIS
2327 294 2768 356 DECEMBEB.

3917 280 4023 343 444

849 421 1040 478 XXIII.
1079 423 1380 490 Imperator
1403 426 1585 472 autem
1616 416 1801 471 volens
1835 429 1961 469 eum
1993 410 2337 466 remunerari
2372 412 2416 465 Δ
2516 405 2531 456 1

2372 412 2416 465 Α
2516 404 2642 460 Kf".
2684 404 2745 457 Ὅ
2778 403 2835 456 δὲ
2874 399 3156 470 βασιλεὺς,
3217 397 3546 469 ἀμείϐεσθαι
3590 394 3782 449 τοῦτον
3805 394 3901 462 τῆς
3936 395 4024 446 θε-

781 527 1004 585 propter
1032 523 1309 582 acceptam
1339 510 1409 564 ab
1436 525 1503 564 eo
1537 510 1901 570 curationem,
1929 505 2095 560 dabat
2152 504 2204 557 ei
2234 503 2341 555 vim

781 607 900 662 auri
928 603 1403 659 innumerabilem.
1433 601 1528 654 Ille
1557 615 1687 654 vero
1714 599 1763 653 ei
1795 599 1935 652 dixit
1966 596 2147 665 lepide
2173 610 2186 648 :
2222 595 2343 648 Non

781 698 860 751 sic
897 693 1209 764 oportebat,
1248 709 1282 746 ο
1319 693 1638 760 imperator,
1675 689 1801 741 odio
1831 684 2168 742 remunerari
2203 683 2342 738 ami-

781 791 985 845 citiam.
1011 786 1139 852 Quae
1165 785 1311 838 enim
1338 800 1368 838 a
1402 799 1485 836 me
1519 790 1742 850 propter
1769 790 1820 834 te
1856 779 1995 834 facta
2027 785 2176 843 sunt,
2217 784 2346 830 sunt

782 895 973 936 revera
989 878 1245 938 amantis.
1269 875 1491 928 domum
1515 873 1845 941 relinquere.
1873 880 1928 924 et
1947 879 2156 925 tantum
2178 869 2346 924 maris

786 971 1185 1032 transmittere,
1225 975 1283 1022 et
1310 967 1510 1026 hiemis
1535 965 1678 1020 ἢθη-θ
1707 964 2106 1027 difﬁcultatem,
2137 971 2193 1017 et
2216 977 2348 1016 ven-

785 1069 967 1114 turum
1001 1061 1054 1113 in
1105 1073 1244 1127 aqua
1276 1057 1692 1117 immuu'tatem.
1733 1055 1838 1109 Pro
1877 1055 2074 1110 borum
2102 1067 2232 1121 ergo
2261 1068 2347 1106 re—

784 1152 1164 1205 muneratione
1201 1163 1396 1202 aurum
1426 1146 1714 1214 accipiam,
1735 1146 1881 1213 (μιοά
1905 1158 1991 1201 est
2013 1146 2193 1199 omnis
2220 1144 2348 1198 mali

781 1255 967 1299 causa.
997 1238 1242 1295 etlacile
1274 1237 1459 1306 perdit
1521 1237 1788 1306 quidquid
1817 1247 1900 1291 est
1921 1235 2173 1304 justum?
2199 1234 2349 1301 Quo-

783 1330 944 1383 modo
973 1344 1080 1382 non
1130 1326 1404 1396 meipsum
1434 1337 1626 1396 aperte
1655 1340 1995 1388 accusarem.
2044 1335 2101 1381 et
2125 1341 2350 1381 summae

782 1419 1098 1474 damnarent
1148 1417 1560 1488 improbitatis?
1609 1415 1735 1473 Hac
1782 1418 1875 1472 illo
1910 1419 2147 1479 dicente.
2195 1427 2252 1472 et
2290 1432 2351 1473 se

779 1511 918 1566 nihil
957 1518 1313 1579 accepturum
1363 1507 1688 1572 aﬂirmante,
1741 1507 2063 1569 violentius,
2113 1506 2353 1560 instabat

779 1603 1099 1672 imperator,
1133 1610 1192 1655 ut
1221 1602 1400 1666 daret,
1434 1600 1675 1656 dedecus
1707 1598 2115 1668 quodammodo
2158 1598 2351 1653 existi-

781 1707 957 1755 mans,
979 1701 1038 1745 ut
1061 1695 1156 1761 qui
1177 1689 1442 1745 beneﬁcio
1458 1697 1602 1744 esset
1624 1688 1872 1752 allectus,
1897 1689 2223 1742 beneﬁcium
2243 1703 2351 1742 non

2456 495 2692 564 ραπείας
2744 494 3093 567 βουλόμενοῖ,
3130 491 3337 560 χρυσοῦ
3364 508 3414 543 τι
3445 489 3638 562 χρῆμα
3689 485 3790 543 οὐκ
3839 486 4025 554 εὐαρί-

2452 588 2661 656 θμητον
2729 587 2997 650 ἐπεδίδου,
3066 584 3157 638 τὸν
3206 584 3265 637 δὲ
3304 582 3604 652 χαριέντως
3643 581 3824 632 εἰπεῖν
3891 578 4028 648 πρὸς

2454 679 2619 734 αὐτόν
2641 695 2653 708 ·
2701 678 2833 748 οὐχ’
2862 676 3036 740 οὕτως
3084 676 3214 740 ἔδει,
3252 667 3298 729 ὦ
3330 672 3574 744 βασιλεῦ,
3627 672 3776 742 μίσει
3805 671 3904 738 τὴν
3936 688 4026 737 φι-

2453 771 2580 823 λίαν
2606 768 2966 840 ἀμείϐεσθαιδ
3011 767 3048 822 ἃ.
3079 767 3178 838 μὲν
3203 767 3312 836 γὰρ
3342 765 3464 835 ἐμοὶ
3492 763 3804 835 πέπρακται
3826 763 3918 833 διά
3946 763 4032 826 σὲ,

2452 861 2732 930 φιλοῦντός
2765 864 2914 915 ἐστιν
2938 860 3182 930 ἀτεχνῶς
3201 901 3217 924 ,
3263 861 3327 911 τό
3357 876 3425 924 τε⁵
3475 859 3574 928 τὴν
3598 858 3778 910 οἰκίαν
3833 857 4028 909 ἀπολι-

2454 956 2598 1021 πεῖν,
2625 956 2718 1008 καὶ
2750 955 3007 1008 τοσοῦτον
3035 953 3364 1006 διαπλεῦσαι
3396 951 3633 1018 πέλαγος
3666 949 3942 1020 χειμῶνός
3966 966 4028 1001 τι

2452 1042 2775 1115 ὑπενεγκεῖν
2824 1047 3195 1117 χαλιπότητα,
3259 1046 3357 1098 καὶ
3417 1043 3636 1112 ἀνέμων
3707 1043 3767 1095 ὲν
3831 1040 4030 1094 ὕδασιν

2455 1141 2781 1208 ἀγριότητα.
2854 1137 3075 1192 Τούτων
3116 1131 3210 1190 οὖν
3271 1133 3382 1204 ιγὼ
3402 1133 3610 1205 οχρυσὺν
3643 1134 3725 1195 είς
3789 1131 4032 1201 ἀμοιϐὴν

2456 1231 2863 1302 παραδέξομαι,
2911 1230 3005 1284 τὸν
3050 1228 3226 1283 κακοῦ
3263 1227 3464 1290 παντὸς
3496 1227 3696 1290 αἴτιον,
3747 1225 3844 1278 καὶ
3880 1223 4033 1278 om.

2457 1320 2670 1376 δίκαιον
2721 1321 2966 1393 εὐχερῶς
2995 1321 3434 1391 ).υμαινόμινον;
3495 1317 3608 1371 Kal
3655 1316 3775 1379 πῶς
3805 1316 3906 1369 οὐκ
3948 1316 4023 1369 ἂν

2454 1413 2580 1483 ιῖην
2610 1410 2856 1482 ἐμαυτοῦ
2890 1411 3177 1482 προδήλως
3218 1408 3567 1481 κατηγορῶν,
3597 1409 3694 1462 καὶ
3718 1407 4037 1480 μοχθηρίαν

2460 1507 2610 1574 σαφῆ
2664 1503 3220 1574 κατάψηφιζόμενοῃ
3271 1501 3458 1556 Ταῦτα
3499 1501 3714 1555 ἑκείνου
3775 1501 4035 1568 λέγοντος

2458 1598 2557 1649 καὶ
2615 1596 2802 1650 λαϐεῖν
2856 1595 3012 1648 οὐδὲν
3067 1592 3497 1662 διατεινομένου,
3557 1593 3586 1644 ὁ
3639 1591 3895 1660 βασιλεὺς
3945 1589 4037 1643 ἔτι

2464 1690 2662 1758 μᾶλλον
2695 1689 2833 1758 πρὸς
2886 1690 2950 1740 τὸ
2991 1687 3174 1740 δοῦναι
3213 1685 3514 1740 καθίστατο
3552 1684 3876 1755 βιαιότερος,
3940 1683 4036 1736 al-

780 1792 1231 1838 remuneraretur
1260 1799 1274 1834 :
1331 1779 1426 1836 sed
1461 1780 1690 1848 expulso
1715 1779 1912 1834 morbo
1931 1780 2200 1848 corporis,
2235 1779 2351 1832 vin~
2390 1773 2431 1827 Β

2390 1773 2431 1827 Β
2469 1781 2673 1850 aliiqu
2702 1780 2895 1850 ὥσπερ
2927 1779 3236 1849 ἡγούμενος
3270 1779 3329 1831 τὸ
3363 1777 3423 1831 εὖ
3462 1777 3704 1830 παθόντα
3742 1775 3819 1846 μὴ
3861 1777 4037 1829 ἀντα-

780 1888 999 1929 cerctur
1036 1876 1092 1929 in
1136 1874 1305 1928 animi
1340 1873 1636 1942 probitate.
1685 1872 1954 1938 Quocirca
1990 1873 2164 1942 magis
2188 1872 2356 1926 insta-

780 1968 895 2023 bat.
927 1976 987 2020 ut
1017 1969 1265 2021 vinceret
1289 1968 1370 2020 sic
1396 1965 1625 2029 allectus
1647 1980 1796 2028 eum,
1821 1965 1913 2034 qui
1945 1965 2086 2017 vinci
2121 1979 2226 2018 non
2259 1978 2354 2033 po-

779 2067 944 2113 terat.
987 2057 1055 2112 Et
1097 2057 1390 2127 persuadet
1422 2056 1647 2127 quidem
1678 2056 1796 2120 tilli,
1838 2065 1897 2110 ut
1929 2055 2163 2124 accipiat
2191 2096 2206 2120 ,
2242 2071 2353 2110 non

776 2167 986 2218 autem,
1038 2164 1097 2208 ut
1140 2153 1285 2223 quod
1319 2153 1505 2206 datum
1559 2152 1738 2208 fuerat
1768 2152 1912 2222 apud
1948 2166 2073 2206 eum
2116 2161 2350 2206 maneat.

775 2247 920 2303 Cum
953 2249 1102 2302 enim
1137 2249 1320 2302 valere
1345 2246 1597 2314 iussisset
1625 2246 2038 2314 imperatorem,
2069 2244 2353 2300 dzstribuit

780 2340 962 2392 omnia
998 2340 1066 2393 iis
1096 2340 1187 2407 qui
1216 2348 1373 2392 erant
1401 2337 1453 2391 in
1487 2337 1635 2407 regia
1665 2354 1682 2391 :
1725 2338 1902 2404 reipsa
1937 2336 2167 2402 docens,
2198 2352 2343 2406 quo—

783 2430 947 2484 modo
975 2441 1224 2498 oporteat
1274 2444 1371 2484 eos
1402 2428 1628 2484 allectos
1672 2442 1792 2483 esse
1825 2429 1891 2482 ad
1938 2443 2070 2496 opes
2099 2437 2154 2482 et
2188 2443 2355 2496 pecu-

784 2521 926 2582 nias,
959 2519 1008 2572 εἰ
1037 2519 1204 2572 velint
1231 2531 1350 2570 esse
1381 2517 1561 2571 liberi.
1598 2515 1786 2587 Magna
1807 2516 1955 2568 enim
1987 2514 2054 2568 ad
2083 2529 2179 2568 eas
2216 2526 2353 2582 pro-

785 2611 1001 2681 pcnsio,
1045 2621 1104 2664 et
1151 2608 1319 2663 nimis
1357 2609 1562 2662 victum
1599 2622 1722 2664 esse
1773 2607 1844 2660 ab
1891 2621 2082 2660 earum
2138 2620 2354 2675 posses-

783 2705 961 2764 sione.
993 2702 1125 2772 quid
1148 2711 1235 2758 est.
1273 2711 1463 2771 aperte
1493 2701 1666 2764 aliud,
1699 2713 1862 2770 quam
1901 2699 2205 2754 voluntaria
2237 2713 2355 2754 ser-

783 2796 971 2850 vitusl
1002 2790 1114 2850 lloc
1144 2811 1270 2851 cum
1316 2794 1581 2848 audiisset
1619 2793 1938 2862 imperator,
1976 2792 2117 2847 dixit
2152 2807 2212 2847 se
2243 2807 2352 2844 non

784 2889 1018 2958 amplius
1047 2889 1252 2948 mirari.
1284 2889 1328 2940 si
1359 2888 1452 2940 hic
1479 2887 1580 2950 vir,
1607 2888 1701 2955 qui
1725 2886 1796 2940 ita
1825 2885 1979 2949 vivit,
2020 2894 2126 2938 tam
2160 2897 2353 2952 magna

782 2980 948 3034 faciat
979 2978 1256 3034 miracula.
1320 2977 1554 3032 Tantum
1589 2977 1770 3046 itaque
1828 2976 2069 3030 fructum
2108 2974 2356 3043 percepit

785 3069 1086 3158 imperator
1116 3082 1182 3120 ex
1215 3066 1400 3158 verbis
1426 3065 1734 3134 Spiridonis
1755 3104 1770 3128 ,
1805 3080 1980 3134 usque
2007 3065 2142 3117 adeo
2163 3072 2224 3118 et
2250 3063 2353 3158 beo
2378 3099 2422 3158 α

786 3157 1106 3226 nignitatem
1154 3156 1366 3224 aspexit
1415 3164 1472 3209 et
1518 3155 1936 3216 humanitatem,
1990 3163 2048 3206 ut
2094 3152 2353 3206 omnibus

787 3247 1011 3317 quidem
1067 3246 1376 3316 egentibus,
1430 3253 1485 3300 et
1538 3245 1740 3306 viduis,
1793 3255 1849 3298 et
1903 3244 2189 3312 orphanis,
2245 3242 2354 3295 illis

786 3338 1008 3407 quidem
1037 3337 1382 3400 viduitatem,
1413 3335 1497 3390 bis
1531 3350 1663 3388 vero
1705 3334 2020 3397 orbitatem,
2055 3334 2140 3386 his
2169 3341 2353 3386 autem

788 3429 954 3482 etiam
995 3427 1260 3496 inapiam,
1299 3441 1498 3496 magno
1520 3435 1576 3480 et
1604 3427 1819 3481 excelso
1853 3425 2038 3479 animo
2079 3435 2356 3480 recrearet

787 3528 842 3573 et
871 3526 1225 3572 sustentaret.
1263 3517 1435 3571 Porro
1471 3526 1657 3570 autem
1685 3515 1950 3569 omnibus
1983 3529 2204 3583 quoque
2262 3514 2354 3582 qui

789 3620 919 3665 sunt
969 3611 1201 3678 partium
1230 3608 1760 3673 ecclesiasticarum,
1813 3606 2219 3667 sacerdotibus,
2275 3606 2358 3658 in-

787 3717 974 3770 quam.
1013 3709 1069 3755 et
1113 3699 1382 3767 diac0nis,
1423 3700 1632 3768 primus
1662 3699 1783 3769 lege
1817 3697 2065 3751 decernit
2099 3696 2360 3751 immuni-

792 3805 954 3848 tatem
984 3813 997 3849 :
1023 3794 1324 3848 absurdum
1351 3807 1472 3848 esse
1512 3792 1792 3861 judicans,
1840 3805 1938 3844 eos
1959 3789 2053 3860 qui
2091 3788 2223 3859 Regi
2253 3789 2358 3841 im-

793 3887 1008 3940 mortali
1065 3885 1320 3938 attributi
1358 3891 1486 3937 sunt
1518 3883 1584 3937 ad
1623 3883 2013 3948 ministerium,
2065 3882 2178 3952 regi
2210 3897 2360 3935 mor-

795 3977 886 4030 tali
922 3977 1136 4030 solvere
1166 3974 1470 4044 vectigalia.
1515 3973 1584 4028 Et
1612 3974 1728 4028 haec
1749 3974 1977 4042 quidem
2004 3975 2078 4028 ita
2104 3989 2162 4029 se
2193 3975 2360 4030 habe-

796 4068 950 4122 bant.

2463 1871 2761 1942 μείψασθαι
2783 1873 2884 1940 τὴν
2919 1869 3267 1942 εὐεργεσίαν,
3295 1869 3432 1922 ἀλλά
3472 1869 3626 1921 νόσον
3687 1867 4040 1921 ἀποϐαλόντα

2461 1964 2732 2034 σώματος,
2767 1966 2848 2026 είς
2873 1962 3280 2031 καλοκαγαθίαν
3307 1961 3486 2030 ψυχῆς
3515 1961 3836 2030 ἡττηθῆναι.
3866 1960 4040 2012 Ὅθεν

2459 2058 2552 2109 καὶ
2579 2056 2783 2126 μᾶλλον
2814 2055 3141 2125 προσέκειτο
3164 2055 3384 2124 νικῆσαί
3417 2073 3531 2117 πως
3561 2053 3702 2106 οὕτω
3724 2053 3897 2107 δοκῶν
3935 2053 4039 2105 τὸν

2457 2149 2749 2218 ἀήττητον.
2805 2150 2916 2202 Καὶ
2947 2147 3130 2200 πείθει
3188 2146 3287 2216 μὲν
3329 2147 3539 2198 ἐκεῖνον
3563 2144 3768 2207 λαϐεῖν,
3823 2146 3884 2196 οὐ
3921 2143 4040 2214 μὴν

2455 2240 2599 2294 ὥστε
2657 2240 2749 2293 καὶ
2799 2241 2982 2309 μεῖναι
3019 2238 3152 2307 παρ’
3184 2236 3333 2308 αὐτῷ
3362 2237 3424 2291 τὸ
3465 2235 3641 2290 δοθέν.
3683 2237 3769 2300 Ὠς
3801 2237 3911 2308 γὰρ
3952 2238 4042 2307 τῷ

2465 2332 2680 2404 βασιλεῖ
2739 2333 3147 2402 συνταξάμενος
3208 2329 3459 2401 ἐπανῄει,
3520 2331 3674 2384 ἅπαν
3721 2330 3856 2384 αὐτὸ
3914 2332 4042 2391 τοῖς

2459 2424 2589 2493 περὶ
2615 2425 2685 2477 τά
2718 2423 2971 2493 βασίλεια
3026 2423 3302 2492 διανέμει,
3341 2421 3492 2494 ἔργῳ
3527 2421 3815 2486 διδάσκων,
3880 2422 4042 2482 ὅπως

2462 2517 2573 2588 κρῆ
2631 2518 2731 2569 καὶ
2780 2519 2976 2580 αὐτοὺς
3033 2517 3172 2583 πρὸς
3229 2515 3468 2569 πλοῦτον
3491 2517 3586 2569 καὶ
3617 2515 3878 2586 χρήματα
3911 2514 4044 2566 δια-

2457 2611 2697 2671 κεῖσθαι.
2749 2609 2916 2678 εἴπερ
2983 2608 3088 2676 ἄρα
3127 2608 3187 2660 τὸ
3247 2607 3569 2677 ιλευθὲρους
3633 2607 3829 2668 αὐτοὺς
3888 2599 4045 2658 εἶναι

2460 2699 2814 2770 βουλομένοις
2837 2698 3013 2753 ἐστίν.
3060 2698 3127 2751 Ἡ
3153 2697 3264 2768 γὰρ
3297 2697 3470 2768 πολλὴ
3511 2698 3649 2768 πρὸς
3682 2698 3858 2752 ταῦτα
3889 2700 4048 2768 ῥοπὴ

2459 2791 2552 2844 καὶ
2587 2789 2650 2843 τὸ
2676 2789 2797 2843 λίαν
2822 2789 3093 2860 ἡττᾶσθαι
3123 2789 3222 2858 τῆς
3259 2789 3438 2842 αὐτῶν
3478 2792 3723 2860 κτήσεως
3747 2829 3764 2852 ,
3807 2790 3860 2842 τί
3916 2791 4046 2842 ἕτε-

2462 2899 2557 2951 ρον
2588 2881 2620 2952 ἢ
2652 2882 2829 2952 σαφὴς
2886 2882 3262 2948 ὲθολοδουλίας
3316 2882 3490 2934 Τοῦτο
3539 2882 3634 2935 καὶ
3686 2881 4050 2951 τὸνβασιλέα

2463 2972 2713 3046 μαθόντα
2745 2973 2946 3046 μηκέτι
2995 2974 3293 3044 θαυμάζειν
3316 2975 3513 3038 ιὶπείν,
3545 2975 3596 3025 εἰ
3649 2972 3786 3042 ἀνὴρ
3847 2968 4040 3036 οὗτος,

2459 3066 2604 3120 οὕτω
2639 3067 2814 3137 βιοὺς,
2846 3071 2938 3120 καὶ
2975 3067 3272 3136 θαυμάτων
3311 3065 3456 3119 οὕτω
3489 3065 3739 3135 μεγάλων
3795 3066 4046 3135 αὐτουρο

2454 3162 2548 3227 γδς
2573 3159 2873 3217 δείκνυται.
2914 3160 3186 3212 Τοσοῦτον
3229 3155 3324 3212 οὖν
3371 3159 3631 3212 ἀπώνατο
3677 3158 3789 3210 τῶν
3815 3158 4041 3227 Σπορί-

2454 3252 2620 3314 δωνος
2649 3251 2822 3318 λόγων
2867 3251 2895 3302 ό
2932 3249 3221 3319 βασιλεύς,
3288 3237 3566 3318 καὶπρὸς
3616 3248 4046 3317 φιλανθρωπίαν

2456 3341 2656 3410 ἔϐλεψε
2684 3342 2780 3395 καὶ
2810 3341 3187 3411 χρηστότητα,
3239 3338 3382 3392 ὥστε
3421 3338 3700 3409 δεομένοις
3734 3340 3889 3401 πᾶσι,
3937 3343 4049 3393 καὶ

2456 3435 2676 3501 χήραις,
2713 3435 2808 3487 καὶ
2839 3433 3120 3500 όρςρανοῖς,
3146 3433 3267 3494 ταῖς
3300 3432 3400 3499 μὲν
3426 3431 3523 3501 τὴν
3545 3432 3793 3500 χηρείαν,
3823 3433 3936 3493 τοῖς
3981 3433 4046 3486 δὲ

2461 3524 2558 3593 τὴν
2589 3523 2881 3591 ὀρφανίαν,
2908 3525 3019 3586 τοῖς
3041 3523 3096 3574 δὲ
3134 3521 3229 3574 καὶ
3279 3520 3378 3591 τὴν
3403 3521 3662 3590 ἀπορίαν,
3719 3522 4050 3590 μεγαλοψύο

2473 3632 2584 3684 χως
2616 3615 3143 3685 παραμυθήσασθαι.
3173 3614 3284 3667 Καὶ
3309 3616 3442 3666 πᾶσι
3483 3613 3539 3666 δὲ
3565 3615 3680 3675 τοῖς
3708 3613 3807 3682 τῆς
3839 3615 4051 3683 ἐκκληο

2461 3707 2749 3774 σιαστιχῆς
2780 3705 3015 3776 μερίδος,
3043 3704 3248 3775 ἱερεῦσί
3281 3721 3342 3756 τε
3365 3705 3461 3757 καὶ
3496 3706 3621 3758 ὅσον
3651 3705 3710 3756 ὲν
3739 3704 4050 3771 διακόνοις,

2464 3797 2676 3866 πρῶτος
2707 3793 2865 3858 οὗτος
2894 3796 3178 3865 νομοθετεῖ
3202 3795 3302 3865 τὴν
3334 3795 3606 3861 ἀτίλειαν,
3662 3794 3862 3847 ἄτοπον
3893 3791 4053 3849 sint

2463 3888 2654 3957 κρίνας
2697 3888 2823 3950 τοὺς
2853 3888 3106 3958 ἀθανάτῳ
3147 3888 3365 3941 Βασιλεῖ
3403 3887 3538 3957 πρὸς
3582 3889 3889 3957 ὑπηρεσίαν
3942 3905 4049 3940 κε-

2462 3978 2849 4049 κληρωμένους
2880 3979 3081 4050 θνητῷ,
3115 3979 3312 4048 φόρους
3337 3979 3710 4033 κατατιθέναι.
3729 3978 3839 4033 Kal
3860 3980 4054 4033 ταῦτα

2467 4072 2564 4141 μὲν
2597 4071 2770 4133 οὕτως
2802 4071 2985 4141 ἔσχεν.

861 4158 1048 4214 XXIV.
1093 4156 1220 4212 Vult
1266 4167 1450 4212 autem
1476 4157 1655 4212 oratio
1700 4159 1868 4212 etiam
1905 4157 2140 4212 aliorum
2173 4160 2363 4214 memi-
2537 4164 2543 4216 l

2537 4160 2665 4216 ΚΝ.
2703 4162 2760 4215 '0
2790 4164 2848 4216 δὲ
2881 4163 3037 4230 λόγος
3067 4161 3316 4243 βοόλεται
3345 4167 3442 4218 καὶ
3471 4165 3648 4219 ἀλλων
3686 4165 4055 4235 ἐπιμνησθῆ-

796 4251 946 4305 nisse
983 4250 1394 4313 miraculorum,
1420 4265 1540 4318 quae
1569 4258 1697 4304 sunt
1730 4257 1918 4302 ornata
1946 4250 2067 4304 Iazto
2095 4250 2228 4303 [lore
2247 4267 2364 4320 gra-
2467 4271 2478 4304 η

2467 4271 2552 4306 ναι
2578 4253 2901 4320 θαυμάτων,
2931 4254 3142 4324 φαιδρῷ
3165 4254 3243 4324 τῷ
3262 4253 3371 4309 τῶν
3397 4256 3638 4326 χαρίτων
3676 4256 3831 4310 ἄνθει
3874 4275 4058 4310 nexo-

791 4341 2361 4411 tiarum,etcumutilitatemagnamspirantjucunditatem.
2469 4369 2473 4391 ι

2469 4345 2789 4416 σμημένων,
2828 4345 2922 4397 καὶ
2957 4346 3156 4414 πολλῆς
3190 4349 3467 4402 πνεόντων
3504 4349 3644 4418 μετὰ
3683 4349 3777 4402 τοῦ
3831 4347 4054 4414 ὠφελί-

793 4435 835 4486 E
877 4433 1019 4502 regia
1048 4443 1268 4486 sanctus
1289 4432 1596 4501 egrediens,
1617 4432 1853 4500 hospitio
1875 4432 2149 4500 excipitur
2171 4449 2200 4486 a
2224 4449 2360 4502 quo-
2387 4439 2439 4498 ι)
2473 4487 2475 4500 4

2387 4439 2439 4498 ι)
2473 4454 2577 4505 μου
2613 4437 2706 4488 καὶ
2733 4437 2948 4506 ἡδονῆς.
2989 4437 3178 4501 Ἐξιὼν
3196 4439 3304 4510 γὰρ
3331 4438 3438 4492 τῶν
3473 4439 3764 4511 βασιλείων
3795 4441 3824 4490 ὁ
3858 4440 4056 4507 ἀγιος,

789 4525 916 4578 dam
948 4524 1150 4580 Christi
1180 4534 1419 4578 amante.
1450 4524 1528 4576 Ad
1557 4538 1684 4577 eum
1709 4536 1892 4578 autem
1923 4525 2134 4580 accedit
2161 4525 2360 4580 mulier
2467 4533 2471 4577 i

2467 4528 2809 4594 ἐπιξενοῦται
2843 4528 2951 4580 τῶν
2984 4529 3345 4598 φιλοχρίστων
3383 4533 3508 4591 τινὶ.
3548 4533 3799 4600 πρόσεισι
3836 4533 3894 4585 δὲ
3940 4538 4054 4587 αἰ-

797 4617 1047 4680 barbara,
1103 4627 1157 4670 et
1206 4618 1404 4686 lingua:
1458 4617 1657 4671 Graecae
1709 4619 1982 4687 imperita,
2027 4633 2149 4687 qua:
2199 4634 2358 4672 suum
2461 4636 2479 4670 σι

2461 4618 2541 4688 τῷ
2569 4620 2705 4689 γυνὴ
2733 4619 3028 4687 βάρϐαρος,
3055 4622 3148 4674 καὶ
3173 4621 3421 4691 γλώσσης
3437 4623 3756 4694 Ἑλληνικῆς
3785 4627 4054 4696 ἀμαθὴς,

796 4708 968 4761 lilium
1019 4718 1293 4761 mortuum
1345 4708 1527 4762 ferens
1555 4709 1610 4762 in
1646 4710 1921 4773 manibus,
1975 4725 2099 4763 eum
2135 4710 2362 4778 deponit
2462 4715 2478 4764 1

2462 4713 2497 4781 ἢ
2522 4715 2614 4766 καὶ
2641 4712 2834 4782 νεκρὸν
2869 4714 3072 4784 ἑαυτῆς
3119 4715 3180 4768 τὸ
3209 4714 3421 4768 παιδίον
3453 4717 3510 4767 ἐν
3544 4716 3737 4786 χερσὶν
3765 4718 4057 4789 φέρουσα,

790 4798 865 4850 ad
913 4800 1087 4853 sancti
1139 4799 1341 4866 pedes;
1387 4799 1522 4868 quin
1571 4799 1734 4852 etiam
1786 4800 1900 4866 ipsa
1937 4815 2156 4869 quoque
2191 4816 2360 4869 prona
2463 4820 2472 4835 ι

2463 4805 2575 4864 τοῖς
2605 4803 2732 4854 ποσὶ
2760 4802 2920 4856 τοῦτο
2954 4804 3292 4874 παρατίθησι
3324 4805 3416 4858 τοῦ
3447 4806 3603 4872 ἁγίου
3630 4820 3645 4836 ⁸
3694 4811 3789 4859 καὶ
3813 4811 3968 4880 αὐτὴ
3997 4813 4061 4864 δὲ

797 4889 1015 4953 cecidit,
1049 4888 1256 4943 deﬂens
1300 4889 1712 4952 miserabiliter,
1766 4898 1822 4943 et
1873 4890 1941 4944 iis
1989 4892 2235 4961 quidem,
2267 4891 2361 4960 qui
2467 4897 2479 4949 ἓ

2467 4896 2585 4965 ἅμα
2616 4896 3156 4967 προσκατεϐάλὶατο,
3191 4901 3411 4970 οἰκτρόν
3457 4917 3508 4952 τι
3542 4904 3635 4953 καὶ
3661 4901 3858 4972 γοερὸν
3911 4907 4063 4958 ἀνα-

796 4980 1045 5041 adcraut,
1103 4995 1165 5032 ea
1221 4978 1432 5041 dicens,
1489 4995 1610 5048 quae
1659 4995 1766 5032 non
1819 4991 2068 5048 poterant
2137 4981 2361 5048 intelligi
2468 5005 2478 5039 :

2468 4988 2752 5052 κλαίουσα,
2781 4991 2872 5043 καὶ
2939 4989 3179 5044 ἀσύνετα
3234 4991 3332 5059 μὲν
3365 4994 3478 5056 τοῖς
3521 4994 3780 5062 παροῦσι,
3821 4994 3917 5047 διὰ
3995 4999 4061 5052 τὸ

801 5080 1026 5140 propter
1051 5069 1382 5132 barbariem,
1428 5071 1566 5131 solis
1607 5070 1938 5138 loquebatur
1982 5072 2257 5143 lacrymis,
2291 5073 2364 5124 εἰ-
2467 5077 2483 5146 ε

2467 5077 2744 5147 βάρϐαρον
2769 5079 3024 5146 λέγουσα,
3059 5082 3242 5150 μόνοις
3272 5081 3328 5134 δὲ
3356 5085 3472 5144 τοῖς
3501 5082 3736 5149 δάκρυσι
3787 5084 4056 5154 φθεγγο-

798 5162 1066 5228 gnilicans
1097 5177 1154 5216 se
1197 5161 1324 5216 ﬂere
1358 5172 1585 5232 propter
1617 5163 1813 5226 ﬁlium,
1861 5172 1916 5216 et
1945 5175 2133 5233 petere
2163 5180 2192 5217 a
2227 5180 2363 5234 pon-
2471 5189 2480 5238 ι

2471 5171 2604 5238 μένη
2663 5174 2758 5222 καὶ
2789 5173 2872 5224 ὅτι
2899 5169 2993 5223 τοῦ
3020 5172 3210 5236 παιδὸς
3274 5173 3436 5242 χάριν
3473 5175 3502 5226 ό
3556 5174 3774 5244 θρῆνος,
3811 5177 4062 5247 ἔνδηλον

801 5253 972 5314 Hice,
1001 5263 1060 5307 ut
1101 5269 1226 5307 eum
1274 5256 1585 5308 suscitaret.
1628 5254 1724 5307 His
1775 5254 2044 5324 frangitur
2077 5255 2161 5307 vir
2195 5255 2362 5308 animi
2467 5279 2483 5312 ι

2467 5261 2809 5326 καθιστῶσα,
2838 5263 2932 5314 καὶ
2959 5263 3035 5326 ὡς
3064 5264 3300 5317 αίτεϊται
3325 5263 3390 5331 δὴ
3421 5265 3571 5333 παρὰ
3600 5266 3695 5317 τοῦ
3727 5269 4065 5337 ἀρχιερέως

802 5346 1197 5408 misericordis,
1231 5355 1286 5399 et
1317 5345 1530 5399 duabus
1573 5345 1757 5410 rebus,
1807 5346 2178 5401 moderatione
2211 5347 2364 5401 scili-
2468 5366 2484 5399 ἰ

2468 5348 2565 5418 τὴν
2602 5350 2926 5407 ἀναϐίωσιν.
2968 5351 3294 5405 Ἐπικλᾶται
3323 5353 3546 5416 τούτοις
3580 5355 3608 5406 ό
3646 5355 4070 5422 συμπαθέστα-

806 5446 912 5499 cet.
940 5447 992 5491 et
1016 5437 1486 5492 commiseratione
1514 5438 1760 5491 mulieris
1778 5438 2117 5492 disuahitur.
2140 5439 2369 5505 Quando
2468 5459 2488 5493 1

2468 5459 2560 5504 τος
2590 5443 2686 5512 τὴν
2713 5443 2915 5513 ψυχὴν,
2975 5444 3067 5496 καὶ
3109 5446 3308 5508 διττοίς
3356 5448 3666 5515 πράγμασι,
3719 5451 4070 5522 μετριότητι

807 5532 955 5587 enim
985 5532 1054 5586 ad
1101 5533 1220 5601 ejus
1259 5531 1506 5586 dolorem
1535 5541 1590 5585 et
1617 5531 1884 5585 viscerum
1929 5531 2176 5585 ardorem
2226 5532 2367 5600 aspi-
2473 5550 2489 5598 ι

2473 5533 2825 5601 φρονήματος
2855 5535 3056 5604 δηλαδὴ
3089 5538 3180 5588 καὶ
3206 5539 3270 5605 τῇ
3301 5538 3439 5606 πρὸς
3463 5538 3561 5606 τὴν
3599 5541 3833 5604 γυναῖκα
3905 5559 4069 5612 συμ-

810 5623 1010 5688 cicbat,
1045 5623 1457 5694 aggrediebatur
1489 5623 1838 5686 miraculum,
1870 5632 1925 5676 et
1950 5622 2278 5676 incitabatur
2301 5622 2367 5675 ad
2474 5638 2492 5671 τ

2474 5621 2694 5692 παθείᾳ,
2728 5625 3030 5692 μερίζεται.
3061 5626 3189 5677 Ὅτε
3235 5626 3478 5697 μδν.γὰρ
3533 5628 3592 5680 τὸ
3641 5630 3814 5690 πάθος
3845 5633 4068 5704 αὐτῆς,

809 5716 1077 5772 orandum
1100 5717 1295 5783 Deum,
1340 5725 1396 5773 ut
1422 5732 1559 5786 pucr
1586 5714 1960 5771 revivisceret.
1986 5714 2213 5780 Quando
2240 5731 2368 5771 vero
2473 5733 2491 5768 ›

2473 5714 2568 5768 καὶ
2616 5717 2707 5768 τὸν
2761 5715 2868 5769 τῶν
2902 5716 3223 5786 σπλάγχνων
3280 5719 3612 5785 ἐμπρησμὸν
3667 5720 3935 5783 ἒϐἓεᾷεν,
3970 5730 4068 5778 ἐκ·
