4260 6430
236 387 346 450 MS

1463 388 1638 451 VlTA
1679 392 1739 450 S.
1784 392 2168 457 SPYRIDON
2185 398 2272 459 lS.

3396 403 3504 468 “6

232 503 439 572 εχείρει
488 500 567 571 τῷ
620 500 893 573 θαύματι,
926 504 1021 557 καὶ
1050 506 1227 575 ὁρμῆς
1275 506 1502 587 ἥπτετο,
1557 509 1813 579 δεηθῆναι
1847 513 1891 569 Α

1847 513 2116 569 Arursus
2172 512 2491 567 intuebatur
2559 515 2627 568 ad
2690 514 3122 583 magnitudinem
3181 518 3501 586 petitionis.

232 591 374 644 Θεοῦ
408 593 545 663 πρὸς
589 594 691 665 τὴν
716 594 813 647 τοῦ
839 595 1032 659 παιδὸς
1064 595 1365 652 ἀναϐίωσιν
1387 615 1401 630 ·
1432 599 1595 669 ἡνίκα
1621 600 1676 653 δὲ
1710 602 1818 656 πά-

232 686 317 735 λιν
349 684 483 755 πρὸς
511 684 572 737 τὸ
605 685 835 755 μέγεθος
864 687 1053 741 ἀπεῖδε
1084 689 1183 759 τῆς
1222 690 1525 755 ἀξιώσεως,
1582 692 1811 761 μέτριος

231 776 311 829 ῶν
347 780 408 829 τὸ
435 778 717 848 φρόνημα,
754 778 849 833 καί
891 779 993 851 τὴν
1018 781 1253 851 καρδίαν
1282 784 1380 854 οὐχ
1410 783 1613 853 ἥκιστα
1646 784 1811 837 εὐλα-
1868 792 1872 795 ⁷

234 869 361 939 ϐὴς,
414 871 694 942 ὑπεχώρει
742 873 840 925 καὶ
866 873 1216 939 ἀνεϐάλλετο,
1279 878 1372 929 καὶ
1409 877 1601 943 ίταμδν
1632 877 1817 947 ἔκρινε

230 963 293 1014 το
345 963 675 1033 ἐγχείρημα.
727 962 829 1017 Διά
891 981 976 1017 τοι
1006 964 1182 1030 τοῦτο,
1214 964 1522 1035 σύμϐουλον
1550 967 1647 1020 ἕνα
1707 968 1816 1021 τῶν

236 1056 362 1124 μεθ’
418 1056 618 1111 ἑαυτοῦ
685 1056 1147 1128 συμπαραλαϐεϊν
1190 1059 1354 1128 ἔγνω.
1414 1061 1816 1133 ’Λρτεμίδωρος

230 1143 391 1212 οὗτος
439 1145 529 1221 ἦν,
582 1152 639 1203 ὲν
680 1152 954 1216 διακόνοις
982 1154 1108 1224 ἄρτι
1139 1155 1333 1218 τελῶν,
1370 1156 1532 1225 ἀνὴρ,
1563 1150 1608 1223 ᾦ
1638 1157 1815 1210 πάντα

180 1304 185 1307 ι
240 1242 346 1309 μὲν
375 1242 681 1309 φιλοπόνως
710 1243 777 1297 τὰ
805 1245 904 1314 τῆς
936 1246 1138 1316 ἀρετῆς
1165 1247 1392 1317 ἤσκητο,
1433 1247 1490 1299 ἓν
1518 1248 1572 1301 δέ
1596 1266 1646 1301 τι
1678 1251 1815 1316 πρὸς

232 1333 416 1394 πάσας
443 1333 592 1401 αὐτῷ
617 1334 921 1404 καθαπερεί
975 1353 1028 1389 τι
1079 1336 1277 1407 χρῶμα
1315 1339 1493 1391 κοινὸν
1526 1339 1811 1409 ἐκέκρατο,

230 1423 295 1475 τὸ
333 1424 524 1492 μηδενὶ
566 1424 725 1495 δῆλον
785 1426 1056 1497 μηδαμῶς
1111 1429 1486 1498 κατορθοῦντα
1538 1432 1812 1499 γίνεσθαι.

231 1519 438 1570 Τοῦτον
464 1515 561 1573 οῦν
586 1519 613 1571 ὁ
647 1520 795 1583 ὅσιος
822 1520 986 1591 ἤρετο
1016 1523 1150 1592 περὶ
1173 1521 1270 1574 τοῦ
1322 1523 1377 1575 τί
1425 1524 1626 1594 δήποτε
1656 1545 1818 1597 ποιη-

229 1610 358 1664 τέον
391 1611 597 1675 αὐτοῖς.
635 1613 746 1665 Καὶ
800 1612 858 1675 ὃς
913 1614 1052 1682 πρὸς
1090 1615 1275 1679 αὑτὸν,
1322 1615 1351 1667 ὃ
1405 1616 1661 1671 κάκεῖνον
1709 1618 1814 1672 ἔδει

232 1706 454 1767 πάντως
491 1707 666 1758 είπεῖν
689 1747 702 1769 ,
730 1705 826 1759 καὶ
859 1705 1048 1760 τοῦτον
1080 1708 1335 1775 ἀκοῦσαι,
1358 1709 1423 1761 Τί
1456 1710 1587 1780 γὰρ,
1623 1713 1814 1781 φησὶν,

1921 616 2047 658 cum
2090 613 2237 659 esset
2269 605 2551 659 modestus
2583 620 2647 662 ac
2680 608 3021 673 moderatus,
3058 612 3335 678 cordeque
3383 611 3505 680 pius

1919 706 1977 751 et
2010 705 2229 762 cautus,
2258 698 2490 753 cedebat
2535 706 2591 751 et
2623 699 2937 762 diﬂ‘erebat,
2966 710 3021 754 et
3053 716 3173 755 esse
3222 702 3505 771 judicabat

1921 799 2180 844 conatum
2230 788 2633 859 impudentem.
2670 791 2942 857 Quocirca
2995 796 3186 847 statuit
3239 793 3505 847 adhibere

1920 883 1975 936 in
2013 883 2305 937 consilium
2345 900 2512 937 unum
2541 899 2606 938 ex
2641 884 2728 948 iis,
2762 885 2855 954 qui
2894 896 3052 939 erant
3095 901 3302 940 secum.
3336 886 3386 939 Is
3410 902 3507 940 au-

1924 984 2030 1029 tem
2076 983 2196 1030 erat
2248 975 2652 1040 Artemidorus,
2685 978 2778 1045 qui
2809 978 2919 1047 jam
2952 987 3068 1031 erat
3098 978 3382 1042 diaconus,
3420 977 3503 1031 vir

1919 1065 2013 1135 qui
2046 1066 2229 1119 omnia
2258 1064 2480 1135 quidem
2515 1066 2807 1136 diligenter
2854 1076 3199 1130 exercuerat,
3228 1081 3347 1136 qua:
3378 1083 3501 1136 per—

1922 1156 2097 1209 tinent
2142 1156 2208 1210 ad
2258 1156 2539 1211 virtutem.
2591 1155 2748 1211 Unus
2786 1172 2917 1212 vero
2970 1157 3137 1211 veluti
3190 1158 3500 1212 communis

1918 1247 2143 1317 quidam
2172 1248 2322 1301 color
2344 1257 2463 1301 erat
2490 1258 2933 1317 contemperatus
2959 1248 3239 1313 omnibus,
3265 1258 3322 1301 ut
3352 1258 3499 1301 recte

1920 1354 2137 1409 gerens,
2189 1340 2325 1392 nulli
2356 1348 2501 1393 esset
2552 1340 2777 1393 omnino
2824 1339 3166 1393 manifestus.
3200 1340 3335 1393 Eum
3372 1354 3503 1407 ergo

1920 1432 2129 1499 rogavit
2159 1441 2402 1493 sanctus,
2438 1430 2569 1498 quid
2612 1432 2690 1484 eis
2729 1444 2874 1485 esset
2910 1430 3247 1485 faciendum.
3290 1431 3381 1485 llle
3403 1446 3503 1484 au-

1922 1529 2029 1574 tem
2066 1520 2227 1583 dixit,
2263 1523 2409 1590 quod
2462 1523 2615 1576 illum
2646 1522 2872 1575 omnino
2899 1522 3186 1591 oportebat
3219 1523 3421 1585 dicere,
3449 1531 3504 1574 et

1922 1612 2068 1666 hunc
2098 1612 2287 1665 audire
2315 1628 2327 1663 :
2363 1612 2503 1678 Quid
2539 1613 2710 1675 enim,
2743 1628 2774 1666 ο
2810 1614 3000 1676 Pater,
3036 1613 3238 1682 inquit,
3267 1613 3503 1665 interro-

1918 1706 2094 1775 gasti?
2142 1705 2281 1771 Quid
2334 1714 2417 1759 est
2463 1712 2646 1759 autem
2695 1705 2841 1758 aliud
2895 1706 3229 1769 faciendum,
3295 1715 3351 1757 et
3406 1705 3499 1758 tibi

229 1782 276 1851 ὦ
309 1798 514 1868 Πάτερ,
544 1800 639 1851 καὶ
667 1798 822 1878 ῆρου.
845 1800 980 1854 Τίδὲ
1005 1800 1132 1856 ἀλλο
1164 1802 1419 1870 ποιητέον
1448 1804 1544 1857 καί
1580 1803 1814 1873 μάλιστα
1853 1862 1887 1878 ἢ

1853 1862 1887 1878 ἢ
1921 1800 2176 1864 maxime,
2204 1800 2306 1852 nisi
2334 1798 2585 1853 Christus
2610 1799 2733 1853 vita:
2758 1798 2916 1852 dator
2950 1799 3307 1862 invocandus,
3336 1814 3498 1866 quem

232 1891 316 1941 σοὶ
348 1888 380 1958 ἢ
413 1890 506 1941 τὸν
533 1890 802 1960 ζωοδότην
842 1891 1172 1961 ἑπικλητέον
1203 1894 1461 1962 Χριστὸν,
1487 1895 1543 1957 ὃς
1579 1896 1679 1965 ήδη
1721 1897 1815 1948 καὶ
1852 1888 1888 1915 ⁸³

1852 1888 1888 1915 ⁸³
1917 1889 2026 1957 jam
2062 1888 2115 1941 in
2150 1889 2335 1942 multis
2359 1888 2461 1942 fuit
2483 1889 2709 1944 evidens
2741 1898 2862 1942 tuas
2890 1890 3153 1942 exaudire
3182 1888 3501 1941 orationes?

233 1982 299 2032 ἑκ
330 1980 545 2032 πολλῶν
574 1980 732 2046 δῆλος
764 1982 956 2050 γέγονε
987 1984 1097 2037 τῶν
1158 1985 1269 2039 σῶν
1327 1987 1551 2041 ἀκούειν
1611 1987 1812 2056 εὐχῶν,

229 2070 410 2134 ἄλλως
442 2088 501 2124 τε
537 2070 594 2124 δὲ
640 2074 736 2125 καὶ
795 2074 843 2126 εί
905 2073 1159 2144 βασιλεὺς
1211 2075 1299 2131 διὰ
1359 2075 1454 2130 σοῦ
1516 2078 1812 2146 σέσωσται,

229 2165 469 2235 πένητες
500 2166 672 2234 δήπου
706 2166 799 2219 καὶ
829 2166 1007 2232 ἄδοξοι
1066 2169 1369 2239 παροπτέοι
1421 2170 1810 2240 κριθήσονταις

300 2256 433 2311 KE'.
460 2258 720 2311 Πείθεται
742 2261 805 2329 τῇ
833 2260 1095 2331 καλλίστῃ
1125 2260 1406 2333 συμϐουλῇ
1441 2264 1467 2316 ό
1491 2264 1808 2334 ἀρχιερεὺς,

229 2353 326 2405 καί
360 2351 527 2421 οῐκτῳ
552 2353 976 2423 διαθερμανθεὶς
1003 2358 1103 2424 τὴν
1135 2354 1387 2423 καρίίαν,
1424 2356 1716 2419 ὑπόπλεώς
1750 2375 1809 2410 τε

228 2446 358 2507 τοὺς
396 2445 714 2516 ὀφθαλμοὺς
768 2447 1021 2517 δακρύων
1081 2450 1398 2518 γενόμενος,
1436 2450 1645 2513 κλιθεὶς
1700 2454 1812 2516 τοῖς

230 2541 457 2605 γόνασιν
504 2540 600 2591 ἔτι).
634 2544 759 2609 γῆν,
798 2543 889 2593 καί
933 2541 1199 2610 δάκρυσιν
1229 2581 1244 2607 ,
1285 2542 1459 2612 αὐτὴν
1493 2543 1810 2613 διαϐρέξας,

231 2631 332 2700 βοᾷ
364 2632 504 2685 πάνυ
538 2632 744 2701 θερμόν
771 2650 824 2685 τι
856 2634 951 2685 καὶ
975 2634 1266 2699 πεπονθὸς,
1299 2637 1398 2689 καί
1423 2638 1667 2706 Χριστοῦ
1698 2642 1810 2694 δεῖ·

229 2741 321 2777 ται
342 2724 747 2795 φιλανθρώπως
774 2726 866 2779 τοῦ
888 2726 1119 2793 ἀγαθοῦ,
1143 2729 1209 2798 τῇ
1234 2727 1568 2800 ταλαιπώρῳ
1592 2734 1811 2800 γυναικὶ

228 2819 321 2871 τὸν
350 2819 516 2871 παῖδα
549 2818 793 2886 ζωῶσαι,
832 2822 925 2874 καὶ
958 2822 1174 2893 μητέρα
1202 2821 1373 2886 δεῖξαι
1403 2826 1542 2878 κατᾶ
1570 2826 1629 2878 τὸ
1666 2828 1812 2897 ίερὸν

228 2910 435 2978 λόγιον,
476 2912 569 2963 ἐπὶ
633 2913 801 2965 τέκνα
852 2915 1317 2987 εὐφραινομένην.
1359 2921 1423 2974 '0
1492 2921 1675 2973 τοίνυν
1741 2921 1808 2975 δι’

238 3004 549 3060 Ἐλισσαίου
575 3009 667 3060 καὶ
712 3008 893 3062 Ἠλιοῦ
933 3009 1011 3081 τῷ
1053 3012 1150 3081 τῆς
1177 3015 1493 3084 Σαραφθίας
1523 3020 1675 3070 παιδὶ
1713 3019 1808 3071 καί

222 3099 331 3167 τῆς
381 3100 746 3169 Σωμανίτιδος
777 3103 947 3174 πνοὴν
978 3104 1154 3168 ἐνθείς
1221 3109 1313 3160 καί
1337 3108 1396 3160 τὸ
1419 3110 1521 3179 ζῇν
1579 3114 1810 3181 χαρισά-

229 3211 419 3264 μενος,
465 3195 626 3257 αὐτὸς
678 3197 841 3251 πάλιν
894 3198 989 3251 καὶ
1022 3199 1369 3268 Στιυρίδωνος
1398 3204 1586 3272 ἡκουε,
1618 3209 1711 3260 καὶ
1750 3209 1810 3261 τδ
1840 3228 1883 3283 C

226 3287 445 3339 παιδίον
507 3289 698 3357 νεκρὸν
759 3291 1012 3361 κείμενον
1051 3293 1160 3357 ζῶν
1224 3296 1442 3365 ἑωρᾶτο
1480 3298 1811 3368 θαυμαστῶς

226 3380 325 3433 ml.
377 3380 724 3448 κινούμενον,
781 3383 875 3436 καὶ
929 3378 1019 3439 οἷα
1066 3387 1219 3449 παῖς,
1254 3388 1312 3439 ὲν
1342 3386 1645 3457 ὀφθαλμοῖς
1704 3409 1804 3460 μη-

232 3474 436 3543 τρῴοις
511 3473 1075 3545 κλαυθμυριζόμενον.
1137 3480 1397 3548 Δακρύων
1466 3479 1560 3550 ὑφ’
1618 3483 1814 3550 ὴδονῆς

226 3565 517 3634 ἑπλήσθην
555 3566 665 3632 ἐγὼ
698 3568 766 3619 τὰ
796 3569 1041 3637 δμματα,
1083 3571 1229 3625 οὕτω
1285 3574 1394 3643 γάρ
1454 3592 1557 3642 μου
1598 3575 1813 3646 διέθηκε

224 3657 287 3708 τὸ
349 3655 748 3727 λεχθησόμενον
810 3659 912 3728 τὴν
972 3658 1153 3729 ψυχὴν
1219 3662 1299 3724 είς
1360 3662 1485 3715 νοῦν
1545 3664 1809 3732 ἐμπεσόν.

244 3750 525 3801 ’Δκούοιτε
580 3749 636 3803 δὲ
678 3752 768 3801 καὶ
818 3752 995 3817 ὑμεῖς.
1053 3750 1148 3814 Ὠς
1199 3755 1305 3823 γὰρ
1365 3757 1425 3806 τὸ
1466 3754 1727 3822 φίλτατον
1780 3758 1812 3824 ἡ

232 3841 417 3910 μήτηρ
442 3842 550 3904 ζῶν
594 3842 940 3905 ὲθεάσατο,ὼ
967 3842 1075 3895 τῶν
1105 3844 1212 3896 σῶν
1241 3845 1550 3915 κριμάτων.
1583 3846 1808 3915 Χριστὲ,

229 3931 341 3983 τῶν
374 3933 674 4002 ἀρῤήτωνί
739 3933 839 4002 τὴν
866 3933 1179 4008 ὑπερϐολὴν
1226 3936 1325 3987 οὐκ
1372 3936 1676 4003 ἐνεγκοῦσι
1715 3936 1814 4005 τῆς

227 4022 446 4092 ἡδονῆς,
478 4026 631 4091 παρὰ
660 4026 724 4093 τῇ
749 4027 819 4093 γῇ
850 4024 1091 4077 πεσοῦσα
1132 4026 1570 4097 διαπεφώνηκεν.
1594 4026 1802 4091 Ἐδειξε

225 4115 289 4167 τὸ
313 4114 589 4185 πραχθὲν,
624 4115 795 4169 ὅτιτὸ
854 4116 1021 4186 μηδὲν
1082 4118 1223 4185 ἄγαν
1262 4119 1504 4188 ἀτεχνῶς
1557 4120 1805 4188 ἄριστον.

242 4208 374 4260 Ἰδοὺ
419 4207 527 4275 γὰρ
576 4208 638 4260 ού
695 4208 997 4278 θανάσιμον
1031 4209 1206 4281 λύπης
1270 4211 1430 4280 μόνον
1488 4210 1812 4279 ὑπερϐολὴν,

225 4300 366 4355 ἀλλά
438 4302 533 4355 καὶ
592 4304 766 4371 χαρᾶς
844 4302 1093 4372 ἔγνωμεν
1161 4304 1451 4373 ἀμετρίαν.
1502 4302 1814 4355 Πεπὸνθατε

228 4393 329 4446 καὶ
356 4394 517 4463 ὑμεῖς
564 4396 662 4463 τὴν
697 4394 897 4463 ψυχὴν,
946 4391 1084 4457 οἶδα,
1137 4392 1195 4458 ἐξ
1249 4395 1445 4464 ἡδονῆς
1498 4396 1576 4455 είς
1634 4394 1813 4463 λύπην

231 4486 666 4556 μεταπεσόντες.
701 4485 867 4539 Φύσει
899 4487 1013 4556 γὰρ
1042 4485 1357 4557 ἀνθρώποις
1407 4485 1467 4538 τὸ
1514 4486 1803 4555 συμπαθὲς

1922 1992 1977 2036 et
2004 1982 2209 2049 alioqui
2248 1982 2293 2035 si
2332 1999 2428 2051 per
2481 1993 2530 2036 te
2581 1983 2766 2036 salvus
2798 1984 2976 2037 evasit
3016 1983 3337 2051 imperator,
3372 1997 3471 2049 pan

1923 2094 2083 2149 peres
2110 2088 2165 2133 et
2198 2078 2416 2148 inglorii
2460 2078 2853 2149 judicahuntur
2882 2092 3002 2132 esse
3032 2075 3399 2145 despiciendi?

1992 2260 2157 2315 XXV.
2200 2260 2582 2315 Puleherrimo
2637 2260 2868 2315 consilio
2920 2270 3077 2330 paret
3131 2260 3409 2329 pontifex;
3448 2274 3501 2314 ll

1920 2355 2088 2410 corde
2122 2370 2383 2409 accensus
2420 2356 2814 2415 misericordia,
2848 2362 2905 2409 et.
2936 2357 3125 2409 oculos
3161 2354 3367 2407 habens
3393 2356 3497 2423 ple-

1922 2466 2021 2505 nos
2060 2449 2333 2520 laerymis,
2366 2449 2599 2518 genibus
2642 2449 2693 2501 in
2725 2457 2926 2501 terram
2980 2447 3151 2509 ﬂexis,
3184 2457 3238 2501 et
3273 2464 3391 2500 eam
3432 2448 3501 2501 ri-

1920 2559 2052 2615 gans
2093 2542 2334 2605 ﬂetibus,
2387 2541 2651 2594 ardenter
2684 2539 2982 2594 admodum
3015 2541 3212 2593 clamat
3245 2550 3299 2594 et
3337 2542 3502 2594 mise-

1922 2638 2195 2701 rabiliter,
2258 2647 2312 2689 et
2357 2637 2561 2689 bonum
2612 2634 2891 2688 Christum
2950 2634 3185 2703 benigne
3236 2643 3409 2702 rogat,
3446 2644 3503 2685 ut

1920 2729 2132 2783 misera:
2163 2727 2380 2782 mulieri
2430 2726 2696 2779 infantem
2733 2725 2993 2788 viviﬁeet,
3038 2735 3091 2778 et
3121 2739 3349 2779 matrem
3381 2724 3500 2779 red-

1918 2822 2030 2883 dat,
2098 2830 2467 2889 congruenter
2500 2818 2797 2887 Scripturie
2849 2832 3038 2878 sacrae,
3069 2818 3289 2886 propter
3329 2818 3499 2870 lilium

1918 2914 2258 2967 lzetantem'.
2302 2913 2410 2978 Qui
2446 2927 2575 2981 ergo
2626 2927 2722 2980 per
2772 2911 3027 2965 Elismum
3078 2920 3127 2963 et
3180 2909 3350 2963 Etiam
3404 2909 3501 2962 Sa-

1920 3016 2161 3078 reptanae
2212 3009 2319 3060 tilio
2356 3017 2411 3062 et
2466 3007 2830 3062 Sunamitidis
2868 3008 3095 3060 immiSEt
3139 3006 3418 3074 spiritum,
3450 3019 3502 3058 et

1920 3102 2084 3155 vitam
2109 3109 2191 3154 est
2218 3100 2448 3169 largitus
2469 3102 2511 3163 ",
2543 3100 2658 3169 ipse
2681 3115 2872 3154 rursus
2899 3098 3063 3154 etiam
3088 3098 3296 3152 audivit
3329 3098 3472 3167 Spiri
3490 3129 3502 3138 -

1919 3196 2157 3248 donem:
2191 3202 2245 3246 et
2291 3208 2428 3261 puer
2454 3195 2546 3261 qui
2598 3201 2849 3247 mortuus
2889 3192 3127 3260 jacebat,
3178 3201 3502 3260 conspectus

1916 3294 1999 3339 est
2046 3285 2217 3341 veluti
2271 3285 2495 3353 plorans
2543 3294 2669 3339 ante
2723 3286 2912 3338 oculos
2967 3284 3176 3337 matris.
3226 3283 3502 3345 Lacrymis

1916 3377 2049 3430 mihi
2079 3386 2209 3430 sunt
2235 3377 2426 3430 snifusi
2461 3375 2605 3429 oculi
2641 3391 2753 3446 prae
2780 3376 2999 3441 gaudio.
3029 3376 3120 3430 Sic
3148 3377 3292 3430 enim
3319 3394 3498 3430 meum

1915 3469 2100 3523 affecit
2148 3469 2396 3522 animum
2447 3470 2524 3533 id,
2579 3471 2727 3539 quod
2781 3469 3024 3533 dicetur,
3079 3479 3393 3524 revocatum
3449 3472 3499 3522 in

1918 3560 2269 3615 memoriam.
2323 3560 2432 3614 Vos
2467 3576 2689 3630 quoque
2733 3562 2785 3614 id
2828 3562 3035 3617 audite.
3070 3561 3205 3615 Cum
3237 3563 3382 3616 enim
3420 3564 3501 3614 vi-

1917 3668 2044 3705 vum
2077 3652 2210 3705 vidit
2238 3663 2410 3707 mater
2438 3670 2596 3707 suum
2625 3655 3009 3708 cltarissimum
3075 3656 3129 3721 (ο
3156 3670 3350 3709 arcana
3389 3664 3499 3718 tua,

1916 3760 1948 3796 0
1977 3743 2217 3807 Christe,
2248 3746 2499 3815 judicia),
2531 3746 2756 3801 nimiam
2794 3763 2901 3800 non
2938 3746 3119 3800 ferens
3150 3747 3413 3807 lzrtitiam,
3449 3748 3501 3801 in

1919 3846 2119 3889 terran:
2158 3836 2360 3890 cadens
2386 3839 2710 3904 exspiravit.
2746 3837 3000 3891 Ostendit
3037 3838 3086 3890 id
3121 3838 3264 3905 quod
3298 3838 3499 3891 factum

1915 3938 2020 3992 est,
2067 3930 2204 3983 nihil
2241 3930 2426 3994 nimis,
2466 3946 2589 3985 esse
2643 3930 2803 3999 longe
2844 3932 3134 3999 optimum.
3172 3931 3313 3985 Ecce
3354 3932 3500 3984 enin.

1918 4038 2027 4075 non
2061 4024 2346 4076 mortalem
2378 4024 2554 4077 solum
2589 4038 2711 4077 esse
2747 4022 2957 4076 doloris
2998 4026 3499 4091 exsuperationem,

1920 4111 2017 4166 sed
2070 4113 2235 4166 etiam
2283 4112 2466 4181 gaudii
2503 4114 2761 4166 novimus
2810 4112 3351 4166 immoderationcm.
3395 4116 3497 4169 Vos

1919 4219 2158 4273 quoque,
2198 4214 2281 4257 sat
2336 4204 2470 4267 scio,
2529 4205 2710 4259 allecti
2768 4206 2904 4259 estis
2952 4206 3159 4270 animo,
3214 4222 3281 4259 ex
3316 4207 3499 4259 laetitia

1920 4297 2111 4350 mutati
2144 4298 2196 4349 in
2226 4298 2495 4352 dolorem.
2530 4298 2669 4353 Sunt
2712 4299 2858 4353 enim
2890 4299 3138 4352 homines
3165 4311 3357 4352 natura
3396 4302 3500 4354 mi-

1919 4388 2248 4453 sericordes,
2284 4389 2377 4442 sed
2418 4404 2585 4457 prope
2622 4388 2779 4443 adest
2824 4405 3055 4459 magnus
3087 4389 3367 4458 Spiridon,
3404 4391 3497 4458 qui

1919 4491 2159 4536 vestram
2215 4482 2496 4536 tristitiam
2548 4481 2782 4535 mutabit
2834 4482 2889 4534 in
2943 4480 3225 4550 gaudium.
3293 4481 3500 4534 Rursus

226 4582 326 4633 καί
381 4579 806 4649 φιλάνθρωπον·
846 4579 963 4633 ἀλλ’
1015 4581 1185 4648 ἐγγὺς
1235 4580 1263 4632 ὀ
1311 4578 1488 4649 μέγας
1521 4579 1601 4641 είς
1633 4578 1811 4647 χαρὰν
1848 4582 1887 4634 D

1848 4582 1887 4634 D
1917 4574 2063 4629 enim
2112 4589 2317 4628 morem
2360 4574 2503 4643 gerit
2533 4573 2910 4637 Artemidoro,
2961 4585 3017 4626 et
3059 4573 3125 4625 ad
3176 4574 3279 4626 hoc
3313 4584 3365 4627 ut
3409 4574 3498 4627 det

223 4675 361 4741 ὑμῖν
400 4674 731 4744 μεταϐαλεῖν
764 4678 864 4747 τὴν
902 4674 1230 4743 κατήφειαν.
1283 4670 1539 4724 Πείθεται
1574 4672 1685 4741 γὰρ
1717 4669 1811 4755 uel

224 4760 385 4827 αὖθις
418 4765 808 4836 ’Δρτεμιδώρῳ
831 4766 927 4818 καί
955 4765 1094 4835 πρὸς
1124 4765 1185 4817 τὸ
1214 4764 1397 4817 δοῦναι
1430 4764 1522 4815 καὶ
1557 4761 1634 4831 τῷ
1657 4762 1811 4814 παιδὶ

226 4863 328 4929 τὴν
354 4861 589 4929 μητέρα,
615 4862 643 4912 ὀ
679 4859 1031 4930 μετριὸφρων
1060 4856 1373 4924 ιφέλκεται.
1407 4854 1549 4925 Πρὸς
1581 4854 1809 4922 ούρανδν

224 4952 322 5006 οὖν
347 4951 559 5006 ἀπιδὼν
610 4953 708 5004 καὶ
755 4954 845 5004 τὸν
887 4952 946 5003 ὲν
990 4950 1173 5009 αὐτοῖς
1207 4948 1566 5002 κατοικοῦντα
1601 4946 1809 5016 Κύριον

224 5045 308 5106 εἰς
339 5041 571 5113 καρδίαν
600 5040 786 5094 λαϐὼν
813 5040 1027 5093 ἐκείνου
1056 5055 1116 5091 τε
1144 5037 1381 5107 δεηθεὶς,
1428 5037 1521 5088 τοῦ
1563 5038 1678 5098 τοῖς
1722 5052 1809 5087 νε-

225 5138 379 5205 κροῖς
408 5134 553 5204 ζωὴν
586 5134 943 5201 ἐμπνέοντος,
1007 5132 1104 5185 καί
1145 5131 1225 5202 τῷ
1284 5130 1589 5200 βουλήματι
1662 5130 1807 5199 μόνῳ

223 5228 407 5281 πάντα
476 5226 904 5295 μεταποιοῦντος
964 5226 1058 5280 κα)⁵
1089 5224 1542 5296 μεταϐάλλοντος,
1582 5225 1647 5293 τῇ
1687 5240 1805 5275 κειο

228 5320 393 5389 μένῃ,
435 5316 754 5386 Ἀνάστηθι,
802 5314 975 5382 λέγιι,
1011 5316 1107 5369 καὶ
1138 5315 1301 5386 στῆθι
1355 5313 1447 5366 ἐπὶ
1474 5315 1597 5376 τοὺς
1636 5312 1803 5375 πόδας

229 5430 349 5466 σου.
386 5410 452 5464 Ἦ
484 5411 542 5464 δὲ
577 5412 947 5480 παραχρῆμα,
998 5408 1254 5477 καθάπερ
1305 5406 1458 5479 ὖπνῳ
1515 5407 1719 5474 μᾶλλον
1769 5406 1800 5475 ἦ

227 5505 452 5574 θανάτῳ
480 5504 878 5575 κατισχημινη,
911 5503 1111 5574 ἀνέστη
1132 5519 1191 5555 τε
1223 5502 1320 5554 καὶ
1348 5502 1597 5571 παρέστη
1625 5499 1798 5570 αύτῷ,

224 5602 323 5655 καὶ
346 5603 408 5654 τὸ
433 5601 646 5654 παιδίον
707 5602 803 5654 ἐπὶ
864 5600 975 5654 τῶν
1034 5598 1289 5669 ἀγκαλῶν
1331 5597 1542 5667 εἴληφε,
1577 5598 1800 5649 κάκεῖνο

224 5692 339 5758 ζῶν
368 5688 457 5763 ἦν,
496 5690 686 5763 ὥσπερ
739 5694 977 5763 εἴρηται,
1020 5693 1115 5747 καὶ
1151 5692 1271 5755 ταῖς
1309 5691 1604 5761 μητρικαίς
1665 5687 1798 5739 ὠλέ-

1918 4678 2145 4721 matrem
2197 4666 2330 4727 ﬁlio,
2382 4666 2464 4719 vir
2512 4666 2791 4719 modestus
2842 4664 3137 4719 inducitur.
3170 4665 3248 4718 Ad
3297 4667 3495 4718 emtum

1916 4775 2048 4829 ergo
2102 4759 2346 4822 intuens,
2402 4767 2458 4811 et
2513 4756 2825 4819 Dominum,
2878 4758 2969 4825 qui
3024 4758 3076 4809 in
3131 4759 3210 4810 eis
3263 4757 3493 4820 habitat,

1922 4863 2105 4905 mente
2139 4852 2373 4921 agitans,
2407 4851 2556 4903 illum
2604 4860 2881 4919 precatus.
2914 4850 3007 4917 qui
3042 4850 3207 4904 vitam
3263 4850 3491 4918 inspirat

1921 4942 2176 5002 mortuis,
2214 4950 2270 4995 et
2317 4941 2429 4993 sola
2483 4938 2768 4992 voluntate
2819 4939 3003 4991 omnia
3059 4946 3383 4989 transmutat
3433 4949 3493 4987 ac

1916 5034 2287 5098 transformat,
2326 5032 2457 5084 dicit
2526 5030 2575 5085 ei
2628 5044 2748 5099 qua!
2795 5030 3053 5099 jacebat:
3091 5028 3281 5096 Surge,
3332 5035 3385 5078 et
3416 5036 3494 5078 sta

1915 5141 2080 5193 supra
2136 5124 2301 5193 pedes
2341 5134 2485 5177 tuos.
2536 5122 2629 5176 Illa
2680 5131 2863 5174 autem
2920 5130 3163 5188 repente,
3219 5129 3276 5172 ut
3327 5132 3491 5187 quant

1916 5233 2144 5272 somnus
2203 5217 2407 5285 potius,
2452 5230 2616 5284 quam
2656 5229 2823 5277 mors,
2855 5209 3492 5282 oppresserat,‘surrexit

1914 5322 1970 5367 et
1994 5313 2042 5367 ei
2068 5311 2263 5375 astitit,
2325 5320 2381 5364 et
2413 5308 2675 5363 infantem
2706 5307 2761 5360 in
2790 5307 2934 5360 ulnis
2961 5304 3187 5374 accepit.
3218 5304 3312 5357 llle
3340 5318 3488 5365 vero,

1918 5414 1975 5458 ut
2004 5404 2263 5468 diximus,
2296 5413 2417 5457 erat
2452 5401 2630 5464 vivus,
2678 5408 2732 5454 et
2764 5399 2818 5452 in
2852 5398 2997 5450 ulnis
3038 5396 3299 5449 maternis
3342 5397 3493 5448 exsio

1912 5497 2099 5551 licbat.
2134 5497 2258 5552 llaec
2292 5496 2379 5549 ille
2406 5494 2629 5563 quidem
2657 5506 2907 5559 magnus,
2938 5497 3164 5558 prepter
3198 5488 3485 5553 insignem,

1914 5599 1971 5641 ut
2003 5588 2153 5653 dixi,
2207 5586 2635 5641 moderationem
2677 5583 2895 5637 nolebat
2940 5581 3123 5635 efferri
3174 5582 3226 5633 in
3274 5581 3485 5647 vulgus.

1910 5684 2255 5740 Artemidore
2285 5694 2453 5750 certe,
2484 5692 2537 5738 et
2566 5680 2779 5737 mulieri
2809 5695 2904 5751 per
2932 5696 3078 5747 eum,
3114 5678 3299 5734 indicit
3334 5677 3489 5732 silen-

302 5871 488 5929 ‘l‘sal.
514 5886 639 5940 exn,
665 5872 717 5928 ι).
796 5871 899 5929 ⁷111
924 5872 1056 5944 Reg.
1086 5888 1216 5941 xvn,
1248 5875 1269 5927 l
1306 5887 1457 5944 seqq.
1492 5888 1505 5939 ;
1546 5871 1607 5928 |\'
1636 5872 1764 5942 Reg.
1806 5889 1876 5940 ιι,
1918 5872 1931 5923 1
1972 5886 2119 5937 seqq.
