4260 6430
786 318 889 389 44⁸1

2018 319 2312 382 MENSIS
2351 322 2782 386 DECEMBER.

3945 315 4050 378 448

779 445 940 500 tium.
978 442 1084 500 Sed
1113 439 1494 500 Artemidorus
1523 451 1648 514 post
1665 441 1784 514 ejus
1814 448 2049 496 mortem
2084 439 2359 495 nefarium
2391 445 2434 500 Α

2478 457 2590 504 ναις
2614 439 3034 512 παρισκιρτῶν.
3077 435 3265 494 ταῦτα
3299 435 3328 492 6
3361 438 3460 509 μὶν
3489 436 3663 508 μέγας
3700 434 3787 488 όιά
3826 447 4051 504 μετριο-

778 551 904 590 esse
930 535 1204 606 judicans.
1242 533 1500 618 fraudare
1545 533 1696 588 viros
1723 532 1844 602 pios
1873 541 1979 586 tam
2009 531 2238 601 pulchra
2259 547 2362 586 au-

779 625 1007 694 ditione,
1053 628 1164 682 imo
1193 640 1324 682 vero
1353 634 1461 681 tam
1494 639 1691 695 magno
1742 623 2030 688 miraculo,
2069 623 2122 678 id
2157 625 2356 693 aperit.

777 725 835 772 et
879 718 1046 774 tradit
1073 717 1299 774 auribus
1345 717 1612 774 ﬁdelium.
1646 717 1715 773 Et
1745 715 1862 772 hac
1890 714 2114 786 quidem
2145 716 2225 770 sic
2258 715 2356 769 ba-

780 809 934 866 bent.

2470 533 2722 597 παθείας,
2777 532 2970 605 ὥσπερ
3018 532 3180 603 ιφην,
3231 529 3546 604 ὑπερϐολὴν
3595 529 3880 597 ἀνὲκφορα
3939 525 4053 586 τοῖς

2468 625 2687 688 πολλοῖς
2752 624 3024 694 ὴὸούλετο
3093 627 3298 696 μεῖναι.
3365 625 3590 695 Ἀμέλει
3654 623 3753 679 καὶ
3797 623 4056 692 Ἄρτεμι-

2466 716 2629 788 δώρῳ
2662 717 2870 788 πολλὴν
2913 717 3150 788 σιωπὴν.
3201 718 3302 772 καὶ
3348 719 3420 772 δι’
3463 719 3679 773 ικιίνου
3712 719 3778 787 τῇ
3830 714 4054 783 γυναικὶ

2466 810 2796 862 ιντίλλςται.
2840 809 2982 862 Ἀλλ’
3020 813 3047 864 ό
3097 809 3507 881 ’Δρτεμίδωρος
3543 808 3683 878 μετὰ
3725 807 3829 876 τὴν
3884 801 4054 858 αὐτοῦ

782 907 1044 978 τελευτὴν
1092 907 1156 961 οὐ
1208 908 1402 980 κρίνας
1439 911 1592 960 ὸσιον
1638 904 1897 973 ἄκουσμα
1964 904 2111 959 οὕτω
2168 905 2357 970 καλὸν,
2402 903 2608 974 μᾶλλον
2673 905 2729 959 δι
2761 904 2970 976 θαῦμα,
3033 904 3317 977 ζημιῶσαι
3361 903 3490 968 τοὺς
3534 902 3847 971 φιλοθίους,
3893 900 4055 971 δῆλον

779 1004 914 1060 ests
977 1007 1162 1068 ποιεῖ,
1221 1004 1318 1058 καὶ
1368 1002 1580 1058 πιστῶν
1620 1003 1816 1068 ἀκοαῖς
1846 1003 2210 1073 παραδίδωσι.
2245 1004 2355 1057 Καὶ
2394 1002 2569 1055 ταῦτα
2596 1003 2696 1070 μὶν
2724 1002 2924 1066 οὕτως.

855 1099 1042 1156 XXVI.
1085 1097 1381 1170 Postquam
1412 1109 1593 1155 autem
1631 1114 1862 1171 magnus
1884 1098 2142 1169 Spiridon
2169 1099 2357 1153 Antio-

783 1194 907 1250 chia
957 1207 1216 1248 reversus
1262 1202 1348 1248 est
1395 1191 1448 1246 in
1485 1190 1753 1264 Cyprum,
1800 1192 2074 1261 quispiam
2119 1190 2188 1246 ad
2239 1203 2367 1248 eum

783 1284 1071 1348 accedens,
1102 1285 1290 1339 volens
1311 1298 1499 1339 emere
1523 1299 1722 1354 capras
1747 1283 1946 1354 gregis.
1973 1297 2205 1340 numero
2237 1299 2369 1340 cen-

786 1385 926 1438 tum.
948 1377 1135 1447 jussus
1163 1393 1191 1430 a
1225 1385 1415 1432 sancto
1438 1376 1592 1446 prius
1619 1376 1858 1446 pretium
1884 1372 2128 1443 solvere,
2161 1374 2366 1434 deinde

784 1468 1055 1537 accipere,
1087 1468 1202 1539 ipse
1235 1483 1359 1524 cum
1393 1469 1690 1539 nonaginta
1713 1477 1771 1526 et
1801 1480 1999 1526 novem
2029 1470 2209 1526 solum
2257 1471 2369 1526 sol-

780 1560 956 1616 .visset
988 1559 1248 1628 pretium,
1281 1559 1445 1614 unius
1495 1560 1741 1626 retinuit,
1774 1562 2012 1625 lucrum.
2048 1572 2108 1618 ut
2140 1562 2368 1629 dicitur,

788 1651 984 1706 melius
1030 1650 1300 1708 dedecore
1355 1652 1725 1710 existimans:
1775 1663 1870 1710 aut
1923 1656 2088 1712 etiam
2139 1655 2372 1724 opinans

787 1743 928 1807 fore,
980 1753 1039 1797 ut
1088 1744 1282 1799 lateret
1327 1744 1471 1800 illius
1518 1746 1947 1815 simplicitatem.
2001 1757 2267 1803 remotam
2304 1750 2372 1804 ab

789 1836 1036 1891 omnium
1072 1837 1419 1908 negotiorum
1445 1837 1842 1896 sollicitudine.
1873 1839 2010 1896 Cum
2046 1857 2176 1911 ergo
2207 1844 2370 1896 ambo

790 1929 1019 1984 fuissent
1063 1930 1204 1986 intra
1239 1931 1544 1996 mandram,
1593 1933 1684 1988 ille
1724 1934 1947 2003 quidem
1976 1935 2161 2005 jussit.
2200 1951 2374 2005 quau-

793 2030 906 2075 tutn
932 2022 1170 2077 solverat
1205 2024 1464 2092 pretium,
1491 2033 1569 2079 tot
1605 2041 1798 2096 capras
1830 2027 2104 2095 accipere.
2136 2021 2231 2081 ille
2263 2041 2364 2081 au-

791 2122 902 2168 tem
937 2130 1006 2169 ne
1040 2114 1121 2170 sic
1150 2115 1375 2184 quidem
1410 2117 1746 2188 intelligens,
1783 2129 2010 2175 centum
2059 2120 2316 2191 exigebat
2341 2135 2373 2175 e

794 2205 1044 2262 mandra.
1088 2206 1201 2264 Una
1252 2219 1383 2262 vero
1420 2219 1490 2263 ex
1537 2211 1738 2280 captis,
1793 2220 2047 2281 tanquam
2103 2212 2244 2267 bona
2274 2228 2377 2266 an-

792 2301 941 2366 cilla,
975 2316 1100 2355 cum
1153 2301 1416 2357 sensisset
1447 2318 1506 2358 se
1539 2319 1646 2359 non
1689 2305 1858 2360 fuisse
1897 2307 2171 2362 venditum
2207 2323 2237 2362 a
2275 2307 2374 2361 do-

796 2393 968 2449 mino.
1006 2393 1116 2449 cito
1144 2408 1338 2450 rursus
1369 2405 1454 2450 est
1490 2411 1728 2462 reversa,
1757 2407 1812 2452 et
1845 2400 2085 2468 perrexit
2117 2399 2184 2453 ad
2221 2415 2373 2455 man-

797 2484 973 2538 dram.
1008 2483 1102 2540 Ille
1149 2493 1332 2541 autem
1376 2503 1571 2543 rursus
1603 2487 1851 2548 abduxit.
1887 2498 1942 2546 et
1993 2506 2090 2560 per
2136 2487 2245 2546 vim
2293 2507 2378 2548 rc-

799 2578 963 2632 traxit
991 2577 1300 2648 impudens.
1329 2577 1445 2635 Hoc
1476 2579 1559 2636 bis
1603 2581 1714 2653 jam
1747 2581 1832 2638 vel
1878 2590 1960 2637 ter
2006 2584 2206 2640 factum
2236 2595 2376 2652 erat,

795 2670 945 2741 quod
985 2679 1070 2727 est
1095 2672 1369 2739 mirabile,
1406 2681 1460 2728 et
1505 2690 1670 2744 capra
1698 2677 1924 2746 quidem
1956 2680 2336 2736 revertebatur
2365 2699 2378 2736 :

799 2762 892 2818 ille
919 2779 1051 2819 vero
1084 2765 1398 2822 retrahebat
1440 2781 1602 2822 manu
1655 2769 1890 2824 violenta
1921 2777 1978 2823 et
2005 2769 2209 2826 animo.
2236 2770 2378 2838 Quid

801 2856 974 2926 ergo?
1005 2873 1129 2912 cum
1158 2859 1239 2912 sic
1279 2858 1417 2913 nihil
1459 2861 1770 2930 proliceret,
1817 2876 1936 2914 eam
1984 2860 2152 2914 buuto
2189 2863 2380 2918 subla-

806 2958 938 3015 tam,
966 2957 1022 3004 et
1052 2949 1298 3004 humeris
1333 2949 1666 3020 impositam,
1707 2947 2034 3006 abducebat.
2070 2951 2165 3007 Illa
2198 2963 2380 3007 autem

804 3040 1040 3094 maxima
1071 3048 1124 3095 et
1153 3040 1456 3110 asperrima
1484 3057 1619 3097 voce
1646 3040 1914 3109 clamans,
1947 3051 2003 3098 et
2027 3058 2154 3097 eum
2185 3047 2381 3100 corni-

2543 1097 2687 1165 Kq'.
2731 1100 2887 1154 Ἐπεὶ
2916 1101 2970 1154 δὲ
2999 1101 3093 1152 καὶ
3118 1095 3181 1165 ἐξ
3229 1098 3567 1170 Ἀντιοχείας
3588 1097 3617 1152 6
3645 1097 3822 1169 μέγας
3849 1094 4060 1168 ἐπανῆο

2472 1203 2569 1244 κεν
2603 1191 2683 1254 είς
2715 1191 2960 1263 Κύπρον.
3012 1190 3335 1262 προσελθὼν
3363 1191 3519 1262 αὒτῷ
3555 1207 3665 1255 τις,
3701 1187 3866 1257 αἶγας
3894 1192 4061 1261 «piu-

2469 1286 2593 1338 σθαι
2620 1284 2722 1354 τῆς
2748 1281 2987 1356 ποίμνης
3011 1281 3359 1355 βουλόμενος,
3390 1283 3487 1338 τὸν
3542 1282 3781 1354 ἀριθμὸν
3827 1283 4060 1343 ἑκατὸν.

2470 1377 2800 1447 ἀπιτραπεὶς
2862 1377 3000 1448 πρὸς
3053 1375 3150 1431 τοῦ
3222 1377 3375 1430 όσίου
3427 1375 3528 1446 τὴν
3558 1375 3727 1447 τιμὴν
3788 1376 4064 1445 πρότερον

2469 1468 2832 1533 καταθέσθαι.
2859 1465 2980 1524 εῐτα
3011 1469 3226 1536 λαϐεῖν,
3259 1469 3558 1534 αὐτὸς-τῶν
3577 1469 3735 1523 ίννία
3759 1468 3924 1538 μόνον
3961 1468 4067 1521 καὶ

2471 1559 2796 1632 ίνενήκοντα
2823 1560 3106 1624 καταθεὶς,
3135 1556 3242 1632 τῆς
3294 1560 3424 1630 μιᾶς
3451 1558 3807 1628 ὑπεκράτησε
3840 1555 4068 1627 κέρδος,

2471 1654 2732 1725 αίσχύνης
2768 1654 2994 1725 ἄμεινον
3027 1652 3301 1719 “mimae
3327 1651 3424 1706 τοῦ
3456 1651 3640 1720 λόγου,
3673 1651 3706 1723 ἢ
3742 1651 3835 1704 καὶ
3871 1650 4070 1718 λήσειν

2480 1746 2726 1811 οἰόμενος
2760 1746 2818 1798 ίν
2846 1746 3023 1816 τούτῳ
3066 1745 3127 1797 τὸ
3154 1744 3417 1798 ἁπλοϊκὸν
3459 1744 3672 1796 ἐκείνου
3723 1743 3818 1796 καὶ
3859 1739 4068 1810 κομιδῇ

2477 1839 2793 1907 ἀπραγμον.
2813 1836 2970 1889 Ἐπεὶ
2997 1834 3117 1900 οὖν,
3150 1834 3286 1888 εἵσω
3310 1837 3409 1903 τῆς
3441 1833 3684 1905 μάνόρας
3705 1833 3875 1902 ἄμφω
3903 1833 4071 1900 γεγό-

2474 1943 2650 1994 νασιν,
2695 1932 2724 1984 6
2753 1929 2853 1999 μὲν
2877 1928 3130 1982 δκέλευεν
3153 1967 3169 1992 ,
3201 1927 3328 1982 ὅσον
3350 1926 3414 1995 δὴ
3449 1929 3544 1981 καί⁸
3573 1926 3839 1979 κατέθετο
3863 1925 4062 1993 τιμὴν,

2476 2029 2750 2090 τοσαύτας
2799 2026 3008 2092 λαϐεῖν,
3060 2028 3089 2080 6
3130 2025 3188 2080 δι
3247 2024 3383 2096 μηδὲ
3416 2021 3594 2087 οὕτως
3631 2021 3833 2084 συνεὶς,
3867 2020 4073 2073 ἕκατον

2473 2121 2571 2189 τῆς
2605 2118 2849 2191 μάνδρας
2908 2117 3227 2190 ἐξήλαυνεν.
3277 2114 3391 2171 Μία
3445 2112 3580 2183 γοῦν
3628 2113 3737 2168 τῶν
3772 2110 3944 2180 αἰγῶν
3973 2105 4070 2163 οἷα

2475 2214 2784 2286 θεράπαινα
2812 2211 3014 2283 ἀγαθὴ,
3049 2210 3352 2280 αἰσθομένη
3397 2209 3479 2264 δτι
3515 2208 3593 2280 μὴ
3629 2207 3859 2260 ἀπέδοτο
3893 2204 4073 2273 αὐτὴν

2476 2309 2505 2361 6
2555 2307 2844 2376 δεσπότης.
2886 2305 3055 2372 ὀξέως
3097 2301 3333 2373 επανῄει
3384 2300 3572 2367 πάλιν,
3621 2299 3719 2354 καὶ
3759 2299 3896 2368 πρὸς
3964 2296 4073 2366 τὴν

2481 2401 2724 2470 μάνδραν
2753 2398 2974 2468 ίχώρει.
3029 2396 3091 2451 '0
3120 2396 3179 2450 δὲ
3210 2391 3368 2458 αὖθις
3412 2393 3618 2464 ἀπῆγε,
3642 2390 3739 2445 καὶ
3772 2390 3908 2458 προς
3942 2389 4076 2457 βίαν

2478 2486 2660 2545 εἷλκεν
2681 2491 2710 2543 6
2737 2489 2989 2560 ἀναιδὴς·
3021 2488 3271 2560 επράχθη
3297 2485 3460 2540 τοῦτο
3491 2484 3574 2548 δὶς
3605 2483 3709 2555 ἠδη
3732 2482 3827 2536 καὶ
3858 2481 3986 2552 τρὶς
4013 2483 4076 2533 τὸ

2481 2583 2812 2652 θαυμάσιον.
2856 2583 2968 2636 Καὶ
2999 2582 3033 2652 ἡ
3073 2581 3171 2650 μὶν
3206 2579 3299 2644 αίξ
3341 2579 3570 2651 ίπανῄει
3599 2594 3616 2613 ο
3650 2580 3680 2632 6
3703 2577 3759 2631 δὲ
3783 2576 4078 2631 ἀνθεῖλκεν

2479 2675 2701 2748 όργώσῃ
2737 2674 2831 2728 καὶ
2870 2663 3016 2746 χειρί
3052 2677 3148 2729 καὶ
3179 2673 3349 2744 ψυχῇ.
3380 2670 3446 2725 Τί
3481 2670 3576 2725 οὖν
3610 2687 3626 2738 ;
3681 2671 3850 2740 μηδὲν
3913 2666 4079 2730 οὗτος

2483 2767 2684 2832 ἀνύων,
2727 2767 3065 2835 ἀφαρπάσας
3113 2764 3286 2836 αὐτὴν
3334 2763 3577 2833 χαμόθεν
3629 2761 3865 2825 καὶτοῖς
3894 2760 4078 2832 ὤμοις

2485 2861 2706 2924 ἀναθεὶς
2736 2862 2954 2930 ἀπῆγεν
2974 2875 2990 2893 °
3027 2861 3060 2931 ἠ
3087 2858 3166 2922 6s,
3207 2858 3302 2912 καὶ
3327 2857 3503 2921 οὕτως
3541 2857 3685 2927 μέγα
3712 2873 3766 2910 τι
3810 2857 3904 2910 καὶ
3927 2871 4046 2925 τρα

2482 2953 2717 3026 χύτατον
2743 2952 3030 3023 ἑμόοῶσα,
3065 2952 3161 3005 καὶ
3187 2953 3299 3014 τοῖς
3338 2949 3570 3022 κέρασιν
3607 2950 3775 3003 αὐτὸν
3803 2949 4080 3014 παίουσα,

2485 3050 2577 3100 καὶ
2625 3047 2762 3120 πρὸς
2785 3047 2886 3115 τὴν
2913 3045 3157 3115 κεφαλὴν
3185 3044 3397 3098 ἐκείνου
3451 3040 3916 3113 ὃιακυριττομένη
3969 3044 4075 3115 τὴν

804 3133 906 3187 ltus
931 3131 1153 3198 feriens,
1188 3143 1245 3189 et
1277 3136 1327 3187 in
1364 3127 1512 3188 illius
1543 3141 1707 3202 caput
1737 3134 2064 3203 impingens.
2095 3136 2200 3189 vim
2236 3136 2381 3191 illius
2405 3150 2449 3212 ρ

2486 3140 2607 3209 βίαν
2639 3141 2908 3208 ἐκήρυττε
2940 3137 3215 3209 φανερῶς,
3271 3139 3366 3191 καὶ
3395 3136 3489 3191 τὸν
3515 3137 3848 3206 πλεονέκτην
3875 3135 4079 3206 ῶσπερ

803 3231 992 3289 aperte
1025 3221 1378 3290 prmilicabat,
1426 3231 1482 3276 et
1522 3221 1671 3275 avari
1705 3221 1946 3277 hominis
1977 3224 2380 3294 quodammodo

805 3312 1069 3380 puniebat
1095 3312 1349 3383 injuriam
1375 3329 1391 3367 :
1417 3311 1554 3367 adeo
1579 3320 1637 3367 ut
1662 3315 1755 3383 qui
1779 3315 2028 3379 aderant,
2054 3316 2258 3372 fuerint
2281 3319 2384 3374 hac

806 3419 866 3459 re
917 3404 1306 3475 obstupefacti.
1353 3419 1574 3459 causam
1627 3420 1738 3460 non
1789 3406 2034 3464 valentes
2085 3405 2378 3480 conjicere.

804 3489 1029 3565 Magnus
1058 3503 1239 3549 autem
1272 3494 1526 3563 Spiridon
1554 3496 1744 3552 nolens
1765 3512 1891 3552 eum
1913 3508 2101 3568 aperte
2128 3517 2381 3569 arguere,

803 3584 1012 3640 sensim
1053 3584 1192 3640 dixit
1229 3585 1301 3651 ei,
1337 3587 1430 3656 qui
1477 3587 1714 3644 faciebat
1747 3590 2004 3660 iujuriam
2035 3610 2048 3646 :
2087 3591 2244 3659 Vide,
2279 3596 2379 3662 fili,

803 3688 874 3728 ne
903 3690 1010 3728 non
1035 3675 1238 3732 frustra
1269 3677 1383 3732 haec
1408 3678 1573 3735 faciat
1595 3681 1818 3745 animal,
1858 3693 2043 3739 etnon
2074 3684 2194 3742 sine
2217 3703 2382 3744 causa

803 3780 946 3837 agre
961 3765 1099 3822 ferat
1123 3783 1181 3824 se
1210 3768 1429 3835 abduci,
1457 3771 1551 3827 sed
1580 3773 1723 3843 quod
1760 3773 1900 3830 forte
1925 3776 2240 3847 imprudens
2265 3781 2386 3851 ejus

805 3868 917 3914 non
931 3859 1139 3915 solvisti
1158 3861 1414 3930 pretium.
1435 3862 1526 3919 Sic
1547 3864 1635 3919 ille
1654 3866 1893 3935 piscator
1907 3868 2091 3924 animo
2106 3872 2385 3929 sauciatus

805 3950 862 4005 id
893 3951 1055 4007 tulit:
1090 3961 1147 4008 et
1192 3968 1319 4009 cum
1352 3971 1574 4011 sensum
1604 3960 1749 4029 ejus,
1784 3959 1930 4029 quod
1963 3961 2194 4025 fecerat,
2233 3979 2386 4020 acce-

806 4046 996 4117 pisset,
1030 4045 1084 4101 id
1134 4056 1190 4102 et
1225 4047 1513 4104 confessus
1555 4054 1657 4112 est,
1693 4057 1750 4104 et
1792 4053 1912 4122 ejus
1955 4054 2110 4121 petiit
2146 4054 2382 4111 veniam.

806 4135 1012 4193 Deinde
1040 4139 1206 4193 etiam
1249 4153 1374 4194 cum
1424 4154 1524 4210 pro
1551 4156 1663 4202 una
1714 4142 1972 4198 solVisset
2007 4143 2270 4213 pretium,
2319 4161 2384 4201 ea

806 4246 916 4286 non
949 4233 1183 4302 amplius
1209 4233 1479 4288 clamabat
1503 4244 1556 4290 et
1593 4235 1902 4302 resistebat,
1927 4235 2022 4290 sed
2052 4238 2214 4292 tacite
2248 4239 2384 4295 alias

809 4325 1163 4395 sequebatur.
1192 4323 1261 4380 Et
1294 4326 1386 4380 hic
1418 4322 1641 4397 quidem
1680 4329 1783 4384 sic.

876 4415 1091 4474 XXVII.
1133 4419 1286 4474 Alius
1313 4431 1496 4474 autem
1525 4437 1547 4483 :7
1587 4418 1681 4475 sed
1729 4420 1835 4477 hoc
1876 4421 2056 4478 dicam
2106 4418 2380 4491 superius.

807 4509 867 4566 In
894 4510 1072 4565 insula
1095 4519 1179 4565 est
1206 4511 1430 4581 quidam
1457 4512 1614 4567 vicus
1643 4515 1736 4583 qui
1759 4515 1963 4570 dicitur
1990 4512 2247 4585 Erythra,
2277 4532 2383 4571 non
2419 4506 2462 4560 υ

811 4607 999 4677 procul
1030 4622 1061 4661 a
1089 4607 1380 4677 metropoli
1418 4605 1763 4663 Constantia.
1791 4607 1911 4665 Non
1939 4609 2107 4666 distat
2141 4611 2287 4666 enim
2314 4610 2383 4665 ab

807 4714 871 4756 ea
901 4699 1190 4770 plusquam
1220 4699 1442 4769 triginta
1470 4698 1667 4754 stadia.
1701 4699 1818 4754 Iluc
1849 4715 1974 4755 cum
1998 4701 2240 4755 venisset
2271 4715 2385 4755 ma-

807 4807 946 4863 gnus
982 4792 1265 4862 Spiridon,
1304 4801 1526 4862 pr0pter
1576 4793 1816 4863 aliquem
1867 4807 2026 4847 usum
2078 4792 2387 4865 ingreditur

811 4884 1074 4955 templum
1101 4886 1271 4956 gratia
1307 4886 1609 4952 orationis;
1635 4894 1691 4941 et
1712 4886 1870 4956 jubet
1905 4887 2123 4941 cuidam
2149 4887 2385 4942 diacono

811 4994 878 5035 es
909 4980 976 5032 iis
1001 4977 1096 5050 qui
1129 4978 1370 5042 erantin
1407 4993 1474 5034 eo
1498 4978 1642 5043 loco,
1689 4989 1749 5033 ut
1776 4979 1995 5034 brevem
2029 4979 2269 5049 aliquam
2295 4995 2384 5035 sa-

811 5085 959 5125 cram
993 5078 1276 5142 perageret
1305 5071 1697 5142 precationem.
1737 5073 1833 5128 Via
1860 5074 2026 5138 enim,
2056 5089 2176 5144 quas
2206 5073 2387 5129 fuerat

812 5162 993 5233 longa.
1014 5174 1134 5217 erat
1159 5162 1426 5228 defessus,
1471 5174 1533 5237 et
1569 5165 1801 5219 maxime
1830 5179 1954 5218 cum
1996 5176 2141 5220 esset
2172 5175 2387 5236 tempus

811 5259 1086 5318 aestivum,
1120 5255 1246 5310 etei
1276 5265 1442 5309 aestus
1472 5270 1698 5324 magnus
1721 5267 1851 5310 tunc
1872 5255 2096 5311 all'erret
2117 5256 2383 5312 laborem.

810 5349 905 5404 ille
930 5336 1114 5403 autem
1148 5358 1268 5402 erat
1298 5349 1593 5403 admodum
1631 5349 1842 5413 tardus,
1872 5360 1928 5403 et
1956 5349 2208 5403 consulto
2259 5364 2383 5418 pre-

812 5455 905 5496 ces
932 5440 1220 5495 ambitiose
1267 5441 1626 5511 producebat,
1664 5442 1903 5504 inanem,
1939 5448 1996 5494 ut
2049 5440 2282 5501 videtur,
2317 5455 2384 5494 ex

813 5533 918 5588 hoc
952 5533 1056 5589 sibi
1087 5543 1310 5603 captans
1344 5535 1592 5603 gloriam.
1637 5533 1816 5588 Torve
1843 5533 2026 5602 itaque
2052 5547 2179 5587 eum
2212 5532 2384 5586 intui-

817 5636 923 5689 tus,
957 5627 1050 5697 qui
1080 5635 1199 5682 erat
1229 5627 1432 5697 alioqui
1465 5636 1660 5681 natura
1689 5621 2021 5689 lenissimus,
2052 5623 2386 5694 increpando

815 5718 952 5773 dist
987 5739 1000 5773 :
1052 5718 1218 5777 Tace.
1257 5721 1350 5775 Ille
1405 5735 1534 5776 vero
1577 5719 1806 5791 perinde
1855 5734 1919 5775 ac
1961 5719 2158 5788 linguae
2203 5718 2385 5787 aliquo

821 5811 1037 5866 vinctus
1065 5810 1345 5881 compede,
1379 5820 1702 5866 etsermonc
1737 5809 2001 5878 privatus,
2029 5814 2148 5862 erat
2179 5813 2381 5872 mutus,

2461 3775 2666 3860 ’λαθὼν
2733 3777 2834 3850 τὴν
2899 3779 3066 3850 τιμὴν
3141 3779 3510 3848 προκατέθου.

2483 3233 2806 3301 ετιμωρεῖτο
2838 3231 2941 3300 τῆς
2969 3229 3207 3296 ἀδικίας,
3228 3229 3372 3284 ὥστε
3409 3232 3507 3284 καὶ
3538 3230 3668 3291 τοὺς
3695 3232 3980 3298 παρόντας
4014 3230 4074 3282 ὲν

2486 3323 2750 3393 ἐκπλήξει
2777 3323 2839 3376 τὸ
2865 3324 3105 3393 πρᾶγμα
3137 3324 3413 3376 ποιεῖσθαι
3446 3322 3544 3394 τὴν
3579 3321 3761 3376 αἰτίαν
3785 3322 3886 3376 οὐκ
3913 3322 3941 3375 Ξ
3948 3340 4078 3391 χον-

2485 3431 2583 3475 τας
2635 3413 2954 3484 συμϐαλεῖν.
3002 3413 3109 3467 Τὸν
3156 3414 3212 3468 δι
3264 3414 3439 3484 μέγαν
3467 3413 3530 3467 οὐ
3569 3411 3818 3482 φανερῶς
3846 3413 4075 3481 ἐλέγξαι

2486 3505 3032 3577 βουλόμενον,ήρέμα
3064 3505 3202 3576 πρὸς
3222 3507 3312 3560 τὸν
3341 3507 3830 3576 ἀδικοῦντα,’ορα,
3850 3506 4075 3573 τέκνον,

2485 3597 2686 3661 είπεῖν,
2718 3597 2792 3667 μή
2819 3613 2950 3650 ποτε
2981 3597 3043 3650 οὐ
3073 3602 3252 3669 μάτην
3296 3597 3470 3651 ταῦτα
3497 3598 3559 3649 τδ
3587 3595 3750 3662 ζῶον,
3803 3595 3930 3650 οὔτε
3964 3595 4076 3668 μὴν

2485 3686 2696 3753 ἀλόγως
2730 3685 2954 3756 ἄχθεται
2983 3688 3051 3757 τῇ
3083 3689 3379 3757 ἀπαγωγῇ,
3409 3686 3524 3740 ἀλλ’
3550 3687 3634 3741 ότι
3661 3688 3736 3757 μὴ
3767 3690 3862 3740 καὶ
3890 3686 4075 3757 αὐτῆς

3607 3776 3799 3842 Οὕτως
3861 3780 4077 3841 ἐκεῖνος

2488 3869 2676 3933 ἁλιεὺς
2710 3871 2962 3939 πληγεὶς,
2992 3871 3118 3925 νοῦν
3144 3871 3367 3940 ἠνεγκε,
3421 3871 3517 3925 καὶ
3568 3871 3650 3934 είς
3687 3868 3948 3940 αίσθησιν
3983 3867 4078 3922 ἰλ-

2486 3962 2596 4016 θὼν
2621 3956 2792 4032 οὗπερ
2819 3964 3066 4034 ιόρασεν.
3101 3961 3235 4016 αὐτό
3296 3978 3356 4014 τε
3394 3960 3751 4029 διωμολόγει,
3783 3961 3883 4014 καὶ
3933 3975 4075 4028 συγ-

2488 4052 2717 4124 γνώμην
2751 4057 2952 4127 ῂτεῖτο,
2990 4055 3185 4108 ἔπειτα
3229 4052 3327 4108 καὶ
3354 4055 3454 4124 τὴν
3498 4053 3640 4122 ὑπὶρ
3674 4051 3777 4121 τῆς
3808 4053 3944 4121 μιᾶς
3985 4067 4074 4104 ιιι⁴

2488 4146 2598 4217 μὴν
2623 4146 3022 4216 καταθέμενος,
3055 4146 3159 4199 οὐκ
3189 4145 3272 4200 ιτι
3309 4144 3534 4212 βοῶσαν
3569 4139 3692 4215 εἶχε
3743 4143 3841 4195 καὶ
3902 4145 4071 4195 ἀντι-

2486 4241 2797 4305 ϐαίνουσαν,
2825 4239 2941 4295 ἀλλ’
2971 4237 3194 4312 ἡσύχως
3256 4240 3379 4304 ταῖς
3409 4236 3600 4300 mu;
3657 4236 4074 4306 συνεπομένην.

2485 4335 2596 4389 Καὶ
2631 4331 2786 4397 οὗτος
2829 4333 2928 4402 μὶν
2966 4331 3165 4396 οὕτως.

2556 4421 2683 4480 κζ’.
2723 4418 2952 4494 Ἕτερος
2974 4423 3058 4488 6‘s,
3091 4421 3206 4475 ἀλλ’
3241 4419 3450 4476 ἄνωθεν
3484 4417 3645 4474 τοῦτο
3699 4416 3832 4489 ἐρῶ.
3874 4420 3969 4474 Ἐν
4004 4421 4082 4490 τῇ

2485 4520 2633 4590 νήσῳ
2662 4516 2823 4587 κώμη
2855 4515 2936 4578 τίς
2969 4516 3118 4568 ἔστιν
3157 4513 3402 4585 Ἐρυθρά
3430 4512 3748 4582 καλουμένη
3779 4514 4086 4567 Κωναταν-

2489 4611 2611 4672 τίας
2658 4609 2832 4679 δήπου
2885 4606 2984 4676 τῆς
3025 4607 3418 4678 μητροπόλεως
3449 4604 3510 4658 οὐ
3543 4604 3783 4674 μακράν.
3823 4603 4082 4667 Σταόίοις

2487 4701 2597 4770 γὰρ
2629 4701 2822 4772 ἀπέχει
2843 4700 2904 4753 οὐ
2935 4698 3098 4751 πλέον
3127 4695 3443 4768 τριάκοντα.
3483 4695 3754 4750 Ἐνταῦθα
3779 4696 3925 4749 κατά
3948 4714 4077 4750 τινα

2487 4794 2677 4865 χρείαν
2734 4795 2763 4846 6
2832 4793 3010 4864 μέγας
3071 4789 3462 4860 πεφοιτηκὼς,
3525 4789 3724 4842 είσεισι
3801 4790 3892 4841 τὸν
3947 4791 4082 4842 ναὶιν

2487 4883 2799 4957 προσευχῆς
2833 4885 3016 4954 χάριν,
3046 4885 3143 4937 καὶ
3179 4884 3289 4935 τῶν
3317 4881 3633 4951 ἐπιχωρίων
3677 4880 3919 4946 διακόνῳ
3941 4883 4081 4944 τινὶ,

2487 4979 2752 5046 ὶπίτομον
2815 4975 3004 5029 θέσθαι
3044 4975 3143 5045 τὴν
3202 4972 3506 5044 ίερολογίαν
3561 4971 3802 5026 ικὲλευε.
3840 4970 3921 5040 Τῇ
3964 4974 4083 5041 γὰρ

2485 5070 2592 5141 όδῷ
2615 5067 2780 5140 πολλῇ
2801 5066 2938 5139 οὔσῃ
2964 5065 3293 5136 πεπονηκὼς
3323 5062 3413 5136 ἦν,
3456 5065 3550 5118 καὶ
3587 5065 3825 5134 μάλιστα
3855 5063 4085 5133 θερείας

2488 5161 2658 5233 οὔσης
2719 5163 2820 5233 τῆς
2861 5160 3032 5231 ὥρας,
3104 5161 3200 5213 καὶ
3235 5157 3329 5212 τοῦ
3357 5158 3643 5221 καύσωνος
3701 5158 3760 5211 τό
3801 5173 3863 5210 τε
3905 5158 4086 5213 πολὺν

2489 5254 2642 5326 αὐτῷ
2708 5254 2802 5308 τὸν
2864 5255 3112 5323 κάματον
3179 5252 3534 5323 ἐμϐαλόντος.
3583 5249 3645 5304 '0
3691 5251 3750 5304 6t
3805 5249 4087 5320 σχολαίως

2491 5348 2690 5418 μᾶλλον
2714 5348 2934 5418 ἐχρῆτο,
2977 5347 3070 5399 καὶ
3118 5345 3285 5410 ἑκὼν,
3324 5344 3613 5414 παρέτεινε
3651 5343 3957 5413 φιλοτίμως
3980 5342 4082 5396 δό-

2491 5440 2608 5506 ξαν,
2651 5440 2725 5503 ῶς
2764 5440 2962 5503 ἔοικεν,
2997 5440 3061 5491 ὲκ
3091 5436 3246 5490 τοῦδε
3306 5437 3408 5507 τὴν
3446 5433 3683 5504 ματαίαν
3715 5431 4082 5502 θηρώμενος.

2489 5531 2664 5602 Δριμὺ
2682 5528 2773 5582 οὖν
2795 5527 2994 5597 όφῦσει
3013 5529 3319 5599 πραότατος
3341 5525 3624 5595 ὶμσλιψας
3647 5523 3819 5594 αὐτῷ.
3845 5523 4082 5590 Σιώπα,

2493 5621 2809 5690 πληκτικῶς
2859 5621 2990 5691 εφη,
3033 5622 3127 5673 καὶ
3156 5617 3238 5687 6;,
3283 5619 3540 5688 καθάπερ
3567 5618 3674 5671 τινὶ
3718 5616 4085 5689 γλωττοπὲῦῃ

2488 5713 2549 5766 τὸ
2570 5713 2750 5781 λέγειν
2779 5711 3118 5783 ἀφαιρεθεὶς,
3147 5709 3421 5782 ἀφθόγγος
3453 5707 3541 5783 ἦν,
3594 5711 3686 5762 τὸν
3729 5710 3929 5780 εἱρμὸν
3968 5713 4083 5779 τῆς

2493 5802 2841 5876 ῠπᾳθομίνης
2867 5786 3032 5875 εὖχῆς
3091 5802 3239 5876 αὑτῷ
3275 5804 3337 5858 τό
3370 5817 3429 5857 τε
3491 5801 3834 5872 παραχρῆμα
3878 5799 4082 5856 Gustu.
