  <div class='ocr_page' id='page_1' title='image "/cluster/home/n/w/nwhite01/storage/ocr_20150623/116/nnc1.0046980156/254.png"; bbox 0 0 4260 6430; ppageno 0'>
   <div class='ocr_carea' id='block_1_1' title="bbox 228 351 337 413">
    <p class='ocr_par' dir='ltr' id='par_1_1' title="bbox 228 351 337 413">
     <span class='ocr_line' id='line_1_1' title="bbox 228 351 337 413; baseline 0.028 -3"><span class='ocrx_word' id='word_1_1' title='bbox 228 351 337 413; x_wconf 71' lang='lat' dir='ltr'><strong>N9</strong></span> 
     </span>
    </p>
   </div>
   <div class='ocr_carea' id='block_1_2' title="bbox 1459 347 2265 410">
    <p class='ocr_par' dir='ltr' id='par_1_2' title="bbox 1459 347 2265 410">
     <span class='ocr_line' id='line_1_2' title="bbox 1459 347 2265 410; baseline -0.004 0"><span class='ocrx_word' id='word_1_2' title='bbox 1459 349 1632 410; x_wconf 74' lang='lat' dir='ltr'><strong>VlTA</strong></span> <span class='ocrx_word' id='word_1_3' title='bbox 1676 348 1733 407; x_wconf 92' lang='lat' dir='ltr'><strong>S.</strong></span> <span class='ocrx_word' id='word_1_4' title='bbox 1777 347 2265 408; x_wconf 77' lang='lat' dir='ltr'><strong>SPYRIDONIS.</strong></span> 
     </span>
    </p>
   </div>
   <div class='ocr_carea' id='block_1_3' title="bbox 3385 347 3492 413">
    <p class='ocr_par' dir='ltr' id='par_1_3' title="bbox 3385 347 3492 413">
     <span class='ocr_line' id='line_1_3' title="bbox 3385 347 3492 413; baseline 0.028 -3"><span class='ocrx_word' id='word_1_5' title='bbox 3385 347 3492 413; x_wconf 66' lang='grc'><strong>450</strong></span> 
     </span>
    </p>
   </div>
   <div class='ocr_carea' id='block_1_4' title="bbox 230 459 1912 534">
    <p class='ocr_par' dir='ltr' id='par_1_4' title="bbox 230 459 1887 531">
     <span class='ocr_line' id='line_1_4' title="bbox 230 459 1887 531; baseline -0.001 -14"><span class='ocrx_word' id='word_1_6' title='bbox 230 465 381 526; x_wconf 79' lang='grc' dir='ltr'>πείς.</span> <span class='ocrx_word' id='word_1_7' title='bbox 426 461 588 515; x_wconf 70' lang='grc' dir='ltr'>Ἀλλὰ</span> <span class='ocrx_word' id='word_1_8' title='bbox 628 461 725 515; x_wconf 82' lang='grc' dir='ltr'>τοῦ</span> <span class='ocrx_word' id='word_1_9' title='bbox 766 460 914 515; x_wconf 76' lang='grc' dir='ltr'>ὁσίου</span> <span class='ocrx_word' id='word_1_10' title='bbox 952 460 1043 515; x_wconf 74' lang='grc' dir='ltr'>τὸν</span> <span class='ocrx_word' id='word_1_11' title='bbox 1083 459 1330 515; x_wconf 65' lang='grc' dir='ltr'>ἐλλεῖπον</span> <span class='ocrx_word' id='word_1_12' title='bbox 1365 462 1812 531; x_wconf 51' lang='grc' dir='ltr'>,ἀναπληρώσαν-</span> <span class='ocrx_word' id='word_1_13' title='bbox 1848 470 1887 522; x_wconf 77' lang='grc' dir='ltr'><strong>Α</strong></span> 
     </span>
    </p>
   </div>
   <div class='ocr_carea' id='block_1_5' title="bbox 1818 459 3500 534">
    <p class='ocr_par' dir='ltr' id='par_1_5' title="bbox 1848 460 3500 534">
     <span class='ocr_line' id='line_1_5' title="bbox 1848 460 3500 534; baseline 0.005 -19"><span class='ocrx_word' id='word_1_14' title='bbox 1848 470 1887 522; x_wconf 78' lang='grc' dir='ltr'><strong>Α</strong></span> <span class='ocrx_word' id='word_1_15' title='bbox 1922 471 2147 530; x_wconf 86' lang='lat' dir='ltr'><strong>repente</strong></span> <span class='ocrx_word' id='word_1_16' title='bbox 2184 460 2491 530; x_wconf 81' lang='lat' dir='ltr'><strong>interrupta</strong></span> <span class='ocrx_word' id='word_1_17' title='bbox 2538 461 2679 517; x_wconf 87' lang='lat' dir='ltr'><strong>serie</strong></span> <span class='ocrx_word' id='word_1_18' title='bbox 2716 463 2998 527; x_wconf 88' lang='lat' dir='ltr'><strong>orationis,</strong></span> <span class='ocrx_word' id='word_1_19' title='bbox 3026 479 3146 534; x_wconf 68' lang='lat' dir='ltr'><strong>qua:</strong></span> <span class='ocrx_word' id='word_1_20' title='bbox 3179 472 3305 520; x_wconf 91' lang='lat' dir='ltr'><strong>tunc</strong></span> <span class='ocrx_word' id='word_1_21' title='bbox 3336 466 3403 520; x_wconf 87' lang='lat' dir='ltr'><strong>ab</strong></span> <span class='ocrx_word' id='word_1_22' title='bbox 3432 482 3500 523; x_wconf 93' lang='lat' dir='ltr'><strong>eo</strong></span> 
     </span>
    </p>
   </div>
   <div class='ocr_carea' id='block_1_6' title="bbox 230 534 1811 626">
    <p class='ocr_par' dir='ltr' id='par_1_6' title="bbox 230 534 1811 626">
     <span class='ocr_line' id='line_1_6' title="bbox 230 534 1811 626; baseline 0 -18"><span class='ocrx_word' id='word_1_23' title='bbox 230 573 344 619; x_wconf 85' lang='grc' dir='ltr'>τος,</span> <span class='ocrx_word' id='word_1_24' title='bbox 376 554 713 623; x_wconf 76' lang='grc' dir='ltr'><strong>προσπίπτει</strong></span> <span class='ocrx_word' id='word_1_25' title='bbox 750 554 891 624; x_wconf 85' lang='grc' dir='ltr'>μετὰ</span> <span class='ocrx_word' id='word_1_26' title='bbox 931 554 1085 618; x_wconf 79' lang='grc' dir='ltr'>τέλος</span> <span class='ocrx_word' id='word_1_27' title='bbox 1120 554 1371 618; x_wconf 70' lang='grc' dir='ltr'>ἐλεεινὸς,</span> <span class='ocrx_word' id='word_1_28' title='bbox 1394 534 1433 607; x_wconf 52' lang='grc' dir='ltr'><strong>’ὁ</strong></span> <span class='ocrx_word' id='word_1_29' title='bbox 1470 556 1578 625; x_wconf 79' lang='grc' dir='ltr'>πρὸ</span> <span class='ocrx_word' id='word_1_30' title='bbox 1616 554 1811 626; x_wconf 79' lang='grc' dir='ltr'><strong>μικροῦ</strong></span> 
     </span>
    </p>
   </div>
   <div class='ocr_carea' id='block_1_7' title="bbox 232 646 1813 719">
    <p class='ocr_par' dir='ltr' id='par_1_7' title="bbox 232 646 1813 719">
     <span class='ocr_line' id='line_1_7' title="bbox 232 646 1813 719; baseline -0.001 -19"><span class='ocrx_word' id='word_1_31' title='bbox 232 647 370 715; x_wconf 77' lang='grc' dir='ltr'>παρ’</span> <span class='ocrx_word' id='word_1_32' title='bbox 402 646 579 719; x_wconf 77' lang='grc' dir='ltr'>έαυτῷ</span> <span class='ocrx_word' id='word_1_33' title='bbox 609 647 833 719; x_wconf 70' lang='grc' dir='ltr'>ὑψηλὸς,</span> <span class='ocrx_word' id='word_1_34' title='bbox 866 647 1080 715; x_wconf 75' lang='grc' dir='ltr'>ἄφωνος</span> <span class='ocrx_word' id='word_1_35' title='bbox 1128 648 1157 699; x_wconf 99' lang='lat'><strong>6</strong></span> <span class='ocrx_word' id='word_1_36' title='bbox 1197 647 1471 717; x_wconf 85' lang='grc' dir='ltr'>πρότερον</span> <span class='ocrx_word' id='word_1_37' title='bbox 1512 648 1813 719; x_wconf 75' lang='grc' dir='ltr'><strong>πληθύνων</strong></span> 
     </span>
    </p>
   </div>
   <div class='ocr_carea' id='block_1_8' title="bbox 230 739 1814 812">
    <p class='ocr_par' dir='ltr' id='par_1_8' title="bbox 230 739 1814 812">
     <span class='ocr_line' id='line_1_8' title="bbox 230 739 1814 812; baseline -0.003 -17"><span class='ocrx_word' id='word_1_38' title='bbox 230 743 294 795; x_wconf 75' lang='grc' dir='ltr'><strong>έν</strong></span> <span class='ocrx_word' id='word_1_39' title='bbox 326 743 535 812; x_wconf 77' lang='grc' dir='ltr'>ῥήμασι</span> <span class='ocrx_word' id='word_1_40' title='bbox 577 742 672 794; x_wconf 83' lang='grc' dir='ltr'>καὶ</span> <span class='ocrx_word' id='word_1_41' title='bbox 721 740 797 811; x_wconf 77' lang='grc' dir='ltr'>μὴ</span> <span class='ocrx_word' id='word_1_42' title='bbox 848 741 1091 812; x_wconf 77' lang='grc' dir='ltr'>εὐκαίρῳ</span> <span class='ocrx_word' id='word_1_43' title='bbox 1130 740 1384 809; x_wconf 76' lang='grc' dir='ltr'>διατριϐῇ</span> <span class='ocrx_word' id='word_1_44' title='bbox 1418 740 1647 809; x_wconf 83' lang='grc' dir='ltr'>χαίρων.</span> <span class='ocrx_word' id='word_1_45' title='bbox 1692 739 1814 791; x_wconf 86' lang='grc' dir='ltr'>Τῶν</span> 
     </span>
    </p>
   </div>
   <div class='ocr_carea' id='block_1_9' title="bbox 230 830 1815 903">
    <p class='ocr_par' dir='ltr' id='par_1_9' title="bbox 230 830 1815 903">
     <span class='ocr_line' id='line_1_9' title="bbox 230 830 1815 903; baseline -0.003 -16"><span class='ocrx_word' id='word_1_46' title='bbox 230 832 291 887; x_wconf 66' lang='grc' dir='ltr'>δὲ</span> <span class='ocrx_word' id='word_1_47' title='bbox 319 833 419 903; x_wconf 78' lang='grc' dir='ltr'>τὴν</span> <span class='ocrx_word' id='word_1_48' title='bbox 455 832 654 903; x_wconf 85' lang='grc' dir='ltr'>κώμην</span> <span class='ocrx_word' id='word_1_49' title='bbox 687 831 987 886; x_wconf 71' lang='grc' dir='ltr'><strong>οἰκούντων</strong></span> <span class='ocrx_word' id='word_1_50' title='bbox 1016 832 1143 897; x_wconf 81' lang='grc' dir='ltr'>τοὺς</span> <span class='ocrx_word' id='word_1_51' title='bbox 1194 832 1470 901; x_wconf 89' lang='grc' dir='ltr'>παρόντας</span> <span class='ocrx_word' id='word_1_52' title='bbox 1511 833 1609 901; x_wconf 76' lang='grc' dir='ltr'>μὲν</span> <span class='ocrx_word' id='word_1_53' title='bbox 1649 830 1815 900; x_wconf 76' lang='grc' dir='ltr'>φόϐος</span> 
     </span>
    </p>
   </div>
   <div class='ocr_carea' id='block_1_10' title="bbox 232 925 1808 998">
    <p class='ocr_par' dir='ltr' id='par_1_10' title="bbox 232 925 1808 998">
     <span class='ocr_line' id='line_1_10' title="bbox 232 925 1808 998; baseline -0.001 -20"><span class='ocrx_word' id='word_1_54' title='bbox 232 926 410 998; x_wconf 71' lang='grc' dir='ltr'>εἰσῄει</span> <span class='ocrx_word' id='word_1_55' title='bbox 433 942 447 957; x_wconf 76' lang='grc' dir='ltr'><strong>ο</strong></span> <span class='ocrx_word' id='word_1_56' title='bbox 482 926 608 989; x_wconf 82' lang='grc' dir='ltr'>τοὺς</span> <span class='ocrx_word' id='word_1_57' title='bbox 632 926 688 980; x_wconf 76' lang='grc' dir='ltr'>δὲ</span> <span class='ocrx_word' id='word_1_58' title='bbox 714 929 956 990; x_wconf 78' lang='grc' dir='ltr'><strong>ἀπόντας</strong></span> <span class='ocrx_word' id='word_1_59' title='bbox 984 929 1017 997; x_wconf 79' lang='grc' dir='ltr'><strong>ὴ</strong></span> <span class='ocrx_word' id='word_1_60' title='bbox 1058 927 1216 997; x_wconf 79' lang='grc' dir='ltr'>φήμη</span> <span class='ocrx_word' id='word_1_61' title='bbox 1260 925 1579 995; x_wconf 70' lang='grc' dir='ltr'><strong>συντρέχειν</strong></span> <span class='ocrx_word' id='word_1_62' title='bbox 1610 925 1808 977; x_wconf 76' lang='grc' dir='ltr'>ἐποίει.</span> 
     </span>
    </p>
   </div>
   <div class='ocr_carea' id='block_1_11' title="bbox 232 1015 1811 1096">
    <p class='ocr_par' dir='ltr' id='par_1_11' title="bbox 232 1015 1811 1096">
     <span class='ocr_line' id='line_1_11' title="bbox 232 1015 1811 1096; baseline -0.003 -23"><span class='ocrx_word' id='word_1_63' title='bbox 232 1016 349 1073; x_wconf 79' lang='grc' dir='ltr'><strong>Καὶ</strong></span> <span class='ocrx_word' id='word_1_64' title='bbox 386 1018 599 1096; x_wconf 71' lang='grc' dir='ltr'>πολλῷν</span> <span class='ocrx_word' id='word_1_65' title='bbox 639 1018 801 1083; x_wconf 82' lang='grc' dir='ltr'>εὐθὺς</span> <span class='ocrx_word' id='word_1_66' title='bbox 838 1022 1199 1091; x_wconf 71' lang='grc' dir='ltr'>συρῤεόντων,</span> <span class='ocrx_word' id='word_1_67' title='bbox 1241 1018 1359 1087; x_wconf 78' lang='grc' dir='ltr'>ἅμα</span> <span class='ocrx_word' id='word_1_68' title='bbox 1402 1018 1500 1087; x_wconf 85' lang='grc' dir='ltr'>μὲν</span> <span class='ocrx_word' id='word_1_69' title='bbox 1552 1019 1609 1070; x_wconf 83' lang='grc' dir='ltr'><strong>έν</strong></span> <span class='ocrx_word' id='word_1_70' title='bbox 1677 1015 1811 1070; x_wconf 88' lang='grc' dir='ltr'>θαύ-</span> 
     </span>
    </p>
   </div>
   <div class='ocr_carea' id='block_1_12' title="bbox 237 1109 1813 1182">
    <p class='ocr_par' dir='ltr' id='par_1_12' title="bbox 237 1109 1813 1182">
     <span class='ocr_line' id='line_1_12' title="bbox 237 1109 1813 1182; baseline -0.003 -18"><span class='ocrx_word' id='word_1_71' title='bbox 237 1128 373 1179; x_wconf 84' lang='grc' dir='ltr'>ματι</span> <span class='ocrx_word' id='word_1_72' title='bbox 401 1111 498 1164; x_wconf 84' lang='grc' dir='ltr'><strong>τοῦ</strong></span> <span class='ocrx_word' id='word_1_73' title='bbox 536 1111 800 1182; x_wconf 82' lang='grc' dir='ltr'>μεγάλου,</span> <span class='ocrx_word' id='word_1_74' title='bbox 846 1111 963 1179; x_wconf 73' lang='grc' dir='ltr'>ἅμα</span> <span class='ocrx_word' id='word_1_75' title='bbox 987 1112 1043 1164; x_wconf 73' lang='grc' dir='ltr'>δὲ</span> <span class='ocrx_word' id='word_1_76' title='bbox 1075 1113 1170 1165; x_wconf 56' lang='grc' dir='ltr'><strong>καὶ⁵</strong></span> <span class='ocrx_word' id='word_1_77' title='bbox 1214 1109 1310 1164; x_wconf 83' lang='grc' dir='ltr'>τοῦ</span> <span class='ocrx_word' id='word_1_78' title='bbox 1350 1110 1615 1171; x_wconf 77' lang='grc' dir='ltr'>παθόντος</span> <span class='ocrx_word' id='word_1_79' title='bbox 1656 1109 1813 1176; x_wconf 79' lang='grc' dir='ltr'>έλέῳ,</span> 
     </span>
    </p>
   </div>
   <div class='ocr_carea' id='block_1_13' title="bbox 233 1194 1818 1271">
    <p class='ocr_par' dir='ltr' id='par_1_13' title="bbox 233 1194 1818 1271">
     <span class='ocr_line' id='line_1_13' title="bbox 233 1194 1818 1271; baseline 0.001 -19"><span class='ocrx_word' id='word_1_80' title='bbox 233 1200 332 1253; x_wconf 77' lang='grc' dir='ltr'>καὶ</span> <span class='ocrx_word' id='word_1_81' title='bbox 368 1201 607 1271; x_wconf 83' lang='grc' dir='ltr'>μάλιστα</span> <span class='ocrx_word' id='word_1_82' title='bbox 665 1203 773 1253; x_wconf 85' lang='grc' dir='ltr'>τῶν</span> <span class='ocrx_word' id='word_1_83' title='bbox 806 1202 1085 1271; x_wconf 77' lang='grc' dir='ltr'><strong>συγγενῶν</strong></span> <span class='ocrx_word' id='word_1_84' title='bbox 1132 1202 1299 1255; x_wconf 79' lang='grc' dir='ltr'>αὐτοῦ</span> <span class='ocrx_word' id='word_1_85' title='bbox 1338 1203 1429 1254; x_wconf 72' lang='grc' dir='ltr'>καὶ</span> <span class='ocrx_word' id='word_1_86' title='bbox 1463 1202 1701 1265; x_wconf 77' lang='grc' dir='ltr'><strong>οἰκείων,</strong></span> <span class='ocrx_word' id='word_1_87' title='bbox 1744 1194 1818 1253; x_wconf 75' lang='grc' dir='ltr'>ὧν</span> 
     </span>
    </p>
   </div>
   <div class='ocr_carea' id='block_1_14' title="bbox 158 1276 1816 1363">
    <p class='ocr_par' dir='ltr' id='par_1_14' title="bbox 158 1276 1816 1363">
     <span class='ocr_line' id='line_1_14' title="bbox 158 1276 1816 1363; baseline 0.005 -20"><span class='ocrx_word' id='word_1_88' title='bbox 158 1276 164 1280; x_wconf 47' lang='grc'><strong>’</strong></span> <span class='ocrx_word' id='word_1_89' title='bbox 233 1292 438 1345; x_wconf 81' lang='grc' dir='ltr'>αὐτίκα</span> <span class='ocrx_word' id='word_1_90' title='bbox 469 1296 564 1346; x_wconf 78' lang='grc' dir='ltr'>καὶ</span> <span class='ocrx_word' id='word_1_91' title='bbox 602 1294 875 1361; x_wconf 85' lang='grc' dir='ltr'>δεομένων</span> <span class='ocrx_word' id='word_1_92' title='bbox 905 1298 1005 1363; x_wconf 82' lang='grc' dir='ltr'>τῆς</span> <span class='ocrx_word' id='word_1_93' title='bbox 1055 1295 1312 1361; x_wconf 80' lang='grc' dir='ltr'><strong>γενναίας</strong></span> <span class='ocrx_word' id='word_1_94' title='bbox 1354 1295 1570 1363; x_wconf 81' lang='grc' dir='ltr'>έκείνης</span> <span class='ocrx_word' id='word_1_95' title='bbox 1612 1294 1816 1363; x_wconf 78' lang='grc' dir='ltr'>ψυχῆς.</span> 
     </span>
    </p>
   </div>
   <div class='ocr_carea' id='block_1_15' title="bbox 237 1384 1819 1457">
    <p class='ocr_par' dir='ltr' id='par_1_15' title="bbox 237 1384 1819 1457">
     <span class='ocr_line' id='line_1_15' title="bbox 237 1384 1819 1457; baseline 0.002 -22"><span class='ocrx_word' id='word_1_96' title='bbox 237 1384 665 1456; x_wconf 60' lang='grc' dir='ltr'>συγγνῶναιντῷ</span> <span class='ocrx_word' id='word_1_97' title='bbox 689 1386 788 1455; x_wconf 84' lang='grc' dir='ltr'>τὴν</span> <span class='ocrx_word' id='word_1_98' title='bbox 820 1386 1065 1455; x_wconf 79' lang='grc' dir='ltr'>ἀφωνίαν</span> <span class='ocrx_word' id='word_1_99' title='bbox 1106 1386 1520 1457; x_wconf 70' lang='grc' dir='ltr'>κατακριθέντι,</span> <span class='ocrx_word' id='word_1_100' title='bbox 1556 1388 1647 1439; x_wconf 71' lang='grc' dir='ltr'>καὶ</span> <span class='ocrx_word' id='word_1_101' title='bbox 1675 1388 1819 1439; x_wconf 83' lang='grc' dir='ltr'>ὑπα-</span> 
     </span>
    </p>
   </div>
   <div class='ocr_carea' id='block_1_16' title="bbox 234 1476 1819 1550">
    <p class='ocr_par' dir='ltr' id='par_1_16' title="bbox 234 1476 1819 1550">
     <span class='ocr_line' id='line_1_16' title="bbox 234 1476 1819 1550; baseline 0.001 -21"><span class='ocrx_word' id='word_1_102' title='bbox 234 1479 407 1529; x_wconf 80' lang='grc' dir='ltr'>νεῐναι</span> <span class='ocrx_word' id='word_1_103' title='bbox 449 1476 598 1544; x_wconf 80' lang='grc' dir='ltr'><strong>αύτῷ</strong></span> <span class='ocrx_word' id='word_1_104' title='bbox 638 1481 730 1531; x_wconf 82' lang='grc' dir='ltr'>τὸν</span> <span class='ocrx_word' id='word_1_105' title='bbox 779 1478 994 1548; x_wconf 71' lang='grc' dir='ltr'>δεσμὸν,</span> <span class='ocrx_word' id='word_1_106' title='bbox 1046 1480 1162 1550; x_wconf 65' lang='grc' dir='ltr'><strong>⁴ὅρα</strong></span> <span class='ocrx_word' id='word_1_107' title='bbox 1214 1479 1266 1531; x_wconf 87' lang='grc' dir='ltr'><strong>τί</strong></span> <span class='ocrx_word' id='word_1_108' title='bbox 1326 1480 1471 1531; x_wconf 83' lang='grc' dir='ltr'>ποιεῖ</span> <span class='ocrx_word' id='word_1_109' title='bbox 1507 1482 1534 1532; x_wconf 92' lang='lat'><strong>6</strong></span> <span class='ocrx_word' id='word_1_110' title='bbox 1572 1479 1819 1549; x_wconf 74' lang='grc' dir='ltr'>ἐμμελὴς</span> 
     </span>
    </p>
   </div>
   <div class='ocr_carea' id='block_1_17' title="bbox 240 1571 1819 1643">
    <p class='ocr_par' dir='ltr' id='par_1_17' title="bbox 240 1571 1819 1643">
     <span class='ocr_line' id='line_1_17' title="bbox 240 1571 1819 1643; baseline 0.001 -21"><span class='ocrx_word' id='word_1_111' title='bbox 240 1572 455 1631; x_wconf 75' lang='grc' dir='ltr'>ἐκεῖνος</span> <span class='ocrx_word' id='word_1_112' title='bbox 486 1573 583 1624; x_wconf 65' lang='grc' dir='ltr'><strong>καὶ</strong></span> <span class='ocrx_word' id='word_1_113' title='bbox 608 1571 729 1623; x_wconf 85' lang='grc' dir='ltr'>λίαν</span> <span class='ocrx_word' id='word_1_114' title='bbox 772 1574 870 1639; x_wconf 79' lang='grc' dir='ltr'>τὴν</span> <span class='ocrx_word' id='word_1_115' title='bbox 918 1571 1121 1643; x_wconf 79' lang='grc' dir='ltr'>ἀρετὴν</span> <span class='ocrx_word' id='word_1_116' title='bbox 1172 1572 1533 1641; x_wconf 77' lang='grc' dir='ltr'>εὐάρμοστος.</span> <span class='ocrx_word' id='word_1_117' title='bbox 1602 1572 1679 1641; x_wconf 83' lang='grc' dir='ltr'><strong>Τῇ</strong></span> <span class='ocrx_word' id='word_1_118' title='bbox 1710 1573 1819 1641; x_wconf 75' lang='grc' dir='ltr'><strong>γὰρ</strong></span> 
     </span>
    </p>
   </div>
   <div class='ocr_carea' id='block_1_18' title="bbox 238 1663 1820 1734">
    <p class='ocr_par' dir='ltr' id='par_1_18' title="bbox 238 1663 1820 1734">
     <span class='ocr_line' id='line_1_18' title="bbox 238 1663 1820 1734; baseline 0.001 -19"><span class='ocrx_word' id='word_1_119' title='bbox 238 1663 426 1731; x_wconf 78' lang='grc' dir='ltr'><strong>δεήσει</strong></span> <span class='ocrx_word' id='word_1_120' title='bbox 454 1666 553 1731; x_wconf 79' lang='grc' dir='ltr'>μὲν</span> <span class='ocrx_word' id='word_1_121' title='bbox 591 1664 994 1732; x_wconf 78' lang='grc' dir='ltr'>έπικλώμενος·</span> <span class='ocrx_word' id='word_1_122' title='bbox 1031 1664 1107 1734; x_wconf 82' lang='grc' dir='ltr'>τῷ</span> <span class='ocrx_word' id='word_1_123' title='bbox 1130 1664 1185 1716; x_wconf 81' lang='grc' dir='ltr'>δὲ</span> <span class='ocrx_word' id='word_1_124' title='bbox 1220 1664 1471 1727; x_wconf 72' lang='grc' dir='ltr'>παιδείας</span> <span class='ocrx_word' id='word_1_125' title='bbox 1507 1664 1587 1717; x_wconf 76' lang='grc' dir='ltr'>ἔτι</span> <span class='ocrx_word' id='word_1_126' title='bbox 1611 1666 1820 1717; x_wconf 82' lang='grc' dir='ltr'>δεῖσθαι</span> 
     </span>
    </p>
   </div>
   <div class='ocr_carea' id='block_1_19' title="bbox 239 1755 1822 1826">
    <p class='ocr_par' dir='ltr' id='par_1_19' title="bbox 239 1755 1822 1826">
     <span class='ocr_line' id='line_1_19' title="bbox 239 1755 1822 1826; baseline 0.002 -20"><span class='ocrx_word' id='word_1_127' title='bbox 239 1756 335 1807; x_wconf 79' lang='grc' dir='ltr'><strong>τὸν</strong></span> <span class='ocrx_word' id='word_1_128' title='bbox 368 1755 618 1809; x_wconf 86' lang='grc' dir='ltr'>διάκονον</span> <span class='ocrx_word' id='word_1_129' title='bbox 650 1757 1047 1825; x_wconf 68' lang='grc' dir='ltr'>ἀνθελκόμενος</span> <span class='ocrx_word' id='word_1_130' title='bbox 1088 1756 1256 1825; x_wconf 81' lang='grc' dir='ltr'>(έώρα</span> <span class='ocrx_word' id='word_1_131' title='bbox 1282 1757 1390 1826; x_wconf 86' lang='grc' dir='ltr'>γὰρ</span> <span class='ocrx_word' id='word_1_132' title='bbox 1423 1759 1517 1809; x_wconf 79' lang='grc' dir='ltr'>καὶ</span> <span class='ocrx_word' id='word_1_133' title='bbox 1544 1756 1701 1809; x_wconf 79' lang='grc' dir='ltr'>τοῦτο</span> <span class='ocrx_word' id='word_1_134' title='bbox 1736 1758 1822 1809; x_wconf 84' lang='grc' dir='ltr'>διὰ</span> 
     </span>
    </p>
   </div>
   <div class='ocr_carea' id='block_1_20' title="bbox 238 1846 1823 1918">
    <p class='ocr_par' dir='ltr' id='par_1_20' title="bbox 238 1846 1823 1918">
     <span class='ocr_line' id='line_1_20' title="bbox 238 1846 1823 1918; baseline 0 -19"><span class='ocrx_word' id='word_1_135' title='bbox 238 1846 337 1900; x_wconf 85' lang='grc' dir='ltr'>τοῦ</span> <span class='ocrx_word' id='word_1_136' title='bbox 376 1848 740 1917; x_wconf 68' lang='grc' dir='ltr'>Πνεύματος),</span> <span class='ocrx_word' id='word_1_137' title='bbox 770 1848 982 1918; x_wconf 76' lang='grc' dir='ltr'>μερίζει</span> <span class='ocrx_word' id='word_1_138' title='bbox 1005 1846 1101 1917; x_wconf 78' lang='grc' dir='ltr'>τὴν</span> <span class='ocrx_word' id='word_1_139' title='bbox 1141 1851 1426 1916; x_wconf 78' lang='grc' dir='ltr'>ἐπιτιμίαν</span> <span class='ocrx_word' id='word_1_140' title='bbox 1450 1850 1705 1910; x_wconf 79' lang='grc' dir='ltr'>ἀστείως,</span> <span class='ocrx_word' id='word_1_141' title='bbox 1731 1852 1823 1901; x_wconf 85' lang='grc' dir='ltr'>καί</span> 
     </span>
    </p>
   </div>
   <div class='ocr_carea' id='block_1_21' title="bbox 241 1938 1823 2012">
    <p class='ocr_par' dir='ltr' id='par_1_21' title="bbox 241 1938 1823 2012">
     <span class='ocr_line' id='line_1_21' title="bbox 241 1938 1823 2012; baseline 0.002 -22"><span class='ocrx_word' id='word_1_142' title='bbox 241 1938 483 2008; x_wconf 78' lang='grc' dir='ltr'>χρῆσθαι</span> <span class='ocrx_word' id='word_1_143' title='bbox 518 1940 617 2010; x_wconf 65' lang='grc' dir='ltr'>μὲν</span> <span class='ocrx_word' id='word_1_144' title='bbox 669 1944 731 2009; x_wconf 78' lang='grc' dir='ltr'><strong>τῇ</strong></span> <span class='ocrx_word' id='word_1_145' title='bbox 760 1940 977 2012; x_wconf 82' lang='grc' dir='ltr'>γλώττῃ</span> <span class='ocrx_word' id='word_1_146' title='bbox 1014 1939 1152 2009; x_wconf 77' lang='grc' dir='ltr'>πρὸς</span> <span class='ocrx_word' id='word_1_147' title='bbox 1182 1940 1361 1991; x_wconf 88' lang='grc' dir='ltr'>πάντα</span> <span class='ocrx_word' id='word_1_148' title='bbox 1387 1939 1544 2005; x_wconf 80' lang='grc' dir='ltr'>λόγον</span> <span class='ocrx_word' id='word_1_149' title='bbox 1582 1942 1823 2011; x_wconf 87' lang='grc' dir='ltr'>ἀνίησιν,</span> 
     </span>
    </p>
   </div>
   <div class='ocr_carea' id='block_1_22' title="bbox 240 2026 1825 2103">
    <p class='ocr_par' dir='ltr' id='par_1_22' title="bbox 240 2026 1825 2103">
     <span class='ocr_line' id='line_1_22' title="bbox 240 2026 1825 2103; baseline 0 -19"><span class='ocrx_word' id='word_1_150' title='bbox 240 2031 306 2088; x_wconf 71' lang='grc' dir='ltr'>οὐ</span> <span class='ocrx_word' id='word_1_151' title='bbox 339 2032 447 2101; x_wconf 76' lang='grc' dir='ltr'>μὴν</span> <span class='ocrx_word' id='word_1_152' title='bbox 474 2032 607 2091; x_wconf 78' lang='grc' dir='ltr'>ὅλως</span> <span class='ocrx_word' id='word_1_153' title='bbox 670 2029 1017 2101; x_wconf 81' lang='grc' dir='ltr'>έλευθερίως.</span> <span class='ocrx_word' id='word_1_154' title='bbox 1067 2031 1179 2085; x_wconf 79' lang='grc' dir='ltr'>οὐδ’</span> <span class='ocrx_word' id='word_1_155' title='bbox 1210 2026 1298 2084; x_wconf 73' lang='grc' dir='ltr'>οἶα</span> <span class='ocrx_word' id='word_1_156' title='bbox 1332 2032 1600 2103; x_wconf 78' lang='grc' dir='ltr'>πρότερον</span> <span class='ocrx_word' id='word_1_157' title='bbox 1636 2032 1825 2102; x_wconf 90' lang='grc' dir='ltr'>λαμυ-</span> 
     </span>
    </p>
   </div>
   <div class='ocr_carea' id='block_1_23' title="bbox 246 2121 1829 2194">
    <p class='ocr_par' dir='ltr' id='par_1_23' title="bbox 246 2121 1829 2194">
     <span class='ocr_line' id='line_1_23' title="bbox 246 2121 1829 2194; baseline 0 -19"><span class='ocrx_word' id='word_1_158' title='bbox 246 2125 473 2194; x_wconf 87' lang='grc' dir='ltr'>ρωτάτῃ</span> <span class='ocrx_word' id='word_1_159' title='bbox 540 2125 634 2175; x_wconf 79' lang='grc' dir='ltr'>καὶ</span> <span class='ocrx_word' id='word_1_160' title='bbox 665 2121 830 2192; x_wconf 74' lang='grc' dir='ltr'>ὠδινῇ</span> <span class='ocrx_word' id='word_1_161' title='bbox 875 2126 1169 2193; x_wconf 81' lang='grc' dir='ltr'><strong>συγχωρεῖ,</strong></span> <span class='ocrx_word' id='word_1_162' title='bbox 1236 2124 1369 2176; x_wconf 79' lang='grc' dir='ltr'>ἀ).λά</span> <span class='ocrx_word' id='word_1_163' title='bbox 1434 2125 1691 2194; x_wconf 83' lang='grc' dir='ltr'>ναρκώσῃ</span> <span class='ocrx_word' id='word_1_164' title='bbox 1735 2123 1829 2177; x_wconf 78' lang='grc' dir='ltr'>καὶ</span> 
     </span>
    </p>
   </div>
   <div class='ocr_carea' id='block_1_24' title="bbox 243 2213 1828 2287">
    <p class='ocr_par' dir='ltr' id='par_1_24' title="bbox 243 2213 1828 2287">
     <span class='ocr_line' id='line_1_24' title="bbox 243 2213 1828 2287; baseline 0.004 -23"><span class='ocrx_word' id='word_1_165' title='bbox 243 2213 494 2284; x_wconf 81' lang='grc' dir='ltr'>νωχελεῖ,</span> <span class='ocrx_word' id='word_1_166' title='bbox 554 2215 646 2267; x_wconf 72' lang='grc' dir='ltr'>καὶ</span> <span class='ocrx_word' id='word_1_167' title='bbox 694 2217 866 2283; x_wconf 78' lang='grc' dir='ltr'>μικρά</span> <span class='ocrx_word' id='word_1_168' title='bbox 913 2232 1037 2268; x_wconf 90' lang='grc' dir='ltr'>τινα</span> <span class='ocrx_word' id='word_1_169' title='bbox 1079 2217 1523 2287; x_wconf 80' lang='grc' dir='ltr'>προσπταιούσῃ,</span> <span class='ocrx_word' id='word_1_170' title='bbox 1558 2219 1828 2274; x_wconf 77' lang='grc' dir='ltr'>παιδεύων</span> 
     </span>
    </p>
   </div>
   <div class='ocr_carea' id='block_1_25' title="bbox 250 2308 1828 2387">
    <p class='ocr_par' dir='ltr' id='par_1_25' title="bbox 250 2308 1828 2387">
     <span class='ocr_line' id='line_1_25' title="bbox 250 2308 1828 2387; baseline 0.004 -29"><span class='ocrx_word' id='word_1_171' title='bbox 250 2308 457 2376; x_wconf 81' lang='grc' dir='ltr'>μηκέτι</span> <span class='ocrx_word' id='word_1_172' title='bbox 494 2308 637 2377; x_wconf 81' lang='grc' dir='ltr'>μέγα</span> <span class='ocrx_word' id='word_1_173' title='bbox 670 2312 889 2378; x_wconf 80' lang='grc' dir='ltr'>φρονεῖν</span> <span class='ocrx_word' id='word_1_174' title='bbox 938 2311 1032 2364; x_wconf 72' lang='grc' dir='ltr'><strong>ἐπὶ</strong></span> <span class='ocrx_word' id='word_1_175' title='bbox 1067 2310 1324 2387; x_wconf 76' lang='grc' dir='ltr'>γλώττῃ,</span> <span class='ocrx_word' id='word_1_176' title='bbox 1396 2312 1518 2381; x_wconf 78' lang='grc' dir='ltr'>μηδ’</span> <span class='ocrx_word' id='word_1_177' title='bbox 1572 2312 1828 2383; x_wconf 77' lang='grc' dir='ltr'>ὲπιδρενο</span> 
     </span>
    </p>
   </div>
   <div class='ocr_carea' id='block_1_26' title="bbox 245 2401 1830 2478">
    <p class='ocr_par' dir='ltr' id='par_1_26' title="bbox 245 2401 1830 2478">
     <span class='ocr_line' id='line_1_26' title="bbox 245 2401 1830 2478; baseline 0.003 -25"><span class='ocrx_word' id='word_1_178' title='bbox 245 2401 477 2454; x_wconf 70' lang='grc' dir='ltr'>θύεσθαι</span> <span class='ocrx_word' id='word_1_179' title='bbox 514 2404 778 2473; x_wconf 65' lang='grc' dir='ltr'>ῥήμασιν,</span> <span class='ocrx_word' id='word_1_180' title='bbox 818 2404 976 2457; x_wconf 85' lang='grc' dir='ltr'>ὁπότε</span> <span class='ocrx_word' id='word_1_181' title='bbox 1010 2405 1143 2474; x_wconf 81' lang='grc' dir='ltr'>μηδὲ</span> <span class='ocrx_word' id='word_1_182' title='bbox 1187 2406 1370 2469; x_wconf 80' lang='grc' dir='ltr'>αὐτοῖς</span> <span class='ocrx_word' id='word_1_183' title='bbox 1423 2408 1715 2478; x_wconf 80' lang='grc' dir='ltr'>πράγμασι</span> <span class='ocrx_word' id='word_1_184' title='bbox 1754 2407 1830 2477; x_wconf 70' lang='grc' dir='ltr'>τῷ</span> 
     </span>
    </p>
   </div>
   <div class='ocr_carea' id='block_1_27' title="bbox 249 2492 761 2565">
    <p class='ocr_par' dir='ltr' id='par_1_27' title="bbox 249 2492 761 2565">
     <span class='ocr_line' id='line_1_27' title="bbox 249 2492 761 2565; baseline 0.01 -21"><span class='ocrx_word' id='word_1_185' title='bbox 249 2507 284 2550; x_wconf 84' lang='grc' dir='ltr'><strong>σ</strong></span> <span class='ocrx_word' id='word_1_186' title='bbox 297 2492 533 2565; x_wconf 74' lang='grc' dir='ltr'>πουδαίῳ</span> <span class='ocrx_word' id='word_1_187' title='bbox 573 2496 761 2549; x_wconf 82' lang='grc' dir='ltr'>καλόν.</span> 
     </span>
    </p>
   </div>
   <div class='ocr_carea' id='block_1_28' title="bbox 330 2766 1833 2846">
    <p class='ocr_par' dir='ltr' id='par_1_28' title="bbox 330 2766 1833 2846">
     <span class='ocr_line' id='line_1_28' title="bbox 330 2766 1833 2846; baseline 0.001 -23"><span class='ocrx_word' id='word_1_188' title='bbox 330 2766 465 2823; x_wconf 80' lang='lat' dir='ltr'><strong>Kll&#39;.</strong></span> <span class='ocrx_word' id='word_1_189' title='bbox 512 2767 674 2831; x_wconf 78' lang='grc' dir='ltr'>Τέλος</span> <span class='ocrx_word' id='word_1_190' title='bbox 742 2769 1011 2827; x_wconf 67' lang='grc' dir='ltr'>ἐπιθεῖναι</span> <span class='ocrx_word' id='word_1_191' title='bbox 1053 2772 1310 2844; x_wconf 75' lang='grc' dir='ltr'>τῷλόγῳ</span> <span class='ocrx_word' id='word_1_192' title='bbox 1366 2772 1460 2827; x_wconf 77' lang='grc' dir='ltr'>νῦν</span> <span class='ocrx_word' id='word_1_193' title='bbox 1507 2773 1833 2846; x_wconf 68' lang='grc' dir='ltr'>ἐϐουλόμην,</span> 
     </span>
    </p>
   </div>
   <div class='ocr_carea' id='block_1_29' title="bbox 252 2862 1837 2939">
    <p class='ocr_par' dir='ltr' id='par_1_29' title="bbox 252 2862 1837 2939">
     <span class='ocr_line' id='line_1_29' title="bbox 252 2862 1837 2939; baseline 0.003 -25"><span class='ocrx_word' id='word_1_194' title='bbox 252 2864 349 2915; x_wconf 80' lang='grc' dir='ltr'>καὶ</span> <span class='ocrx_word' id='word_1_195' title='bbox 376 2862 660 2933; x_wconf 73' lang='grc' dir='ltr'>ἀγαπῆσαι</span> <span class='ocrx_word' id='word_1_196' title='bbox 719 2862 814 2935; x_wconf 75' lang='grc' dir='ltr'>τὴν</span> <span class='ocrx_word' id='word_1_197' title='bbox 883 2865 1245 2938; x_wconf 64' lang='grc' dir='ltr'>σιωπὴε.,ἆτε</span> <span class='ocrx_word' id='word_1_198' title='bbox 1284 2869 1359 2938; x_wconf 85' lang='grc' dir='ltr'>μὴ</span> <span class='ocrx_word' id='word_1_199' title='bbox 1424 2867 1521 2939; x_wconf 77' lang='grc' dir='ltr'>τὴν</span> <span class='ocrx_word' id='word_1_200' title='bbox 1586 2870 1837 2936; x_wconf 81' lang='grc' dir='ltr'>γλῶτταν</span> 
     </span>
    </p>
   </div>
   <div class='ocr_carea' id='block_1_30' title="bbox 253 2956 1839 3031">
    <p class='ocr_par' dir='ltr' id='par_1_30' title="bbox 253 2956 1839 3031">
     <span class='ocr_line' id='line_1_30' title="bbox 253 2956 1839 3031; baseline 0.004 -24"><span class='ocrx_word' id='word_1_201' title='bbox 253 2956 397 3023; x_wconf 74' lang='grc' dir='ltr'>έχων</span> <span class='ocrx_word' id='word_1_202' title='bbox 461 2956 702 3025; x_wconf 71' lang='grc' dir='ltr'>θιύμασι</span> <span class='ocrx_word' id='word_1_203' title='bbox 768 2957 1498 3031; x_wconf 59' lang='grc' dir='ltr'>τοιούτοιςσυνυψονμένην.</span> <span class='ocrx_word' id='word_1_204' title='bbox 1548 2962 1685 3013; x_wconf 83' lang='grc' dir='ltr'>Ἀλλ’</span> <span class='ocrx_word' id='word_1_205' title='bbox 1718 2963 1839 3014; x_wconf 80' lang='grc' dir='ltr'>επεὶ</span> 
     </span>
    </p>
   </div>
   <div class='ocr_carea' id='block_1_31' title="bbox 257 3047 1838 3124">
    <p class='ocr_par' dir='ltr' id='par_1_31' title="bbox 257 3047 1838 3124">
     <span class='ocr_line' id='line_1_31' title="bbox 257 3047 1838 3124; baseline 0.006 -26"><span class='ocrx_word' id='word_1_206' title='bbox 257 3047 358 3099; x_wconf 75' lang='grc' dir='ltr'>καὶ</span> <span class='ocrx_word' id='word_1_207' title='bbox 405 3048 566 3111; x_wconf 78' lang='grc' dir='ltr'>αὐτὸς</span> <span class='ocrx_word' id='word_1_208' title='bbox 625 3048 801 3103; x_wconf 80' lang='grc' dir='ltr'>ὠδίνω</span> <span class='ocrx_word' id='word_1_209' title='bbox 837 3052 935 3119; x_wconf 79' lang='grc' dir='ltr'>τὴν</span> <span class='ocrx_word' id='word_1_210' title='bbox 964 3052 1227 3122; x_wconf 69' lang='grc' dir='ltr'>ἐξήγησιν</span> <span class='ocrx_word' id='word_1_211' title='bbox 1269 3057 1335 3124; x_wconf 76' lang='grc' dir='ltr'>τῇ</span> <span class='ocrx_word' id='word_1_212' title='bbox 1376 3054 1510 3123; x_wconf 66' lang='grc' dir='ltr'>πρδς</span> <span class='ocrx_word' id='word_1_213' title='bbox 1540 3057 1633 3107; x_wconf 74' lang='grc' dir='ltr'><strong>τὸν</strong></span> <span class='ocrx_word' id='word_1_214' title='bbox 1664 3056 1838 3124; x_wconf 82' lang='grc' dir='ltr'>μέγαν</span> 
     </span>
    </p>
   </div>
   <div class='ocr_carea' id='block_1_32' title="bbox 1918 552 3503 625">
    <p class='ocr_par' dir='ltr' id='par_1_32' title="bbox 1918 552 3503 625">
     <span class='ocr_line' id='line_1_32' title="bbox 1918 552 3503 625; baseline 0.004 -18"><span class='ocrx_word' id='word_1_215' title='bbox 1918 554 2235 607; x_wconf 82' lang='lat' dir='ltr'><strong>cauebatur.</strong></span> <span class='ocrx_word' id='word_1_216' title='bbox 2276 552 2380 607; x_wconf 91' lang='lat' dir='ltr'><strong>Sed</strong></span> <span class='ocrx_word' id='word_1_217' title='bbox 2419 568 2542 607; x_wconf 89' lang='lat' dir='ltr'><strong>cum</strong></span> <span class='ocrx_word' id='word_1_218' title='bbox 2582 562 2805 609; x_wconf 88' lang='lat' dir='ltr'><strong>sanctus</strong></span> <span class='ocrx_word' id='word_1_219' title='bbox 2835 554 2887 608; x_wconf 98' lang='lat' dir='ltr'><strong>id</strong></span> <span class='ocrx_word' id='word_1_220' title='bbox 2923 555 3065 625; x_wconf 81' lang='lat' dir='ltr'><strong>quod</strong></span> <span class='ocrx_word' id='word_1_221' title='bbox 3090 556 3301 619; x_wconf 88' lang='lat' dir='ltr'><strong>deerat,</strong></span> <span class='ocrx_word' id='word_1_222' title='bbox 3329 558 3503 613; x_wconf 87' lang='lat' dir='ltr'><strong>adim-</strong></span> 
     </span>
    </p>
   </div>
   <div class='ocr_carea' id='block_1_33' title="bbox 1917 642 3499 717">
    <p class='ocr_par' dir='ltr' id='par_1_33' title="bbox 1917 642 3499 717">
     <span class='ocr_line' id='line_1_33' title="bbox 1917 642 3499 717; baseline 0.005 -22"><span class='ocrx_word' id='word_1_223' title='bbox 1917 642 2140 712; x_wconf 90' lang='lat' dir='ltr'><strong>plesset.</strong></span> <span class='ocrx_word' id='word_1_224' title='bbox 2200 644 2436 710; x_wconf 76' lang='lat' dir='ltr'><strong>procidit</strong></span> <span class='ocrx_word' id='word_1_225' title='bbox 2483 644 2548 697; x_wconf 90' lang='lat' dir='ltr'><strong>ad</strong></span> <span class='ocrx_word' id='word_1_226' title='bbox 2602 644 2721 713; x_wconf 90' lang='lat' dir='ltr'><strong>ejus</strong></span> <span class='ocrx_word' id='word_1_227' title='bbox 2776 644 2943 713; x_wconf 83' lang='lat' dir='ltr'><strong>pedes</strong></span> <span class='ocrx_word' id='word_1_228' title='bbox 3004 646 3353 710; x_wconf 87' lang='lat' dir='ltr'><strong>miserabilis,</strong></span> <span class='ocrx_word' id='word_1_229' title='bbox 3405 649 3499 717; x_wconf 90' lang='lat' dir='ltr'><strong>qui</strong></span> 
     </span>
    </p>
   </div>
   <div class='ocr_carea' id='block_1_34' title="bbox 1920 734 3501 809">
    <p class='ocr_par' dir='ltr' id='par_1_34' title="bbox 1920 734 3501 809">
     <span class='ocr_line' id='line_1_34' title="bbox 1920 734 3501 809; baseline 0.006 -23"><span class='ocrx_word' id='word_1_230' title='bbox 1920 734 2083 802; x_wconf 88' lang='lat' dir='ltr'><strong>paulo</strong></span> <span class='ocrx_word' id='word_1_231' title='bbox 2116 745 2241 788; x_wconf 88' lang='lat' dir='ltr'><strong>ante</strong></span> <span class='ocrx_word' id='word_1_232' title='bbox 2270 735 2411 803; x_wconf 90' lang='lat' dir='ltr'><strong>apud</strong></span> <span class='ocrx_word' id='word_1_233' title='bbox 2442 750 2500 789; x_wconf 88' lang='lat' dir='ltr'><strong>se</strong></span> <span class='ocrx_word' id='word_1_234' title='bbox 2533 742 2654 788; x_wconf 85' lang='lat' dir='ltr'><strong>erat</strong></span> <span class='ocrx_word' id='word_1_235' title='bbox 2684 736 2952 801; x_wconf 77' lang='lat' dir='ltr'><strong>excelsus,</strong></span> <span class='ocrx_word' id='word_1_236' title='bbox 2988 746 3193 800; x_wconf 85' lang='lat' dir='ltr'><strong>mutus,</strong></span> <span class='ocrx_word' id='word_1_237' title='bbox 3239 740 3329 809; x_wconf 93' lang='lat' dir='ltr'><strong>qui</strong></span> <span class='ocrx_word' id='word_1_238' title='bbox 3373 756 3501 795; x_wconf 78' lang='lat' dir='ltr'><strong>ver-</strong></span> 
     </span>
    </p>
   </div>
   <div class='ocr_carea' id='block_1_35' title="bbox 1919 824 3505 889">
    <p class='ocr_par' dir='ltr' id='par_1_35' title="bbox 1919 824 3505 889">
     <span class='ocr_line' id='line_1_35' title="bbox 1919 824 3505 889; baseline 0.005 -11"><span class='ocrx_word' id='word_1_239' title='bbox 1919 824 2002 878; x_wconf 91' lang='lat' dir='ltr'><strong>bis</strong></span> <span class='ocrx_word' id='word_1_240' title='bbox 2039 836 2198 879; x_wconf 89' lang='lat' dir='ltr'><strong>antea</strong></span> <span class='ocrx_word' id='word_1_241' title='bbox 2232 825 2567 883; x_wconf 72' lang='lat' dir='ltr'><strong>abundabat.</strong></span> <span class='ocrx_word' id='word_1_242' title='bbox 2604 835 2659 882; x_wconf 91' lang='lat' dir='ltr'><strong>et</strong></span> <span class='ocrx_word' id='word_1_243' title='bbox 2708 843 2857 883; x_wconf 90' lang='lat' dir='ltr'><strong>mora</strong></span> <span class='ocrx_word' id='word_1_244' title='bbox 2892 829 3270 885; x_wconf 83' lang='lat' dir='ltr'><strong>delectabatur</strong></span> <span class='ocrx_word' id='word_1_245' title='bbox 3302 832 3505 889; x_wconf 88' lang='lat' dir='ltr'><strong>intem-</strong></span> 
     </span>
    </p>
   </div>
   <div class='ocr_carea' id='block_1_36' title="bbox 1922 917 3501 994">
    <p class='ocr_par' dir='ltr' id='par_1_36' title="bbox 1922 917 3501 994">
     <span class='ocr_line' id='line_1_36' title="bbox 1922 917 3501 994; baseline 0.003 -22"><span class='ocrx_word' id='word_1_246' title='bbox 1922 918 2151 986; x_wconf 85' lang='lat' dir='ltr'><strong>pestiva.</strong></span> <span class='ocrx_word' id='word_1_247' title='bbox 2185 917 2260 972; x_wconf 78' lang='lat' dir='ltr'><strong>Ex</strong></span> <span class='ocrx_word' id='word_1_248' title='bbox 2292 918 2356 971; x_wconf 86' lang='lat' dir='ltr'><strong>iis</strong></span> <span class='ocrx_word' id='word_1_249' title='bbox 2382 935 2530 982; x_wconf 88' lang='lat' dir='ltr'><strong>vero,</strong></span> <span class='ocrx_word' id='word_1_250' title='bbox 2558 918 2651 988; x_wconf 85' lang='lat' dir='ltr'><strong>qui</strong></span> <span class='ocrx_word' id='word_1_251' title='bbox 2676 921 2855 974; x_wconf 90' lang='lat' dir='ltr'><strong>vicum</strong></span> <span class='ocrx_word' id='word_1_252' title='bbox 2886 921 3233 986; x_wconf 84' lang='lat' dir='ltr'><strong>habitabant,</strong></span> <span class='ocrx_word' id='word_1_253' title='bbox 3261 940 3357 978; x_wconf 91' lang='lat' dir='ltr'><strong>eos</strong></span> <span class='ocrx_word' id='word_1_254' title='bbox 3380 926 3501 994; x_wconf 89' lang='lat' dir='ltr'><strong>qni-</strong></span> 
     </span>
    </p>
   </div>
   <div class='ocr_carea' id='block_1_37' title="bbox 1921 1008 3501 1084">
    <p class='ocr_par' dir='ltr' id='par_1_37' title="bbox 1921 1008 3501 1084">
     <span class='ocr_line' id='line_1_37' title="bbox 1921 1008 3501 1084; baseline 0.003 -20"><span class='ocrx_word' id='word_1_255' title='bbox 1921 1008 2065 1070; x_wconf 78' lang='lat' dir='ltr'><strong>dem.</strong></span> <span class='ocrx_word' id='word_1_256' title='bbox 2102 1010 2193 1080; x_wconf 91' lang='lat' dir='ltr'><strong>qui</strong></span> <span class='ocrx_word' id='word_1_257' title='bbox 2243 1009 2489 1069; x_wconf 84' lang='lat' dir='ltr'><strong>aderant.</strong></span> <span class='ocrx_word' id='word_1_258' title='bbox 2528 1011 2730 1065; x_wconf 78' lang='lat' dir='ltr'><strong>invasit</strong></span> <span class='ocrx_word' id='word_1_259' title='bbox 2779 1025 2993 1076; x_wconf 85' lang='lat' dir='ltr'><strong>metus;</strong></span> <span class='ocrx_word' id='word_1_260' title='bbox 3025 1028 3119 1067; x_wconf 85' lang='lat' dir='ltr'><strong>eos</strong></span> <span class='ocrx_word' id='word_1_261' title='bbox 3166 1025 3372 1079; x_wconf 87' lang='lat' dir='ltr'><strong>autem,</strong></span> <span class='ocrx_word' id='word_1_262' title='bbox 3409 1016 3501 1084; x_wconf 90' lang='lat' dir='ltr'><strong>qui</strong></span> 
     </span>
    </p>
   </div>
   <div class='ocr_carea' id='block_1_38' title="bbox 1922 1102 3503 1171">
    <p class='ocr_par' dir='ltr' id='par_1_38' title="bbox 1922 1102 3503 1171">
     <span class='ocr_line' id='line_1_38' title="bbox 1922 1102 3503 1171; baseline 0.003 -14"><span class='ocrx_word' id='word_1_263' title='bbox 1922 1102 2171 1162; x_wconf 91' lang='lat' dir='ltr'><strong>aberant.</strong></span> <span class='ocrx_word' id='word_1_264' title='bbox 2203 1103 2343 1158; x_wconf 87' lang='lat' dir='ltr'><strong>lama</strong></span> <span class='ocrx_word' id='word_1_265' title='bbox 2373 1102 2502 1157; x_wconf 86' lang='lat' dir='ltr'><strong>lecit</strong></span> <span class='ocrx_word' id='word_1_266' title='bbox 2532 1120 2901 1171; x_wconf 85' lang='lat' dir='ltr'><strong>concurrere;</strong></span> <span class='ocrx_word' id='word_1_267' title='bbox 2935 1117 2988 1159; x_wconf 92' lang='lat' dir='ltr'><strong>et</strong></span> <span class='ocrx_word' id='word_1_268' title='bbox 3018 1107 3207 1162; x_wconf 86' lang='lat' dir='ltr'><strong>multis</strong></span> <span class='ocrx_word' id='word_1_269' title='bbox 3236 1108 3503 1161; x_wconf 88' lang='lat' dir='ltr'><strong>continuo</strong></span> 
     </span>
    </p>
   </div>
   <div class='ocr_carea' id='block_1_39' title="bbox 1922 1194 3503 1261">
    <p class='ocr_par' dir='ltr' id='par_1_39' title="bbox 1922 1194 3503 1261">
     <span class='ocr_line' id='line_1_39' title="bbox 1922 1194 3503 1261; baseline 0.001 -12"><span class='ocrx_word' id='word_1_270' title='bbox 1922 1194 2347 1256; x_wconf 83' lang='lat' dir='ltr'><strong>conﬂuentibus.</strong></span> <span class='ocrx_word' id='word_1_271' title='bbox 2396 1208 2508 1249; x_wconf 88' lang='lat' dir='ltr'><strong>tum</strong></span> <span class='ocrx_word' id='word_1_272' title='bbox 2558 1199 2720 1251; x_wconf 86' lang='lat' dir='ltr'><strong>motis</strong></span> <span class='ocrx_word' id='word_1_273' title='bbox 2766 1199 2939 1251; x_wconf 78' lang='lat' dir='ltr'><strong>sancti</strong></span> <span class='ocrx_word' id='word_1_274' title='bbox 2969 1199 3353 1261; x_wconf 82' lang='lat' dir='ltr'><strong>admiratione,</strong></span> <span class='ocrx_word' id='word_1_275' title='bbox 3389 1208 3503 1252; x_wconf 91' lang='lat' dir='ltr'><strong>tum</strong></span> 
     </span>
    </p>
   </div>
   <div class='ocr_carea' id='block_1_40' title="bbox 1922 1287 3507 1357">
    <p class='ocr_par' dir='ltr' id='par_1_40' title="bbox 1922 1287 3507 1357">
     <span class='ocr_line' id='line_1_40' title="bbox 1922 1287 3507 1357; baseline 0.004 -16"><span class='ocrx_word' id='word_1_276' title='bbox 1922 1287 2087 1343; x_wconf 89' lang='lat' dir='ltr'><strong>etiam</strong></span> <span class='ocrx_word' id='word_1_277' title='bbox 2139 1289 2255 1357; x_wconf 88' lang='lat' dir='ltr'><strong>ejus</strong></span> <span class='ocrx_word' id='word_1_278' title='bbox 2314 1289 2407 1357; x_wconf 92' lang='lat' dir='ltr'><strong>qui</strong></span> <span class='ocrx_word' id='word_1_279' title='bbox 2478 1306 2669 1357; x_wconf 86' lang='lat' dir='ltr'><strong>passus</strong></span> <span class='ocrx_word' id='word_1_280' title='bbox 2723 1290 2923 1356; x_wconf 80' lang='lat' dir='ltr'><strong>luerat,</strong></span> <span class='ocrx_word' id='word_1_281' title='bbox 2979 1291 3382 1355; x_wconf 74' lang='lat' dir='ltr'><strong>misericordia,</strong></span> <span class='ocrx_word' id='word_1_282' title='bbox 3452 1302 3507 1347; x_wconf 84' lang='lat' dir='ltr'><strong>et</strong></span> 
     </span>
    </p>
   </div>
   <div class='ocr_carea' id='block_1_41' title="bbox 1927 1383 3504 1455">
    <p class='ocr_par' dir='ltr' id='par_1_41' title="bbox 1927 1383 3504 1455">
     <span class='ocr_line' id='line_1_41' title="bbox 1927 1383 3504 1455; baseline 0.004 -20"><span class='ocrx_word' id='word_1_283' title='bbox 1927 1383 2159 1435; x_wconf 63' lang='lat' dir='ltr'><strong>maxime</strong></span> <span class='ocrx_word' id='word_1_284' title='bbox 2189 1383 2307 1449; x_wconf 92' lang='lat' dir='ltr'><strong>ejus</strong></span> <span class='ocrx_word' id='word_1_285' title='bbox 2334 1384 2578 1451; x_wconf 79' lang='lat' dir='ltr'><strong>cognatis</strong></span> <span class='ocrx_word' id='word_1_286' title='bbox 2610 1394 2664 1436; x_wconf 91' lang='lat' dir='ltr'><strong>et</strong></span> <span class='ocrx_word' id='word_1_287' title='bbox 2696 1386 3050 1446; x_wconf 78' lang='lat' dir='ltr'><strong>necessariis.</strong></span> <span class='ocrx_word' id='word_1_288' title='bbox 3085 1387 3176 1454; x_wconf 89' lang='lat' dir='ltr'><strong>qui</strong></span> <span class='ocrx_word' id='word_1_289' title='bbox 3207 1398 3374 1441; x_wconf 83' lang='lat' dir='ltr'><strong>ctam</strong></span> <span class='ocrx_word' id='word_1_290' title='bbox 3408 1398 3504 1455; x_wconf 65' lang='lat' dir='ltr'><strong>ge-</strong></span> 
     </span>
    </p>
   </div>
   <div class='ocr_carea' id='block_1_42' title="bbox 1924 1476 3507 1545">
    <p class='ocr_par' dir='ltr' id='par_1_42' title="bbox 1924 1476 3507 1545">
     <span class='ocr_line' id='line_1_42' title="bbox 1924 1476 3507 1545; baseline 0.003 -18"><span class='ocrx_word' id='word_1_291' title='bbox 1924 1489 2178 1529; x_wconf 88' lang='lat' dir='ltr'><strong>nerosam</strong></span> <span class='ocrx_word' id='word_1_292' title='bbox 2229 1476 2372 1529; x_wconf 83' lang='lat' dir='ltr'><strong>illam</strong></span> <span class='ocrx_word' id='word_1_293' title='bbox 2406 1478 2671 1545; x_wconf 74' lang='lat' dir='ltr'><strong>rogabant</strong></span> <span class='ocrx_word' id='word_1_294' title='bbox 2701 1477 2965 1541; x_wconf 89' lang='lat' dir='ltr'><strong>animam,</strong></span> <span class='ocrx_word' id='word_1_295' title='bbox 3001 1487 3058 1531; x_wconf 93' lang='lat' dir='ltr'><strong>ut</strong></span> <span class='ocrx_word' id='word_1_296' title='bbox 3089 1479 3138 1532; x_wconf 82' lang='lat' dir='ltr'><strong>ei</strong></span> <span class='ocrx_word' id='word_1_297' title='bbox 3175 1479 3507 1545; x_wconf 72' lang='lat' dir='ltr'><strong>ignosceret,</strong></span> 
     </span>
    </p>
   </div>
   <div class='ocr_carea' id='block_1_43' title="bbox 1926 1568 3511 1638">
    <p class='ocr_par' dir='ltr' id='par_1_43' title="bbox 1926 1568 3511 1638">
     <span class='ocr_line' id='line_1_43' title="bbox 1926 1568 3511 1638; baseline 0.003 -17"><span class='ocrx_word' id='word_1_298' title='bbox 1926 1569 2017 1638; x_wconf 93' lang='lat' dir='ltr'><strong>qui</strong></span> <span class='ocrx_word' id='word_1_299' title='bbox 2064 1568 2355 1622; x_wconf 88' lang='lat' dir='ltr'><strong>damnatus</strong></span> <span class='ocrx_word' id='word_1_300' title='bbox 2387 1568 2567 1623; x_wconf 82' lang='lat' dir='ltr'><strong>fuerat</strong></span> <span class='ocrx_word' id='word_1_301' title='bbox 2604 1578 2661 1621; x_wconf 88' lang='lat' dir='ltr'><strong>ut</strong></span> <span class='ocrx_word' id='word_1_302' title='bbox 2712 1583 2858 1624; x_wconf 81' lang='lat' dir='ltr'><strong>esset</strong></span> <span class='ocrx_word' id='word_1_303' title='bbox 2893 1582 3098 1631; x_wconf 89' lang='lat' dir='ltr'><strong>mutus,</strong></span> <span class='ocrx_word' id='word_1_304' title='bbox 3136 1580 3190 1624; x_wconf 81' lang='lat' dir='ltr'><strong>et</strong></span> <span class='ocrx_word' id='word_1_305' title='bbox 3221 1571 3269 1625; x_wconf 88' lang='lat' dir='ltr'><strong>ei</strong></span> <span class='ocrx_word' id='word_1_306' title='bbox 3304 1573 3511 1625; x_wconf 75' lang='lat' dir='ltr'><strong>relaxa-</strong></span> 
     </span>
    </p>
   </div>
   <div class='ocr_carea' id='block_1_44' title="bbox 1929 1662 3510 1733">
    <p class='ocr_par' dir='ltr' id='par_1_44' title="bbox 1929 1662 3510 1733">
     <span class='ocr_line' id='line_1_44' title="bbox 1929 1662 3510 1733; baseline 0.005 -20"><span class='ocrx_word' id='word_1_307' title='bbox 1929 1670 2010 1714; x_wconf 92' lang='lat' dir='ltr'><strong>ret</strong></span> <span class='ocrx_word' id='word_1_308' title='bbox 2050 1662 2353 1727; x_wconf 82' lang='lat' dir='ltr'><strong>vinculum,</strong></span> <span class='ocrx_word' id='word_1_309' title='bbox 2393 1663 2517 1715; x_wconf 84' lang='lat' dir='ltr'><strong>vide</strong></span> <span class='ocrx_word' id='word_1_310' title='bbox 2547 1662 2676 1731; x_wconf 85' lang='lat' dir='ltr'><strong>quid</strong></span> <span class='ocrx_word' id='word_1_311' title='bbox 2713 1662 2842 1717; x_wconf 81' lang='lat' dir='ltr'><strong>facit</strong></span> <span class='ocrx_word' id='word_1_312' title='bbox 2874 1666 2957 1717; x_wconf 84' lang='lat' dir='ltr'><strong>vir</strong></span> <span class='ocrx_word' id='word_1_313' title='bbox 2989 1664 3077 1718; x_wconf 68' lang='lat' dir='ltr'><strong>ille</strong></span> <span class='ocrx_word' id='word_1_314' title='bbox 3112 1676 3272 1733; x_wconf 87' lang='lat' dir='ltr'><strong>aptus</strong></span> <span class='ocrx_word' id='word_1_315' title='bbox 3310 1667 3510 1721; x_wconf 86' lang='lat' dir='ltr'><strong>virtute</strong></span> 
     </span>
    </p>
   </div>
   <div class='ocr_carea' id='block_1_45' title="bbox 1928 1756 3508 1825">
    <p class='ocr_par' dir='ltr' id='par_1_45' title="bbox 1928 1756 3508 1825">
     <span class='ocr_line' id='line_1_45' title="bbox 1928 1756 3508 1825; baseline 0.003 -17"><span class='ocrx_word' id='word_1_316' title='bbox 1928 1762 1981 1808; x_wconf 87' lang='lat' dir='ltr'><strong>et</strong></span> <span class='ocrx_word' id='word_1_317' title='bbox 2030 1756 2375 1809; x_wconf 83' lang='lat' dir='ltr'><strong>concinnus:</strong></span> <span class='ocrx_word' id='word_1_318' title='bbox 2414 1771 2535 1807; x_wconf 90' lang='lat' dir='ltr'><strong>cum</strong></span> <span class='ocrx_word' id='word_1_319' title='bbox 2577 1757 2832 1824; x_wconf 85' lang='lat' dir='ltr'><strong>precibus</strong></span> <span class='ocrx_word' id='word_1_320' title='bbox 2873 1757 3095 1825; x_wconf 88' lang='lat' dir='ltr'><strong>quidem</strong></span> <span class='ocrx_word' id='word_1_321' title='bbox 3145 1757 3457 1813; x_wconf 84' lang='lat' dir='ltr'><strong>ﬂecteretur</strong></span> <span class='ocrx_word' id='word_1_322' title='bbox 3492 1798 3508 1823; x_wconf 87' lang='lat'><strong>,</strong></span> 
     </span>
    </p>
   </div>
   <div class='ocr_carea' id='block_1_46' title="bbox 1927 1846 3515 1916">
    <p class='ocr_par' dir='ltr' id='par_1_46' title="bbox 1927 1846 3515 1916">
     <span class='ocr_line' id='line_1_46' title="bbox 1927 1846 3515 1916; baseline 0.003 -18"><span class='ocrx_word' id='word_1_323' title='bbox 1927 1846 2071 1914; x_wconf 88' lang='lat' dir='ltr'><strong>quod</strong></span> <span class='ocrx_word' id='word_1_324' title='bbox 2100 1847 2460 1916; x_wconf 79' lang='lat' dir='ltr'><strong>castigatione</strong></span> <span class='ocrx_word' id='word_1_325' title='bbox 2492 1857 2673 1899; x_wconf 88' lang='lat' dir='ltr'><strong>autem</strong></span> <span class='ocrx_word' id='word_1_326' title='bbox 2711 1848 2893 1902; x_wconf 89' lang='lat' dir='ltr'><strong>adbne</strong></span> <span class='ocrx_word' id='word_1_327' title='bbox 2922 1858 3106 1916; x_wconf 82' lang='lat' dir='ltr'><strong>egeret</strong></span> <span class='ocrx_word' id='word_1_328' title='bbox 3132 1850 3397 1904; x_wconf 85' lang='lat' dir='ltr'><strong>diaconus</strong></span> <span class='ocrx_word' id='word_1_329' title='bbox 3429 1867 3515 1903; x_wconf 82' lang='lat' dir='ltr'><strong>re-</strong></span> 
     </span>
    </p>
   </div>
   <div class='ocr_carea' id='block_1_47' title="bbox 1929 1938 3507 2010">
    <p class='ocr_par' dir='ltr' id='par_1_47' title="bbox 1929 1938 3507 2010">
     <span class='ocr_line' id='line_1_47' title="bbox 1929 1938 3507 2010; baseline 0.004 -21"><span class='ocrx_word' id='word_1_330' title='bbox 1929 1938 2240 1991; x_wconf 86' lang='lat' dir='ltr'><strong>traheretur</strong></span> <span class='ocrx_word' id='word_1_331' title='bbox 2267 1941 2412 2005; x_wconf 85' lang='lat' dir='ltr'><strong>(nam</strong></span> <span class='ocrx_word' id='word_1_332' title='bbox 2450 1938 2551 1992; x_wconf 90' lang='lat' dir='ltr'><strong>hoc</strong></span> <span class='ocrx_word' id='word_1_333' title='bbox 2578 1955 2795 2008; x_wconf 90' lang='lat' dir='ltr'><strong>quoque</strong></span> <span class='ocrx_word' id='word_1_334' title='bbox 2822 1940 3040 1995; x_wconf 79' lang='lat' dir='ltr'><strong>videbat</strong></span> <span class='ocrx_word' id='word_1_335' title='bbox 3072 1957 3167 2009; x_wconf 89' lang='lat' dir='ltr'><strong>per</strong></span> <span class='ocrx_word' id='word_1_336' title='bbox 3199 1940 3507 2010; x_wconf 72' lang='lat' dir='ltr'><strong>Spiritum);</strong></span> 
     </span>
    </p>
   </div>
   <div class='ocr_carea' id='block_1_48' title="bbox 1926 2024 3502 2101">
    <p class='ocr_par' dir='ltr' id='par_1_48' title="bbox 1926 2024 3502 2101">
     <span class='ocr_line' id='line_1_48' title="bbox 1926 2024 3502 2101; baseline 0.002 -16"><span class='ocrx_word' id='word_1_337' title='bbox 1926 2024 2146 2099; x_wconf 61' lang='lat' dir='ltr'><strong>pinnam</strong></span> <span class='ocrx_word' id='word_1_338' title='bbox 2178 2032 2311 2083; x_wconf 80' lang='lat' dir='ltr'><strong>scite</strong></span> <span class='ocrx_word' id='word_1_339' title='bbox 2348 2030 2605 2098; x_wconf 88' lang='lat' dir='ltr'><strong>partitur,</strong></span> <span class='ocrx_word' id='word_1_340' title='bbox 2643 2040 2696 2085; x_wconf 91' lang='lat' dir='ltr'><strong>et</strong></span> <span class='ocrx_word' id='word_1_341' title='bbox 2729 2034 2996 2100; x_wconf 84' lang='lat' dir='ltr'><strong>permittit</strong></span> <span class='ocrx_word' id='word_1_342' title='bbox 3027 2034 3271 2101; x_wconf 84' lang='lat' dir='ltr'><strong>quidem,</strong></span> <span class='ocrx_word' id='word_1_343' title='bbox 3304 2048 3362 2089; x_wconf 93' lang='lat' dir='ltr'><strong>ut</strong></span> <span class='ocrx_word' id='word_1_344' title='bbox 3391 2035 3502 2090; x_wconf 79' lang='lat' dir='ltr'><strong>lin-</strong></span> 
     </span>
    </p>
   </div>
   <div class='ocr_carea' id='block_1_49' title="bbox 1932 2124 3514 2190">
    <p class='ocr_par' dir='ltr' id='par_1_49' title="bbox 1932 2124 3514 2190">
     <span class='ocr_line' id='line_1_49' title="bbox 1932 2124 3514 2190; baseline 0.007 -18"><span class='ocrx_word' id='word_1_345' title='bbox 1932 2136 2034 2190; x_wconf 76' lang='lat' dir='ltr'><strong>gua</strong></span> <span class='ocrx_word' id='word_1_346' title='bbox 2073 2132 2256 2176; x_wconf 73' lang='grc' dir='ltr'>υιειιυε</span> <span class='ocrx_word' id='word_1_347' title='bbox 2286 2124 2351 2176; x_wconf 89' lang='lat' dir='ltr'><strong>ad</strong></span> <span class='ocrx_word' id='word_1_348' title='bbox 2400 2138 2616 2177; x_wconf 90' lang='lat' dir='ltr'><strong>omnem</strong></span> <span class='ocrx_word' id='word_1_349' title='bbox 2666 2140 2999 2190; x_wconf 89' lang='lat' dir='ltr'><strong>sermonem,</strong></span> <span class='ocrx_word' id='word_1_350' title='bbox 3044 2143 3153 2179; x_wconf 88' lang='lat' dir='ltr'><strong>non</strong></span> <span class='ocrx_word' id='word_1_351' title='bbox 3186 2138 3362 2182; x_wconf 86' lang='lat' dir='ltr'><strong>tamen</strong></span> <span class='ocrx_word' id='word_1_352' title='bbox 3394 2144 3514 2183; x_wconf 75' lang='lat' dir='ltr'><strong>Olli-</strong></span> 
     </span>
    </p>
   </div>
   <div class='ocr_carea' id='block_1_50' title="bbox 1930 2214 3516 2287">
    <p class='ocr_par' dir='ltr' id='par_1_50' title="bbox 1930 2214 3516 2287">
     <span class='ocr_line' id='line_1_50' title="bbox 1930 2214 3516 2287; baseline 0.008 -20"><span class='ocrx_word' id='word_1_353' title='bbox 1930 2215 2064 2268; x_wconf 87' lang='lat' dir='ltr'><strong>nino</strong></span> <span class='ocrx_word' id='word_1_354' title='bbox 2094 2214 2287 2279; x_wconf 87' lang='lat' dir='ltr'><strong>libere,</strong></span> <span class='ocrx_word' id='word_1_355' title='bbox 2330 2232 2432 2270; x_wconf 89' lang='lat' dir='ltr'><strong>nec</strong></span> <span class='ocrx_word' id='word_1_356' title='bbox 2464 2226 2522 2271; x_wconf 91' lang='lat' dir='ltr'><strong>ut</strong></span> <span class='ocrx_word' id='word_1_357' title='bbox 2574 2219 2724 2286; x_wconf 88' lang='lat' dir='ltr'><strong>prius</strong></span> <span class='ocrx_word' id='word_1_358' title='bbox 2757 2220 2900 2273; x_wconf 83' lang='lat' dir='ltr'><strong>clara</strong></span> <span class='ocrx_word' id='word_1_359' title='bbox 2932 2230 2986 2275; x_wconf 89' lang='lat' dir='ltr'><strong>et</strong></span> <span class='ocrx_word' id='word_1_360' title='bbox 3038 2238 3259 2287; x_wconf 77' lang='lat' dir='ltr'><strong>cauom,</strong></span> <span class='ocrx_word' id='word_1_361' title='bbox 3292 2224 3386 2278; x_wconf 88' lang='lat' dir='ltr'><strong>sed</strong></span> <span class='ocrx_word' id='word_1_362' title='bbox 3418 2224 3516 2279; x_wconf 89' lang='lat' dir='ltr'><strong>be-</strong></span> 
     </span>
    </p>
   </div>
   <div class='ocr_carea' id='block_1_51' title="bbox 1931 2308 3517 2383">
    <p class='ocr_par' dir='ltr' id='par_1_51' title="bbox 1931 2308 3517 2383">
     <span class='ocr_line' id='line_1_51' title="bbox 1931 2308 3517 2383; baseline 0.004 -19"><span class='ocrx_word' id='word_1_363' title='bbox 1931 2308 2055 2364; x_wconf 88' lang='lat' dir='ltr'><strong>bete</strong></span> <span class='ocrx_word' id='word_1_364' title='bbox 2102 2320 2155 2363; x_wconf 93' lang='lat' dir='ltr'><strong>et</strong></span> <span class='ocrx_word' id='word_1_365' title='bbox 2192 2310 2487 2373; x_wconf 89' lang='lat' dir='ltr'><strong>imbecilla,</strong></span> <span class='ocrx_word' id='word_1_366' title='bbox 2554 2321 2609 2366; x_wconf 89' lang='lat' dir='ltr'><strong>et</strong></span> <span class='ocrx_word' id='word_1_367' title='bbox 2656 2328 2847 2381; x_wconf 88' lang='lat' dir='ltr'><strong>parum</strong></span> <span class='ocrx_word' id='word_1_368' title='bbox 2894 2315 3196 2383; x_wconf 83' lang='lat' dir='ltr'><strong>cespitante</strong></span> <span class='ocrx_word' id='word_1_369' title='bbox 3231 2325 3285 2370; x_wconf 90' lang='lat' dir='ltr'><strong>et</strong></span> <span class='ocrx_word' id='word_1_370' title='bbox 3322 2317 3517 2371; x_wconf 80' lang='lat' dir='ltr'><strong>balbu—</strong></span> 
     </span>
    </p>
   </div>
   <div class='ocr_carea' id='block_1_52' title="bbox 1933 2404 3515 2477">
    <p class='ocr_par' dir='ltr' id='par_1_52' title="bbox 1933 2404 3515 2477">
     <span class='ocr_line' id='line_1_52' title="bbox 1933 2404 3515 2477; baseline 0.006 -21"><span class='ocrx_word' id='word_1_371' title='bbox 1933 2405 2123 2467; x_wconf 84' lang='lat' dir='ltr'><strong>tiente,</strong></span> <span class='ocrx_word' id='word_1_372' title='bbox 2158 2404 2438 2468; x_wconf 86' lang='lat' dir='ltr'><strong>erudiens,</strong></span> <span class='ocrx_word' id='word_1_373' title='bbox 2477 2420 2542 2457; x_wconf 85' lang='lat' dir='ltr'><strong>ne</strong></span> <span class='ocrx_word' id='word_1_374' title='bbox 2595 2405 2831 2472; x_wconf 88' lang='lat' dir='ltr'><strong>amplius</strong></span> <span class='ocrx_word' id='word_1_375' title='bbox 2870 2417 3093 2474; x_wconf 82' lang='lat' dir='ltr'><strong>propter</strong></span> <span class='ocrx_word' id='word_1_376' title='bbox 3138 2408 3377 2477; x_wconf 78' lang='lat' dir='ltr'><strong>linguam</strong></span> <span class='ocrx_word' id='word_1_377' title='bbox 3410 2412 3515 2467; x_wconf 86' lang='lat' dir='ltr'><strong>sibi</strong></span> 
     </span>
    </p>
   </div>
   <div class='ocr_carea' id='block_1_53' title="bbox 1934 2493 3517 2563">
    <p class='ocr_par' dir='ltr' id='par_1_53' title="bbox 1934 2493 3517 2563">
     <span class='ocr_line' id='line_1_53' title="bbox 1934 2493 3517 2563; baseline 0.008 -18"><span class='ocrx_word' id='word_1_378' title='bbox 1934 2494 2198 2562; x_wconf 87' lang='lat' dir='ltr'><strong>placeret,</strong></span> <span class='ocrx_word' id='word_1_379' title='bbox 2246 2508 2349 2548; x_wconf 89' lang='lat' dir='ltr'><strong>nec</strong></span> <span class='ocrx_word' id='word_1_380' title='bbox 2396 2508 2452 2546; x_wconf 87' lang='lat' dir='ltr'><strong>se</strong></span> <span class='ocrx_word' id='word_1_381' title='bbox 2490 2493 2556 2547; x_wconf 92' lang='lat' dir='ltr'><strong>de</strong></span> <span class='ocrx_word' id='word_1_382' title='bbox 2609 2494 2792 2549; x_wconf 61' lang='lat' dir='ltr'><strong>Verbis</strong></span> <span class='ocrx_word' id='word_1_383' title='bbox 2836 2496 3092 2563; x_wconf 87' lang='lat' dir='ltr'><strong>jactaret,</strong></span> <span class='ocrx_word' id='word_1_384' title='bbox 3145 2516 3268 2553; x_wconf 90' lang='lat' dir='ltr'><strong>cum</strong></span> <span class='ocrx_word' id='word_1_385' title='bbox 3318 2517 3417 2556; x_wconf 91' lang='lat' dir='ltr'><strong>nec</strong></span> <span class='ocrx_word' id='word_1_386' title='bbox 3448 2503 3517 2558; x_wconf 90' lang='lat' dir='ltr'><strong>de</strong></span> 
     </span>
    </p>
   </div>
   <div class='ocr_carea' id='block_1_54' title="bbox 1936 2588 3512 2659">
    <p class='ocr_par' dir='ltr' id='par_1_54' title="bbox 1936 2588 3512 2659">
     <span class='ocr_line' id='line_1_54' title="bbox 1936 2588 3512 2659; baseline 0.006 -18"><span class='ocrx_word' id='word_1_387' title='bbox 1936 2588 2099 2642; x_wconf 83' lang='lat' dir='ltr'><strong>rebus</strong></span> <span class='ocrx_word' id='word_1_388' title='bbox 2123 2589 2344 2658; x_wconf 88' lang='lat' dir='ltr'><strong>quidem</strong></span> <span class='ocrx_word' id='word_1_389' title='bbox 2396 2588 2525 2658; x_wconf 86' lang='lat' dir='ltr'><strong>ipsis</strong></span> <span class='ocrx_word' id='word_1_390' title='bbox 2574 2602 2630 2643; x_wconf 88' lang='lat' dir='ltr'><strong>se</strong></span> <span class='ocrx_word' id='word_1_391' title='bbox 2677 2589 2912 2659; x_wconf 80' lang='lat' dir='ltr'><strong>jactare,</strong></span> <span class='ocrx_word' id='word_1_392' title='bbox 2967 2592 3088 2647; x_wconf 89' lang='lat' dir='ltr'><strong>viro</strong></span> <span class='ocrx_word' id='word_1_393' title='bbox 3124 2593 3269 2648; x_wconf 90' lang='lat' dir='ltr'><strong>bono</strong></span> <span class='ocrx_word' id='word_1_394' title='bbox 3311 2595 3381 2650; x_wconf 89' lang='lat' dir='ltr'><strong>sit</strong></span> <span class='ocrx_word' id='word_1_395' title='bbox 3412 2596 3512 2651; x_wconf 81' lang='lat' dir='ltr'><strong>lto-</strong></span> 
     </span>
    </p>
   </div>
   <div class='ocr_carea' id='block_1_55' title="bbox 1936 2691 2171 2737">
    <p class='ocr_par' dir='ltr' id='par_1_55' title="bbox 1936 2691 2171 2737">
     <span class='ocr_line' id='line_1_55' title="bbox 1936 2691 2171 2737; baseline -0.021 0"><span class='ocrx_word' id='word_1_396' title='bbox 1936 2691 2171 2737; x_wconf 69' lang='lat' dir='ltr'><strong>llL&#39;Slum.</strong></span> 
     </span>
    </p>
   </div>
   <div class='ocr_carea' id='block_1_56' title="bbox 2005 2771 3515 2846">
    <p class='ocr_par' dir='ltr' id='par_1_56' title="bbox 2005 2771 3515 2846">
     <span class='ocr_line' id='line_1_56' title="bbox 2005 2771 3515 2846; baseline 0.005 -19"><span class='ocrx_word' id='word_1_397' title='bbox 2005 2771 2171 2827; x_wconf 76' lang='lat' dir='ltr'><strong>XXV.</strong></span> <span class='ocrx_word' id='word_1_398' title='bbox 2216 2772 2473 2827; x_wconf 84' lang='lat' dir='ltr'><strong>Volebam</strong></span> <span class='ocrx_word' id='word_1_399' title='bbox 2512 2790 2655 2829; x_wconf 91' lang='lat' dir='ltr'><strong>nunc</strong></span> <span class='ocrx_word' id='word_1_400' title='bbox 2709 2775 2991 2845; x_wconf 85' lang='lat' dir='ltr'><strong>imponere</strong></span> <span class='ocrx_word' id='word_1_401' title='bbox 3042 2776 3204 2833; x_wconf 85' lang='lat' dir='ltr'><strong>linem</strong></span> <span class='ocrx_word' id='word_1_402' title='bbox 3254 2780 3515 2846; x_wconf 86' lang='lat' dir='ltr'><strong>orationi,</strong></span> 
     </span>
    </p>
   </div>
   <div class='ocr_carea' id='block_1_57' title="bbox 1938 2866 3517 2942">
    <p class='ocr_par' dir='ltr' id='par_1_57' title="bbox 1938 2866 3517 2942">
     <span class='ocr_line' id='line_1_57' title="bbox 1938 2866 3517 2942; baseline 0.004 -22"><span class='ocrx_word' id='word_1_403' title='bbox 1938 2874 1992 2920; x_wconf 89' lang='lat' dir='ltr'><strong>et</strong></span> <span class='ocrx_word' id='word_1_404' title='bbox 2024 2866 2278 2935; x_wconf 85' lang='lat' dir='ltr'><strong>amplecti</strong></span> <span class='ocrx_word' id='word_1_405' title='bbox 2314 2866 2617 2931; x_wconf 89' lang='lat' dir='ltr'><strong>silentium,</strong></span> <span class='ocrx_word' id='word_1_406' title='bbox 2650 2877 2706 2921; x_wconf 94' lang='lat' dir='ltr'><strong>ut</strong></span> <span class='ocrx_word' id='word_1_407' title='bbox 2733 2870 2823 2936; x_wconf 91' lang='lat' dir='ltr'><strong>qui</strong></span> <span class='ocrx_word' id='word_1_408' title='bbox 2860 2885 2959 2923; x_wconf 87' lang='lat' dir='ltr'><strong>nec</strong></span> <span class='ocrx_word' id='word_1_409' title='bbox 2992 2869 3221 2924; x_wconf 86' lang='lat' dir='ltr'><strong>habeam</strong></span> <span class='ocrx_word' id='word_1_410' title='bbox 3253 2873 3517 2942; x_wconf 79' lang='lat' dir='ltr'><strong>linguam,</strong></span> 
     </span>
    </p>
   </div>
   <div class='ocr_carea' id='block_1_58' title="bbox 1942 2960 3524 3035">
    <p class='ocr_par' dir='ltr' id='par_1_58' title="bbox 1942 2960 3524 3035">
     <span class='ocr_line' id='line_1_58' title="bbox 1942 2960 3524 3035; baseline 0.005 -22"><span class='ocrx_word' id='word_1_411' title='bbox 1942 2975 2062 3028; x_wconf 77' lang='lat' dir='ltr'><strong>qua:</strong></span> <span class='ocrx_word' id='word_1_412' title='bbox 2090 2974 2212 3013; x_wconf 91' lang='lat' dir='ltr'><strong>eum</strong></span> <span class='ocrx_word' id='word_1_413' title='bbox 2249 2960 2413 3012; x_wconf 89' lang='lat' dir='ltr'><strong>tantis</strong></span> <span class='ocrx_word' id='word_1_414' title='bbox 2446 2960 2615 3026; x_wconf 86' lang='lat' dir='ltr'><strong>possit</strong></span> <span class='ocrx_word' id='word_1_415' title='bbox 2656 2961 2842 3014; x_wconf 79' lang='lat' dir='ltr'><strong>extolli</strong></span> <span class='ocrx_word' id='word_1_416' title='bbox 2899 2962 3201 3017; x_wconf 81' lang='lat' dir='ltr'><strong>miraculis.</strong></span> <span class='ocrx_word' id='word_1_417' title='bbox 3241 2963 3346 3019; x_wconf 86' lang='lat' dir='ltr'><strong>Sed</strong></span> <span class='ocrx_word' id='word_1_418' title='bbox 3384 2982 3524 3035; x_wconf 89' lang='lat' dir='ltr'><strong>quo-</strong></span> 
     </span>
    </p>
   </div>
   <div class='ocr_carea' id='block_1_59' title="bbox 1942 3047 3525 3115">
    <p class='ocr_par' dir='ltr' id='par_1_59' title="bbox 1942 3047 3525 3115">
     <span class='ocr_line' id='line_1_59' title="bbox 1942 3047 3525 3115; baseline 0.008 -16"><span class='ocrx_word' id='word_1_419' title='bbox 1942 3048 2084 3099; x_wconf 86' lang='lat' dir='ltr'><strong>niam</strong></span> <span class='ocrx_word' id='word_1_420' title='bbox 2117 3055 2169 3099; x_wconf 88' lang='lat' dir='ltr'><strong>et</strong></span> <span class='ocrx_word' id='word_1_421' title='bbox 2199 3047 2311 3115; x_wconf 90' lang='lat' dir='ltr'><strong>ipse</strong></span> <span class='ocrx_word' id='word_1_422' title='bbox 2342 3056 2567 3115; x_wconf 82' lang='lat' dir='ltr'><strong>propter</strong></span> <span class='ocrx_word' id='word_1_423' title='bbox 2594 3064 2767 3102; x_wconf 90' lang='lat' dir='ltr'><strong>meam</strong></span> <span class='ocrx_word' id='word_1_424' title='bbox 2798 3050 2849 3103; x_wconf 91' lang='lat' dir='ltr'><strong>in</strong></span> <span class='ocrx_word' id='word_1_425' title='bbox 2889 3050 3033 3105; x_wconf 85' lang='lat' dir='ltr'><strong>hunc</strong></span> <span class='ocrx_word' id='word_1_426' title='bbox 3059 3063 3307 3108; x_wconf 87' lang='lat' dir='ltr'><strong>sanctum</strong></span> <span class='ocrx_word' id='word_1_427' title='bbox 3356 3056 3525 3111; x_wconf 84' lang='lat' dir='ltr'><strong>bene-</strong></span> 
     </span>
    </p>
   </div>
   <div class='ocr_carea' id='block_1_60' title="bbox 259 3136 1941 3219">
    <p class='ocr_par' dir='ltr' id='par_1_60' title="bbox 259 3140 1905 3219">
     <span class='ocr_line' id='line_1_60' title="bbox 259 3140 1905 3219; baseline 0.006 -27"><span class='ocrx_word' id='word_1_428' title='bbox 259 3144 489 3210; x_wconf 75' lang='grc' dir='ltr'>στοργῇ,</span> <span class='ocrx_word' id='word_1_429' title='bbox 523 3143 614 3194; x_wconf 69' lang='grc' dir='ltr'>καὶ</span> <span class='ocrx_word' id='word_1_430' title='bbox 646 3144 811 3213; x_wconf 78' lang='grc' dir='ltr'>ὑμᾶς,</span> <span class='ocrx_word' id='word_1_431' title='bbox 850 3145 1003 3197; x_wconf 66' lang='grc' dir='ltr'>οὐδέν</span> <span class='ocrx_word' id='word_1_432' title='bbox 1027 3140 1188 3214; x_wconf 85' lang='grc' dir='ltr'>ἦττον</span> <span class='ocrx_word' id='word_1_433' title='bbox 1220 3146 1331 3217; x_wconf 82' lang='grc' dir='ltr'><strong>ὁρῶ</strong></span> <span class='ocrx_word' id='word_1_434' title='bbox 1366 3148 1666 3218; x_wconf 74' lang='grc' dir='ltr'>κεχηνότας</span> <span class='ocrx_word' id='word_1_435' title='bbox 1704 3151 1837 3219; x_wconf 60' lang='grc' dir='ltr'>πρδς</span> <span class='ocrx_word' id='word_1_436' title='bbox 1866 3158 1905 3213; x_wconf 82' lang='lat' dir='ltr'><strong>c</strong></span> 
     </span>
    </p>
   </div>
   <div class='ocr_carea' id='block_1_61' title="bbox 1839 3136 3521 3219">
    <p class='ocr_par' dir='ltr' id='par_1_61' title="bbox 1866 3136 3521 3213">
     <span class='ocr_line' id='line_1_61' title="bbox 1866 3136 3521 3213; baseline 0.009 -27"><span class='ocrx_word' id='word_1_437' title='bbox 1866 3158 1905 3213; x_wconf 69' lang='grc' dir='ltr'>ε</span> <span class='ocrx_word' id='word_1_438' title='bbox 1943 3136 2236 3190; x_wconf 79' lang='lat' dir='ltr'><strong>volentiam</strong></span> <span class='ocrx_word' id='word_1_439' title='bbox 2272 3138 2519 3204; x_wconf 82' lang='lat' dir='ltr'><strong>parturio</strong></span> <span class='ocrx_word' id='word_1_440' title='bbox 2564 3139 2998 3207; x_wconf 74' lang='lat' dir='ltr'><strong>expositionem,</strong></span> <span class='ocrx_word' id='word_1_441' title='bbox 3045 3155 3099 3198; x_wconf 89' lang='lat' dir='ltr'><strong>et</strong></span> <span class='ocrx_word' id='word_1_442' title='bbox 3128 3160 3225 3199; x_wconf 88' lang='lat' dir='ltr'><strong>vos</strong></span> <span class='ocrx_word' id='word_1_443' title='bbox 3253 3147 3410 3200; x_wconf 88' lang='lat' dir='ltr'><strong>video</strong></span> <span class='ocrx_word' id='word_1_444' title='bbox 3438 3148 3521 3201; x_wconf 90' lang='lat' dir='ltr'><strong>ni-</strong></span> 
     </span>
    </p>
   </div>
   <div class='ocr_carea' id='block_1_62' title="bbox 255 3233 1840 3309">
    <p class='ocr_par' dir='ltr' id='par_1_62' title="bbox 255 3233 1840 3309">
     <span class='ocr_line' id='line_1_62' title="bbox 255 3233 1840 3309; baseline 0.004 -26"><span class='ocrx_word' id='word_1_445' title='bbox 255 3233 358 3301; x_wconf 75' lang='grc' dir='ltr'>τὴν</span> <span class='ocrx_word' id='word_1_446' title='bbox 388 3235 675 3302; x_wconf 62' lang='grc' dir='ltr'>ἀκρόασιν,</span> <span class='ocrx_word' id='word_1_447' title='bbox 710 3238 803 3289; x_wconf 67' lang='grc' dir='ltr'>καὶ</span> <span class='ocrx_word' id='word_1_448' title='bbox 831 3238 993 3306; x_wconf 65' lang='grc' dir='ltr'>ἔτερα</span> <span class='ocrx_word' id='word_1_449' title='bbox 1020 3238 1183 3290; x_wconf 85' lang='grc' dir='ltr'>πάλιν</span> <span class='ocrx_word' id='word_1_450' title='bbox 1206 3238 1315 3289; x_wconf 85' lang='grc' dir='ltr'><strong>τῶν</strong></span> <span class='ocrx_word' id='word_1_451' title='bbox 1341 3239 1637 3307; x_wconf 76' lang='grc' dir='ltr'>θαυμάτων</span> <span class='ocrx_word' id='word_1_452' title='bbox 1668 3257 1840 3309; x_wconf 84' lang='grc' dir='ltr'>προσ-</span> 
     </span>
    </p>
   </div>
   <div class='ocr_carea' id='block_1_63' title="bbox 258 3324 1835 3401">
    <p class='ocr_par' dir='ltr' id='par_1_63' title="bbox 258 3324 1835 3401">
     <span class='ocr_line' id='line_1_63' title="bbox 258 3324 1835 3401; baseline 0.004 -24"><span class='ocrx_word' id='word_1_453' title='bbox 258 3324 438 3395; x_wconf 73' lang='grc' dir='ltr'>θήσω,</span> <span class='ocrx_word' id='word_1_454' title='bbox 489 3325 696 3396; x_wconf 76' lang='grc' dir='ltr'>βέλτιον</span> <span class='ocrx_word' id='word_1_455' title='bbox 732 3330 1084 3398; x_wconf 78' lang='grc' dir='ltr'>ἡγησάμενος</span> <span class='ocrx_word' id='word_1_456' title='bbox 1117 3330 1262 3391; x_wconf 76' lang='grc' dir='ltr'>ὅπως</span> <span class='ocrx_word' id='word_1_457' title='bbox 1297 3330 1363 3381; x_wconf 82' lang='grc' dir='ltr'>ἂν</span> <span class='ocrx_word' id='word_1_458' title='bbox 1396 3330 1505 3399; x_wconf 76' lang='grc' dir='ltr'><strong>ἔχω</strong></span> <span class='ocrx_word' id='word_1_459' title='bbox 1549 3331 1835 3401; x_wconf 75' lang='grc' dir='ltr'>δυνάμεως</span> 
     </span>
    </p>
   </div>
   <div class='ocr_carea' id='block_1_64' title="bbox 260 3415 1839 3491">
    <p class='ocr_par' dir='ltr' id='par_1_64' title="bbox 260 3415 1839 3491">
     <span class='ocr_line' id='line_1_64' title="bbox 260 3415 1839 3491; baseline 0.004 -24"><span class='ocrx_word' id='word_1_460' title='bbox 260 3415 437 3469; x_wconf 80' lang='grc' dir='ltr'>ταῦτα</span> <span class='ocrx_word' id='word_1_461' title='bbox 468 3416 784 3483; x_wconf 74' lang='grc' dir='ltr'>διεξελθεῖν,</span> <span class='ocrx_word' id='word_1_462' title='bbox 828 3421 859 3487; x_wconf 74' lang='grc' dir='ltr'>ἢ</span> <span class='ocrx_word' id='word_1_463' title='bbox 890 3418 1033 3473; x_wconf 76' lang='grc' dir='ltr'>οὕτω</span> <span class='ocrx_word' id='word_1_464' title='bbox 1059 3422 1383 3473; x_wconf 70' lang='grc' dir='ltr'>καταλιπεῖν</span> <span class='ocrx_word' id='word_1_465' title='bbox 1431 3422 1839 3491; x_wconf 65' lang='grc' dir='ltr'>ἀμνημόνευτα,</span> 
     </span>
    </p>
   </div>
   <div class='ocr_carea' id='block_1_65' title="bbox 264 3509 1842 3585">
    <p class='ocr_par' dir='ltr' id='par_1_65' title="bbox 264 3509 1842 3585">
     <span class='ocr_line' id='line_1_65' title="bbox 264 3509 1842 3585; baseline 0.004 -25"><span class='ocrx_word' id='word_1_466' title='bbox 264 3509 471 3579; x_wconf 79' lang='grc' dir='ltr'>πολλὴν</span> <span class='ocrx_word' id='word_1_467' title='bbox 534 3510 661 3580; x_wconf 81' lang='grc' dir='ltr'>ὑμῖν</span> <span class='ocrx_word' id='word_1_468' title='bbox 725 3511 1003 3581; x_wconf 65' lang='grc' dir='ltr'>δυνάμενα</span> <span class='ocrx_word' id='word_1_469' title='bbox 1063 3515 1163 3581; x_wconf 76' lang='grc' dir='ltr'>τὴν</span> <span class='ocrx_word' id='word_1_470' title='bbox 1238 3513 1512 3581; x_wconf 77' lang='grc' dir='ltr'>ὠφέλειαν</span> <span class='ocrx_word' id='word_1_471' title='bbox 1557 3516 1842 3585; x_wconf 77' lang='grc' dir='ltr'>παρέχειν.</span> 
     </span>
    </p>
   </div>
   <div class='ocr_carea' id='block_1_66' title="bbox 265 3598 1839 3671">
    <p class='ocr_par' dir='ltr' id='par_1_66' title="bbox 265 3598 1839 3671">
     <span class='ocr_line' id='line_1_66' title="bbox 265 3598 1839 3671; baseline 0.002 -17"><span class='ocrx_word' id='word_1_472' title='bbox 265 3598 453 3671; x_wconf 71' lang='grc' dir='ltr'>Είεῄει</span> <span class='ocrx_word' id='word_1_473' title='bbox 486 3602 619 3655; x_wconf 69' lang='grc' dir='ltr'>ποτε</span> <span class='ocrx_word' id='word_1_474' title='bbox 679 3606 802 3654; x_wconf 82' lang='grc' dir='ltr'>ναόν</span> <span class='ocrx_word' id='word_1_475' title='bbox 833 3619 951 3655; x_wconf 88' lang='grc' dir='ltr'>τινα</span> <span class='ocrx_word' id='word_1_476' title='bbox 983 3603 1083 3669; x_wconf 82' lang='grc' dir='ltr'>τῆς</span> <span class='ocrx_word' id='word_1_477' title='bbox 1146 3604 1311 3656; x_wconf 63' lang='grc' dir='ltr'>αὐτοῦ</span> <span class='ocrx_word' id='word_1_478' title='bbox 1378 3604 1587 3667; x_wconf 78' lang='grc' dir='ltr'>πόλεως</span> <span class='ocrx_word' id='word_1_479' title='bbox 1635 3608 1663 3657; x_wconf 90' lang='lat'><strong>6</strong></span> <span class='ocrx_word' id='word_1_480' title='bbox 1701 3606 1839 3668; x_wconf 76' lang='grc' dir='ltr'>θεῖος</span> 
     </span>
    </p>
   </div>
   <div class='ocr_carea' id='block_1_67' title="bbox 265 3688 1841 3766">
    <p class='ocr_par' dir='ltr' id='par_1_67' title="bbox 265 3688 1841 3766">
     <span class='ocr_line' id='line_1_67' title="bbox 265 3688 1841 3766; baseline 0.004 -21"><span class='ocrx_word' id='word_1_481' title='bbox 265 3688 424 3757; x_wconf 67' lang='grc' dir='ltr'>οὗτος</span> <span class='ocrx_word' id='word_1_482' title='bbox 455 3695 613 3765; x_wconf 75' lang='grc' dir='ltr'>ἀνὴρ,</span> <span class='ocrx_word' id='word_1_483' title='bbox 646 3696 744 3756; x_wconf 81' lang='grc' dir='ltr'>τὰς</span> <span class='ocrx_word' id='word_1_484' title='bbox 777 3697 1065 3766; x_wconf 75' lang='grc' dir='ltr'>ἑσπερίους</span> <span class='ocrx_word' id='word_1_485' title='bbox 1104 3696 1269 3766; x_wconf 71' lang='grc' dir='ltr'>ᾠδὰς,</span> <span class='ocrx_word' id='word_1_486' title='bbox 1303 3696 1375 3758; x_wconf 81' lang='grc' dir='ltr'><strong>ὡς</strong></span> <span class='ocrx_word' id='word_1_487' title='bbox 1409 3697 1550 3762; x_wconf 76' lang='grc' dir='ltr'>ἔθος,</span> <span class='ocrx_word' id='word_1_488' title='bbox 1593 3700 1841 3751; x_wconf 75' lang='grc' dir='ltr'>ἑπιτελὲο</span> 
     </span>
    </p>
   </div>
   <div class='ocr_carea' id='block_1_68' title="bbox 268 3786 1843 3863">
    <p class='ocr_par' dir='ltr' id='par_1_68' title="bbox 268 3786 1843 3863">
     <span class='ocr_line' id='line_1_68' title="bbox 268 3786 1843 3863; baseline 0.004 -24"><span class='ocrx_word' id='word_1_489' title='bbox 268 3804 399 3841; x_wconf 88' lang='grc' dir='ltr'>σων.</span> <span class='ocrx_word' id='word_1_490' title='bbox 437 3786 593 3838; x_wconf 78' lang='grc' dir='ltr'>Οὕτω</span> <span class='ocrx_word' id='word_1_491' title='bbox 622 3787 678 3839; x_wconf 82' lang='grc' dir='ltr'><em>δέ</em></span> <span class='ocrx_word' id='word_1_492' title='bbox 718 3804 831 3849; x_wconf 86' lang='grc' dir='ltr'><strong>πως</strong></span> <span class='ocrx_word' id='word_1_493' title='bbox 866 3788 1208 3859; x_wconf 67' lang='grc' dir='ltr'>συνενεχθὲν,</span> <span class='ocrx_word' id='word_1_494' title='bbox 1252 3791 1353 3844; x_wconf 70' lang='grc' dir='ltr'>οὐκ</span> <span class='ocrx_word' id='word_1_495' title='bbox 1403 3788 1471 3863; x_wconf 77' lang='grc' dir='ltr'>ἦν</span> <span class='ocrx_word' id='word_1_496' title='bbox 1514 3792 1668 3861; x_wconf 78' lang='grc' dir='ltr'>δχλος</span> <span class='ocrx_word' id='word_1_497' title='bbox 1710 3795 1843 3863; x_wconf 64' lang='grc' dir='ltr'>πρὶς</span> 
     </span>
    </p>
   </div>
   <div class='ocr_carea' id='block_1_69' title="bbox 264 3875 1845 3954">
    <p class='ocr_par' dir='ltr' id='par_1_69' title="bbox 264 3875 1845 3954">
     <span class='ocr_line' id='line_1_69' title="bbox 264 3875 1845 3954; baseline 0.002 -20"><span class='ocrx_word' id='word_1_498' title='bbox 264 3878 360 3935; x_wconf 75' lang='grc' dir='ltr'>τὸν</span> <span class='ocrx_word' id='word_1_499' title='bbox 397 3879 543 3932; x_wconf 86' lang='grc' dir='ltr'>ναόν.</span> <span class='ocrx_word' id='word_1_500' title='bbox 590 3879 742 3931; x_wconf 79' lang='grc' dir='ltr'>Ἐπεὶ</span> <span class='ocrx_word' id='word_1_501' title='bbox 783 3875 877 3933; x_wconf 80' lang='grc' dir='ltr'>οὖν</span> <span class='ocrx_word' id='word_1_502' title='bbox 902 3880 1075 3943; x_wconf 65' lang='grc' dir='ltr'>οὐδεὶς</span> <span class='ocrx_word' id='word_1_503' title='bbox 1113 3882 1290 3951; x_wconf 71' lang='grc' dir='ltr'>παρῆν</span> <span class='ocrx_word' id='word_1_504' title='bbox 1324 3883 1509 3951; x_wconf 63' lang='lat' dir='ltr'><strong>lupo;</strong></span> <span class='ocrx_word' id='word_1_505' title='bbox 1536 3886 1582 3936; x_wconf 85' lang='grc' dir='ltr'>εἰ</span> <span class='ocrx_word' id='word_1_506' title='bbox 1620 3884 1693 3954; x_wconf 77' lang='grc' dir='ltr'>μὴ</span> <span class='ocrx_word' id='word_1_507' title='bbox 1722 3888 1845 3937; x_wconf 80' lang='grc' dir='ltr'>ὅσον</span> 
     </span>
    </p>
   </div>
   <div class='ocr_carea' id='block_1_70' title="bbox 266 3966 1843 4039">
    <p class='ocr_par' dir='ltr' id='par_1_70' title="bbox 266 3966 1843 4039">
     <span class='ocr_line' id='line_1_70' title="bbox 266 3966 1843 4039; baseline 0.006 -19"><span class='ocrx_word' id='word_1_508' title='bbox 266 3966 327 4021; x_wconf 71' lang='grc' dir='ltr'><strong>δν</strong></span> <span class='ocrx_word' id='word_1_509' title='bbox 355 3968 653 4034; x_wconf 82' lang='grc' dir='ltr'>νεωκόροις</span> <span class='ocrx_word' id='word_1_510' title='bbox 688 3971 781 4022; x_wconf 75' lang='grc' dir='ltr'>καὶ</span> <span class='ocrx_word' id='word_1_511' title='bbox 814 3970 1170 4039; x_wconf 71' lang='grc' dir='ltr'>λειτουργοῖς,</span> <span class='ocrx_word' id='word_1_512' title='bbox 1196 3972 1411 4027; x_wconf 80' lang='grc' dir='ltr'>κελεύει</span> <span class='ocrx_word' id='word_1_513' title='bbox 1444 3976 1667 4028; x_wconf 81' lang='grc' dir='ltr'>πλείονα</span> <span class='ocrx_word' id='word_1_514' title='bbox 1701 3977 1759 4028; x_wconf 76' lang='grc' dir='ltr'><strong>τό</strong></span> <span class='ocrx_word' id='word_1_515' title='bbox 1788 3994 1843 4029; x_wconf 89' lang='grc' dir='ltr'><strong>τε</strong></span> 
     </span>
    </p>
   </div>
   <div class='ocr_carea' id='block_1_71' title="bbox 268 4060 1845 4138">
    <p class='ocr_par' dir='ltr' id='par_1_71' title="bbox 268 4060 1845 4138">
     <span class='ocr_line' id='line_1_71' title="bbox 268 4060 1845 4138; baseline 0.006 -27"><span class='ocrx_word' id='word_1_516' title='bbox 268 4060 383 4112; x_wconf 79' lang='grc' dir='ltr'>τῶν</span> <span class='ocrx_word' id='word_1_517' title='bbox 409 4060 656 4129; x_wconf 80' lang='grc' dir='ltr'>συνήθων</span> <span class='ocrx_word' id='word_1_518' title='bbox 690 4061 899 4131; x_wconf 74' lang='grc' dir='ltr'>ἀνάψαι</span> <span class='ocrx_word' id='word_1_519' title='bbox 928 4065 997 4116; x_wconf 88' lang='grc' dir='ltr'><strong>τά</strong></span> <span class='ocrx_word' id='word_1_520' title='bbox 1029 4062 1205 4131; x_wconf 77' lang='grc' dir='ltr'>φῶτα,</span> <span class='ocrx_word' id='word_1_521' title='bbox 1256 4065 1350 4119; x_wconf 76' lang='grc' dir='ltr'>καὶ</span> <span class='ocrx_word' id='word_1_522' title='bbox 1382 4068 1543 4129; x_wconf 73' lang='grc' dir='ltr'>αὐτὸς</span> <span class='ocrx_word' id='word_1_523' title='bbox 1588 4068 1686 4138; x_wconf 73' lang='grc' dir='ltr'>μὲν</span> <span class='ocrx_word' id='word_1_524' title='bbox 1718 4086 1845 4124; x_wconf 82' lang='grc' dir='ltr'>κατ-</span> 
     </span>
    </p>
   </div>
   <div class='ocr_carea' id='block_1_72' title="bbox 270 4152 1847 4229">
    <p class='ocr_par' dir='ltr' id='par_1_72' title="bbox 270 4152 1847 4229">
     <span class='ocr_line' id='line_1_72' title="bbox 270 4152 1847 4229; baseline 0.004 -25"><span class='ocrx_word' id='word_1_525' title='bbox 270 4153 501 4220; x_wconf 81' lang='grc' dir='ltr'>αντικρὺ</span> <span class='ocrx_word' id='word_1_526' title='bbox 571 4152 662 4209; x_wconf 74' lang='grc' dir='ltr'>τοῦ</span> <span class='ocrx_word' id='word_1_527' title='bbox 742 4153 1130 4223; x_wconf 77' lang='grc' dir='ltr'>θυσιαστηρίου</span> <span class='ocrx_word' id='word_1_528' title='bbox 1190 4156 1415 4225; x_wconf 70' lang='grc' dir='ltr'>φαιδρός</span> <span class='ocrx_word' id='word_1_529' title='bbox 1470 4159 1676 4224; x_wconf 85' lang='grc' dir='ltr'>τστατο,</span> <span class='ocrx_word' id='word_1_530' title='bbox 1748 4163 1847 4229; x_wconf 77' lang='grc' dir='ltr'>τὴν</span> 
     </span>
    </p>
   </div>
   <div class='ocr_carea' id='block_1_73' title="bbox 272 4244 1848 4323">
    <p class='ocr_par' dir='ltr' id='par_1_73' title="bbox 272 4244 1848 4323">
     <span class='ocr_line' id='line_1_73' title="bbox 272 4244 1848 4323; baseline 0.006 -27"><span class='ocrx_word' id='word_1_531' title='bbox 272 4244 536 4299; x_wconf 72' lang='grc' dir='ltr'>είωθυίαν</span> <span class='ocrx_word' id='word_1_532' title='bbox 569 4246 795 4315; x_wconf 70' lang='grc' dir='ltr'>εἰρήνην</span> <span class='ocrx_word' id='word_1_533' title='bbox 824 4246 1149 4314; x_wconf 76' lang='grc' dir='ltr'>έπιφωνῶν·</span> <span class='ocrx_word' id='word_1_534' title='bbox 1170 4248 1291 4299; x_wconf 81' lang='grc' dir='ltr'>έπεὶ</span> <span class='ocrx_word' id='word_1_535' title='bbox 1327 4248 1386 4300; x_wconf 74' lang='grc' dir='ltr'><strong>δέ</strong></span> <span class='ocrx_word' id='word_1_536' title='bbox 1422 4250 1513 4302; x_wconf 81' lang='grc' dir='ltr'>καὶ</span> <span class='ocrx_word' id='word_1_537' title='bbox 1546 4250 1604 4303; x_wconf 84' lang='grc' dir='ltr'>τὸ</span> <span class='ocrx_word' id='word_1_538' title='bbox 1645 4250 1848 4323; x_wconf 84' lang='grc' dir='ltr'>πλῆθος</span> 
     </span>
    </p>
   </div>
   <div class='ocr_carea' id='block_1_74' title="bbox 273 4331 1846 4410">
    <p class='ocr_par' dir='ltr' id='par_1_74' title="bbox 273 4331 1846 4410">
     <span class='ocr_line' id='line_1_74' title="bbox 273 4331 1846 4410; baseline 0.003 -22"><span class='ocrx_word' id='word_1_539' title='bbox 273 4335 378 4388; x_wconf 81' lang='grc' dir='ltr'>οὑκ</span> <span class='ocrx_word' id='word_1_540' title='bbox 406 4331 497 4406; x_wconf 70' lang='grc' dir='ltr'>ἢν,</span> <span class='ocrx_word' id='word_1_541' title='bbox 559 4336 633 4397; x_wconf 82' lang='grc' dir='ltr'><strong>ὡς</strong></span> <span class='ocrx_word' id='word_1_542' title='bbox 707 4337 889 4400; x_wconf 83' lang='grc' dir='ltr'>είωθε,</span> <span class='ocrx_word' id='word_1_543' title='bbox 951 4340 1051 4407; x_wconf 79' lang='grc' dir='ltr'>τὴν</span> <span class='ocrx_word' id='word_1_544' title='bbox 1100 4339 1398 4408; x_wconf 87' lang='grc' dir='ltr'>ἀπόκρισιν</span> <span class='ocrx_word' id='word_1_545' title='bbox 1459 4343 1846 4410; x_wconf 81' lang='grc' dir='ltr'>ποιησόμενον,</span> 
     </span>
    </p>
   </div>
   <div class='ocr_carea' id='block_1_75' title="bbox 1942 3227 3527 3310">
    <p class='ocr_par' dir='ltr' id='par_1_75' title="bbox 1942 3227 3527 3310">
     <span class='ocr_line' id='line_1_75' title="bbox 1942 3227 3527 3310; baseline 0.009 -31"><span class='ocrx_word' id='word_1_546' title='bbox 1942 3227 2245 3281; x_wconf 84' lang='lat' dir='ltr'><strong>hilominus</strong></span> <span class='ocrx_word' id='word_1_547' title='bbox 2276 3244 2370 3281; x_wconf 73' lang='lat' dir='ltr'><strong>ore</strong></span> <span class='ocrx_word' id='word_1_548' title='bbox 2406 3228 2591 3281; x_wconf 88' lang='lat' dir='ltr'><strong>hiante</strong></span> <span class='ocrx_word' id='word_1_549' title='bbox 2626 3229 2691 3283; x_wconf 91' lang='lat' dir='ltr'><strong>ad</strong></span> <span class='ocrx_word' id='word_1_550' title='bbox 2721 3233 3059 3287; x_wconf 87' lang='lat' dir='ltr'><strong>audiendum</strong></span> <span class='ocrx_word' id='word_1_551' title='bbox 3100 3247 3365 3310; x_wconf 81' lang='lat' dir='ltr'><strong>attentos,</strong></span> <span class='ocrx_word' id='word_1_552' title='bbox 3390 3239 3527 3309; x_wconf 88' lang='lat' dir='ltr'><strong>adji-</strong></span> 
     </span>
    </p>
   </div>
   <div class='ocr_carea' id='block_1_76' title="bbox 1940 3320 3524 3394">
    <p class='ocr_par' dir='ltr' id='par_1_76' title="bbox 1940 3320 3524 3394">
     <span class='ocr_line' id='line_1_76' title="bbox 1940 3320 3524 3394; baseline 0.009 -21"><span class='ocrx_word' id='word_1_553' title='bbox 1940 3320 2079 3375; x_wconf 88' lang='lat' dir='ltr'><strong>ciam</strong></span> <span class='ocrx_word' id='word_1_554' title='bbox 2118 3336 2306 3375; x_wconf 90' lang='lat' dir='ltr'><strong>rursus</strong></span> <span class='ocrx_word' id='word_1_555' title='bbox 2332 3320 2435 3373; x_wconf 87' lang='lat' dir='ltr'><strong>alia</strong></span> <span class='ocrx_word' id='word_1_556' title='bbox 2471 3321 2732 3376; x_wconf 88' lang='lat' dir='ltr'><strong>miracula</strong></span> <span class='ocrx_word' id='word_1_557' title='bbox 2765 3340 2777 3376; x_wconf 92' lang='lat'><strong>:</strong></span> <span class='ocrx_word' id='word_1_558' title='bbox 2815 3327 3014 3379; x_wconf 82' lang='lat' dir='ltr'><strong>melius</strong></span> <span class='ocrx_word' id='word_1_559' title='bbox 3045 3342 3165 3381; x_wconf 87' lang='lat' dir='ltr'><strong>esse</strong></span> <span class='ocrx_word' id='word_1_560' title='bbox 3195 3328 3427 3394; x_wconf 90' lang='lat' dir='ltr'><strong>ducens,</strong></span> <span class='ocrx_word' id='word_1_561' title='bbox 3461 3349 3524 3387; x_wconf 84' lang='lat' dir='ltr'><strong>ea</strong></span> 
     </span>
    </p>
   </div>
   <div class='ocr_carea' id='block_1_77' title="bbox 1942 3414 3525 3486">
    <p class='ocr_par' dir='ltr' id='par_1_77' title="bbox 1942 3414 3525 3486">
     <span class='ocr_line' id='line_1_77' title="bbox 1942 3414 3525 3486; baseline 0.008 -19"><span class='ocrx_word' id='word_1_562' title='bbox 1942 3414 2220 3482; x_wconf 88' lang='lat' dir='ltr'><strong>quomodo</strong></span> <span class='ocrx_word' id='word_1_563' title='bbox 2271 3422 2462 3481; x_wconf 89' lang='lat' dir='ltr'><strong>potero</strong></span> <span class='ocrx_word' id='word_1_564' title='bbox 2511 3416 2786 3485; x_wconf 72' lang='lat' dir='ltr'><strong>persequi,</strong></span> <span class='ocrx_word' id='word_1_565' title='bbox 2836 3432 3025 3486; x_wconf 88' lang='lat' dir='ltr'><strong>quam,</strong></span> <span class='ocrx_word' id='word_1_566' title='bbox 3056 3420 3100 3473; x_wconf 87' lang='lat' dir='ltr'><strong>si</strong></span> <span class='ocrx_word' id='word_1_567' title='bbox 3144 3436 3208 3475; x_wconf 90' lang='lat' dir='ltr'><strong>ea</strong></span> <span class='ocrx_word' id='word_1_568' title='bbox 3244 3423 3525 3480; x_wconf 62' lang='lat' dir='ltr'><strong>memoria:</strong></span> 
     </span>
    </p>
   </div>
   <div class='ocr_carea' id='block_1_78' title="bbox 1945 3506 3527 3583">
    <p class='ocr_par' dir='ltr' id='par_1_78' title="bbox 1945 3506 3527 3583">
     <span class='ocr_line' id='line_1_78' title="bbox 1945 3506 3527 3583; baseline 0.008 -23"><span class='ocrx_word' id='word_1_569' title='bbox 1945 3522 2055 3560; x_wconf 92' lang='lat' dir='ltr'><strong>non</strong></span> <span class='ocrx_word' id='word_1_570' title='bbox 2098 3506 2460 3569; x_wconf 73' lang='lat' dir='ltr'><strong>mandavero,</strong></span> <span class='ocrx_word' id='word_1_571' title='bbox 2489 3524 2584 3563; x_wconf 90' lang='lat' dir='ltr'><strong>vos</strong></span> <span class='ocrx_word' id='word_1_572' title='bbox 2621 3509 2712 3562; x_wconf 91' lang='lat' dir='ltr'><strong>illa</strong></span> <span class='ocrx_word' id='word_1_573' title='bbox 2742 3509 2998 3565; x_wconf 81' lang='lat' dir='ltr'><strong>fraudare</strong></span> <span class='ocrx_word' id='word_1_574' title='bbox 3023 3514 3275 3570; x_wconf 83' lang='lat' dir='ltr'><strong>utilitate.</strong></span> <span class='ocrx_word' id='word_1_575' title='bbox 3312 3517 3527 3583; x_wconf 69' lang='lat' dir='ltr'><strong>Ingres-</strong></span> 
     </span>
    </p>
   </div>
   <div class='ocr_carea' id='block_1_79' title="bbox 1946 3599 3524 3671">
    <p class='ocr_par' dir='ltr' id='par_1_79' title="bbox 1946 3599 3524 3671">
     <span class='ocr_line' id='line_1_79' title="bbox 1946 3599 3524 3671; baseline 0.008 -20"><span class='ocrx_word' id='word_1_576' title='bbox 1946 3610 2038 3653; x_wconf 80' lang='lat' dir='ltr'><strong>Sus</strong></span> <span class='ocrx_word' id='word_1_577' title='bbox 2066 3608 2185 3652; x_wconf 88' lang='lat' dir='ltr'><strong>erat</strong></span> <span class='ocrx_word' id='word_1_578' title='bbox 2215 3599 2508 3667; x_wconf 86' lang='lat' dir='ltr'><strong>aliquando</strong></span> <span class='ocrx_word' id='word_1_579' title='bbox 2542 3601 2817 3670; x_wconf 85' lang='lat' dir='ltr'><strong>quoddam</strong></span> <span class='ocrx_word' id='word_1_580' title='bbox 2849 3604 3112 3671; x_wconf 90' lang='lat' dir='ltr'><strong>templum</strong></span> <span class='ocrx_word' id='word_1_581' title='bbox 3143 3621 3256 3662; x_wconf 68' lang='lat' dir='ltr'><strong>sua</strong></span> <span class='ocrx_word' id='word_1_582' title='bbox 3281 3610 3524 3664; x_wconf 75' lang='lat' dir='ltr'><strong>civitatis</strong></span> 
     </span>
    </p>
   </div>
   <div class='ocr_carea' id='block_1_80' title="bbox 1946 3690 3528 3767">
    <p class='ocr_par' dir='ltr' id='par_1_80' title="bbox 1946 3690 3528 3767">
     <span class='ocr_line' id='line_1_80' title="bbox 1946 3690 3528 3767; baseline 0.007 -23"><span class='ocrx_word' id='word_1_583' title='bbox 1946 3690 2037 3744; x_wconf 85' lang='lat' dir='ltr'><strong>hic</strong></span> <span class='ocrx_word' id='word_1_584' title='bbox 2098 3692 2181 3743; x_wconf 89' lang='lat' dir='ltr'><strong>vir</strong></span> <span class='ocrx_word' id='word_1_585' title='bbox 2231 3691 2474 3755; x_wconf 89' lang='lat' dir='ltr'><strong>divinus,</strong></span> <span class='ocrx_word' id='word_1_586' title='bbox 2526 3691 2592 3745; x_wconf 90' lang='lat' dir='ltr'><strong>de</strong></span> <span class='ocrx_word' id='word_1_587' title='bbox 2639 3707 2790 3747; x_wconf 89' lang='lat' dir='ltr'><strong>more</strong></span> <span class='ocrx_word' id='word_1_588' title='bbox 2843 3699 3152 3763; x_wconf 83' lang='lat' dir='ltr'><strong>vespertina</strong></span> <span class='ocrx_word' id='word_1_589' title='bbox 3201 3710 3528 3767; x_wconf 79' lang='lat' dir='ltr'><strong>peracturus</strong></span> 
     </span>
    </p>
   </div>
   <div class='ocr_carea' id='block_1_81' title="bbox 1946 3781 3528 3857">
    <p class='ocr_par' dir='ltr' id='par_1_81' title="bbox 1946 3781 3528 3857">
     <span class='ocr_line' id='line_1_81' title="bbox 1946 3781 3528 3857; baseline 0.008 -22"><span class='ocrx_word' id='word_1_590' title='bbox 1946 3784 2175 3838; x_wconf 79' lang='lat' dir='ltr'><strong>cantica.</strong></span> <span class='ocrx_word' id='word_1_591' title='bbox 2208 3781 2281 3837; x_wconf 83' lang='lat' dir='ltr'><strong>Ita</strong></span> <span class='ocrx_word' id='word_1_592' title='bbox 2316 3794 2499 3837; x_wconf 87' lang='lat' dir='ltr'><strong>autem</strong></span> <span class='ocrx_word' id='word_1_593' title='bbox 2526 3789 2856 3854; x_wconf 80' lang='lat' dir='ltr'><strong>contigerat,</strong></span> <span class='ocrx_word' id='word_1_594' title='bbox 2888 3797 2946 3842; x_wconf 90' lang='lat' dir='ltr'><strong>ut</strong></span> <span class='ocrx_word' id='word_1_595' title='bbox 2978 3790 3213 3857; x_wconf 85' lang='lat' dir='ltr'><strong>pepulus</strong></span> <span class='ocrx_word' id='word_1_596' title='bbox 3245 3806 3352 3845; x_wconf 90' lang='lat' dir='ltr'><strong>non</strong></span> <span class='ocrx_word' id='word_1_597' title='bbox 3379 3805 3528 3848; x_wconf 86' lang='lat' dir='ltr'><strong>esset</strong></span> 
     </span>
    </p>
   </div>
   <div class='ocr_carea' id='block_1_82' title="bbox 1950 3875 3529 3947">
    <p class='ocr_par' dir='ltr' id='par_1_82' title="bbox 1950 3875 3529 3947">
     <span class='ocr_line' id='line_1_82' title="bbox 1950 3875 3529 3947; baseline 0.008 -20"><span class='ocrx_word' id='word_1_598' title='bbox 1950 3877 2001 3928; x_wconf 91' lang='lat' dir='ltr'><strong>in</strong></span> <span class='ocrx_word' id='word_1_599' title='bbox 2041 3876 2260 3944; x_wconf 87' lang='lat' dir='ltr'><strong>templo.</strong></span> <span class='ocrx_word' id='word_1_600' title='bbox 2297 3875 2430 3929; x_wconf 89' lang='lat' dir='ltr'><strong>Cum</strong></span> <span class='ocrx_word' id='word_1_601' title='bbox 2472 3892 2603 3945; x_wconf 82' lang='lat' dir='ltr'><strong>ergo</strong></span> <span class='ocrx_word' id='word_1_602' title='bbox 2630 3878 2814 3931; x_wconf 88' lang='lat' dir='ltr'><strong>nullus</strong></span> <span class='ocrx_word' id='word_1_603' title='bbox 2842 3890 2986 3935; x_wconf 80' lang='lat' dir='ltr'><strong>esset</strong></span> <span class='ocrx_word' id='word_1_604' title='bbox 3012 3881 3173 3947; x_wconf 83' lang='lat' dir='ltr'><strong>alius,</strong></span> <span class='ocrx_word' id='word_1_605' title='bbox 3203 3883 3306 3937; x_wconf 60' lang='lat' dir='ltr'><strong>nisi</strong></span> <span class='ocrx_word' id='word_1_606' title='bbox 3336 3884 3529 3939; x_wconf 67' lang='lat' dir='ltr'><strong>aditui</strong></span> 
     </span>
    </p>
   </div>
   <div class='ocr_carea' id='block_1_83' title="bbox 1950 3965 3530 4039">
    <p class='ocr_par' dir='ltr' id='par_1_83' title="bbox 1950 3965 3530 4039">
     <span class='ocr_line' id='line_1_83' title="bbox 1950 3965 3530 4039; baseline 0.004 -19"><span class='ocrx_word' id='word_1_607' title='bbox 1950 3976 2157 4021; x_wconf 87' lang='lat' dir='ltr'><strong>tantum</strong></span> <span class='ocrx_word' id='word_1_608' title='bbox 2184 3977 2237 4020; x_wconf 91' lang='lat' dir='ltr'><strong>et</strong></span> <span class='ocrx_word' id='word_1_609' title='bbox 2274 3969 2536 4031; x_wconf 77' lang='lat' dir='ltr'><strong>ministri,</strong></span> <span class='ocrx_word' id='word_1_610' title='bbox 2566 3969 2720 4039; x_wconf 88' lang='lat' dir='ltr'><strong>jubet</strong></span> <span class='ocrx_word' id='word_1_611' title='bbox 2772 3965 2937 4024; x_wconf 75' lang='lat' dir='ltr'><strong>solito</strong></span> <span class='ocrx_word' id='word_1_612' title='bbox 2974 3972 3128 4038; x_wconf 89' lang='lat' dir='ltr'><strong>plura</strong></span> <span class='ocrx_word' id='word_1_613' title='bbox 3165 3974 3392 4026; x_wconf 83' lang='lat' dir='ltr'><strong>accendi</strong></span> <span class='ocrx_word' id='word_1_614' title='bbox 3444 3974 3530 4027; x_wconf 93' lang='lat' dir='ltr'><strong>lu-</strong></span> 
     </span>
    </p>
   </div>
   <div class='ocr_carea' id='block_1_84' title="bbox 1949 4060 3528 4129">
    <p class='ocr_par' dir='ltr' id='par_1_84' title="bbox 1949 4060 3528 4129">
     <span class='ocr_line' id='line_1_84' title="bbox 1949 4060 3528 4129; baseline 0.003 -15"><span class='ocrx_word' id='word_1_615' title='bbox 1949 4060 2129 4121; x_wconf 79' lang='lat' dir='ltr'><strong>mina;</strong></span> <span class='ocrx_word' id='word_1_616' title='bbox 2160 4070 2212 4112; x_wconf 90' lang='lat' dir='ltr'><strong>et</strong></span> <span class='ocrx_word' id='word_1_617' title='bbox 2248 4064 2362 4129; x_wconf 85' lang='lat' dir='ltr'><strong>ipse</strong></span> <span class='ocrx_word' id='word_1_618' title='bbox 2387 4061 2609 4128; x_wconf 89' lang='lat' dir='ltr'><strong>quidem</strong></span> <span class='ocrx_word' id='word_1_619' title='bbox 2639 4062 2798 4114; x_wconf 66' lang='lat' dir='ltr'><strong>laetus</strong></span> <span class='ocrx_word' id='word_1_620' title='bbox 2824 4063 3003 4118; x_wconf 80' lang='lat' dir='ltr'><strong>stabat</strong></span> <span class='ocrx_word' id='word_1_621' title='bbox 3037 4078 3103 4117; x_wconf 81' lang='lat' dir='ltr'><strong>ex</strong></span> <span class='ocrx_word' id='word_1_622' title='bbox 3134 4063 3371 4118; x_wconf 80' lang='lat' dir='ltr'><strong>adverso</strong></span> <span class='ocrx_word' id='word_1_623' title='bbox 3399 4080 3528 4129; x_wconf 67' lang='lat' dir='ltr'><strong>ante,</strong></span> 
     </span>
    </p>
   </div>
   <div class='ocr_carea' id='block_1_85' title="bbox 1949 4151 3529 4219">
    <p class='ocr_par' dir='ltr' id='par_1_85' title="bbox 1949 4151 3529 4219">
     <span class='ocr_line' id='line_1_85' title="bbox 1949 4151 3529 4219; baseline 0.004 -17"><span class='ocrx_word' id='word_1_624' title='bbox 1949 4165 2136 4219; x_wconf 77' lang='lat' dir='ltr'><strong>pacem</strong></span> <span class='ocrx_word' id='word_1_625' title='bbox 2174 4151 2485 4209; x_wconf 78' lang='lat' dir='ltr'><strong>acclamaus</strong></span> <span class='ocrx_word' id='word_1_626' title='bbox 2520 4163 2866 4209; x_wconf 84' lang='lat' dir='ltr'><strong>consuetam.</strong></span> <span class='ocrx_word' id='word_1_627' title='bbox 2907 4152 3043 4207; x_wconf 90' lang='lat' dir='ltr'><strong>Cum</strong></span> <span class='ocrx_word' id='word_1_628' title='bbox 3074 4164 3261 4209; x_wconf 89' lang='lat' dir='ltr'><strong>autem</strong></span> <span class='ocrx_word' id='word_1_629' title='bbox 3301 4170 3410 4209; x_wconf 89' lang='lat' dir='ltr'><strong>non</strong></span> <span class='ocrx_word' id='word_1_630' title='bbox 3438 4170 3529 4209; x_wconf 84' lang='lat' dir='ltr'><strong>es-</strong></span> 
     </span>
    </p>
   </div>
   <div class='ocr_carea' id='block_1_86' title="bbox 1951 4241 3528 4313">
    <p class='ocr_par' dir='ltr' id='par_1_86' title="bbox 1951 4241 3528 4313">
     <span class='ocr_line' id='line_1_86' title="bbox 1951 4241 3528 4313; baseline 0.004 -18"><span class='ocrx_word' id='word_1_631' title='bbox 1951 4252 2053 4304; x_wconf 90' lang='lat' dir='ltr'><strong>set,</strong></span> <span class='ocrx_word' id='word_1_632' title='bbox 2090 4250 2149 4295; x_wconf 90' lang='lat' dir='ltr'><strong>ut</strong></span> <span class='ocrx_word' id='word_1_633' title='bbox 2188 4241 2417 4307; x_wconf 76' lang='lat' dir='ltr'><strong>solebat,</strong></span> <span class='ocrx_word' id='word_1_634' title='bbox 2468 4244 2705 4313; x_wconf 85' lang='lat' dir='ltr'><strong>populus</strong></span> <span class='ocrx_word' id='word_1_635' title='bbox 2754 4258 3143 4313; x_wconf 81' lang='lat' dir='ltr'><strong>responsurus.</strong></span> <span class='ocrx_word' id='word_1_636' title='bbox 3176 4245 3400 4300; x_wconf 84' lang='lat' dir='ltr'><strong>auditur</strong></span> <span class='ocrx_word' id='word_1_637' title='bbox 3430 4248 3528 4301; x_wconf 74' lang='lat' dir='ltr'><strong>de-</strong></span> 
     </span>
    </p>
   </div>
   <div class='ocr_carea' id='block_1_87' title="bbox 1952 4335 3534 4409">
    <p class='ocr_par' dir='ltr' id='par_1_87' title="bbox 1952 4335 3534 4409">
     <span class='ocr_line' id='line_1_87' title="bbox 1952 4335 3534 4409; baseline 0.004 -22"><span class='ocrx_word' id='word_1_638' title='bbox 1952 4347 2117 4402; x_wconf 86' lang='lat' dir='ltr'><strong>super</strong></span> <span class='ocrx_word' id='word_1_639' title='bbox 2154 4350 2253 4387; x_wconf 81' lang='lat' dir='ltr'><strong>vox</strong></span> <span class='ocrx_word' id='word_1_640' title='bbox 2282 4335 2529 4403; x_wconf 69' lang='lat' dir='ltr'><strong>quaedam</strong></span> <span class='ocrx_word' id='word_1_641' title='bbox 2562 4337 2856 4392; x_wconf 86' lang='lat' dir='ltr'><strong>multarum</strong></span> <span class='ocrx_word' id='word_1_642' title='bbox 2888 4338 3192 4409; x_wconf 82' lang='lat' dir='ltr'><strong>myriadum</strong></span> <span class='ocrx_word' id='word_1_643' title='bbox 3218 4340 3534 4394; x_wconf 85' lang='lat' dir='ltr'><strong>acclaman-</strong></span> 
     </span>
    </p>
   </div>
   <div class='ocr_carea' id='block_1_88' title="bbox 270 4423 1952 4502">
    <p class='ocr_par' dir='ltr' id='par_1_88' title="bbox 270 4426 1850 4502">
     <span class='ocr_line' id='line_1_88' title="bbox 270 4426 1850 4502; baseline 0.002 -22"><span class='ocrx_word' id='word_1_644' title='bbox 270 4428 427 4502; x_wconf 73' lang='grc' dir='ltr'>φωνή</span> <span class='ocrx_word' id='word_1_645' title='bbox 458 4443 541 4491; x_wconf 85' lang='grc' dir='ltr'><strong>τις</strong></span> <span class='ocrx_word' id='word_1_646' title='bbox 573 4426 780 4483; x_wconf 82' lang='grc' dir='ltr'>ἀνωθεν</span> <span class='ocrx_word' id='word_1_647' title='bbox 818 4428 1030 4481; x_wconf 87' lang='grc' dir='ltr'>πολλῶν</span> <span class='ocrx_word' id='word_1_648' title='bbox 1071 4428 1333 4485; x_wconf 77' lang='grc' dir='ltr'>ἀκούεται</span> <span class='ocrx_word' id='word_1_649' title='bbox 1392 4430 1693 4498; x_wconf 83' lang='grc' dir='ltr'>μυριάδων,</span> <span class='ocrx_word' id='word_1_650' title='bbox 1739 4432 1850 4484; x_wconf 68' lang='grc' dir='ltr'><strong>Καὶ</strong></span> 
     </span>
    </p>
   </div>
   <div class='ocr_carea' id='block_1_89' title="bbox 1849 4423 3531 4502">
    <p class='ocr_par' dir='ltr' id='par_1_89' title="bbox 1849 4423 3531 4500">
     <span class='ocr_line' id='line_1_89' title="bbox 1849 4423 3531 4500; baseline 0.005 -22"><span class='ocrx_word' id='word_1_651' title='bbox 1849 4471 1850 4478; x_wconf 48' lang='grc' dir='ltr'><strong>η</strong></span> <span class='ocrx_word' id='word_1_652' title='bbox 1955 4423 2131 4481; x_wconf 89' lang='lat' dir='ltr'><strong>tium:</strong></span> <span class='ocrx_word' id='word_1_653' title='bbox 2167 4423 2383 4480; x_wconf 83' lang='lat' dir='ltr'><strong>Etcum</strong></span> <span class='ocrx_word' id='word_1_654' title='bbox 2427 4423 2633 4495; x_wconf 86' lang='lat' dir='ltr'><strong>Spiritu</strong></span> <span class='ocrx_word' id='word_1_655' title='bbox 2677 4436 2792 4485; x_wconf 89' lang='lat' dir='ltr'><strong>tuo.</strong></span> <span class='ocrx_word' id='word_1_656' title='bbox 2822 4427 2951 4482; x_wconf 83' lang='lat' dir='ltr'><strong>Erat</strong></span> <span class='ocrx_word' id='word_1_657' title='bbox 3001 4444 3129 4483; x_wconf 90' lang='lat' dir='ltr'><strong>vero</strong></span> <span class='ocrx_word' id='word_1_658' title='bbox 3156 4445 3257 4484; x_wconf 79' lang='lat' dir='ltr'><strong>vos</strong></span> <span class='ocrx_word' id='word_1_659' title='bbox 3282 4431 3531 4500; x_wconf 66' lang='lat' dir='ltr'><strong>quedam</strong></span> 
     </span>
    </p>
   </div>
   <div class='ocr_carea' id='block_1_90' title="bbox 268 4510 1950 4593">
    <p class='ocr_par' dir='ltr' id='par_1_90' title="bbox 268 4510 1934 4593">
     <span class='ocr_line' id='line_1_90' title="bbox 268 4510 1934 4593; baseline -0.002 -19"><span class='ocrx_word' id='word_1_660' title='bbox 268 4520 356 4589; x_wconf 82' lang='grc' dir='ltr'>τῷ</span> <span class='ocrx_word' id='word_1_661' title='bbox 384 4518 666 4592; x_wconf 86' lang='grc' dir='ltr'>Ιινεύματί</span> <span class='ocrx_word' id='word_1_662' title='bbox 714 4536 830 4583; x_wconf 89' lang='grc' dir='ltr'>σου,</span> <span class='ocrx_word' id='word_1_663' title='bbox 884 4520 1334 4591; x_wconf 84' lang='grc' dir='ltr'>ὑποφωνούντων.</span> <span class='ocrx_word' id='word_1_664' title='bbox 1376 4521 1439 4575; x_wconf 80' lang='grc' dir='ltr'><em>Ἣ</em></span> <span class='ocrx_word' id='word_1_665' title='bbox 1474 4520 1530 4574; x_wconf 70' lang='grc' dir='ltr'>δὲ</span> <span class='ocrx_word' id='word_1_666' title='bbox 1561 4522 1712 4593; x_wconf 76' lang='grc' dir='ltr'>φωνὴ</span> <span class='ocrx_word' id='word_1_667' title='bbox 1760 4523 1858 4593; x_wconf 72' lang='grc' dir='ltr'>έμο</span> <span class='ocrx_word' id='word_1_668' title='bbox 1883 4510 1934 4570; x_wconf 85' lang='lat' dir='ltr'><strong>D</strong></span> 
     </span>
    </p>
   </div>
   <div class='ocr_carea' id='block_1_91' title="bbox 1846 4510 3528 4593">
    <p class='ocr_par' dir='ltr' id='par_1_91' title="bbox 1846 4510 3528 4591">
     <span class='ocr_line' id='line_1_91' title="bbox 1846 4510 3528 4591; baseline 0.006 -25"><span class='ocrx_word' id='word_1_669' title='bbox 1846 4510 1934 4570; x_wconf 88' lang='lat' dir='ltr'><strong>.D</strong></span> <span class='ocrx_word' id='word_1_670' title='bbox 1962 4512 2241 4569; x_wconf 89' lang='lat' dir='ltr'><strong>modulata</strong></span> <span class='ocrx_word' id='word_1_671' title='bbox 2270 4525 2323 4569; x_wconf 81' lang='lat' dir='ltr'><strong>et</strong></span> <span class='ocrx_word' id='word_1_672' title='bbox 2368 4532 2685 4582; x_wconf 88' lang='lat' dir='ltr'><strong>numerosa,</strong></span> <span class='ocrx_word' id='word_1_673' title='bbox 2735 4528 2795 4572; x_wconf 93' lang='lat' dir='ltr'><strong>et</strong></span> <span class='ocrx_word' id='word_1_674' title='bbox 2836 4534 2956 4588; x_wconf 67' lang='lat' dir='ltr'><strong>quae</strong></span> <span class='ocrx_word' id='word_1_675' title='bbox 3001 4531 3121 4575; x_wconf 88' lang='lat' dir='ltr'><strong>erat</strong></span> <span class='ocrx_word' id='word_1_676' title='bbox 3163 4523 3528 4591; x_wconf 62' lang='lat' dir='ltr'><strong>prastautior,</strong></span> 
     </span>
    </p>
   </div>
   <div class='ocr_carea' id='block_1_92' title="bbox 272 4607 1954 4683">
    <p class='ocr_par' dir='ltr' id='par_1_92' title="bbox 272 4610 1853 4681">
     <span class='ocr_line' id='line_1_92' title="bbox 272 4610 1853 4681; baseline 0.003 -19"><span class='ocrx_word' id='word_1_677' title='bbox 272 4612 478 4681; x_wconf 83' lang='grc' dir='ltr'>μουσός</span> <span class='ocrx_word' id='word_1_678' title='bbox 510 4628 594 4673; x_wconf 89' lang='grc' dir='ltr'><strong>τις</strong></span> <span class='ocrx_word' id='word_1_679' title='bbox 625 4611 719 4663; x_wconf 76' lang='grc' dir='ltr'>καὶ</span> <span class='ocrx_word' id='word_1_680' title='bbox 743 4610 1087 4681; x_wconf 64' lang='grc' dir='ltr'>ἐναρμόνιος,</span> <span class='ocrx_word' id='word_1_681' title='bbox 1110 4615 1204 4664; x_wconf 71' lang='grc' dir='ltr'>καὶ</span> <span class='ocrx_word' id='word_1_682' title='bbox 1225 4611 1364 4665; x_wconf 85' lang='grc' dir='ltr'>πολὺ</span> <span class='ocrx_word' id='word_1_683' title='bbox 1384 4612 1445 4664; x_wconf 81' lang='grc' dir='ltr'>τὸ</span> <span class='ocrx_word' id='word_1_684' title='bbox 1467 4613 1853 4681; x_wconf 86' lang='grc' dir='ltr'>παραλλάττον</span> 
     </span>
    </p>
   </div>
   <div class='ocr_carea' id='block_1_93' title="bbox 1852 4607 3534 4683">
    <p class='ocr_par' dir='ltr' id='par_1_93' title="bbox 1852 4607 3534 4683">
     <span class='ocr_line' id='line_1_93' title="bbox 1852 4607 3534 4683; baseline 0.005 -24"><span class='ocrx_word' id='word_1_685' title='bbox 1852 4636 1853 4647; x_wconf 61' lang='grc' dir='ltr'><strong>ι</strong></span> <span class='ocrx_word' id='word_1_686' title='bbox 1957 4622 2118 4677; x_wconf 89' lang='lat' dir='ltr'><strong>quam</strong></span> <span class='ocrx_word' id='word_1_687' title='bbox 2149 4618 2207 4661; x_wconf 93' lang='lat' dir='ltr'><strong>ut</strong></span> <span class='ocrx_word' id='word_1_688' title='bbox 2239 4607 2478 4663; x_wconf 89' lang='lat' dir='ltr'><strong>bumana</strong></span> <span class='ocrx_word' id='word_1_689' title='bbox 2506 4625 2627 4664; x_wconf 82' lang='lat' dir='ltr'><strong>esse</strong></span> <span class='ocrx_word' id='word_1_690' title='bbox 2674 4612 3061 4680; x_wconf 85' lang='lat' dir='ltr'><strong>eonjiceretur.</strong></span> <span class='ocrx_word' id='word_1_691' title='bbox 3110 4613 3405 4683; x_wconf 77' lang='lat' dir='ltr'><strong>Postquam</strong></span> <span class='ocrx_word' id='word_1_692' title='bbox 3438 4630 3534 4667; x_wconf 89' lang='lat' dir='ltr'><strong>au-</strong></span> 
     </span>
    </p>
   </div>
   <div class='ocr_carea' id='block_1_94' title="bbox 269 4700 1851 4773">
    <p class='ocr_par' dir='ltr' id='par_1_94' title="bbox 269 4700 1851 4773">
     <span class='ocr_line' id='line_1_94' title="bbox 269 4700 1851 4773; baseline 0 -17"><span class='ocrx_word' id='word_1_693' title='bbox 269 4706 501 4772; x_wconf 72' lang='grc' dir='ltr'>έχουσα,</span> <span class='ocrx_word' id='word_1_694' title='bbox 538 4702 571 4772; x_wconf 76' lang='grc' dir='ltr'>ἢ</span> <span class='ocrx_word' id='word_1_695' title='bbox 604 4700 748 4756; x_wconf 81' lang='grc' dir='ltr'>ὥστε</span> <span class='ocrx_word' id='word_1_696' title='bbox 784 4707 876 4755; x_wconf 80' lang='grc' dir='ltr'>καὶ</span> <span class='ocrx_word' id='word_1_697' title='bbox 910 4701 1261 4773; x_wconf 82' lang='grc' dir='ltr'>ἀνθρωπίνην</span> <span class='ocrx_word' id='word_1_698' title='bbox 1294 4703 1633 4768; x_wconf 78' lang='grc' dir='ltr'>εἰκάζεσθαι.</span> <span class='ocrx_word' id='word_1_699' title='bbox 1672 4703 1759 4765; x_wconf 80' lang='grc' dir='ltr'>Ὠς</span> <span class='ocrx_word' id='word_1_700' title='bbox 1796 4704 1851 4757; x_wconf 74' lang='grc' dir='ltr'><strong>δι</strong></span> 
     </span>
    </p>
   </div>
   <div class='ocr_carea' id='block_1_95' title="bbox 270 4795 1851 4866">
    <p class='ocr_par' dir='ltr' id='par_1_95' title="bbox 270 4795 1851 4866">
     <span class='ocr_line' id='line_1_95' title="bbox 270 4795 1851 4866; baseline -0.001 -17"><span class='ocrx_word' id='word_1_701' title='bbox 270 4798 378 4850; x_wconf 76' lang='grc' dir='ltr'>καὶ</span> <span class='ocrx_word' id='word_1_702' title='bbox 407 4797 436 4850; x_wconf 87' lang='lat'><strong>6</strong></span> <span class='ocrx_word' id='word_1_703' title='bbox 464 4795 710 4857; x_wconf 81' lang='grc' dir='ltr'>διάκονος</span> <span class='ocrx_word' id='word_1_704' title='bbox 741 4796 843 4865; x_wconf 77' lang='grc' dir='ltr'>τὴν</span> <span class='ocrx_word' id='word_1_705' title='bbox 890 4795 1057 4865; x_wconf 77' lang='grc' dir='ltr'>εὐχὴν</span> <span class='ocrx_word' id='word_1_706' title='bbox 1086 4797 1356 4861; x_wconf 78' lang='grc' dir='ltr'>έπετέλει,</span> <span class='ocrx_word' id='word_1_707' title='bbox 1394 4796 1543 4865; x_wconf 81' lang='grc' dir='ltr'>φόϐῳ</span> <span class='ocrx_word' id='word_1_708' title='bbox 1578 4799 1851 4866; x_wconf 84' lang='grc' dir='ltr'>κατάσχε-</span> 
     </span>
    </p>
   </div>
   <div class='ocr_carea' id='block_1_96' title="bbox 273 4887 1855 4960">
    <p class='ocr_par' dir='ltr' id='par_1_96' title="bbox 273 4887 1855 4960">
     <span class='ocr_line' id='line_1_96' title="bbox 273 4887 1855 4960; baseline -0.002 -17"><span class='ocrx_word' id='word_1_709' title='bbox 273 4906 370 4952; x_wconf 89' lang='grc' dir='ltr'><strong>τος</strong></span> <span class='ocrx_word' id='word_1_710' title='bbox 403 4892 669 4958; x_wconf 83' lang='grc' dir='ltr'>γεγονὼς,</span> <span class='ocrx_word' id='word_1_711' title='bbox 707 4890 907 4960; x_wconf 74' lang='grc' dir='ltr'>ἢκουσε</span> <span class='ocrx_word' id='word_1_712' title='bbox 944 4890 1104 4943; x_wconf 80' lang='grc' dir='ltr'>πάλιν</span> <span class='ocrx_word' id='word_1_713' title='bbox 1164 4887 1229 4951; x_wconf 84' lang='grc' dir='ltr'><strong>(ὣ</strong></span> <span class='ocrx_word' id='word_1_714' title='bbox 1260 4888 1538 4957; x_wconf 85' lang='grc' dir='ltr'>θαύματος</span> <span class='ocrx_word' id='word_1_715' title='bbox 1561 4890 1597 4957; x_wconf 83' lang='lat' dir='ltr'><strong>l)</strong></span> <span class='ocrx_word' id='word_1_716' title='bbox 1638 4889 1716 4952; x_wconf 71' lang='grc' dir='ltr'><strong>τὸ,</strong></span> <span class='ocrx_word' id='word_1_717' title='bbox 1744 4888 1855 4941; x_wconf 80' lang='grc' dir='ltr'><strong>Κύ-</strong></span> 
     </span>
    </p>
   </div>
   <div class='ocr_carea' id='block_1_97' title="bbox 276 4975 1873 5053">
    <p class='ocr_par' dir='ltr' id='par_1_97' title="bbox 276 4975 1873 5053">
     <span class='ocr_line' id='line_1_97' title="bbox 276 4975 1873 5053; baseline -0.001 -19"><span class='ocrx_word' id='word_1_718' title='bbox 276 4996 392 5052; x_wconf 85' lang='grc' dir='ltr'>ριε,</span> <span class='ocrx_word' id='word_1_719' title='bbox 452 4982 698 5053; x_wconf 83' lang='grc' dir='ltr'>έλέησον,</span> <span class='ocrx_word' id='word_1_720' title='bbox 770 4982 1076 5044; x_wconf 83' lang='grc' dir='ltr'>θεσπεσίως</span> <span class='ocrx_word' id='word_1_721' title='bbox 1133 4980 1306 5043; x_wconf 75' lang='grc' dir='ltr'>οὕτως</span> <span class='ocrx_word' id='word_1_722' title='bbox 1372 4975 1873 5050; x_wconf 69' lang='grc' dir='ltr'>ὑποφωνούμενςν.“</span> 
     </span>
    </p>
   </div>
   <div class='ocr_carea' id='block_1_98' title="bbox 273 5073 1851 5145">
    <p class='ocr_par' dir='ltr' id='par_1_98' title="bbox 273 5073 1851 5145">
     <span class='ocr_line' id='line_1_98' title="bbox 273 5073 1851 5145; baseline -0.001 -18"><span class='ocrx_word' id='word_1_723' title='bbox 273 5076 391 5127; x_wconf 74' lang='grc' dir='ltr'><strong>Καὶ</strong></span> <span class='ocrx_word' id='word_1_724' title='bbox 430 5075 554 5127; x_wconf 70' lang='grc' dir='ltr'>επεὶ</span> <span class='ocrx_word' id='word_1_725' title='bbox 585 5077 618 5143; x_wconf 81' lang='grc' dir='ltr'><strong>ἡ</strong></span> <span class='ocrx_word' id='word_1_726' title='bbox 658 5073 753 5145; x_wconf 80' lang='grc' dir='ltr'><strong>βοὴ</strong></span> <span class='ocrx_word' id='word_1_727' title='bbox 790 5074 927 5145; x_wconf 75' lang='grc' dir='ltr'>αὕτη</span> <span class='ocrx_word' id='word_1_728' title='bbox 993 5076 1192 5145; x_wconf 69' lang='grc' dir='ltr'>ἑαυτὴν</span> <span class='ocrx_word' id='word_1_729' title='bbox 1245 5075 1340 5128; x_wconf 71' lang='grc' dir='ltr'>καὶ</span> <span class='ocrx_word' id='word_1_730' title='bbox 1374 5078 1485 5136; x_wconf 81' lang='grc' dir='ltr'>τοῖς</span> <span class='ocrx_word' id='word_1_731' title='bbox 1533 5074 1639 5139; x_wconf 76' lang='grc' dir='ltr'><strong>ἔξω</strong></span> <span class='ocrx_word' id='word_1_732' title='bbox 1683 5074 1851 5142; x_wconf 87' lang='grc' dir='ltr'>δήλην</span> 
     </span>
    </p>
   </div>
   <div class='ocr_carea' id='block_1_99' title="bbox 273 5162 1856 5234">
    <p class='ocr_par' dir='ltr' id='par_1_99' title="bbox 273 5162 1856 5234">
     <span class='ocr_line' id='line_1_99' title="bbox 273 5162 1856 5234; baseline -0.003 -15"><span class='ocrx_word' id='word_1_733' title='bbox 273 5165 477 5231; x_wconf 70' lang='grc' dir='ltr'>εποίει,</span> <span class='ocrx_word' id='word_1_734' title='bbox 508 5166 758 5219; x_wconf 72' lang='grc' dir='ltr'>συνέθεον</span> <span class='ocrx_word' id='word_1_735' title='bbox 787 5169 1008 5230; x_wconf 88' lang='grc' dir='ltr'>πάντες,</span> <span class='ocrx_word' id='word_1_736' title='bbox 1038 5164 1337 5228; x_wconf 79' lang='grc' dir='ltr'>δεδοικότες</span> <span class='ocrx_word' id='word_1_737' title='bbox 1359 5164 1495 5234; x_wconf 77' lang='grc' dir='ltr'>ὁμοῦ</span> <span class='ocrx_word' id='word_1_738' title='bbox 1529 5166 1619 5215; x_wconf 79' lang='grc' dir='ltr'>καὶ</span> <span class='ocrx_word' id='word_1_739' title='bbox 1643 5162 1856 5232; x_wconf 83' lang='grc' dir='ltr'>θαυμά-</span> 
     </span>
    </p>
   </div>
   <div class='ocr_carea' id='block_1_100' title="bbox 276 5254 1855 5327">
    <p class='ocr_par' dir='ltr' id='par_1_100' title="bbox 276 5254 1855 5327">
     <span class='ocr_line' id='line_1_100' title="bbox 276 5254 1855 5327; baseline -0.009 -7"><span class='ocrx_word' id='word_1_740' title='bbox 276 5258 489 5321; x_wconf 74' lang='grc' dir='ltr'>ξοντις,</span> <span class='ocrx_word' id='word_1_741' title='bbox 516 5258 612 5311; x_wconf 73' lang='grc' dir='ltr'>καὶ</span> <span class='ocrx_word' id='word_1_742' title='bbox 633 5258 760 5326; x_wconf 75' lang='grc' dir='ltr'>πρὶν</span> <span class='ocrx_word' id='word_1_743' title='bbox 816 5257 915 5327; x_wconf 71' lang='grc' dir='ltr'>μὲν</span> <span class='ocrx_word' id='word_1_744' title='bbox 945 5258 1076 5310; x_wconf 88' lang='grc' dir='ltr'>είσω</span> <span class='ocrx_word' id='word_1_745' title='bbox 1116 5256 1299 5327; x_wconf 82' lang='grc' dir='ltr'>θυρῶν</span> <span class='ocrx_word' id='word_1_746' title='bbox 1327 5254 1605 5324; x_wconf 83' lang='grc' dir='ltr'>γενέσθαι,</span> <span class='ocrx_word' id='word_1_747' title='bbox 1642 5254 1855 5325; x_wconf 82' lang='grc' dir='ltr'>πέπλη-</span> 
     </span>
    </p>
   </div>
   <div class='ocr_carea' id='block_1_101' title="bbox 278 5346 1855 5420">
    <p class='ocr_par' dir='ltr' id='par_1_101' title="bbox 278 5346 1855 5420">
     <span class='ocr_line' id='line_1_101' title="bbox 278 5346 1855 5420; baseline -0.003 -19"><span class='ocrx_word' id='word_1_748' title='bbox 278 5366 378 5401; x_wconf 83' lang='grc' dir='ltr'><strong>κτο</strong></span> <span class='ocrx_word' id='word_1_749' title='bbox 404 5350 592 5412; x_wconf 84' lang='grc' dir='ltr'>αὐτοῖς</span> <span class='ocrx_word' id='word_1_750' title='bbox 623 5350 655 5418; x_wconf 76' lang='grc' dir='ltr'>ἡ</span> <span class='ocrx_word' id='word_1_751' title='bbox 690 5349 826 5418; x_wconf 79' lang='grc' dir='ltr'>ἀκοὴ</span> <span class='ocrx_word' id='word_1_752' title='bbox 864 5352 931 5420; x_wconf 79' lang='grc' dir='ltr'>τῇ</span> <span class='ocrx_word' id='word_1_753' title='bbox 965 5348 1062 5419; x_wconf 78' lang='grc' dir='ltr'><strong>βοῇ</strong></span> <span class='ocrx_word' id='word_1_754' title='bbox 1086 5364 1099 5378; x_wconf 89' lang='grc'><strong>·</strong></span> <span class='ocrx_word' id='word_1_755' title='bbox 1140 5348 1265 5400; x_wconf 72' lang='grc' dir='ltr'>επεὶ</span> <span class='ocrx_word' id='word_1_756' title='bbox 1290 5346 1346 5399; x_wconf 70' lang='grc' dir='ltr'><strong>δέ</strong></span> <span class='ocrx_word' id='word_1_757' title='bbox 1391 5348 1485 5399; x_wconf 81' lang='grc' dir='ltr'>καὶ</span> <span class='ocrx_word' id='word_1_758' title='bbox 1534 5346 1666 5397; x_wconf 82' lang='grc' dir='ltr'>εῖσω</span> <span class='ocrx_word' id='word_1_759' title='bbox 1693 5346 1855 5413; x_wconf 77' lang='grc' dir='ltr'>γεγόο</span> 
     </span>
    </p>
   </div>
   <div class='ocr_carea' id='block_1_102' title="bbox 286 5437 1854 5509">
    <p class='ocr_par' dir='ltr' id='par_1_102' title="bbox 286 5437 1854 5509">
     <span class='ocr_line' id='line_1_102' title="bbox 286 5437 1854 5509; baseline -0.003 -16"><span class='ocrx_word' id='word_1_760' title='bbox 286 5456 461 5504; x_wconf 65' lang='grc' dir='ltr'>ιασιν,</span> <span class='ocrx_word' id='word_1_761' title='bbox 490 5441 591 5493; x_wconf 79' lang='grc' dir='ltr'>οὐκ</span> <span class='ocrx_word' id='word_1_762' title='bbox 642 5440 723 5493; x_wconf 68' lang='lat' dir='ltr'><strong>[tt</strong></span> <span class='ocrx_word' id='word_1_763' title='bbox 754 5440 966 5500; x_wconf 76' lang='grc' dir='ltr'>οὐδενὸς</span> <span class='ocrx_word' id='word_1_764' title='bbox 998 5441 1199 5509; x_wconf 74' lang='grc' dir='ltr'>ἢκουον</span> <span class='ocrx_word' id='word_1_765' title='bbox 1260 5439 1366 5491; x_wconf 74' lang='grc' dir='ltr'>οὐδ’</span> <span class='ocrx_word' id='word_1_766' title='bbox 1404 5437 1597 5505; x_wconf 71' lang='grc' dir='ltr'>ἑώρων</span> <span class='ocrx_word' id='word_1_767' title='bbox 1642 5438 1854 5503; x_wconf 69' lang='grc' dir='ltr'>οὐδένα,</span> 
     </span>
    </p>
   </div>
   <div class='ocr_carea' id='block_1_103' title="bbox 1960 4701 3536 4774">
    <p class='ocr_par' dir='ltr' id='par_1_103' title="bbox 1960 4701 3536 4774">
     <span class='ocr_line' id='line_1_103' title="bbox 1960 4701 3536 4774; baseline 0.005 -21"><span class='ocrx_word' id='word_1_768' title='bbox 1960 4708 2067 4754; x_wconf 92' lang='lat' dir='ltr'><strong>tem</strong></span> <span class='ocrx_word' id='word_1_769' title='bbox 2104 4714 2294 4768; x_wconf 88' lang='lat' dir='ltr'><strong>preces</strong></span> <span class='ocrx_word' id='word_1_770' title='bbox 2325 4702 2531 4769; x_wconf 73' lang='lat' dir='ltr'><strong>peregit</strong></span> <span class='ocrx_word' id='word_1_771' title='bbox 2562 4701 2848 4768; x_wconf 85' lang='lat' dir='ltr'><strong>diaconus,</strong></span> <span class='ocrx_word' id='word_1_772' title='bbox 2876 4705 3074 4758; x_wconf 87' lang='lat' dir='ltr'><strong>timore</strong></span> <span class='ocrx_word' id='word_1_773' title='bbox 3099 4714 3387 4774; x_wconf 84' lang='lat' dir='ltr'><strong>correptus</strong></span> <span class='ocrx_word' id='word_1_774' title='bbox 3410 4722 3536 4760; x_wconf 87' lang='lat' dir='ltr'><strong>rur-</strong></span> 
     </span>
    </p>
   </div>
   <div class='ocr_carea' id='block_1_104' title="bbox 1955 4793 3534 4865">
    <p class='ocr_par' dir='ltr' id='par_1_104' title="bbox 1955 4793 3534 4865">
     <span class='ocr_line' id='line_1_104' title="bbox 1955 4793 3534 4865; baseline 0.004 -19"><span class='ocrx_word' id='word_1_775' title='bbox 1955 4807 2049 4847; x_wconf 88' lang='lat' dir='ltr'><strong>sus</strong></span> <span class='ocrx_word' id='word_1_776' title='bbox 2083 4793 2290 4847; x_wconf 86' lang='lat' dir='ltr'><strong>audivit</strong></span> <span class='ocrx_word' id='word_1_777' title='bbox 2316 4794 2370 4863; x_wconf 91' lang='grc' dir='ltr'>(ο</span> <span class='ocrx_word' id='word_1_778' title='bbox 2399 4795 2730 4848; x_wconf 87' lang='lat' dir='ltr'><strong>miraculum</strong></span> <span class='ocrx_word' id='word_1_779' title='bbox 2752 4795 2791 4863; x_wconf 71' lang='grc' dir='ltr'>ί)</span> <span class='ocrx_word' id='word_1_780' title='bbox 2824 4812 2836 4850; x_wconf 92' lang='lat'><strong>:</strong></span> <span class='ocrx_word' id='word_1_781' title='bbox 2867 4794 3028 4865; x_wconf 76' lang='lat' dir='ltr'><strong>Kyrie</strong></span> <span class='ocrx_word' id='word_1_782' title='bbox 3049 4798 3314 4862; x_wconf 76' lang='lat' dir='ltr'><strong>eleeison,</strong></span> <span class='ocrx_word' id='word_1_783' title='bbox 3349 4798 3534 4853; x_wconf 86' lang='lat' dir='ltr'><strong>divine</strong></span> 
     </span>
    </p>
   </div>
   <div class='ocr_carea' id='block_1_105' title="bbox 1954 4883 3538 4959">
    <p class='ocr_par' dir='ltr' id='par_1_105' title="bbox 1954 4883 3538 4959">
     <span class='ocr_line' id='line_1_105' title="bbox 1954 4883 3538 4959; baseline 0.004 -23"><span class='ocrx_word' id='word_1_784' title='bbox 1954 4883 2334 4939; x_wconf 86' lang='lat' dir='ltr'><strong>acclamatum.</strong></span> <span class='ocrx_word' id='word_1_785' title='bbox 2390 4884 2523 4939; x_wconf 84' lang='lat' dir='ltr'><strong>Nam</strong></span> <span class='ocrx_word' id='word_1_786' title='bbox 2572 4887 2890 4956; x_wconf 88' lang='lat' dir='ltr'><strong>priusquam</strong></span> <span class='ocrx_word' id='word_1_787' title='bbox 2945 4902 3135 4957; x_wconf 88' lang='lat' dir='ltr'><strong>portas</strong></span> <span class='ocrx_word' id='word_1_788' title='bbox 3178 4891 3538 4959; x_wconf 74' lang='lat' dir='ltr'><strong>ingrederen-</strong></span> 
     </span>
    </p>
   </div>
   <div class='ocr_carea' id='block_1_106' title="bbox 1955 4972 3503 5046">
    <p class='ocr_par' dir='ltr' id='par_1_106' title="bbox 1955 4972 3503 5046">
     <span class='ocr_line' id='line_1_106' title="bbox 1955 4972 3503 5046; baseline 0.007 -20"><span class='ocrx_word' id='word_1_789' title='bbox 1955 4982 2065 5037; x_wconf 90' lang='lat' dir='ltr'><strong>tur,</strong></span> <span class='ocrx_word' id='word_1_790' title='bbox 2107 4990 2267 5029; x_wconf 80' lang='lat' dir='ltr'><strong>aures</strong></span> <span class='ocrx_word' id='word_1_791' title='bbox 2310 4991 2443 5030; x_wconf 81' lang='lat' dir='ltr'><strong>voce</strong></span> <span class='ocrx_word' id='word_1_792' title='bbox 2497 4972 2967 5046; x_wconf 79' lang='lat' dir='ltr'><strong>percutiebantur.</strong></span> <span class='ocrx_word' id='word_1_793' title='bbox 3016 4978 3155 5035; x_wconf 88' lang='lat' dir='ltr'><strong>Cum</strong></span> <span class='ocrx_word' id='word_1_794' title='bbox 3213 4992 3397 5037; x_wconf 87' lang='lat' dir='ltr'><strong>autem</strong></span> <span class='ocrx_word' id='word_1_795' title='bbox 3449 4982 3503 5036; x_wconf 91' lang='lat' dir='ltr'><strong>in</strong></span> 
     </span>
    </p>
   </div>
   <div class='ocr_carea' id='block_1_107' title="bbox 1957 5064 3536 5140">
    <p class='ocr_par' dir='ltr' id='par_1_107' title="bbox 1957 5064 3536 5140">
     <span class='ocr_line' id='line_1_107' title="bbox 1957 5064 3536 5140; baseline 0.006 -23"><span class='ocrx_word' id='word_1_796' title='bbox 1957 5066 2130 5135; x_wconf 72' lang='lat' dir='ltr'><strong>gressi</strong></span> <span class='ocrx_word' id='word_1_797' title='bbox 2178 5075 2382 5130; x_wconf 88' lang='lat' dir='ltr'><strong>essent,</strong></span> <span class='ocrx_word' id='word_1_798' title='bbox 2432 5068 2645 5121; x_wconf 91' lang='lat' dir='ltr'><strong>nullum</strong></span> <span class='ocrx_word' id='word_1_799' title='bbox 2700 5064 2936 5136; x_wconf 81' lang='lat' dir='ltr'><strong>amplius</strong></span> <span class='ocrx_word' id='word_1_800' title='bbox 2987 5068 3303 5130; x_wconf 85' lang='lat' dir='ltr'><strong>audiebant.</strong></span> <span class='ocrx_word' id='word_1_801' title='bbox 3353 5086 3536 5140; x_wconf 85' lang='lat' dir='ltr'><strong>neque</strong></span> 
     </span>
    </p>
   </div>
   <div class='ocr_carea' id='block_1_108' title="bbox 1958 5152 3537 5231">
    <p class='ocr_par' dir='ltr' id='par_1_108' title="bbox 1958 5152 3537 5231">
     <span class='ocr_line' id='line_1_108' title="bbox 1958 5152 3537 5231; baseline 0.002 -18"><span class='ocrx_word' id='word_1_802' title='bbox 1958 5160 2129 5213; x_wconf 84' lang='lat' dir='ltr'><strong>ullum</strong></span> <span class='ocrx_word' id='word_1_803' title='bbox 2158 5159 2437 5224; x_wconf 90' lang='lat' dir='ltr'><strong>videbant,</strong></span> <span class='ocrx_word' id='word_1_804' title='bbox 2489 5169 2687 5229; x_wconf 65' lang='lat' dir='ltr'><strong>prater</strong></span> <span class='ocrx_word' id='word_1_805' title='bbox 2732 5160 2967 5230; x_wconf 87' lang='lat' dir='ltr'><strong>justum,</strong></span> <span class='ocrx_word' id='word_1_806' title='bbox 3001 5168 3056 5214; x_wconf 88' lang='lat' dir='ltr'><strong>et</strong></span> <span class='ocrx_word' id='word_1_807' title='bbox 3107 5152 3314 5231; x_wconf 81' lang='lat' dir='ltr'><strong>paucos</strong></span> <span class='ocrx_word' id='word_1_808' title='bbox 3360 5178 3425 5215; x_wconf 78' lang='lat' dir='ltr'><strong>es</strong></span> <span class='ocrx_word' id='word_1_809' title='bbox 3470 5163 3537 5216; x_wconf 84' lang='lat' dir='ltr'><strong>iis</strong></span> 
     </span>
    </p>
   </div>
   <div class='ocr_carea' id='block_1_109' title="bbox 1958 5252 3535 5323">
    <p class='ocr_par' dir='ltr' id='par_1_109' title="bbox 1958 5252 3535 5323">
     <span class='ocr_line' id='line_1_109' title="bbox 1958 5252 3535 5323; baseline 0.003 -18"><span class='ocrx_word' id='word_1_810' title='bbox 1958 5252 2051 5322; x_wconf 90' lang='lat' dir='ltr'><strong>qui</strong></span> <span class='ocrx_word' id='word_1_811' title='bbox 2082 5252 2131 5306; x_wconf 89' lang='lat' dir='ltr'><strong>ei</strong></span> <span class='ocrx_word' id='word_1_812' title='bbox 2160 5252 2583 5308; x_wconf 85' lang='lat' dir='ltr'><strong>ministrabant:</strong></span> <span class='ocrx_word' id='word_1_813' title='bbox 2616 5252 2711 5322; x_wconf 90' lang='lat' dir='ltr'><strong>qui</strong></span> <span class='ocrx_word' id='word_1_814' title='bbox 2763 5253 2864 5322; x_wconf 78' lang='lat' dir='ltr'><strong>ipsi</strong></span> <span class='ocrx_word' id='word_1_815' title='bbox 2921 5268 3141 5323; x_wconf 89' lang='lat' dir='ltr'><strong>quoque</strong></span> <span class='ocrx_word' id='word_1_816' title='bbox 3192 5254 3447 5310; x_wconf 85' lang='lat' dir='ltr'><strong>dicebant</strong></span> <span class='ocrx_word' id='word_1_817' title='bbox 3475 5270 3535 5309; x_wconf 88' lang='lat' dir='ltr'><strong>se</strong></span> 
     </span>
    </p>
   </div>
   <div class='ocr_carea' id='block_1_110' title="bbox 1956 5346 3531 5416">
    <p class='ocr_par' dir='ltr' id='par_1_110' title="bbox 1956 5346 3531 5416">
     <span class='ocr_line' id='line_1_110' title="bbox 1956 5346 3531 5416; baseline 0.002 -18"><span class='ocrx_word' id='word_1_818' title='bbox 1956 5346 2231 5399; x_wconf 90' lang='lat' dir='ltr'><strong>neminem</strong></span> <span class='ocrx_word' id='word_1_819' title='bbox 2280 5347 2502 5416; x_wconf 91' lang='lat' dir='ltr'><strong>quidem</strong></span> <span class='ocrx_word' id='word_1_820' title='bbox 2552 5347 2841 5416; x_wconf 81' lang='lat' dir='ltr'><strong>hucusque</strong></span> <span class='ocrx_word' id='word_1_821' title='bbox 2893 5348 3106 5413; x_wconf 90' lang='lat' dir='ltr'><strong>videre,</strong></span> <span class='ocrx_word' id='word_1_822' title='bbox 3162 5348 3359 5402; x_wconf 86' lang='lat' dir='ltr'><strong>audire</strong></span> <span class='ocrx_word' id='word_1_823' title='bbox 3399 5364 3531 5402; x_wconf 79' lang='lat' dir='ltr'><strong>vero</strong></span> 
     </span>
    </p>
   </div>
   <div class='ocr_carea' id='block_1_111' title="bbox 1961 5440 3158 5497">
    <p class='ocr_par' dir='ltr' id='par_1_111' title="bbox 1961 5440 3158 5497">
     <span class='ocr_line' id='line_1_111' title="bbox 1961 5440 3158 5497; baseline 0.003 -3"><span class='ocrx_word' id='word_1_824' title='bbox 1961 5440 2284 5497; x_wconf 88' lang='lat' dir='ltr'><strong>emittentes</strong></span> <span class='ocrx_word' id='word_1_825' title='bbox 2307 5454 2496 5495; x_wconf 85' lang='lat' dir='ltr'><strong>vocem</strong></span> <span class='ocrx_word' id='word_1_826' title='bbox 2532 5441 2733 5495; x_wconf 74' lang='lat' dir='ltr'><strong>divina:</strong></span> <span class='ocrx_word' id='word_1_827' title='bbox 2756 5442 3158 5497; x_wconf 83' lang='lat' dir='ltr'><strong>exsultationis.</strong></span> 
     </span>
    </p>
   </div>
   <div class='ocr_carea' id='block_1_112' title="bbox 274 5530 3535 5611">
    <p class='ocr_par' dir='ltr' id='par_1_112' title="bbox 274 5530 3535 5611">
     <span class='ocr_line' id='line_1_112' title="bbox 274 5530 3535 5611; baseline 0.001 -19"><span class='ocrx_word' id='word_1_828' title='bbox 274 5543 358 5592; x_wconf 81' lang='grc' dir='ltr'><strong>δτι</strong></span> <span class='ocrx_word' id='word_1_829' title='bbox 391 5536 467 5607; x_wconf 81' lang='grc' dir='ltr'>μὴ</span> <span class='ocrx_word' id='word_1_830' title='bbox 494 5538 586 5589; x_wconf 76' lang='grc' dir='ltr'>τὸν</span> <span class='ocrx_word' id='word_1_831' title='bbox 617 5536 845 5601; x_wconf 82' lang='grc' dir='ltr'>δίκαιον,</span> <span class='ocrx_word' id='word_1_832' title='bbox 889 5536 983 5589; x_wconf 63' lang='grc' dir='ltr'><strong>καὶ⁵</strong></span> <span class='ocrx_word' id='word_1_833' title='bbox 1007 5530 1225 5603; x_wconf 85' lang='grc' dir='ltr'>ὀλίγους</span> <span class='ocrx_word' id='word_1_834' title='bbox 1254 5534 1362 5590; x_wconf 84' lang='grc' dir='ltr'><strong>τῶν</strong></span> <span class='ocrx_word' id='word_1_835' title='bbox 1387 5535 1480 5587; x_wconf 83' lang='grc' dir='ltr'><strong>ὑπ’</strong></span> <span class='ocrx_word' id='word_1_836' title='bbox 1507 5533 1693 5596; x_wconf 84' lang='grc' dir='ltr'>αὑτὸν,</span> <span class='ocrx_word' id='word_1_837' title='bbox 1733 5535 1848 5601; x_wconf 80' lang='grc' dir='ltr'>οἶγε</span> <span class='ocrx_word' id='word_1_838' title='bbox 1890 5536 1985 5588; x_wconf 76' lang='grc' dir='ltr'>καὶ</span> <span class='ocrx_word' id='word_1_839' title='bbox 2017 5539 2171 5591; x_wconf 75' lang='grc' dir='ltr'>αὐτοὶ</span> <span class='ocrx_word' id='word_1_840' title='bbox 2218 5538 2457 5605; x_wconf 69' lang='grc' dir='ltr'>ἔφασκον</span> <span class='ocrx_word' id='word_1_841' title='bbox 2493 5539 2699 5609; x_wconf 88' lang='grc' dir='ltr'>μηδένα</span> <span class='ocrx_word' id='word_1_842' title='bbox 2768 5539 2866 5608; x_wconf 77' lang='grc' dir='ltr'><strong>μέν</strong></span> <span class='ocrx_word' id='word_1_843' title='bbox 2942 5540 3071 5609; x_wconf 81' lang='grc' dir='ltr'>ἀχρι</span> <span class='ocrx_word' id='word_1_844' title='bbox 3120 5540 3213 5592; x_wconf 77' lang='grc' dir='ltr'>καὶ</span> <span class='ocrx_word' id='word_1_845' title='bbox 3259 5538 3352 5592; x_wconf 84' lang='grc' dir='ltr'>νῦν</span> <span class='ocrx_word' id='word_1_846' title='bbox 3380 5540 3535 5611; x_wconf 78' lang='grc' dir='ltr'>όρᾷν,</span> 
     </span>
    </p>
   </div>
   <div class='ocr_carea' id='block_1_113' title="bbox 279 5629 1849 5705">
    <p class='ocr_par' dir='ltr' id='par_1_113' title="bbox 279 5629 1849 5705">
     <span class='ocr_line' id='line_1_113' title="bbox 279 5629 1849 5705; baseline -0.002 -20"><span class='ocrx_word' id='word_1_847' title='bbox 279 5636 470 5705; x_wconf 70' lang='grc' dir='ltr'>φωνὴν</span> <span class='ocrx_word' id='word_1_848' title='bbox 509 5632 567 5687; x_wconf 68' lang='grc' dir='ltr'>δὲ</span> <span class='ocrx_word' id='word_1_849' title='bbox 620 5630 962 5704; x_wconf 70' lang='grc' dir='ltr'>προϊεμένων</span> <span class='ocrx_word' id='word_1_850' title='bbox 995 5629 1217 5685; x_wconf 86' lang='grc' dir='ltr'>ἀκούειν</span> <span class='ocrx_word' id='word_1_851' title='bbox 1250 5630 1401 5694; x_wconf 83' lang='grc' dir='ltr'>θείας</span> <span class='ocrx_word' id='word_1_852' title='bbox 1447 5631 1849 5699; x_wconf 76' lang='grc' dir='ltr'>ἀγαλλιάσεως.</span> 
     </span>
    </p>
   </div>
   <div class='ocr_carea' id='block_1_114' title="bbox 351 5728 1859 5801">
    <p class='ocr_par' dir='ltr' id='par_1_114' title="bbox 351 5728 1859 5801">
     <span class='ocr_line' id='line_1_114' title="bbox 351 5728 1859 5801; baseline -0.002 -17"><span class='ocrx_word' id='word_1_853' title='bbox 351 5731 475 5784; x_wconf 75' lang='lat' dir='ltr'><strong>KB‘.</strong></span> <span class='ocrx_word' id='word_1_854' title='bbox 532 5733 664 5784; x_wconf 67' lang='lat'><strong>035‘:</strong></span> <span class='ocrx_word' id='word_1_855' title='bbox 719 5730 877 5785; x_wconf 77' lang='grc' dir='ltr'>τοῦτο</span> <span class='ocrx_word' id='word_1_856' title='bbox 934 5730 1040 5801; x_wconf 71' lang='grc' dir='ltr'><strong>χρὴ</strong></span> <span class='ocrx_word' id='word_1_857' title='bbox 1094 5728 1389 5799; x_wconf 81' lang='grc' dir='ltr'>σιωπῆσαι,</span> <span class='ocrx_word' id='word_1_858' title='bbox 1440 5731 1534 5783; x_wconf 76' lang='grc' dir='ltr'>καὶ</span> <span class='ocrx_word' id='word_1_859' title='bbox 1561 5732 1859 5800; x_wconf 82' lang='grc' dir='ltr'>ὃτιπροτ-</span> 
     </span>
    </p>
   </div>
   <div class='ocr_carea' id='block_1_115' title="bbox 277 5823 1848 5895">
    <p class='ocr_par' dir='ltr' id='par_1_115' title="bbox 277 5823 1848 5895">
     <span class='ocr_line' id='line_1_115' title="bbox 277 5823 1848 5895; baseline 0 -18"><span class='ocrx_word' id='word_1_860' title='bbox 277 5826 415 5895; x_wconf 77' lang='grc' dir='ltr'>ἧκον</span> <span class='ocrx_word' id='word_1_861' title='bbox 450 5825 644 5890; x_wconf 71' lang='grc' dir='ltr'>εἰπεῖν,</span> <span class='ocrx_word' id='word_1_862' title='bbox 691 5824 1022 5887; x_wconf 72' lang='grc' dir='ltr'>ἀκούσαντες</span> <span class='ocrx_word' id='word_1_863' title='bbox 1059 5823 1294 5879; x_wconf 81' lang='grc' dir='ltr'>είσεσθε.</span> <span class='ocrx_word' id='word_1_864' title='bbox 1358 5825 1490 5878; x_wconf 63' lang='lat' dir='ltr'><strong>[lori</strong></span> <span class='ocrx_word' id='word_1_865' title='bbox 1552 5827 1659 5895; x_wconf 80' lang='grc' dir='ltr'><strong>γὰρ</strong></span> <span class='ocrx_word' id='word_1_866' title='bbox 1691 5826 1848 5879; x_wconf 77' lang='grc' dir='ltr'>πάλιν</span> 
     </span>
    </p>
   </div>
   <div class='ocr_carea' id='block_1_116' title="bbox 2035 5724 3541 5796">
    <p class='ocr_par' dir='ltr' id='par_1_116' title="bbox 2035 5724 3541 5796">
     <span class='ocr_line' id='line_1_116' title="bbox 2035 5724 3541 5796; baseline -0.004 -15"><span class='ocrx_word' id='word_1_867' title='bbox 2035 5725 2228 5781; x_wconf 78' lang='lat' dir='ltr'><strong>XXIX.</strong></span> <span class='ocrx_word' id='word_1_868' title='bbox 2270 5726 2383 5782; x_wconf 83' lang='lat' dir='ltr'><strong>Nec</strong></span> <span class='ocrx_word' id='word_1_869' title='bbox 2431 5726 2537 5780; x_wconf 86' lang='lat' dir='ltr'><strong>hoc</strong></span> <span class='ocrx_word' id='word_1_870' title='bbox 2570 5739 2791 5796; x_wconf 78' lang='lat' dir='ltr'><strong>quoque</strong></span> <span class='ocrx_word' id='word_1_871' title='bbox 2843 5734 2928 5779; x_wconf 87' lang='lat' dir='ltr'><strong>est</strong></span> <span class='ocrx_word' id='word_1_872' title='bbox 2958 5724 3177 5779; x_wconf 85' lang='lat' dir='ltr'><strong>silentio</strong></span> <span class='ocrx_word' id='word_1_873' title='bbox 3222 5725 3541 5793; x_wconf 66' lang='lat' dir='ltr'><strong>pretermit-</strong></span> 
     </span>
    </p>
   </div>
   <div class='ocr_carea' id='block_1_117' title="bbox 1960 5816 3538 5891">
    <p class='ocr_par' dir='ltr' id='par_1_117' title="bbox 1960 5816 3538 5891">
     <span class='ocr_line' id='line_1_117' title="bbox 1960 5816 3538 5891; baseline -0.006 -13"><span class='ocrx_word' id='word_1_874' title='bbox 1960 5820 2206 5887; x_wconf 87' lang='lat' dir='ltr'><strong>tendum,</strong></span> <span class='ocrx_word' id='word_1_875' title='bbox 2237 5830 2291 5877; x_wconf 89' lang='lat' dir='ltr'><strong>et</strong></span> <span class='ocrx_word' id='word_1_876' title='bbox 2322 5819 2467 5891; x_wconf 85' lang='lat' dir='ltr'><strong>quod</strong></span> <span class='ocrx_word' id='word_1_877' title='bbox 2515 5818 2565 5874; x_wconf 89' lang='lat' dir='ltr'><strong>id</strong></span> <span class='ocrx_word' id='word_1_878' title='bbox 2597 5820 2785 5875; x_wconf 80' lang='lat' dir='ltr'><strong>dicere</strong></span> <span class='ocrx_word' id='word_1_879' title='bbox 2838 5818 3152 5883; x_wconf 76' lang='lat' dir='ltr'><strong>conveniat,</strong></span> <span class='ocrx_word' id='word_1_880' title='bbox 3186 5816 3372 5871; x_wconf 89' lang='lat' dir='ltr'><strong>scietis</strong></span> <span class='ocrx_word' id='word_1_881' title='bbox 3415 5830 3538 5870; x_wconf 80' lang='lat' dir='ltr'><strong>cum</strong></span> 
     </span>
    </p>
   </div>
  </div>
