4260 6430
787 411 889 476 451

2024 386 2308 450 MENSIS
2345 384 2796 447 DECEMBER.

3936 379 4044 444 452

787 522 1133 582 audiveritis.
1168 517 1299 571 Nam
1341 530 1472 570 cum
1522 511 1900 582 vespertinum
1939 506 2214 561 canticum
2261 500 2358 553 ali-
2388 503 2430 556 Α

2462 500 2556 569 τῆς
2587 497 2881 567 ὲσπερινῆς
2915 495 3064 564 αὐτῷ
3098 493 3372 564 μεσούσης
3414 492 3580 563 ᾠδῆς,
3613 490 3672 544 τὸ
3703 490 3797 544 τοῦ
3847 492 4043 560 λύχνου

787 611 1010 685 quando
1035 617 1179 664 esset
1209 608 1539 677 perductum
1568 601 1636 658 ad
1693 599 1958 662 medium,
1990 598 2098 665 jam
2131 592 2355 661 quidem

783 706 1026 759 lucerna
1072 698 1363 754 deficiebat
1395 697 1600 757 oleum,
1653 689 1801 746 aliud
1848 699 2031 742 autem
2081 700 2186 738 non
2238 698 2358 736 esse

787 808 918 851 tunc
954 793 1280 862 contigerat,
1329 803 1524 858 parum
1555 801 1687 839 vero
1717 785 1928 847 aberat,
1972 779 2104 849 quin
2133 779 2359 831 lucerna

786 886 1252 953 exstinguerctur.
1282 880 1377 934 Ille
1404 887 1586 932 autem
1617 874 1920 943 angebatur
1941 871 2148 935 animo,
2181 877 2241 922 ut
2263 866 2358 934 qui

787 979 958 1030 nollet
990 972 1370 1042 imperfectum
1408 970 1720 1037 relinquere
1767 964 2156 1019 ministerium.
2184 959 2359 1016 Proti-

783 1083 890 1121 nus
936 1074 1117 1120 autem
1150 1065 1353 1119 virtute
1401 1060 1638 1132 quadam
1687 1073 1810 1129 qua:
1840 1072 1950 1111 non
1995 1054 2223 1110 cadebat
2256 1050 2356 1105 sub

788 1157 1000 1221 oculos,
1034 1156 1258 1210 lucerna
1292 1153 1514 1223 quidem
1562 1159 1736 1206 scatet
1760 1152 1903 1212 oleo,
1938 1143 2359 1216 superfunditur

783 1263 914 1301 νιϊο
948 1247 1129 1301 oleum
1158 1247 1329 1299 instar
1361 1244 1550 1309 fontis,
1596 1251 1652 1298 et
1683 1257 1806 1296 cum
1842 1254 1968 1294 vasa
1998 1237 2361 1308 subjecissent

787 1338 996 1403 :rditui,
1031 1336 1380 1406 excipiebant
1411 1334 1462 1388 id
1495 1332 1640 1402 quod
1675 1330 1972 1386 deﬂuebat.
2007 1329 2138 1381 Tam
2178 1326 2359 1396 copio-

785 1445 900 1483 sam
933 1429 1166 1482 habebat
1219 1427 1308 1481 ille
1362 1439 1590 1495 magnus
1641 1423 1748 1477 vim
1781 1421 2038 1477 scatentis
2087 1419 2273 1490 gratiae
2305 1419 2359 1472 in

785 1522 992 1583 anima,
1025 1534 1135 1572 non
1169 1519 1353 1571 minus
1384 1533 1546 1586 quam
1580 1515 1709 1572 illud
1747 1513 1946 1568 sensile
1976 1512 2156 1566 oleum
2189 1511 2242 1564 in
2272 1509 2358 1562 lu-

783 1627 966 1664 cerna.
999 1611 1175 1679 Atque
1211 1610 1357 1678 quod
1393 1623 1456 1662 ea
1490 1607 1734 1676 quidem,
1767 1620 1888 1673 quze
1917 1611 2074 1656 erant
2121 1602 2176 1655 in
2229 1616 2359 1670 pro-

783 1701 954 1755 fundo
971 1701 1182 1760 animae.
1200 1717 1222 1753 ι
1236 1701 1384 1754 iderc
1403 1706 1615 1768 poterat
1632 1697 1747 1751 sine
1780 1695 2190 1765 impedimento,
2208 1693 2360 1761 prius

778 1795 891 1862 jam
922 1793 1219 1847 declaravit
1244 1791 1455 1855 oratio;
1484 1788 1790 1844 declarabit
1841 1798 2024 1841 autem
2076 1799 2352 1853 nuncque.

2464 589 2562 658 μὲν
2589 588 2769 640 ἔλαιον
2827 586 3075 650 ἐξέλιπεν
3121 585 3246 654 ἤδη.
3283 583 3474 654 ἕτερον
3505 581 3562 634 δὲ
3591 581 3732 634 οὕτω
3765 583 3953 650 τυχόν,
3978 582 4045 634 ού

2459 679 2662 749 παρῆν.
2693 677 2766 731 Τό
2796 694 2860 745 γε
2896 675 3002 746 μὴν
3052 674 3391 744 θρυαλλίδιον
3420 673 3590 740 ἐγγὺς
3609 667 3677 740 ἦν
3705 672 4043 740 ἀποσϐῆναι.

2475 770 2535 823 ’0
2557 770 2613 822 δὲ
2643 769 2870 839 ⁴ίὶθύμει,
2898 767 3063 835 ἁτελῆ
3100 767 3197 835 τὴν
3230 765 3576 834 λειτουργίαν
3617 765 3951 828 παραλιπεῖν
3979 763 4044 814 οὐ

2464 864 2804 934 βουλόμενος.
2839 863 3045 914 Αὐτίκα
3078 858 3172 912 οὖν
3199 860 3417 929 ἀοράτῳ
3443 857 3674 926 δυνάμει
3706 853 4043 924 ὑπερϐλύζει

2464 957 2817 1027 μὲνὸλύχνος
2852 953 3039 1024 ἐλαίῳ.
3079 951 3430 1022 Ὑπερχεῖται
3475 949 3534 1002 δὲ
3573 949 3635 1002 τὸ
3669 947 3848 1000 ἔλαιον
3875 963 4045 1016 κρου-

2460 1049 2639 1120 νηδὸν,
2681 1050 2774 1102 καὶ
2810 1047 2981 1117 σκεύη
3015 1045 3312 1105 ὑποθέντες
3340 1043 3390 1095 οί
3426 1041 3709 1109 νεωκόροι,
3737 1039 3799 1091 τὸ
3834 1041 4043 1108 καταρ-

2462 1142 2584 1212 ῥέον
2634 1140 2902 1208 ἐδέχοντο.
2948 1137 3104 1190 Οὖτω
3134 1134 3390 1204 δαψιλοῦς
3416 1136 3444 1186 ὁ
3482 1133 3658 1202 μέγας
3705 1130 3916 1198 ἐτρύφα
3945 1129 4046 1196 τῆς

2460 1233 2701 1304 χάριτος,
2737 1229 3185 1300 ὑπερὸλυζοὺσης
3230 1225 3386 1279 οὐδὲν
3417 1221 3583 1295 ἦττον
3622 1222 3683 1274 ὲν
3721 1224 3788 1290 τῇ
3829 1220 4045 1272 ἐκείνου

2459 1328 2604 1397 ψυχῇ
2630 1325 2758 1394 ἢτῷ
2798 1323 2977 1392 λύχνῳ
3011 1321 3156 1390 φημὶ
3179 1320 3240 1372 τὸ
3267 1317 3527 1386 αἰσθητὸν
3555 1316 3755 1368 ἔλαιον.
3786 1314 3909 1365 Ὀτι
3943 1310 4048 1379 μὲν

2459 1418 2551 1470 οὖν
2576 1417 2672 1469 καὶ
2699 1416 2764 1473 τά
2799 1420 2854 1468 ἐν
2879 1413 2955 1484 τῷ
2992 1413 3150 1484 βάθει
3206 1412 3305 1480 τῆς
3335 1409 3518 1480 ψυχῆς
3551 1406 3858 1468 ἀκωλύτως
3887 1399 4050 1473 εἶχεν

2459 1513 2611 1582 ὁρᾷν,
2639 1511 2778 1578 ἔφθη
2841 1509 2938 1561 καὶ
2975 1509 3240 1577 πρότερον
3269 1505 3296 1556 ὁ
3329 1503 3488 1570 λόγος
3528 1499 3797 1570 δηλώσας,
3827 1499 3915 1550 ὅτε
3949 1496 4052 1548 καὶ

2462 1605 2634 1672 πόρνη
2678 1605 2790 1666 τοῖς
2843 1599 3083 1669 ἐλέγχοις
3142 1595 3481 1649 ὲϐελτιοῦτοο
3527 1591 3760 1663 δηλώσει
3821 1589 3877 1642 δὲ
3947 1589 4050 1640 καὶ

2461 1699 2531 1750 τὰ
2555 1694 2670 1746 νῦν.

857 1885 1022 1940 XXX.
1066 1885 1164 1939 Est
1190 1883 1386 1938 civitas
1418 1849 1470 1937 in
1500 1881 1679 1953 Cypro
1704 1878 1950 1950 ejusdem
1977 1849 2353 1940 nominis,-cu-
2387 1849 2427 1901 Β

2535 1880 2612 1934 A'.
2647 1879 2805 1931 Ἔστι
2860 1876 3014 1938 πόλις
3061 1874 3118 1927 ἑν
3170 1873 3381 1942 Κύπρῳ
3419 1869 3710 1940 ὁμώνυμος
3764 1869 3824 1920 ἔν
3865 1865 4050 1935 Λιϐύῃ

779 1980 868 2048 jus
913 1978 1123 2048 Cyrene
1173 1977 1228 2030 in
1268 1976 1454 2046 Lybia.
1494 1976 1572 2028 Ad
1616 1988 1734 2029 eam
1776 1989 1844 2026 ex
1892 1970 2355 2040 Trimmythunte,

783 2086 908 2123 cum
937 2085 1068 2123 usus
1094 2070 1166 2122 ita
1189 2079 1429 2129 vocaret,
1449 2066 1632 2120 abibat
1664 2077 1890 2133 magnus
1915 2062 2192 2132 Spiridon.
2217 2061 2351 2114 Eum

784 2159 1313 2229 autemsequehatur
1332 2158 1664 2228 Tripbyllius
1682 2172 1898 2226 quoque
1919 2155 2242 2226 discipulus,
2259 2154 2353 2226 qui

780 2255 890 2323 jam
908 2250 1346 2307 Callinicensium
1375 2249 1610 2304 civitatis
1632 2250 1713 2317 (ut
1736 2249 1909 2302 visunt
1935 2247 2113 2304 fuerat
2135 2249 2189 2304 in
2207 2265 2358 2307 som-

787 2344 890 2409 nis)
931 2343 1106 2396 factus
1132 2351 1248 2396 crat
1282 2341 1528 2396 antistes.
1570 2341 1705 2393 Cum
1742 2355 1872 2394 vero
1900 2341 2079 2394 visum
2133 2353 2279 2397 esset
2306 2345 2357 2399 ei

787 2434 972 2487 venire
1005 2448 1101 2502 per
1132 2432 1322 2486 urbem
1357 2432 1587 2502 Cythera
1617 2439 1672 2484 et
1702 2439 1963 2496 montem,
2010 2432 2104 2501 qui
2152 2432 2355 2489 dicitur

792 2522 1332 2593 l’cntadactylus,ubi
1360 2521 1464 2576 fuit
1494 2521 1546 2574 in
1577 2521 1716 2586 loco,
1746 2522 1839 2591 qui
1867 2521 2068 2577 dicitur
2093 2523 2354 2596 Patynme

786 2624 892 2684 (est
939 2626 1119 2669 autem
1155 2615 1200 2668 is
1236 2615 1389 2669 locus
1439 2614 1616 2668 bonus
1662 2623 1718 2668 et
1753 2630 2022 2678 amamus.
2066 2625 2122 2670 et
2168 2619 2356 2674 multis

793 2707 957 2761 rebus
1002 2708 1262 2778 jucundis
1304 2707 1572 2770 afﬂuens),
1615 2705 1943 2775 Triphyllius
1984 2722 2051 2762 eo
2099 2708 2221 2764 loco
2260 2712 2356 2766 de-

797 2800 1054 2864 lectatus,
1094 2798 1372 2852 desiderat
1404 2798 1517 2867 ipse
1550 2813 1768 2867 quoque
1819 2797 1935 2852 fieri
1968 2798 2221 2856 dominus
2253 2804 2356 2856 ali-

785 2891 940 2959 cujus
963 2893 1075 2959 agri
1109 2891 1163 2943 in
1196 2887 1476 2959 Patymna,
1509 2899 1564 2942 et
1597 2905 1722 2943 eum
1765 2904 1877 2944 sua:
1911 2906 2229 2948 consecrare
2256 2895 2357 2949 Ec-

788 2981 987 3036 clesiae.
1040 2979 1165 3034 llasc
1210 2979 1627 3050 magnifaciebat
1673 2981 2029 3050 Triphyllius,
2068 2992 2126 3040 et
2172 2988 2357 3043 animo

787 3074 1062 3135 versabat,
1092 3088 1212 3142 quae
1242 3088 1419 3142 neque
1445 3072 1777 3142 effugiebant
1802 3085 2154 3144 conspectqu
2187 3077 2358 3134 inter-

791 3181 985 3220 norum
1018 3165 1299 3219 oculorum
1335 3163 1670 3233 Spiridonis;
1699 3168 1793 3219 sed
1822 3174 1877 3220 et
1910 3166 2000 3221 ille
2031 3169 2255 3237 pulchre
2283 3172 2363 3226 vi-
2386 3202 2430 3262 ρ

787 3256 886 3320 dit,
913 3263 965 3309 et
994 3255 1206 3324 placide
1239 3255 1594 3324 reprehendit
1624 3255 1955 3324 discipulum
1986 3273 2000 3310 :
2031 3258 2075 3314 Ο
2107 3276 2357 3330 curnam,

787 3347 997 3411 dicens,
1030 3362 1064 3401 o
1110 3345 1396 3416 Triphylii,
1445 3345 1561 3399 bzec
1620 3361 1757 3398 vana
1805 3357 1863 3400 et
1911 3349 2103 3404 insana
2145 3352 2364 3407 assidue

793 3449 976 3493 mente
1009 3441 1232 3494 versas?
1263 3453 1422 3508 agros
1451 3437 1681 3506 cupiens
1703 3447 1758 3491 et
1783 3437 1995 3503 vineas,
2024 3456 2146 3510 quae
2177 3458 2364 3496 revera

791 3530 1009 3599 quidem
1040 3538 1172 3583 sunt
1205 3530 1408 3583 nullius
1435 3529 1630 3599 pretii;
1663 3530 1838 3584 solum
1867 3541 2049 3586 autem
2081 3534 2362 3597 videntur,

789 3631 845 3675 ct
885 3621 1107 3674 nomine
1148 3620 1483 3675 demulcent.
1535 3619 1813 3676 Habemus
1861 3625 2264 3692 possessionem
2311 3629 2364 3682 in

789 3711 962 3774 cretis,
995 3726 1118 3780 qua:
1149 3725 1258 3764 nou
1305 3719 1486 3779 potest
1532 3709 1732 3764 auferri
1768 3727 1782 3763 :
1821 3712 2090 3769 habemus
2140 3715 2364 3770 domum

789 3817 900 3855 non
950 3801 1383 3856 manufactam'.
1435 3799 1529 3855 Illa
1574 3817 1929 3872 persequere,
1979 3805 2088 3859 illis
2120 3807 2203 3861 vel
2239 3817 2365 3862 ante

793 3905 1007 3962 tempus
1037 3907 1132 3962 spe
1165 3892 1370 3958 fruere,
1397 3907 1517 3961 quae
1541 3908 1648 3946 non
1680 3903 1910 3962 possunt
1935 3895 2004 3950 ab
2033 3897 2142 3952 alio
2173 3905 2360 3951 trans-

792 3984 924 4040 ferri
960 3984 1028 4038 ad
1059 3984 1314 4049 alterum,
1363 3983 1459 4038 sed
1489 3999 1581 4053 qut
1614 3999 1803 4039 corum
1860 3987 2027 4040 semel
2073 3987 2238 4042 fuerit
2266 3989 2368 4042 do-

795 4077 999 4137 minus,
1032 4085 1217 4129 manet
1267 4074 1476 4129 habens
1529 4075 1925 4140 hereditatem,
1977 4093 2099 4146 quae
2144 4079 2370 4136 minimo

795 4169 1066 4222 aufertur.
1103 4167 1227 4220 ll:ec
1271 4180 1394 4220 cum
1431 4166 1692 4220 audiisset
1730 4166 2087 4238 Triphyllius,
2139 4186 2246 4224 non
2285 4180 2366 4224 te-

796 4273 948 4314 mere
978 4257 1174 4322 audiit,
1201 4255 1295 4310 sed
1328 4257 1521 4310 melior
1548 4255 1722 4310 evasit
1750 4257 1954 4323 animo,
1984 4268 2040 4312 et
2070 4274 2132 4313 ea
2171 4262 2368 4317 celavit

795 4352 848 4404 in
879 4349 1060 4404 cordis
1107 4349 1504 4418 penetralibus,
1553 4355 1609 4402 et
1657 4349 1867 4417 rogavit
1917 4361 2194 4416 sanctum,
2225 4364 2284 4406 ut
2318 4353 2366 4407 ei

796 4442 1137 4510 ignosceret;
1162 4446 1221 4493 et
1251 4447 1440 4508 postea
1470 4438 1632 4493 vitam
1669 4441 1779 4509 egit
1809 4449 2121 4496 accuratam
2153 4451 2209 4497 et
2239 4459 2369 4513 per-

2465 1972 2716 2044 Κυρήνηο
2775 1968 2918 2038 Πρὸς
2967 1966 3172 2033 ταύτην
3211 1966 3272 2017 ἐκ
3331 1962 3744 2032 Τριμιθούντων
3785 1961 3812 2011 ό
3842 1957 4047 2028 μέγας,

2462 2066 2646 2121 ὲκάλει
2668 2060 2948 2132 γάρχρεία
2971 2077 3074 2125 τις,
3102 2058 3292 2128 ἀπῄει.
3339 2057 3640 2124 Ἐπὸμενος
3666 2053 3720 2106 δὲ
3769 2051 3918 2120 αὐτῷ
3947 2050 4051 2102 καὶ

2463 2158 2790 2230 Τριφύλλιος
2823 2156 2852 2208 ὁ
2885 2154 3145 2222 φοιτητὴς
3176 2147 3265 2223 ἦν,
3294 2151 3395 2220 ἥδη
3427 2149 3526 2217 τῆς
3571 2147 3682 2200 τῶν
3719 2145 4054 2212 Καλλικικη-

2465 2253 2604 2308 σέων
2627 2252 2831 2311 πόλεως
2857 2248 3000 2300 κατά
3051 2245 3140 2298 τὸν
3181 2243 3386 2312 ὄνειρον
3444 2241 3544 2310 τὴν
3576 2237 3867 2309 προεδρίαν
3885 2237 4052 2289 ἀπειο

2460 2345 2670 2415 ληφώς.
2704 2343 2872 2408 Δόξας
2920 2339 3012 2393 οὖν
3056 2339 3146 2392 διὰ.
3173 2355 3232 2389 τε
3258 2334 3569 2405 Κυθερείας
3603 2333 3834 2392 πόλεω,
3858 2331 3947 2383 δ.ἀ
3986 2347 4050 2381 τε

2464 2433 2910 2490 Πενταδακτύλου
2949 2429 3043 2484 τοῦ
3099 2430 3261 2500 ὅρους
3315 2428 3490 2480 ἐλθεῖν
3519 2466 3534 2492 ,
3593 2427 3714 2479 ἐπεὶ
3751 2424 3896 2478 κατά
3945 2423 4054 2492 τὴν

2463 2528 2767 2598 λεγομένην
2823 2523 3129 2593 Παρύμνην
3193 2521 3446 2588 ἐγένοντο
3527 2518 3727 2587 (χῶρος
3782 2515 3837 2569 δὲ
3887 2510 4055 2576 οὗτος

2461 2621 2665 2690 ἀγαθὸς
2697 2621 2786 2672 καὶ
2811 2617 3058 2686 τερπνὸς,
3096 2614 3192 2667 καὶ
3252 2611 3469 2669 πολλοῖς
3502 2611 3611 2663 τῶν
3668 2609 3839 2679 ἡδέων
3867 2608 4051 2659 κατα-

2464 2713 2676 2784 κομος),
2699 2708 3093 2780 όΤριφύλλιος,
3123 2706 3202 2775 τῷ
3230 2707 3378 2774 τόπῳ
3408 2703 3616 2773 ἡσθεὶς,
3674 2703 3774 2772 ὲρᾷ
3803 2704 3895 2754 καὶ
3947 2702 4056 2754 az)-

2463 2809 2553 2869 τδς
2587 2806 2729 2867 τινὸς
2763 2805 2820 2855 ἐν
2879 2800 3156 2872 Παρύμνῃ
3205 2797 3475 2866 δεσπότης
3529 2795 3808 2864 γενέσθαι,
3840 2797 3939 2848 καὶ
3979 2798 4053 2864 τῇ

2464 2895 2588 2951 κατ’
2640 2893 2802 2948 αὐτὸν
2827 2891 3092 2962 δκκλησίᾳ
3117 2889 3305 2942 τοῦτον
3330 2887 3763 2956 ἀφοσιώσασθαι.
3804 2885 3996 2940 Ταῦτα
4031 2890 4058 2937 ὁ

2465 2986 2785 3058 Τριφύλλιος
2832 2982 2960 3052 περὶ
3018 2981 3211 3034 πολλοῦ
3265 2998 3324 3033 τε
3383 2975 3520 3050 εἶχε,
3576 2979 3671 3031 καὶ
3731 2978 3875 3031 κατὰ
3919 2977 4058 3029 νοῦν

2463 3079 2746 3148 ἔστρεφεν,
2779 3075 2842 3127 οὐ
2884 3076 2990 3143 μὴν
3047 3072 3254 3125 ἀθέατα
3284 3071 3419 3134 ὅλως
3453 3071 3566 3132 τοῖς
3589 3070 3736 3122 ἔνδον
3764 3068 3858 3121 τοῦ
3894 3070 4056 3120 Σπυ-

2467 3170 2687 3242 ρίδωνος
2745 3167 3044 3236 ὀφθαλμοῖς
3067 3179 3081 3194 ’
3117 3164 3257 3218 ἀλλά
3285 3164 3381 3216 καὶ
3434 3160 3574 3216 εἶδεν
3606 3164 3808 3223 ἐκεῖνος
3834 3161 4057 3225 καλῶς,

2466 3265 2559 3316 καὶ
2588 3264 2679 3314 τὸν
2715 3260 2965 3331 μαθητὴν
3008 3258 3197 3328 πρᾴως
3262 3256 3514 3327 ἤλεγξεν,
3577 3249 3650 3307 Ὦ
3693 3255 3744 3308 τί
3775 3271 3925 3318 ποτε,
3959 3255 4058 3307 λέ.

2462 3373 2594 3424 γων,
2622 3351 2937 3422 Τριφύλλιε,
2979 3349 3049 3402 τά
3098 3351 3229 3401 κενά
3260 3350 3413 3399 ταυτὶ
3437 3333 3528 3400 καὶ
3553 3349 3757 3416 μάταια
3795 3348 4059 3417 στρέφων

2463 3451 2521 3500 ὲν
2574 3445 2771 3515 καρδίᾳ
2829 3442 3118 3507 διατελεῖς,
3157 3441 3343 3509 ἀγρῶν
3374 3440 3468 3492 καὶ
3497 3441 3841 3506 ἀμπελώνων
3877 3441 4055 3509 ἐρῶν,

2463 3536 2580 3589 ἔστι
2607 3537 2705 3606 μὲν
2737 3535 2873 3604 πρὸς
2897 3534 3160 3604 ἀλήθειαν
3205 3533 3438 3597 οὐδενὸς,
3485 3532 3701 3587 δοκοῦσι
3737 3534 3796 3586 δὲ
3857 3535 4056 3604 μόνον,

2465 3631 2556 3682 καὶ
2587 3629 2835 3694 θέλγουσι
2863 3626 2943 3696 τῷ
2971 3628 3237 3693 ὀνόματι;
3275 3625 3516 3697 Ἔχομεν
3551 3627 3748 3695 κτῆσιν
3784 3627 3841 3679 ἐν
3875 3627 4057 3696 οὐρα-

2463 3722 2576 3783 νοῖς
2620 3718 2983 3787 ἀναφαίρετον
3026 3731 3040 3748 ’
3091 3717 3289 3788 ἔχομεν
3317 3720 3532 3771 οἰκεέαν
3573 3719 3999 3790 ἀχειροποίητον
4038 3736 4053 3749 ο

2465 3812 2691 3866 ὶκείνων
2734 3809 2858 3880 ἔχου
2884 3825 2898 3840 ·
2940 3809 3163 3864 ἐκείνων
3223 3809 3320 3861 καὶ
3351 3809 3458 3879 πρὸ
3490 3807 3592 3878 τῆς
3615 3807 3764 3879 ὧρας
3801 3810 4055 3863 ἀπόλαυε

2464 3906 2584 3982 ταῖς
2614 3903 2847 3966 Ιιλπίσιν,
2894 3893 2970 3955 ὧν
3001 3901 3104 3954 οὐκ
3152 3902 3270 3954 ἐστι
3305 3903 3599 3970 μετάθεσις
3632 3903 3714 3964 είς
3762 3902 3959 3972 ἕτερον
3991 3905 4053 3970 ἐξ

2467 3994 2683 4064 ἑτέρου,
2717 3993 2833 4046 ἀλλ’
2871 3993 2929 4056 δς
2956 3994 3023 4046 ἂν
3076 3991 3223 4057 ἅπαξ
3255 3992 3435 4044 αὐτῶν
3457 3991 3598 4064 ὀφθῇ
3625 3993 3836 4061 κύριος,
3869 3994 4054 4062 μένει,

2472 4087 2673 4155 κλῆρον
2708 4084 2845 4154 ἔχων
2874 4084 3126 4154 οὐδαμῶς
3153 4084 3583 4153 ἀφαιρούμενον.
3641 4085 3832 4138 Ταῦτα
3887 4088 4061 4140 ἀκού-

2471 4195 2640 4231 σαντα
2672 4177 2764 4228 τὸν
2792 4176 3143 4246 Τριφύλλιον,
3173 4179 3250 4246 μὴ
3280 4177 3466 4238 ἁπλῶς
3498 4178 3751 4242 ἀκοῦσαι,
3784 4179 3924 4231 ἀλλὰ
3957 4184 4058 4236 καὶ

2472 4264 2830 4334 βελτιωθῆναι
2885 4266 2986 4334 τὴν
3042 4262 3292 4334 γνώμην,
3347 4267 3440 4317 καὶ
3495 4266 3729 4335 καρδίας
3777 4267 3919 4320 αὐτὰ
3952 4287 4059 4321 τλ-

2473 4361 2643 4429 μεῖοις
2666 4357 2960 4428 ἐγκρύψαι,
2983 4355 3240 4426 δεηθῆναί
3267 4373 3327 4408 τε
3361 4355 3456 4411 τοῦ
3493 4357 3678 4424 ἀγίου,
3711 4359 4056 4428 συγγνώμης

2469 4453 2676 4520 τυχεῖν,
2726 4449 2822 4502 καὶ
2879 4449 2939 4500 τὸ
2985 4448 3121 4517 μετά
3169 4447 3341 4500 ταῦτα
3406 4448 3542 4517 πρὸς
3593 4450 3889 4519 ἀκρξεε.αν
3923 4452 4057 4522 ζῇν,

794 4534 1014 4593 tectam,
1049 4532 1186 4586 adeo
1222 4539 1282 4584 ut
1312 4529 1468 4585 fleret
1504 4545 1599 4588 vas
1631 4531 1919 4588 electionis
1963 4532 2192 4597 Christi.
2224 4536 2367 4590 sicut
2394 4531 2430 4590 1]

2469 4541 2609 4594 ὥστε
2644 4542 2737 4594 καὶ
2795 4539 2988 4601 σκεῦος
3025 4537 3258 4606 ἐκλογῆς
3292 4536 3570 4605 γενέσθαι,
3607 4541 3751 4593 κατά
3809 4543 3998 4597 Παῦλο
4038 4584 4054 4609 ,

797 4624 1064 4688 Paulus’,
1095 4632 1153 4677 et
1192 4622 1610 4678 innumerabilia
1653 4623 1797 4677 dona
1834 4625 1905 4679 sit
1943 4638 2248 4683 assecutus.
2277 4629 2369 4684 Sic

798 4731 1028 4787 magnus
1057 4715 1312 4786 Spiridon
1337 4716 1474 4770 alios
1502 4715 1724 4783 quidem
1748 4717 2058 4787 corrigebat
2088 4721 2334 4776 volentes
2353 4764 2368 4790 ,

806 4807 936 4864 alios
962 4808 1127 4862 etiam
1165 4807 1407 4873 invitos;
1472 4808 1539 4860 iis
1561 4818 1764 4871 autem,
1807 4809 1900 4879 qui
1969 4813 2370 4868 correctionem

800 4898 1066 4952 nolebant
1096 4896 1405 4964 admittere,
1432 4898 1606 4951 malus
1633 4897 1920 4953 eveniebat
1944 4900 2159 4955 exitus:
2183 4903 2369 4972 eujus-

800 4991 947 5046 modi
999 4998 1082 5045 est
1114 4990 1218 5044 hoc
1248 4989 1393 5059 quod
1423 4991 1696 5059 sequitur.

867 5081 1058 5136 XXXI.
1099 5081 1327 5145 Quidam
1354 5091 1516 5134 nauta
1540 5089 1624 5136 est
1647 5080 1888 5151 ejusdem
1920 5083 2178 5146 civitatis,
2209 5086 2368 5156 cujus

795 5184 1040 5238 sanctus,
1069 5188 1194 5227 cum
1236 5187 1462 5241 peregre
1498 5171 1690 5227 fuisset
1724 5173 2020 5242 profectus,
2055 5187 2111 5230 et
2156 5183 2370 5246 tempus

794 5266 1034 5320 duorum
1070 5279 1337 5319 annorum
1361 5265 1790 5334 consumpsisset
1813 5265 1867 5320 in
1907 5267 2367 5338 peregrinatione,

798 5372 1053 5412 reversus
1079 5366 1196 5424 est;
1229 5367 1285 5411 et
1315 5373 1438 5412 cum
1466 5357 1532 5411 ad
1564 5357 1784 5410 cbaram
1827 5358 2082 5413 rediisset
2111 5360 2364 5428 patriam,

795 5450 1020 5502 domum
1073 5463 1224 5502 suam
1275 5448 1484 5501 invenit
1519 5448 1835 5506 inimicam:
1882 5459 2070 5518 aperte
2123 5450 2268 5504 enim
2317 5455 2367 5505 ei

799 5543 981 5594 iuerat
1011 5540 1308 5595 adulterata
1340 5541 1554 5594 mulier.
1592 5541 1726 5595 Nam
1754 5553 1810 5596 et
1854 5550 2040 5596 certus
2063 5551 2183 5596 erat
2216 5546 2369 5598 testis

801 5645 986 5688 tumor
1006 5634 1166 5702 uteri,
1202 5642 1257 5688 et
1287 5634 1446 5698 fctus,
1470 5633 1564 5702 qui
1594 5634 1646 5687 in
1675 5649 1740 5688 eo
1761 5634 2096 5704 gestabatur.
2121 5634 2212 5691 Ille
2235 5651 2366 5708 ergo

877 5827 933 5883 ‘l
991 5825 1115 5880 Cor.
1151 5842 1203 5891 ν,
1240 5823 1290 5880 1.
1365 5822 1385 5854 ⁸
1418 5823 1536 5876 Aet.
1570 5837 1642 5888 lx,
1676 5821 1760 5876 l5.

2469 4627 2730 4699 Χριστοῦ,
2755 4629 2846 4682 καὶ
2887 4629 3097 4698 μυρίων
3158 4626 3455 4697 ἀξιωθῆναι
3506 4629 3616 4682 τῶν
3661 4633 4054 4700 χαρισμάτων.

2471 4722 2658 4784 Οὕτως
2686 4724 2713 4774 ὀ
2750 4719 2921 4790 μέγας
2948 4718 3039 4781 οὓς
3082 4719 3181 4790 μὲν
3210 4719 3454 4784 ἑκόντας,
3477 4719 3572 4783 οὓς
3595 4720 3650 4773 δὲ
3690 4725 3786 4774 καὶ
3813 4724 4058 4788 ἄκοντας

2471 4813 2861 4882 ἐπαιδαγώγει,
2884 4815 2976 4866 καὶ
3011 4815 3123 4876 τοῖς
3160 4813 3234 4883 μὴ
3267 4812 3611 4882 βουλομένοις
3662 4814 3927 4878 δέξασθαι
3956 4820 4058 4887 τὴν

2471 4903 2953 4970 παιδαγωγίαν,οὺ
3003 4904 3165 4956 καλὸν
3211 4905 3431 4974 ἀπήντα
3474 4905 3537 4957 τὸ
3598 4904 3792 4968 τέλος·
3849 4900 3967 4967 οἷον
3999 4909 4056 4961 δὲ

2480 4997 2577 5050 καὶ
2608 4995 2786 5050 τοῦτο.

2539 5087 2666 5142 AA’.
2698 5088 3106 5158 Θαλαττουργός
3132 5105 3216 5147 τις
3237 5088 3336 5158 τῆς
3367 5090 3539 5162 αὐτῆς
3565 5092 3644 5162 τῷ
3665 5091 3807 5162 ἀγίῳ
3834 5094 4057 5159 πόλεως

2469 5181 2752 5248 ἀπόδημος
2793 5179 3057 5246 γεγονὼς,
3087 5181 3182 5231 καὶ
3209 5181 3404 5250 χρόνον
3439 5185 3503 5252 τῇ
3534 5184 3816 5256 ἀποδημίᾳ
3845 5188 4056 5257 τρίψας

2471 5272 2686 5342 συχνὸν,
2746 5269 2840 5323 δύο
2894 5270 3034 5324 ὅλων
3065 5272 3201 5324 ἑτῶν
3225 5274 3523 5343 ἐπανῆκεν,
3551 5279 3644 5329 καὶ
3677 5280 3916 5350 πατρίδα
3955 5284 4060 5354 τὴν

2468 5362 2628 5433 φίλην
2652 5361 2963 5425 ἀπολαϐὼν,
3021 5364 3121 5432 τὴν
3161 5365 3342 5419 οίκίαν
3371 5362 3497 5439 εὗρε
3525 5370 3723 5440 κομιδῆ
3753 5373 4056 5441 πολεμίαν,

2469 5456 2813 5524 Μεμοίχευτο
2846 5455 2953 5524 γὰρ
2980 5455 3131 5526 αὺτῷ
3180 5459 3212 5527 ἠ
3262 5461 3400 5529 γυνὴ
3441 5462 3710 5532 φανερῶς.
3774 5464 3938 5517 Ἐπεὶ
3966 5474 4062 5520 καὶ

2471 5544 2680 5616 μάρτυς
2713 5541 2784 5617 ἦν
2851 5544 3107 5617 ἀψευδὴς,
3139 5546 3168 5598 ὃ
3207 5539 3268 5599 τε
3308 5551 3404 5620 τῆς
3456 5553 3690 5622 γαστρὸς
3738 5553 3925 5622 δγκος,
3964 5559 4064 5610 καὶ

2468 5639 2534 5691 τὸ
2570 5637 3014 5711 κυηφορούμενον
3063 5638 3323 5712 ἐμϐρυον.
3350 5644 3568 5717 Μικρού
3604 5647 3702 5717 μὲν
3724 5643 3814 5700 οὖν
3842 5651 4063 5713 ἐκεῖνος
