4260 6430
277 362 386 425 453

1516 371 1692 434 VlTA
1728 371 1792 435 S.
1834 373 2212 440 SPYRIDON'
2222 381 2312 444 IS.

3432 398 3542 466 454

274 478 442 541 εὐθὺς
500 480 597 533 καὶ
642 479 704 533 τὸ
746 480 970 549 γύναιον
996 484 1063 538 ἂν
1115 482 1463 556 διεχρήσατο·
1493 485 1706 549 Μεστδς
1729 487 1860 558 γὰρ,
1889 490 1937 548 Α

1889 490 2157 561 Aparum
2210 494 2385 548 adluit
2456 497 2587 565 quin
2644 514 2866 552 uxorem
2922 499 3260 557 interﬁceret
3295 520 3309 556 :
3345 506 3546 563 Plenus

275 571 435 640 φησὶ,
463 572 627 641 ζήλου
668 572 842 643 θυμὸς
876 575 1069 643 ἀνδρὸς
1099 576 1297 645 αὐτῆς.
1332 576 1505 637 Μόλις
1534 576 1589 630 δὲ
1620 577 1714 630 τοῦ
1756 576 1850 629 θυ-

279 658 385 732 μοῦ
429 664 721 735 γενόμενος
780 668 1077 738 ἐγκρατὴς,
1136 668 1232 721 καὶ
1285 667 1719 737 διασκεψάμενος
1776 667 1851 733 ὼς

275 753 401 807 οετε
429 760 703 810 συνοικεῖν
728 758 866 827 αὐτῇ
890 757 986 810 τοῦ
1018 757 1207 812 λοιποῦ
1228 757 1394 811 καλὸν
1419 757 1541 811 οὕτε
1564 759 1671 828 μὴν
1700 752 1877 811 ἀναι-¹

278 850 421 916 ρεῖν*
448 848 509 902 τὸ
556 848 661 919 μὲν
728 850 839 923 γὰρ
878 850 1096 922 ὶκείνης
1138 850 1409 918 ἀπώλεια,
1456 852 1515 904 τὸ
1542 852 1601 906 δὲ
1649 851 1855 915 ὄνειδος

273 938 423 1006 αὗτρ
463 938 550 992 διά
581 938 716 1009 βίου,
746 941 841 994 καὶ
866 941 1094 1011 καρδίας
1118 942 1276 1013 τῆξις
1300 945 1475 1013 πέρας
1497 943 1598 997 οὐκ
1634 942 1851 1011 ἔχουσα,

274 1031 483 1100 ταύτην
513 1035 613 1102 μὲν
666 1034 1007 1099 καταλείπει,
1052 1035 1195 1105 πρὸς
1236 1036 1296 1088 δὶ
1332 1035 1421 1091 τὸν
1461 1034 1618 1103 ἀγεον
1651 1036 1853 1089 αὐτίκα

276 1127 464 1193 φοιτᾷ.
508 1124 621 1178 Καὶ
651 1125 839 1181 πάντα
884 1126 1029 1180 κατὰ
1063 1128 1228 1200 μέρος
1258 1128 1534 1194 διασαφεῖ,
1580 1128 1680 1199 τὴν
1716 1129 1853 1181 ἀπο-

274 1215 498 1285 δημίαν,
527 1216 621 1270 τὸν
653 1217 873 1288 χρόνον,
909 1218 1008 1289 τὴν
1062 1220 1333 1291 μοιχείαν,
1364 1220 1460 1273 καὶ
1495 1220 1702 1290 ταύτης
1753 1221 1853 1291 τὴν

275 1308 714 1379 ἀπαράτρεπτον
769 1314 878 1366 ἀπὸ
924 1315 1022 1381 τῆς
1079 1315 1318 1386 γαστρὸς
1354 1317 1685 1385 μαρτυρίαν.
1722 1312 1851 1369 Εἶτα

274 1400 328 1452 τί
346 1402 529 1466 πάθοι,
556 1404 673 1464 πῶς
692 1404 924 1473 ἐνέγκοι,
945 1408 997 1459 τί
1023 1406 1152 1475 περὶ
1172 1408 1319 1461 τοῦῗε
1346 1411 1624 1478 πονήσειεν
1650 1411 1849 1480 ἐρωτᾷ,

276 1494 375 1545 καὶ
407 1497 489 1547 ὅτι
540 1496 801 1550 ἀπολύειν
859 1499 958 1568 μιν
1001 1499 1167 1562 αὐτὸς
1196 1501 1295 1570 τὴν
1344 1504 1578 1568 γυναῖκα
1634 1502 1851 1569 διέγνω,

279 1586 527 1655 βούλεται
557 1589 613 1641 δὲ
651 1590 864 1657 μαθεῖν,
893 1592 941 1643 εί
984 1594 1077 1645 καὶ
1106 1593 1256 1662 αὐτῷ
1280 1593 1440 1647 τοῦτο
1473 1597 1744 1658 συνὲοκεῖ.
1795 1597 1851 1650 ὐ

275 1679 332 1732 δὲ
368 1682 578 1735 ἐκεῖνον
619 1684 718 1753 μὲν
753 1683 1022 1753 θαυμάζει
1050 1701 1108 1736 τε
1140 1686 1237 1754 τῆς
1261 1685 1511 1756 γνώμης,
1538 1689 1625 1739 καὶ
1653 1687 1854 1739 οίκτεί-

276 1792 361 1844 ρει
389 1775 489 1845 τῆς
521 1778 827 1847 συμφορᾶς,
861 1777 961 1847 τὴν
1010 1780 1246 1845 γυναῖκα
1287 1778 1345 1831 δὲ
1404 1782 1849 1848 μεταστέλλεται,

1954 585 2127 647 enim,
2168 586 2370 655 inquit,
2406 588 2482 641 ira
2513 598 2597 644 est
2662 591 2813 645 zelus
2847 592 2945 645 viri
2976 593 3094 661 ejus
3145 594 3209 650 ‘°.
3264 593 3402 650 Cum
3456 601 3543 654 vix

1957 687 2140 733 autem
2160 678 2293 734 iram
2317 681 2676 746 cohibuisset,
2692 694 2748 739 et
2766 686 3187 749 considerasset,
3201 690 3347 757 quod
3368 706 3546 761 neque

1956 778 2104 825 esset
2128 772 2178 826 ei
2213 772 2508 828 honestum
2540 790 2665 829 eum
2694 791 2756 830 ea
2791 779 3029 847 amplius
3057 778 3329 843 habitare,
3360 799 3543 853 neque

1958 860 2162 915 bonum
2193 878 2312 917 eam
2350 864 2665 921 interﬁcere
2696 866 2825 934 (hoc
2853 870 3023 935 enim,
3058 871 3207 926 illius
3247 888 3395 928 esset
3422 876 3542 929 exi-

1956 953 2134 1019 tium;
2167 954 2297 1009 illud
2338 972 2490 1020 vero,
2524 968 2850 1028 perpetuum
2892 962 2941 1015 ei
2993 962 3047 1015 in
3084 963 3195 1017 vita
3247 965 3540 1034 probrum,

1954 1052 2010 1100 et
2058 1045 2239 1101 cordis
2270 1047 2571 1113 cruciatus,
2603 1051 2693 1119 qui
2744 1050 2904 1106 tinem
2954 1068 3066 1106 non
3114 1054 3387 1119 haberet),
3418 1070 3541 1109 eam

1955 1138 2176 1206 quidem
2230 1138 2525 1208 relinquit;
2581 1140 2831 1211 protinus
2882 1156 3016 1195 vero
3069 1144 3221 1198 venit
3278 1143 3345 1197 ad
3415 1160 3544 1199 san-

1956 1233 2125 1295 ctum,
2159 1238 2215 1285 et
2247 1233 2429 1285 omnia
2465 1232 2743 1303 sigillatim
2778 1234 2975 1303 aperit,
3011 1236 3537 1305 peregrinationem,

1957 1330 2193 1390 tempus,
2244 1323 2591 1389 adulterium,
2648 1338 2705 1381 et
2758 1330 2905 1381 omni
2967 1333 3291 1396 exceptione
3349 1332 3532 1401 majus

1956 1414 2098 1468 uteri
2128 1415 2250 1484 ejus
2285 1415 2685 1471 testimonium.
2732 1418 2935 1471 Deinde
2984 1420 3115 1486 quid
3152 1430 3360 1489 ageret,
3395 1430 3538 1491 quo-

1955 1505 2118 1558 mo:lo
2152 1505 2341 1569 ferret,
2382 1507 2512 1575 quid
2550 1508 2617 1562 de
2653 1506 2757 1561 hac
2806 1524 2863 1562 re
2912 1510 3146 1563 sentiret
3193 1512 3538 1575 sciscitatur;

1954 1605 2008 1649 et
2038 1596 2171 1650 dicit
2204 1613 2261 1651 se
2293 1599 2431 1653 velle
2461 1600 2683 1667 quidem
2734 1600 3016 1656 dimittere
3051 1617 3301 1666 uxorem,
3336 1618 3540 1672 curere

1954 1698 2136 1742 autem
2170 1691 2335 1755 scire,
2370 1708 2437 1745 an
2494 1692 2599 1746 hoc
2646 1708 2867 1761 quoque
2912 1695 2961 1747 ei
3015 1694 3087 1748 ita
3138 1695 3410 1770 videatur.
3447 1696 3539 1751 llle

1956 1798 2085 1836 vero
2113 1783 2260 1837 illius
2286 1784 2508 1852 quidem
2540 1796 2777 1839 mentem
2800 1786 3141 1851 admiratur;
3167 1789 3418 1858 deplorat
3442 1805 3541 1841 au—

274 1868 369 1921 καὶ
398 1869 460 1920 οὐ
502 1846 831 1924 πυνθάνεται
895 1846 1014 1941 μὲν,
1067 1846 1422 1942 παρέλκουσά
1459 1874 1565 1943 γὰρ
1595 1875 1626 1943 ἡ
1652 1873 1847 1935 πεῦεις
1880 1846 1923 1904 Β
1953 1887 1956 1924 l

1880 1846 1923 1904 Β
1953 1884 2060 1928 tem
2096 1885 2151 1929 et
2199 1875 2495 1930 miseratur
2541 1878 2910 1932 calamitatem
2938 1897 2951 1941 ;
2984 1882 3219 1933 accersit
3254 1896 3384 1934 vero
3418 1897 3539 1934 mu—

274 1963 368 2013 καὶ
397 1964 651 2032 περιττὴ,
678 1964 804 2016 ἐπεὶ
826 1964 908 2027 τίς
951 1966 1017 2019 ἂν
1068 1965 1160 2018 καὶ
1197 1967 1510 2035 πιστότερον
1534 1966 1847 2035 ἀπήγγελὶε

272 2054 372 2123 τῆς
402 2058 663 2122 γαστρός
694 2056 766 2119 ὠς
792 2057 953 2126 δήλου
985 2056 1041 2110 δὲ
1072 2056 1164 2109 τοῦ
1225 2058 1548 2127 «perparo;
1577 2059 1747 2121 ὄντος,
1783 2057 1847 2110 Τί

272 2148 335 2216 δή
370 2164 525 2205 ποτε.
554 2148 723 2214 λέγει,
749 2149 1021 2206 παθοῦσα.
1050 2152 1251 2220 ἑαυτήν
1279 2168 1338 2204 τε
1372 2150 1544 2212 οὕτως
1567 2152 1847 2220 αἰσχύνειε

271 2243 365 2294 καὶ
412 2242 500 2292 τὸν
550 2241 738 2309 ἄνδρα.
786 2239 847 2294 Ἥ
881 2244 958 2306 δὲ,
994 2245 1186 2311 ίταμὺν
1218 2247 1327 2314 γὰρ
1345 2244 1418 2313 τῷ
1435 2245 1547 2297 ὄντι
1573 2246 1711 2313 γυνὴ
1754 2246 1848 2297 καὶ

270 2334 542 2401 προπετὲς
566 2335 656 2386 καὶ
698 2334 1071 2404 ἀναίσχυντον,
1104 2336 1275 2387 ἑπειδ⁹
1307 2337 1371 2388 ἂν
1395 2334 1543 2399 ἅπαξ
1575 2336 1845 2405 ἀπόθηται

271 2425 373 2494 τὴν
411 2427 567 2490 αίδῶ,
601 2426 893 2493 ψεύδεσθαι
925 2427 1221 2499 διαρρήδην
1236 2428 1490 2497 οὐδαμῶς
1516 2430 1713 2498 ᾐδεῖτο,
1752 2430 1846 2481 καὶ

271 2518 464 2586 μηδενὶ
486 2518 632 2590 ἀλλῳ
665 2518 965 2587 πλησιάσαι
1015 2520 1263 2589 φανερῶς
1304 2520 1615 2575 διετείνετο.
1645 2520 1749 2574 Τοῦ
1789 2521 1844 2574 δὲ

270 2609 427 2676 ἁγίου
480 2611 570 2663 τὸν
622 2610 721 2677 τῆς
768 2611 1081 2682 ἀποδημίας
1134 2613 1327 2682 χρόνον
1380 2615 1724 2681 ἐπειπόντος,
1769 2614 1845 2677 ὡς

269 2702 448 2773 ταύτῃ
512 2701 605 2755 τοῦ
658 2704 888 2772 ψεύδους
948 2704 1622 2775 ὲλάγχεσθαιδαναμένου,
1655 2708 1841 2777 ἐκείνη

267 2794 393 2847 οὐδὲ
436 2793 610 2859 οὕτως
661 2796 805 2862 ὐιρίει
868 2796 965 2864 τῆς
990 2797 1292 2859 ἀναιδείας,
1341 2798 1458 2850 ἀλλ’
1490 2799 1741 2869 ἐθορύϐει
1782 2803 1842 2855 τὸ

269 2885 553 2955 κάθαρμα,
582 2887 680 2940 καὶ
708 2887 1013 2956 ἀντιλέγειν
1045 2889 1081 2958 ἡ
1108 2889 1416 2958 πάντολμος
1448 2892 1732 2960 ἐπειρᾶτο,
1766 2894 1842 2958 ὠς

267 2983 394 3043 τοὺς
427 2980 746 3045 ἀκούοντας,
807 2984 905 3053 τῆς
945 2984 1246 3051 ἀπολογίας
1312 2984 1449 3055 αὐτῇ
1490 2987 1842 3055 χαλεπαίνειν

271 3075 473 3141 μᾶλλον
505 3075 536 3141 ἦ
567 3077 665 3145 τῆς
702 3078 970 3147 μοιχείας.
999 3077 1115 3145 Ἐφ’
1136 3078 1259 3131 ὅσον
1294 3079 1425 3147 γὰρ,
1461 3080 1722 3147 ἔφασκεν,
1752 3081 1843 3133 ἐπὶ

1949 1966 2160 2030 liercm,
2189 1976 2244 2021 et
2274 1983 2384 2021 non
2412 1969 2713 2038 interrogat
2747 1970 2995 2038 quidem,
3049 1986 3178 2023 uu:n
3234 1971 3284 2024 id
3319 1972 3539 2029 fecisset

1951 2062 2119 2125 (esset
2147 2062 2292 2113 enim
2327 2076 2735 2130 supervacanea
2787 2065 3184 2135 interrogatio;
3224 2068 3350 2134 quis
3383 2067 3535 2122 enim

1951 2152 2003 2207 id
2037 2153 2233 2207 melius
2270 2154 2571 2217 renuntiet,
2608 2170 2771 2222 quam
2806 2165 3018 2220 uterus,
3050 2173 3175 2211 cum
3208 2160 3273 2211 sit
3303 2174 3391 2213 res
3424 2177 3539 2214 ma-

1949 2247 2168 2305 nifesta)
2200 2267 2211 2301 :
2251 2248 2345 2301 sed
2376 2264 2477 2301 cur
2504 2248 2584 2302 sic
2618 2248 2792 2301 virum
2825 2249 3103 2304 aﬂ‘ecisset
3136 2252 3341 2319 probro
3370 2263 3423 2307 et
3445 2254 3539 2307 dc-

1945 2340 2183 2394 decore?
2216 2340 2308 2394 illa
2340 2349 2522 2393 autem
2562 2341 2667 2404 (est
2700 2342 2846 2394 enim
2878 2343 3078 2396 mulier
3113 2357 3201 2396 res
3243 2345 3536 2414 impudens

1946 2440 1998 2485 et
2038 2431 2352 2499 temeraria)
2388 2446 2510 2485 cum
2542 2432 2806 2500 pudorem
2832 2433 2999 2488 semel
3025 2435 3291 2502 exuisset,
3323 2454 3539 2507 nequa-

1946 2536 2110 2591 quam
2168 2522 2389 2576 mentiri
2429 2531 2617 2591 aperte
2666 2524 3052 2590 erubescebat,
3092 2536 3150 2583 et
3211 2538 3534 2585 constanter

1947 2614 2274 2679 aﬂirmabat,
2336 2631 2394 2670 se
2442 2631 2565 2671 cum
2617 2618 2771 2672 nullo
2805 2618 2915 2673 alio
2971 2635 3087 2673 rem
3120 2619 3401 2677 habuisse.
3436 2623 3534 2677 illo

1946 2723 2080 2762 vero
2113 2717 2305 2763 contra
2335 2719 2553 2779 tempus
2575 2710 2841 2765 ati‘erente
2863 2711 3146 2774 absentiae,
3171 2724 3362 2782 utpote
3382 2715 3532 2779 quod

1944 2816 2043 2871 per
2071 2816 2189 2855 eam
2220 2814 2402 2871 posset
2433 2803 2583 2872 argui
2609 2802 2978 2868 mendacium,
3006 2819 3071 2859 ea
3102 2820 3173 2860 ne
3203 2806 3283 2859 sic
3304 2805 3529 2874 quidem

1944 2892 2245 2961 quidquam
2282 2894 2491 2947 remisit
2524 2894 2592 2948 de
2641 2894 3026 2963 impudentia:
3063 2896 3160 2950 sed
3218 2900 3527 2951 tumultua-

1945 2984 2107 3038 batur
2132 2986 2491 3049 exsecranda,
2539 2996 2591 3039 et
2638 2987 3020 3042 contradicere
3058 2989 3369 3043 conabatur
3404 3004 3529 3043 mu-

1944 3077 2048 3132 lier
2104 3078 2493 3137 audacissima.
2553 3079 2689 3132 adeo
2750 3087 2809 3132 ut
2860 3082 2955 3154 qui
3026 3080 3346 3142 audiebant,
3407 3082 3531 3149 ejus

270 3164 428 3232 ξένης
450 3159 516 3234 ἦν
551 3171 576 3217 ὸ
606 3167 766 3235 ἀνὴρ,
799 3170 889 3219 ἐπὶ
916 3167 1169 3220 τοσοῦτον
1198 3164 1267 3239 ἦν
1311 3187 1401 3238 μοι
1426 3171 1519 3221 καὶ
1556 3170 1615 3221 τὸ
1644 3170 1841 3239 βρέφος
1866 3193 1911 3255 C
1946 3186 1952 3221 ι

1866 3193 1911 3255 C
1946 3170 2353 3236 responsionem
2410 3171 2611 3238 aegrius
2662 3169 2871 3223 ferrent
2945 3186 3108 3240 quant
3168 3172 3525 3227 adulterium.

268 3259 330 3309 ὲν
353 3261 420 3328 τῇ
446 3260 666 3329 γαστρὶ,
703 3262 769 3313 ἶν’
796 3261 930 3329 ὁμοῦ
957 3278 1013 3313 τε
1051 3265 1258 3324 ἐκεῖνος
1288 3262 1387 3328 τῆς
1433 3264 1718 3333 ἀλλοτρίας
1750 3268 1845 3316 καὶ
1943 3267 1950 3306 ε

1843 3304 1845 3312 ι
1943 3259 2210 3324 Quamdiu
2244 3260 2415 3323 enim,
2452 3262 2654 3320 aiebat.
2693 3262 2799 3316 fuit
2830 3256 3263 3327 maritus‘meus,
3318 3266 3525 3317 tamdiu

266 3351 427 3403 τοῦτο
457 3354 555 3420 τῆς
598 3355 737 3423 ιμῆς
760 3356 1013 3423 προέλθοι
1046 3356 1303 3422 γαστρός.
1348 3355 1438 3417 Ὡς
1464 3354 1557 3408 οὖν
1583 3356 1754 3410 ταῦτά
1782 3374 1840 3408 τε
1946 3363 1948 3404 l

1946 3352 2047 3406 fuit
2073 3353 2207 3406 mihi
2242 3352 2421 3408 infans
2449 3355 2501 3407 in
2532 3366 2712 3415 utero,
2747 3364 2807 3408 ut
2837 3356 2995 3409 simul
3028 3366 3083 3410 et
3105 3358 3196 3411 ille
3229 3373 3293 3410 ex
3326 3358 3522 3422 aliena,

264 3444 364 3503 καὶ
392 3444 615 3513 μείζονα
650 3445 854 3499 τούτων
912 3446 1047 3513 πρὸς
1085 3448 1182 3499 τὸν
1224 3448 1400 3513 μέγαν
1471 3448 1845 3517 ἀπηναισχύι-
1941 3467 1946 3496 ‹

1841 3480 1845 3488 ι
1941 3455 1997 3501 et
2035 3447 2123 3501 hic
2156 3462 2223 3501 ex
2259 3464 2378 3502 meo
2411 3461 2567 3503 utero
2604 3450 2873 3518 prodiret.
2906 3450 3042 3504 Cum
3074 3450 3191 3505 hac
3216 3461 3271 3506 et
3298 3452 3383 3505 his
3407 3462 3523 3505 ma-

262 3555 371 3601 τει,
398 3538 460 3590 οὐ
493 3538 600 3607 μὴν
627 3538 763 3593 ἀλλὰ
791 3540 885 3592 καὶ
904 3541 1144 3609 τάραχον
1175 3534 1289 3592 οἷον
1325 3540 1555 3594 κινοῦσα
1591 3543 1681 3595 καὶ
1714 3543 1843 3614 βοῆς
1938 3555 1944 3606 ;

1841 3563 1843 3570 ·
1938 3539 2057 3607 jora
2112 3555 2307 3609 magno
2361 3540 2712 3608 impudenter
2760 3541 2971 3596 diceret
3035 3541 3337 3611 Spiridoni,
3390 3546 3523 3611 quin

262 3631 605 3701 ἰμπιπλῶσα
644 3632 743 3702 τὴν
800 3632 978 3696 πόλιν,
1020 3633 1113 3684 καὶ
1168 3631 1245 3696 ὡς
1284 3633 1351 3684 ἂν
1406 3634 1739 3703 ἀδικουμένη
1773 3637 1842 3689 τὰ
1941 3656 1944 3678 ι

1838 3655 1842 3688 ς
1941 3631 2104 3685 etiam
2157 3632 2453 3685 tumultum
2507 3634 2795 3697 excitaret,
2843 3643 2898 3687 et
2943 3634 3336 3689 vociferatione
3368 3651 3520 3689 coni-

262 3725 655 3794 χαλεπώτατα,
689 3726 819 3789 τοὺς
872 3728 1147 3795 παρόντας
1198 3725 1334 3795 πρὸς
1373 3726 1589 3795 ἄμυναν
1636 3744 1842 3794 συγκα-
1941 3738 1944 3790 j

1839 3760 1842 3770 ,
1941 3722 2115 3791 pleret
2145 3722 2448 3785 civitatem,
2481 3732 2537 3777 et
2573 3733 2831 3792 tanquam
2858 3726 3181 3794 gravissima
3212 3726 3407 3780 aﬂecta
3434 3727 3521 3780 in-

262 3816 456 3879 λοῦσα,
483 3818 512 3868 6
538 3818 846 3887 πραότατος
877 3819 1108 3881 ἐκεῖνος,
1132 3818 1256 3871 οὐδὲ
1307 3817 1481 3881 οὕτως
1518 3819 1842 3872 ὑποϐαλλιιιν
1933 3814 1944 3883 j

1834 3839 1842 3867 ι
1933 3813 2102 3883 juria,
2131 3828 2226 3866 eos
2254 3814 2348 3881 qui
2378 3813 2624 3867 aderant
2663 3825 2886 3869 vocaret
2918 3816 2984 3869 ad
3019 3830 3178 3886 opem
3209 3815 3516 3882 ferendam,

262 3909 437 3981 αὐτὴν
467 3912 532 3980 τῇ
603 3911 753 3981 δίκῐῖο
792 3909 870 3979 τῷ
904 3910 1054 3981 φόσφ
1105 3911 1163 3964 δὲ
1189 3912 1393 3980 ταύτης
1443 3912 1647 3980 μᾶλλον
1705 3915 1841 3982 πρ“-ς
1942 3920 1944 3927 ‘

1840 3933 1841 3940 ι
1942 3906 2029 3957 vir
2088 3905 2177 3959 ille
2237 3905 2562 3961 mitissimus
2612 3921 2681 3960 ne
2733 3907 2813 3960 sic
2867 3907 3088 3975 quidem
3137 3924 3258 3962 eam
3311 3908 3522 3977 judicio

266 4002 561 4070 μετάνοιαν
588 4001 1003 4072 ιπισπώμενος.
1058 4003 1121 4054 Ei
1175 3995 1362 4070 μὶν,ὦ
1409 4004 1597 4070 γύναι,
1652 4005 1837 4072 φησὶν,
1938 4009 1948 4046 ε

1938 3994 2253 4063 subjiciens,
2284 3996 2378 4049 sed
2408 4010 2527 4047 eam
2563 4007 2705 4047 metu
2741 3998 2923 4061 potius
2951 3996 3234 4049 attrahens
3249 3997 3315 4049 ad
3347 3998 3522 4064 pit-ni-

261 4096 456 4165 ὦσπερ
482 4096 561 4158 είς
618 4095 866 4165 μεγάλην
914 4094 1213 4159 ἐξώκειλας
1240 4094 1541 4163 ἁμαρτίαν,
1572 4094 1719 4147 οὕτω
1773 4096 1835 4164 δὴ

264 4189 361 4241 καὶ
395 4188 635 4257 μεγάλην
666 4188 959 4258 εἰσήγαγες
989 4187 1088 4255 τὴν
1124 4187 1435 4255 μετάνοιαν,
1468 4186 1609 4254 τάχα
1655 4187 1719 4238 ἀν
1745 4188 1839 4238 καὶ

263 4280 435 4349 πολλή
480 4295 562 4332 σοι
614 4279 994 4350 περιελείπετο
1022 4279 1296 4349 σωτηρίας
1339 4278 1513 4339 ἑλπίς.
1568 4279 1702 4331 Οὐδὲ
1740 4280 1836 4348 μία

262 4372 378 4442 γὰρ
423 4369 596 4431 οὕτως
628 4370 907 4440 ἁμαρτίας
949 4368 1149 4439 Ἱσχὺς,
1205 4368 1283 4430 ώς
1347 4368 1423 4438 μὴ
1452 4371 1549 4437 τῆς
1574 4365 1669 4419 τοῦ
1697 4366 1834 4418 Θεοῦ

260 4462 531 4531 ἡττᾶσθαι
582 4460 1021 4531 φιλανθρωπίας.
1074 4460 1227 4512 Ἐπεὶ
1280 4459 1335 4511 δὲ
1368 4461 1433 4529 τῇ
1491 4465 1707 4530 μοιχεία
1737 4460 1835 4528 μὲν

1939 4086 2165 4138 tentiam
2193 4102 2204 4137 :
2242 4083 2297 4137 Si
2332 4084 2579 4153 quidem,
2609 4100 2642 4137 ο
2664 4085 2883 4147 mulier,
2914 4086 3113 4154 inquit,
3145 4088 3291 4140 sicut
3322 4087 3378 4140 in
3404 4104 3520 4143 tua~

1936 4192 2102 4247 gnum
2139 4178 2391 4245 prolapsa
2423 4191 2482 4229 es
2508 4185 2815 4245 peccatum,
2850 4176 2923 4229 ita
2955 4177 3123 4229 etiam
3154 4192 3403 4247 magnam
3433 4179 3520 4233 in-

1937 4268 2189 4323 duxisses
2246 4269 2651 4337 paenitentiam,
2704 4267 2939 4321 fortasse
2981 4269 3147 4322 etiam
3189 4270 3287 4326 tibi
3325 4287 3520 4340 magna

1936 4361 2345 4429 relinqueretur
2370 4375 2494 4428 spes
2517 4360 2735 4413 salutis.
2766 4358 2925 4412 Nulla
2962 4367 3048 4414 est
3078 4361 3226 4414 enim
3264 4370 3411 4416 tanta
3438 4364 3521 4418 vis

1936 4448 2167 4519 peccati,
2196 4463 2319 4517 quae
2348 4462 2456 4499 non
2487 4462 2516 4500 a
2551 4446 2647 4501 Dei
2693 4455 2987 4516 superetur
3017 4448 3333 4503 dementia.
3365 4454 3515 4515 Quo-

257 4556 363 4627 τὴν
377 4556 707 4624 ἀπόγνωσιν,
725 4557 791 4626 τῇ
815 4553 1123 4622 ἀπογνώσει
1146 4553 1203 4606 at
1230 4553 1834 4626 καὶτὴνάναισχυντίαν
1870 4541 1911 4595 Ι)

1830 4571 1834 4592 ν
1870 4541 1911 4595 D
1939 4542 2084 4595 niam
2118 4550 2299 4593 autem
2324 4540 2597 4594 adulterio
2629 4540 2851 4608 quidem
2895 4541 3365 4610 desperationem,
3412 4545 3512 4599 de-

258 4648 554 4716 ώδίνησας,
596 4646 807 4700 δίκαιον
848 4647 947 4715 μὶν
996 4641 1065 4716 ἦν
1098 4646 1167 4699 τὰ
1196 4646 1451 4716 ἐπίχειρα
1481 4646 1686 4698 τούτων
1709 4648 1832 4697 ἑπι-

259 4741 465 4809 γνῶναί
513 4756 596 4806 σε,
628 4739 720 4793 καὶ
747 4738 925 4804 ὀξεῖαν
954 4739 1255 4808 ὑποστῆναι
1278 4738 1377 4807 τὴν
1412 4736 1653 4791 κόλασιν.
1685 4737 1832 4805 Πλὴν

256 4832 401 4886 ἀλλά
419 4834 510 4886 καὶ
533 4831 613 4883 ἔτι
636 4830 822 4901 χώραν
843 4831 1217 4901 προτείνοντες
1237 4830 1539 4899 μετανοίας,
1575 4830 1832 4900 καθαρῶς

254 4922 433 4976 ταῦτα
464 4920 938 4992 προαγορεύομεν,
971 4920 1044 4985 ὡς
1074 4923 1174 4975 οὐκ
1209 4921 1275 4974 ἂν
1321 4923 1402 4985 εἰς
1427 4922 1541 4990 φῶς
1575 4938 1656 4973 σοι
1688 4924 1839 4974 τουιὶ

257 5017 321 5069 τὸ
341 5013 783 5085 κυοφορούμενον
804 5012 1014 5079 ἐξέλθοι
1045 5014 1198 5079 ποτὶ,
1224 5013 1329 5076 ἓως
1360 5014 1426 5066 ἂν
1451 5013 1525 5083 μὴ
1562 5013 1658 5065 καὶ
1694 5014 1830 5083 αὐτῇ

255 5109 319 5160 τὸ
343 5107 443 5177 τῆς
475 5107 737 5177 ἀληθείας
790 5107 994 5175 φέγγος
1019 5108 1126 5160 ὑπὸ
1161 5106 1319 5175 βαθεῖ
1355 5106 1539 5159 σκότει
1568 5106 1660 5158 τοῦ
1692 5106 1829 5174 ψεύ-

254 5200 382 5262 δους
402 5199 621 5273 ἀπόσχῃ
677 5199 996 5264 καλύπτειν,
1056 5198 1324 5268 κρύπτειν
1346 5197 1575 5269 οἰομένῃ
1629 5200 1723 5250 καὶ
1759 5199 1827 5250 τὰ

254 5294 502 5363 τυφλοῖς,
548 5295 577 5347 ὅ
636 5310 791 5363 φασι,
836 5293 1219 5365 καθορώμενα.
1261 5293 1340 5345 Τά
1371 5293 1598 5362 ῥήματα
1652 5290 1827 5344 ταῦτα

256 5390 566 5460 πράγματα
623 5387 693 5440 δι’
738 5386 923 5455 ὀλίγου
977 5388 1043 5457 τῇ
1073 5386 1295 5454 γυναικὶ
1322 5385 1557 5453 γίνεται.
1598 5385 1691 5436 καὶ
1719 5386 1826 5455 πρὸ

252 5485 354 5551 τῆς
372 5483 519 5553 ὥρας
544 5480 636 5534 τοῦ
664 5480 885 5534 τοκετοῦ
908 5481 1102 5543 ὠδῖνες.
1121 5478 1289 5549 αὐτὴν
1346 5479 1589 5548 δριμεῖαι
1638 5478 1825 5530 διαλα-

254 5575 482 5640 ϐοῦσαι,
543 5574 708 5640 ὀξέως
772 5576 876 5641 μιν
929 5573 1192 5643 ἔστρεφον
1234 5572 1332 5642 τὴν
1384 5572 1645 5641 γαστέρα,
1678 5572 1738 5623 τὸ
1768 5572 1823 5623 δὲ

252 5668 499 5737 ιμσρυον
560 5666 733 5718 οὐδὲν
771 5660 931 5737 ἦττον
979 5665 1148 5736 ἔνδον⁸
1176 5666 1416 5732 ἐπεῖχον,
1448 5665 1543 5716 καὶ
1584 5663 1611 5715 ὃ
1637 5664 1821 5716 κακῶν

329 5847 371 5878 ⁸⁸
406 5847 566 5902 Prov.
599 5861 671 5913 γι,
704 5846 785 5900 Η.

1939 4633 2247 4704 speratione
2278 4647 2408 4687 vero
2432 4630 2824 4702 impudentiam
2860 4633 3025 4689 etiam
3055 4634 3383 4703 parturiisti,
3409 4638 3500 4707 ju-

1939 4738 2083 4781 stum
2115 4726 2338 4795 quidem
2382 4740 2521 4791 erat,
2554 4736 2611 4780 ut
2642 4737 2699 4782 tu
2744 4728 2942 4782 horum
2974 4732 3198 4797 praemia
3245 4746 3514 4800 agnosce-

1939 4837 2047 4885 res,
2072 4831 2127 4874 et
2169 4821 2326 4875 velox
2382 4822 2597 4876 subires
2643 4822 2995 4891 supplicium.
3025 4823 3516 4879 Verumnimvero

1938 4915 2117 4968 adhuc
2148 4913 2242 4968 tibi
2278 4916 2583 4984 praebentes
2608 4914 2790 4968 locum
2839 4915 3200 4984 panitentim,
3231 4916 3335 4971 hoc
3368 4918 3515 4971 diluo

1937 5010 2057 5063 cide
2089 5009 2456 5077 praedicimus,
2494 5008 2641 5062 hunc
2674 5008 2847 5063 fetum
2878 5024 2985 5063 non
3021 5023 3142 5063 esse
3172 5009 3268 5062 tibi
3315 5010 3369 5063 in
3420 5010 3475 5063 lu

1936 5116 2053 5156 rem
2082 5101 2379 5164 exiturum,
2410 5100 2728 5169 donecipsa
2761 5101 2938 5153 lucem
2971 5101 3218 5154 veritatis
3248 5101 3351 5154 sub
3382 5117 3513 5169 pro-

1934 5194 2120 5250 [undis
2154 5195 2425 5251 mendacii
2478 5194 2720 5249 tenebris
2750 5194 2927 5248 celare
2974 5182 3270 5257 destiteris,
3306 5208 3366 5246 ea
3408 5209 3509 5245 vo-

1933 5289 2053 5343 lens
2103 5297 2303 5357 tegere,
2335 5302 2456 5357 qua:
2510 5287 2593 5341 vel
2642 5286 2712 5340 ab
2763 5287 2895 5354 ipsis
2931 5286 3088 5340 caecis
3136 5285 3409 5350 videntur,
3446 5298 3512 5338 ut.

1931 5382 2103 5435 aiunt.
2153 5380 2277 5435 Hac
2322 5380 2487 5436 verba
2521 5380 2589 5433 ad
2639 5394 2751 5433 rem
2802 5378 2966 5447 paulo
3013 5385 3135 5447 post
3185 5378 3508 5446 rediguntur

1932 5474 2173 5538 mulieri,
2206 5484 2260 5528 et
2302 5481 2428 5527 ante
2461 5481 2677 5541 tempus
2711 5484 2899 5539 partus
2956 5486 3147 5541 graves
3190 5485 3309 5524 eam
3345 5472 3497 5522 imm-

1929 5565 2123 5622 dentes
2147 5566 2382 5626 dolores,
2415 5566 2618 5619 acriter
2650 5564 2870 5633 quidem
2898 5562 3223 5632 torquebant
3254 5570 3493 5623 uti-rum,

1929 5660 2099 5716 fetum
2128 5670 2309 5717 autem
2335 5659 2509 5714 nihilo
2531 5657 2709 5713 secius
2737 5656 2883 5711 intus
2904 5654 3246 5719 retinebant;
3276 5661 3327 5708 et
3349 5651 3489 5721 quod
