4260 6430
283 417 389 483 85⁵1

1501 414 1678 477 νιτΑ
1720 416 1780 475 S.
1824 412 2037 478 Sl’YRl
2053 412 2295 478 DONIS.

3414 415 3520 481 658

267 530 555 603 ἀκριϐείᾳ,
611 524 723 583 οἷον
769 526 832 599 δὴ
884 529 1014 599 παρ’
1038 525 1233 597 ἐκείνῳ
1265 527 1467 602 κράτος
1500 528 1715 598 ἄμαχον
1761 533 1851 582 καὶ

1922 580 1923 587 η
1962 529 2083 583 sius
2130 528 2360 592 eisdem,
2412 528 2611 596 quibus
2652 538 2728 590 tu,
2790 528 3193 585 affectionibus.
3237 526 3307 586 Ut
3339 540 3521 585 autem

271 622 451 692 ισχύς.
493 621 604 675 Καὶ
649 624 677 674 6
709 622 808 691 μιν
854 621 999 686 ὅσιος
1058 620 1235 674 ταῦτα
1262 632 1277 648 ⁸
1334 621 1369 689 ή
1396 618 1454 672 δὲ
1502 619 1848 689 φιλόχριστος

270 712 489 782 πλέονῆ
516 712 798 783 φίλανδρος
822 710 918 766 τοῦ
947 710 1251 782 παραδόξου
1290 710 1482 779 τούτου
1519 713 1849 781 πράγματος

268 803 361 859 οἷα
416 804 611 873 καιροῦ
673 806 1049 876 προσήκοντος
1089 803 1387 873 λαὸομὲνη,
1448 804 1545 856 παὶ
1607 804 1677 855 τὰ
1710 801 1866 869 πορν

272 895 475 966 εαυτῆς
507 894 786 966 ἁρμοδίως
806 894 1272 963 προσενεγκοῖηα,
1312 892 1489 946 πείθει
1534 892 1626 945 τὸν
1652 894 1843 963 ἄνδρα,

270 993 456 1046 πᾶσαν
496 991 599 1061 μιν
626 991 727 1060 τὴν
763 989 1000 1057 ματαίαν
1054 988 1424 1057 ἐξομόσασθαι
1475 987 1707 1057 πλάνην,
1757 989 1850 1040 καὶ

269 1085 337 1137 τὸ
382 1084 511 1154 περὶ
542 1084 612 1137 τὰ
642 1084 837 1136 εἴδωλα
860 1081 1024 1144 σέϐας
1054 1079 1485 1152 εκμυκτηρίσαι,
1513 1080 1848 1149 μεταμαθεῖν

280 1177 342 1229 δι
366 1175 546 1238 καλῶς
607 1176 708 1245 τὴν
746 1175 1052 1238 εὐσέϐειαν,
1101 1172 1197 1225 καὶ
1236 1173 1328 1223 τὸν
1365 1171 1599 1242 Χριστὸν
1626 1169 1848 1223 ενδύσα-

272 1265 400 1319 σθαι
423 1265 514 1318 διὰ
541 1263 635 1317 τοῦ
660 1264 1057 1334 βαπτίσματος.

342 1534 464 1590 ΔΡ.
497 1533 559 1585 Ei
592 1533 652 1584 τὸ
684 1530 810 1599 ἑξῆς
857 1530 1104 1598 διήγημα
1173 1528 1353 1598 σιωπῇ
1385 1526 1690 1597 κρύψομιν,
1731 1527 1847 1589 πῶς

272 1627 394 1696 οὐχὶ
416 1626 542 1686 τοὺς
582 1624 857 1693 ἀκροατὰς
903 1622 1169 1690 μεγίστης
1188 1620 1255 1674 ἀν
1300 1620 1567 1688 ὠφελείας
1612 1620 1847 1673 ἀποστεο

274 1720 552 1789 ρήσωμεν,
587 1715 823 1786 μάλιστα
857 1717 995 1781 μετά
1026 1712 1121 1766 τοῦ
1153 1711 1434 1782 ὠφελίμου
1466 1713 1564 1765 aa't
1596 1712 1731 1764 πολὺ
1784 1711 1847 1763 τὸ

270 1810 466 1879 χάριεν
538 1805 1022 1884 συνεπαγρμένους
1082 1801 1341 1872 Λεγέσθω
1410 1801 1699 1877 τοιγαροῦν
1753 1801 1851 1884 διαὶ

1953 628 2099 674 recte
2130 621 2316 681 sciam,
2357 618 2585 687 largitur
2616 618 2693 680 is,
2730 633 2892 687 quem
2921 620 2966 673 si
3002 629 3058 673 tu
3088 635 3305 690 quoque
3338 621 3523 675 Domi-

1951 727 2082 765 num
2109 712 2281 766 tueris
2312 711 2619 777 confessus,
2656 720 2909 767 accurate
2929 712 3155 766 omnino
3178 713 3337 777 scies,
3358 728 3522 783 quam

1951 804 2025 858 sit
2078 804 2224 873 apud
2262 805 2415 857 illum
2464 804 2901 874 inexpugnabilis
2951 804 3194 875 potentia
3225 813 3525 877 etquauta:

1956 894 2121 949 vires.
2156 894 2250 948 Illa
2285 908 2412 948 vero
2451 893 2655 948 Christi
2687 893 2858 963 magis
2910 909 3119 959 amans,
3175 913 3339 964 quam
3395 899 3524 961 viri,

1953 986 2054 1039 hac
2090 1000 2147 1039 re
2198 996 2455 1053 tanquam
2506 995 2819 1053 opportuna
2873 987 3054 1055 aliqua
3104 1003 3323 1057 arrepta
3369 1004 3526 1045 occa-

1951 1074 2127 1138 sione.
2170 1091 2235 1129 ex
2259 1090 2317 1129 se
2348 1089 2566 1143 quoque
2589 1089 2653 1129 ea
2680 1078 2938 1142 atterens,
2971 1091 3093 1146 quas
3141 1078 3192 1131 ei
3224 1079 3524 1134 convenie-

1952 1167 2105 1231 bant,
2135 1167 2331 1219 niarito
2379 1167 2690 1235 persuadet,
2730 1177 2791 1220 ut
2818 1182 3035 1222 omnem
3066 1169 3289 1237 quidem
3322 1185 3520 1225 vanum

1950 1259 2161 1329 abjuret
2214 1275 2480 1321 errorem,
2541 1269 2597 1313 et
2632 1260 2839 1313 cultum
2898 1260 3124 1316 irrideat
3198 1263 3526 1317 simulacro-

1951 1366 2107 1404 rum:
2139 1360 2285 1405 recte
2314 1359 2495 1405 autem
2526 1352 2701 1405 discat
2732 1366 2914 1405 veram
2944 1352 3229 1422 pietatem,
3277 1362 3334 1407 et
3367 1353 3529 1409 Chri-

1951 1452 2097 1497 stum
2127 1442 2316 1496 induat
2346 1458 2442 1511 per
2473 1443 2823 1513 baptismum.
3437 1465 3445 1473 ·

2022 1532 2264 1589 XXXIII.
2318 1533 2373 1589 Si
2400 1550 2542 1596 eam,
2582 1550 2702 1603 quae
2733 1534 2996 1604 deinceps
3023 1537 3297 1605 sequitur,
3329 1552 3523 1591 narra-

1951 1624 2155 1677 tionem
2192 1624 2413 1677 silentio
2448 1625 2763 1687 texerimus,
2799 1625 3075 1692 quomodo
3128 1642 3236 1680 non
3284 1629 3526 1696 privabi-

1948 1730 2070 1770 mus
2126 1715 2402 1770 auditores
2458 1717 2691 1770 maxima
2718 1716 2975 1781 utilitate,
3027 1731 3152 1771 cum
3202 1718 3362 1773 simul
3398 1735 3524 1775 cum

1950 1809 2098 1878 utili,
2181 1809 2412 1863 multutn
2482 1810 2644 1863 etiam
2705 1809 2928 1865 inducat
2990 1811 3393 1878 iucunditatis?
3435 1814 3529 1867 Di-

270 1868 429 1966 αὑτδ,
460 1900 557 1953 καὶ
602 1868 793 1963 ἁκοάξρ
812 1868 1046 1950 ίστιάτω
1086 1868 1184 1958 τὰς
1209 1890 1553 1961 φιλοκάλους,
1577 1868 1731 1946 “Qui
1760 1870 1851 1945 τὸν

1922 1868 2110 1953 Leatur
2139 1912 2270 1967 ergo
2311 1890 2426 1953 haec
2465 1888 2704 1968 quoque.
2739 1899 2943 1954 Ferunt
2971 1868 3227 1969 magnum
3274 1900 3527 1970 Spirido-
3565 1930 3569 1936 -

278 1990 451 2060 μέγαν
474 1989 618 2043 κατὰ
664 1986 812 2052 ,πολὺ
842 1988 903 2040 τὸ
937 1988 1156 2057 μέτριον
1208 1985 1303 2037 καὶ
1330 1983 1506 2052 τύφου
1566 1981 1844 2052 κεκαθαρ-

275 2082 456 2152 μένον,
476 2080 740 2149 θεοφιλῶς
782 2080 881 2149 μὶν
922 2079 1022 2147 τῆς
1081 2076 1389 2145 ἐπισκοπῆς
1421 2074 1662 2145 ἔχεσθαι,
1690 2074 1842 2127 οὐδὲν

270 2175 329 2228 δὲ
363 2170 548 2245 ἦττον,
581 2172 675 2224 καὶ
704 2171 814 2225 τῶν
841 2169 1177 2240 θρεμμάτων
1220 2167 1659 2237 μεταποιεῖσθαι.
1678 2166 1844 2235 Ἀωρὶ

270 2265 402 2335 γοῦν
444 2282 573 2317 ποτε
637 2264 745 2316 τῶν
793 2262 1003 2315 νυκτῶν
1054 2261 1327 2324 κλέπται,
1378 2259 1498 2321 ταῖς
1549 2256 1844 2309 ἐπαύλεσιν

272 2357 610 2421 ἐπελθόντες,
672 2356 792 2408 τινὰ
853 2354 960 2405 τῶν
1016 2349 1182 2405 αὑτοῦ
1217 2350 1551 2420 θρεμμάτων
1608 2349 1841 2404 ἐσύλων.

272 2450 405 2511 Θεὸς
436 2449 491 2501 δὲ
518 2450 547 2500 6
583 2447 677 2499 τοῦ
707 2446 963 2516 ποιμένος
1014 2443 1410 2513 ἐπιμελόμενος
1440 2442 1560 2493 οὐδὲ
1604 2441 1712 2492 τῶν
1745 2442 1846 2492 ὑπ’

274 2542 425 2611 αύτῷ
463 2540 902 2607 ποιμαινομένων
968 2537 1185 2606 ἠμέλει.
1225 2534 1365 2587 Ἀλλ’
1390 2534 1439 2585 οἱ
1468 2534 1645 2603 φῶρες
1673 2524 1842 2597 οὗτοι,

271 2636 492 2704 δεσμοῖς
520 2634 785 2703 ἀφύκτοις
825 2630 1069 2701 ἀοράτως
1133 2628 1587 2699 περιληφθέντας,
1608 2626 1706 2690 τὰς
1736 2630 1848 2696 χεῖ-

278 2747 378 2801 ρας
414 2730 674 2783 ἐδέδεντο.
740 2726 853 2780 Καὶ
918 2725 1221 2794 ἀναχωρεῖν
1274 2721 1387 2776 οὐδ’
1440 2721 1579 2782 ὅλως
1609 2719 1842 2773 ἀνίεντο.

279 2822 516 2894 ὐρθρος
536 2822 634 2890 ῆδη
668 2819 871 2888 παρῆν,
914 2816 1010 2869 καὶ
1049 2817 1211 2884 γνοὺς
1237 2817 1264 2867 6
1316 2817 1489 2884 μέγας
1514 2812 1575 2865 τὸ
1602 2812 1846 2881 γεγονὸς,

276 2912 376 2974 τὰς
398 2914 584 2981 χεῖρας
643 2910 839 2970 αὐτοὺς
870 2909 1090 2977 ἔχοντας
1142 2905 1318 2956 όπίσω
1341 2903 1719 2973 περιηγμένας
1751 2904 1848 2953 καὶ

273 3004 566 3073 δεδεμένας
598 3002 740 3062 ἰδὼν,
774 3001 907 3069 εὐχῇ
969 2996 1071 3068 μὲν
1098 2997 1282 3059 αὐτοῖς
1312 2996 1404 3049 τὸν
1429 2994 1627 3063 δεσμὸν
1654 2994 1845 3063 ἀνῆκε,

276 3094 510 3149 πλεῖστα
533 3096 588 3147 δὲ
618 3095 975 3163 παραινέσας,
1022 3093 1088 3144 ὲκ
1115 3088 1341 3143 δικαίων
1369 3088 1545 3142 πόνων
1576 3086 1647 3140 τὰ
1676 3087 1847 3155 ἀ·.αγο

1956 2004 2105 2055 nem,
2141 1999 2306 2059 prout
2356 1998 2479 2044 erat
2509 1990 2971 2057 modestissimus,
3001 2002 3057 2047 et
3085 1994 3153 2048 ab
3191 1995 3340 2049 omni
3386 1994 3524 2051 fastu

1955 2091 2013 2136 et
2042 2082 2302 2150 superbia
2353 2082 2587 2143 alienus,
2644 2082 2901 2151 praeclare
2950 2084 3170 2151 quidem
3259 2094 3314 2138 et
3362 2100 3528 2140 sance

1958 2173 2337 2243 episcopatum
2397 2188 2554 2226 suum
2622 2174 3056 2238 administrasse,
3112 2176 3282 2229 nihilo
3347 2179 3528 2231 secius

1955 2276 2138 2321 autem
2186 2266 2367 2319 ovium
2422 2279 2644 2333 quoque
2684 2280 2870 2319 curam
2912 2268 3164 2333 gessisse.
3198 2267 3525 2336 Intempesta

1958 2368 2089 2407 vero
2145 2363 2307 2407 nocte
2331 2353 2605 2407 stabulum
2638 2353 2813 2407 adorti
2871 2355 3132 2419 latrones,
3183 2355 3528 2411 suﬂuraban-

1970 2454 2058 2499 tur
2082 2446 2347 2514 quasdam
2377 2460 2440 2497 ex
2474 2446 2593 2514 ejus
2640 2446 2958 2514 pecudibus.
2994 2448 3136 2501 Deus
3186 2456 3392 2516 autem,
3430 2450 3525 2519 qui

1956 2550 2140 2589 curam
2178 2534 2402 2604 gerebat
2438 2536 2700 2601 pastoris,
2734 2551 2801 2590 ne
2831 2551 2961 2590 oves
2987 2538 3208 2605 quidem
3252 2554 3387 2607 quas
3432 2556 3528 2610 pa-

1963 2627 2170 2688 uebat,
2208 2624 2468 2693 neglexit.
2498 2625 2603 2680 Sed
2649 2626 2799 2682 fures
2830 2628 2917 2681 isti
2951 2628 3383 2695 inevitabilibus,
3406 2648 3527 2702 quas

1960 2716 2062 2771 sub
2099 2728 2375 2785 aspectum
2402 2732 2509 2770 non
2538 2718 2828 2782 cadebant,
2855 2720 3090 2775 vinculis
3119 2724 3524 2793 comprehensi,

1958 2818 2014 2861 et
2044 2808 2245 2861 vinctis
2269 2817 2427 2863 erant
2468 2810 2740 2875 manibus,
2783 2819 2840 2865 et
2872 2826 2981 2865 non
3022 2822 3272 2881 poterant
3300 2814 3527 2871 omnino

1964 2898 2242 2954 recedere.
2282 2900 2401 2953 Jam
2427 2915 2586 2957 mane
2619 2901 2828 2968 aderat,
2860 2911 2910 2958 et
2934 2920 3056 2959 cum
3081 2922 3307 2977 magnus
3330 2922 3530 2978 cogno-

1966 2989 2133 3043 visset
2184 2989 2470 3058 Spiridon,
2512 2996 2656 3062 quod
2705 2995 2909 3050 factum
2952 2996 3150 3062 fuerat,
3200 2999 3392 3053 videns
3446 3000 3529 3054 eis

1960 3096 2156 3137 manus
2193 3100 2333 3153 pone
2369 3086 2631 3141 adductas
2653 3096 2708 3141 et
2743 3089 2972 3153 vinctas,
3013 3092 3274 3159 precibus
3304 3092 3525 3161 quidem

277 3191 413 3243 καῖα
445 3186 787 3256 πορίζεσθαι,
847 3185 944 3236 καὶ
987 3185 1140 3254 κριὸν
1166 3183 1347 3246 αὐτοῖς
1394 3181 1683 3251 ὲπορίγει,
1736 3181 1852 3233 Ἰνα

1956 3173 2038 3227 eis
2069 3173 2328 3228 relaxavit
2352 3177 2632 3231 vinculum
2668 3195 2682 3232 :
2724 3194 2847 3232 cum
2888 3180 3179 3247 plurimum
3218 3191 3399 3236 autem
3432 3196 3527 3237 eos

281 3282 359 3350 μὴ
393 3252 568 3349 μάτην
592 3252 1183 3347 ἠγρυπνηκότεςνῆτε,
1239 3272 1535 3343 χαριέντως
1583 3270 1847 3340 ἐπιφθεγ-

1953 3263 2350 3329 admonuisset,
2390 3279 2537 3321 utex
2570 3269 2732 3337 justis
2762 3269 3042 3325 laboribus
3087 3282 3358 3340 pararent.
3388 3288 3513 3342 qua:

277 3373 528 3440 ξάμενος.
565 3369 861 3438 naniam
892 3368 983 3419 καὶ
1036 3366 1165 3418 ἄλλο
1188 3364 1267 3433 τῷ
1290 3362 1505 3433 ῥηθέντι
1528 3364 1846 3418 ἀκολουθεῖν

278 3465 554 3533 ὥρμηται,
618 3458 750 3528 παρ’
789 3458 936 3510 οὐδὲν
986 3456 1196 3507 ἐκείνου
1243 3455 1341 3523 τὴν
1375 3455 1570 3524 ἡδονὴν
1601 3453 1853 3507 ἐλαττού-

279 3571 465 3624 μενον.

350 3731 471 3787 AA’.
501 3726 913 3800 Τριμιθούντιός
936 3738 1018 3788 τις
1045 3723 1205 3794 ἀνὴρ,
1233 3721 1360 3793 νηὸς
1403 3719 1590 3788 κύριος
1628 3716 1727 3784 ὣν,
1760 3718 1854 3771 καὶ

278 3827 417 3896 πρὸς
451 3822 719 3891 εμπορίαν
777 3816 977 3887 χρυσοῦ
1039 3814 1276 3884 δεηθεὶς,
1308 3811 1659 3882 πρόσεισιτῷ
1709 3811 1851 3877 ἁγίῳ

280 3917 416 3987 παρ’
447 3912 611 3969 αὑτοῦ
640 3911 967 3980 ληψόμενος.
994 3909 1105 3961 Καὶ
1130 3907 1209 3971 δς,
1247 3906 1389 3974 μετά
1418 3904 1526 3957 τῶν
1557 3904 1732 3958 ἄλλων
1756 3903 1853 3955 καὶ

279 4009 484 4078 ταύτης
515 4004 831 4074 πληρωτὴς,
863 4000 937 4054 ὢν
972 4001 1066 4070 τῆς
1100 3998 1336 4068 ἐντολῆς,
1376 3999 1411 4069 ἢ
1450 4016 1467 4048 ι
1501 3997 1602 4049 Τὸν
1637 3996 1855 4048 θέλοντα

278 4099 434 4170 παρά
481 4097 575 4150 σοῦ
620 4093 994 4155 δανείσασθαι,
1017 4092 1214 4159 φάσκει
1246 4126 1261 4154 ,
1302 4090 1377 4160 μὴ
1418 4090 1797 4155 ἀποστραφῇς,
1832 4104 1851 4137 ›

276 4194 415 4260 ὅπερ
458 4186 608 4256 αύτῷ
665 4184 875 4253 προσῆν
937 4182 1139 4249 ὀλίγον,
1182 4182 1279 4233 καὶ
1329 4176 1487 4231 τοῦτο
1544 4176 1849 4244 ἀναγκαίας

278 4284 440 4354 χάριν
460 4283 559 4349 τῆς
582 4275 887 4344 ιπισκοπῆς
918 4275 1130 4345 χρείας,
1145 4271 1439 4342 εγχειρίζει
1462 4265 1779 4339 προθύμως.
1794 4263 1855 4317 '0

278 4375 359 4438 δὲ,
383 4371 540 4426 τοῦτο
591 4367 798 4432 λαϐὼν,
823 4366 917 4421 καὶ
948 4365 1038 4431 τὸν
1070 4362 1347 4418 ἀπόπλουν
1390 4358 1578 4426 δεξιῶς
1610 4357 1855 4425 θέμενος,

279 4466 406 4521 ἐπεὶ
429 4465 670 4533 tamdiu
707 4461 807 4515 σὺν
855 4457 1058 4529 κέρδει,
1115 4455 1365 4525 πρόσεισι
1394 4451 1473 4521 τῷ
1516 4452 1657 4517 ἁγίῳ
1685 4466 1853 4502 κατα-

281 4556 463 4625 θησων
487 4551 549 4603 τὸ
593 4550 836 4620 δφλημα,
897 4546 989 4600 καὶ
1021 4544 1179 4607 αὐτὸς
1205 4543 1358 4595 οὐδὲν
1406 4540 1849 4610 περιεργασάμε-

283 4663 395 4710 νος,
416 4643 540 4703 οὔτε
570 4643 663 4696 τὸν
700 4640 955 4711 ἀριθμὸν,
990 4637 1182 4707 ὥσπερ
1205 4636 1345 4698 εθος,
1375 4635 1486 4697 τοῖς
1514 4631 1730 4692 πολλοῖς
1762 4630 1851 4682 λον

282 4738 602 4807 γισάμενος,
657 4732 823 4787 αὑτὸν
883 4731 1091 4783 ἐκεῖνον
1152 4728 1464 4781 ἀναστάντα
1508 4722 1736 4787 κελεύει,
1796 4724 1855 4774 ἐν

284 4829 482 4896 tatelth
510 4823 843 4879 καταθέσθαι
866 4820 944 4890 τῷ
977 4818 1183 4884 σκεύει,
1206 4817 1263 4883 ιξ
1305 4808 1368 4868 οὗ
1404 4814 1470 4884 δὴ
1504 4814 1596 4867 καὶ
1630 4814 1690 4866 τὸ
1723 4811 1855 4879 πρός

283 4934 442 4990 τερον
472 4917 605 4971 αὐτὸ
666 4911 904 4984 είληφὼς
964 4907 1051 4981 ἦν.
1085 4911 1195 4963 Καὶ
1255 4908 1375 4961 τότε
1403 4908 1501 4977 μὲν
1528 4906 1588 4958 τὸ
1616 4904 1848 4975 χρηστὸν

284 5011 376 5062 τοῦ
413 5005 689 5061 δανειστοῦ
736 5006 829 5057 καὶ
876 5003 1171 5073 ἄπραγμον
1201 5001 1230 5052 6
1256 4997 1499 5067 ιμπορος
1562 4994 1876 5055 αίδισθεὶς,.

283 5099 402 5151 sxa!
441 5097 535 5151 τὸν
571 5094 791 5165 χρυσὸν,
848 5092 1037 5162 ὥσπερ
1071 5093 1179 5161 ἄρα
1222 5088 1317 5142 καὶ
1368 5085 1686 5155 ἐκελεύσθη,
1719 5101 1848 5138 κατι

285 5192 470 5245 ἐθετο·
501 5189 577 5252 ὡς
605 5188 661 5241 δὲ
691 5189 786 5239 καὶ
836 5185 992 5249 αὖθις
1024 5183 1124 5253 τῆς
1157 5182 1348 5253 χρείας
1382 5180 1545 5232 αὑτὸν
1603 5176 1849 5246 ἐπειγού-

285 5300 411 5352 σης,
440 5282 581 5336 οὕτω
608 5282 707 5351 μὲν
752 5279 981 5346 ἑτοίμως
1005 5276 1331 5345 ὶλάμσανεν,
1354 5270 1495 5325 οὕτω
1522 5270 1578 5323 δι
1610 5272 1701 5322 καὶ
1732 5268 1852 5323 ἀδό-

285 5376 395 5435 λως
419 5373 582 5435 αὐτὸς
636 5368 971 5428 κατετίθετο,
1024 5366 1116 5418 καὶ
1164 5364 1255 5427 τὸν
1283 5363 1484 5433 τρόπον
1513 5358 1697 5414 τοῦτον
1718 5358 1846 5412 πολ-

286 5468 447 5529 λάκις
499 5463 727 5532 ἐγίνετο,
790 5460 963 5523 πάθος
1013 5456 1303 5528 ὑποτρέχει
1336 5454 1703 5526 φιλαργυρίας
1757 5453 1848 5504 τὸν

286 5561 552 5629 εμπορον,
605 5556 699 5608 καὶ
752 5555 996 5616 ἀπίστως
1040 5551 1177 5621 πρὸς
1229 5550 1319 5603 τὸν
1385 5548 1712 5601 πιστευόντα
1761 5547 1854 5597 καὶ

288 5647 543 5721 πονηρῶς
611 5645 927 5710 διατίθεται,
974 5645 1070 5696 καὶ
1110 5644 1208 5712 τὴν
1235 5639 1495 5711 ἀλήθειαν
1529 5634 1849 5706 διαφθείρει,

365 5827 409 5860 ⁸³
440 5825 630 5882 “utut.
666 5839 721 5889 ν,
748 5823 836 5877 ιε.

558 5922 832 5982 Parnm.
859 5917 973 5977 Gn.
1018 5915 1215 5977 CXVI.

1955 3361 2109 3406 erant
2149 3353 2252 3407 sibi
2296 3357 2623 3419 necessaria,
2674 3358 2756 3412 eis
2799 3359 2963 3413 etiam
3027 3362 3234 3429 praebet
3273 3363 3523 3427 arietem,

1956 3443 2137 3511 lepide
2183 3446 2435 3501 elocutus
2473 3464 2485 3499 :
2518 3448 2595 3502 Ne
2621 3448 2821 3503 frustra
2850 3450 3221 3518 vigilaveritis.
3257 3452 3526 3514 Creterum

1957 3533 2104 3588 aliud
2158 3551 2377 3604 quoque
2425 3551 2482 3590 se
2554 3538 2735 3602 on‘ert,
2791 3539 2980 3594 volens
3038 3541 3192 3610 sequi
3252 3542 3327 3606 id,
3378 3543 3526 3612 quod

1961 3624 2170 3677 dictum
2215 3637 2320 3688 est.
2372 3628 2516 3695 quod
2554 3630 2634 3682 illi
2684 3630 2819 3684 nihil
2846 3631 2993 3684 cedit
3017 3631 3378 3700 jucunditate.

2028 3716 2269 3772 XXXIV.
2312 3717 2407 3772 Vir
2438 3718 2661 3788 quidam
2707 3720 3251 3791 Trimmythuntinus
3271 3734 3397 3779 erat
3428 3738 3525 3778 na-

1957 3810 2040 3862 vis
2069 3808 2407 3871 dominus,et
2433 3824 2559 3864 cum
2598 3826 2736 3865 auro
2767 3825 2906 3882 Opus
2938 3813 3164 3868 haberet
3206 3813 3273 3867 ad
3304 3830 3520 3869 merca-

1959 3907 2156 3959 turam,
2188 3900 2395 3953 accedit
2420 3899 2488 3953 ad
2540 3911 2809 3966 sanctum,
2839 3903 2910 3956 ab
2938 3918 3005 3957 eo
3039 3914 3384 3974 accepturus.
3427 3906 3523 3961 Ille

1957 3997 2139 4043 autem
2164 3989 2325 4059 hujus
2352 4006 2569 4059 quoque
2593 3994 2848 4062 praecepti
2875 4009 2999 4047 cum
3025 3996 3147 4050 aliis
3170 3998 3520 4067 adimpletor,

1922 4108 1928 4115 -
1957 4080 2104 4149 quod
2131 4080 2297 4134 dicit:
2328 4099 2346 4131 ι
2372 4082 2530 4145 Eum,
2549 4083 2689 4150 quia
2713 4093 2763 4137 te
2786 4085 3021 4139 voluerit
3046 4096 3237 4141 mutuo
3253 4088 3521 4158 accipere.

1958 4186 2027 4223 ne
2071 4172 2435 4233 averseris“,
2464 4191 2483 4223 ι
2510 4173 2561 4225 id
2601 4188 2835 4242 paucum
2869 4176 3014 4245 quod
3057 4177 3310 4245 habebat,
3360 4181 3522 4249 idque

1959 4270 2209 4328 paratum
2263 4273 2485 4329 propter
2534 4265 2905 4319 necessarium
2960 4282 3118 4321 usum
3149 4269 3520 4340 episcopatus,

1957 4349 2009 4403 ei
2054 4348 2282 4403 tradidit
2326 4360 2579 4420 prompto
2625 4362 2682 4407 et
2730 4354 2900 4408 alacri
2963 4357 3165 4411 animo.
3227 4358 3323 4415 llle
3374 4374 3521 4428 vero,

1958 4439 2051 4509 qui
2104 4440 2156 4495 id
2200 4454 2507 4511 acceperat,
2552 4458 2677 4497 cum
2733 4444 2783 4498 ei
2822 4444 2999 4500 fausta
3049 4456 3106 4501 et
3147 4448 3276 4503 felix
3304 4465 3523 4507 succes-

1960 4533 2124 4586 sisset
2185 4533 2477 4602 uavigatio,
2541 4543 2599 4587 et
2654 4549 2778 4589 cum
2828 4536 2983 4591 lucro
3039 4550 3185 4593 esset
3242 4555 3521 4608 reversus,

1956 4623 2167 4677 accedit
2194 4624 2260 4676 ad
2294 4634 2568 4690 sanctum,
2603 4624 2849 4680 debitum
2888 4627 3187 4684 soluturus.
3220 4630 3315 4685 Ille
3343 4641 3524 4687 autem

1961 4729 2070 4768 non
2122 4714 2339 4770 curiose
2398 4727 2691 4782 scrutatus,
2748 4733 2851 4773 nec
2918 4720 3112 4774 multis
3147 4722 3526 4786 ratiocinatus,

1958 4805 2117 4875 jubet
2145 4806 2302 4859 illum
2345 4806 2521 4875 ipsum
2560 4809 2655 4877 qui
2688 4809 2970 4873 attulerat,
3010 4826 3277 4881 reponere
3332 4814 3389 4869 in
3433 4814 3527 4869 illo

1958 4898 2077 4967 ipso
2104 4914 2253 4962 vase,
2282 4914 2350 4953 ex
2386 4914 2493 4968 quo
2517 4898 2569 4951 id
2608 4900 2763 4969 prius
2789 4912 3114 4970 sumpserat.
3155 4903 3222 4957 Et
3250 4911 3380 4958 tunc
3402 4903 3523 4972 qui-

1958 4989 2083 5042 dem
2124 4991 2241 5059 ejus
2273 4990 2368 5059 qui
2415 4996 2608 5042 mutuo
2661 4989 2909 5055 dederat,
2945 4991 3213 5045 reveritus
3249 5002 3520 5047 mercator

1956 5082 2278 5145 bonitatem,
2308 5089 2418 5134 eta
2467 5080 2808 5151 negotiorum
2852 5081 3221 5137 sollicitudine
3264 5084 3526 5138 remotio-

1956 5186 2106 5234 nem,
2152 5170 2264 5224 illic
2314 5185 2509 5223 aurum
2556 5170 2827 5239 deposuit,
2888 5171 3031 5225 sicut
3085 5172 3279 5243 jussus.
3321 5172 3522 5230 fuerat.

1956 5261 2091 5317 Cum
2124 5273 2302 5317 autem
2342 5276 2441 5315 usu
2467 5277 2592 5315 eum
2634 5277 2829 5317 rursus
2883 5272 3134 5334 urgente,
3168 5264 3249 5319 sic
3300 5265 3521 5334 quidem

1960 5366 2208 5425 prompte
2259 5355 2553 5424 acciperet,
2607 5363 2663 5407 et
2714 5354 2792 5408 sic
2828 5354 2943 5423 ipse
2982 5370 3173 5410 rursus
3227 5356 3347 5411 sine
3398 5355 3526 5412 dolo

1961 5456 2271 5517 reponeret,
2307 5456 2361 5500 et
2400 5447 2504 5501 hoc
2548 5460 2690 5515 sape
2741 5446 2914 5511 ﬁeret,
2973 5448 3123 5502 subit
3170 5458 3526 5504 mercatorem

1960 5542 2150 5594 vitium
2179 5538 2435 5601 avaritizc,
2472 5538 2869 5608 intideliterque
2901 5547 2958 5592 et
3010 5539 3244 5609 maligne
3277 5553 3336 5595 se
3388 5538 3531 5610 gerit

1962 5633 2014 5686 in
2047 5647 2196 5698 eum,
2229 5632 2322 5701 qui
2345 5631 2620 5699 credebat,
2652 5641 2708 5688 et
2739 5632 2905 5687 violat
2947 5633 3274 5688 veritatem:
3310 5639 3366 5686 et
3403 5645 3529 5685 cum

3069 5898 3142 5957 15
