4260 6430
790 359 891 419 459

2005 358 2286 418 MENSIS
2327 359 2752 428 DECEMBER.

3913 374 4023 436 1⁷60

792 471 1035 526 malcl‘tcii
1096 481 1371 522 materiam
1447 472 1744 526 invenisse:
1809 472 2140 538 libertatem,
2198 475 2418 545 ﬁngitA

2381 484 2424 538 Α
2457 478 2712 532 ὑπόθεσίν
2754 496 2810 532 τε
2859 480 3193 549 κακουργίας
3259 480 3512 552 εὑρηκὼς
3549 482 3649 554 τὴν
3689 482 4026 553 ἐλευθερίαν,

795 567 1012 633 quidem
1047 578 1102 616 se
1138 576 1422 630 reponere.
1449 562 1586 616 Cum
1620 579 1750 617 vero
1801 564 1941 618 nihil
1993 565 2344 635 reposuisset,

789 655 880 705 ard
918 669 1009 707 ias
1041 668 1267 706 vacuum
1315 653 1617 719 clausisset,
1651 658 1894 711 recessit.
1931 655 2038 710 Sed
2096 666 2345 712 sanctum

788 763 894 799 non
918 747 996 798 sic
1019 746 1266 810 permisit
1288 745 1487 815 decipi,
1524 766 1542 797 ι
1576 749 1668 816 qui
1693 748 2109 817 comprehendit
2135 750 2350 818 sapien-

791 852 868 891 {Ls
904 840 955 889 in
992 839 1194 891 malitia
1233 854 1480 899 eorum,»
1517 850 1573 891 ut
1604 855 1756 893 sacra
1791 839 1979 892 dicunt
2014 839 2243 908 Eloqu-ia
2266 841 2344 895 “:

785 955 838 987 rt
870 951 935 987 ne
965 934 1282 1002 snnplicitas
1307 942 1361 986 et
1386 931 1681 985 liberalitas
1727 929 1886 984 facile
1932 940 2115 1000 posset
2145 931 2346 1001 decipi,

787 1038 840 1081 ιιι
887 1029 1040 1081 ξπίίο
1087 1025 1486 1093 despiceretur,
1518 1032 1573 1076 et
1599 1024 1932 1091 contemptui
1960 1023 2256 1079 haberetur
2277 1024 2346 1079 ab

787 1116 1163 1177 aSlltttt‘ril‘llS,
1209 1116 1331 1169 Vide
1360 1114 1821 1187 quemadmodum
1858 1115 2076 1182 sapiens
2103 1124 2159 1170 et
2200 1116 2346 1186 justa

784 1210 876 1264 Du
917 1211 1256 1276 pt‘Ut’tdc‘ltlttl
1293 1223 1411 1259 eum
1450 1206 1540 1273 qui
1597 1205 1850 1275 injuriam
1887 1206 2066 1260 facere
2089 1216 2207 1260 erat
2250 1223 2346 1275 ag-

788 1314 1022 1366 erc-suis,
1059 1306 1116 1349 ut
1147 1299 1248 1348 StlJl
1273 1300 1451 1363 potius
1487 1295 1805 1356 malefaciat,
1836 1293 2020 1348 ellicit.
2057 1294 2190 1348 Nam
2222 1311 2344 1349 cunt

790 1407 838 1441 :2.
865 1387 1170 1455 svmptibus
1193 1402 1381 1438 aurum
1414 1385 1856 1453 consumpsisset,
1888 1388 2079 1440 nonad
2109 1386 2344 1450 lucrum,

785 1498 839 1532 ε.
884 1478 1080 1530 deinde.
1137 1476 1387 1530 redactus
1419 1485 1561 1530 esset
1600 1480 1665 1529 ad
1703 1476 1963 1545 inopiam,
2002 1476 2203 1543 prioris
2241 1478 2342 1531 via:

786 1571 1072 1632 meminit,
1106 1580 1158 1622 et
1202 1571 1424 1622 veniens
1456 1569 1522 1621 ad
1557 1583 1804 1632 magnum
1833 1567 2202 1636 Spiridonein,
2243 1584 2345 1623 au-

786 1677 926 1726 rum,
959 1662 1101 1730 quod
1139 1676 1243 1714 non
1268 1669 1603 1728 reposuerat,
1634 1664 1932 1730 quaerebat,
1973 1671 2029 1714 ut
2058 1662 2152 1731 qui
2186 1678 2343 1732 repo-

786 1754 1002 1805 suiSSet.
1033 1751 1185 1804 Illum
1218 1766 1348 1804 vero
1381 1767 1485 1804 non
1516 1751 1673 1804 latuit
1721 1752 1939 1820 quidem
1980 1753 2341 1806 maleﬁcium:

786 1840 991 1910 placide
1036 1853 1240 1907 autem,
1275 1852 1332 1896 ut
1364 1844 1590 1905 solebat,
1619 1818 1781 1912 jussit
1827 1853 1884 1895 ut
1939 1844 2040 1897 iret
2091 1855 2144 1898 et
2200 1847 2345 1900 acei-
2377 1818 2418 1872 Β

785 1945 954 2001 perct.
995 1936 1088 1989 Ille
1127 1951 1274 1998 vero,
1317 1946 1567 2004 tanquam
1601 1936 1692 2004 qui
1750 1937 1884 1989 nihil
1940 1948 2095 2006 turpe
2130 1938 2346 1992 iecisset

786 2023 1160 2084 ct‘illiberale,
1199 2023 1334 2076 abiit
1392 2035 1717 2092 accepturus
1765 2025 1816 2078 id
1865 2026 2009 2094 quod
2047 2028 2347 2095 repositum

786 2117 982 2168 luerat.
1013 2114 1255 2181 Cumque
1286 2116 1606 2182 aperuisset,
1630 2123 1685 2167 et
1715 2130 1805 2169 vas
1825 2116 1987 2171 inane
2012 2118 2346 2187 reperiisset,

784 2205 1054 2275 quomodo
1087 2205 1249 2259 etiam
1284 2205 1599 2272 reliquerat,
1640 2204 1744 2258 hoc
1789 2207 2008 2276 quidem
2044 2222 2234 2264 Sancto
2267 2227 2348 2266 re-

784 2298 1034 2358 nuntiat.
1076 2311 1199 2350 eum
1234 2295 1552 2349 existimans
1584 2295 1636 2349 id
1672 2302 1860 2351 latere.
1913 2298 2006 2351 lllc
2035 2315 2215 2352 autem
2262 2301 2349 2368 ju-

787 2389 876 2442 bet
903 2404 1024 2442 eum
1055 2401 1303 2456 quaerere
1336 2385 1682 2452 diligentius:
1714 2387 1792 2441 Ex
1823 2404 1928 2457 quo
1954 2389 2122 2452 enim,
2152 2391 2345 2460 inquit,

787 2490 844 2533 tu
879 2477 1192 2546 reposuisti,
1245 2477 1448 2530 nullius
1493 2478 1719 2532 alterius
1756 2494 1971 2545 manus,
2006 2482 2149 2549 quod
2184 2482 2350 2550 (ιρι)οο

786 2570 951 2625 situm
983 2568 1182 2634 fuerat,
1213 2577 1561 2635 acceperunt.
1597 2569 1690 2622 Ille
1725 2586 1855 2624 vero
1882 2573 2102 2624 simulat
2128 2587 2186 2626 se
2227 2589 2350 2626 rur-

789 2675 886 2714 sus
910 2659 1163 2713 scrutari.
1189 2657 1324 2713 Cum
1355 2670 1534 2713 autem
1570 2661 1802 2715 inveniri
1832 2678 1938 2716 non
1971 2673 2171 2731 posset,
2203 2665 2346 2733 quod

784 2769 974 2810 revera
1002 2770 1109 2808 non
1143 2761 1280 2816 erat,
1312 2764 1367 2806 et
1402 2769 1514 2822 pra:
1549 2767 1605 2806 se
1636 2752 1815 2807 ferens
1847 2754 2226 2823 ignorantiam,
2267 2757 2350 2809 di-

783 2857 933 2903 ceret
962 2847 1047 2900 illc
1077 2860 1286 2909 rursus,
1321 2860 1376 2899 se
1408 2846 1541 2898 n'hil
1568 2846 1832 2908 invenire,
1866 2847 1948 2899 vir
1975 2848 2064 2900 ille
2104 2848 2279 2903 bonus
2297 2859 2351 2904 et

786 2940 964 2994 mitis:
994 2938 1050 2992 Si
1078 2954 1233 3001 vere,
1272 2938 1469 3004 inquit,
1507 2939 1863 3005 reposuisses,
1905 2937 2046 3006 quod
2073 2939 2352 3005 reposuis-

787 3049 895 3098 ses,
922 3033 1074 3088 facile
1101 3033 1392 3086 invenires.
1424 3030 1518 3084 Siti
1544 3046 1692 3095 vero,
1717 3029 1858 3098 quod
1887 3030 2026 3097 apud
2055 3042 2104 3083 te
2129 3031 2347 3095 mansit,

789 3124 843 3177 id
881 3140 1028 3177 nunc
1061 3124 1256 3190 quaeris
1304 3139 1334 3177 a
1387 3123 1568 3188 nobis,
1631 3122 1769 3174 scias
1802 3133 1853 3175 te
1916 3124 2091 3189 ipsum
2147 3124 2328 3190 potius

789 3229 950 3281 quam
983 3228 1086 3266 nos
1115 3213 1312 3281 decipi.
1345 3213 1457 3266 Hoc
1489 3227 1611 3265 cum
1643 3213 1729 3263 ille
1756 3211 2074 3274 audivisset,
2101 3223 2153 3265 et
2190 3214 2351 3267 simul

800 3306 1030 3360 haberet
1065 3304 1450 3358 conscientiam
1489 3318 1608 3354 eum
1643 3305 1798 3356 tacite
1833 3304 2350 3371 reprehendentem,

791 3397 1013 3450 minime
1044 3397 1164 3448 tulit
1188 3433 1203 3456 ,
1251 3395 1342 3448 sed
1379 3393 1526 3446 humi
1558 3394 1741 3447 statim
1778 3395 2026 3461 procidit,
2067 3407 2122 3449 et
2171 3411 2353 3449 sacros

793 3489 942 3542 illius
993 3491 1160 3555 pedes
1214 3488 1571 3553 prehensans,
1636 3487 1771 3553 petit
1822 3487 2054 3539 veniant.
2123 3487 2354 3542 Sanctus

794 3587 973 3629 autem
1006 3577 1308 3644 promptius
1340 3576 1571 3637 remisit,
1597 3590 1757 3642 quam
1793 3576 1880 3628 ilie
1914 3578 2100 3644 petiit;
2138 3579 2203 3631 de
2247 3594 2349 3632 ca:-

794 3679 909 3722 tero
957 3682 1087 3721 vero
1116 3677 1202 3722 est
1228 3667 1567 3728 adhortatus,
1597 3681 1662 3718 ne
1691 3667 1865 3720 aliena
1893 3669 1971 3720 sic
1997 3673 2346 3737 concupisce-

794 3768 898 3825 ret,
948 3773 1133 3828 neque
1167 3759 1305 3814 dolis
1345 3768 1401 3812 et
1429 3757 1726 3812 mendaciis
1763 3760 2028 3826 pollueret
2074 3763 2354 3815 conscien-

793 3847 945 3902 tiam.
978 3847 1114 3901 Nam
1131 3846 1274 3916 quod
1309 3862 1376 3901 ex
1401 3847 1690 3916 ejusmodi,
1713 3847 1908 3917 inquit,
1943 3850 2105 3903 rebus
2134 3857 2354 3918 paratur

789 3940 1023 4005 lucrum,
1092 3955 1202 3994 non
1257 3947 1342 3994 est
1380 3939 1606 3994 omnino
1667 3940 1904 4005 lucrum,
1947 3941 2042 3996 sed
2093 3942 2349 3996 damnum

789 4033 1161 4086 manifestum.

858 4262 1076 4318 XXXV.
1139 4261 1276 4318 Cum
1322 4262 1485 4316 unius
1536 4254 1714 4317 adhuc
1749 4277 1814 4316 ex
1864 4263 2035 4318 sancti
2076 4263 2353 4319 miraculis

795 4354 1107 4408 meminerit
1139 4355 1333 4418 oratio,
1373 4353 1529 4407 vadet
1576 4354 1642 4407 ad
1674 4357 1792 4426 ejus
1835 4355 2143 4412 decessum.
2184 4355 2352 4410 Aiunt

791 4448 933 4516 quod
968 4461 1091 4499 cum
1123 4455 1342 4499 sanctus
1373 4453 1518 4500 esset
1560 4445 1738 4500 adhuc
1790 4459 2084 4515 superstes,
2113 4456 2168 4502 et
2212 4463 2351 4517 prte-

2450 570 2784 625 καταθέσθαι
2847 573 2946 640 μὲν
2999 572 3378 642 ὑποκρίνεται,
3441 574 3604 644 μηδὲν
3655 576 3712 629 δὲ
3744 576 4026 640 καταθεὶς,

2448 657 2585 710 ἀλλὰ
2613 660 2766 710 κενὸν
2784 659 2844 711 τὸ
2872 661 3065 723 σκεῦος
3114 662 3562 732 ἀσφαλισάμενος
3602 663 3798 734 ᾤχετο.
3869 667 4030 720 Ἀλλ’

2448 751 2546 820 οὐχ
2574 751 2743 811 οὓτως
2782 754 2876 821 ὲᾷν
2907 753 3098 821 ἔμελλε
3144 755 3628 826 παρακρουσθῆναι
3662 759 3754 812 τὸν
3816 761 3970 826 ἅγιον
3996 761 4026 809 ὸ

2448 842 2814 913 δρασσόμενος
2886 846 3013 906 τοὺς
3077 846 3273 913 σοφοὺς
3300 848 3357 898 ἐν
3387 851 3452 918 τῇ
3482 851 3786 918 πανουργίᾳ
3815 851 4022 912 αὐτῶν,

2409 969 2422 982 .
2449 934 2523 996 ὡς
2549 936 2617 988 τά
2655 937 2774 1004 ἱερὰ
2806 936 2977 1005 δήπου
3006 938 3141 1004 φασὶ
3175 937 3352 1004 λόγια,
3386 939 3471 990 ἵνα
3497 941 3573 1009 μὴ
3601 944 3662 992 τὸ
3681 940 3940 993 ἁπλοϊκόν
3956 957 4020 993 τε

2449 1026 2546 1078 καὶ
2577 1026 2881 1097 ἐλευθέριον
2929 1028 3338 1097 εὐεξαπάτητον
3383 1025 3440 1101 ᾖ,
3478 1033 3571 1084 καὶ
3606 1033 4022 1101 καταφρονῆται

2451 1119 2648 1189 ῥᾳδίως
2693 1120 2798 1173 ὑπὸ
2853 1119 2962 1172 τῶν
3021 1124 3477 1194 πανουργοτέρων
3518 1126 3616 1178 καὶ
3659 1127 4019 1196 ἀτιμάζηται.

2451 1211 2591 1281 Ὅρα
2624 1213 2805 1267 τοίνυν
2839 1215 2986 1277 ὅπως
3010 1216 3042 1284 ὴ
3065 1216 3203 1284 σοφὴ
3239 1217 3334 1268 καὶ
3353 1216 3537 1269 δικαία
3567 1217 3662 1270 τοῦ
3714 1220 3851 1271 Θεοῦ
3887 1220 4022 1288 πρό-

2447 1321 2563 1357 νοια
2598 1306 2686 1358 τὸν
2739 1307 3019 1377 ἀδικήσειν
3050 1311 3482 1379 ἐπιχειρήσαντα
3538 1309 3729 1362 ἑαυτὸν
3760 1311 4024 1379 ἀδικῆσαι

2451 1395 2652 1466 μᾶλλον
2719 1399 3150 1467 παρασκευάζει.
3215 1399 3490 1461 Δαπάναις
3558 1401 3793 1469 γάρ,ὼς
3821 1400 4021 1464 ἔοικεν,

2446 1489 2506 1542 οὑ
2555 1490 2691 1560 πρὸς
2742 1490 2930 1560 κέρδος
2971 1488 3216 1559 ’ὁρώσαις
3266 1494 3326 1545 τὸ
3377 1493 3607 1562 χρυσίον
3663 1494 3961 1561 ἀνηλωκὼς
4005 1533 4021 1556 ,

2448 1584 2638 1635 ἔπειτα
2668 1586 2804 1650 πρὸς
2855 1586 3089 1652 ἀπορίαν
3142 1585 3361 1648 ἐλάσας,
3391 1587 3510 1640 ὀδοῦ
3550 1587 3710 1638 πάλιν
3744 1587 4023 1655 μέμνηται

2445 1676 2542 1745 τῆς
2574 1679 2865 1746 προτέρας,
2893 1679 2986 1731 καὶ
3017 1678 3154 1748 πρὸς
3178 1679 3268 1731 τὸν
3321 1680 3493 1748 μέγαν
3524 1681 3711 1741 ἐλθὼν,
3739 1681 3765 1731 ὂ
3798 1681 3871 1748 μὴ
3894 1697 4025 1732 κατ-

2447 1769 2598 1822 έθετο
2663 1771 2903 1839 χρυσίον,
2949 1771 3023 1832 ὡς
3068 1772 3324 1833 καταθεὶς
3371 1774 3643 1840 ἐπεζήτει.
3693 1773 3888 1823 Τὸνδὲ
3922 1774 4023 1825 οὐκ

2450 1863 2607 1915 ἔλαθε
2664 1864 2762 1930 μὲν
2812 1866 2873 1913 τὸ
2932 1863 3320 1932 κακούργημα,
3367 1867 3553 1934 πράως
3605 1865 3664 1916 δὲ
3699 1864 3868 1925 οὕτως
3898 1867 4023 1916 ὲκε-

2449 1957 2626 2021 λευεν,
2690 1954 2883 2024 ὥσπερ
2944 1954 3087 2018 ἕθῡς,
3144 1955 3448 2008 ἀπελθόντα
3502 1955 3709 2009 λαϐεῖν.
3755 1957 3811 2007 '0
3838 1957 4022 2020 δὲ,ὡς

2451 2050 2616 2118 μηδὲν
2682 2049 2870 2102 σκαιὸν
2929 2048 3129 2117 δράσας
3189 2051 3281 2101 καὶ
3333 2049 3712 2119 ἀνελεύθερον,
3741 2051 3908 2120 ἁτῄει
3959 2055 4023 2102 τὶ.

2446 2137 2605 2206 δῆθεν
2637 2136 2982 2206 καταϐληθὲν
3013 2137 3318 2206 ληψόμενος
3352 2139 3443 2190 καὶ
3472 2139 3764 2204 διανοίξας,
3797 2140 3894 2190 καὶ
3930 2155 4022 2189 κε-

2448 2235 2536 2287 νὸν
2593 2232 2653 2285 τὸ
2719 2231 2911 2293 σκεῦος
2964 2233 3160 2300 εὑρὼν,
3207 2231 3397 2300 ὥσπερ
3435 2231 3498 2296 δὴ
3561 2231 3654 2282 καὶ
3703 2231 4018 2294 κατέλιπεν,

2447 2323 2779 2391 ἀπαγγέλλει
2838 2324 2934 2391 μὲν
2987 2322 3144 2374 τοῦτο
3195 2321 3328 2391 πρὸς
3376 2323 3468 2374 τὸν
3530 2321 3686 2387 ἅγιον
3737 2325 4022 2375 λανθάνειν

2448 2421 2714 2489 οἰόμενος,
2750 2417 2939 2470 ἀκούει
2974 2417 3029 2468 δὲ
3088 2417 3482 2486 ἀκριΰέστερον
3541 2417 3843 2486 ἑκζητῆσαι
3877 2433 3892 2447 ο
3932 2417 4023 2480 ἘΞ

2448 2511 2568 2564 ὅτου
2596 2513 2723 2579 γὰρ,
2755 2512 2879 2579 ἔφη,
2914 2513 3011 2561 καὶ
3041 2510 3268 2561 κατέθου
3297 2511 3382 2574 σὺ,
3413 2510 3625 2571 οΣδενὸς
3653 2510 3814 2562 ἄλλου
3840 2513 4025 2580 χεῖρες

2448 2603 2510 2657 τδ
2540 2603 2882 2673 καταδληθὲν
2914 2602 3194 2670 είλήφασι.
3258 2603 3368 2654 Καὶ
3419 2600 3475 2662 δς
3504 2601 3669 2654 πάλιν
3715 2604 4026 2670 προσποιεῖ-

2447 2712 2536 2746 ται
2592 2695 2688 2763 μὲν
2717 2695 2946 2764 ἐρευνᾷν
2979 2711 2993 2724 ·
3032 2695 3154 2746 ἐπεὶ
3189 2692 3246 2745 δὲ
3268 2691 3530 2744 ἀδύνατον
3554 2686 3694 2744 εἶναι
3726 2693 3754 2746 ὃ
3790 2694 3863 2762 μὴ
3893 2693 4028 2761 άλη-

2450 2786 2556 2848 θῶς
2584 2783 2674 2856 ἦν,
2723 2789 3073 2856 σκηψάμενος
3103 2787 3352 2854 ἄγνοιαν,
3390 2786 3544 2838 οὐδὲν
3580 2785 3683 2852 ἔφη
3742 2785 3911 2837 πάλιν
3964 2785 4025 2837 τὸ

2449 2879 2714 2944 παράπαν
2745 2881 2944 2946 εὑρεῖν.
2991 2880 3051 2933 Ὀ
3108 2879 3426 2948 621913315,-
3459 2879 3552 2929 καὶ
3602 2881 3777 2944 πρᾶος
3812 2880 4020 2938 ἐκεῖνος

2449 2972 2607 3039 ἀνὴρ,
2655 2971 2713 3022 Ετ
2746 2973 2862 3039 μὲν,
2904 2965 2947 3022 ὦ
2993 2971 3239 3038 φίλτατε,
3284 2971 3410 3037 ἔφη,
3459 2972 3673 3039 ἀληθῶς
3716 2969 4022 3037 ἐτύγχανες

2451 3063 2732 3125 τεθεικὼς,
2765 3059 2920 3132 εὗρες
2980 3064 3044 3116 ἂν
3096 3065 3190 3115 καὶ
3224 3063 3254 3114 ὃ
3301 3063 3622 3124 κατέθεικας
3659 3064 3934 3131 εὐχερῶς
3976 3064 4025 3113 εί

2335 3165 2348 3225 ξ
2378 3165 2420 3222 c
2457 3157 2511 3208 δὲ
2544 3157 2568 3207 ὃ
2599 3158 2745 3225 παρὰ
2775 3157 2857 3208 σοὶ
2885 3157 3086 3223 ἔμεινε.
3112 3157 3268 3208 τοῦτο
3318 3155 3411 3207 νῦν
3466 3157 3597 3224 παρ’
3641 3157 3800 3224 ἡμῶν
3835 3151 4024 3205 λαϐεῖν

2453 3250 2719 3316 ἐκζητεῖς·
2756 3250 2865 3301 ἴσθι
2901 3249 3124 3300 σεαυτὸν
3180 3250 3378 3318 μᾶλλον
3423 3250 3567 3323 ἤπερ
3601 3251 3746 3316 ἡμᾶς
3776 3249 4022 3316 παραλο-

2451 3343 2765 3409 γιζὸμενος.

2455 3438 2692 3505 κρυπτὴν
2725 3436 2840 3504 ἅμα
2883 3437 3362 3502 συνεφαπτόμενον
3393 3435 3588 3503 ἔχοντα
3625 3434 3721 3495 τῆς
3774 3432 4024 3500 συνειδή-

2852 3342 3021 3394 Τοῦτο
3080 3347 3287 3394 ἐκεῖνον
3359 3345 3718 3405 ἀκούσαντα,
3778 3345 3872 3393 καὶ
3932 3342 4022 3392 τὸν

2455 3541 2592 3585 σεως
2652 3525 2894 3592 ἔλεγχον.
2945 3525 3212 3592 μηδαμ·ῖ›ς
3275 3527 3572 3591 ἐνεγκεῖν,
3639 3525 3760 3576 ἀλλ’
3823 3525 4022 3584 εὐθέως

2453 3619 2588 3687 πρὸς
2617 3617 2722 3685 γῆν
2757 3635 2813 3671 τε
2847 3620 3202 3680 καταπεσεῖν,
3242 3619 3333 3669 καὶ
3364 3619 3471 3670 τῶν
3492 3619 3654 3687 ἱερῶν
3681 3620 3890 3671 ἐκείνου
3924 3634 4022 3669 πο-

2452 3709 2555 3760 δῶν
2584 3710 2862 3778 ἁψάμενον
2918 3709 3248 3778 συγγνώμην
3277 3712 3451 3760 αἰτεῖν
3478 3726 3492 3741 ·
3541 3709 3630 3761 τὸν
3669 3709 3724 3761 δὲ
3745 3711 4020 3778 ἑτοιμότε·

2453 3817 2546 3871 ρον
2601 3801 2699 3869 μὲν
2717 3802 2954 3867 ἀφεῖναι,
2998 3801 3028 3868 ἢ
3065 3802 3270 3852 ἐκεῖνον
3302 3800 3655 3869 αίτήσασθαι,
3685 3803 4019 3869 παραινέσαι

2452 3891 2508 3942 δὲ
2539 3890 2633 3944 τοῦ
2676 3888 2866 3944 λοῖποῦ
2930 3892 3002 3961 μὴ
3029 3892 3173 3944 οὕτω
3205 3891 3316 3944 τῶν
3365 3891 3666 3960 ἀλλοτρίων
3711 3892 4020 3960 ἐπιθυμεῖν,

2454 3986 2588 4056 μηδὲ
2616 3987 2786 4048 δόλοις
2833 3986 2926 4039 καὶ
2975 3986 3196 4054 ψεύδεσι
3222 3986 3608 4053 καταμιαί-ιειν
3658 3985 3718 4037 τδ
3756 3987 4017 4048 συνε.δός.

2452 4079 2526 4130 Τδ
2546 4079 2656 4148 γὰρ
2683 4079 2745 4130 ἑκ
2766 4079 3044 4141 τοιούτων,
3072 4079 3227 4147 φησὶ,
3252 4077 3709 4146 περιποιούμενον
3735 4079 3797 4128 οὔ
3832 4077 4020 4144 κέρδος

2451 4170 2609 4236 ὅλως,
2649 4170 2782 4224 αλλὰ
2814 4171 2988 4240 ζημία
3020 4173 3213 4238 σαφής.

2522 4260 2647 4316 AE'.
2690 4261 2838 4324 Ἐνὸς
2889 4262 2968 4314 ἐτι
3029 4263 3135 4314 τῶν
3157 4261 3250 4314 τοῦ
3288 4263 3448 4329 ἁγίου
3490 4261 3802 4332 μνησθεὶςό
3832 4263 4015 4329 λόγος,

2454 4352 2551 4405 ἐπὶ
2591 4354 2688 4420 τὴν
2737 4353 2998 4423 τελευτὴν
3046 4354 3208 4406 αὑτοῦ
3254 4353 3539 4423 βαδιεῖται.
3578 4356 3746 4407 ducti;
3800 4356 4020 4420 ὃτι,πε-

2461 4446 2668 4516 ριόντος
2692 4445 2786 4498 τοῦ
2830 4445 2990 4513 ἁγίου
3032 4448 3126 4497 καὶ
3185 4446 3284 4514 τῆς
3325 4445 3634 4513 ἐπισκοπῆς
3670 4447 4021 4515 προεδρεύον·

796 4547 941 4592 esset
980 4538 1344 4606 episcopatui,
1387 4537 1692 4606 patriarcha
1721 4538 2118 4593 Alexandrinus
2148 4540 2346 4594 indicta
2381 4528 2418 4582 Β

2381 4528 2423 4582 D
2454 4555 2570 4601 τος,
2614 4539 2640 4588 ὁ
2687 4545 3028 4607 πατριάρχης
3075 4521 3505 4606 Ἀλεξανδρείας,
3551 4537 3614 4590 σύ
3649 4539 3767 4591 οδον
3806 4539 3915 4610 παρ
3959 4557 4022 4606 γ-

793 4629 1000 4696 synodo
1035 4629 1275 4681 omnium
1300 4629 1390 4696 qui
1415 4628 1464 4680 ei
1491 4628 1718 4696 subjecti
1749 4638 1922 4684 erant.
1946 4629 2346 4700 episcoporum,

791 4719 1012 4772 volebat
1037 4719 1266 4787 gentiles
1300 4727 1506 4771 statuas
1553 4730 1607 4772 et
1661 4717 1921 4787 imagines
1971 4723 2350 4777 communibus

793 4809 1050 4877 precibus
1075 4819 1341 4871 evertere,
1369 4817 1424 4861 et
1452 4823 1544 4863 eas
1574 4807 1628 4861 in
1652 4818 1848 4862 terrain
1878 4809 2137 4878 dejicere.
2167 4811 2350 4865 Rebus

793 4900 938 4956 enim
976 4898 1241 4968 ejusmodi
1276 4899 1453 4953 adhuc
1498 4899 1652 4970 plena
1699 4911 1816 4955 erat
1871 4901 2092 4958 civitas:
2127 4910 2182 4955 et
2213 4917 2350 4973 quo-

795 4989 958 5042 modo
993 4989 1209 5052 Paulus.
1239 4989 1354 5058 ipse
1384 5005 1600 5060 quoque
1653 4991 2091 5046 inﬂammabatur
2134 4994 2346 5063 spiritu,

794 5089 846 5133 et
897 5078 1150 5132 ardenter
1187 5080 1427 5148 spirabat
1485 5080 1745 5134 adversus
1803 5081 2154 5152 impietatem.
2213 5082 2347 5137 Cum

796 5181 986 5222 omnes
1021 5182 1149 5237 ergo
1169 5169 1593 5235 concurrissent,
1619 5181 1674 5225 et
1697 5187 1754 5225 se
1778 5171 2053 5225 dedissent
2075 5173 2345 5241 precibus,

798 5259 915 5312 alia:
943 5258 1166 5326 quidem
1199 5266 1392 5313 statua:
1427 5260 1517 5314 Dei
1564 5275 1699 5315 nutu
1736 5272 1790 5316 et
1825 5264 2032 5317 viribus
2074 5263 2349 5318 devolutis

797 5349 1020 5403 fuerunt
1046 5360 1102 5403 et
1125 5349 1178 5402 in
1206 5359 1406 5403 terram
1430 5350 1671 5421 dejectaz,
1691 5369 1756 5407 ex
1786 5355 1854 5407 iis
1877 5366 2058 5408 autem
2085 5370 2189 5408 una
2212 5357 2346 5418 sola,

794 5444 894 5494 etsi
925 5451 980 5496 et
997 5443 1315 5510 separatim.
1336 5451 1390 5497 et
1405 5442 1562 5496 simul
1583 5459 1704 5498 cum
1724 5446 1814 5500 illo
1831 5447 2133 5514 patriarcha
2154 5449 2350 5502 inultas

796 5544 984 5599 preces
1000 5530 1542 5596 l’udissent,rnanebat
1556 5533 1608 5586 in
1627 5550 1725 5588 suo
1746 5535 1864 5590 loco
1884 5554 1898 5589 :
1915 5553 2021 5590 non
2041 5546 2185 5607 quod
2211 5540 2352 5593 Deus

797 5633 905 5672 non
921 5620 1245 5684 attenderet,
1269 5630 1361 5674 aut
1386 5621 1687 5693 despiceret
1701 5640 1881 5681 sacras
1904 5628 2118 5684 illorum
2139 5644 2347 5699 preces.

872 5802 917 5834 "
942 5800 1063 5856 Job.
1106 5802 1292 5869 v.15;
1330 5803 1345 5857 ί
1380 5802 1504 5857 Cor.
1547 5821 1624 5864 ιιι.
1658 5808 1742 5860 19.

2450 4629 2759 4696 γείλαςτῶν
2786 4630 2874 4679 ὑπ’
2897 4628 3044 4693 αὐτῷ
3071 4629 3289 4680 πάντων
3317 4632 3629 4682 ὲπσκόπων
3647 4647 3714 4682 τι(
3731 4630 4021 4691 Ἕλλη-ιικα

2451 4721 2616 4785 ξόανα
2650 4721 2742 4771 καὶ
2770 4720 3087 4788 ἀγάλματα,
3135 4720 3302 4788 εὐχῆς
3344 4722 3530 4789 κοινῆς
3559 4723 3822 4788 τρόπαιον
3862 4721 4023 4789 ᾐδού-

2449 4811 2570 4863 λετο
2596 4811 2802 4872 θέσθαι,
2828 4814 2922 4865 καὶ
2952 4813 3030 4873 εἰς
3058 4812 3161 4881 γῆν
3204 4812 3378 4865 ταῦτα
3406 4814 3751 4865 καταϐαλεῖν·
3785 4813 3866 4865 ἔτι
3917 4815 4024 4882 γὰρ

2452 4905 2838 4974 ἁναπέπληστο
2883 4904 2994 4956 τῶν
3057 4907 3318 4959 τοιούτων
3369 4907 3403 4975 ἠ
3479 4905 3654 4968 πόλις,
3730 4905 3828 4958 καὶ
3880 4907 4024 4959 καθά

2461 4999 2670 5062 Παῦλος
2719 5001 3063 5070 ὲνεπίπρατο
3113 5001 3208 5053 καὶ
3232 4994 3388 5064 οὗτος
3417 4999 3476 5054 τδ
3500 5002 3737 5069 πνεῦμα,
3765 5003 3858 5053 καὶ
3888 5001 4024 5071 θερ-

2461 5095 2558 5162 μὸν
2593 5093 2745 5144 ἔπνει
2803 5093 2942 5146 κατα
2989 5094 3089 5161 τῆς
3140 5092 3417 5154 ἁσεδείας.
3464 5088 3809 5145 Πάντωνοῦν
3842 5093 4024 5144 συνδ-

2454 5180 2834 5251 δραμηκότων,
2857 5181 2949 5234 καὶ
2979 5184 3058 5243 εἰς
3082 5181 3246 5251 εὐχὴν
3269 5181 3495 5243 ἑαυτοὺς
3519 5181 3804 5240 ικδόντων,
3829 5182 3896 5233 τὰ
3925 5179 4022 5247 μιν

2456 5271 2590 5325 ἄλλα
2653 5272 2761 5324 τῶν
2792 5271 2994 5336 ξοάνων
3050 5272 3281 5342 νεύματι
3319 5271 3414 5324 τοῦ
3449 5272 3585 5326 Θεοῦ
3627 5273 3723 5324 καὶ
3747 5274 3892 5342 terth
3920 5273 4024 5324 διε-

2454 5363 2656 5416 δονεῖτό
2677 5382 2735 5416 τε
2782 5365 2877 5416 καὶ
2917 5367 2995 5427 είς
3033 5364 3138 5434 γῆν
3191 5364 3560 5417 κατεϐάλλετο
3586 5376 3600 5390 ⁸
3642 5363 3702 5416 ἔν
3731 5365 3786 5417 δὲ
3813 5364 4016 5417 τούτων

2461 5454 2642 5524 μόνον,
2674 5455 2853 5507 καίτοι
2893 5455 3094 5517 πολλὰς
3125 5454 3246 5506 καθ’
3283 5454 3378 5505 ἱνα
3404 5470 3462 5506 τε
3493 5455 3587 5505 καὶ
3637 5453 3774 5522 ὁμοῦ
3809 5453 3906 5515 τὰς
3935 5453 4021 5506 εὖ·

2457 5541 2556 5609 χας
2581 5543 2677 5594 σὺν
2707 5541 2854 5612 αὑτῴ
2893 5543 3067 5612 δήπου
3117 5542 3197 5612 τῷ
3225 5524 3559 5612 ’πατριάρχῃ
3606 5542 4018 5609 ποιησαμένων,

2456 5632 2615 5700 εμενε
2644 5634 2784 5686 κατὰ
2843 5633 3046 5703 χώραν,
3081 5632 3140 5685 οὗ
3170 5631 3266 5685 τοῦ
3299 5631 3434 5684 Θεοῦ
3469 5635 3543 5703 μὴ
3591 5633 3950 5703 προσέχοντος
3985 5630 4016 5699 ἢ
