4260 6430
282 392 383 453 461

1512 383 1689 441 VITA
1728 383 1793 443 Ξ.
1830 380 2204 442 SPYRIDON
2212 384 2308 441 IS.

3405 373 3513 441 46?.

275 504 632 573 ἀτιμάζοντος
703 502 801 564 τὰς
870 500 1093 554 ἐκείνων
1154 498 1341 569 εὐχάς,
1391 497 1518 569 ,ἀλλ’
1566 497 1850 566 οἰκονομίᾳ

1913 529 1923 557 ,
1953 497 2048 551 sed
2080 498 2183 549 hoc
2211 493 2442 562 sapienti
2467 492 2699 547 consilio
2740 492 2901 547 vellet
2930 507 3029 546 suo
3052 491 3254 546 tantulo
3286 492 3512 560 gloriam

272 596 451 665 τοιᾷδε
477 597 615 663 σοφῇ
678 591 924 654 θέλοντος
952 592 1045 644 τὸν
1082 589 1282 643 ἐαυτοῦ
1323 589 1545 655 δοξάσαι
1572 590 1845 659 θεραπευ-

274 687 396 753 τὴν,
428 687 521 737 καὶ
545 684 714 747 δεῖξαι
745 685 806 735 τό
838 699 900 750 γε
924 685 1034 744 τοῖς
1072 682 1289 744 πολλοῖς
1312 680 1703 749 ἀγνοούμενον,
1734 675 1845 744 οἷος

276 778 386 846 ἄρα
403 778 689 847 Σπυρίδων
720 778 781 828 ἐν
814 778 1157 837 ἐπισκόποις.
1190 774 1403 835 Νυκτὸς
1425 768 1519 826 οῦν
1544 774 1645 842 ἠδη
1675 790 1847 825 κατα.

272 868 573 935 λαϐούσης,
627 869 790 929 αὐτὸς
856 869 956 934 μέν
1017 869 1047 918 6
1092 866 1446 934 πατριάρχης
1497 865 1591 916 καὶ
1643 864 1724 917 ἐτι
1777 866 1845 932 τῇ

269 960 405 1029 εὐχῇ
437 958 839 1029 προσκείμενος
871 955 974 1029 ἦν’
1020 958 1143 1010 θεία
1179 957 1239 1010 δέ
1283 974 1367 1019 τις
1394 954 1517 1025 δψις
1547 955 1695 1024 αὐτῷ
1742 973 1847 1007 πα-

274 1070 407 1122 ραστ
419 1054 525 1105 ᾶσα
552 1052 627 1121 μὴ
650 1052 882 1121 ἀθυμεῖν
919 1051 1155 1118 ἔφασκεν
1183 1052 1266 1103 ὅτι
1303 1048 1379 1119 μὴ
1405 1050 1465 1100 τὸ
1499 1049 1720 1102 εῖδωλον
1746 1063 1844 1099 κα-

268 1143 519 1202 ταπέσοι,
565 1142 875 1211 Σπυρίδωνι
925 1144 1037 1211 γὰρ
1069 1144 1447 1210 τεταμίευται,
1475 1144 1537 1192 τὸ
1583 1141 1676 1191 ὑπ’
1702 1140 1845 1192 ἐκεί-

268 1251 365 1286 νου
386 1231 449 1301 δὴ
478 1231 646 1284 ’τοῦτο
695 1234 792 1284 καὶ
850 1231 1016 1300 μόνου
1051 1233 1405 1295 καταπεσεῖν,
1471 1230 1614 1283 ἀλλά
1646 1230 1842 1282 θᾶττον

269 1326 435 1378 αὐτὸν
475 1328 540 1377 ἐκ
582 1324 810 1393 Κύπρου
869 1322 1209 1394 μτάκλητον
1243 1325 1443 1375 ποιεῖν.
1498 1322 1609 1389 Τῆς
1643 1322 1840 1390 Τριμι-

272 1415 489 1477 θοῦντος
516 1415 622 1484 γάρ
661 1416 959 1478 ἐπίσκοπος
993 1417 1022 1466 δ
1064 1416 1227 1484 ἀνήρ.
1263 1416 1504 1485 Πράττει
1537 1418 1659 1469 κατ’
1707 1418 1844 1470 αὐτὸ

271 1506 335 1574 δὴ
377 1507 438 1558 τὸ
469 1505 907 1573 κεκελευσμένον
931 1506 965 1557 6
995 1504 1361 1575 πατριάρχης,
1400 1508 1496 1557 καὶ
1536 1507 1844 1575 γράμματα

272 1596 520 1663 πέμψας,
557 1594 947 1663 μετακαλεῖται
990 1594 1081 1646 τὸν
1126 1592 1301 1659 ἆγιον.
1355 1594 1436 1645 Τά
1458 1596 1760 1663 γράμματα
1784 1595 1842 1647 δὲ

272 1687 464 1753 ἐδήλου
493 1687 592 1754 τήν
627 1702 687 1736 τε
724 1683 909 1736 αἰτίαν
933 1684 1034 1753 τῆς
1064 1684 1457 1754 μετακλήσεως
1492 1687 1589 1737 κα)⁵
1618 1686 1718 1755 τὴν
1742 1704 1843 1755 φα-

1954 588 2220 652 tribuere,
2252 596 2307 641 et
2336 585 2624 639 ostendere
2658 585 2711 638 id
2740 586 2885 653 quod
2917 601 2947 639 a
2984 587 3171 639 multis
3226 584 3514 653 ignoraba-

1950 688 2055 741 tur,
2089 678 2270 745 qualis
2309 686 2456 731 esset
2508 679 2651 730 inter
2693 677 2990 744 episcopos
3038 673 3319 742 Spindun.
3376 671 3514 727 Cum

1950 786 2056 825 nox
2098 785 2233 839 ergo
2258 771 2367 838 jam
2400 770 2769 832 adventasset,
2803 769 2919 836 ipse
2947 769 3170 836 quidem
3202 767 3511 836 patriarcha

1946 861 2127 914 adhuc
2180 859 2406 913 vacabat
2447 860 2705 923 orationi,
2741 857 2991 926 quadam
3045 873 3177 911 vero
3238 857 3421 911 divina
3457 858 3511 909 ei

1949 965 2222 1019 apparens
2261 950 2421 1012 visio,
2454 949 2620 1019 jussit
2641 964 2766 1002 eum
2806 964 2915 1001 non
2962 949 3090 1017 angi
3137 948 3339 1010 animo,
3368 949 3511 1015 quod

1946 1060 2055 1097 non
2112 1041 2333 1097 caderet
2382 1040 2757 1102 simulacrum,
2797 1050 3130 1093 reservatum
3184 1038 3331 1091 enim
3396 1054 3517 1091 esse

1947 1134 2245 1203 Spiriduni,
2289 1142 2348 1188 ut
2393 1134 2447 1187 id
2498 1133 2568 1187 ab
2595 1149 2661 1187 eo
2699 1134 2817 1186 solo
2862 1132 3215 1185 deturbatum
3262 1132 3513 1185 caderet:

1945 1227 2043 1281 sed
2077 1242 2202 1280 cum
2252 1241 2380 1281 eum
2428 1226 2832 1293 quamprimum
2874 1240 2905 1277 e
2950 1223 3127 1292 Cypro
3183 1233 3511 1276 acrcrseret.

1945 1320 1999 1374 ls
2044 1317 2193 1374 enim
2241 1326 2349 1381 est,
2396 1317 2597 1380 aiebat,
2626 1316 2920 1385 episcopus
2958 1314 3508 1384 Trinnuythuutiuus.

1951 1409 2125 1473 Fecit,
2156 1419 2216 1463 ut
2238 1411 2289 1463 ei
2318 1410 2643 1477 imperatum
2676 1407 2873 1473 fuerat,
2911 1408 3252 1476 patriarcha;
3286 1415 3341 1461 et
3372 1407 3517 1459 litte-

1948 1502 2026 1555 ris
2065 1502 2134 1556 ad
2185 1516 2311 1555 eum
2344 1500 2548 1563 missis,
2591 1498 2823 1553 accersit
2872 1509 3119 1553 sanctum
3158 1517 3171 1551 :
3222 1510 3275 1551 et
3322 1499 3516 1551 litterat-

1950 1594 2332 1663 signiﬁcabant
2412 1606 2632 1645 causam
2694 1607 2793 1645 cur
2848 1600 3242 1652 accerseretur,
3297 1602 3351 1643 et
3393 1606 3512 1641 eam

1944 1704 2066 1755 qua:
2134 1694 2483 1753 apparuerat,
2535 1683 2831 1736 visionem:
2881 1694 2936 1736 et
2992 1697 3336 1748 nequaquam
3391 1696 3510 1732 ρεεα

271 1779 457 1830 νεῖσαν
511 1776 655 1844 ὄψιν,
717 1779 812 1829 καὶ
870 1777 946 1837 ὡς
999 1777 1254 1844 οὐδαμῶς
1314 1780 1685 1846 παραιτητέον
1740 1779 1879 1848 τὴν.

1945 1777 2310 1833 recusandum
2357 1776 2670 1829 adventum.
2703 1773 2793 1827 llle
2818 1783 3000 1825 autem
3039 1780 3191 1839 paret
3225 1780 3512 1823 continuo.

271 1870 475 1935 ἄφιξιν.
513 1868 570 1921 '0
592 1869 646 1921 δέ
674 1868 832 1930 εὐθὺς
863 1866 1127 1933 πείθεται,
1165 1867 1281 1937 ἀμα
1316 1844 1425 1937 γὰρ
1460 1844 1621 1937 ἐληίγέ
1650 1886 1709 1922 τε
1742 1844 1841 1939 τῆς
1872 1845 1879 1903 l

1913 1857 2117 1924 :Simul
2165 1880 2330 1935 atque
2358 1868 2506 1919 enim
2554 1864 2717 1918 desiit
2761 1865 2964 1931 legere.
2997 1878 3119 1929 qua:
3164 1863 3363 1929 scripta
3400 1862 3514 1913 fut-—

274 1961 642 2029 ἀναγνὼσεως
660 1960 767 2018 τῶν
820 1960 1169 2029 γραφέντων,
1199 1961 1291 2011 καὶ
1320 1959 1421 2028 τῆς
1464 1958 1582 2013 ὁδοῦ
1617 1962 1838 2033 ἦρχε-ω’

269 2054 459 2105 πλοίου
483 2068 539 2105 τε
575 2051 769 2114 ἐπιϐὰς
816 2049 1050 2104 ἀπέπλει
1108 2051 1243 2121 πρὸς
1282 2051 1709 2122 Ἀλεξάνδρειαν.
1769 2054 1843 2106 Τὸ

274 2144 373 2213 μὲν
406 2142 500 2196 οῦν
558 2144 738 2195 πλοῖον
768 2143 1121 2212 προσορμίζει
1173 2144 1314 2196 κατά
1351 2145 1449 2213 τὴν
1500 2144 1645 2197 Νέαν
1686 2144 1842 2199 πόλιν

270 2237 569 2304 (ἐπίσημος
598 2236 655 2287 δὲ
722 2228 874 2297 οὗτος
922 2234 1326 2305 Ἀλεξανδρείας
1390 2237 1614 2307 λιμήν)·
1681 2239 1843 2301 αὐτὸς

268 2328 348 2388 δὲ,
384 2328 480 2395 τῆς
506 2326 644 2389 νεὼς
671 2326 1004 2391 ἀποϐαίνων,
1029 2326 1225 2397 ηὔχετο
1258 2329 1397 2380 κατὰ
1428 2329 1573 2395 νοῦν,
1607 2329 1700 2384 καὶ
1726 2332 1840 2400 ἅμα

269 2420 323 2472 οῖ
342 2434 402 2471 τε
432 2419 589 2481 πόδες
619 2418 827 2471 ἐκείνου
875 2420 972 2488 τῆς
1004 2420 1105 2488 γῆς
1158 2419 1472 2483 ἐπέϐαινον,
1501 2423 1597 2474 καὶ
1629 2424 1689 2476 τὸ
1720 2442 1845 2493 μια-

274 2506 368 2575 ρδν
403 2505 635 2576 ἄγαλμα
657 2508 755 2558 καὶ
779 2506 944 2575 εὐχῆς
975 2506 1228 2574 γενέσθαι
1258 2508 1466 2563 πολλῶν
1488 2514 1733 2581 κρεῖττον
1755 2532 1843 2582 φι-

271 2597 613 2667 λονεικήσειν,
673 2597 822 2666 αὐτῷ
854 2596 1025 2667 δήπου
1051 2598 1166 2669 ναῷ
1201 2603 1845 2673 συγκατεστρέφετο,καὶ

268 2696 353 2755 είς
400 2692 526 2762 χοῦν
558 2692 897 2746 ἐλεπτύνετο.
935 2693 1109 2747 Τοῦτο
1163 2696 1259 2747 κα)⁵
1286 2696 1385 2762 τὴν
1412 2698 1506 2749 τοῦ
1536 2698 1695 2766 ἁγίου
1722 2701 1845 2754 ἐπι-

272 2786 475 2855 δημίαν
535 2785 760 2854 μηδέπω
802 2784 969 2852 δήλην
1022 2784 1188 2838 οῦσαν
1215 2785 1291 2854 τῷ
1352 2788 1515 2858 Πάπᾳ
1566 2793 1841 2862 γνωρίζει.

284 2877 375 2939 Ὠς
414 2877 525 2945 γὰρ
558 2876 864 2944 αὐτόματον
903 2877 1080 2929 ἐκεῖνο
1112 2877 1524 2947 καταϐληθῆναι
1544 2882 1603 2935 τὸ
1626 2884 1845 2937 εἴδωλον

271 2972 320 3021 οἱ
364 2968 667 3038 ἑωρακότες
692 2968 1044 3036 ἀνήγγειλαν,
1077 2969 1107 3021 δ
1140 2970 1326 3031 πάπας
1359 2971 1541 3035 εὐθὺς,
1562 2968 1637 3024 *Ω
1670 2975 1832 3041 φίλοι,

269 3056 418 3120 εἷπε,
472 3058 752 3135 Σπυρίδῳν
809 3060 873 3110 ἐκ
932 3058 1346 3129 Τριμιθοῦντος.
1396 3062 1842 3118 Κάκεῖνοισπεύ-

274 3163 469 3207 σαντες
502 3148 766 3216 (ἀπαντᾷν
818 3146 929 3216 γὰρ
975 3146 1289 3200 ἐκελεύοντο
1331 3148 1465 3216 παρ’
1522 3149 1735 3219 αὐτοῦ),
1763 3152 1913 3247 Ertc

274 3237 412 3308 πρὸς
444 3239 510 3305 τῇ
534 3235 803 3289 ἀποϐάσει
828 3236 918 3288 τὸν
942 3236 1124 3306 μέγαν
1163 3234 1480 3291 κατέλαϐον.
1510 3238 1604 3302 Τίς
1636 3238 1727 3292 οῦν
1750 3236 1842 3295 οῦ-

270 3345 361 3389 τος
392 3330 648 3393 ἐσχατιὰν
670 3327 772 3394 γῆν
797 3326 982 3389 οίκῶν,
1042 3327 1271 3397 ἀνήκοος
1298 3327 1454 3380 τοῦδε
1482 3332 1842 3401 περιελείφθη

276 3419 372 3471 τοῦ
404 3418 727 3488 οαύματος;
796 3417 1084 3485 Ἐγνωσαν
1139 3417 1239 3485 μέν
1284 3417 1589 3485 Βυζάντιοι,
1625 3422 1767 3488 ἔγνω
1784 3423 1843 3476 δέ

271 3508 750 3577 αὐτὺςὸκρατῶν,
816 3507 1043 3577 ᾔσθοντο
1079 3504 1134 3558 δέ
1183 3506 1279 3561 καὶ
1327 3509 1497 3561 πᾶσαι
1555 3512 1738 3574 πόλεις
1782 3515 1839 3567 αἱ

270 3599 559 3666 διαμέσου,
630 3599 724 3651 καὶ
782 3595 983 3668 μικροῦ
1029 3598 1213 3649 πᾶσαν
1264 3598 1363 3665 τὴν
1410 3600 1738 3669 οἰκουμένην
1779 3605 1840 3655 τὸ

273 3690 460 3759 θαῦμα
506 3686 820 3760 διαδραμὸν,
849 3688 949 3740 οὐκ
970 3686 1118 3741 ἐστιν
1147 3687 1345 3750 είπεῖν,
1380 3686 1514 3755 ὅσην
1547 3692 1756 3753 πιστοῖς
1779 3708 1839 3745 τε

274 3784 369 3833 καὶ
391 3779 641 3839 ἀπίστοις
684 3774 1091 3847 ἐμνηστεύσατο
1153 3775 1255 3845 τὴν
1303 3774 1591 3842 ὠφέλειαν,
1622 3776 1697 3840 ὡς
1730 3780 1839 3832 τῶν

268 3872 375 3942 μὲν
403 3868 846 3939 μεταϐαλλόντων
904 3866 1041 3937 πρὸς
1069 3865 1169 3937 τὴν
1214 3866 1518 3931 εὐσέϐειαν,
1548 3869 1644 3921 καὶ
1674 3869 1734 3922 τὸ
1768 3872 1839 3924 ἱε-

272 3958 369 4026 ρὸν
426 3956 707 4026 βάπτισμα
758 3954 1091 4023 δεχομένων,
1152 3952 1263 4007 τῶν
1292 3954 1348 4007 δέ
1376 3952 1723 4025 βεϐαιότερον
1749 3960 1840 4011 ἐπὶ

268 4053 351 4122 τῷ
377 4051 614 4120 θεμελίῳ
675 4048 879 4119 ταύτης
912 4049 1342 4119 στηριζομένων.
1372 4049 1557 4103 Ταῦτα
1580 4054 1641 4104 οὐ
1699 4052 1829 4125 ψιλή

268 4159 361 4205 τις
388 4143 480 4193 καὶ
502 4139 865 4201 ἀϐασάνιστος
916 4140 1077 4209 ἀκοὴ,
1108 4137 1243 4193 ἀλλά
1276 4140 1371 4193 καὶ
1400 4144 1431 4209 ἠ
1473 4142 1636 4195 είκὼν
1666 4144 1836 4214 φθέγ-

266 4249 426 4301 γεται
449 4232 540 4284 καὶ
572 4231 958 4301 συμμαρτυρεῖ
986 4246 1001 4261 ·
1028 4231 1131 4301 ἦγε
1182 4231 1246 4304 δὴ
1273 4231 1484 4300 μεταξὺ
1516 4234 1715 4306 ῑστηκε
1738 4237 1835 4292 τοῦ

265 4342 330 4378 τε
366 4321 714 4396 ’Δρχοντικοῦ
760 4320 1057 4396 λεγομένου
1089 4322 1359 4389 πυλῶνος,
1419 4328 1514 4377 καὶ
1556 4326 1653 4381 τοῦ
1702 4328 1831 4383 ναοῦ

267 4418 438 4486 φημί,
471 4414 883 4484 Τριμιθουντος,
907 4411 1034 4465 ινθα
1086 4413 1147 4465 τὸ
1174 4412 1317 4481 ίερδν
1347 4413 1687 4484 Σπυρίδωνος
1714 4419 1826 4473 λεί-

262 4509 458 4578 ψανον.
508 4506 650 4559 κατά
701 4504 869 4576 μέρος
918 4503 1058 4574 μετά
1118 4504 1209 4559 καὶ
1256 4504 1432 4560 ἀλλων
1476 4508 1859 4584 ἐξηγουμένη.Δ

270 4605 369 4655 ἐπὶ
401 4600 500 4670 τὴν
534 4598 685 4650 θείαν
716 4598 926 4648 ἐκείνου
959 4595 1214 4667 τελευτὴν
1247 4594 1545 4667 βαδιστέον.

1945 1971 2089 2027 rant,
2123 1961 2227 2013 iter
2273 1959 2419 2017 iniit.
2450 1968 2506 2011 et
2552 1970 2745 2009 navem
2798 1953 3194 2016 conscendens,
3242 1954 3511 2021 navigavit

1948 2052 2359 2111 Alexandriam.
2401 2052 2576 2118 Atque
2610 2048 2765 2103 navis
2790 2047 3012 2116 quidem
3039 2046 3261 2115 appellit
3296 2046 3509 2113 Neapo-

1943 2143 2038 2197 lim
2083 2143 2189 2211 (est
2228 2150 2410 2196 autem
2463 2141 2555 2194 hic
2594 2139 2819 2206 insignis
2874 2147 3063 2206 portus
3110 2136 3509 2202 Alexandria};

1944 2230 2059 2298 ipse
2098 2243 2229 2282 vero
2274 2228 2341 2281 de
2382 2242 2519 2280 nave
2556 2226 2913 2289 descendens,
2938 2225 3332 2279 exsecrandam
3373 2226 3510 2278 ima-

1943 2320 2146 2389 ginem,
2217 2334 2341 2373 cum
2404 2318 2591 2372 multis
2651 2318 2886 2386 templis,
2952 2319 3205 2385 precibus
3268 2316 3510 2371 nondum

1943 2411 2200 2482 peractis,
2234 2411 2454 2474 evertit,
2495 2418 2553 2464 et
2580 2410 2635 2462 in
2674 2409 2955 2477 pulverem
3005 2408 3345 2463 comminuit.
3399 2407 3511 2464 Hoc

1944 2501 2116 2555 sancti
2140 2500 2454 2565 adventum,
2478 2499 2571 2567 qui
2595 2498 2837 2553 nondum
2853 2507 2973 2552 erat
2994 2498 3334 2561 manifestus,
3360 2512 3514 2567 papa:

1944 2594 2234 2663 signiﬁcat.
2287 2591 2424 2645 Cum
2477 2591 2625 2644 enim
2677 2590 2772 2659 qui
2820 2589 2957 2644 illud
3004 2591 3356 2645 simulacrum
3413 2606 3511 2645 sua

1945 2692 2139 2753 sponte
2185 2682 2451 2737 cecidisse
2485 2682 2757 2747 viderant,
2812 2682 2867 2736 ei
2896 2682 3323 2747 renuntiassent,
3374 2700 3512 2753 papa

1944 2777 2246 2831 continuo:
2272 2774 2318 2829 Ο
2343 2775 2525 2839 amici,
2551 2775 2749 2843 inquit,
2771 2774 2924 2829 adest
2956 2774 3210 2844 Spiridon
3241 2792 3308 2830 es
3345 2778 3515 2830 Irim-

1945 2868 2252 2938 mythuute.
2284 2867 2365 2921 Illi
2391 2876 2576 2920 autem
2609 2877 2981 2936 prmparantes
3014 2871 3128 2937 (eos
3158 2869 3302 2922 enim
3330 2870 3513 2939 jusse-

1946 2969 2030 3013 rat
2051 2960 2100 3013 ei
2128 2959 2206 3013 ire
2240 2958 2865 3027 obviam)oﬁenderunt
2903 2976 3178 3029 magnum,
3211 2964 3301 3031 qui
3333 2963 3512 3017 adhuc

1946 3048 2327 3103 descendebat.
2351 3048 2499 3113 Quos
2518 3047 2655 3102 adeo
2680 3056 2918 3103 remotos
2942 3049 3145 3104 habitat
3172 3050 3322 3107 orbis
3350 3053 3510 3118 ﬁnes,

1944 3141 2037 3212 qui
2066 3156 2173 3195 non
2198 3140 2302 3195 hoc
2342 3139 2665 3194 miraculum
2702 3141 2972 3209 acceperit
2999 3140 3309 3197 auditione?
3337 3142 3515 3197 Nove-

1946 3243 2073 3289 runt
2094 3233 2311 3302 quidem
2329 3232 2632 3303 Byzantini,
2656 3232 2807 3286 novit
2833 3240 3011 3286 autem
3042 3232 3159 3301 ipse
3191 3234 3506 3303 imperator.

1947 3327 2244 3382 Senserunt
2278 3339 2468 3378 omnes
2496 3340 2713 3394 quoque
2744 3323 2927 3390 urbes,
2962 3340 3083 3394 qua
3120 3326 3507 3382 intercedunt:

1946 3427 2003 3473 et
2036 3418 2349 3471 universum
2378 3415 2491 3470 fere
2522 3416 2708 3470 orbem
2744 3427 2904 3471 terra
2933 3417 3234 3485 pervadens
3270 3419 3510 3475 miracu-

1944 3509 2077 3572 lum,
2115 3507 2221 3563 dici
2252 3524 2359 3562 non
2410 3515 2608 3576 potest,
2656 3517 2915 3575 quantam
2966 3509 3170 3574 pararit
3220 3509 3508 3563 utilitatem

1945 3610 2051 3655 tam
2087 3599 2360 3661 ﬁdelibus,
2395 3613 2557 3667 quam
2610 3596 2958 3663 inﬁdelibus;
2987 3599 3073 3651 his
3110 3598 3332 3668 quidem
3374 3615 3509 3653 con-

1940 3690 2113 3745 versis
2137 3689 2205 3744 ad
2234 3690 2513 3759 pietatem,
2542 3696 2597 3742 et
2624 3703 2837 3743 sacrum
2876 3688 3202 3760 baptismum
3236 3693 3509 3760 accipien-

1943 3785 2127 3838 tibus:
2165 3782 2275 3836 illis
2330 3790 2512 3835 autem
2577 3780 2830 3835 stabilius
2876 3781 3117 3837 fundatis
3164 3799 3330 3853 super
3392 3786 3510 3854 ejus

1941 3884 2177 3946 petram.
2222 3872 2347 3927 Haec
2373 3887 2482 3927 non
2508 3871 2756 3941 quadam
2789 3872 2930 3926 nuda
2957 3874 3251 3928 etminime
3280 3876 3507 3943 probam

1941 3965 2171 4028 auditio,
2203 3963 2298 4017 sed
2330 3963 2492 4016 etiam
2544 3962 2718 4029 imago
2752 3962 2994 4031 loquitur
3017 3972 3073 4018 et
3109 3973 3359 4030 testatur,
3388 3983 3509 4035 quae

1913 4068 2050 4113 'stat
2082 4059 2224 4110 inter
2279 4054 2576 4125 porticum,
2637 4054 2733 4122 qui
2786 4054 2988 4108 dicitur
3037 4055 3419 4119 Archonticus,
3455 4071 3510 4111 et

1945 4146 2206 4216 templum
2240 4145 2719 4214 Trimmytbuntis,
2748 4144 2840 4199 ubi
2887 4155 3014 4199 sunt
3048 4161 3216 4201 sacra:
3261 4149 3509 4218 reliquiae.

1946 4240 2273 4311 Spiridonis.
2303 4239 2486 4309 Atque
2520 4239 2610 4292 his
2658 4240 2877 4307 quidem
2908 4254 3031 4293 eum
3084 4240 3208 4295 aliis
3244 4240 3503 4308 dimissis,

1939 4332 2312 4389 accedendum
2364 4339 2469 4397 est,
2506 4340 2568 4386 ut
2611 4345 2799 4386 sumus
2850 4329 3104 4402 polliciti,
3142 4330 3213 4386 ad
3262 4333 3501 4387 divinam

1932 4426 2079 4480 illius
2111 4432 2361 4478 mortem.

1925 4516 2085 4573 Ἀλλά
2148 4519 2257 4589 γὰρ
2308 4516 2417 4570 τῶν
2454 4514 2629 4570 ἀλλων
2670 4515 2994 4585 ἀφεμένους,
3022 4516 3099 4581 ὡς
3130 4517 3164 4588 ἡ
3190 4517 3480 4589 ὑπόσχεσις

344 4696 483 4761 Αςν.
516 4694 719 4761 Θέρους
751 4685 818 4760 ἦν
863 4691 892 4742 ό
936 4689 1148 4760 καιρὸς,
1208 4692 1299 4743 καὶ
1352 4692 1422 4744 τά
1447 4692 1575 4758 λήῖα
1621 4696 1879 4768 Batiam]

1913 4714 1922 4756 ν
2015 4696 2253 4754 XXXVI.
2293 4693 2536 4762 Tempus
2566 4700 2685 4746 erat
2712 4693 2938 4759 astatis,
2964 4703 3018 4748 et
3052 4694 3250 4751 uberes
3289 4708 3502 4767 segetes

269 4788 369 4841 καὶ
416 4786 445 4837 δ
488 4784 698 4853 καρπὸς
748 4780 1012 4850 εῦσταχυς
1054 4783 1149 4832 καὶ
1179 4780 1441 4851 πολύχους
1472 4780 1539 4855 ἦν
1566 4786 1641 4855 τῷ
1673 4789 1830 4857 ἀγίῳ.

278 4880 341 4931 '0
368 4876 424 4929 δέ
481 4873 779 4944 αὐτουργὸς
828 4870 903 4925 ὢν
946 4871 1015 4924 τά
1070 4872 1319 4935 πλεῖστα,
1363 4875 1458 4926 καὶ
1505 4879 1626 4939 ταῖς
1682 4882 1836 4948 χερσὶ

265 4969 573 5041 χρώμενος,
620 4968 803 5033 ἆρπην
853 4963 1116 5032 λαμϐάνει
1175 4965 1241 5033 τῇ
1298 4963 1483 5035 δεξιᾷ,
1543 4969 1635 5021 καὶ
1689 4971 1865 5040 ἀμᾷνν.

266 5062 517 5131 ἄρχεται.
552 5059 741 5125 Ἄφνω
780 5056 836 5108 δέ
865 5054 1095 5123 ψεκάδες
1143 5052 1265 5107 λίαν
1326 5054 1550 5123 λεπταὶ,
1584 5060 1834 5130 μηδαμοῦ

263 5153 393 5205 τότε
414 5148 510 5202 τοῦ
532 5148 669 5202 Θεοῦ
702 5146 915 5213 ὕοντος,
956 5146 1125 5216 μόνην
1154 5147 1252 5214 τὴν
1285 5147 1437 5216 ίεράν
1466 5151 1674 5204 ἐκείνου
1708 5154 1837 5221 βά).-

271 5244 425 5297 λουσι
450 5240 715 5310 κεφαλὴν,
747 5236 1052 5296 δεικνύντος
1100 5236 1250 5307 αὑτῷ
1296 5236 1390 5290 τοῦ
1426 5237 1583 5291 Θείου
1626 5241 1708 5295 ὅτι
1736 5245 1837 5295 κά-

267 5339 447 5399 κεῖνος
479 5334 691 5388 θάλλων
721 5332 840 5394 ταῖς
874 5330 1096 5400 ἀρεταῖς
1127 5323 1215 5384 οἷά
1245 5346 1296 5383 τι
1323 5330 1489 5383 καλὸν
1528 5331 1681 5400 λήϊον
1711 5340 1835 5400 ταῖς

266 5428 487 5498 δρόσοις
546 5424 826 5495 βάλλεται,
883 5423 977 5475 καὶ
1024 5422 1247 5491 ὅτιπερ
1294 5422 1419 5475 ὅσον
1453 5421 1628 5487 οὔπω,
1661 5427 1756 5478 καὶ
1808 5430 1836 5481 6

269 5519 483 5588 καρπὸς
510 5513 663 5577 οὗτος
709 5513 788 5583 τῷ
816 5513 1051 5584 δεσπότῃ
1094 5512 1191 5564 καὶ
1234 5513 1465 5583 γεωργῷ
1514 5517 1837 5587 συγκομίζε-

267 5630 381 5663 ται.
410 5609 596 5678 Τούτῳ
627 5609 682 5660 δέ
707 5606 787 5677 τῷ
818 5605 1104 5675 παραδόξῳ
1150 5606 1243 5657 καὶ
1278 5606 1404 5658 ἄλλο
1430 5624 1481 5659 τι
1529 5610 1836 5677 παραδοξό-

268 5718 427 5772 τερον
453 5699 758 5770 ἠκολούθει.
804 5698 889 5759 Ὠς
928 5696 1037 5767 γὰρ
1065 5699 1294 5760 ἐκεῖνος,
1328 5697 1426 5767 τὴν
1467 5698 1712 5767 κεφαλὴν
1743 5702 1837 5752 αὖ.

270 5792 365 5845 τοῦ
411 5793 478 5861 τῇ
530 5789 681 5860 δεξιᾷ
712 5786 1022 5857 κατασχὼν,
1068 5787 1179 5849 τοῖς
1207 5787 1479 5857 παροῦσιν
1520 5791 1731 5842 ἐδείκνυ
1769 5795 1832 5860 τῇ

269 5887 447 5956 δρόσῳ
476 5884 789 5949 θάλῖεουσαν,
812 5883 1032 5953 -τρίχες
1077 5880 1277 5943 εὐθέως
1320 5881 1512 5947 ξανθαί
1536 5898 1589 5934 τε
1623 5886 1710 5934 καὶ
1747 5885 1837 5951 μέ-

1936 4786 2255 4853 l‘ructusque
2279 4781 2534 4851 cupiosus
2557 4787 2613 4833 et
2642 4781 2922 4850 multiplex
2951 4794 3067 4836 erat
3122 4793 3334 4840 sancto.
3379 4786 3502 4856 Ipse

1936 4886 2139 4940 autem,
2178 4885 2238 4928 ut
2267 4873 2361 4942 qui
2406 4872 2521 4926 suis
2559 4870 2814 4925 manibus
2843 4872 3133 4941 plurimum
3167 4885 3413 4932 uteretur
3442 4880 3496 4933 in

1936 4983 2100 5039 opere
2136 4966 2406 5030 faciendo,
2450 4964 2641 5017 dextra
2690 4965 2893 5034 accipit
2947 4964 3162 5030 falcem,
3202 4980 3258 5023 et
3309 4971 3499 5041 incipit

1920 5057 2177 5115 metere:
2206 5069 2429 5129 repente
2460 5072 2589 5111 vero
2611 5056 2901 5110 admodum
2935 5067 3127 5113 tenues
3149 5068 3317 5129 gutta
3338 5064 3496 5127 roris,

1941 5151 2051 5204 Deo
2087 5160 2215 5203 tunc
2279 5146 2503 5201 minime
2561 5139 2800 5215 pluente,
2858 5146 3034 5199 solum
3091 5161 3304 5202 sacrum
3352 5149 3497 5205 illius

1941 5254 2104 5312 caput
2150 5249 2343 5313 petunt
2375 5255 2389 5294 :
2425 5238 2533 5293 Deo
2567 5238 2670 5292 hoc
2697 5238 2746 5291 ei
2802 5238 3145 5302 ostendente.
3201 5241 3347 5309 quod
3408 5243 3496 5297 ille

1937 5350 2157 5405 quoque
2200 5332 2398 5386 ﬂorens
2451 5330 2762 5393 virtutibus,
2798 5339 3050 5397 tanquam
3108 5332 3333 5401 pulchra
3384 5334 3498 5389 ali-

1938 5441 2041 5496 qua
2069 5438 2243 5493 seges,
2276 5436 2403 5476 rore
2436 5420 2731 5489 appetitur,
2760 5428 2817 5474 et
2866 5422 3008 5489 quod
3056 5420 3202 5475 illico
3235 5423 3326 5477 hic
3357 5438 3495 5491 quo-

1939 5531 2045 5587 que
2090 5515 2301 5569 fructus
2338 5522 2584 5580 portatur
2620 5511 2685 5565 ad
2735 5511 3019 5565 Dominum
3073 5520 3129 5565 et
3183 5515 3492 5582 agricolam.

1940 5606 2093 5661 Hanc
2131 5619 2242 5657 rem
2274 5602 2647 5656 admirabilem
2682 5601 2785 5653 alia
2816 5615 3033 5669 quoque
3059 5615 3347 5657 consecuta
3392 5604 3493 5659 fuit

1938 5696 2332 5752 admirabilior.
2383 5694 2515 5747 Cum
2556 5694 2705 5746 enim
2756 5692 2844 5747 ille
2880 5708 3036 5745 suum
3079 5705 3239 5762 caput
3302 5705 3495 5750 tenens

1939 5788 2148 5843 dextra.
2185 5788 2251 5840 iis
2274 5786 2364 5854 qui
2399 5787 2645 5846 aderant,
2686 5784 3010 5837 ostendebat
3040 5786 3332 5849 roscidum,
3365 5803 3499 5841 con~

1942 5885 2092 5935 tinuo
2121 5879 2301 5949 capilli
2333 5877 2687 5932 efﬂoruerunt
2735 5876 2895 5931 simul
2929 5876 3070 5941 (Livi,
3105 5878 3242 5946 nigri
3274 5890 3332 5933 et
3354 5870 3461 5937 allii
