4260 6430
733 435 841 494 463

1929 424 2215 485 MENSlS
2257 422 2690 484 DECEMBER.

3891 418 4008 482 ιω

734 542 1034 602 nescimus,
1077 537 1334 606 quidnam
1367 533 1473 589 Deo
1505 548 1599 604 per
1655 533 1770 588 haec
1801 532 2164 602 significante.
2224 530 2315 585 ille
2347 541 2394 593 Λ

2347 541 2394 593 Λ
2425 533 2631 594 λαιναι,
2663 533 2758 585 καὶ⁵
2795 531 2988 585 λευκαὶ
3023 531 3243 600 σύναμα
3274 530 3569 601 ἐπήνθουν,
3612 533 3711 585 οὐκ
3741 527 3856 585 οἶδα
3902 533 4011 600 μιν

735 645 921 686 autem
989 643 1137 693 eum,
1178 635 1240 680 ut
1294 625 1532 688 videtur,
1584 623 1931 694 cognovisset
1967 640 1980 676 :
2016 622 2232 687 Sciatis,
2278 638 2310 676 0

739 725 924 783 amici,
967 722 1102 776 dixit
1147 718 1533 790 praesentibus,
1571 715 1717 785 quod
1780 732 1882 786 ego
1922 716 2144 784 quidem
2201 715 2310 784 jam

727 820 940 874 excedo
968 830 998 869 e
1033 826 1296 882 corpore;
1338 825 1528 881 magna
1554 824 1689 862 vero
1732 807 1900 878 gloria
1925 808 2189 862 Dominus
2209 806 2312 860 mei

736 921 996 964 excessus
1038 901 1407 958 circumdabit
1438 899 1782 964 memoriam,
1818 906 1874 953 et
1900 897 2088 952 multis
2129 896 2309 950 homi-

737 1001 903 1057 nibus
938 999 1056 1052 dies
1101 998 1206 1051 mei
1260 995 1530 1049 adventus
1562 998 1668 1047 erit
1716 993 1839 1047 festi
1892 1003 2310 1063 argumentum:

740 1094 903 1163 idque
934 1090 1111 1145 omnis
1153 1101 1284 1143 anas
1327 1096 1550 1157 peraget
1583 1085 1864 1155 splendide
1914 1094 1970 1140 et
2005 1085 2312 1154 magniﬁce,

739 1201 846 1243 tam
879 1202 1174 1258 puerorum
1233 1200 1394 1253 quam
1417 1185 1678 1254 juvenqu
1704 1192 1758 1236 et
1790 1197 2003 1236 senum.
2024 1179 2164 1235 Cum
2197 1181 2315 1236 haec

740 1293 792 1339 et
837 1283 1006 1335 multa
1043 1281 1145 1333 alia
1182 1279 1409 1332 dixisset
1452 1284 1507 1329 et
1553 1275 1911 1345 prazdixisset,
1958 1284 2012 1328 et
2046 1276 2149 1330 alia
2193 1290 2314 1342 qua:

743 1372 1030 1443 Oportebat
1076 1370 1469 1432 admonuisset,
1515 1379 1571 1422 et
1615 1368 1880 1436 quidquid
1932 1377 2050 1422 erat
2109 1369 2315 1421 bonum

742 1474 795 1518 et
858 1464 1094 1516 salutare
1156 1462 1298 1531 apud
1356 1476 1450 1514 eos
1505 1460 1600 1530 qui
1649 1459 1897 1522 aderant,
1940 1460 2210 1521 oratione,
2257 1467 2316 1512 ut

745 1557 912 1611 semel
961 1556 1164 1614 dicam,
1214 1563 1354 1606 esset
1387 1562 1709 1620 persecutus
1757 1565 1810 1604 et
1854 1552 2086 1604 maxime
2130 1551 2196 1606 de
2226 1568 2316 1621 ge-

745 1649 917 1704 nerali
966 1658 1018 1703 ct
1069 1648 1314 1702 omnium
1353 1645 1587 1699 aliarum
1621 1645 1886 1698 virtutum
1941 1645 2193 1708 maxima,
2248 1643 2316 1696 de

748 1743 1036 1807 cbaritate,
1092 1740 1333 1810 inquam,
1371 1739 1426 1792 in
1481 1739 1652 1793 Deum
1702 1749 1758 1792 et
1801 1741 2110 1807 proximum
2145 1739 2320 1792 disse-

749 1835 972 1895 ruisset,
1011 1850 1116 1886 non
1149 1832 1322 1885 multo
1356 1840 1498 1901 post,
1554 1841 1614 1885 ut
1666 1831 1898 1895 dixerat,
1933 1841 2136 1884 castam
2168 1832 2314 1885 illam

2418 621 2446 672 ὃ
2475 636 2528 672 τι
2552 623 2646 673 τοῦ
2674 618 2814 673 Θεοῦ
2862 620 2950 675 διὰ
2995 619 3208 674 τούτων
3237 619 3415 690 ὑποση
3427 621 3712 686 μαίνοντος
3746 634 3761 648 °
3789 620 4009 682 ἐκεῖνος

2416 711 2498 776 δὲ,
2524 711 2597 773 ὡς
2630 712 2799 773 ἔοικε,
2833 714 3020 779 γνοὺς,
3055 713 3222 775 Ἰστε,
3262 711 3430 779 φίλοι,
3473 711 3607 782 πρὸς
3631 713 3759 774 τοὺς
3793 711 4010 779 παρόν-

2416 820 2515 866 τας
2553 799 2729 866 εἶπεν,
2760 804 2834 866 ὠς
2868 803 2982 870 ἐγὼ
3023 804 3122 873 μὲν
3169 803 3269 875 ἤδη
3323 802 3418 857 τοῦ
3466 803 3719 872 σώματος
3747 804 4005 873 ἐκδημιῖη

2418 896 2588 967 πολλῇ
2648 896 2705 950 δὲ
2743 896 2871 969 δόξῃ
2904 899 2932 949 ὁ
2967 896 3174 967 Κύριος
3219 895 3320 966 τὴν
3361 896 3502 967 ἐμὴν
3549 897 3648 965 τῆς
3693 895 4010 964 ἀποδημίας

2423 993 2646 1059 μνήμην
2671 989 2968 1061 περιϐαλεῖ
2993 990 3088 1043 καὶ
3121 989 3335 1052 πολλοῖς
3366 989 3476 1041 τῶν
3506 987 3866 1058 ἀνθρώπωνή
3900 987 4008 1056 τῆς

2415 1080 2680 1150 τελευτῆς
2705 1083 2804 1150 τῆς
2839 1082 2980 1150 ἐμῆς
3029 1082 3217 1152 ἡμέρα
3263 1079 3525 1142 ὑπόθεσις
3575 1079 3773 1149 ἑορτῆς
3821 1080 4007 1144 ἔσται,

2421 1171 2515 1225 καὶ
2547 1173 2852 1241 φιλοτίμως
2891 1172 3098 1243 ταύτην
3126 1173 3313 1243 ἡλικία
3344 1175 3496 1226 πᾶσα
3525 1172 3832 1224 ἐπιτελέσει
3860 1172 4008 1222 νέων

2418 1281 2476 1316 τε
2503 1266 2599 1317 καὶ
2634 1265 2814 1330 μέσων
2850 1267 2942 1317 καὶ
2985 1266 3255 1320 παλαιῶν.
3293 1266 3479 1318 Ταῦτα
3515 1266 3608 1317 καὶ
3636 1265 3808 1316 πολλὰ
3835 1265 4006 1331 ἕτερα

2424 1356 2597 1408 εἰπών
2630 1373 2689 1409 τε
2718 1360 2813 1409 καὶ
2853 1357 3278 1429 προαγορεύσας
3303 1396 3320 1422 ,
3356 1359 3493 1410 ἀλλὰ
3528 1358 3624 1411 καὶ
3660 1357 4007 1426 παραινέσας

2418 1453 2489 1504 τὰ
2511 1451 2724 1516 δέοντα,
2757 1454 2849 1506 καὶ
2880 1454 2987 1504 πᾶν
3009 1455 3173 1506 καλὸν
3203 1453 3294 1504 καὶ
3328 1453 3597 1520 σωτήριον
3633 1453 3691 1503 ἐν
3723 1450 4008 1519 κεφαλαίῳ

2421 1546 2561 1614 πρὸς
2595 1548 2720 1609 τοὺς
2750 1543 3029 1617 παρόντας
3071 1545 3386 1610 διεξελθὼν,
3438 1548 3531 1599 καὶ
3569 1545 3749 1613 πολλῷ
3804 1544 4010 1613 μᾶλλον

2428 1654 2495 1690 πε
2509 1643 2559 1706 pl
2587 1639 2690 1708 τῆς
2724 1641 3102 1710 γενικωτάτης
3129 1640 3224 1693 καὶ
3259 1640 3451 1692 πασῶν
3475 1638 3584 1692 τῶν
3607 1637 3784 1692 ἄλλων
3819 1636 4009 1705 μείζο-

2421 1749 2512 1796 νος
2546 1734 2772 1802 άρετῆς,
2805 1737 2903 1802 τῆς
2936 1735 3016 1794 είς
3068 1733 3160 1785 τὸν
3203 1731 3338 1785 Θεὸν
3395 1732 3642 1800 ἀγάπης,
3684 1731 3850 1798 λέγω,
3909 1731 4006 1781 καὶ

2422 1825 2514 1878 τοῦ
2576 1825 2824 1895 πλησίον,
2862 1825 2979 1894 μετ’
3006 1826 3067 1877 οὐ
3103 1824 3263 1890 πολὺ,
3295 1825 3486 1895 ὥσπερ
3529 1824 3592 1895 δὴ
3631 1826 3722 1877 καὶ
3753 1824 3881 1891 ἔφη,
3911 1823 4012 1892 τὴν

744 1937 800 1982 et
849 1943 1058 1981 sacram
1097 1926 1284 1980 emisit
1331 1927 1596 1991 animam,
1647 1926 1698 1980 in
1745 1927 2060 1994 angelorum
2098 1925 2320 1995 quidem
2356 1932 2398 1989 ft

2356 1932 2398 1989 ῃ
2431 1917 2603 1986 ἁγνὴν
2641 1918 2859 1986 ἐκείνην
2909 1916 3002 1969 καὶ
3075 1917 3230 1986 ἱερὰν
3267 1916 3445 1985 ἀφῆκε
3499 1915 3698 1985 ψυχὴν,
3753 1916 4011 1982 ἀγγέλοις

746 2024 978 2078 chorum
1016 2021 1212 2075 merito
1267 2021 1574 2074 admissus:
1628 2036 1808 2090 neque
1864 2029 2042 2074 tamen
2092 2021 2318 2075 omnino

744 2114 1032 2171 discedens
1069 2114 1135 2167 ab
1167 2113 1502 2176 hominibus,
1530 2113 1624 2167 sel
1679 2128 1828 2167 nunc
1875 2129 2094 2183 quoque
2147 2114 2319 2166 maxi-

748 2224 888 2261 mam
914 2221 1100 2260 curam
1134 2220 1349 2273 gerens,
1385 2203 1602 2274 quando
1629 2203 1808 2258 etDeo
1833 2214 1914 2258 est
1940 2203 2318 2273 propinquior,

747 2307 802 2352 et
828 2298 1017 2367 majori
1051 2295 1194 2366 apud
1223 2310 1348 2350 eum
1380 2295 1581 2350 ﬁducia
1627 2296 1797 2349 utitur
1820 2305 1874 2348 et
1921 2295 2192 2350 libertate.
2229 2299 2325 2349 At—

749 2405 855 2460 que
894 2392 1062 2443 muita
1096 2389 1317 2457 quidem
1374 2396 1496 2458 post
1547 2389 1667 2458 ejus
1744 2387 2028 2441 decessum
2076 2401 2131 2442 ct
2183 2387 2323 2443 facta

750 2491 880 2536 sunt
929 2481 997 2535 ab
1045 2482 1158 2546 illo,
1196 2490 1250 2535 et
1283 2482 1465 2535 adhuc
1493 2479 1653 2534 ﬁunt.
1722 2479 1832 2534 Nos
1883 2490 2090 2546 autem,
2136 2498 2204 2534 ne
2267 2493 2321 2536 et

753 2575 860 2629 line
908 2575 1033 2626 vita:
1084 2573 1334 2643 protinus
1383 2577 1546 2626 etiam
1595 2573 2114 2626 eircumscribamus
2160 2575 2324 2626 mita-

751 2668 895 2734 cula,
955 2682 1131 2737 neque
1163 2680 1352 2721 rursus
1377 2666 1730 2735 scriptionem
1803 2665 2031 2720 nimium
2062 2667 2324 2720 extenda-

751 2775 894 2822 mus,
923 2773 1048 2814 eum
1099 2759 1264 2813 unius
1301 2765 1392 2811 aut
1444 2757 1678 2812 duorum
1729 2759 2160 2821 meminerimus,
2217 2759 2326 2813 Deo

753 2853 997 2916 volente,
1040 2851 1200 2906 linem
1251 2851 1596 2920 imponemus
1639 2852 1896 2906 orationi.

828 2943 1095 3000 XXXVII.
1134 2943 1279 2998 Dixit
1305 2943 1527 3012 quidam
1564 2959 1630 2996 ex
1677 2942 1745 2995 iis
1802 2943 1895 3012 qui
1953 2952 2079 2996 sunt
2125 2944 2328 2998 Christi

753 3050 1020 3097 amantes,
1081 3043 1135 3090 et
1190 3044 1439 3088 sanctum
1496 3033 1716 3102 quidem
1792 3033 2052 3088 ardenter
2121 3046 2327 3101 amant,

756 3137 942 3182 amant
970 3137 1151 3182 autem
1196 3127 1554 3180 nihilominus
1605 3128 1769 3180 etiam
1817 3126 2137 3190 veritatem,
2184 3127 2331 3197 quod

757 3238 880 3276 cum
909 3223 1028 3291 ejus
1045 3221 1162 3273 dies
1184 3220 1356 3273 festus
1375 3219 1747 3273 celebraretur
1791 3217 2123 3286 (celebratur
2149 3228 2330 3272 autem

753 3312 1078 3368 duodecimo
1108 3312 1311 3365 mensis
1362 3310 1736 3376 Decembris),
1779 3311 2011 3363 accessit
2054 3311 2169 3379 ipse
2198 3328 2336 3380 quo-

754 3420 861 3475 que
894 3409 958 3459 ad
1001 3404 1334 3472 sepulcrum,
1366 3411 1620 3471 tanquam
1645 3402 1826 3455 vivum
1841 3402 2197 3464 allocuturus,
2223 3420 2334 3456 ma-

753 3512 914 3568 gnam
967 3496 1021 3548 in
1061 3510 1187 3549 eum
1228 3494 1382 3546 vultu
1414 3494 1728 3562 signiﬁcans
1758 3494 2119 3547 reverentiam
2153 3503 2208 3547 et
2242 3510 2334 3548 ve-

752 3589 1124 3642 nerationem.
1157 3583 1292 3639 Cum
1330 3595 1513 3638 autem
1546 3599 1717 3653 prope
1769 3583 1986 3648 fuisset,
2038 3596 2095 3638 et
2145 3586 2335 3639 oculos

759 3691 907 3733 esset
955 3677 1302 3740 admoturus,
1337 3675 1555 3729 dicebat
1583 3691 1642 3729 se
1675 3683 1878 3728 tantam
1917 3676 2159 3730 divinam
2208 3692 2336 3732 sen-

761 3789 898 3828 sisse
946 3773 1321 3826 visitationem
1371 3770 1523 3824 intus
1571 3780 1913 3839 operantem,
1971 3781 2026 3825 et
2059 3787 2155 3825 cor
2212 3774 2332 3842 ejus

757 3869 894 3921 adeo
922 3875 1260 3934 penetrasse,
1295 3872 1356 3915 ut
1403 3862 1639 3916 sublime
1668 3863 1890 3930 quidem
1939 3863 2107 3917 luerit
2143 3874 2334 3933 raptus

757 3957 977 4026 Spiritu,
1027 3966 1083 4010 et
1113 3956 1278 4020 solas,
1313 3969 1434 4022 qua:
1461 3954 1572 4007 illic
1601 3962 1748 4018 sunt,
1789 3955 1996 4010 visione
2027 3960 2333 4025 perciperet

755 4047 1225 4117 pulchritudines:
1274 4045 1477 4099 oblitus
1505 4045 1727 4115 quidem
1775 4047 2022 4102 omnium
2076 4057 2329 4102 terreno-

758 4156 905 4206 rum;
939 4141 1144 4194 oblitus
1175 4155 1304 4193 vero
1330 4139 1500 4207 ipsius
1526 4153 1743 4207 quoque
1772 4139 2040 4209 corporis,
2072 4142 2330 4209 vocisque

755 4242 812 4285 et
845 4235 1117 4285 sermonis
1152 4247 1317 4299 prope
1360 4245 1591 4299 expers:
1619 4230 1839 4299 jejunus
1865 4247 2105 4301 quoque,
2146 4244 2200 4286 et
2228 4248 2329 4286 ne-

757 4339 862 4390 que
893 4325 1035 4391 apud
1077 4323 1246 4375 ullum
1281 4336 1465 4375 vocem
1491 4322 1768 4383 emittens,
1804 4337 1980 4390 neque
2011 4323 2195 4377 cibum
2235 4330 2323 4376 aut

759 4422 944 4484 potum
1007 4424 1118 4467 toto
1179 4412 1270 4466 illo
1324 4413 1409 4465 die
1451 4412 1766 4476 admittens,
1812 4415 1915 4467 nisi
1958 4416 2132 4468 solum
2177 4413 2324 4482 quod

759 4505 989 4572 sumpsit
1017 4504 1263 4558 divinum
1292 4517 1490 4571 corpus
1521 4511 1574 4569 et
1606 4505 1924 4573 sanguinem
1961 4503 2321 4557 Dominicum.

2430 2009 2530 2078 μὲν
2575 2009 2724 2075 ἄξιος
2780 2008 3146 2080 συγχορευτὴς
3208 2010 3524 2078 γενόμενος,
3586 2009 3646 2061 οὐ
3719 2010 3826 2078 μὴν
3882 2008 4009 2061 οὐδὲ

2427 2103 2612 2154 τέλεον
2673 2103 3042 2169 ἀφιστάμενος
3091 2105 3198 2155 τῶν
3247 2103 3575 2174 ἀνθρώπων,
3604 2101 3862 2155 ἀλλὰκαὶ
3901 2103 4008 2171 μά-

2429 2195 2585 2247 λιστα
2614 2192 2710 2246 νῦν
2740 2195 3163 2264 προϊστάμενον,
3194 2195 3282 2246 ὅτε
3317 2196 3413 2248 καὶ
3468 2197 3859 2265 πλησιέστερὸς
3892 2197 4010 2248 ἐστι

2427 2287 2504 2355 τῷ
2535 2286 2676 2355 Θεῷ,
2704 2289 2799 2340 καὶ
2834 2288 3042 2356 μείζονι
3089 2289 3156 2360 τῇ
3198 2289 3337 2359 πρὲις
3381 2289 3544 2342 αὑτὸν
3571 2291 3838 2359 κέχρηται
3869 2293 4014 2361 παρ-

2430 2383 2618 2453 ρησίᾳ.
2649 2381 2830 2434 Πολλά
2865 2383 2964 2451 μέν
2992 2377 3084 2436 οὖν
3117 2383 3212 2435 καὶ
3237 2383 3306 2435 τά
3337 2384 3474 2452 μετὰ
3505 2383 3603 2453 τὴν
3633 2382 3889 2453 τελευτὴν
3921 2383 4012 2434 ὑπ’

2427 2477 2644 2527 ἐκείνου
2676 2475 2940 2543 γεγονότα
2973 2493 3032 2528 τε
3077 2476 3170 2528 καὶ
3221 2479 3304 2538 εἰς
3351 2476 3432 2528 ἔτι
3483 2477 3767 2546 γινόμενα.
3818 2476 4012 2546 Ἡμεῖς

2427 2568 2484 2621 δὲ
2528 2569 2615 2621 ἵνα
2656 2569 2794 2639 μήτε
2845 2568 2921 2638 τῷ
2969 2569 3112 2621 τέλει
3146 2568 3242 2622 τοῦ
3297 2571 3414 2641 βίου
3465 2571 4012 2640 συμπεριγράψωμεν

2429 2661 2591 2723 εὐθὺς
2616 2661 2802 2715 καὶτὰ
2836 2660 3097 2730 θαύματα
3130 2703 3144 2727 ,
3186 2665 3322 2732 μήτε
3375 2663 3538 2715 πάλιν
3583 2662 3679 2715 ἐπὶ
3729 2662 3864 2714 πολὺ
3916 2663 4014 2730 τὴν

2433 2756 2652 2825 γραφὴν
2679 2755 3028 2825 ἐκτείνωμεν,
3066 2756 3243 2827 ἐνδςῆ
3288 2755 3382 2810 δύο
3434 2757 3894 2828 ἐπιμνησθέντες,
3925 2757 4015 2809 τὸν

2434 2848 2591 2916 λόγον
2623 2850 2680 2899 ἐν
2709 2847 2832 2916 Θεῷ
2863 2847 3318 2910 καταπαύσομεν.

2506 2939 2628 2994 ΔΖ’.
2668 2939 2874 3008 Εἴρηκέ
2907 2956 2986 3000 τις
3010 2939 3118 2990 τῶν
3152 2939 3542 3008 φιλοχρῖστων,
3583 2942 3678 2995 καὶ
3710 2943 4015 3008 φιλούντων

2441 3031 2541 3098 μὲν
2563 3032 2647 3082 δια
2660 3030 2726 3082 πύ
2739 3048 2844 3101 pm;
2868 3031 2958 3083 τὸν
2982 3032 3157 3099 ἆγιον,
3196 3031 3499 3100 φιλούντων
3529 3035 3583 3087 δέ
3607 3036 3704 3104 οὐχ
3728 3031 3892 3106 ἦττον
3922 3038 4015 3089 καὶ

2435 3123 2536 3192 τὴν
2577 3123 2859 3191 ἀλήθειαν,
2908 3125 2991 3176 ὅτι
3051 3125 3153 3192 τῆς
3206 3125 3408 3193 ἑορτῆς
3465 3126 3633 3180 αὐτοῦ
3679 3129 4017 3198 τελουμένης

2439 3214 2699 3276 (τελεῖται
2779 3215 2838 3266 δὲ
2900 3214 3212 3283 δωδεκάτην
3279 3216 3373 3269 τοῦ
3429 3218 3772 3289 Δεκεμϐρίου
3843 3221 4014 3290 μηνὸς

2438 3304 2686 3374 ἄγοντος)
2735 3305 2966 3376 προσῄει
3021 3307 3116 3359 καὶ
3173 3301 3330 3368 οὗτος
3385 3307 3466 3378 τῷ
3524 3314 3704 3381 τάφῳ,
3763 3313 4015 3386 καθάπερ

2438 3395 2599 3458 ζῶντι
2625 3396 2836 3463 μέλλων
2865 3401 3202 3467 περιτυχεῖν,
3238 3399 3440 3470 πολλὴν
3463 3403 3570 3453 ἀπὸ
3597 3403 3691 3454 τοῦ
3722 3405 4017 3473 προσώπου

2440 3490 2726 3557 σημαίνων
2759 3490 2859 3560 τὴν
2886 3490 3021 3560 πρὸς
3056 3492 3223 3545 αὑτὸν
3251 3492 3386 3546 αίδὼ
3414 3496 3507 3546 καὶ
3533 3495 3842 3550 εὐλάϐειαν.
3862 3498 4018 3551 Ἐπεὶ

2436 3580 2493 3632 δὲ
2563 3582 2659 3633 καὶ
2712 3581 2946 3652 πλησίον
3005 3579 3118 3651 ἦν,
3185 3587 3280 3637 καὶ
3336 3585 3666 3653 παραθεῖναι
3720 3589 3820 3651 τὰς
3864 3590 4018 3658 ὄψεις

2438 3670 2655 3740 ἔμελλε,
2692 3672 2999 3742 Τοσαύτης,
3028 3677 3234 3739 ἐκεῖνος
3271 3676 3474 3743 ἔλεγεν,
3516 3681 3820 3747 ἐπισκοπῆς
3865 3681 4017 3744 θείας

2438 3763 2691 3835 ᾐσθόμην
2728 3765 2880 3819 ἔνδον
2903 3767 3333 3836 ἐνεργουμένης,
3361 3773 3456 3823 καὶ
3488 3770 3663 3835 οὕτως
3695 3774 3867 3844 αὐτην
3912 3793 4015 3842 μου

2437 3856 2720 3927 διελήλυθε
2751 3857 2852 3928 τὴν
2904 3861 3160 3930 καρδίαν,
3201 3862 3278 3926 ὡς
3322 3863 3600 3933 μετέωρόν
3642 3884 3708 3936 με
3759 3868 4019 3934 γενέσθαι

2433 3946 2510 4016 τῷ
2559 3949 2857 4018 πνεύματι,
2926 3952 3020 4003 καὶ
3075 3953 3216 4021 μόνα
3261 3955 3332 4009 τὰ
3371 3956 3584 4009 ἐκεῖθεν
3647 3959 4016 4026 φαντάζεσθαι

2434 4038 2606 4107 κάλλη
2631 4078 2646 4101 ,
2710 4041 3098 4109 ἐπιλαθόμενον
3164 4046 3262 4110 μὲν
3319 4047 3427 4100 τῶν
3508 4048 3714 4118 γηΐνων
3773 4052 4015 4117 πάντων,

2433 4129 2830 4199 ἐπιλαθόμενον
2887 4133 2946 4186 δὲ
3002 4135 3096 4186 καὶ
3147 4137 3312 4190 αὑτοῦ
3371 4139 3648 4208 σώματος,
3682 4145 3777 4194 καὶ
3829 4145 4015 4212 σχεδον

2435 4221 2650 4287 άφωνόν
2697 4239 2756 4274 τε
2811 4225 2906 4276 καὶ
2948 4226 3246 4295 ἄφθογγον,
3295 4230 3370 4289 ὡς
3411 4231 3467 4283 δέ
3517 4235 3611 4286 καὶ
3645 4235 3832 4288 ἄσιτον
3861 4238 4012 4299 ὄντα,

2431 4313 2527 4364 καὶ
2557 4315 2694 4382 μήτε
2727 4315 2866 4384 πρός
2897 4333 3019 4368 τινα
3044 4321 3228 4386 φωνὴν
3264 4323 3611 4391 προῑέμενον,
3645 4327 3783 4394 μήτε
3809 4331 4016 4398 τροφὴν

2430 4405 2462 4475 ἢ
2499 4406 2661 4458 πόσιν
2694 4408 2824 4478 παρ’
2849 4408 2978 4478 ὃλην
3009 4411 3225 4478 ἐκείνην
3258 4414 3357 4482 την
3395 4417 3614 4487 ἡμέραν
3645 4423 4013 4488 προσιέμενον

2427 4497 2592 4561 ὅλως,
2640 4499 2722 4551 ὅτι
2763 4501 2837 4569 μὴ
2878 4502 3043 4570 μόνου
3098 4505 3475 4574 μεταλαχόντα
3528 4509 3621 4561 τοῦ
3670 4513 4011 4566 Δεσποτικοῦ

760 4597 929 4648 Porro
983 4604 1162 4648 autem
1225 4594 1358 4647 alias
1417 4611 1633 4663 quoque
1670 4596 1721 4648 ei
1754 4595 1960 4650 exstitit
2002 4595 2322 4649 miraculum
2351 4607 2442 4674 D1

2351 4615 2405 4674 Ι)
2431 4592 2524 4642 καὶ
2556 4591 2703 4642 θείου
2746 4592 3004 4663 σώματός
3037 4611 3097 4646 τε
3127 4596 3221 4648 καὶ
3255 4598 3508 4667 αἵματος.
3561 4600 3788 4654 Ἀλλοτε
3825 4607 4011 4672 μέντοι

756 4687 1090 4751 evidentius;
1124 4697 1207 4741 est
1238 4703 1366 4741 vero
1393 4688 1587 4741 modus
1622 4687 1689 4740 ad
1739 4688 2074 4741 narrandum
2118 4689 2325 4758 jucun-

763 4779 1043 4833 dissimus.
1078 4779 1172 4833 llle
1203 4779 1448 4849 quidem,
1495 4787 1554 4831 ut
1593 4779 1748 4842 dixit,
1782 4795 1906 4834 cum
1956 4795 2082 4835 eum
2139 4795 2332 4835 rursus

761 4874 883 4941 ejus
907 4873 1023 4926 dies
1049 4873 1224 4925 festus
1245 4872 1519 4933 invitaret.
1551 4875 1779 4928 accessit
1807 4873 2330 4943 Trimmytliuntem,

766 4975 822 5020 et
878 4980 1118 5034 capsam,
1158 4980 1278 5033 qua:
1309 4964 1482 5020 sancti
1535 4965 1847 5020 continebat
1914 4966 2191 5035 reliquias,
2238 4965 2333 5020 ad-

763 5071 928 5110 orans
975 5065 1027 5110 et
1075 5055 1433 5124 amplectens,
1462 5056 1717 5112 similiter
1749 5057 1965 5126 quidem
2021 5057 2212 5111 habuit
2240 5073 2335 5112 cor

766 5148 1034 5217 repletum
1079 5147 1318 5213 lumine;
1372 5147 1629 5217 impletus
1669 5158 1754 5204 est
1796 5159 1976 5203 autem
2020 5152 2070 5204 ei
2115 5165 2333 5220 quoque

765 5239 982 5294 animus
1047 5238 1346 5306 voluptate,
1402 5249 1458 5292 et
1506 5254 1751 5307 quaenam
1813 5241 1955 5292 bona
2019 5248 2335 5309 exspectant

762 5337 1004 5391 sanctos,
1053 5344 1148 5398 per
1177 5328 1465 5398 praesentia
1494 5371 1509 5396 ,
1557 5330 1736 5399 quoad
1786 5331 1907 5400 ejus
1963 5330 2081 5384 ﬁeri
2131 5335 2332 5400 potuit,

764 5420 1024 5490 conjecit.
1053 5420 1258 5475 Deinde
1290 5421 1388 5475 ivit
1417 5420 1485 5475 ad
1520 5422 1812 5489 nundinas,
1838 5432 1898 5476 ut
1938 5425 2330 5492 supellectilem

763 5515 1056 5586 quamdam
1104 5523 1334 5579 emeret,
1388 5523 1443 5568 et
1477 5516 1823 5578 vestimenta,
1878 5523 1938 5568 ut
1971 5516 2039 5569 iis
2083 5516 2336 5570 indueret

761 5617 1035 5675 pauperes
1067 5614 1123 5660 et
1165 5619 1388 5676 egenos,
1437 5613 1623 5673 utpote
1651 5605 1796 5673 quod
1844 5616 2057 5676 tempus
2096 5596 2223 5660 anni
2267 5606 2335 5661 ad

765 5695 822 5750 id
848 5705 1092 5760 vocaret,
1122 5697 1406 5752 eratcnim
1434 5694 1628 5764 frigus.
1660 5696 1795 5751 Cum
1820 5713 1884 5751 ea
1915 5715 2045 5769 ergo
2073 5699 2334 5753 adornas-

762 5801 869 5854 let,
910 5801 962 5843 et
1016 5790 1239 5843 domum
1288 5787 1532 5842 eundum
1565 5801 1725 5854 esset,
1786 5806 1884 5844 usu
1927 5792 2000 5844 ita
2050 5802 2331 5860 poscente,

758 5892 879 5940 erat
933 5883 1152 5953 quidem
1207 5883 1436 5937 uunium
1495 5898 1820 5948 concursus,
1857 5895 1912 5938 ut
1957 5885 2090 5939 soiet
2123 5884 2334 5950 liictue;

2432 4685 2528 4735 καὶ
2558 4685 2955 4754 ἐναργέστερον
2994 4688 3145 4756 αὑτῷ
3176 4690 3238 4741 τὸ
3289 4691 3476 4759 θαῦμα
3527 4693 3793 4762 κατέστη.
3843 4698 3938 4748 καὶ
3984 4697 4011 4747 ὀ

2431 4774 2631 4842 τρόπος
2688 4773 2980 4838 διεξελθεῖν
3032 4775 3412 4844 χαριέστατος.
3487 4780 3545 4830 '0
3599 4782 3720 4850 μὲν,
3755 4784 3833 4843 ὡς
3882 4785 4013 4854 ἔφη,

2439 4863 2536 4931 τῆς
2574 4865 2771 4935 ἑορτῆς
2808 4867 2972 4919 αὐτὸν
3005 4868 3159 4929 αὖθις
3191 4871 3654 4942 παρακαλούσης,
3689 4877 3770 4936 εἰς
3811 4876 4010 4946 Τριμιο

2436 4955 2631 5008 θοῦντα
2671 4959 2994 5028 γενόμενος,
3043 4961 3135 5013 καὶ
3187 4961 3286 5031 τὴν
3333 4961 3491 5032 σορὸν
3533 4963 3570 5033 ἡ
3602 4966 3670 5018 τὰ
3700 4965 3799 5018 τοῦ
3853 4969 4010 5036 ἁγίου

2437 5047 2668 5118 λείψανα
2709 5052 2976 5120 περιεῖχε,
3018 5053 3345 5119 προσκυνῶν
3374 5070 3432 5106 τε
3478 5057 3574 5106 καὶ
3603 5057 4008 5124 ἀσπαζόμενος,

2437 5141 2729 5211 ἐπληρώθη
2771 5141 2869 5211 μὲν
2903 5143 3105 5212 ὁμοίως
3137 5145 3236 5215 τὴν
3271 5147 3499 5216 καρδίαν
3532 5152 3734 5216 φωτὸς,
3765 5152 4012 5222 ἐπλήσθη

2435 5234 2492 5285 δὲ
2526 5233 2624 5303 τὴν
2657 5235 2836 5304 ψυχὴν
2868 5235 3083 5304 ἡδονῆς,
3118 5239 3211 5290 καὶ
3238 5235 3328 5292 οία
3358 5239 3425 5290 τὰ
3469 5242 3595 5304 τοὺς
3627 5243 3812 5307 ἁγίους
3863 5260 4013 5314 παρις

2442 5327 2677 5396 μένοντα
2703 5327 2887 5396 ἀγαθὰ
2920 5329 3008 5383 διὰ
3035 5329 3144 5383 τῶν
3174 5333 3461 5402 παρόντων
3495 5334 3570 5396 ὡς
3593 5336 3714 5388 ἐνὸν
3750 5338 4007 5406 ιτεκμαίο

2439 5436 2566 5490 ρετο
2592 5435 2606 5449 ο
2642 5420 2838 5474 ἔπειτα
2892 5424 2987 5475 καὶ
3041 5425 3122 5486 είς
3166 5425 3265 5493 τὴν
3311 5431 3623 5498 πανήγυριν
3660 5429 3768 5499 ᾔει,
3800 5430 4007 5482 ἔπιπλα

2436 5511 2500 5581 δή
2525 5529 2646 5565 τινα
2669 5513 2984 5581 ὠνήσασθαι
3020 5517 3114 5569 καὶ
3145 5517 3457 5593 ἐσθήματα,
3491 5521 3686 5590 πένησι
3719 5522 3815 5575 καὶ
3867 5523 4005 5574 dno-

2439 5623 2554 5678 ροις
2615 5606 2934 5677 περιϐολὴν,
2987 5611 3084 5662 ἇτε
3133 5609 3198 5680 δὴ
3256 5611 3352 5664 καὶ
3395 5615 3491 5682 τῆς
3524 5612 3674 5683 ὧρας
3717 5616 3798 5676 εις
3852 5613 4006 5666 τοῦτο

2440 5699 2739 5768 καλούσης,
2775 5699 2950 5769 ψῦχος
2978 5701 3087 5770 γὰρ
3117 5696 3204 5771 ἦν.
3256 5703 3408 5756 Ἐπεὶ
3451 5700 3546 5758 οὖν
3587 5707 4004 5771 ἐνεσκευάσατο,

2441 5793 2535 5844 καὶ
2570 5793 2677 5846 ἔδει
2711 5796 2906 5864 φοιτᾷν
2949 5793 3134 5848 οἴκαδε
3171 5795 3361 5866 χρείας
3405 5797 3761 5868 ἐπειγούσης,
3785 5798 4004 5868 συνδροο

2445 5885 2519 5956 μὴ
2547 5887 2664 5955 μὲν,
2701 5881 2790 5940 οἷα
2821 5885 3116 5956 χειμῶνος,
3150 5887 3328 5956 νεφῶν
3372 5883 3464 5959 ἦν,
3502 5889 3714 5959 ὗμσρου
3743 5889 3798 5943 δι
3840 5907 4006 5943 κατα.
