4260 6430
286 414 395 481 465

1496 414 1673 475 νΙΤΑ
1716 417 1774 476 S.
1824 415 2044 476 SPYRI
2056 415 2207 477 DON
2215 410 2288 474 IS

3422 411 3526 475 466

283 534 428 601 φορὰ
461 532 739 600 ἠπειλιῐτο
791 532 1021 604 σφοδρὰ,
1075 532 1171 588 καὶ
1215 535 1246 604 ἡ
1287 533 1510 603 φροντὶς
1562 534 1623 586 οὗ
1681 536 1914 602 μικραΑ

1914 541 1934 593 t
1961 528 2374 585 intentabantur
2401 536 2581 583 autem
2621 528 2781 582 minae
2808 525 3152 582 vehementis
3176 525 3371 585 futurae
3402 528 3519 595 plu-

281 621 429 676 oi'mo
451 624 918 694 ταλαιπωροῦντι,
958 625 1053 678 καὶ
1082 625 1177 679 τὸν
1200 624 1403 696 φόρτον
1443 624 1738 693 παραδόντι
1780 622 1856 692 τῷ

292 716 457 787 and,
492 718 593 788 τὴν
622 722 682 782 ὲς
710 718 779 772 τὰ
807 722 986 773 οἰκεῖα
1012 719 1236 788 τέμνειν
1284 720 1425 774 ὁδόν.
1482 718 1854 790 Προϐαλλεται

286 807 420 873 γοῦν
446 808 548 877 τὴν
578 809 792 879 ἀγαθὴν
822 811 1036 873 ἐλπίδα,
1078 812 1175 864 καὶ
1228 811 1300 864 τὰ
1339 811 1566 873 ἔπιπλα,
1614 811 1709 862 καὶ
1748 800 1863 862 πᾶν

281 900 406 950 ὅσον
436 901 493 949 έν
525 900 825 968 ἐσθήμασι,
858 901 971 963 τοῖς
1012 903 1328 968 ὑποζυγίοις
1356 901 1661 970 ἐνθέμενος,
1692 901 1854 964 αὐτὸς

282 990 361 1056 τῷ
386 990 578 1043 τούτου
616 992 944 1061 προστρέχει
971 992 1107 1058 ναῷ,
1138 995 1232 1045 καὶ
1254 993 1327 1056 ὥς
1356 990 1467 1063 εἶχε
1500 998 1564 1064 τῇ
1597 995 1738 1065 θήκῃ
1768 1014 1854 1048 πε-

288 1081 551 1156 ριχυθεὶς,
581 1083 677 1134 καὶ
720 1080 806 1135 οἷα
852 1084 1018 1147 ζῶντι
1054 1083 1277 1152 θερμῶς
1327 1088 1587 1154 περιφὺς,
1622 1089 1851 1140 αιτεῖται

283 1173 615 1241 κοινωνῆσαι
680 1174 831 1245 αὐτῷ
884 1176 986 1243 τῆς
1038 1177 1202 1239 ὁδοῦ,
1238 1179 1331 1230 καὶ
1371 1176 1596 1248 ἡγεμὼν
1650 1178 1855 1244 ἀγαθὸς

283 1264 538 1331 γενέσθαι
572 1265 724 1334 αὑτῷ
755 1283 813 1319 τε
846 1270 938 1319 καὶ
969 1271 1082 1332 τοῖς
1119 1269 1216 1321 σὺν
1251 1269 1399 1337 αὐτῷ
1433 1271 1601 1322 πᾶσιν
1629 1310 1644 1335 ,
1689 1269 1854 1323 551:0-

287 1354 381 1425 ρόν
436 1372 493 1407 τε
540 1357 724 1419 αὐτοῖς
770 1359 867 1428 τὴν
901 1359 1017 1411 ὁδὸν
1053 1360 1281 1428 ποιῆσαι
1328 1362 1436 1415 τῶν
1475 1362 1704 1431 ὄμϐρων
1754 1364 1852 1433 τὴν

284 1446 518 1516 ἀπειλὴν
551 1451 643 1501 καὶ
668 1451 996 1519 πνευμάτων
1024 1454 1319 1521 ἐπισχόντα
1347 1454 1446 1524 τὴν
1476 1454 1620 1523 βίαν.
1668 1456 1726 1508 ’0
1757 1459 1855 1524 μὲν

284 1536 458 1589 ταῦτα
509 1538 806 1607 εὐξάμενος
860 1542 957 1608 τῆς
1031 1543 1420 1613 Τριμιθοῦντος
1475 1545 1643 1615 ἐξῄει.
1698 1546 1756 1597 Ὀ
1798 1547 1854 1599 δὲ

284 1628 461 1694 ἅγιος,
528 1630 717 1702 ὥσπερ
772 1633 868 1685 καὶ
929 1628 1087 1697 οὗτος
1140 1636 1388 1705 ηὔξατο,
1451 1638 1550 1691 οὐκ
1608 1640 1855 1709 ἀοράτως

291 1722 477 1789 μόνον,
509 1724 646 1775 ἀλλὰ
675 1724 770 1776 καὶ
814 1726 1025 1794 ὁρατῶς
1079 1728 1178 1799 ἤδη
1219 1730 1307 1782 διὰ
1340 1731 1522 1798 πάσης
1552 1734 1701 1802 αὑτῴ
1754 1732 1855 1800 τῆς

287 1815 437 1879 ὁδοῦ,
492 1816 747 1886 καθάπερ
787 1820 896 1869 τῶν
927 1821 1223 1890 ὁδοιπόρων
1264 1820 1364 1887 εἷς,
1408 1827 1723 1893 συμπαρῆν.
1792 1826 1853 1877 Ὀ

1958 625 2081 689 viae;
2116 631 2172 677 et
2198 637 2306 677 non
2341 636 2530 691 parum
2549 629 2665 674 erat
2698 620 2986 681 sollicitus.
3014 633 3142 672 num
3173 620 3247 672 ita
3271 617 3518 677 amictus,

1968 729 2096 768 cum
2145 728 2289 768 onus
2338 710 2652 767 tradidisset
2690 712 2909 781 pluvia),
2941 710 3167 764 deberet
3199 711 3522 780 compendio

1958 806 2182 859 domum
2210 804 2315 858 iter
2340 804 2574 873 ingredi.
2618 803 2818 856 Bonam
2850 804 3030 871 itaque
3078 816 3225 869 spem
3264 802 3367 856 sibi
3400 818 3523 871 pro-

1958 896 2141 966 ponit:
2170 905 2375 949 etcum
2410 894 2824 963 supellectilem,
2858 904 2912 946 et
2943 893 3208 961 quidquid
3264 902 3382 946 erat
3424 910 3517 947 ve-

1958 986 2424 1054 stium,jumentis
2453 988 2815 1052 imposuisset,
2835 988 2949 1051 ipse
2970 986 3145 1037 currit
3167 984 3232 1037 ad
3263 983 3521 1052 templum

1961 1070 2195 1135 Domini,
2241 1084 2297 1127 et
2325 1073 2503 1126 loculo
2536 1072 2917 1133 circumfusus.
2964 1082 3018 1124 et
3049 1081 3300 1141 tanquam
3340 1073 3521 1126 vivum

1956 1165 2213 1219 ardenter
2240 1166 2541 1233 amplexus,
2588 1175 2759 1232 rogat.
2795 1175 2852 1217 ut
2880 1165 2950 1216 sit
2997 1164 3047 1217 ei
3094 1168 3193 1217 via:
3235 1180 3417 1218 comes
3467 1175 3523 1220 et

1957 1255 2135 1310 bonus
2161 1259 2290 1315 dux.
2323 1257 2483 1324 eique
2519 1268 2573 1309 et
2599 1256 2711 1309 suis
2736 1258 2989 1309 omnibus
3033 1256 3267 1309 faustum
3300 1265 3354 1310 et
3396 1257 3522 1312 felix

1962 1346 2065 1400 iter
2133 1347 2391 1414 przebeal,
2445 1347 2698 1399 imbrium
2749 1348 2924 1401 minas
2970 1356 3024 1401 et
3065 1348 3173 1400 vim
3223 1350 3522 1417 reprimens

1958 1446 2268 1490 ventorum.
2301 1439 2393 1491 ille
2433 1438 2654 1504 quidem
2694 1438 2806 1492 haec
2844 1447 3117 1508 precatus,
3144 1440 3308 1493 exite
3342 1440 3521 1493 Trim-

1959 1530 2264 1600 mythunte.
2329 1529 2558 1584 Sanctus
2591 1541 2794 1592 autem,
2830 1532 2971 1585 sicut
2997 1532 3109 1599 ipse
3140 1531 3313 1584 fuerat
3337 1548 3523 1601 preca-

1960 1630 2066 1680 tus.
2101 1636 2207 1674 non
2241 1621 2414 1674 solum
2441 1620 2654 1689 fugiens
2689 1621 2960 1681 obtutum.
3003 1621 3097 1675 sed
3133 1622 3295 1676 etiam
3326 1624 3523 1678 cadens

1959 1714 2060 1765 sub
2090 1713 2299 1774 oculos,
2338 1728 2434 1779 per
2473 1723 2636 1765 totam
2666 1714 2804 1765 viam
2827 1714 2987 1767 simul
3018 1714 3229 1774 aderat,
3264 1724 3518 1783 tanquam

1960 1817 2103 1855 unus
2128 1818 2192 1855 ex
2218 1802 2541 1857 viatoribus.
2572 1805 2752 1857 Pluvia
2779 1821 2905 1858 vero
2928 1823 2990 1858 ex
3017 1807 3335 1859 confusione
3359 1809 3520 1873 aeris,

284 1906 343 1960 δέ
401 1924 465 1974 γε
514 1908 742 1978 ὁμόρος,
780 1913 844 1979 τῇ
881 1929 937 1963 τε
976 1913 1071 1966 τοῦ
1120 1915 1282 1983 ἀέρος
1338 1917 1596 1985 συγχύσει
1629 1922 1693 1986 τῇ
1730 1937 1852 1970 συν·
1890 1902 1914 1955 ί

1914 1903 1928 1955 ι
1958 1902 2014 1948 et
2042 1908 2310 1946 concursu
2346 1896 2593 1951 nubium.
2622 1906 2681 1949 ut
2703 1896 2868 1949 semel
2917 1896 3113 1957 dicam.
3146 1897 3517 1965 impendebat:

285 1997 499 2052 ελεύσει
523 2017 581 2051 τε
615 2001 723 2052 τῶν
748 2002 947 2068 νεφῶν,
966 2005 1039 2067 ὡς
1068 2009 1265 2071 εἰπεῖν,
1295 2009 1595 2077 ἐπήρτητο,
1626 2014 1690 2080 τῇ
1727 2012 1852 2064 τού-

283 2105 380 2141 του
408 2089 465 2141 δὲ
488 2092 714 2157 δυνάμει
745 2095 1029 2162 κατείχετο
1058 2138 1071 2160 ,
1119 2098 1212 2150 καὶ
1244 2098 1343 2166 τῆς
1374 2103 1542 2167 φορᾶς
1595 2103 1851 2154 ἀνεστέλ-

285 2180 433 2234 λετο.
466 2182 593 2236 Ὀτε
617 2185 672 2236 δὲ
701 2186 793 2237 καὶ
817 2186 907 2237 τὸν
934 2182 1080 2239 οἷκον
1117 2190 1415 2241 κατέλαϐεν
1448 2194 1473 2243 ό
1506 2192 1664 2261 ἀνὴρ,
1698 2195 1723 2243 ό
1757 2200 1853 2260 μὲν

283 2274 484 2325 αὐτίκα
552 2276 763 2341 γίνεται
823 2278 1034 2345 ἀφανὴς
1067 2295 1080 2309 ο
1114 2279 1210 2331 τοῦ
1249 2281 1305 2332 δὲ
1358 2282 1518 2333 πάλιν
1571 2286 1600 2350 ἡ
1657 2286 1853 2352 καρδία

284 2365 427 2429 φωτὶ
475 2366 695 2435 ἀρρήτῳ
758 2367 1192 2435 περιελάμπετο,
1257 2368 1349 2420 καὶ
1412 2373 1553 2440 χαρᾷ
1601 2371 1850 2440 διεχεῖτο,

286 2454 544 2523 καθάπερ
593 2458 880 2528 ἀφειμένης
931 2461 1101 2526 αὐτῆς
1174 2460 1267 2513 τοῦ
1332 2462 1489 2528 ἁγίου
1526 2502 1540 2525 ,
1613 2467 1703 2515 καὶ
1755 2466 1851 2533 τῆς

288 2548 498 2605 οἰκείας
537 2552 859 2617 μεταδόντος
892 2553 1235 2623 εὐφροσύνης
1270 2554 1363 2607 καὶ
1396 2556 1610 2625 ἡδονῆς.
1658 2557 1854 2610 ’11νὲκα

285 2638 342 2689 δὲ
373 2641 399 2690 ό
440 2641 535 2707 μὲν
567 2640 723 2705 ἅγιος
752 2643 985 2712 ἀφανὴς,
1020 2645 1046 2695 ὁ
1086 2644 1141 2696 δὲ
1184 2646 1322 2714 ἀνὴρ
1354 2648 1485 2698 εἵσω
1530 2649 1718 2715 γέγονε
1755 2650 1854 2717 τῆς

284 2729 487 2790 οἰκίας,
550 2732 750 2783 αὐτίκα
800 2736 894 2785 καὶ
949 2734 1101 2795 ύετδς
1159 2735 1474 2803 ἠκολούθει,
1553 2737 1697 2789 πάνυ
1753 2739 1854 2806 μὲν

291 2822 573 2891 ῥαγδαῖος,
608 2823 751 2877 οὕτω
780 2824 835 2876 δὲ
877 2826 970 2878 καὶ
1002 2827 1336 2894 παρατείνας
1371 2829 1621 2891 ἐπιπολὺ,
1652 2831 1728 2893 ὡς
1760 2833 1856 2884 καὶ

286 2917 369 2975 εἰς
397 2918 547 2981 τρεῖς
590 2916 715 2979 ὅλας
748 2917 958 2983 ἡμέρας
1010 2918 1083 2987 μὴ
1115 2919 1377 2972 ἐκλιπεῖν.
1428 2921 1535 2971 Καὶ
1568 2923 1687 2974 τότε
1743 2923 1842 2990 μὲν

282 3006 433 3057 οὕτω
465 3005 562 3074 τὴν
595 3007 921 3075 δυσχέρειαν
955 3009 1052 3078 τῆς
1084 3010 1227 3067 ἑδεῦ.
1267 3011 1454 3065 ἄλλοτε
1485 3012 1539 3065 δὲ
1571 3014 1662 3067 καὶ
1690 3015 1857 3084 ἄλλην

286 3097 529 3163 ἀθυμίαν
560 3099 707 3166 αὐτῷ
748 3100 1010 3153 διέλυσεν.

359 3190 489 3241 ΑΠ’.
534 3190 747 3259 Ἡμέρα
783 3194 882 3257 μὲν
913 3195 1010 3260 τῆς
1044 3194 1236 3261 ἑορτῆς
1271 3196 1433 3262 ἤγετο
1461 3196 1552 3248 τοῦ
1588 3198 1848 3266 μεγάλου,
1881 3233 1922 3270 ρ

283 3286 491 3349 ἄπορον
514 3282 569 3334 δὲ
594 3284 669 3350 τῷ
699 3284 851 3352 ἀνδρὶ
877 3280 1184 3354 ἀπαντῆσαι
1216 3288 1397 3350 πάλιν,
1423 3290 1515 3340 καὶ
1538 3290 1596 3341 τὸ
1620 3293 1853 3359 πρᾶγμα

293 3374 552 3443 συμπρορά
598 3375 773 3427 ἐδόκει
810 3376 980 3444 αὐτῷ,
1018 3379 1109 3429 καὶ
1147 3377 1215 3429 δι’
1256 3380 1417 3448 εὐχῆς
1453 3381 1713 3445 ἐποιεῖτο,
1756 3384 1853 3453 τῆς

287 3464 556 3531 συνήθους
593 3466 900 3532 ἐπισκοπῆς
927 3484 983 3517 τε
1020 3468 1112 3519 καὶ
1146 3467 1368 3535 χάριτος
1403 3471 1476 3537 μὴ
1537 3474 1848 3541 ἀποτυχεῖν.

287 3555 356 3609 Τί
394 3556 486 3608 οὖν
516 3555 673 3609 οὔπω
723 3558 898 3627 πέρας
952 3558 1256 3627 ἔλάμὸανεν
1298 3563 1328 3629 ἡ
1375 3562 1529 3629 εὐχὴ,
1563 3566 1657 3614 καὶ
1705 3567 1854 3633 παρᾶ

284 3649 380 3698 τὸν
439 3650 566 3700 ναὸν
626 3648 804 3712 ἔδοξεν
866 3651 1105 3715 ἀπιέναι,
1172 3653 1264 3703 καὶ
1315 3653 1431 3721 ἃμα
1481 3654 1579 3720 τῆς
1644 3656 1850 3710 ἐκείνου

286 3737 487 3807 ⁴ᾔσθετο
534 3741 840 3806 παρουσίας
886 3742 977 3793 καὶ
1007 3740 1112 3808 τῆς
1142 3742 1201 3805 ἐξ
1228 3741 1381 3804 ἔθους
1413 3744 1730 3814 ἐλὶάμῷεως
1763 3749 1852 3799 καὶ

290 3830 633 3899 γλυκύτητος
683 3830 986 3890 ἐκοινώνει,
1033 3832 1171 3901 πρός
1217 3851 1273 3884 τε
1300 3838 1391 3886 τὸν
1428 3837 1552 3888 ναὸν
1581 3840 1855 3891 συνεισελ-

288 3925 403 3975 θεῖν
436 3923 583 3992 αὖτῷ
616 3923 779 3992 ἐῴκει
812 3924 905 3975 καὶ
934 3925 1092 3986 αὐτὸς
1118 3927 1575 3995 προσευξόμενος,
1605 3931 1697 3982 καὶ
1728 3949 1853 3983 συν-

287 4017 428 4066 εῖναι
484 4016 612 4081 παρ’
662 4015 791 4081 ὅλην
844 4014 992 4081 αὐτῷ
1038 4014 1139 4084 τὴν
1194 4016 1522 4082 δοξο).ογὶαν,
1563 4015 1681 4071 εἶτα
1751 4021 1845 4073 καὶ

288 4106 501 4166 πάντας
555 4104 927 4173 εὐλογήσαντα
988 4105 1116 4166 τοὺς
1160 4107 1459 4174 παρόντας,
1517 4112 1608 4161 ἐπὶ
1660 4112 1848 4173 τέλους
1908 4108 1914 4114 ’

287 4196 612 4263 ἀποστῆναι.

358 4289 486 4342 ΛΘ’.
530 4286 687 4357 Ἑμοὶ
739 4289 838 4357 μὲν
890 4291 917 4342 ό
972 4289 1127 4357 λόγος
1182 4292 1228 4342 εἰ
1286 4292 1378 4343 καὶ
1423 4293 1495 4361 μὴ
1534 4294 1602 4346 τὰ
1640 4296 1850 4350 ἐκείνου

292 4381 494 4444 πάντα,
538 4381 661 4434 ἀλλ’
697 4377 790 4435 οὖν
817 4383 1089 4449 ἀρκοῦντα
1117 4385 1233 4446 τοῖς
1264 4384 1572 4453 φιλαρέτοις
1610 4387 1850 4455 εἴρηκεν.

290 4474 480 4537 Ὅπως
518 4474 701 4527 δὲκαὶ
746 4474 869 4527 καθ’
921 4475 1157 4544 ἑκάστην
1213 4476 1320 4527 τῶν
1366 4477 1639 4544 δεομένων
1689 4482 1851 4534 αὑτοῦ

1954 1986 2073 2054 ejus
2089 1992 2267 2037 autem
2284 1986 2483 2037 virtute
2500 1985 2873 2049 cohibebatur,
2890 1996 2944 2038 et
2967 1988 3364 2052 reprimebatnr
3380 1990 3521 2042 illius

1956 2074 2212 2141 impetus.
2246 2074 2475 2138 Quando
2516 2090 2643 2128 vero
2674 2080 2718 2129 is
2748 2076 3255 2143 pervenitdomum,
3282 2079 3369 2132 ille
3402 2080 3522 2147 qui-

1955 2164 2079 2217 dem
2132 2165 2380 2233 protinus
2420 2168 2733 2219 evanescit:
2776 2169 2898 2236 ejus
2957 2178 3137 2222 autem
3195 2185 3287 2221 cor
3336 2186 3523 2225 rursus

1962 2257 2222 2310 ineffabili
2261 2258 2379 2310 luce
2430 2256 2829 2323 illustrabatur,
2867 2269 2918 2312 et
2951 2262 3145 2326 gaudio
3178 2260 3520 2315 dilfundeha—

1959 2357 2069 2411 tur,
2119 2349 2346 2417 perinde
2385 2364 2450 2403 ac
2501 2351 2547 2405 si
2602 2360 2821 2405 sanctus
2848 2351 2899 2404 id
2933 2353 3216 2420 tetigisset.
3251 2363 3305 2408 ct
3346 2355 3520 2423 ipsmn

1956 2438 2305 2506 impertiisset
2340 2457 2436 2493 sua
2478 2440 2660 2493 latitia
2696 2450 2749 2493 et
2799 2442 3097 2509 voluptate.
3162 2443 3295 2497 Cum
3336 2454 3515 2498 autem

1958 2538 2177 2580 sanctus
2209 2528 2425 2596 quidem
2463 2531 2795 2591 evanuisset,
2827 2533 2908 2583 vir
2938 2547 3066 2584 vero
3102 2533 3321 2586 domum
3379 2547 3524 2589 esset

1958 2616 2257 2685 ingressus,
2326 2620 2506 2671 statim
2568 2620 2788 2688 quidem
2866 2623 3155 2677 admodum
3231 2625 3525 2680 vehemens

1957 2708 2136 2777 pluvia
2167 2720 2250 2763 est
2278 2720 2588 2776 consecuta,
2615 2728 2734 2781 quae
2756 2715 2955 2766 tamdiu
2976 2715 3210 2778 duravit,
3240 2728 3295 2769 ut
3315 2728 3423 2771 tres
3448 2731 3527 2771 to—

1959 2811 2042 2854 tos
2073 2802 2189 2854 dies
2214 2818 2321 2855 non
2375 2803 2656 2858 defecerit.
2713 2806 2780 2858 Et
2818 2822 2965 2860 nunc
3013 2809 3232 2876 quidem
3292 2812 3370 2863 sic.
3428 2812 3525 2864 viai

1957 2893 2352 2957 difﬁcultatem,
2385 2896 2519 2949 alias
2562 2905 2742 2951 autem
2789 2901 2837 2953 ei
2888 2904 3050 2953 etiam
3082 2903 3240 2956 aliam
3314 2904 3519 2974 depulit

1958 2986 2129 3041 animi
2156 2987 2554 3059 aegritudinem.

2030 3207 2311 3261 XXXVIII.
2344 3209 2621 3278 Agebatur
2656 3211 2875 3279 quidem
2936 3213 3052 3267 dies
3114 3214 3282 3269 festus
3345 3222 3521 3288 magni

1966 3300 2306 3370 Spiridonis;
2345 3318 2454 3355 non
2488 3303 2687 3357 licebat
2716 3314 2896 3359 autem
2925 3306 3053 3359 huic
3083 3308 3200 3362 viro
3227 3326 3293 3363 eo
3319 3312 3522 3373 venire.

1964 3405 2018 3447 et
2051 3411 2112 3448 ea
2150 3411 2236 3448 res
2273 3396 2321 3449 ci
2353 3397 2595 3464 quredam
2645 3399 2824 3465 gravis
2884 3399 3175 3453 videbatur
3225 3401 3521 3467 calamitas.

1965 3486 2317 3554 rogabatquc,
2354 3503 2420 3538 ne
2462 3488 3069 3543 consueta-visitatione
3117 3491 3425 3557 privaretur
3470 3504 3523 3547 et

1965 3577 2155 3644 gratia.
2189 3575 2327 3640 Quid
2368 3577 2571 3644 igitur?
2611 3578 2862 3632 Nondum
2922 3579 3085 3633 finita:
3112 3591 3266 3634 erant
3318 3598 3524 3651 preces.

1964 3676 2019 3719 et
2056 3666 2205 3719 visus
2243 3678 2324 3721 est
2358 3669 2459 3722 sibi
2498 3672 2572 3722 ire
2604 3670 2669 3722 ad
2713 3671 2994 3738 templum,
3050 3680 3104 3723 et
3162 3672 3321 3725 simul
3380 3674 3527 3728 illius

1966 3758 2135 3810 sensit
2166 3758 2479 3819 adventum.
2505 3762 3021 3829 illuminationisque
3042 3775 3095 3816 et
3124 3763 3429 3819 dulcedinis
3460 3766 3527 3819 de

1966 3865 2115 3902 more.
2140 3849 2239 3902 fuit
2272 3853 2537 3918 particeps
2562 3862 2615 3906 et
2668 3854 2768 3905 sibi
2818 3854 2971 3908 visus
3024 3864 3105 3908 est
3134 3862 3392 3924 templum
3439 3859 3525 3912 in-

1967 3942 2140 4010 gredi,
2167 3952 2375 3995 etcum
2414 3945 2528 4011 ipse
2560 3954 2702 3997 esset
2754 3956 3026 4013 precatus,
3084 3947 3251 4000 fuisse
3293 3965 3413 4002 eum
3462 3966 3528 4004 eo

1966 4048 2065 4103 per
2097 4042 2260 4086 lotam
2313 4035 2787 4100 glorificationem.
2821 4038 2921 4103 Qui
2957 4054 3078 4091 cum
3131 4042 3403 4105 omnibus,
3435 4045 3525 4111 qui

1967 4124 2214 4181 aderant.
2249 4124 2864 4184 benedixissetJamlem
2910 4131 3157 4183 recessit.

2034 4215 2249 4269 XXXIX
2282 4217 2407 4270 Mihi
2428 4219 2641 4285 quidem
2656 4220 2850 4281 oratio,
2872 4220 3023 4273 sinon
3045 4236 3129 4274 res
3152 4238 3339 4277 omnes
3360 4223 3523 4284 illius.

1964 4319 2016 4363 at
2037 4324 2127 4362 eas
2150 4308 2369 4375 quidem
2396 4318 2539 4361 certe
2563 4309 2719 4371 dixit,
2743 4325 2860 4376 quae
2898 4311 3024 4363 viris
3055 4311 3208 4363 bonis
3236 4321 3290 4364 et
3312 4313 3527 4367 virtutis

1965 4401 2225 4455 studiosis
2255 4400 2544 4453 sufﬁciunt.
2564 4400 2847 4464 Quomodo
2871 4412 3047 4455 autem
3070 4404 3315 4471 quotidie
3337 4420 3523 4459 eorum

1968 4494 2060 4562 qui
2088 4511 2210 4547 eum
2247 4502 2455 4562 rogant.
2478 4507 2665 4545 curam
2698 4503 2868 4562 gerat,
2909 4501 2963 4547 et
2995 4509 3089 4546 eos
3122 4505 3383 4564 protegat,
3415 4513 3520 4551 non

288 4570 633 4636 περιέχεται.
673 4567 772 4619 οὐκ
810 4566 876 4619 ἂν
918 4567 1072 4628 ἄλλος
1123 4568 1198 4630 ὡς
1244 4569 1523 4637 προσῆκον
1579 4572 1721 4623 εἴποι
1774 4576 1855 4627 ὅτι
1887 4586 1914 4642 ι

1914 4585 2071 4643 Dalii.
2096 4594 2262 4653 utpar
2284 4594 2385 4644 est.
2410 4583 2668 4647 dixerint,
2693 4601 2853 4653 quam
2893 4587 2926 4637 ii
2950 4588 3071 4649 soli,
3101 4588 3191 4654 qui
3219 4589 3336 4657 ejus
3358 4590 3521 4643 mirae

292 4659 368 4726 μὴ
402 4658 558 4710 αὐτοὶ
590 4656 740 4725 μόνοι
780 4659 826 4709 οἱ
882 4659 978 4710 καὶ
1023 4659 1129 4710 τῶν
1169 4658 1336 4711 αὐτοῦ
1380 4658 1670 4727 θαυμάτων
1727 4665 1846 4715 ὅσαι

288 4744 431 4821 ὧραι
474 4751 569 4801 καὶ
617 4750 714 4817 τῆς
755 4750 976 4818 χάριτος
1008 4750 1395 4812 ἀπολαύοντες.
1431 4752 1550 4822 Χρὴ
1609 4754 1663 4804 δὲ
1718 4759 1851 4825 μηδὲ

286 4841 452 4893 τοῦτο
496 4842 773 4911 ζημιῶσαι
811 4845 937 4905 τοὺς
972 4841 1257 4910 φιλοθέους
1283 4884 1295 4907 ,
1346 4845 1513 4909 εἴτις
1563 4847 1628 4898 ἂν
1662 4846 1850 4918 ζητοίη

285 4932 586 5001 διαπορῶν,
622 4933 787 4985 πόθεν
830 4935 860 5003 ἡ
895 4935 1130 5004 τοσαύτη
1166 4936 1474 5003 Σπυρίδωνι
1506 4939 1611 4991 τῶν
1636 4940 1850 5008 θαυμά-

284 5045 397 5079 των
426 5027 694 5089 θάλασσα,
731 5028 826 5078 καὶ
854 5027 906 5078 τί
937 5044 1065 5079 ποτε
1096 5029 1202 5095 ἄρα
1229 5030 1636 5099 κατωρθωκὼς,
1681 5032 1859 5095 οὕτως’

288 5120 448 5189 ὧῇθη
503 5119 579 5187 τῷ
638 5119 887 5190 Δεσπότῃ
945 5123 1359 5191 κεχαρισμένος,
1404 5125 1531 5175 [στω
1562 5124 1634 5187 ὡς
1675 5126 1849 5179 πάντα

288 5215 390 5285 μὲν
424 5212 574 5281 αὐτῷ
623 5213 875 5282 καθάπερ
917 5217 978 5267 ὲκ
1048 5217 1367 5283 συμφωνίας
1424 5218 1731 5286 συνέδραμε
1786 5221 1850 5271 τὰ

284 5307 453 5368 καλὰ,
494 5308 588 5358 καὶ
622 5307 745 5375 ὅρος
796 5302 949 5369 οὗτος
994 5308 1269 5371 πολιτείας
1308 5310 1533 5379 ἀρίστης
1578 5313 1801 5379 γέγονεν
1835 5332 1847 5343 ·

286 5402 347 5454 ἓν
382 5401 440 5454 δέ
462 5418 515 5453 τι
538 5402 703 5453 οἱονεὶ
728 5400 1020 5472 γνώρισμα
1050 5404 1144 5455 καὶ
1173 5404 1499 5473 παράσημον
1535 5405 1640 5457 τῶν
1680 5407 1849 5459 ἄλλων

281 5493 551 5563 διαφέρον
596 5492 944 5563 Σπυρίδωνος
992 5490 1081 5564 ἦν,
1116 5496 1149 5564 ἡ
1202 5495 1302 5565 τῆς
1350 5499 1851 5567 ταπεινοφροσύνης

281 5588 386 5643 καὶ
420 5585 779 5658 μετριότητος
813 5588 895 5649 εις
925 5580 1429 5658 ἄκρονύπερόολὴ,
1456 5589 1551 5640 καὶ
1574 5588 1635 5641 τὸ
1651 5590 1848 5659 μικροῦ

284 5680 505 5740 πάντας
537 5678 653 5731 ὅσοι
718 5676 1012 5748 θαυμάτων
1069 5678 1293 5749 χάριτος
1335 5678 1643 5748 ἠξιώθησαν
1679 5681 1847 5753 ὑπερ-

288 5768 551 5833 ϐαλόντα,
587 5764 756 5838 μηδιν
786 5766 976 5821 ἑαυτὸν
997 5766 1268 5837 ἡγεῖσθαι,
1306 5768 1441 5838 μηδὲ
1481 5767 1591 5821 τῶν
1619 5771 1851 5824 εὐτελῶν

289 5876 435 5923 τινες
478 5857 571 5910 καὶ
597 5856 883 5927 ἁμαρτιῶν
920 5855 1119 5927 πλήθει
1147 5858 1536 5927 βαρυνομένων
1571 5859 1849 5925 διαφέρειν

1960 4675 2099 4729 culis
2129 4674 2359 4743 singulis
2388 4673 2538 4727 boris
2572 4673 2828 4727 fruuntur
2854 4685 2906 4728 et
2930 4677 3117 4744 gratia.
3152 4677 3521 4745 Oportetvero

1960 4781 2027 4820 ne
2055 4766 2156 4819 hoc
2186 4765 2407 4834 quidem
2434 4764 2685 4817 fraudare
2716 4765 2862 4817 viros
2878 4766 3023 4832 pios:
3059 4767 3100 4818 si
3130 4768 3252 4833 quis
3271 4768 3523 4822 dubitans

1959 4866 2188 4927 quaerat,
2232 4857 2499 4910 undenam
2542 4856 2609 4909 sit
2638 4856 2913 4924 Spiridoni
2945 4866 3150 4911 tantum
3187 4874 3335 4911 mare
3362 4860 3524 4912 mira-

1962 4950 2237 5011 culorum,
2270 4958 2324 5002 et
2352 4948 2671 5017 quibusnam
2708 4948 3006 5000 benefactis
3038 4949 3289 5001 effectura
3337 4959 3438 5008 est.
3466 4960 3521 5002 ut

1914 5087 1917 5089 .
1959 5050 2103 5095 esset
2136 5050 2240 5094 tam
2273 5052 2456 5110 gratus
2494 5040 2741 5101 Domino,
2770 5040 2904 5092 sciat
2930 5041 3111 5094 omnia
3137 5041 3353 5109 quidem
3382 5041 3517 5095 bona

1959 5143 2012 5186 ct
2040 5134 2290 5197 honesta,
2328 5140 2582 5200 tanquam
2624 5147 2687 5185 ex
2723 5146 2989 5186 consensu
3038 5134 3090 5185 in
3113 5148 3236 5187 eum
3284 5147 3515 5186 concur-

1962 5223 2119 5285 risse,
2165 5232 2362 5275 etcum
2390 5220 2557 5275 fuisse
2605 5220 3062 5289 praestantissimae
3095 5223 3217 5275 vita:
3246 5221 3518 5289 exemplar

1960 5312 2265 5366 definitum.
2319 5312 2498 5366 Unum
2558 5320 2740 5363 autem
2788 5311 3020 5379 signum.
3065 5326 3173 5379 quo
3223 5326 3515 5379 cognosce-

1960 5419 2111 5458 retur
2133 5404 2411 5483 Spiridon,
2431 5412 2485 5457 et
2507 5404 2715 5471 insigne
2739 5403 2964 5455 aliorum
2990 5402 3514 5470 prmsuntissimum,

1958 5506 2312 5551 eratsumma
2362 5495 2643 5548 humilitas
2689 5503 2744 5549 et
2800 5495 3027 5563 insignis
3077 5494 3412 5547 moderatio:
3461 5503 3517 5547 et

1958 5588 2101 5659 quod
2152 5603 2277 5643 cum
2327 5602 2517 5643 omnes
2546 5586 2658 5641 fere
2712 5586 2849 5640 alios
2896 5595 3196 5656 superaret,
3238 5587 3326 5655 qui
3386 5596 3511 5639 sunt

1958 5679 2345 5733 miraculorum
2400 5676 2628 5746 gratiam
2684 5677 2986 5739 consecuti,
3039 5690 3097 5729 se
3135 5676 3272 5728 nihil
3327 5674 3512 5728 existi-

1959 5777 2151 5832 maret,
2185 5782 2358 5836 neque
2392 5775 2606 5837 putaret
2631 5782 2689 5821 se
2724 5776 2982 5835 praestare
3022 5766 3186 5821 alicui
3222 5780 3288 5819 ex
3316 5761 3482 5818 vilibu

1960 5872 2014 5917 et
2066 5859 2292 5915 abiectis
2335 5868 2390 5914 et
2451 5859 2687 5927 gravatis
2732 5866 3075 5926 peccatorum
3135 5854 3508 5912 multitudine.
