4260 6430
301 402 408 466 ζθθ

1116 411 1582 473 ΜΑΒΤΥΗΙΠΜ
1622 412 1683 473 S.
1727 410 2144 476 EUSTRATII
2187 416 2284 478 ΕΤ
2323 420 2734 484 SOCIUHUM.

3438 430 3543 496 HO

300 514 579 582 έκατὲρων
608 515 814 570 τούτων
850 516 961 571 τῶν
1002 519 1192 585 ὲθνῶν,
1225 522 1480 600 εὐηθείας
1507 521 1687 575 αὐτῶν
1741 539 1871 574 κατ·
1901 528 1949 586 Α
1980 526 2136 589 tiutn,
2167 543 2189 581 ε

1901 528 1949 586 Α
1980 526 2136 589 tiutn,
2167 543 2260 582 eos
2290 529 2652 599 simplicitatis
2682 534 2943 588 damnans
2975 546 3029 590 et
3063 539 3328 595 stultitiae.
3398 543 3541 601 Ιιὶεξι

299 603 557 667 εγνωκῶς
587 620 603 635 ·
650 606 999 668 ἐξαπέστειλε
1034 609 1088 661 δὲ
1129 610 1328 677 ἄνδρας
1375 611 1468 662 δύο
1515 612 1577 663 ὲκ
1626 613 1725 681 τῆς
1766 613 1873 663 τῶν

308 692 583 762 Ἐλλήνων
633 698 818 768 χώρας
864 701 1224 769 ὁρμωμένους
1277 704 1336 755 έν
1377 704 1658 775 ἐπιστήμη
1703 706 1869 773 πολλῇ

292 784 401 851 τῆς
431 785 695 855 πατρῴας
739 787 1079 850 παιδεύσεως
1118 790 1484 858 ὑπάρχοντας,
1522 792 1728 855 δεινοὺς
1779 794 1870 845 καὶ

293 878 527 945 ἀπηνεῖς
555 879 632 947 τῷ
671 880 1005 951 φρονήματι,
1037 883 1131 937 καὶ
1161 884 1299 946 ὀξεῖς
1326 887 1407 947 είς
1442 886 1503 937 τὸ
1531 891 1740 953 νοῆσαι.
1775 888 1869 940 καὶ¹

293 967 475 1031 λέγειν
538 973 1036 1039 προχειροτάτους,
1107 975 1530 1044 ἀνεξερεύνητον
1580 978 1727 1042 ἅπαξ
1778 980 1869 1033 τὸν

290 1062 499 1126 τρόπον
532 1063 930 1130 κεκτημένους,
972 1066 1066 1118 καὶ
1108 1066 1209 1136 τὴν
1254 1069 1615 1136 πανουργίαν,
1659 1065 1734 1123 ὧν
1775 1074 1869 1123 τὸν

296 1151 399 1217 μὶν
449 1151 547 1203 ἕνα
596 1152 807 1205 Λυσίαν
860 1155 1083 1223 ὀνόματι
1136 1156 1353 1208 πάντων
1387 1159 1497 1210 τῶν
1544 1159 1868 1227 λιμιτανέων

291 1241 679 1305 ἐπιτροπεύειν
729 1241 987 1296 εκέλευσε
1014 1259 1029 1274 ·
1075 1244 1167 1297 τὸν
1200 1246 1257 1298 δὲ
1287 1247 1473 1317 ἕτερον
1518 1250 1869 1317 Ἀγρικόλαον

290 1332 392 1401 τὴν
443 1333 820 1402 προσηγορίαν
857 1334 959 1401 τὴν
1014 1339 1114 1404 τῆς
1161 1338 1425 1405 ἐπαρξίας
1466 1341 1649 1411 πάσης
1691 1345 1867 1414 ἀρχὴν

289 1424 502 1478 διέπειν
521 1425 848 1495 έπέτρεψεν,
877 1428 1274 1496 ὑπηρετεῖσθαι
1305 1446 1365 1482 τε
1396 1432 1581 1495 αὐτοῖς
1606 1437 1669 1487 οὐ
1703 1436 1867 1503 μόνον

289 1515 391 1583 τὴν
428 1515 538 1568 τῶν
567 1515 896 1585 λιμιτανέων
926 1520 1085 1587 χεῖρα
1114 1519 1401 1584 θεσπίσας,
1429 1522 1567 1575 ἀλλά
1597 1525 1689 1578 καὶ
1721 1526 1865 1579 ἆπαν

288 1607 352 1658 τὸ
379 1609 797 1676 στρατιωτικὸν,
836 1611 899 1663 τὸ
940 1613 1000 1663 εν
1050 1614 1171 1674 ταῖς
1218 1613 1645 1683 πλησιαζούσαις
1677 1618 1864 1671 πόλεσι

290 1695 711 1765 καθιδρυμένον.

363 1784 439 1837 Γ.
494 1786 863 1842 Ἐπιστάντων
891 1783 987 1842 οὖν
1017 1792 1198 1844 αὐτῶν
1220 1795 1341 1856 τα“ς
1386 1794 1679 1863 ἐπαρχίαις
1728 1794 1862 1847 ταύ-

287 1891 408 1937 ταις
439 1880 754 1946 παραυτίκα
782 1882 930 1934 πᾶσα
962 1882 1140 1951 ἡλικία
1164 1884 1273 1937 τῶν
1300 1884 1613 1954 ἀνθρώπων
1631 1887 1862 1953 ἀφειδῶς
1895 1874 1934 1928 Β

289 1966 637 2033 εξεκὸπτετο,
687 1972 826 2040 μήτε
869 1977 1199 2041 προφάσεως
1246 1978 1643 2047 εὑρισκομένης
1673 1979 1860 2032 εὐκαί-

290 2075 409 2127 ρου,
448 2063 653 2129 μικρᾶς
694 2063 752 2115 δὲ
790 2064 1049 2134 διαϐολῆς
1095 2068 1190 2119 καὶ
1232 2069 1330 2136 τῆς
1358 2069 1625 2140 τυχούσης
1662 2071 1693 2139 ἦ
1730 2070 1861 2141 παρ’

288 2150 523 2219 ἐχθρῶν,
554 2153 586 2220 ἢ
634 2154 785 2222 παρά
821 2158 1132 2210 κακοθελῶν
1172 2158 1382 2227 ἀνδρῶν
1409 2163 1752 2229 παρακολουο
1766 2165 1863 2215 νύ-

290 2258 414 2309 σης.
455 2242 528 2294 Τὸ
550 2244 607 2296 δι
637 2245 842 2314 πλῆθος
872 2231 981 2300 τῶν
1008 2250 1354 2317 Χριστιανῶν
1378 2252 1718 2321 ἀνηρευνᾶτο
1766 2256 1859 2305 καὶ

289 2334 750 2404 συνελαμϐάνετο,
780 2340 901 2392 καθ’
932 2341 1169 2411 ἑκάστην
1192 2344 1570 2414 ἀναρίθμητον
1592 2346 1687 2397 καὶ
1716 2363 1861 2414 παρ-

286 2425 491 2480 εδιδοτο
516 2431 627 2491 τοῖς
654 2432 969 2502 αίμοϐὀροις
987 2434 1196 2498 τούτοις
1220 2435 1429 2504 Θηρίοις
1456 2440 1535 2500 εἰς
1561 2438 1855 2493 ἀπώλειαν.

286 2521 495 2584 Λυσίας
518 2523 699 2577 τοίνυν
729 2529 756 2578 ὀ
779 2528 929 2591 ὃοὺξ,
961 2529 1056 2596 τάς
1082 2530 1370 2600 διατριϐὰς
1393 2534 1452 2585 ὲν
1482 2536 1548 2602 τῇ
1578 2533 1860 2586 Σαταλέων

288 2614 635 2682 ποιώμενος,
694 2618 745 2669 εῐ
791 2635 943 2681 τινας
996 2620 1217 2690 εὕρισκε
1277 2625 1375 2693 τῆς
1424 2623 1607 2694 χώρας
1658 2625 1860 2693 ταύτης

288 2703 490 2771 ἄνδρας
538 2723 598 2758 τε
640 2711 732 2760 καὶ
775 2714 1043 2776 γυναῖκας
1086 2714 1295 2779 ἁγίους,
1334 2718 1471 2784 μετὰ
1515 2716 1716 2779 πολλὰς
1760 2722 1857 2780 τὰς

291 2796 593 2866 ἐρωτήσεις
618 2804 712 2854 καὶ
752 2804 1022 2871 βασάνους
1076 2809 1441 2876 παράπεμπεν
1474 2811 1579 2862 ὑπὸ
1612 2813 1853 2879 ἀσφαλε-

291 2889 497 2959 στάτην
526 2893 769 2962 φριυράν
792 2896 1105 2965 δεδεμένους
1135 2900 1213 2969 τῷ
1228 2900 1560 2970 Ἀγρικολαῳ
1586 2903 1645 2952 εν
1671 2905 1738 2971 τῇ
1765 2905 1859 2955 Σε-

292 2980 581 3051 ϐαστηνῶν
634 2988 990 3057 μητροπόλει,
1024 2992 1160 3060 πρὸς
1190 2993 1253 3045 τὸ
1290 2995 1419 3062 παρ’
1453 2994 1660 3047 ἐκείνου
1700 2999 1857 3049 ἀναι-

292 3073 521 3144 ρεθῆναι
547 3077 765 3144 αὐτοὺς,
812 3084 903 3134 καὶ
952 3084 1028 3153 μὴ
1066 3084 1292 3154 ὲαθῆναι
1333 3088 1390 3140 ὲν
1428 3090 1495 3158 τῇ
1547 3088 1653 3159 ιδίᾳ
1682 3088 1855 3160 χώρᾳ,

1980 630 2108 670 vero
2132 617 2270 671 duos
2307 621 2475 683 viros,
2506 625 2597 690 qui
2625 640 2655 675 e
2681 622 2884 679 Cra-cia
2927 626 3200 683 ducebant
3229 633 3496 703 originem
3520 680 3532 696 ,

1974 712 2162 779 patria:
2203 721 2383 766 autem
2425 715 2688 769 doctrinae
2716 733 2961 786 magnam
3012 726 3288 778 consecuti
3321 725 3541 783 fuerant

1972 802 2370 869 cognitionem;
2411 818 2566 860 erant
2603 822 2732 860 vero
2781 809 3016 877 ingentis
3044 822 3099 865 et
3144 814 3399 870 immanis
3428 819 3540 886 spi-

1977 891 2135 956 ritus,
2168 908 2322 948 acres
2352 894 2417 947 ad
2450 897 2818 964 cogitandum,
2846 912 2904 953 et
2931 902 2996 955 ad
3026 902 3320 958 dicendum
3355 922 3540 974 promo

1970 984 2201 1050 ptissimi
2233 1028 2249 1051 ,
2277 996 2332 1040 et
2374 989 2468 1054 qui
2516 1004 2695 1044 mores
2738 990 3010 1047 habebant
3054 1003 3110 1048 et
3157 996 3534 1060 calliditatem.

1970 1091 2092 1144 qua!
2137 1093 2243 1130 non
2290 1085 2545 1147 poterant
2586 1081 2893 1149 indaganda
2930 1092 2985 1137 et
3015 1088 3410 1153 perscrutando
3439 1103 3537 1143 co-

1968 1169 2175 1233 gnosci.
2228 1170 2304 1223 Ex
2352 1172 2552 1237 quibus
2599 1188 2721 1226 cum
2783 1191 2950 1228 unum
3004 1173 3263 1244 quidem,
3316 1180 3537 1233 nomine

1968 1256 2216 1327 Lysiam,
2262 1261 2515 1329 iussisset
2564 1277 2751 1317 curam
2797 1280 2984 1333 gerere
3028 1267 3273 1323 omnium
3329 1269 3535 1323 limita-

1970 1365 2198 1405 nenrum
2231 1371 2245 1407 :
2276 1355 2527 1419 alterum,
2558 1358 2651 1424 qui
2683 1358 2979 1411 vocabatur
3004 1359 3346 1428 Agricolaus,
3374 1362 3535 1431 jussit

1970 1445 2137 1499 tutius
2186 1446 2518 1513 praefecturae
2550 1448 2932 1505 administrare
2981 1450 3271 1520 imperium
3306 1471 3318 1505 :
3347 1454 3539 1508 decer-

1967 1554 2124 1601 nens,
2159 1549 2354 1594 utnon
2410 1542 2585 1596 solum
2632 1544 2713 1598 eis
2760 1544 3062 1601 deserviret
3110 1561 3303 1601 manus
3332 1546 3533 1601 limita-

1966 1646 2218 1694 neorum,
2245 1633 2339 1687 sed
2370 1634 2533 1688 etiam
2569 1634 2886 1704 quicunque
2923 1637 3126 1692 milites
3159 1649 3321 1694 erant
3350 1639 3533 1695 collati

1970 1722 2021 1774 in
2054 1722 2377 1790 propinquis
2407 1724 2745 1781 civitatibus.

2038 1811 2129 1863 lll.
2173 1810 2307 1865 Cum
2358 1812 2417 1865 hi
2456 1827 2588 1880 ergo
2636 1816 2688 1868 in
2736 1817 2832 1870 has
2866 1817 3149 1873 venissent
3198 1819 3528 1885 provincias.

1964 1903 2214 1972 protinus
2244 1907 2422 1959 omnis
2450 1914 2583 1961 :etas
2620 1906 2901 1962 hominum
2940 1909 3447 1964 immisericorditcr
3474 1920 3530 1964 et

1963 1998 2169 2065 absque
2221 1999 2327 2052 uIZa
2363 2000 2515 2053 venia
2536 2001 2958 2056 exscindebatur
2988 2019 3003 2056 :
3033 2017 3156 2056 cum
3197 2017 3375 2071 neque
3421 2002 3527 2055 ulla

1964 2088 2302 2144 inveniretur
2320 2101 2628 2160 opportuna
2651 2094 2897 2157 occasio;
2922 2109 3082 2162 parva
3105 2105 3285 2147 autem
3306 2102 3363 2145 rt
3382 2108 3528 2159 quaa-

1962 2181 2094 2235 libet
2140 2183 2433 2247 calumnia,
2475 2193 2571 2237 aut
2615 2184 2684 2238 ab
2733 2184 2988 2246 inimicis,
3031 2193 3123 2236 aut
3167 2198 3197 2236 a
3250 2181 3531 2237 malevolis

1964 2271 2276 2325 hominibus
2321 2282 2663 2341 sequeretur.
2709 2271 3129 2326 Innumerabilia
3171 2284 3301 2322 vero
3348 2267 3530 2321 multi—

1963 2363 2095 2417 tudo
2139 2362 2578 2418 Christianorum
2627 2365 3003 2433 indagabatur,
3028 2372 3083 2416 et
3111 2360 3354 2428 quotidie
3384 2373 3532 2413 com-

1961 2457 2425 2524 prehendebatur.
2451 2469 2503 2510 et
2526 2458 2610 2511 his
2633 2456 2973 2525 sanguivoris
2996 2456 3184 2509 bestiss
3210 2454 3524 2507 tradebatur

1963 2548 2029 2601 ad
2063 2548 2363 2603 interitum.
2399 2551 2512 2603 Dux
2544 2565 2673 2616 ergo
2702 2550 2886 2618 Lysias
2912 2562 3134 2600 versans
3166 2546 3217 2597 in
3251 2543 3524 2603 Sateleon,

1963 2642 2005 2695 si
2044 2642 2205 2712 hujus
2255 2644 2491 2709 regionis
2537 2643 2851 2696 inveniebat
2878 2642 3091 2710 aliquos
3136 2648 3356 2692 sanctos
3381 2637 3529 2687 viros

1959 2744 2015 2787 et
2046 2743 2261 2788 sanctas
2298 2735 2545 2796 feminas,
2583 2743 2700 2801 post
2749 2734 2944 2785 multas
2989 2728 3446 2797 interrogationes
3473 2736 3528 2779 ct

1962 2836 2256 2885 tormenta.
2281 2826 2383 2879 sub
2409 2826 2673 2879 tutissima
2700 2825 2947 2879 custodia
2980 2822 3381 2876 transmittebat
3408 2818 3526 2871 vin-

1960 2927 2078 2970 ctos
2107 2916 2173 2970 ad
2208 2918 2550 2987 Agricolaum
2581 2919 2635 2969 in
2670 2917 3014 2985 metropolim
3048 2915 3477 2969 Sebastenorum
3512 2926 3524 2961 :

1962 3017 2022 3059 ut
2050 3008 2117 3061 ab
2152 3008 2245 3061 illo
2287 3007 2353 3061 de
2400 3008 2578 3061 medio
2623 3008 2946 3061 tollerentur
2981 3015 3037 3059 ct
3067 3020 3174 3058 non
3213 3004 3527 3057 sinerentur

1961 3100 2016 3153 in
2046 3114 2141 3153 sua
2176 3101 2413 3168 reg’one,
2447 3109 2500 3151 et
2532 3114 2630 3152 nec
2669 3114 2854 3152 corum
2900 3097 3113 3165 cognati
3144 3106 3198 3150 et
3231 3089 3525 3147 necessarii

286 3166 439 3230 ὅπως
466 3168 540 3238 μὴ
561 3169 800 3239 τύχωσιν
824 3176 1142 3243 ἐπιμελείας
1174 3178 1278 3231 ὑπὸ
1306 3178 1415 3231 τῶν
1441 3179 1657 3233 οίκείων
1688 3182 1857 3248 φίλων
1881 3224 1928 3284 c
1963 3192 2126 3245 ullam
2176 3208 2189 3245 ι

288 3258 321 3284 ι
364 3260 638 3284 ,ηψημρω
698 3266 827 3284 μμ,
864 3266 916 3284 _,
963 3266 1018 3284 ,ο
1257 3268 1270 3284 .
1323 3268 1349 3282 ι.
1444 3273 1470 3284 -
1763 3270 1777 3282 ο

1896 3224 1928 3284 Β
1963 3192 2126 3245 ullam
2176 3208 2364 3246 eorum
2418 3208 2604 3247 curam
2652 3201 2940 3262 gererent,
2991 3205 3089 3243 nec
3136 3190 3280 3259 justa
3330 3185 3525 3284 ﬂerent

288 3258 323 3324 ἢ
363 3260 663 3326 συγγενῶν,
694 3266 832 3332 μήτε
860 3266 929 3317 τὰ
954 3266 1180 3336 σώματα
1209 3268 1389 3321 αὐτῶν
1407 3273 1473 3341 τῇ
1501 3270 1854 3343 προσηκούσῃ

285 3348 412 3419 aut;
447 3354 589 3421 ταφῇ
627 3354 1026 3424 ¹εαραδοθῶσιν,
1065 3358 1267 3425 ὁμοίως
1312 3363 1408 3413 καὶ
1450 3361 1548 3415 τοῦ
1593 3363 1855 3432 ἄρχοντος

282 3440 387 3508 τῆς
408 3443 677 3513 έπαρχίας
698 3448 1158 3517 παραπέμποντος
1176 3452 1302 3514 τοὺς
1328 3452 1436 3505 ἀπὸ
1462 3454 1562 3523 τῆς
1585 3454 1857 3525 Σεϐαστη-

284 3532 395 3582 νῶν
454 3534 808 3605 ὁρμωμένους
847 3542 928 3602 εις
968 3541 1066 3609 τὴν
1114 3543 1401 3597 Σαταλέων
1443 3545 1508 3596 εκ
1547 3546 1854 3617 κακούργου

285 3623 536 3693 σκέψεως
582 3628 748 3681 πάλαι
795 3631 1094 3702 γενομένης
1142 3633 1274 3703 παρ’
1317 3636 1516 3691 αὐτῶν.
1570 3639 1855 3707 Ἐγνωσαν

282 3718 397 3787 γαρ
444 3720 536 3771 καὶ
585 3722 677 3774 τοῦ
691 3740 742 3775 :o
768 3725 828 3775 ὲν
860 3726 926 3794 τῇ
961 3727 1298 3797 ἀνοσιουργῷ
1330 3730 1512 3782 αὐτῶν
1546 3731 1740 3802 γνώμη
1788 3734 1849 3786 οὐ

284 3811 484 3877 μικρὸν
520 3814 683 3882 μέρος
730 3813 949 3871 ἔσεσθαι
992 3819 1263 3889 τιμωρίας
1308 3823 1423 3884 τοῖς
1470 3823 1729 3894 ἀθληταῖς
1761 3826 1853 3877 τοῦ

278 3902 548 3971 Χριστοῦ.

353 3994 425 4088 θ’.
466 3995 684 4053 Τούτων
713 4002 856 4056 οὕτω
890 4008 1195 4077 γινομένων
1215 4011 1550 4082 Εὐστράτιός
1578 4034 1664 4079 τις
1697 4034 1853 4088 σκρι-

278 4086 491 4181 νιάριος
526 4091 625 4159 τῆς
665 4093 925 4167 δουκικῆς
973 4099 1238 4171 ὑπάρχων
1284 4105 1512 4170 τάξεως,
1558 4111 1651 4162 καὶ
1698 4086 1852 4181 πρίω-
1897 4113 1901 4117 ’

272 4178 452 4231 τεύων
492 4181 551 4233 έν
589 4184 845 4256 αὐτῇ,τῷ
890 4191 1012 4242 τότε
1038 4193 1239 4263 χρόνῳ,
1287 4196 1427 4267 ἀνὴρ
1459 4197 1715 4269 θεοσεϐὴς
1744 4178 1853 4253 ’καὶ

276 4270 622 4365 φοϐούμενος
668 4278 761 4331 τὸν
814 4279 968 4348 Θεὸν,
1024 4284 1122 4337 καὶ
1171 4287 1559 4360 ἀνεπιλήπτως
1609 4293 1700 4346 τὸν
1742 4294 1852 4365 βίον

272 4364 446 4416 αὐτοῦ
511 4367 949 4440 πολιτευόμενος,
985 4375 1187 4445 ἠθύμει
1236 4379 1327 4431 ἐπὶ
1388 4384 1500 4444 τοῖς
1550 4364 1854 4452 γινομένοις

273 4455 402 4507 καθ’
438 4459 698 4530 ἑκάστην,
728 4465 825 4515 καὶ
850 4465 1145 4520 εποτνιᾶτο
1176 4470 1314 4539 πρὸς
1343 4471 1432 4524 τὸν
1465 4473 1666 4543 Κύριον
1698 4476 1851 4543 ἡμῶν

1957 3298 2146 3336 eorum
2180 3284 2537 3353 corporibus.
2591 3284 2884 3354 provincia:
2927 3296 3143 3352 quoque
3177 3278 3407 3350 preside
3439 3276 3518 3332 si-

1957 3376 2158 3431 militer
2180 3377 2586 3432 transmittente
2613 3392 2729 3435 eos.
2754 3376 2845 3441 qui
2878 3376 3018 3445 apud
3051 3375 3382 3429 Sebastenos
3404 3370 3515 3425 orti

1956 3480 2131 3530 erant,
2181 3466 2455 3531 Satelcon,
2512 3469 2615 3524 hoc
2655 3467 2908 3537 improbo
2953 3467 3045 3521 diu
3096 3473 3223 3520 ante
3268 3464 3413 3517 inter
3456 3475 3516 3516 se

1957 3559 2094 3614 inito
2123 3561 2369 3615 consilio.
2407 3560 2571 3629 Impia
2603 3560 2749 3614 enim
2784 3574 2882 3614 sua
2912 3568 3094 3612 mente
3125 3563 3514 3625 cognoverant,

1954 3652 2158 3707 Christi
2202 3652 2422 3708 athletis
2463 3668 2570 3707 non
2606 3653 2848 3706 futurum
2892 3651 2996 3706 hoc
3039 3661 3262 3720 parvam
3307 3653 3514 3700 uertem

1955 3744 2228 3815 suppﬁcﬁ.

2033 4015 2118 4070 iV.
2151 4016 2287 4069 Cum
2318 4016 2434 4070 haec
2462 4018 2542 4070 sic
2576 4015 2789 4077 tierent,
2816 4012 3037 4085 quidam
3071 4013 3399 4076 Eustratius,
3424 4012 3518 4083 qui

1955 4117 2072 4163 erat
2096 4107 2303 4161 ducalis
2325 4108 2535 4161 ordinis
2555 4107 2873 4170 scrinarius,
2892 4115 2947 4161 et
2965 4121 3032 4160 eo
3052 4116 3293 4173 tempore
3318 4105 3520 4173 prima!

1955 4209 2137 4269 partes
2165 4201 2218 4256 in
2244 4216 2311 4255 eo
2334 4200 2636 4260 obtinebat,
2670 4202 2751 4253 vir
2781 4200 2905 4268 pius
2934 4207 2992 4252 et
3014 4198 3183 4252 Deum
3213 4198 3431 4259 timens,
3461 4206 3517 4250 et

1955 4292 2049 4359 qui
2091 4293 2256 4347 vitam
2288 4294 2483 4364 agebat
2514 4293 2648 4347 citra
2687 4292 2849 4345 ullam
2883 4291 3387 4360 reprehensionem,
3418 4303 3516 4342 an-

1954 4385 2185 4451 gebatur
2232 4385 2414 4437 animo
2462 4395 2683 4451 prepter
2710 4399 2772 4437 ea
2820 4399 2940 4452 quae
2974 4382 3174 4435 ﬁebant
3222 4380 3467 4449 quotidie
3498 4394 3518 4435 :

1956 4477 2384 4545 suppliciterque
2447 4488 2503 4528 et
2558 4475 2941 4529 miserabiliter
2988 4474 3393 4528 vociferabamr
3449 4472 3515 4525 ad

286 4547 498 4615 Ἰησοῦν
530 4550 791 4618 Χριστὸν,
839 4557 1063 4629 νηστείᾳ
1114 4560 1209 4612 καὶ
1253 4566 1531 4630 προσευχῇ
1570 4580 1850 4634 προσκαρ-
1884 4562 1927 4616 D
1959 4568 2184 4621 Dominu

1896 4562 1927 4616 D
1959 4563 2243 4621 Dominum
2305 4576 2549 4621 nostrum
2601 4568 2783 4622 Iesum
2834 4566 3153 4631 Christum,
3205 4567 3259 4619 in
3310 4565 3516 4635 jejunio

270 4640 470 4707 τερῶν,
502 4641 652 4704 ὅπως
694 4643 851 4707 ἵλεως
879 4646 1103 4715 γένηται
1138 4652 1253 4713 τοῖς
1297 4652 1503 4716 δούλοις
1537 4654 1723 4722 αὐτοῦ,
1756 4659 1849 4710 καὶ

270 4729 541 4799 ἑπύψηται
570 4732 662 4784 τὸν
689 4732 815 4786 λαὸν
854 4738 1020 4789 αὑτοῦ
1069 4742 1127 4792 ἐν
1152 4743 1397 4814 σωτηρίᾳ
1422 4744 1514 4797 καὶ
1550 4746 1847 4818 ἀνακλήσει

269 4820 383 4872 τῶν
418 4821 625 4887 κακῶν,
667 4824 929 4894 ἐπεθύμει
970 4827 1027 4879 δὲ
1052 4829 1241 4883 θέσθαι
1272 4834 1364 4885 καὶ
1397 4834 1562 4898 αὐτὸς
1596 4837 1689 4889 τὸν
1733 4840 1848 4891 ῐσον

267 4914 385 4973 τοῖς
425 4912 601 4977 ἁγίοις
649 4914 861 4980 ἀγῶνα,
886 4919 980 4970 καὶ
1006 4919 1303 4990 ἀξιωθῆναι
1358 4926 1453 4979 τοῦ
1500 4929 1799 4999 μαρτυρίου
1829 4946 1845 4962 ο

267 5002 412 5054 ἀλλά
440 5005 542 5073 τὴν
572 5006 830 5075 ποικίλην
856 5011 1112 5081 ἀπειλὴν,
1156 5017 1253 5068 καὶ
1298 5017 1397 5087 τὴν
1438 5017 1846 5090 ἀνυπέρϐλητον

266 5097 564 5164 ἀπήνειαν,
591 5099 688 5150 καὶ
716 5101 817 5168 τὴν
843 5102 1221 5175 πολυμήχανον
1250 5111 1593 5182 κατασκευὴν
1619 5112 1714 5164 τοῦ
1744 5113 1845 5181 ἀρ-

269 5204 458 5257 χοντος
485 5190 758 5257 εφοϐεῐτο.
786 5192 980 5263 Ὅμως
1019 5199 1331 5269 ἀπόπειραν
1357 5218 1480 5254 τινα
1504 5204 1596 5256 καὶ
1616 5202 1844 5273 δοκιμὴν

266 5282 509 5333 ὶποιεῖτο
558 5281 653 5335 τοῦ
701 5286 1067 5355 προκειμένου
1122 5290 1288 5345 αὑτοῦ
1346 5292 1547 5345 σκοποῦ
1613 5295 1839 5347 τοιάνδε.

265 5372 468 5425 Λαϐὼν
488 5373 598 5445 γὰρ
628 5375 727 5444 τὴν
768 5375 947 5448 ζώνην
980 5380 1168 5444 αὐτοῦ,
1192 5384 1395 5437 δέδωκε
1419 5385 1498 5455 τῷ
1537 5388 1843 5457 πιστοτάτῳ

267 5465 439 5516 αὑτοῦ
472 5468 682 5539 οἰκέτῃ,
715 5470 810 5543 καὶ
835 5471 1121 5526 έκέλευσεν
1153 5476 1492 5543 ἀποκομίσαι
1526 5477 1731 5548 ταύτην
1762 5482 1842 5543 είς

268 5554 372 5618 τὴν
412 5554 845 5629 Ἀραυρακηνῶν
896 5562 1212 5631 έκκλησίαν,
1267 5564 1391 5618 ὅθεν
1416 5568 1508 5620 καὶ
1537 5568 1699 5631 αὐτὸς
1731 5568 1840 5637 ὥρ-

270 5659 434 5713 μητο,
467 5646 560 5697 καὶ
595 5649 896 5702 ἀποθέσθαι
931 5652 990 5702 έν
1023 5653 1104 5722 τῷ
1152 5653 1527 5729 θυσιαστηρίῳ
1554 5675 1570 5691 ο
1596 5659 1757 5711 αὑτὸν
1784 5660 1840 5712 δὲ

265 5733 484 5797 τοῦτον,
517 5737 574 5788 ὲν
597 5737 677 5808 τῷ
718 5739 966 5811 λεληθότι
1016 5745 1446 5814 κατακρύψαντα
1496 5749 1707 5810 ἑαυτὸν,
1734 5767 1838 5802 πα-

270 5828 637 5897 ραφυλάττειν
662 5850 674 5863 ν
708 5835 798 5887 καὶ
827 5838 873 5888 εί
924 5838 1021 5905 μὲν
1064 5838 1163 5891 ἴδοι
1196 5841 1483 5905 Λῦξέντιόν
1508 5861 1626 5897 τινα
1655 5844 1837 5900 δοῦλον

1952 4674 2306 4727 perseverans
2355 4669 2411 4711 et
2457 4659 2732 4722 oratione,
2789 4666 2845 4711 ut
2897 4660 3164 4726 prOpitius
3208 4668 3354 4712 esset
3401 4657 3514 4709 suis

1951 4749 2186 4812 famulis,
2217 4761 2273 4805 et
2309 4750 2617 4804 intueretur
2652 4750 2911 4818 populum
2956 4764 3114 4803 suum
3148 4748 3201 4801 in
3236 4750 3427 4806 salute.
3454 4764 3514 4806 et

1949 4843 2003 4894 in
2060 4841 2327 4895 malorum
2389 4842 2778 4897 consolatione.
2836 4842 3099 4909 Cupiebat
3159 4851 3344 4896 autem
3396 4843 3511 4912 ipSt!

1947 4950 2163 5003 quoque
2203 4934 2345 4988 idem
2372 4974 2385 4997 ,
2428 4933 2574 5002 quod
2618 4934 2831 4996 sancti,
2871 4933 3058 4987 subire
3100 4946 3413 4999 certamen,
3457 4946 3514 4989 et

1896 5090 1899 5091 ν
1948 5025 2162 5094 assequi
2201 5027 2541 5093 martyrium,
2583 5026 2679 5079 sed
2720 5028 2898 5079 varias
2944 5027 3120 5079 minas
3155 5035 3212 5079 et
3248 5027 3506 5080 saevitiam

1948 5117 2390 5184 insuperabilem,
2428 5117 2896 5185 multiplicemque
2934 5118 3272 5172 molitionem
3304 5128 3360 5173 et
3394 5136 3509 5173 ma-

1946 5207 2309 5262 chinationem
2370 5209 2617 5276 phasidis
2681 5210 3118 5277 pertimescebat.
3174 5210 3268 5265 Sui
3326 5222 3502 5265 tamen

1945 5301 2093 5369 scopi
2118 5310 2172 5354 et
2193 5301 2425 5354 instituti
2455 5301 2911 5370 periclitationem
2938 5301 3169 5357 faciebat
3195 5305 3297 5357 hoc
3320 5303 3498 5356 modo:

1944 5406 2067 5444 nam
2095 5407 2217 5445 cum
2244 5407 2435 5446 zonam
2465 5408 2617 5447 suam
2646 5395 2964 5462 accepisset,
2993 5394 3143 5447 dedit
3176 5396 3377 5449 famulo
3400 5410 3499 5449 suo

1946 5482 2297 5546 ﬁdelissimo,
2348 5494 2403 5538 et
2448 5486 2611 5553 jussit
2661 5501 2781 5540 eam
2834 5497 3050 5550 portare
3104 5487 3157 5539 in
3216 5488 3497 5541 ecclesiam

1944 5575 2439 5638 Arauracenurum,
2466 5591 2529 5629 ex
2552 5592 2658 5645 qua
2682 5588 3040 5645 processerat,
3060 5588 3113 5632 et
3131 5579 3183 5631 in
3214 5593 3305 5631 ara
3337 5578 3504 5646 depo-

1943 5650 2071 5718 nere
2100 5682 2113 5729 ;
2147 5682 2271 5719 eum
2310 5668 2484 5733 ipsum
2520 5678 2724 5728 autem,
2760 5682 2884 5721 cum
2911 5684 3030 5721 eam
3064 5670 3297 5723 latenter
3320 5672 3505 5725 occul-

1945 5757 2161 5819 taverit,
2211 5770 2466 5823 scrvare;
2510 5766 2565 5811 et
2612 5758 2654 5811 si
2703 5756 2900 5811 viderit
2946 5756 3165 5827 quidem
3212 5759 3499 5827 quemdam

1942 5849 2268 5903 Auxentium
2305 5849 2393 5904 Dei
2428 5866 2663 5915 servum,
2710 5851 2795 5905 cui
2842 5850 3022 5905 l‘erttnt
3052 5866 3239 5905 omnes
3287 5852 3502 5922 pietatis
