4260 6430
236 364 347 429 473
1062 370 1533 433 MARTYRIUM
1571 373 1635 434 S.
1675 373 2095 437 EUSTRATII
2137 375 2234 436 ΕΤ
2270 374 2684 436 SOCIORUM.
3380 375 3484 442 475

244 478 359 545 ρῶν
404 473 699 547 παραστὰς
742 474 834 529 ἰπὶ
873 474 969 529 τοῦ
1020 476 1269 547 βήματος
1314 479 1531 559 τούτου,
1578 481 1669 534 τὸν
1717 483 1815 551 τῆς
1845 484 1926 544 Α]

1802 484 2023 546 :Ahoc
2069 484 2350 549 tribunali,
2400 486 2662 553 transegit
2712 490 2989 537 certamen
3040 483 3484 548 immortalitatis.

240 565 547 628 ἀθανασίας
593 566 890 637 διήθλησεν
917 568 1128 635 άγῶνα,
1167 569 1265 637 τὴν
1306 569 1425 639 σὴν,
1472 565 1517 623 ὧ
1562 572 1812 638 δικαστά,
1921 593 1922 601 η

1804 615 1812 638 ,
1921 586 2089 641 tuam,
2122 592 2154 630 ο
2184 577 2371 645 judex,
2406 591 2638 645 arguens
2682 576 3037 645 impietatem,
3077 577 3369 631 verborum
3401 594 3486 630 sa-

240 658 513 726 ἀθεότητα
537 658 785 724 ιλέγξας,
821 660 982 729 σοφία
1002 660 1195 728 λόγων,
1219 663 1315 716 καὶ
1340 666 1583 734 ὑπομονῇ
1616 665 1813 735 ἔργων,
1920 728 1922 735 ι

1803 705 1813 728 ,
1920 666 2123 736 pientia
2168 675 2221 720 et
2268 680 2496 731 operum
2537 666 2821 719 tolerantia
2868 674 2963 719 :ct
3006 667 3263 732 quoniam
3294 668 3361 719 ab
3392 667 3485 719 illo

245 753 344 803 καὶ
395 752 625 819 ἐπείπερ
677 752 787 805 ἀπὸ
838 752 939 821 τῆς
985 755 1107 807 τότε
1159 755 1371 824 ἡμέρας
1426 758 1814 825 κατειρχθέντα
1919 776 1927 807 ι

1798 775 1814 809 ι
1919 759 2007 811 die
2028 774 2149 813 eum
2178 758 2447 811 inclusum
2474 756 2525 810 in
2547 757 2761 824 publica
2783 754 3027 810 custodia
3051 756 3255 824 jussisti
3282 757 3480 812 adduci

243 841 407 894 αὑτὸν
432 844 489 892 ὲν
522 841 762 911 δημοσίᾳ
796 842 1009 913 φυλακῇ
1046 846 1386 913 προσέταξας
1412 848 1652 915 τήμερον
1699 847 1815 915 ἅμα
1919 851 1925 904 l

1799 864 1815 898 t
1919 850 2081 904 hodie
2128 849 2547 904 examinandum
2582 863 2705 901 cum
2750 858 2917 910 coetu,
2949 848 3042 916 qui
3091 862 3215 901 cum
3245 865 3311 902 eo
3343 860 3481 912 erat,

242 932 311 999 τῇ
345 930 578 1003 συνούσῃ
599 933 745 1001 αὺτῷ
777 934 910 1004 ἁγίᾳ
943 936 1159 1005 συνοδίᾳ
1188 933 1342 997 αὖθις
1374 936 1467 988 ἐπὶ
1500 938 1598 1006 τὴν
1630 936 1816 999 ἐξὲτα-
1918 960 1924 996 ι

1802 967 1816 978 ·
1918 954 2065 997 stant
2112 957 2324 996 mecum
2366 957 2555 994 omnes
2601 941 2727 995 forti
2772 949 2827 993 et
2876 941 3099 995 robusto
3128 942 3333 1003 animo,
3366 951 3484 997 tuas

244 1039 332 1075 σιν
373 1024 624 1093 ἀχθῆναι,
655 1026 950 1094 ἑστήκασιν
974 1028 1212 1091 ἅπαντες
1242 1029 1361 1097 ἅμα
1407 1031 1555 1098 ἐμοὶ,
1583 1029 1815 1099 ἀνδρείῳ
1922 1052 1926 1088 ι

1801 1049 1815 1079 )
1922 1035 2224 1094 machinas,
2263 1048 2380 1100 quae
2411 1049 2438 1085 a
2472 1042 2622 1100 patre
2666 1044 2760 1087 tuo
2800 1032 3016 1087 diabolo
3064 1043 3193 1088 sunt
3228 1033 3323 1087 tibi
3354 1049 3483 1103 sug—

242 1115 340 1166 xal.
377 1115 789 1187 ῥωμαλεωτέρῳ
827 1118 905 1184 τῷ
957 1121 1265 1189 φρονήματι
1292 1120 1389 1182 τάς
1423 1122 1522 1182 σὰς
1569 1122 1818 1190 μηχανὰς
1920 1151 1924 1195 ς

1803 1138 1818 1183 ς
1920 1138 2101 1199 gestae,
2132 1127 2400 1180 dedecore
2430 1126 2702 1186 atlecturi,
2750 1135 2805 1179 et
2834 1127 3059 1180 omnino
3096 1126 3349 1181 deleturi.
3391 1126 3485 1180 His

241 1205 344 1267 τὰς
369 1206 474 1257 ύπδ
499 1207 593 1260 τοῦ
628 1210 832 1275 πατρός
861 1227 954 1263 σου
982 1210 1074 1263 τοῦ
1097 1211 1343 1264 διαϐόλου
1373 1213 1818 1282 ὑποϐαλλομένας
1922 1240 1923 1263 ;

1802 1232 1818 1277 ς
1922 1217 2122 1271 auditis
2174 1214 2397 1285 Lysias,
2446 1206 2588 1269 hanc
2640 1214 2970 1284 inopinatam
3026 1216 3127 1269 viri
3184 1216 3484 1271 admiratus

245 1308 330 1344 σοι
369 1294 727 1363 καταισχῦναι
774 1297 870 1350 καὶ
906 1298 1202 1370 ἀφανισμῷ
1244 1302 1436 1372 τελείῳ
1484 1302 1817 1371 παραδοῦναι
1921 1312 1927 1365 1

1802 1321 1817 1356 ι
1921 1310 2256 1374 libertatem,
2298 1318 2354 1363 et
2398 1310 2598 1363 caedem
2643 1311 2976 1380 spirantibus
3019 1311 3191 1364 oculis
3235 1326 3359 1366 eum
3400 1312 3484 1365 in-

242 1386 575 1452 ὀφείλοντες.
608 1388 794 1442 Ταῦτα
825 1392 1062 1455 ἀκούσας
1094 1394 1123 1445 ὀ
1144 1395 1369 1460 Λυσίας,
1392 1397 1486 1448 καὶ
1515 1398 1578 1463 τῇ
1609 1397 1816 1466 ἀπροσ-

1803 1424 1816 1436 -
1926 1402 2128 1464 tuitus,
2181 1416 2247 1454 ex
2296 1401 2406 1454 imo
2455 1410 2671 1469 pectore
2716 1412 2773 1455 et
2824 1402 3087 1456 iracundo
3138 1403 3256 1470 ejus
3303 1403 3485 1457 animo

242 1473 459 1546 δοκήτῳ
493 1477 667 1549 ταύτῃ
709 1482 993 1553 παρρησία
1043 1484 1139 1537 τοῦ
1191 1486 1385 1553 ἀνδρὸς
1428 1485 1818 1557 ἐκθαμσηθεὶςι
1923 1524 1924 1534 ι

1806 1527 1818 1552 ι
1923 1494 2124 1549 emisso
2152 1493 2408 1561 suspirio,
2456 1507 2589 1545 voc».
2624 1492 2880 1555 intonuit,
2925 1495 3003 1547 sic
3066 1492 3488 1547 dicens:Acer-

244 1570 416 1639 φονίῳ
443 1586 502 1621 τι
539 1570 618 1638 τῷ
645 1571 853 1640 ὄμματι
885 1573 1086 1643 βλέψας
1112 1577 1194 1639 είς
1237 1577 1403 1629 αὑτὸν
1446 1578 1543 1630 καὶ
1583 1578 1692 1631 ἀπὸ
1722 1596 1824 1632 κα-
1925 1586 1926 1589 “

1808 1608 1824 1622 -
1925 1584 2049 1638 bius
2099 1584 2254 1644 mihi,
2294 1598 2458 1650 quam
2488 1599 2726 1651 unquam
2755 1593 2938 1646 antea,
2965 1584 3172 1637 exstitit
3210 1584 3315 1639 hoc
3343 1584 3490 1653 judi-

242 1660 490 1713 τωτάτου
535 1662 767 1731 στήθους
798 1666 1104 1733 στεναγμὸν
1150 1670 1213 1721 ὲκ
1260 1669 1359 1738 τῆς
1404 1669 1620 1738 ὀργίλου
1652 1668 1820 1723 αὑτοῦ

1804 1668 1820 1722 3
1925 1675 2094 1735 cium,
2118 1684 2173 1727 et
2193 1674 2376 1727 Gmca
2404 1676 2577 1741 patria
2601 1675 2921 1729 austeritate
2949 1676 3242 1744 repletum,
3267 1685 3486 1730 oratore

244 1754 425 1823 ψυχῆς
450 1755 804 1825 ἀναπέμψας,
831 1758 1121 1829 ὲδρόντησε
1146 1764 1211 1829 τῇ
1238 1763 1387 1829 φωνῇ
1417 1762 1588 1829 λέγων
1610 1762 1781 1825 οῦτως
1802 1778 1815 1794 ·

244 1847 475 1915 Φαιδρόν
506 1866 593 1917 μοι
627 1850 726 1920 τὴν
751 1853 994 1922 τήμερον
1024 1852 1100 1916 ὡς
1128 1855 1189 1905 οὐ
1220 1854 1437 1908 πώποτε
1467 1858 1529 1907 τὸ
1559 1854 1821 1925 δικαστὴ·
1850 1833 1896 1891 Β

250 1957 369 2008 ριον
399 1942 662 2012 κατέστη,
697 1945 793 1996 καὶ
821 1946 921 2013 τῆς
969 1946 1231 2017 πατρῴας
1274 1948 1592 2017 Ἑλληνικῆς
1622 1951 1825 2019 αὐστη-

250 2032 374 2098 ρίας
402 2033 860 2103 πεπληρωμένον,
892 2039 1122 2107 ῥήτοράς
1155 2055 1243 2107 μοι
1274 2038 1367 2091 τοῦ
1414 2039 1606 2107 δημίου
1635 2040 1822 2093 τούτου

247 2124 345 2176 καὶ
380 2125 665 2196 ἀλιτηρίου
700 2131 1089 2197 προκειμένου.
1138 2130 1387 2200 ’Δρθήτω
1430 2131 1557 2198 γοῦν
1599 2134 1627 2183 ὀ
1655 2134 1827 2194 ἑστὼς

248 2218 347 2287 τῆς
376 2222 759 2291 περικειμένης
786 2222 937 2291 αύτῷ
982 2224 1208 2291 χλαίνης
1239 2225 1332 2277 καὶ
1378 2223 1574 2291 ζώνης,
1625 2223 1721 2276 καὶ
1761 2225 1825 2277 ὲκ

245 2311 455 2366 τούτων
506 2315 615 2365 τῶν
663 2317 906 2383 σημείων
950 2317 1213 2369 δεικνύτω
1270 2316 1463 2369 ἑαυτὸν
1517 2316 1667 2379 ξένον
1713 2319 1824 2380 τοῖς

1928 1764 2060 1817 mihi
2093 1764 2371 1831 proposito
2407 1763 2672 1817 scelerato
2708 1764 2810 1817 hoc
2843 1764 3119 1819 carniﬁce.
3150 1765 3233 1819 Ab
3261 1780 3330 1819 eo
3358 1781 3489 1835 ergo

1922 1864 2100 1910 stante
2150 1858 2391 1920 tollatur,
2418 1872 2527 1923 qua
2560 1856 2786 1910 indutus
2834 1865 2936 1922 est,
2970 1859 3102 1911 laena
3136 1867 3189 1911 et
3221 1873 3354 1911 zona
3392 1876 3405 1911 :
3436 1868 3491 1911 ct

1921 1964 1986 2003 ex
2012 1949 2095 2003 his
2142 1950 2312 2019 signis
2355 1949 2609 2003 ostendat
2655 1949 2933 2013 omnibus,
2968 1966 3025 2004 se
3056 1950 3294 2003 alienum
3329 1950 3397 2002 ab
3427 1964 3490 2003 ea

1921 2056 2041 2109 qua:
2067 2041 2132 2093 ad
2162 2041 2339 2107 ipsum
2367 2040 2675 2107 pertinebat
2709 2040 3011 2107 hucusque,
3043 2041 3260 2094 militia.
3286 2039 3491 2093 Deinde

1922 2133 2103 2187 nudus
2145 2149 2408 2200 corpore,
2463 2134 2793 2202 funibusque
2841 2134 3096 2202 expansis
3143 2134 3397 2187 manibus
3438 2141 3492 2187 et

1922 2226 2174 2294 pedibus,
2206 2228 2356 2279 humi
2390 2236 2668 2292 extensus,
2715 2236 2903 2296 pergat
2947 2227 3173 2296 exsequi
3212 2241 3354 2292 eam,
3384 2240 3491 2295 qua

1925 2332 1982 2371 se
2013 2317 2276 2379 defendit,
2314 2319 2657 2372 concionem.

249 2408 389 2459 πᾶσι
415 2406 513 2476 τῆς
538 2410 847 2478 προσούσης
874 2410 1019 2478 αὐτῷ
1053 2410 1181 2479 ἄχρι
1210 2410 1309 2479 τῆς
1334 2408 1494 2479 δεῦρο
1517 2410 1826 2475 στρατείας,
1862 2405 1963 2462 εἷθ’
2007 2411 2171 2475 οὓτω,
2242 2412 2448 2477 γυμνὸς
2495 2410 2574 2478 τῷ
2621 2411 2854 2479 σώματι,
2931 2411 3183 2478 σχοινίοις
3222 2411 3494 2473 διαταθεὶς

248 2499 439 2568 χεῖρας
477 2499 570 2549 καὶ.
599 2499 766 2561 πόδας
796 2500 1120 2568 ήπλωμένος
1148 2502 1205 2552 ὲν
1240 2505 1307 2571 τῇ
1337 2505 1431 2571 γῇ,
1477 2502 1686 2571 εχέοθω
1718 2501 1815 2569 τῆς
1857 2501 2262 2571 δορυφορούσης
2283 2502 2447 2555 αὑτὸν
2476 2502 2833 2571 δημηγορίας.

324 2588 400 2643 Ζ’.
438 2590 639 2645 Τούτου
669 2592 723 2643 δὲ
754 2593 894 2661 μετά
932 2593 1129 2646 πολλοῦ
1161 2594 1257 2646 τοῦ
1284 2593 1480 2663 τάχους
1509 2592 1821 2661 γενομένου,

250 2681 280 2732 ὁ
312 2679 439 2746 δοῦξ
478 2676 631 2735 εἶπεν
655 2699 668 2713 ⁸
698 2684 905 2751 Μηδείς
938 2701 1018 2737 σοι
1073 2686 1401 2754 μετάμελος,
1432 2682 1477 2741 ὦ
1502 2685 1824 2757 Εὐστράτιε,

250 2773 350 2825 ἀπὶ
394 2778 507 2835 τοὶς
539 2774 799 2845 ὀλεθρίως
848 2794 932 2829 σοι
974 2778 1338 2847 ιναρχθεῖσιν,
1382 2778 1468 2832 ἵνα
1499 2779 1646 2844 ἅπαξ
1688 2780 1828 2831 ἀπο-

253 2865 437 2935 φύγῃς
466 2871 543 2938 τῇ·
566 2869 842 2939 προσούσῃ
869 2887 959 2936 μοι
987 2870 1373 2941 φιλανθρωπίᾳ.
1393 2872 1491 2939 τὴν
1524 2872 1823 2940 τιμωρίαν;

252 2958 397 3011 άλλά
449 2961 809 3030 προοιμιάζου
848 2965 943 3015 καὶ
973 2964 1100 3031 λέγε
1132 2965 1237 3034 πρὸ
1284 2965 1392 3017 τῶν
1443 2964 1691 3033 βασάνων
1732 2965 1829 3019 σὺν

254 3052 335 3117 τί»
371 3051 610 3119 πατρῴῳ
639 3053 863 3121 ὀνόματι
899 3056 991 3105 καὶ
1045 3054 1145 3123 τὴν
1190 3057 1587 3123 ὲνεγκαμένην,
1621 3059 1715 3108 καὶ
1740 3056 1829 3108 τὸν

2000 2593 2112 2647 VII.
2166 2593 2278 2646 Hoc
2322 2602 2501 2647 autem
2555 2595 2698 2647 facto
2745 2594 2979 2647 maxima
3026 2593 3326 2657 celeritate.
3360 2595 3497 2650 dixit

1928 2688 2037 2742 dux
2072 2707 2083 2741 :
2117 2688 2297 2749 Nulla,
2330 2702 2363 2741 o
2400 2687 2659 2749 Enstrati,
2695 2686 2913 2740 duceris
2951 2687 3271 2755 paenitentia
3306 2687 3377 2741 ob
3407 2704 3494 2753 ea,

1927 2797 2048 2851 qua
2079 2796 2109 2834 a
2138 2792 2189 2833 te
2222 2790 2347 2833 sunt
2376 2780 2625 2832 inchoata
2646 2778 2966 2846 perniciose.
2995 2787 3057 2830 ut
3085 2793 3206 2846 qua:
3237 2777 3371 2830 mihi
3406 2778 3491 2830 in-

1929 2884 2011 2929 est
2040 2873 2358 2935 clementia,
2404 2871 2633 2940 etl‘ugias
2672 2870 3042 2939 supplicium?
3078 2872 3173 2924 sed
3220 2870 3497 2933 exordire,

1935 2975 1990 3020 et
2035 2966 2123 3019 die
2169 2974 2295 3019 ante
2332 2972 2625 3025 tormenta,
2672 2976 2797 3016 cum
2845 2970 2939 3014 tuo
2986 2960 3228 3023 nomine,
3263 2962 3497 3029 patriam

1936 3073 2151 3127 quoque
2177 3072 2297 3124 qua:
2324 3066 2373 3109 te
2400 3056 2524 3109 tulit
2556 3074 2570 3109 :
2600 3064 2654 3108 et
2682 3055 2829 3122 aperi
2864 3054 3025 3108 nobis
3048 3053 3349 3107 novitatem
3380 3054 3497 3123 ejus

256 3144 553 3211 καινισμδν
584 3142 683 3213 τῆς
723 3144 1096 3215 λανθανούσης
1143 3150 1200 3198 ὲν
1236 3149 1317 3199 σοι
1352 3148 1652 3218 θρησκείας
1682 3150 1827 3218 μάλα
1864 3209 1898 3218 η
1934 3175 1938 3196 ‹

1819 3167 1827 3200 ι
1864 3209 1898 3218 η
1934 3165 2053 3218 qua:
2085 3151 2137 3202 in
2179 3157 2231 3201 te
2268 3148 2469 3201 latebat
2502 3146 2800 3216 religionis.
2842 3145 2987 3199 Dixit
3021 3155 3245 3199 sanctus
3278 3145 3501 3198 Eustra—

259 3209 565 3302 σαφήνίσον
600 3209 748 3303 ἡμῖν.
812 3238 872 3289 Ὀ
916 3209 1073 3305 ἅγιος
1115 3209 1454 3309 Εύστράτιος
1489 3237 1639 3293 εἶπεν
1663 3209 1693 3269 ⁸.
1739 3241 1832 3293 Ἐκ
1856 3209 1901 3270 C
1934 3248 1941 3289 1

1814 3259 1832 3293 ι
1856 3209 1901 3270 C
1934 3239 2041 3291 tius
2087 3255 2101 3293 :
2136 3239 2302 3291 Natus
2340 3254 2459 3290 sum
2498 3239 2550 3289 in
2584 3236 2844 3305 oppidulo
2872 3236 3496 3298 Arauracenorum,no-

256 3328 361 3396 τῆς
404 3329 828 3397 ’Λραυρακηνῶν
873 3328 1140 3398 ὥρμημαι
1180 3332 1455 3399 πολίχνης,
1503 3330 1835 3399 Εὐστράτιος

256 3421 541 3487 τοῦνομα,
594 3420 895 3487 Κυρισίκης
953 3421 1053 3488 τὴν
1106 3423 1439 3490 ἐπωνυμίαν,
1485 3425 1549 3490 τῇ
1608 3422 1835 3491 πατρῴᾳ

254 3512 549 3580 διαλέκτῳ,
592 3512 774 3574 δοῦλος
800 3512 854 3563 δὲ
887 3512 1117 3580 ὑπάρχω
1150 3514 1241 3565 τοῦ
1272 3516 1543 3566 Δεσπότου
1568 3516 1674 3565 τῶν
1702 3516 1837 3566 ὅλων

256 3606 424 3669 Θεοῦ,
462 3606 556 3658 καὶ
593 3607 685 3659 τοῦ
715 3606 1090 3676 προσκυνητοῦ
1123 3607 1251 3660 Υίοῦ
1285 3608 1451 3661 αὐτοῦ
1490 3610 1663 3677 Ἰησοῦ
1704 3610 1838 3677 Χρι-

260 3696 421 3761 στοῦ,
485 3698 576 3749 καὶ
629 3698 721 3750 τοῦ
772 3699 926 3764 ἁγίου
975 3698 1328 3763 Πνεύματος·
1387 3700 1452 3751 tu
1510 3700 1837 3768 σπαργάνων

261 3790 556 3857 μητρικῶν
599 3790 756 3842 τοῦτο
784 3790 844 3841 τδ
891 3790 1050 3853 σέϐας
1085 3791 1353 3858 διδαχθεὶς
1402 3792 1712 3860 προσκυνῶ.
1777 3792 1837 3842 'O

255 3880 390 3945 δοὺξ
425 3875 576 3932 εἶπεν
608 3898 618 3911 ·
657 3880 1048 3935 Κατατιθέσθω
1078 3884 1109 3951 ἡ
1161 3883 1333 3945 τάξις,
1370 3883 1536 3935 πόσον
1573 3882 1691 3945 ἔτος
1722 3883 1839 3936 δια-

256 3970 385 4021 νύει
426 3964 578 4032 οὗτος
615 3971 670 4022 ὲν
708 3974 773 4041 τῇ
809 3973 1063 4040 στρατείᾳ
1089 3972 1301 4042 ταύτης
1343 3974 1407 4024 Ἢ
1453 3973 1605 4036 τάξις
1644 3968 1797 4025 εἶπεν
1820 3988 1835 4003 ’

256 4064 527 4115 Εἰκοστὸν
564 4063 793 4131 ἓδδομον
843 4064 961 4124 ἔτος
1020 4063 1319 4133 πληροῦται
1370 4066 1428 4117 ἑν
1482 4065 1559 4133 τῷ
1611 4067 1836 4135 παρόντι

257 4153 523 4221 ἐνιαυτῷ,
559 4155 652 4220 ἀρ’
683 4147 744 4207 οὗ
789 4156 985 4224 χρόνου
1029 4156 1220 4223 μικρὸς
1250 4156 1324 4208 ὢν
1354 4157 1433 4209 ἔτι
1468 4157 1564 4227 τὴν
1598 4158 1839 4226 ἠλικίαν,

254 4245 368 4314 τὴν
420 4245 511 4297 τοῦ
572 4245 937 4313 ἐκσκέπτορος
984 4247 1270 4315 ἐπλήρωσε
1334 4249 1541 4316 χρείαν,
1604 4247 1663 4301 '0
1715 4248 1838 4313 δοὺέ

256 4331 421 4389 ιῖπεν
448 4351 462 4366 ο
508 4334 622 4386 Νῦν
662 4336 822 4404 ὁρῶν,
876 4330 921 4388 ὧ
966 4336 1286 4404 Εὑστράτιε,
1325 4338 1417 4392 τὸν
1462 4339 1840 4408 ι-πηρτημένον

257 4424 326 4489 ἐξ
382 4424 667 4488 ἀπειθείας
723 4443 805 4479 σοι
840 4427 1099 4493 κίνδυνον,
1146 4430 1237 4481 καὶ
1269 4429 1585 4498 ἀνασφήλας
1631 4432 1694 4483 ὲκ
1742 4432 1838 4498 τῆς

1936 3330 2081 3383 mine
2114 3330 2440 3390 Eustratius,
2474 3328 2795 3396 cognomine
2825 3327 3097 3396 Cyrisices
3130 3337 3353 3395 paterno
3384 3341 3501 3380 ser—

1936 3438 2093 3475 mone
2144 3422 2275 3473 Sum
2298 3430 2478 3472 autem
2503 3434 2691 3472 servus
2713 3417 2829 3479 Dei,
2854 3419 3065 3471 Domini
3090 3417 3497 3479 universorum,

1937 3519 1991 3562 et
2010 3509 2274 3562 adorandi
2296 3510 2413 3577 ejus
2437 3507 2557 3561 Filii
2577 3506 2703 3560 Jesu
2722 3506 2953 3569 Christi,
2973 3515 3029 3559 et
3046 3507 3217 3559 sancti
3239 3504 3497 3572 Spiritus.

1936 3600 2012 3654 Ex
2041 3599 2308 3653 maternis
2338 3599 2519 3652 fasciis
2557 3598 2746 3656 didici.
2781 3613 2947 3665 quam
2978 3596 3121 3662 colo,
3155 3596 3497 3666 religionem.

1936 3692 2051 3744 Dux
2079 3690 2215 3743 dixit
2246 3705 2259 3741 :
2302 3691 2545 3757 Deponat
2594 3690 2794 3741 cohors
2814 3727 2830 3752 ,
2866 3697 3001 3755 quot
3032 3702 3207 3742 annos
3238 3688 3501 3756 transegit

1937 3782 1990 3835 in
2027 3782 2128 3833 hac
2160 3780 2391 3833 militia?
2427 3780 2638 3833 Cohors
2672 3780 2808 3833 dixit
2840 3796 2855 3833 :
2892 3780 3191 3835 Vicesimus
3236 3782 3501 3847 septimus

1937 3889 2111 3927 annus
2132 3872 2435 3940 completur
2458 3872 2561 3925 hoc
2583 3886 2747 3934 anno,
2766 3886 2829 3924 ex
2851 3887 2981 3941 quo,
3006 3886 3131 3925 cum
3154 3879 3299 3925 esset
3319 3871 3501 3924 adhuc

1938 3982 2139 4036 parvus
2171 3974 2351 4030 aetate,
2385 3965 2605 4019 [uinctus
2637 3974 2721 4018 est
2758 3979 2985 4018 munere
3017 3962 3348 4033 exceptoris.
3385 3964 3502 4016 Dux

1926 4059 2113 4112 "dixit:
2146 4058 2320 4117 Nunc,
2357 4074 2388 4109 ο
2418 4057 2678 4115 Eustrati,
2712 4058 2904 4110 videns
2948 4056 3093 4124 quod
3142 4071 3206 4109 ex
3258 4064 3349 4107 tua
3380 4055 3503 4107 ino-

1937 4153 2209 4207 bedientia
2242 4151 2337 4203 tibi
2367 4149 2609 4202 imminet
2641 4149 2965 4216 periculum,
2989 4156 3045 4199 et
3073 4145 3405 4214 resipiscens
3431 4160 3502 4198 ex

1937 4261 2022 4308 eo,
2070 4245 2163 4314 qui
2212 4243 2308 4298 tibi
2355 4242 2554 4295 accidit
2601 4242 2813 4303 furore,
2858 4239 3089 4310 sapienti
3138 4253 3298 4292 utens
3332 4239 3503 4292 ratio-

1940 4337 2238 4399 cinatione,
2272 4352 2342 4389 ne
2392 4336 2671 4402 relinquas
2707 4348 2827 4387 eam
2875 4348 2996 4400 quae
3043 4348 3072 4384 a
3120 4340 3172 4384 te
3216 4340 3294 4385 tot
3342 4331 3500 4384 annis

1938 4438 2086 4484 recte
2129 4435 2185 4481 et
2227 4426 2422 4480 ordine
2456 4434 2606 4495 gesta
2633 4432 2717 4478 est
2745 4422 3014 4487 militiam,
3046 4421 3340 4491 propitiam
3371 4421 3502 4475 deo-

256 4514 683 4585 προσπεσούνης
746 4532 827 4569 σοι
885 4516 1099 4586 μανίας,
1164 4518 1399 4587 σώφρονι
1456 4518 1536 4588 τῷ
1595 4519 1837 4590 λογισμῷ
1870 4554 1913 4609 D

1820 4521 1837 4572 5
1870 4554 1913 4609 ο
1941 4537 2059 4574 rum
2106 4523 2363 4574 invocans
2406 4518 2725 4587 potentiam,
2761 4526 2816 4569 et
2848 4515 3237 4583 imperatorum
3265 4513 3502 4567 benevo-

256 4608 636 4676 χρησάμενος,
670 4607 742 4677 μὴ
773 4607 1076 4677 καταλίπῃς
1121 4608 1220 4677 τὴν
1263 4610 1320 4660 ἐν
1349 4611 1620 4669 τοσούτοις
1654 4609 1836 4665 ιτεσιν

254 4696 547 4757 εὐτάκτως
576 4712 656 4748 σοι
692 4695 1053 4765 συναχθεῖσαν
1085 4697 1393 4765 στρατείαν,
1427 4696 1699 4765 τὴνιῖλεω
1728 4701 1836 4754 τῶν

256 4788 410 4841 θεῶν
458 4786 691 4856 δύναμιν
739 4788 1207 4857 ἐπικαλεσάμενος
1264 4791 1355 4843 καὶ
1408 4791 1504 4861 τὴν
1552 4793 1837 4861 εὐμένειαν

253 4880 373 4935 τῶν
422 4880 791 4950 κρατούντων,
843 4882 938 4935 καὶ
988 4882 1087 4953 τὴν
1116 4882 1210 4935 τοῦ
1243 4884 1591 4953 δικαστηρίου
1654 4886 1840 4952 φιλαν-

255 4974 289 5028 θ
298 4976 536 5043 ρωπίαν.

253 5066 567 5134 ἀλιτηρίοις
593 5067 686 5120 καὶ
711 5070 919 5136 κωφοίς
948 5067 1159 5135 ξοάνοις
1190 5070 1293 5123 ὑπὸ
1322 5070 1626 5139 ἀνθρώπων
1667 5089 1835 5126 κατα-

256 5156 656 5211 οκευασθεζσιν
702 5158 879 5221 οὐδεὶς
939 5157 1162 5213 πώποτε
1212 5159 1514 5230 ἀνθρώπων
1574 5162 1833 5231 λογισμοῦ

254 5248 459 5314 κύριος
479 5248 558 5300 ὢν
583 5251 912 5317 προσκυνεῖν
953 5249 1298 5321 προστάττει.
1328 5252 1558 5323 Εἴρηται
1594 5256 1701 5323 γάρ
1729 5272 1831 5307 που

253 5339 323 5391 ἀν
352 5340 471 5398 ταῖς
504 5340 633 5408 παρ’
671 5341 803 5409 ἡμῖν
836 5339 1016 5403 θείαις
1054 5340 1299 5409 Γραφαῖς
1332 5357 1344 5371 ·
1392 5362 1411 5395 t
1442 5343 1587 5407 Θεοὶ,
1643 5346 1693 5397 οἳ
1747 5346 1837 5398 τον

252 5429 499 5498 οὐρανὸν
536 5431 755 5501 καινὴν
782 5433 884 5500 γῆν
912 5433 1019 5485 οὐκ
1038 5435 1317 5502 ἐποίησαν,
1363 5435 1768 5493 ἀπολέσθωσαν.
1813 5458 1832 5488 s

267 5522 337 5573 '0
369 5521 498 5585 δουξ
534 5517 689 5575 εἶπεν
711 5539 724 5551 ·
780 5523 941 5577 Ἀλλά
978 5525 1230 5595 ἀνέχεται
1260 5525 1543 5594 ἄνθρωπος
1573 5527 1834 5596 λογισμοῦ

257 5612 463 5682 κύριος
537 5616 938 5687 ισταυρωμένῳ
1011 5616 1368 5687 προσανέχειν
1426 5616 1583 5686 Θεῷ,
1648 5618 1835 5687 ὥσπερ

348 5796 361 5824 ⁸
397 5795 603 5850 Jcretn.
647 5812 698 5854 x.
732 5797 811 5850 ll.

620 4974 687 5027 Ὀ»
730 4975 883 5041 ἅγιος
949 4976 1275 5044 Εὐστράτιος
1326 4974 1477 5031 εἶπεν
1503 4994 1519 5012 ο
1573 4980 1878 5046 Δαίμοσιν·

1940 4614 2200 4675 lentiam,
2256 4622 2313 4666 et
2366 4609 2559 4679 judicii
2632 4607 3001 4661 clementiam.
3062 4606 3211 4661 Dixit
3283 4615 3503 4660 sanctus

1940 4705 2246 4760 Eustratius
2278 4720 2291 4755 :
2322 4700 2704 4756 Exsecrandos
2733 4700 3028 4760 demones,
3056 4707 3112 4753 et
3139 4700 3303 4753 surda
3332 4698 3504 4752 simu-

1938 4799 2081 4851 lacra
2132 4796 2199 4848 ab
2249 4794 2563 4847 hominibus
2618 4800 2978 4852 constructa,
3029 4792 3211 4844 nullus
3262 4805 3501 4857 unquam

1939 4889 2125 4949 homo,
2156 4886 2250 4953 qui
2282 4897 2503 4952 compos
2530 4889 2676 4935 esset
2704 4880 2928 4943 mentis,
2960 4881 3169 4933 censuit
3200 4879 3498 4932 adoranda.

1941 4979 2153 5032 Dictum
2178 4985 2263 5030 est
2290 4976 2437 5029 enim
2466 4972 2667 5027 alicubi
2699 4974 2756 5025 in
2782 4969 3293 5037 nostrisScripturis
3318 4987 3363 5023 ε(
3398 4969 3501 5029 Dii,

1940 5071 2032 5137 qui
2082 5068 2278 5123 cmlum
2325 5075 2380 5120 et
2426 5074 2626 5119 terram
2656 5078 2766 5117 non
2812 5062 3081 5121 fecerunt.
3126 5066 3359 5129 pereant
3396 5061 3435 5111 ⁸.
3478 5076 3497 5109 ι

1941 5164 2057 5217 Dux
2096 5162 2232 5214 dixit
2263 5177 2281 5215 :
2316 5160 2423 5212 Sed
2455 5166 2612 5211 estne
2639 5156 2685 5211 is
2710 5169 2934 5223 compos
2964 5152 3182 5215 mentis.
3210 5153 3303 5220 qui
3332 5150 3502 5205 Deum

1940 5253 2131 5307 adorat
2173 5250 2514 5313 crucifixum,
2567 5248 2710 5301 sicut
2748 5260 2847 5298 vos
2887 5244 3031 5312 pleni
3076 5240 3505 5309 superstitione?

1944 5343 2176 5398 Sanctus
2206 5339 2517 5396 Eustratius
2543 5338 2679 5391 dixit
2705 5354 2719 5389 :
2744 5335 2800 5389 Si
2824 5335 2922 5389 tibi
2953 5348 3062 5387 non
3092 5340 3279 5385 essent
3308 5331 3501 5384 mutati

1944 5447 2137 5486 sensus
2166 5431 2381 5492 mentis,
2403 5438 2460 5483 et
2481 5426 2951 5497 perturbationum
2976 5423 3368 5489 conspersione
3391 5434 3499 5475 non

1942 5535 2087 5579 esset
2134 5525 2199 5577 ad
2252 5538 2339 5577 res
2385 5531 2629 5575 terrenas
2678 5520 2775 5574 tibi
2824 5523 3221 5571 transmutatus
3264 5512 3497 5569 animus.

1944 5620 2287 5674 ostenderem
2322 5617 2417 5671 tibi
2451 5617 2594 5669 hunc
2620 5609 2976 5672 Cruciﬁxum,
3006 5621 3194 5663 verum
3226 5621 3346 5661 esse
3377 5603 3501 5659 Ser-
