4260 6430
706 385 812 448 475

1957 376 2242 438 MENSIS
2281 375 2714 437 DECEMBETL

3854 373 3957 436 ιτσ

708 508 950 550 vatorem
986 502 1045 549 et
1083 491 1393 554 Dominum,
1440 494 1497 543 et
1532 487 1801 542 universa:
1833 498 2031 541 creata:
2067 495 2278 540 natura
2308 497 2356 558 Α
2387 505 2390 524 ι

2308 497 2356 558 Α
2387 485 2543 554 ὑμεῖς
2573 483 2624 536 οἰ
2652 483 3073 554 κακοδαιμονίας
3113 483 3411 554 ἀνάμεστοι
3439 502 3454 551 ς
3508 487 3838 557 Εὖστράτεος
3884 487 3962 541 εἷ-

708 585 982 650 Opifioem,
1009 583 1102 650 qui
1137 589 1222 635 est
1275 595 1398 635 cum
1431 579 1590 634 Patre
1618 589 1745 632 ante
1800 578 2022 637 saacuIa.
2049 585 2106 630 et
2141 575 2280 629 inef-

710 676 862 730 fabili
929 674 1196 742 sapientia
1264 688 1362 740 per
1423 672 1926 740 regenerationem,
1994 668 2280 724 suscitavit

709 778 952 820 nostram
998 765 1501 820 mortiﬁcationem.

2389 591 2530 630 πεν·
2566 577 2634 628 Et
2684 593 2768 628 σοι
2822 577 2890 628 τά
2945 576 3278 646 αἰσθητήρια
3334 579 3446 631 τῶν
3499 581 3712 648 φρενῶν
3766 581 3839 648 μὴ
3873 582 3965 649 1-,).-

2389 668 2600 730 λοίωτο,
2635 667 2730 720 καὶ
2759 667 2838 734 τῷ
2867 666 2976 719 τῶν
3003 667 3197 720 παθῶν
3243 671 3526 739 φυράματι
3559 671 3634 740 μὴ
3667 671 3962 739 μετεσκεύ-

2385 774 2520 810 αστο
2552 758 2689 825 πρὸς
2716 759 2779 810 τδ
2809 758 3011 824 γεῶδες
3039 759 3072 826 ἡ
3105 758 3254 828 ψυχή
3301 776 3422 821 σου.
3456 760 3630 825 ἔδειξα
3659 763 3725 816 ἀν
3755 780 3837 814 σοι
3870 767 3964 816 τὸν

712 861 1136 928 ἐσταυρωμένον
1164 859 1370 917 τοῦτον,
1405 857 1632 923 Σωτῆρα
1667 855 1760 908 καὶ
1795 854 1991 922 Κύριον
2015 851 2288 919 ἀληθινδν,
2327 852 2423 902 καὶ
2453 848 2634 917 πάσης
2677 848 2910 911 κτίσεως
2961 849 3294 919 δημιουργὸν
3372 852 3524 915 δντα,
3583 855 3689 922 πρό
3741 856 3955 915 αἰώνων

712 951 1130 1018 συνυπάρχοντα
1156 949 1233 1016 τῷ
1268 950 1460 1018 Πατρὶ,
1493 949 1586 1000 καὶ
1620 947 1783 1016 σοφίᾳ
1811 948 2035 1016 ἀρῥήτῳ
2067 945 2155 996 διὰ
2183 944 2283 1012 τῆς
2320 939 2742 1006 παλιγγενεσίας
2764 939 2864 1008 τὴν
2889 939 3164 1009 ἡμετέραν
3197 942 3562 1010 ἀνεγείραντα
3597 943 3888 1007 νέκρωσιν.

786 1043 920 1096 VIII.
949 1042 1084 1095 Cum
1117 1049 1301 1094 autem
1333 1040 1490 1093 vellet
1520 1039 1702 1093 adhuc
1735 1047 1960 1092 sanctus
1990 1045 2284 1090 contexere

713 1143 1045 1195 orationem,
1107 1134 1514 1198 interrumpeus
1565 1131 1704 1184 dixit
1758 1130 1867 1183 dux
1916 1129 2216 1183 sceleratus
2266 1145 2280 1182 :

714 1221 963 1277 Fumbus
997 1226 1048 1296 ip
1080 1237 1260 1275 aerem
1307 1210 1514 1276 feratur
1541 1222 1630 1276 hic
1663 1223 1745 1274 vir
1771 1236 2112 1290 generosus:
2142 1219 2287 1290 ignis

714 1324 892 1367 autem
948 1314 1234 1382 congeries
1267 1327 1495 1366 accensa
1539 1311 1894 1366 admoveatur
1933 1313 2052 1381 ejus
2097 1319 2280 1381 pecto-

716 1406 870 1458 ribus
919 1407 986 1458 ad
1043 1405 1167 1470 hoc,
1217 1415 1276 1458 ut
1331 1405 1746 1458 comburantur.
1794 1405 1970 1472 Supra
2024 1404 2287 1459 humeros

715 1511 850 1549 vero
899 1496 1191 1565 tiiplciter
1235 1511 1345 1549 uno
1389 1496 1598 1565 impetu
1638 1496 1804 1565 virgis
1846 1496 2189 1560 verberetur,
2225 1504 2286 1550 ut

720 1588 968 1641 oratione
1018 1587 1306 1640 nobiscum
1347 1588 1592 1642 decertet
1631 1587 1955 1656 elegantius.
2003 1585 2142 1641 Cum
2183 1586 2289 1640 hoc

721 1688 902 1732 autem
945 1679 1149 1734 lat-tuin
1177 1688 1344 1742 esset,
1371 1690 1426 1733 et
1463 1680 1651 1733 multis
1684 1680 1840 1734 horis
1870 1680 2042 1734 sancti
2077 1679 2288 1734 inferne

721 1773 929 1823 viscera
959 1780 1016 1824 et
1044 1779 1231 1825 venter
1249 1771 1317 1824 ab
1355 1771 1477 1839 igne
1507 1772 1785 1824 substrato
1801 1772 2287 1832 comburerentur,

2458 1031 2542 1085 H'.
2590 1031 2712 1083 Ἔτι
2759 1030 2816 1083 δὲ
2862 1029 2954 1083 τδν
3015 1031 3174 1098 λόγον
3231 1031 3503 1101 συνείρειν
3553 1032 3832 1092 ιθέὶοντος
3871 1034 3965 1087 τοῦ

2385 1123 2566 1191 ἁγίου,
2600 1122 2836 1192 ἐκκόψας
2865 1124 2896 1174 δ
2928 1124 3124 1192 μιαρὸς
3183 1123 3311 1190 δοῦξ
3357 1118 3514 1176 εἶπεν
3542 1139 3558 1154 ⁶
3593 1125 3966 1194 Βασταχθήτω

2386 1219 2500 1279 τοῖς
2529 1217 2786 1285 σχοινίοις
2817 1218 2898 1278 εἰς
2927 1218 3019 1268 τὸν
3050 1217 3191 1285 ἀέρα
3240 1219 3270 1269 δ
3314 1206 3576 1284 γεννάδας
3627 1214 3780 1280 οὗτος
3811 1234 3826 1250 ·
3862 1220 3967 1270 mb—

2389 1325 2569 1378 ρευμα
2601 1309 2658 1360 δὲ
2703 1309 2870 1376 πυρὸς
2911 1311 3292 1378 ὕφαπτὸμενον
3323 1309 3488 1362 αὑτοῦ
3524 1313 3600 1372 είς
3655 1311 3723 1362 τά
3771 1311 3967 1379 στέρνα

2385 1401 2601 1470 ιχίσθω
2630 1401 2710 1463 εἰς
2749 1400 2811 1452 τὸ
2854 1399 3201 1468 φλέγεσθαι·
3267 1401 3506 1470 ὕπερθεν
3549 1402 3606 1455 δί
3647 1401 3756 1453 τῶν
3802 1399 3970 1468 ὤμων

2386 1492 2550 1562 τριχῆ
2580 1492 2640 1545 ἰν
2676 1493 2780 1561 μιᾷ
2823 1493 2968 1562 φορᾷ
2997 1491 3215 1562 ῥάϐδοις
3243 1493 3554 1554 τυπτέσθω,
3590 1494 3737 1555 ὅπως
3759 1494 3964 1561 κομψο-

2387 1585 2551 1653 τέραν
2581 1583 2678 1652 τὴν
2699 1582 2837 1650 πρὸς
2865 1584 3006 1651 ἡμᾶς
3035 1585 3095 1635 ὲν
3115 1587 3228 1646 τοῖς
3252 1585 3433 1651 λόγοις
3470 1586 3765 1654 ποιήσηται
3799 1585 3965 1652 apo-

2390 1672 2513 1727 λαν.
2543 1673 2841 1741 Γενομένου
2875 1674 2933 1726 δί
2961 1673 3155 1726 τούτου
3181 1676 3275 1727 καὶ
3307 1678 3366 1727 ὲν
3399 1675 3622 1736 πολλαῖς
3650 1678 3767 1737 ταῖς
3793 1676 3967 1744 ὥραις

2387 1762 2486 1815 τοῦ
2520 1763 2680 1828 ἁγίου
2732 1763 2981 1816 κάτωθεν
3035 1766 3102 1818 τά
3153 1765 3437 1836 σπλάγχνα
3481 1769 3576 1819 καὶ
3627 1769 3728 1835 τὴν
3761 1767 3974 1820 κοιλίαν

722 1869 776 1911 et
810 1859 1180 1913 acerbissimis
1231 1859 1403 1928 plagis
1438 1861 1558 1928 ejus
1604 1871 1812 1930 tergum
1849 1861 2016 1929 virgis
2049 1861 2288 1930 ﬂagella-
2318 1855 2404 1931 Bt‘

2318 1873 2360 1931 Β
2387 1855 2494 1910 ὑπὸ
2521 1854 2616 1908 τοῦ
2664 1857 3109 1925 ὑποπρωθέντος
3146 1859 3318 1927 πυρὸς
3357 1860 3674 1927 καιομένου,
3729 1861 3973 1929 καιρίαις

723 1962 896 2014 retur,
961 1953 1109 2005 nulla
1166 1968 1269 2006 vox
1325 1953 1681 2007 emittebatnr
1734 1971 1750 2008 :
1802 1954 1897 2008 sed
1952 1970 2131 2024 neque
2183 1955 2292 2010 ulla

722 2041 909 2092 vultus
965 2041 1262 2108 appr-nbat
1317 2042 1587 2106 mutatio,
1645 2042 1906 2112 cernique
1971 2054 2184 2113 poterat
2239 2053 2296 2099 et

723 2131 946 2199 conjici,
969 2131 1114 2199 quod
1143 2132 1196 2184 in
1221 2133 1402 2188 alieno
1437 2149 1669 2204 corpore
1701 2135 1916 2189 subibat
1946 2137 2291 2205 supplicium.

724 2225 1017 2293 Pr0pterea
1056 2225 1473 2294 obstupefactus
1528 2227 1826 2280 sceleratus
1848 2229 2037 2297 judex.
2063 2229 2150 2281 vix
2179 2237 2296 2282 tano

726 2317 1024 2386 «lnmjussit
1065 2333 1188 2369 eum
1221 2319 1452 2371 relaxari
1495 2334 1524 2371 a
1563 2327 1860 2381 tormento,
1888 2327 1945 2374 et
1978 2319 2132 2372 vultu
2165 2318 2297 2372 sub-

729 2410 932 2470 ridens,
979 2408 1434 2475 dixitzQuisnam
1478 2409 2299 2464 tuusestsensus.oEustratil

730 2498 824 2550 v.3
845 2514 1066 2567 parvam
1101 2501 1340 2568 aliquam
1380 2501 1540 2554 aliam
1583 2502 1677 2554 tibi
1699 2502 1970 2569 imposét‘s
2002 2501 2173 2570 plagis
2197 2515 2295 2554 ex-

730 2590 960 2656 cogitem
1001 2590 1460 2646 delectationem?
1526 2592 1758 2647 Sanctus
1800 2593 1877 2647 ait
1940 2592 2295 2646 Eustratius:

732 2679 980 2733 Naxittie.
1023 2682 1136 2735 Dux
1169 2682 1307 2736 dixit
1341 2702 1353 2735 :
1386 2683 1653 2749 Quoniam
1683 2700 1811 2754 ergo
1841 2701 1962 2754 quae
1993 2686 2153 2740 nobis
2187 2685 2305 2754 pla-

734 2783 878 2834 cent.
906 2790 936 2826 a
971 2785 1184 2830 tacente
1217 2775 1308 2828 illo
1339 2784 1470 2829 sunt
1497 2775 1820 2844 approbata,
1855 2777 2025 2846 jubeo
2068 2777 2301 2830 muriam

733 2873 889 2918 aceto
907 2873 1373 2934 contemperatam
1395 2880 1604 2934 magno
1647 2865 1854 2920 ﬂuento
1887 2866 2098 2920 infundi
2131 2881 2305 2921 mem-

734 2954 852 3010 bris
897 2955 1018 3024 igne
1068 2957 1410 3019 combustis,
1457 2966 1515 3010 et
1561 2958 1738 3010 acutis
1789 2957 1947 3012 testis
1995 2958 2210 3012 fortiter
2252 2957 2304 3012 ei

737 3045 998 3110 :ill‘ricari,
1046 3045 1224 3102 donec
1269 3063 1333 3102 ex
1367 3057 1559 3102 nostro
1607 3049 1913 3102 ministerio
1958 3063 2149 3102 eorum
2183 3063 2306 3118 quae

735 3145 865 3190 sunt
911 3138 1196 3207 jucunda,
1252 3139 1489 3208 plurimo
1541 3155 1702 3194 sensu
1761 3149 2021 3209 percepto
2079 3142 2307 3196 satiatus

738 3225 926 3280 fuerit.

2393 1949 2450 2002 δὲ
2475 1948 2656 2017 βολαῖς
2676 1948 2770 2001 τὸν
2793 1949 2962 2002 νῶτον
2991 1953 3111 2013 ταῖς
3137 1950 3358 2018 ῥάϐδοις
3391 1952 3819 2020 μαστιγομένου,
3853 1952 3977 2004 οὐδὲ

2399 2039 2496 2110 μία
2522 2039 2873 2109 ἀνεπέμπετο
2905 2043 3054 2112 φωνή
3082 2060 3093 2073 ο
3130 2042 3250 2094 ἀλλ’
3293 2042 3415 2095 οὔτε
3452 2044 3742 2105 ἀλλοίωσξς
3776 2059 3860 2106 τις
3895 2043 3974 2113 τῷ

2397 2129 2676 2203 προσώπῳ
2735 2133 2900 2186 αὑτοῦ
2959 2136 3233 2202 ἐφαίνετο,
3287 2136 3385 2188 καὶ
3442 2130 3511 2205 ῆν
3556 2135 3829 2205 θεωρῆσαι
3883 2139 3977 2189 καὶ

2398 2225 2640 2288 εἰκάσαι,
2669 2225 2746 2288 ώς
2776 2228 2835 2278 εν
2885 2226 3152 2298 ἀλλοτρίῳ
3186 2227 3267 2297 τῷ
3314 2228 3526 2297 σώματι
3577 2228 3675 2296 τὴν
3702 2227 3978 2297 τιμωρίαν

2398 2313 2764 2383 ὑπομένοντα.
2811 2315 3136 2383 Ἐκπλαγείς
3168 2316 3227 2368 δὲ
3271 2319 3299 2369 ό
3334 2320 3530 2388 μιαρὸς
3573 2318 3832 2383 δικαστὴς
3887 2317 3980 2368 ἐπὶ

2397 2405 2595 2477 τούτῳ,
2654 2406 2809 2476 μόλις
2864 2409 2994 2461 ποτε
3041 2408 3302 2477 ἀνεθῆναι
3351 2410 3451 2479 τῆς
3503 2409 3738 2476 βασάνου
3789 2407 3983 2461 τοῦτον

2403 2500 2680 2565 ἐκέλευσε,
2729 2502 2825 2554 καὶ
2871 2501 3158 2568 ὐπογε).ὦν
3185 2501 3265 2571 τῷ
3317 2503 3596 2573 προσώπῳ
3650 2497 3845 2554 εἷπενο
3895 2502 3986 2554 '0-

2402 2593 2557 2644 ποίόν
2593 2610 2687 2646 σου
2721 2593 2783 2645 τὸ
2811 2593 3089 2663 φρόνημα,
3113 2587 3160 2646 ὦ
3200 2592 3499 2663 Εὐστράτιε
3525 2611 3540 2658 ;
3571 2595 3778 2664 φράσον
3826 2594 3980 2662 ἡμῖν.

2407 2679 2596 2732 Βούλει
2625 2681 2833 2749 μικράν
2855 2696 2978 2733 τινα
3004 2681 3096 2733 καὶ
3125 2680 3322 2747 ἑτέραν
3345 2683 3468 2743 ταῖς
3497 2680 3873 2741 ἑπιτεθείσαις
3899 2695 3984 2731 σοι

2406 2770 2644 2839 πληγαῖς
2674 2771 3146 2840 ἐπισχεδιάσωμαι
3177 2771 3406 2840 τέρψινς
3450 2772 3511 2824 '0
3545 2771 3702 2838 ἀγιος
3737 2769 3986 2840 Εὑστρά-

2404 2880 2518 2928 τιος
2552 2858 2709 2916 εἶπεν
2738 2880 2752 2895 ·
2792 2865 2936 2918 Πάνυ
2974 2867 3075 2931 μὲν
3108 2861 3223 2920 οῦν.
3259 2865 3318 2918 '0
3369 2863 3494 2928 δοϋξ
3518 2861 3672 2916 εῐπεν
3700 2877 3716 2893 σ
3749 2861 3988 2925 Οὐκοῦν,

2408 2957 2596 3025 ἐπειδὴ
2620 2958 2835 3010 ᾶπαντα
2862 2959 2930 3010 τά
2959 2961 3093 3027 ἡμῖν
3118 2957 3380 3011 δοκοῦντα
3407 2957 3616 3026 ἀρεστά
3641 2957 3721 3027 τῷ
3742 2958 3988 3024 κειμένῳ

2407 3047 2816 3116 δεδοκίμασται,
2851 3049 3034 3116 ἆλμην
3065 3049 3178 3115 δξει
3213 3049 3684 3118 συμφυραθεῐσαν,
3719 3048 3818 3100 καὶ
3849 3046 3985 3115 κρά-

2411 3156 2584 3209 ματος
2621 3141 2816 3194 πολλοῦ
2845 3144 3165 3211 γενομένου,
3205 3141 3510 3211 ὶπαχθῆναι
3549 3143 3662 3203 τοῐς
3709 3140 3986 3207 καταφλε-

2332 3221 2374 3279 C
2408 3231 2582 3300 χθείσι
2646 3232 2865 3299 μέλεσιν
2927 3233 3034 3285 ὐπδ
3088 3234 3184 3286 τοῦ
3246 3232 3420 3302 πυρὸς
3481 3231 3837 3301 προστάττω,
3895 3230 3989 3283 καὶ

739 3318 1029 3387 ὀστράκοις
1056 3320 1236 3384 ὀξέσιν
1279 3322 1511 3385 εὐτόνως
1556 3321 1966 3391 ἀνατρίδεσθαι,
1997 3323 2155 3394 ἄχρις
2184 3323 2309 3376 ὅτου
2347 3323 2450 3394 τῆς
2517 3325 2796 3394 ἡμετέρας
2855 3325 3160 3395 ὑπουργίας
3185 3325 3278 3378 ἐπὶ
3303 3327 3418 3387 τοῖς
3455 3323 3640 3393 ἡδέσιν
3671 3321 3824 3392 αὐτῷ
3855 3319 3988 3373 πολ-

741 3411 838 3481 λὴν
867 3414 964 3484 τὴν
991 3413 1246 3480 αἴσθησιν
1275 3413 1569 3484 δεξάμενος
1594 3415 1853 3486 κορεσθῇ.

813 3505 902 3559 1X.
939 3506 1073 3561 Cum
1109 3523 1300 3578 magna
1335 3519 1518 3564 autem
1566 3511 1851 3566 celeritate
1893 3526 1962 3566 eo
1994 3527 2216 3583 quoque
2260 3513 2312 3568 ei

744 3599 910 3652 allato
935 3608 1229 3665 tormento,
1252 3601 1440 3654 eadem
1466 3618 1606 3657 usus
1627 3612 1712 3656 est
1737 3604 2045 3658 constantia
2066 3614 2122 3658 et
2146 3605 2314 3660 animi

745 3689 1088 3755 fortitudine,
1133 3701 1189 3745 et
1235 3707 1412 3760 neque
1461 3694 1626 3758 ullus,
1656 3695 2006 3764 quantumvis
2039 3697 2196 3760 levis,
2225 3712 2316 3766 ge-

749 3780 914 3834 mitus
953 3781 1282 3836 audiebatur
1311 3784 1514 3839 emitti.
1547 3785 1665 3838 Dux
1712 3784 1852 3839 dixit
1881 3805 1893 3838 :
1927 3785 2210 3855 Tanquam
2259 3787 2314 3842 in

749 3885 909 3924 scena
957 3872 1407 3941 superstitionem
1449 3883 1690 3929 ostentat
1722 3883 1780 3928 et
1811 3877 1978 3944 jactat
2028 3876 2137 3939 hic,
2173 3877 2316 3930 sicut

749 3963 902 4028 dicit,
928 3965 1130 4018 atlilcta
1157 3963 1436 4019 Crucitixi.
1463 3965 1622 4020 Nunc
1649 3982 1780 4034 ergo
1807 3968 1975 4029 dicat,
1999 3968 2044 4022 si
2079 3984 2175 4038 per
2201 3968 2318 4023 haec

751 4057 1064 4125 castigatus.
1095 4058 1198 4111 sibi
1237 4059 1572 4127 persuaserit
1611 4059 1678 4112 ad
1726 4075 1908 4114 sacras
1940 4061 2167 4114 deorum
2198 4076 2320 4115 aras

751 4149 1012 4200 atvcedere
1063 4148 1411 4204 adoraturus.
1470 4147 1705 4206 Sanctus
1753 4152 1890 4205 dixit
1939 4152 2249 4206 Eustratius
2300 4168 2316 4205 :

755 4235 986 4305 Propter
1001 4251 1141 4302 eam,
1163 4255 1282 4308 qua:
1303 4249 1388 4294 est
1409 4240 1464 4294 in
1491 4249 1564 4304 te,
1588 4243 2034 4310 superstitionem
2053 4251 2110 4297 et
2130 4243 2318 4297 falsam

755 4323 1072 4393 religionem
1131 4327 1276 4391 haec,
1328 4330 1472 4384 sicut
1519 4333 1835 4396 existimas,
1890 4333 2023 4386 milii
2081 4333 2321 4390 inferens

756 4417 1042 4486 supplicia,
1081 4419 1399 4488 imprudens
1443 4429 1498 4476 et
1539 4424 1779 4497 insciens
1809 4439 1894 4478 me
1929 4424 2093 4480 hodie
2136 4427 2322 4480 multis

757 4509 986 4563 all‘ecisti
1023 4509 1201 4575 bonis,
1227 4526 1347 4580 quae
1376 4512 1512 4566 mihi
1536 4514 1782 4570 maxime
1824 4524 1980 4568 erant
2009 4517 2063 4570 in
2094 4518 2258 4580 votis,
2288 4533 2322 4572 ο

753 4600 940 4668 judex.
977 4603 1373 4660 Circumfusam
1420 4605 1568 4660 enim
1610 4606 1898 4674 caliginem
1930 4617 1986 4663 et
2017 4610 2320 4665 obscurita-

761 4703 890 4756 tem,
923 4709 1046 4763 qute
1092 4711 1157 4750 ex
1203 4697 1449 4752 crassitie
1481 4698 1729 4768 corporis
1760 4713 1883 4753 meo
1912 4700 2090 4755 inerat
2115 4702 2318 4770 animo,

2487 3515 2567 3568 8'.
2618 3514 2773 3569 Μετά
2821 3514 3023 3583 πολλῆς
3064 3513 3123 3566 δὶ
3162 3513 3262 3582 τῆς
3301 3510 3605 3581 ταχυτῆός
3646 3508 3743 3561 καὶ
3783 3507 3992 3578 ταύτης

2415 3607 2514 3674 τῆς
2540 3604 2776 3674 βασάνου
2810 3604 3267 3675 προσενεχθείσης
3309 3604 3388 3674 τῷ
3435 3603 3596 3672 ἀγίῳ,
3622 3604 3655 3672 ἡ
3689 3601 3828 3670 αὐτῆ
3856 3618 3994 3671 καρο

2415 3697 2574 3765 τερία
2603 3692 2671 3766 ἧν
2701 3696 2871 3766 αὐτῷ,
2899 3698 2995 3749 καὶ
3022 3695 3144 3748 οὕτε
3177 3695 3480 3764 στεναγμός
3513 3711 3595 3753 τις
3630 3694 3736 3754 ῑως
3759 3691 3854 3744 τοῦ
3893 3709 3994 3744 τυ-

2417 3785 2603 3851 χόντος
2629 3787 2860 3854 ἠκούετο
2888 3787 3328 3856 ἐκπεμπόμενος.
3375 3786 3435 3838 '0
3471 3785 3599 3848 δοὺξ
3631 3781 3785 3836 εἶπεν
3812 3800 3824 3813 ·
3858 3784 3991 3836 Ὠσ-

2419 3893 2524 3947 περ
2553 3881 2611 3931 ὲν
2636 3881 2806 3947 σκηνῇ
2841 3879 2941 3946 τῆς
2971 3879 3030 3930 ὲν
3075 3877 3224 3944 αὐτῷ
3271 3877 3694 3945 δεισιδαιμονίας
3731 3874 3995 3938 ἐπίδειξιν

2416 3970 2518 4036 τὴν
2553 3970 2832 4038 ὑπομονὴν
2865 3973 3102 4022 ποιεῖται
3150 3970 3178 4020 ὀ
3214 3969 3454 4037 ἀθλητὴς
3487 3963 3665 4030 οὗτος,
3708 3966 3785 4029 ὣς
3833 3984 3994 4035 φησι,

2417 4061 2512 4114 τοῦ
2554 4061 2997 4131 ἑσταυρωμένου.
3025 4061 3140 4115 Νῦν
3160 4060 3292 4128 γοῦν
3332 4061 3563 4122 εἰπάτω,
3597 4061 3643 4111 εἰ
3673 4060 3732 4109 ὲν
3767 4059 3994 4120 ταύταις

2421 4153 2836 4222 σωφρονισθείς,
2883 4152 3150 4205 πέπεικεν
3188 4152 3383 4205 ἑαυτὸν
3406 4153 3519 4213 τοῖς
3551 4150 3845 4216 σωτηρίοις
3883 4149 3995 4201 τῶν

2421 4246 2559 4299 θεῶν
2612 4245 2896 4317 προσιέναι
2950 4245 3154 4315 βωμοῖς
3221 4246 3595 4313 προσυνήσων.
3659 4242 3999 4311 Εὑστράτιος

2421 4335 2575 4392 εἶπεν
2601 4355 2616 4370 ο
2666 4338 3103 4406 Δεισιδαιμονίας
3133 4338 3296 4407 χάριν
3326 4338 3426 4405 τῆς
3463 4340 3520 4389 ιν
3556 4338 3638 4389 σοὶ
3681 4337 3781 4397 τὰς
3824 4353 4000 4403 τιμω-

2425 4431 2545 4498 ρίας
2567 4429 2794 4496 ταύτας,
2817 4429 2892 4492 ώς
2909 4427 3179 4499 νομίζεις,
3203 4427 3570 4498 προσαγαγών
3596 4443 3712 4496 μοι,
3736 4426 3996 4495 λέληθας,

2421 4513 2466 4572 ὦ
2517 4519 2764 4582 δικαστά,
2797 4520 2906 4572 τῶν
2931 4519 3021 4573 διά
3077 4520 3277 4588 πολλῆς
3324 4521 3491 4589 εὐχῆς
3532 4519 3997 4590 ἑπιθυμουμένων

2425 4629 2518 4680 μοι
2546 4610 2770 4678 ἀγαθῶν
2796 4611 3035 4676 ἀξιώσας
3068 4629 3135 4680 με
3174 4612 3275 4679 τὴν
3317 4612 3581 4681 τήμερον.
3614 4611 3727 4680 Τὴν
3754 4611 3867 4678 γὰρ
3893 4628 3998 4662 πε-

2424 4702 2744 4772 ρικειμένην
2777 4701 2948 4770 ἀχλὺν
2975 4701 3069 4753 καί
3092 4700 3419 4770 ἀμαύρωσιν
3449 4702 3514 4753 εκ
3539 4700 3640 4767 τῆς
3671 4698 4001 4768 σωματικῆς

763 4784 847 4838 liis
874 4799 904 4838 a
935 4800 1020 4840 me
1054 4790 1338 4844 tormentis
1387 4789 1680 4859 depulisti;
1720 4799 1776 4846 et
1805 4806 1928 4860 qua:
1961 4792 2322 4863 principatum
2348 4779 2402 4840 Ῑ)
2430 4810 2445 4845 1

2321 4779 2402 4847 ηῙ)
2430 4793 2740 4863 παχύτητος
2797 4797 2864 4864 τῇ
2916 4797 3024 4864 ἐμῇ
3087 4792 3232 4864 ψυχῇ
3290 4793 3519 4851 ταύταις
3566 4795 3690 4856 ταῖς
3743 4792 4003 4861 βασάνοις

763 4876 1003 4943 obtinet,
1056 4881 1362 4945 rationem,
1418 4897 1644 4946 earum,
1697 4899 1819 4952 qua:
1864 4884 2029 4954 longo
2081 4895 2326 4956 tempore

766 4967 1196 5034 intentabantur,
1229 4973 1592 5027 tentationum
1625 4974 1906 5030 victricem
1937 4976 2274 5031 conservasti
2307 4993 2323 5030 :

765 5068 822 5113 et
858 5059 1110 5126 eﬂ‘ecisti,
1141 5072 1200 5116 ut
1231 5063 1518 5119 funderent
1561 5080 1627 5119 ac
1692 5065 2031 5135 proﬂigarent
2078 5081 2173 5121 eas
2206 5082 2328 5136 qua

767 5151 823 5205 iu
854 5166 938 5206 me
968 5166 1164 5221 magno
1195 5155 1398 5222 impetu
1425 5155 1802 5226 insurgebant,
1829 5157 1996 5212 animi
2032 5158 2327 5228 perturba-

768 5245 967 5305 tiones,
1012 5244 1166 5298 nullo
1201 5245 1435 5300 tumultu
1462 5249 1886 5318 oppugnandum
1930 5249 2066 5304 mihi
2102 5249 2328 5319 largitus

771 5334 1080 5402 przcsidium
1118 5335 1316 5391 interni
1347 5339 1595 5406 spiritus,
1619 5341 1714 5408 qui
1747 5340 1878 5394 mihi
1909 5341 2075 5395 vitam
2106 5340 2243 5409 regii
2273 5340 2326 5394 in

773 5425 1181 5481 immortalitate
1212 5444 1227 5480 :
1258 5428 1310 5482 in
1341 5444 1452 5498 quo
1475 5438 1605 5484 sunt
1633 5432 1766 5485 mihi
1796 5432 2089 5488 recondita:
2131 5432 2332 5487 divitia:

775 5517 1201 5585 incorruptionis
1243 5537 1259 5574 :
1305 5531 1362 5575 et
1392 5523 1676 5577 ostendisti
1714 5523 1856 5578 viam
1891 5524 2330 5593 compendiosam

2425 4884 2776 4948 διεσκέδασας
2828 4883 2925 4937 ἀπ’
2975 4884 3134 4953 ιμοῦ,
3182 4883 3279 4936 καὶ
3310 4883 3402 4936 τδν
3445 4882 3693 4952 ἡγεμόνα
3739 4882 4004 4950 λογισμὸν

2425 4976 2535 5028 τῶν
2559 4975 2618 5028 ἰν
2655 4974 2852 5045 μακρῷ
2875 4973 2955 5042 τῷ
2996 4973 3176 5043 χρόνῳ
3219 4975 3586 5042 ιπικειμένων
3613 4971 3767 5040 αὐτῷ
3798 4989 3998 5041 πειραο

2430 5067 2585 5136 σμῶν
2631 5067 2857 5136 νικητὴν
2877 5064 2973 5118 τοῦ
3015 5064 3206 5117 λοιποῦ
3237 5063 3586 5134 διεφύλαξας,
3647 5065 3742 5116 καὶ
3785 5065 4002 5133 τροπὴν

2429 5158 2672 5228 εἰργάσω
2693 5157 2804 5209 τῶν
2833 5154 3154 5217 ἀκαθέκτως
3189 5170 3281 5222 μοι
3311 5151 3763 5221 δπανισταμινων
3785 5151 3998 5216 παθῶν,

2433 5247 2880 5317 ἀπερικτύπιιτον
2906 5245 2968 5298 τὸ
2999 5244 3262 5315 φρούριον
3296 5242 3396 5296 τοῦ
3441 5243 3500 5294 ιν
3545 5240 3822 5311 ἀθανασίᾳ
3849 5240 4002 5293 πολι-

2433 5340 2724 5410 τευομίνου
2760 5339 2972 5392 ἔνδοθεν
3020 5337 3331 5405 πνεύματος
3374 5335 3762 5407 χαρισάμενος.
3806 5334 3866 5385 ἐν
3895 5325 3942 5399 ᾦ
3972 5334 4000 5384 δ

2436 5432 2535 5500 τῆς
2568 5430 2877 5499 ἀφθαρσίας
2923 5428 3351 5500 τεθησαύρισται
3388 5427 3638 5488 πλοῦτος,
3670 5426 3766 5477 καὶ
3791 5425 4003 5476 ὑπέδειο

2441 5524 2538 5590 ξας
2571 5523 2691 5576 ὁδὸν
2721 5524 2982 5593 ιπίτομον
3004 5523 3102 5576 καὶ
3129 5521 3535 5589 ἀταλαίπωρον,
3567 5519 3640 5572 δι’
3676 5514 3743 5589 ἦς
3777 5518 4002 5586 δυνήσο-

775 5619 828 5662 et
853 5609 920 5662 ah
943 5609 1235 5666 aﬂlictione
1264 5623 1548 5676 remotam.
1575 5631 1672 5685 per
1701 5631 1864 5685 quam
1890 5624 2079 5684 potero
2105 5617 2157 5669 in
2183 5615 2334 5669 ﬁctili
2441 5631 2457 5681 ι

2321 5615 2334 5668 i
2441 5630 2538 5681 μαι
2567 5613 2626 5665 ἂν
2663 5613 2740 5680 τῷ
2761 5612 3066 5683 ὀστρακίνῳ
3103 5611 3281 5681 τούτῳ
3330 5610 3543 5679 σώματι
3577 5607 3860 5666 διατελῶν.
3901 5605 4001 5673 τὴν

781 5699 883 5754 hoc
909 5716 1138 5771 corpore
1187 5702 1388 5774 degens
1436 5706 1597 5759 vitam
1645 5707 1896 5776 amplecti
1930 5708 2251 5777 angelicam,
2284 5717 2338 5759 et
2442 5706 2463 5758 ὁ

2322 5717 2338 5758 t
2442 5703 2738 5770 ἀγγελικὴν
2766 5703 3115 5757 ἀσπάσασθαι
3160 5701 3457 5764 πολιτείαν,
3509 5701 3602 5753 καὶ
3641 5699 3741 5766 τῆς
3771 5701 4004 5765 ἐπουρα-

783 5790 986 5846 cmlesti
1017 5791 1121 5846 frui
1146 5793 1473 5850 :etcrnitate.
1498 5794 1653 5850 Nunc
1676 5796 1788 5851 scio
1820 5811 1902 5849 me
1927 5811 2046 5852 esse
2081 5796 2338 5864 templum
2445 5817 2465 5849 ν

2318 5811 2338 5849 ιι
2445 5793 2556 5849 νίον
2585 5795 2877 5849 ἀπολαύειν
2923 5795 3243 5864 ἀῖδιότῆτος.
3281 5793 3394 5847 Νῦν
3425 5787 3539 5846 οἶδα
3585 5791 3670 5844 ὃτι
3705 5789 3833 5852 ναδς
3867 5787 4000 5841 Θεοῦ
