4260 6430
758 414 866 474 479

757 538 879 591 qua:
923 526 1229 586 sequuntur
1275 535 1287 572 :

757 615 1013 667 sedentes
1033 610 1375 664 ducebantur
1395 624 1425 663 a
1448 616 1639 662 sancto
1659 606 1959 671 Eustratio,
1981 606 2330 676 promptique

760 715 816 758 et
847 705 1057 756 alacres
1087 701 1156 754 ab
1184 715 1252 754 eo
1276 697 1649 754 reddebantur
1676 697 1742 752 ad
1773 696 2102 768 propositam
2127 697 2209 752 eis
2232 698 2330 752 de-

757 796 1141 848 certationem.

830 883 942 937 Xll.
987 884 1083 938 Die
1129 883 1220 937 illo
1268 883 1323 937 in
1368 882 1456 938 his
1509 890 1805 946 transacto,
1853 881 2101 951 sequenti
2171 890 2330 936 nocte

751 976 861 1027 dus
899 990 1025 1028 cum
1059 973 1408 1038 surrexisset,
1441 973 1718 1042 professus
1750 985 1834 1029 est
1873 989 1933 1029 se
1977 975 2118 1028 velle
2157 974 2235 1026 ire
2263 973 2328 1026 ad

757 1069 1028 1122 civitatem
1062 1067 1517 1136 Nicopolitanam,
1557 1077 1613 1122 et
1657 1068 1875 1121 interim
1924 1067 2052 1120 dum
2089 1067 2231 1120 soliti
2264 1068 2330 1120 ad

761 1163 863 1213 iter
905 1173 962 1211 se
1011 1159 1280 1226 parabant
1314 1158 1572 1221 ministri,
1615 1159 1848 1227 prosiliit
1884 1158 1997 1224 ipse
2047 1158 2100 1210 in
2144 1165 2330 1211 custo-

765 1252 928 1307 diam,
958 1248 1048 1301 ubi
1074 1259 1227 1302 erant
1250 1251 1447 1311 sancti,
1469 1230 1524 1303 et
1545 1249 1719 1303 solum
1748 1249 1968 1302 beatqu
1992 1248 2330 1304 Eustratium

752 1339 908 1408 jubet
943 1339 1080 1392 trahi
1115 1339 1276 1393 foras.
1305 1339 1440 1394 Cum
1475 1349 1652 1393 autem
1681 1349 1826 1394 esset
1860 1338 2151 1401 adductus,
2180 1341 2331 1394 vultu

755 1430 956 1484 ridenti
980 1431 1174 1485 dixitei
1198 1449 1210 1484 :
1233 1431 1464 1497 Lzetare,
1486 1430 1800 1486 charissime
1820 1431 2082 1486 Eustrati.
2103 1431 2333 1486 Sanetus

764 1537 894 1576 vero
935 1521 1217 1590 respondit
1258 1540 1271 1576 :
1313 1523 1458 1577 Deus
1488 1523 1856 1590 omnipotens,
1886 1524 1974 1577 cui
2007 1538 2107 1594 ego
2133 1527 2331 1589 servio,

763 1623 813 1666 te
841 1613 1078 1666 vicissim
1129 1613 1292 1682 digne
1338 1616 1556 1679 salutet,
1587 1630 1620 1667 ο
1643 1613 1832 1684 judex.
1882 1614 1998 1668 Dux
2053 1615 2183 1668 dicit
2215 1633 2227 1668 ι
2258 1616 2333 1669 De

760 1706 874 1761 Deo
903 1708 974 1761 sit
1010 1707 1105 1760 tibi
1139 1721 1307 1767 curat.
1331 1707 1384 1761 in
1417 1708 1703 1776 praesentia
1732 1717 1914 1762 autem
1941 1723 2071 1776 cape
2100 1716 2155 1761 et
2183 1718 2333 1778 gesta

763 1797 924 1856 hanc.
951 1813 1068 1865 qua:
1095 1799 1190 1851 tibi
1221 1797 1402 1860 datur,
1428 1798 1726 1866 crepidam,
1757 1808 1815 1851 ut
1845 1799 2018 1851 libens
2047 1799 2330 1853 nobiscum

1988 406 2042 465 Μ
2050 403 2148 464 ΕΝ
2155 402 2271 464 SIS
2325 402 2749 466 DECEMBER-

1336 526 1392 571 et
1429 525 1716 587 postquam
1767 528 1961 585 preces
1992 515 2331 584 implessent,
2355 517 2406 577 Α
2432 514 2590 578 ζοντο
2615 515 2997 586 διδασκόμενοι

2326 517 2406 577 ,Α
2432 514 2590 578 ζοντο
2615 515 2997 586 διδασκόμενοι
3031 515 3135 572 ὗπδ
3160 517 3257 575 τοῦ
3289 521 3450 591 ἁγίου
3504 524 3869 596 Εὑστρατίου,
3912 529 4008 584 καὶ

3898 417 4009 483 480

2431 608 3008 680 προθυμοποιούμενοι
3046 612 3130 676 είς
3157 612 3250 668 τὸν
3292 616 3658 686 προκείμενον
3693 618 3879 684 αὐτοῖς
3911 625 4010 692 τῆς

2431 699 2713 769 ἀθλήσεως
2745 703 2961 771 ἀγῶνα.

2507 875 2607 931 IB’.
2649 877 2741 931 Ἐν
2784 879 2999 946 τούτοις
3049 886 3150 954 τῆς
3187 885 3404 957 ἡμέρας
3465 885 3683 957 ἐκείνης
3712 890 4010 944 ιτελεσθεί-

2437 983 2558 1037 σης,
2613 971 2678 1038 τῇ
2711 970 2940 1043 ἐπιούσῃ
2997 978 3151 1030 νυκτὶ
3207 978 3449 1041 ἀναστὰς
3503 980 3531 1032 ὁ
3584 980 3732 1045 δοὺξ,
3768 983 3860 1034 ἐπι
3912 983 4012 1047 τὴν

2434 1056 2812 1112 Νικοπολιτὼν
2860 1063 3188 1130 ἐπείγεσθαι
3261 1066 3636 1135 ἐπηγγείλατο
3683 1067 3870 1119 πόλιν
3915 1067 4012 1119 καὶ

2433 1147 2491 1197 ἐν
2521 1150 2763 1219 τοσούτῳ
2818 1153 2918 1220 τῆς
2975 1156 3242 1222 συνήθους
3297 1157 3443 1224 αὐτῷ
3506 1158 3821 1227 ὑπηρεσίας
3869 1159 4012 1211 κατὰ

2431 1236 2531 1308 τὴν
2564 1241 2872 1310 ὁδοιπορίαν
2903 1244 3398 1316 εὑτρεπιξομένης,
3431 1249 3597 1310 αὐτὸς
3625 1251 3705 1311 είς
3760 1249 3860 1316 τὴν
3914 1268 4013 1316 φυ-

2433 1330 2606 1402 λακὴν
2627 1334 2818 1402 ἥλατο,
2854 1335 2984 1388 ἔνθα
3014 1333 3158 1407 ἦσαν
3195 1339 3246 1391 oi
3273 1338 3439 1406 ἇγιοι,
3465 1341 3560 1391 καὶ
3587 1341 3749 1408 μόνον
3773 1341 3870 1392 τὸν
3901 1359 4012 1409 μα-

2435 1422 2626 1492 κάριον
2649 1425 2985 1495 Εὑστράτιον
3013 1429 3227 1483 κελεύει
3257 1431 3592 1502 ἑλκυσθῆναι
3622 1434 3750 1498 ἔξω.
3789 1435 4009 1502 Ἀχθένο

2437 1529 2528 1573 τος
2586 1513 2643 1565 δὲ
2706 1515 2894 1581 αὑτοῦ,
2951 1518 3349 1586 ὑπομειδιάσας
3381 1521 3458 1589 τῷ
3511 1523 3814 1594 προσώπῳ,
3860 1519 4014 1575 εἶπεν

2437 1606 2570 1674 πρὸς
2604 1608 2790 1660 αὐτόν’
2821 1609 3074 1679 Χαίροις,
3119 1612 3555 1680 προσφιλέστατε
3587 1614 3909 1682 Εὑστράτιε.
3953 1615 4012 1668 Ὀ

2434 1693 2489 1744 δὲ
2525 1694 3062 1764 ἆγιος.ἁπεκρίνατο
3092 1716 3109 1732 ο
3153 1700 3210 1752 Ὀ
3246 1699 3380 1764 Θεὸς
3419 1703 3448 1754 ὁ
3498 1705 3922 1772 παντοκράτωρ,
3963 1697 4010 1771 ᾧ

2436 1785 2545 1854 ἐγὼ
2568 1787 2837 1856 λατρεύω,
2874 1791 3036 1852 αὐτός
3083 1809 3141 1842 σε
3174 1795 3580 1847 ἁντασπάσοιτο
3610 1795 3806 1861 ἀξίως,
3850 1791 3894 1849 ὧ
3929 1799 4007 1850 δι·-

761 1886 865 1940 iter
891 1888 1090 1950 iacias;
1123 1900 1240 1943 erat
1264 1904 1394 1942 vero
1424 1889 1640 1957 crepida
1671 1889 1845 1956 longis
1869 1899 1925 1944 et
1954 1890 2129 1943 acutis
2162 1889 2330 1943 clavis
2363 1861 2404 1915 Β
2437 1894 2443 1930 ε

2325 1908 2330 1941 ί
2363 1861 2404 1915 Β
2437 1878 2635 1931 καστά.
2665 1879 2733 1930 '0
2766 1880 2891 1946 δοὺξ
2943 1879 3130 1934 εἶπεν·
3165 1884 3301 1952 Περὶ
3323 1885 3416 1936 τοῦ
3455 1885 3591 1938 Θεοῦ
3621 1905 3714 1940 σου
3745 1887 3871 1956 ἐμοὶ
3907 1906 4007 1956 με-

759 1977 1037 2034 transﬁxa.
1068 1989 1126 2032 ut
1162 1988 1414 2048 tanquam
1464 1978 1640 2031 libulis
1673 1979 2045 2046 perfnraretur
2072 1978 2331 2046 quaelibet

758 2083 884 2136 pars
918 2070 1116 2137 pedum
1161 2072 1299 2138 ejus.
1333 2070 1468 2125 Cum
1500 2071 1602 2124 hac
1641 2085 1771 2140 ergo
1819 2071 2035 2138 crepida
2067 2085 2190 2122 eum
2240 2072 2327 2123 in-

758 2161 982 2220 duisset,
1014 2171 1068 2214 ct
1095 2162 1224 2214 loris
1252 2161 1613 2226 astrinxisset,
1641 2177 1740 2216 suo
1769 2163 2072 2231 obsignavit
2101 2165 2325 2226 annulo,

757 2260 811 2303 et
834 2253 998 2319 jussit
1023 2269 1169 2312 eum,
1201 2253 1330 2306 dum
1361 2254 1679 2317 duceretur,
1711 2269 1808 2321 per
1836 2264 2002 2307 totam
2036 2255 2174 2308 viam
2207 2271 2326 2309 ver-

757 2344 938 2398 berari
978 2354 1032 2396 et
1067 2347 1206 2398 trahi
1253 2361 1374 2398 cum
1423 2347 1650 2414 reliquis
1700 2349 1926 2400 sanctis.
1977 2347 2092 2416 Ipse
2142 2359 2324 2402 autem

757 2451 879 2486 cum
913 2445 1044 2496 toto,
1075 2436 1165 2503 qui
1200 2452 1322 2491 cum
1356 2452 1423 2491 eo
1456 2446 1592 2500 erat,
1623 2439 1863 2492 exercitu
1901 2440 2005 2491 iter
2034 2453 2329 2507 perseque-

756 2527 936 2588 batur,
965 2537 1022 2579 et
1050 2541 1167 2594 post
1208 2531 1347 2583 duos
1373 2530 1491 2583 dies
1523 2537 1890 2598 pervenerunt
1919 2529 1985 2582 ad
2018 2531 2324 2594 castellum,

755 2620 902 2687 quod
947 2631 1031 2671 est
1086 2636 1249 2687 pro‘we
1300 2626 1696 2677 Arauracenos.
1745 2621 1881 2675 Cum
1927 2623 2099 2676 sancti
2143 2632 2326 2676 autent

757 2713 1142 2769 accessissent.
1176 2723 1446 2782 qttthuul
1468 2725 1626 2768 erant
1655 2715 1799 2767 illius
1834 2714 2090 2783 regionis,
2121 2714 2327 2782 egressi

751 2813 886 2856 sunt
930 2804 994 2856 ad
1032 2807 1421 2872 spectaculum,
1455 2807 1829 2860 desiderantes
1874 2807 2060 2861 videre
2106 2807 2325 2862 be2tum

755 2895 1115 2949 Eustratium.
1147 2898 1341 2951 Nullus
1391 2913 1519 2951 vero
1555 2909 1819 2967 cognatus
1849 2913 1949 2953 nec
1992 2899 2197 2953 amicus
2226 2915 2328 2952 att-

755 2986 919 3041 debat
942 2989 992 3042 ei
1016 2990 1476 3058 appr-Opinquare,
1501 3005 1568 3043 ne
1591 2989 1694 3057 ipsi
1720 3005 1940 3058 quoque
1965 2991 2331 3058 comprehen-

753 3077 1054 3144 derentur;
1107 3079 1210 3134 hoc
1247 3080 1392 3132 enim
1435 3096 1466 3134 a
1504 3081 1771 3134 scelerato
1815 3081 1953 3134 duce
1999 3081 2325 3149 quibusdam

751 3167 862 3235 jam
901 3169 1218 3235 imperatum
1251 3169 1453 3226 fuerat.

2438 1968 2595 2031 λέτω,
2637 1973 2716 2033 είς
2751 1971 2811 2024 τὸ
2841 1974 3015 2042 παρὸν
3043 1975 3099 2026 δὲ
3129 1975 3313 2027 λαόὼν
3343 1976 3440 2045 τὴν
3471 1979 3867 2046 ἑπιδεδομένην
3926 1995 4006 2031 σοι

2439 2063 2682 2132 κρηπῖδα
2705 2065 2885 2134 φόρει,
2919 2068 3064 2129 ὅπως
3103 2069 3343 2137 ἄσμενος
3374 2069 3472 2139 τὴν
3504 2070 3623 2138 μεθ’
3679 2072 3842 2140 ἡμῶν
3872 2072 4012 2123 ὁδοι-

2437 2155 2636 2224 πορίαν
2692 2160 2922 2228 ποιήσῃ.
2964 2159 3029 2210 Ἦ
3078 2159 3134 2212 δὲ
3187 2165 3393 2231 κρηπ¹τς
3444 2158 3512 2231 ἦν
3577 2163 4010 2233 διαπεπῖρμένη

2438 2247 2585 2316 ἣλοις
2656 2253 2884 2319 μακροῖς
2943 2251 3038 2301 καὶ
3097 2251 3314 2315 ὀξέσιν,
3371 2253 3512 2305 ὥστε
3576 2255 4008 2324 διαπερονᾶτθαι

2439 2339 2584 2392 ἅπαν
2615 2341 2675 2393 τὸ
2713 2343 2877 2411 μέρος
2936 2345 3044 2395 τῶν
3095 2346 3273 2396 ποδῶν
3327 2346 3517 2400 αὑτοῦ.
3566 2346 3874 2417 ’Υποδήτας
3914 2343 4008 2399 οὖν

2438 2431 2598 2483 αὑτὸν
2628 2434 2724 2485 καὶ
2755 2436 2986 2502 σφίγξας
3023 2441 3138 2500 τοῖς
3195 2438 3375 2505 ίμᾶσι,
3425 2432 3501 2504 τῷ
3529 2437 3807 2506 δακτυλίῳ
3839 2437 4007 2490 αὑτοῦ

2436 2527 2759 2596 ὲσφράγισε,
2793 2531 2886 2578 καὶ
2915 2529 3217 2596 προσέταξε
3270 2530 3609 2597 τυπτόμενον
3631 2531 3732 2583 καὶ
3767 2533 4008 2599 συρόμε-

2437 2635 2526 2671 νον
2555 2618 2720 2671 αὑτὺν
2770 2620 2999 2685 ἄγεσθαι
3049 2622 3232 2672 πᾶσαν
3267 2619 3364 2689 τὴν
3403 2603 3522 2672 ὁδὸν
3579 2620 3720 2689 μετὰ
3775 2621 3873 2672 καὶ
3898 2621 4011 2672 τῶν

2437 2710 2639 2761 λοιπῶν
2680 2709 2872 2776 ἁγίων.
2911 2711 3083 2770 nota;
3125 2711 3177 2762 δὲ
3211 2711 3390 2779 εἴχετο
3421 2711 3537 2778 ἅμα
3565 2715 3729 2763 παντὶ
3760 2712 3840 2780 τῷ
3879 2729 4010 2766 συν-

2436 2803 2550 2854 όντι
2577 2803 2728 2871 αὑτῴ
2761 2804 2979 2871 στρατῴ
3013 2806 3110 2872 τῆς
3142 2803 3289 2870 ὀδοῦ,
3335 2805 3431 2856 καὶ
3486 2804 3626 2874 μετὰ
3669 2803 3764 2856 δύο
3792 2805 4010 2873 ἡμέρας

2436 2895 2515 2956 εἰς
2566 2894 2627 2945 τὸ
2664 2895 2890 2964 πλησίον
2934 2895 3293 2966 ’Λραυράκων
3344 2896 3700 2965 κατήχθησαν
3745 2900 4007 2965 κὰστρον.

2440 2987 2916 3055 Παραγενομὲνων
2945 2985 3000 3037 δὲ
3022 2987 3132 3038 τῶν
3158 2987 3351 3052 ἁγίων,
3385 2989 3584 3048 πάντες
3617 2988 3666 3039 οἱ
3688 2987 3788 3055 τῆς
3824 2989 4009 3057 χώρας

2441 3078 2659 3139 ἐκείνης
2720 3077 2796 3138 ώς
2827 3079 2904 3137 ei;
2951 3077 3082 3129 θέαν
3137 3078 3389 3148 ἐξῄεσαν,
3436 3079 3830 3142 ἐπιποθοῦντες
3875 3079 4008 3132 ἰδεῖν

2438 3171 2528 3221 τὸν
2563 3169 2832 3237 μακάρων
2865 3169 3219 3238 Εὑστράτιον.
3278 3171 3465 3234 Οὐδεὶς
3502 3172 3560 3224 δὲ
3619 3171 3741 3224 οὔτε
3805 3189 4012 3240 συγγε-

755 3261 880 3318 νῶν,
909 3258 1032 3312 οὗτε
1081 3262 1258 3327 φίλων
1309 3263 1606 3331 πλησιάσαι
1650 3263 1798 3333 αὐτῷ
1831 3263 2074 3332 ιὲτόλμα,
2113 3265 2198 3315 ἵνα
2258 3264 2333 3333 μὴ
2393 3261 2489 3315 καὶ
2519 3261 2676 3311 αὑτοὶ
2715 3259 3062 3329 συλληφθῶσι
3090 3277 3104 3290 ⁸
3155 3265 3507 3333 παρήγγελτο
3558 3265 3666 3333 γὰρ
3716 3265 3877 3319 τοῦτο
3905 3266 4010 3335 ἤδη

753 3354 896 3404 τισὶν
921 3353 1025 3404 ὑπὸ
1057 3354 1147 3404 τού
1189 3354 1385 3424 μιαροῦ
1435 3356 1644 3417 δουκὸς.

825 3443 961 3497 Χιιι.
997 3446 1224 3510 Quidam
1255 3456 1437 3498 autem
1470 3446 1792 3510 Mardarius,
1817 3447 1900 3500 vir
1930 3449 2150 3516 quidem
2180 3458 2328 3502 sorte
2357 3451 2401 3511 C

763 3535 1008 3605 privatus
1031 3547 1084 3590 et
1111 3552 1212 3589 suo
1247 3547 1560 3600 contentus,
1589 3555 1712 3592 cum
1739 3540 1847 3591 illis
1878 3540 2076 3594 diebus
2105 3541 2328 3594 domum

756 3629 858 3682 sibi
893 3629 1307 3696 construxisset,
1348 3632 1558 3698 tegebat
1588 3633 1831 3686 domtun.
1877 3631 2014 3686 Cum
2053 3635 2108 3688 iu
2138 3650 2330 3688 omnes

752 3732 934 3774 autem
993 3732 1210 3775 sanctos
1264 3723 1542 3777 deﬁxisset
1593 3726 1835 3809 'oculos,
1897 3727 2030 3778 vidit
2087 3728 2328 3781 medium

755 3830 945 3868 eorum
995 3826 1249 3882 tauquam
1290 3814 1499 3866 stv-llum
1543 3816 1807 3885 insignem
1845 3817 2178 3873 Eustratium
2221 3837 2234 3872 :
2273 3832 2328 3875 ct

756 3922 880 3959 eum
919 3906 1026 3958 cito
1074 3923 1103 3959 e
1156 3907 1318 3961 domo
1369 3908 1762 3970 descendisset,
1816 3909 1952 3964 dixit
2005 3915 2159 3966 uxori
2215 3930 2327 3968 suae

756 4012 1012 4050 sermone
1061 3998 1364 4053 Armenio;
1405 3997 1585 4063 Vides,
1627 4013 1660 4052 ο
1704 4017 1859 4062 uxor,
1896 4017 2021 4056 eum
2071 4005 2162 4071 qui
2213 4015 2328 4058 erat

757 4088 1009 4139 dominus
1058 4090 1194 4154 ejus,
1229 4104 1349 4155 quae
1394 4101 1476 4142 est
1526 4090 1884 4145 circumcirca
1934 4093 2192 4160 regionis,
2231 4097 2324 4162 qui

755 4188 808 4228 ιιι
842 4191 1041 4243 genere
1074 4186 1128 4228 et
1171 4178 1365 4244 Opibus
1414 4188 1529 4232 erat
1586 4189 1694 4234 tam
1749 4181 1996 4249 insignis,
2033 4194 2088 4236 et
2119 4185 2322 4238 tamdiu

755 4265 926 4317 fuerat
966 4267 1171 4320 militia:
1224 4268 1439 4333 clarus,
1492 4271 1950 4338 quemadmodum
1999 4275 2179 4327 omnia
2229 4277 2324 4328 de-

755 4362 1025 4424 spexerit,
1071 4369 1127 4412 et
1171 4361 1302 4421 abit,
1332 4369 1392 4413 ut
1441 4360 1548 4416 Deo
1585 4364 1674 4416 liat
1707 4375 1858 4432 grata
1905 4365 2103 4429 hostia,
2136 4378 2190 4419 et
2237 4383 2322 4421 re-

754 4462 918 4515 gntun
949 4450 1169 4502 cwleste
1198 4452 1602 4519 consequatur?
1636 4452 1832 4506 Beatus
1868 4454 1978 4518 illc,
2011 4457 2153 4524 quod
2183 4467 2237 4508 et
2270 4457 2322 4509 in

755 4539 856 4592 hac
878 4539 985 4592 vita
1013 4542 1177 4594 fuerit
1198 4542 1488 4610 gloriosus,
1510 4546 1728 4612 etapud
1757 4545 2046 4598 Dominum
2075 4557 2320 4600 nostrum

751 4629 823 4684 sit
878 4645 1121 4700 magnam
1176 4632 1460 4687 habiturus
1510 4634 1788 4700 ﬁduciam,
1839 4646 1892 4689 et
1939 4653 2063 4691 cum
2117 4641 2323 4708 angelis

753 4721 1014 4778 ineﬂ‘abtli
1043 4725 1321 4793 voluptate
1369 4725 1657 4780 fruiturus.
1693 4726 1922 4797 Egregia
1957 4741 2139 4784 autem
2178 4733 2322 4786 illius

753 4909 1046 4976 quominus
1075 4918 1129 4961 tu
1159 4924 1379 4978 quoque
1408 4925 1475 4964 eo
1505 4911 1710 4973 venias,
1757 4922 1811 4966 et
1840 4915 2112 4979 eamdem,
2157 4933 2321 4985 quam

755 5000 892 5068 ipse,
920 5002 1060 5055 viam
1094 5002 1263 5064 ineas,
1289 5011 1346 5057 et
1373 5011 1616 5057 sanctam
1655 5005 2011 5074 consequaris
2038 5023 2164 5061 cum
2207 5008 2324 5076 ipso

753 5092 1301 5157 consummationem,
1351 5102 1411 5146 ut
1439 5094 1526 5162 .sis
1560 5093 1664 5148 mei
1714 5095 1989 5160 defensor,
2039 5108 2095 5153 et
2126 5100 2320 5153 borum

753 5194 1048 5251 puerorum
1095 5183 1405 5243 infantium.
1445 5195 1499 5241 et
1544 5187 1711 5241 totius
1758 5191 1834 5242 tui
1880 5192 2140 5259 generis?
2179 5194 2323 5247 Dixit

750 5269 873 5339 ejus
903 5271 1130 5326 maritus
1163 5291 1175 5325 :
1215 5273 1291 5327 Da
1324 5274 1456 5327 mihi
1493 5275 1728 5341 calceos,
1771 5286 1829 5332 et
1861 5278 2135 5350 ingrediar
2177 5285 2319 5338 viam

751 5374 785 5413 a
821 5374 906 5414 me
946 5361 1329 5418 desideratam.
1365 5365 1454 5419 Illa
1488 5382 1618 5422 vero
1650 5369 1756 5423 hoc
1798 5369 1928 5425 fecit
1953 5372 2232 5439 velociter,
2264 5383 2320 5428 et

753 5449 872 5504 lata
919 5466 1043 5505 eum
1080 5453 1306 5508 dimisit.
1355 5456 1458 5522 Qui
1493 5473 1617 5512 cum
1657 5461 1955 5529 accepisset
1997 5457 2321 5528 calceos,'et

753 5556 812 5595 se
840 5553 987 5598 veste
1015 5545 1299 5610 induisset,
1328 5558 1384 5602 et
1409 5547 1549 5603 duos
1575 5566 1713 5620 quos
1743 5552 1979 5608 habebat
2005 5553 2147 5619 ﬁlios
2178 5556 2320 5612 ulnis

753 5643 899 5689 esset
937 5637 1238 5705 amplexus,
1274 5642 1426 5694 stetit
1473 5641 1542 5695 ad
1591 5641 1891 5710 Orientem,
1926 5653 1980 5699 et
2028 5643 2316 5700 Dominum

755 5728 1048 5792 invocavit,
1098 5738 1153 5784 et
1189 5731 1326 5785 dixit
1363 5748 1376 5784 :
1414 5733 1660 5800 Domine,
1709 5734 1852 5789 Deus
1890 5735 2048 5789 Pater
2066 5737 2317 5807 omnipo-

755 5827 895 5883 tens,
940 5828 994 5874 et
1041 5820 1268 5876 Domine
1302 5824 1429 5879 Jesu
1463 5824 1701 5890 Christe,
1744 5835 1798 5881 et
1839 5837 2024 5881 sancte
2058 5826 2313 5896 Spiritus,

2521 3443 2618 3495 ll".
2647 3443 2959 3512 Μαρδάριος
3015 3443 3073 3495 δέ
3104 3461 3187 3506 τις
3226 3445 3387 3513 ἀνὴρ,
3433 3446 3648 3516 ἰδιώτης
3692 3449 3794 3518 τὴν
3837 3452 4010 3523 τύχην

2433 3536 2524 3589 καὶ
2554 3537 2610 3587 ἐν
2633 3537 2937 3606 αὐταρκείᾳ
2967 3537 3119 3605 βιῶν,
3161 3533 3311 3589 οἶκον
3361 3539 3538 3608 ἑαυτῷ
3583 3548 4007 3609 κατασκευάσας

2436 3630 2495 3680 ὲν
2547 3631 2667 3688 ταῖς
2707 3629 2944 3697 ἡμέραις
2995 3629 3254 3691 ἐκείναις,
3305 3631 3511 3682 ἐσκεπε
3584 3634 3642 3685 τὸ
3708 3634 4006 3704 δωμάτιον.

2444 3722 2727 3783 Ἀτενίσας
2784 3723 2842 3774 δὲ
2893 3725 2973 3784 εἰς
3028 3724 3234 3784 πάντας
3275 3726 3400 3785 τοὺς
3431 3725 3646 3792 ἁγίους,
3686 3723 3792 3779 εἶδε
3840 3732 4008 3796 μέσον

2430 3817 2610 3869 αὐτῶν
2634 3816 2708 3876 ὼς
2738 3814 3011 3884 περιφανῆ
3053 3816 3256 3885 ἀστέρα
3303 3815 3395 3867 τὸν
3440 3820 3595 3885 ἆγιον
3643 3821 4000 3892 Romam,

2431 3911 2525 3960 καὶ
2552 3908 2688 3976 ταχὺ
2723 3905 2998 3959 κατελθὼν
3027 3910 3134 3958 ἀπ’)
3169 3908 3264 3960 τοῦ
3308 3910 3590 3976 δωματίου
3650 3911 3774 3965 εἶπε
3803 3920 3866 3985 τῇ
3907 3935 4006 3984 γυ-

2429 3999 2576 4051 ναικὶ
2633 3999 2797 4050 αὐτοῦ
2861 4003 2925 4067 τῇ
2978 4001 3280 4069 Ἀρμενίων
3334 4002 3639 4073 διαλέκτῳ·
3707 4007 3897 4078 Ὁρᾷς,
3961 4005 4004 4061 ὧ

2430 4088 2612 4154 γύναι,
2664 4091 2755 4139 τὶν
2812 4088 3001 4157 κύροι
3055 4091 3153 4156 τῆς
3215 4093 3546 4159 περιοικίδος
3580 4095 3762 4164 ἡμῶν,
3820 4101 3913 4150 τὸν
3949 4103 4000 4151 ἐν

2427 4178 2668 4248 τοσαύτῃ
2723 4179 3050 4248 περιφανεία
3098 4182 3289 4246 γένους
3342 4184 3438 4234 καὶ
3471 4187 3772 4253 χρημάτων
3828 4189 4008 4262 ὑπάρ-

2430 4285 2613 4338 χοντα,
2666 4270 2760 4321 καὶ
2820 4275 2878 4322 ἐν
2922 4272 3221 4344 τηλικαύτῃ
3282 4278 3542 4344 στρατεία
3592 4279 3999 4348 διαπρέψαντα,

2429 4361 2542 4421 πῶς
2579 4360 2800 4412 πάντων
2834 4363 3230 4429 κατεφρόνησε,
3290 4365 3384 4417 καὶ
3415 4366 3560 4436 θῦμα
3594 4369 3998 4438 εὐπρόσδεκτιν

2440 4451 2514 4519 τῷ
2543 4452 2660 4520 Θεῴ
2695 4453 2992 4520 ἀπέρχεται
3035 4457 3314 4520 γενέσθαι,
3348 4458 3435 4509 ἵνα
3469 4460 3560 4511 καὶ
3593 4461 3688 4529 τῆς
3737 4464 3979 4534 ἐπουρα-

2430 4545 2542 4594 νί·.υ
2592 4545 2905 4614 καταξιωθῇ
2960 4544 3276 4612 βασιλείαςς
3325 4550 3611 4620 Μακάριος
3659 4557 3868 4616 ἐκεῖνος
3919 4558 3999 4610 ὅτι

2425 4634 2518 4684 καὶ
2549 4634 2605 4683 ὲν
2631 4634 2706 4702 τῷ
2741 4635 2839 4703 βίῳ
2885 4636 3060 4704 τούτῳ
3089 4638 3318 4709 autem;
3357 4643 3450 4692 καὶ
3487 4645 3728 4708 ἐπίδοξος
3763 4649 3999 4718 ὑπῆρχε,

2427 4727 2520 4777 καὶ
2547 4727 2682 4794 πρὸς
2705 4726 2795 4778 τὸν
2823 4729 3103 4796 Δεσπότην
3133 4731 3290 4798 ἡμῶν
3320 4732 3555 4798 Χριστὸν
3613 4739 3862 4798 μεγάλην
3889 4743 3998 4798 ἕξει

754 4731 1014 4778 tneﬂ‘abtli
1043 4731 1321 4793 voluptate
1369 4731 1657 4780 fruiturus.
1693 4731 1922 4797 Egregia
1957 4741 2139 4784 autem
2178 4733 2322 4786 illius
2373 4791 2376 4793 Α
2427 4731 2682 4794 καὶπρὸς
2705 4731 2795 4778 τὸν
2823 4731 3103 4796 Δεσπότην
3133 4731 3290 4798 ἡμῶν
3320 4732 3555 4803 Χριστὸν
3613 4739 3862 4808 μεγάλην
3889 4743 3948 4806 ἒξ

754 4831 894 4869 uxor
941 4819 1224 4886 respondit
1261 4835 1274 4870 :
1314 4814 1638 4874 Dulcissime
1674 4821 1886 4884 marite,
1937 4822 2069 4890 quid
2119 4825 2320 4890 obstat,
2354 4787 2397 4841 υ
2426 4817 2525 4887 τὴν
2555 4818 2888 4886 παρῥησίανο
2928 4820 3016 4871 καὶ
3063 4823 3202 4888 μετά
3269 4823 3519 4890 ἀγγέλων
3574 4830 3674 4890 τῆς
3715 4830 3948 4890 ἀφθάρτε

2426 4817 2525 4887 τὴν
2555 4818 2888 4886 παρρησίαν,
2928 4820 3016 4871 καὶ
3063 4823 3202 4888 μετὰ
3269 4823 3519 4890 ἀγγέλων
3574 4830 3674 4897 τῆς
3715 4830 3998 4902 ἀφθάρτου

2424 4909 2779 4972 καταξιοῦται
2813 4911 3191 4975 ἀπολαύσεως.
3235 4914 3298 4966 'H
3349 4917 3405 4969 δὲ
3450 4919 3588 4990 καλὴ
3635 4925 3820 4994 ἐκείνη
3864 4928 3998 4998 γυνὴ

2427 5001 2801 5069 ἀπεκρίνατο’
2861 5002 3172 5057 Γλυκύτατε
3213 5007 3366 5076 ἆνερ,
3422 5011 3476 5062 τί
3545 5013 3748 5068 κωλύει
3801 5019 3895 5070 καὶ
3941 5021 3999 5071 σὲ

2431 5092 2634 5158 φθάσαι
2664 5093 2850 5157 αὑτὸν,
2872 5095 2965 5144 καὶ
2991 5096 3089 5158 τὴν
3113 5096 3282 5166 αὐτὴν
3311 5100 3461 5170 αὑτῷ
3489 5104 3828 5173 πορευθῆναι
3851 5111 3992 5176 ὁδὸν,

2425 5185 2638 5252 καὶτῆς
2665 5186 2826 5252 ἁγίας
2852 5185 3156 5254 ἀξιωθῆναι
3194 5192 3315 5258 μετ’
3339 5193 3504 5246 αὐτοῦ
3531 5197 3884 5261 τελειώσεως,
3907 5202 3995 5254 ἵνα.

2430 5277 2742 5344 προστάτης
2773 5276 2906 5348 γένῃ
2939 5280 3032 5330 καὶ
3084 5281 3243 5348 ἐμοῦ,
3269 5284 3499 5336 καὶτῶν
3533 5289 3751 5357 μικρῶν
3787 5291 3994 5345 τούτων

2430 5365 2656 5417 παιδίων
2689 5369 2780 5416 καὶ⁵
2806 5367 3008 5428 παντὸς
3035 5369 3128 5421 τοῦ
3162 5371 3354 5437 γίνους
3381 5390 3474 5425 σου
3503 5393 3517 5442 ;
3559 5376 3617 5430 '0
3639 5379 3695 5431 δὲ
3724 5383 3863 5451 ἀνὴρ
3893 5384 3998 5436 αὑ-

2427 5456 2523 5526 τῆς
2554 5453 2678 5509 εἷπε
2703 5473 2714 5485 ·
2749 5458 2848 5517 Δός
2881 5475 2970 5525 μοι
3000 5460 3068 5514 σιὰ
3101 5462 3436 5534 ὑποδήματά
3478 5486 3605 5536 μου,
3658 5473 3754 5526 καὶ
3794 5473 3999 5542 πορεύ-

2428 5565 2592 5616 σομαι
2646 5551 2746 5620 τὴν
2795 5551 3243 5626 ἑπιθυμουμένην
3291 5574 3383 5626 μοι
3432 5560 3570 5614 ὁδόν.
3618 5564 3682 5616 Ἦ
3726 5565 3782 5618 δὲ
3851 5570 3994 5641 ταχὺ

2423 5641 2580 5695 τοῦτο
2603 5643 2851 5712 ἐποίησε,
2888 5646 2982 5696 καὶ
3017 5645 3158 5713 μετὰ
3194 5651 3372 5720 χαρᾶς
3417 5654 3777 5727 προέπεμψεν
3802 5660 3992 5717 αὐτόν.

2425 5736 2534 5787 Καὶ
2564 5734 2745 5787 λαϐὼν
2775 5737 3123 5805 ὑπεδήσατο,
3162 5741 3257 5792 καὶ
3301 5745 3658 5812 περιεσάλετο
3686 5748 3747 5800 τὸ
3771 5751 3995 5818 ίμάτιον

2421 5829 2611 5895 αὐτοῦ,
2639 5830 2730 5882 καὶ
2759 5829 3091 5899 περιπλέξας
3120 5835 3238 5894 ταῖς
3281 5834 3548 5901 ἀγκάλαις
3592 5839 3757 5892 αὐτοῦ
3784 5843 3851 5896 τὰ
3891 5843 3994 5895 ὕπ-
