4260 6430
222 423 328 491 481

1045 435 1523 499 MARTYRIUM
1562 436 1623 498 S.
1666 436 2091 499 EUSTRATII
2132 440 2230 502 ET
2271 441 2694 504 SOCIORUM.

3374 451 3479 513 (8!

219 544 463 615 ἁρχοντα
491 547 641 619 αὐτῷ
661 549 755 604 δύο
781 550 971 616 τέκνα,
1011 553 1141 622 ιστη
1173 552 1319 605 κε.τὰ
1347 549 1660 616 .ἁνατολὰς,
1704 553 1805 605 καὶ
1834 563 1879 616 Α
1908 567 2017 607 una
2038 552 2106 607 dit

1856 564 1879 615 ι
1908 567 2017 607 una
2038 552 2317 619 divinitas,
2350 570 2458 608 una
2491 557 2687 618 virtus.
2724 556 2989 611 miserere
3015 556 3120 612 mei
3156 565 3493 627 peccatoris:

221 636 607 693 ἐπεκαλέσατο
659 642 753 695 τὸν
804 642 938 696 Θεὸν
988 645 1085 697 καὶ
1140 637 1333 696 εἶπεν
1390 642 1640 694 Δέσποτα
1691 640 1797 695 Θεδ

219 729 659 802 παντοκράτωρ,
693 736 787 787 καὶ
817 735 993 805 Κύριε
1038 734 1214 805 Ἰησοῦ
1254 734 1484 802 Χριστὶ,
1515 735 1613 788 καὶ
1639 732 1797 800 ἅγιον

218 818 464 890 Πνεῦμα.
507 823 604 892 μία
636 825 850 894 θεότης,
892 828 991 895 μία
1036 827 1286 897 δύναμις,
1318 825 1549 894 ἐλέησόν
1598 844 1663 895 με
1705 816 1821 880 τὸν

217 911 565 980 ἁμαρτωλὸν,
600 918 692 969 καὶ
741 919 1179 990 σπλαγχνίσθητι
1244 921 1339 972 καὶ
1373 917 1667 973 ἀντιλασοῦ
1695 919 1795 987 τῆς

217 1003 415 1071 δούλης
442 1023 561 1073 σου,
588 1011 684 1061 καὶ
708 1009 819 1062 τῶν
842 1011 935 1064 δύο
960 1012 1175 1079 νηπίων
1187 1013 1415 1074 τούτων,
1434 1014 1462 1064 6
1481 1010 1795 1080 προστάτης

212 1098 330 1150 τῷν
361 1100 569 1167 χηρῶν,
632 1102 727 1154 καὶ
760 1104 946 1173 πατὴρ
987 1104 1098 1156 τῶν
1152 1102 1428 1174 ὀρφανῶν.
1470 1101 1612 1170 Ἐγὼ
1664 1105 1793 1173 γὰρ,

215 1192 489 1256 Δέσποτα,
518 1194 655 1259 μετὰ
689 1196 894 1263 πολλῆς
924 1198 1022 1266 τῆς
1046 1197 1359 1267 προθυμίας
1385 1196 1621 1265 ἔρχομαι
1655 1196 1795 1263 πρὸς

215 1280 299 1333 σέ.
331 1284 439 1334 Καὶ
468 1286 639 1338 ταῦτα
671 1286 863 1353 είπὼν,
902 1289 1240 1357 κατεφίλησε
1278 1288 1345 1341 τὰ
1386 1288 1578 1341 παιδία
1620 1288 1788 1341 αὐτοῦ

1907 643 2173 699 miserere
2211 644 2427 700 ancilla
2463 654 2591 707 tua,
2632 656 2690 700 et
2727 662 2848 701 eam
2871 648 3111 716 suscipe,
3141 661 3196 704 et
3225 650 3328 706 hos
3357 651 3495 707 duus

1906 732 2175 799 infantes,
2195 738 2289 804 qui
2315 753 2375 792 es
2405 738 2661 791 defensor
2689 739 3003 806 viduarum,
3031 750 3087 793 et
3114 753 3264 808 pater
3292 745 3494 812 orpha-

1908 842 2128 883 norum.
2165 828 2278 897 Ego
2324 829 2494 891 enim,
2533 831 2779 895 Domine,
2829 847 2951 885 eutn
3006 849 3203 903 magno
3236 845 3291 888 et
3323 836 3491 892 alacri

1902 919 2071 974 animi
2107 921 2291 975 studio
2322 923 2387 973 ad
2424 932 2474 975 te
2506 925 2684 977 venio.
2727 924 2851 977 Haec
2885 942 3009 979 eum
3044 928 3292 990 dixisset,
3328 945 3491 981 oscu-

1901 1013 2047 1067 latus
2076 1024 2160 1069 est
2194 1030 2323 1069 suos
2361 1017 2519 1078 ﬁlios,
2556 1029 2609 1072 et
2644 1020 2783 1073 dixit
2812 1038 2826 1072 :
2858 1020 3014 1073 Salva
3057 1022 3134 1075 sis
3166 1025 3386 1085 mulier,
3425 1034 3484 1078 et

1905 1103 2018 1158 noli
2047 1104 2183 1160 allici
2214 1107 2454 1169 tristitia,
2489 1124 2588 1162 nec
2620 1109 2708 1172 lle,
2741 1112 2833 1163 sed
2861 1110 3036 1175 gaude
3059 1118 3113 1161 ct
3143 1112 3375 1166 exsulta.
3408 1111 3488 1166 Te

1902 1195 2051 1247 enim
2084 1204 2140 1248 et
2180 1196 2323 1250 ﬁlios
2372 1213 2521 1251 meos
2566 1208 2621 1251 et
2666 1200 2899 1254 animam
2950 1201 3166 1269 depono
3218 1204 3272 1256 in
3323 1218 3487 1259 manu

1905 1287 2034 1341 boni
2065 1288 2159 1342 Dei
2194 1291 2386 1351 nostri.
2419 1290 2511 1357 qui
2548 1299 2725 1358 potest
2755 1294 2957 1347 omnia.

214 1376 312 1427 καὶ
343 1372 497 1429 εἶπεν
520 1394 533 1407 ·
573 1378 780 1443 Σώξου,
825 1381 1019 1448 γύναι,
1058 1381 1133 1449 μὴ
1157 1379 1329 1432 λυποῦ
1388 1380 1524 1450 μηδὲ
1569 1379 1795 1448 δάκρυε,
1838 1377 1973 1431 ἀλλὰ
2009 1381 2165 1447 χαῖρε
2200 1384 2293 1431 καὶ
2367 1382 2632 1444 ἀγαλλία·
2704 1385 2761 1435 σὲ
2785 1386 2893 1454 γὰρ
2918 1387 3012 1438 καὶ
3037 1388 3103 1439 τὰ
3141 1388 3327 1441 παιδία
3354 1407 3481 1460 μου,

215 1474 306 1525 καὶ
337 1476 433 1542 τὴν
462 1474 640 1544 ψυχήν
678 1495 777 1545 μου
799 1515 815 1540 ,
848 1480 926 1541 είς
973 1480 1163 1547 χεῖρας
1221 1477 1571 1547 παρατίθημι
1602 1476 1695 1530 τοῦ
1731 1476 1798 1529 τὰ
1839 1478 2017 1528 πάντα
2058 1477 2361 1542 δυναμένου
2390 1478 2596 1544 ἀγαθοῦ
2625 1479 2759 1530 Θεοῦ
2792 1483 2969 1547 ἡμῶν.

289 1572 387 1623 ιν.
416 1573 525 1623 Καὶ
554 1573 727 1626 ταῦτα
754 1575 947 1637 εἰπὼν,
976 1573 1235 1643 δρομαῖος
1274 1575 1489 1644 ἐξῆλθε,
1539 1576 1630 1628 καὶ
1659 1577 1795 1643 πρνῐς

210 1682 331 1715 τινα
367 1664 702 1733 Μουκὰτορα
731 1665 994 1731 τοῦνομα,
1051 1667 1109 1717 ὲν
1137 1668 1203 1735 τῇ
1244 1666 1669 1736 Ἀραυρακηνῶν
1696 1666 1792 1736 τὴν

212 1757 435 1826 οἴκησιν
469 1756 683 1825 ἔχοντα.
732 1759 826 1809 καὶ
885 1759 1237 1827 πρωτεύοντα
1292 1758 1350 1811 ἐν
1405 1760 1568 1829 αὐτῇ,
1622 1758 1791 1828 ἄνδρα

1975 1572 2112 1627 XIV.
2145 1573 2210 1625 Et
2241 1590 2363 1626 eum
2406 1573 2524 1626 hare
2554 1574 2798 1636 dixisset.
2843 1576 3045 1634 cursim
3080 1586 3164 1632 est
3204 1595 3479 1651 egressus.

1900 1674 1956 1719 et
1997 1667 2145 1720 venit
2175 1668 2241 1719 ad
2274 1667 2564 1735 quemdam
2618 1667 2841 1721 nomine
2888 1668 3247 1734 Mucatorem,
3291 1674 3383 1742 qui
3428 1676 3482 1729 in

1901 1759 2121 1828 regione
2140 1761 2614 1813 Arauracenorum
2644 1760 2880 1814 habebat
2904 1760 3393 1829 liabitationem,et
3426 1769 3479 1820 in

210 1848 488 1917 ἐπίσημον
530 1851 624 1901 καὶ
661 1850 917 1903 πλούσιον
954 1851 1118 1914 πάνυ,
1168 1847 1322 1921 ἦλθε,
1368 1853 1465 1904 καὶ
1513 1868 1788 1921 προσαγο-
1829 1888 1868 1945 Β
1899 1866 1961 1904 ea
1989 1851 2104 1905 obti

1856 1892 1868 1944 ι
1899 1866 1961 1904 ea
1989 1851 2273 1905 obtinebat
2307 1854 2511 1921 primas
2547 1863 2748 1920 partes,
2777 1862 2833 1906 et
2861 1864 2978 1906 erat
3007 1853 3089 1906 vir
3120 1857 3275 1910 valde
3304 1859 3482 1912 clarus

210 1941 414 2011 ρεῦσας
439 1941 603 1993 αὑτὸν
636 1938 790 1993 εἶπεν
812 1960 824 1972 ·
872 1943 998 1995 Ἰδοὺ
1039 1942 1150 2011 ἐγὼ
1187 1943 1492 2012 πορεύομαι
1531 1945 1669 2013 πρὸς
1698 1944 1789 1996 τὸν

207 2034 365 2102 φίλον
395 2051 487 2087 σου
516 2036 615 2087 καὶ·
644 2036 915 2103 συγγενέα
970 2036 1298 2106 Κυρισίκην,
1356 2037 1452 2088 καὶ
1499 2034 1594 2088 τοῦ
1648 2036 1785 2089 Θεοῦ

206 2124 479 2188 (,ἐλοντο;,
515 2126 728 2177 συνοδία
759 2125 909 2191 αὐτῷ
946 2128 1191 2195 γίνομαι,
1227 2126 1322 2179 καὶ
1352 2127 1470 2194 μετ’
1508 2128 1673 2180 αὐτοῦ
1695 2129 1785 2180 τὸν

202 2221 303 2286 τῆς
336 2217 618 2287 ἀθλήσεως
659 2219 921 2288 ὑπομενῶ
954 2220 1164 2286 ἀγῶνα.
1202 2220 1272 2273 Σὺ
1327 2218 1417 2271 οῦν
1450 2220 1611 2285 γενοῦ
1647 2221 1786 2286 μετὰ

198 2311 336 2363 Θεὸν
364 2310 465 2378 τῆς
498 2312 756 2378 γυναικός
797 2330 898 2382 μου
932 2313 1247 2381 προστάτης
1279 2329 1371 2363 και
1418 2314 1528 2366 τῶν
1573 2314 1785 2368 τέκνων

200 2421 310 2473 μου
344 2407 400 2456 ἐν
433 2405 510 2475 τῷ
543 2405 592 2473 βε
616 2426 639 2473 ρ
670 2406 880 2473 τούτῳ,
918 2407 1009 2457 καὶ
1046 2405 1353 2474 γενήσομαί
1385 2422 1466 2457 σοι
1500 2406 1654 2472 κάγὼ
1688 2408 1782 2474 ἑρ-

200 2496 380 2563 γὰτης
409 2496 550 2564 ὑπὲρ
576 2496 785 2562 ταύτης
821 2494 920 2562 τῆς
961 2494 1182 2564 χάριτος
1207 2495 1263 2545 ὲν
1288 2496 1350 2564 τῇ
1385 2496 1567 2564 ἡμέρα
1598 2496 1782 2567 ἐκείνῃ

197 2588 291 2639 ὅτε
329 2587 716 2655 παριστὰμεθα
740 2585 820 2654 τῷ
859 2585 996 2655 Θεῷ,
1031 2586 1124 2638 καὶ
1154 2586 1247 2637 τὸν
1294 2586 1489 2653 μισθὸν
1523 2587 1773 2655 ἁπολαμο

197 2679 410 2739 ϐάνεις.
457 2679 515 2731 Ὀ
537 2680 591 2730 δὲ
622 2679 860 2747 εὐλαὸης
898 2675 1280 2746 ίκείνος⁹ἁνὴρ
1324 2675 1509 2731 εἶπεν·
1544 2679 1783 2732 ’Δπελθε

196 2773 260 2824 ἐν
292 2773 508 2841 εἰρήνῃ.
542 2771 758 2832 τέκνον,
784 2771 885 2837 τὴν
923 2768 1097 2838 καλὴν
1122 2771 1372 2841 πορείαν,
1393 2769 1491 2821 καὶ
1520 2770 1593 2838 μὴ
1617 2786 1783 2838 φρον-

196 2866 358 2936 τίσῃς
390 2868 517 2933 περὶ
557 2865 775 2928 τούτου,
807 2863 944 2915 ἀλλὰ
998 2861 1290 2932 πλήρωσόν
1329 2878 1421 2914 σου
1450 2863 1550 2933 τὴν
1592 2862 1785 2916 ἐπιθυ-

203 2960 339 3026 μίαν
371 2977 383 2989 ο
421 2958 516 3026 τῆς
551 2956 659 3025 γὰρ
690 2956 949 3023 γυναικός
1005 2972 1117 3008 σου
1171 2958 1513 3025 πνευματικῇ
1546 2955 1786 3009 διαθέσει

198 3052 404 3119 ἔσομαι
463 3049 623 3118 ἀνὴρ,
681 3050 776 3101 καὶ
807 3050 916 3100 τῶν
946 3048 1175 3099 παιδίων
1207 3064 1303 3099 σου
1358 3048 1563 3117 πατήρ.
1598 3048 1783 3101 Ταῦτα

201 3144 448 3203 ἀκούσας
476 3145 501 3192 6
528 3142 848 3210 Μαρδάριος
880 3140 977 3190 καὶ
1030 3137 1439 3207 συνταξάμενος
1479 3140 1651 3208 αὐτῷ,
1681 3140 1782 3209 ήδη

1898 1955 1951 1998 et
1980 1943 2162 2005 dives;
2203 1954 2255 1999 et
2300 1960 2421 1997 Cuttl
2470 1961 2593 1997 eum
2644 1946 2957 2009 salutasset,
2992 1947 3131 2000 dixit
3163 1966 3176 2002 :
3210 1948 3347 2002 Ecce
3379 1966 3479 2021 ego

1895 2032 2034 2086 vado
2059 2034 2125 2086 ad
2170 2036 2404 2087 amicum
2433 2046 2583 2086 tuum
2620 2044 2675 2086 et
2711 2046 2999 2103 cognatum
3052 2037 3368 2104 Cyris:cem,
3401 2052 3476 2108 et,

1895 2126 2007 2179 Deo
2037 2126 2278 2191 volente,
2314 2143 2409 2179 ero
2438 2128 2487 2181 ei
2521 2144 2703 2181 comes
2735 2129 2787 2180 in
2822 2131 2924 2189 via,
2950 2142 3003 2183 et
3036 2146 3157 2184 cum
3186 2148 3253 2186 eo
3281 2135 3477 2189 subibo

1896 2218 2189 2271 discrimen
2241 2220 2578 2273 certaminis.
2632 2220 2713 2272 Tu
2769 2236 2899 2286 ergo
2948 2233 3066 2275 esto
3128 2234 3245 2292 post
3307 2227 3476 2281 Deum

1894 2309 2153 2364 defensor
2184 2328 2315 2365 mea:
2375 2314 2580 2373 uxoris.
2623 2321 2676 2367 et
2721 2329 2967 2367 meorum
3014 2316 3251 2371 ﬁliorum
3286 2319 3338 2371 in
3374 2320 3476 2373 hac

1892 2405 2026 2467 vita,
2074 2413 2129 2457 et
2180 2420 2277 2472 pto
2326 2406 2424 2459 liae
2475 2407 2644 2475 gratia
2693 2424 2793 2477 ego
2843 2426 3062 2479 quoque
3107 2412 3207 2466 tibi
3249 2431 3473 2482 operam

1892 2496 2105 2548 navabo
2138 2496 2192 2548 in
2223 2496 2315 2550 illo
2349 2497 2459 2561 die,
2490 2500 2710 2567 quando
2736 2515 2919 2553 coram
2966 2504 3073 2554 Deo
3105 2504 3385 2567 siszemur,
3419 2521 3477 2561 ut

1899 2590 2206 2643 mercedem
2241 2593 2500 2659 accipias.
2538 2593 2681 2646 Dixit
2712 2611 2837 2648 vero
2871 2595 2953 2647 vir
2986 2596 3073 2649 ille
3100 2598 3223 2666 pius
3252 2616 3263 2651 :
3292 2600 3393 2654 Abi
3422 2603 3473 2653 in

1893 2693 2049 2747 pace,
2090 2680 2162 2733 [ili
2209 2682 2303 2741 tni,
2337 2690 2393 2735 et
2435 2683 2723 2750 pulchrum
2762 2685 2863 2737 hoc
2912 2684 3015 2738 iter
3054 2686 3280 2748 conlice.
3318 2700 3372 2742 ct
3406 2706 3473 2742 ne

1892 2772 1959 2826 de
1988 2790 2056 2828 eo
2089 2775 2164 2827 sis
2202 2774 2493 2834 sollicitus.
2531 2776 2864 2830 satisfaciam
2901 2786 2993 2833 tuo
3039 2779 3341 2847 desiderio;
3376 2799 3471 2836 cro

1891 2870 2038 2922 enim
2090 2867 2323 2935 spiritali
2375 2868 2666 2922 aﬂ’cctione
2716 2871 2903 2923 uxoris
2961 2886 3064 2926 tua:
3122 2876 3368 2937 maritus,
3421 2888 3475 2930 et

1891 2970 2050 3027 pater
2082 2968 2298 3012 tuorum
2331 2958 2594 3014 ﬁliorum.
2629 2959 2722 3014 llis
2754 2963 2975 3028 auditis,
3011 2964 3314 3019 Mardarius
3347 2982 3472 3021 eum

1891 3050 1943 3103 ei
2004 3049 2389 3115 valedixisset,
2446 3052 2553 3121 jam
2605 3051 2672 3106 de
2721 3063 2921 3107 cretero
2970 3070 3139 3125 prope
3188 3060 3472 3112 castellum

1892 3144 2041 3197 venit
2084 3145 2149 3197 ad
2181 3158 2420 3205 sanctos.
2471 3157 2527 3200 et
2562 3147 2639 3199 sic
2687 3150 2903 3201 vocavit
2949 3163 3197 3203 sanetum
3248 3152 3475 3206 Eustra-

198 3239 395 3292 λοιπὸν
426 3237 655 3307 πλησίον
682 3237 775 3289 τοῦ
800 3237 1039 3306 κάστρου
1074 3236 1278 3303 ἔφθασε
1305 3239 1430 3297 τοῦς
1455 3237 1666 3302 ἁγίους,
1688 3238 1780 3289 καὶ
1808 3261 1851 3318 c
1886 3237 2023 3289 tium
2060 3257 2072 3290 :

1886 3237 2023 3289 tium
2060 3257 2072 3290 :
2109 3236 2338 3291 Domine
2369 3236 2635 3307 Cyrisice,
2673 3240 2950 3308 quomodo
2992 3242 3113 3295 ovis
3140 3242 3369 3312 simplex
3399 3246 3469 3301 ad

194 3332 429 3384 ικάλεσε
463 3332 556 3383 τὸν
610 3331 769 3397 ἆγιον
832 3330 1171 3399 Εὺπράτιον
1229 3328 1408 3381 οὕτω·
1464 3332 1777 3383 Δεσπόσυνε

196 3424 504 3493 Κυρισίκη,
542 3423 617 3483 ὡς
652 3421 924 3491 πρόϐατον
954 3423 1161 3474 ἄκακον
1192 3421 1329 3491 πρὸς
1359 3420 1452 3473 τὸν
1487 3422 1619 3475 ἴδιον
1665 3439 1783 3474 ποι-

200 3520 341 3586 μένα
365 3518 571 3583 τρέχει,
605 3513 747 3566 οῦτω
774 3512 932 3580 κὰγὼ
956 3508 1123 3583 ἦλθον
1151 3513 1290 3581 πρὸς
1325 3514 1408 3575 σὲ,
1447 3514 1617 3568 θέλων
1649 3514 1778 3582 ὑμῖν

196 3605 547 3660 συνοδεῦσαι.
577 3606 740 3669 Δέξαι
772 3601 867 3657 οὖν
898 3622 987 3674 με,
1017 3606 1114 3657 καὶ
1146 3606 1675 3676 συγκαταρίθμησον
1708 3608 1775 3675 τῇ

191 3702 333 3768 ἁγία
365 3715 458 3750 σου
485 3696 727 3766 συνοδίᾳ,
765 3696 862 3749 καὶ
901 3698 1244 3764 προσάγαγε,
1307 3698 1357 3748 εί
1400 3697 1495 3749 καὶ
1528 3697 1777 3761 ἀνάξιον,

199 3794 463 3860 μάρτυρα
493 3790 569 3859 τῷ
603 3790 855 3859 Δεσπότῃ
897 3789 1145 3857 Χριστῷ.
1202 3790 1311 3841 Καὶ
1356 3789 1535 3842 ταῦτα
1588 3789 1777 3852 εἰπὼν,

196 3886 394 3952 ἐϐόησε
425 3886 575 3952 φωνῇ
610 3883 823 3951 μεγάλῃ
852 3883 1028 3949 λέγων
1053 3899 1070 3915 ο
1103 3882 1427 3951 Χριστιανός
1452 3886 1572 3950 είμι
1595 3880 1774 3950 κάγὼ,

194 3976 273 4035 ὡς
311 3975 406 4025 καὶ
452 3976 480 4025 6
530 3973 719 4041 κύριός
773 3990 876 4041 μου
930 3972 1287 4041 Εὑστράτιος.
1315 3972 1637 4035 ’Δκούσατε,
1678 3974 1778 4023 ὑπ-

194 4068 395 4136 ηρέται
425 4065 521 4118 τοῦ
548 4065 824 4130 διαὸὀὶου,
864 4064 1168 4117 ἀκούσατε.
1214 4062 1348 4116 Τότε
1385 4063 1778 4128 συλλαδόμενοι

194 4158 364 4211 αὑτὸν
386 4161 432 4210 ot
460 4156 815 4225 στρατιῶται,
845 4157 1145 4227 συνέδησαν
1171 4156 1283 4216 τοῖς
1323 4154 1531 4217 λοιποῖς
1568 4154 1773 4223 ἁγίοις,

195 4251 294 4303 καὶ
338 4248 730 4318 καθείρξαντες
755 4249 812 4300 ὲν
835 4248 911 4315 τῷ
936 4249 1159 4315 κάστρῳ
1183 4250 1239 4299 ἐν
1261 4246 1501 4316 δημοσία
1534 4246 1775 4317 φυλακῇ,

198 4343 510 4409 ἀνήνεγκαν
537 4344 631 4393 καὶ
657 4342 783 4409 περὶ
814 4341 981 4393 αὐτοῦ
1018 4340 1093 4408 τῷ
1128 4339 1300 4392 δουκί.

270 4432 375 4488 1Ε’.
420 4433 559 4487 Κατ’
586 4434 754 4503 αὐτὴν
787 4434 842 4485 δὲ
873 4432 972 4501 τὴν
1011 4432 1160 4501 ὥραν
1190 4431 1378 4502 ὥσπερ
1404 4432 1539 4485 λέων
1572 4430 1776 4502 βρύξας

196 4527 461 4580 ὲκὰθισεν
494 4528 574 4588 είς
614 4526 712 4594 τὴν
767 4526 1036 4589 ἐξέτασιν.
1083 4524 1193 4575 Καὶ
1251 4523 1631 4589 ὑποϐαλούσης
1672 4521 1774 4591 τῆς

1884 3330 2171 3398 proprium
2209 3332 2387 3385 currit
2438 3343 2733 3400 pastorem,
2777 3334 2850 3386 ita
2884 3349 2985 3403 ego
3029 3349 3247 3403 quoque
3290 3336 3357 3390 ad
3394 3345 3467 3400 te,

1885 3423 2077 3476 volens
2103 3438 2224 3477 esse
2254 3426 2409 3477 vobis
2438 3425 2494 3477 in
2522 3425 2607 3479 via
2640 3441 2846 3479 comes.
2879 3426 2961 3480 Me
2990 3442 3119 3497 ergo
3146 3430 3387 3498 suscipe,
3412 3442 3471 3486 et

1884 3513 2049 3577 refer,
2078 3514 2204 3569 licet
2231 3515 2540 3585 indignum,
2566 3517 2620 3569 in
2646 3533 2936 3571 numerum
2963 3521 3136 3574 sancti
3165 3521 3241 3574 tui
3266 3508 3472 3589 coitus,

1881 3615 1935 3658 et
1970 3606 2151 3660 adduc
2200 3622 2306 3671 me,
2356 3607 2459 3660 etsi
2507 3607 2817 3678 indignum,
2869 3620 3063 3664 testem
3110 3610 3330 3666 Christo
3362 3614 3469 3669 Do-

1882 3698 2053 3751 mino.
2085 3698 2154 3752 Et
2183 3699 2298 3752 bazc
2328 3714 2454 3752 cum
2486 3701 2737 3762 dixisset,
2788 3702 3043 3755 clamat-it
3087 3719 3221 3759 voce
3250 3720 3465 3774 magna,

1880 3784 2072 3840 dicens
2106 3804 2120 3841 :
2156 3789 2268 3857 Ego
2302 3807 2520 3858 quoque
2556 3807 2676 3844 sum
2710 3791 3079 3856 Christianus,
3108 3796 3253 3849 sicut
3301 3798 3470 3851 etiam

1881 3878 2140 3933 dominus
2182 3897 2336 3935 mens
2363 3883 2693 3937 Eustratius.
2717 3885 2938 3950 Audite,
2972 3887 3205 3939 ministri
3236 3888 3461 3952 diaboli,

1881 3970 2091 4024 audite.
2118 3972 2272 4027 Tune
2299 3988 2423 4027 cum
2458 3975 2634 4042 ipsum
2663 3977 2863 4030 milites
2890 3978 3461 4045 comprehendissent,

1856 4059 2203 4130 Ieolligarunt
2235 4077 2359 4115 cum
2397 4064 2625 4133 reliquis
2654 4066 2878 4130 sanctis,
2906 4080 2961 4120 et
2994 4082 3116 4120 cum
3151 4069 3206 4122 in
3238 4068 3466 4123 castello

1877 4166 2003 4204 eum
2053 4154 2418 4220 eonjeeissent
2470 4154 2522 4207 in
2575 4155 2848 4223 publicam
2910 4158 3239 4226 custodiam,
3283 4161 3353 4215 de
3397 4175 3469 4214 eo

1879 4257 2098 4310 quoque
2134 4243 2201 4295 ad
2238 4243 2435 4297 ducem
2477 4245 2805 4301 retulerunt.

1949 4420 2060 4475 XV.
2096 4420 2208 4475 Hoc
2247 4422 2361 4488 ipsa
2391 4431 2573 4475 autem
2601 4424 2757 4487 hora,
2788 4433 3049 4493 tanquam
3093 4426 3181 4481 leo
3214 4430 3455 4499 rugiens,

1877 4513 2020 4567 sedit
2058 4512 2124 4565 ad
2176 4512 2657 4577 examinationcm,
2708 4523 2763 4567 et
2808 4529 2908 4582 pro
2954 4530 3105 4569 more
3153 4518 3464 4574 addueente

194 4620 410 4683 τάξεως
453 4622 593 4671 κατὰ
639 4619 698 4669 τὸ
751 4619 1005 4688 σύνηθες,
1044 4616 1328 4686 προσήχθη
1386 4619 1589 4684 γυμνὸς
1628 4632 1774 4683 σχοι-
1805 4622 1852 4677 ι)
1881 4605 2106 4659 cohorte

1881 4605 2108 4659 cohorte
2148 4605 2494 4667 delictorum,
2547 4604 2816 4659 adductus
2860 4617 2946 4660 est
2985 4610 3184 4673 nudus,
3234 4610 3464 4666 funibus

195 4710 332 4771 νίοις
398 4710 758 4778 κατεχόμενος
788 4710 887 4771 τὰς
940 4711 1127 4777 χεῖρας
1178 4710 1205 4759 ὁ
1260 4709 1415 4772 ἆγιος
1462 4707 1772 4771 Λῦξὲντιος,

195 4802 570 4871 παρεστώτων
640 4800 749 4853 τῶν
823 4802 995 4869 ἁγίων
1065 4802 1159 4852 καὶ
1227 4800 1477 4868 δρώντων
1545 4798 1773 4864 ἕκαστα,

195 4895 297 4949 καὶ
353 4894 483 4963 ἔστη
546 4893 758 4964 φαιδρῷ
811 4893 887 4963 τῷ
942 4892 1241 4963 προσώπῳ.
1306 4893 1365 4943 Ὀ
1414 4892 1537 4957 δοῦξ
1582 4887 1771 4943 εἶπεν·

196 4990 482 5055 Δῦξέντιε,
519 4988 672 5057 ἡμᾶς
701 4987 803 5055 μὲν
845 4986 1028 5037 κόπων
1060 4983 1441 5046 ἀπαλλάττων,
1486 4982 1679 5033 σαυτὸν
1718 4980 1804 5061 δὲ.¹

198 5078 476 5147 σωτηρίας
505 5075 691 5142 ἀξιῶν,
732 5074 826 5127 νῦν
862 5073 993 5141 γοῦν
1015 5070 1247 5137 δίδαξον,
1280 5074 1327 5123 εί
1381 5071 1478 5139 τῆς
1530 5068 1771 5136 ματαίας

195 5172 414 5240 ἐκείνης
461 5174 552 5219 καὶ
609 5164 858 5236 ὀλεθρίας
892 5181 977 5217 σοι
1011 5164 1253 5233 ἁπέστης
1306 5162 1638 5225 ἑνστάσεως,
1678 5160 1773 5211 καὶ

200 5266 271 5331 τῇ
307 5260 416 5314 τῶν
446 5258 588 5313 θεῶν
611 5258 890 5328 ᾠκείωσαι
918 5257 1197 5325 εὐμενείᾳ.
1212 5255 1273 5308 ’0
1307 5257 1462 5321 ἅγιος
1491 5254 1773 5319 Αὑξέντιος

196 5351 355 5407 εἶπεν
379 5369 393 5383 ’
425 5351 718 5420 Συντόμως
743 5351 1001 5413 ἄκουσον,
1031 5342 1078 5402 ὧ
1116 5350 1313 5414 Λυσία,
1336 5347 1543 5417 δμνυμί
1568 5364 1647 5399 σοι
1676 5346 1772 5415 τὴν

196 5444 395 5510 ἔφορον
423 5439 603 5509 δίκην,
648 5436 725 5500 ὡς
775 5436 1119 5507 ἁμετὰθετός
1159 5435 1259 5507 μού
1290 5437 1436 5488 ἑστιν
1483 5436 1514 5505 ὴ
1554 5434 1769 5503 γνώμη,

200 5534 296 5586 καὶ
326 5531 426 5585 tvo.
480 5530 616 5582 Θεὸν
656 5527 774 5582 οῐδα
799 5530 896 5582 καὶ
926 5529 1089 5600 αὑτὸν
1155 5528 1407 5597 σέϐομαι,
1438 5529 1540 5579 κᾶν
1571 5526 1770 5596 μυρίας

194 5625 365 5684 ἄλλας
396 5623 686 5694 ἐπαγάγῃς
723 5639 813 5692 μοι
855 5621 1071 5690 πληγὰς
1107 5621 1201 5673 καὶ
1233 5620 1526 5690 τιμωρίας,
1553 5622 1772 5687 μείζους

195 5719 307 5769 τῶν
332 5715 502 5769 πάλαι
534 5732 623 5783 μοι
654 5712 1075 5783 ἐπενεχθεισῶν,
1133 5712 1238 5764 κᾶν
1269 5712 1474 5782 σιδήρῳ
1506 5715 1603 5763 καὶ
1638 5714 1773 5780 πυρὶ

197 5805 593 5877 καταναλὼσης
629 5822 717 5877 με,
763 5807 865 5859 οὐκ
891 5805 956 5859 ἄν
990 5822 1094 5877 μου
1130 5805 1350 5875 κάμψαι
1376 5805 1467 5856 τὸν
1509 5803 1770 5873 λογισμὸν

199 5899 479 5966 indocti;
537 5916 693 5953 ποτε.
752 5898 824 5955 Τὸ
854 5898 1064 5965 λοιπὸν,
1103 5895 1292 5955 ποίειδ
1337 5896 1530 5962 θέλεις.
1570 5897 1704 5952 Τότε
1742 5899 1769 5951 6

1879 4712 2073 4749 manus
2118 4695 2326 4749 habens
2369 4696 2581 4749 vinctas
2619 4708 2844 4751 sanctus
2883 4698 3211 4763 Auxentius,
3248 4701 3462 4755 sanctis

1877 4786 2200 4852 astantibus,
2245 4798 2302 4839 et
2334 4786 2543 4855 singula
2592 4788 2931 4841 videntibus.
2966 4790 3032 4842 Et
3076 4790 3257 4844 adhuc
3300 4792 3459 4846 vultu

1875 4878 2000 4931 lazto
2044 4878 2153 4931 dux
2189 4879 2367 4946 inquit
2410 4896 2423 4932 ε
2457 4880 2715 4941 Auxenti,
2748 4896 2851 4934 nos
2890 4880 3111 4949 quidem
3160 4882 3399 4936 liberans
3423 4898 3455 4936 a

1876 4969 2178 5037 laboribus,
2228 4980 2277 5023 te
2308 4980 2489 5023 autem
2539 4971 2715 5025 salute
2755 4970 2978 5039 dignum
3015 4985 3269 5038 censetis,
3304 4981 3459 5028 nunc

1869 5065 2065 5120 saltem
2103 5064 2259 5129 doce,
2290 5080 2355 5115 an
2392 5079 2422 5115 a
2455 5079 2590 5117 vana
2638 5063 2726 5116 illa
2768 5072 2824 5117 et
2872 5063 2966 5117 tibi
3016 5065 3323 5131 perniciosa
3358 5066 3460 5119 de-

1875 5157 2082 5211 stiteris
2114 5155 2441 5225 pervicacia,
2470 5167 2525 5208 et
2560 5170 2685 5208 eum
2718 5153 2822 5209 diis
2855 5156 3085 5210 redieris
3113 5156 3168 5209 in
3198 5157 3454 5225 gratiam.

1878 5250 2111 5305 Sanctus
2150 5249 2288 5303 dixit
2333 5249 2636 5302 Auxentius
2689 5264 2704 5301 :
2752 5247 2948 5302 Paucis
2995 5247 3145 5311 audi,
3192 5243 3223 5301 ο
3268 5246 3455 5317 Lysia,

1870 5343 1995 5409 jnro
2033 5342 2129 5395 tibi
2166 5357 2311 5405 eam,
2349 5357 2467 5409 quae
2507 5348 2703 5408 praeest
2729 5350 2785 5393 et
2817 5340 2999 5393 omnia
3032 5339 3249 5407 aspicit,
3292 5338 3457 5406 justi-

1877 5434 2031 5493 tiam,
2077 5448 2195 5487 esse
2230 5434 2364 5487 mihi
2407 5440 2644 5484 mentem
2697 5430 3115 5491 immutabilem,
3165 5442 3450 5497 unumque

1874 5528 2045 5580 Deum
2085 5542 2172 5580 me
2212 5540 2373 5579 nosse
2405 5535 2460 5577 et
2494 5524 2672 5592 ipsum
2701 5522 2905 5586 colere,
2940 5520 3157 5575 etiamsi
3197 5520 3453 5573 innume-

1876 5620 2077 5673 rabiles
2116 5620 2250 5673 alias
2294 5618 2427 5671 mihi
2470 5615 2655 5685 plagas
2700 5612 3029 5683 imposueris
3058 5622 3116 5666 et
3148 5612 3451 5675 cruciatus,

1876 5716 2110 5784 majores
2130 5714 2217 5778 iis,
2241 5712 2332 5782 qui
2352 5712 2462 5779 jam
2488 5711 2700 5781 pridem
2726 5708 2861 5761 mihi
2888 5716 3017 5761 sunt
3040 5705 3209 5767 illati;
3229 5700 3453 5756 etiamsi

1876 5820 1963 5857 me
1993 5804 2161 5867 l‘erro,
2190 5804 2404 5859 etiamsi
2437 5817 2523 5857 me
2558 5802 2681 5872 igne
2709 5801 3137 5869 consumpseris,
3164 5807 3446 5863 nunquam

1877 5897 2082 5962 poteris
2117 5910 2291 5951 meam
2336 5894 2557 5952 ﬂectere
2591 5892 2998 5963 cogitationem.
3028 5890 3105 5946 De
3134 5897 3332 5946 extero
3359 5884 3450 5941 (ac
