4260 6430
769 381 875 444 483

2003 377 2291 439 MENSIS
2329 377 2761 439 DECEMBER.

3921 383 4031 446 ιδι

768 491 914 562 quod
959 490 1117 545 velis.
1165 488 1325 545 Tune
1363 488 1479 544 dux
1529 487 1909 556 pronuntiavit
1951 491 2282 545 sententiam
2323 509 2340 545 :
2376 495 2450 551 Αι

2376 488 2575 554 Αδοὺξ
2615 489 2970 561 ἀπεφήνατο’
3023 489 3342 556 Δὺξέντιος,
3395 494 3427 546 ὀ
3485 493 3622 563 μιτᾶ
3674 493 3879 560 πολλὰς
3925 498 4030 548 τὰς

770 582 1098 648 Auxentins,
1125 581 1223 652 qui
1256 592 1382 652 post
1423 581 1596 635 multa
1626 591 1898 636 tormenta
1936 595 1998 639 et
2036 583 2339 651 cruciatus,

767 675 935 728 etiam
975 689 1125 729 nunc
1151 683 1441 745 permanet
1471 673 1527 727 in
1556 689 1654 728 sua
1682 675 1986 743 perniciosa
2013 675 2341 744 ignorantia,

769 779 870 834 per
888 767 940 818 ei
964 775 1209 833 paratam
1235 765 1402 832 gladii
1428 766 1886 834 amputationem,
1911 768 2141 821 ferream
2164 783 2340 834 suam,

768 864 824 909 et
851 871 976 925 qua:
1011 855 1211 910 molliri
1245 871 1355 910 non
1392 865 1591 925 potest,
1624 856 1812 923 perdat
1837 857 2102 923 animam,
2129 862 2186 912 in
2217 859 2341 914 loco

766 949 956 1018 aliquo
998 963 1292 1002 nemoroso
1316 960 1372 1002 et
1399 948 1617 1002 deserto
1647 948 1810 1002 ﬁnem
1852 949 2017 1019 hujus
2057 952 2342 1006 sententia:

767 1042 1065 1108 accipiens,
1117 1049 1180 1094 ut
1223 1042 1367 1112 justa
1414 1040 1694 1109 sepultura
1741 1040 1928 1095 infelix
1974 1044 2098 1111 ejus
2142 1058 2343 1113 corpus

769 1141 985 1194 careat;
1022 1132 1115 1201 qui
1148 1142 1328 1186 autem
1360 1147 1526 1196 ausus
1568 1141 1648 1186 est
1695 1147 1753 1187 se
1785 1149 1962 1201 nuper
2006 1135 2340 1203 reliquorum

769 1223 936 1276 coetui
969 1224 1285 1291 adiungere,
1330 1225 1663 1291 perducatur
1706 1223 1758 1275 in
1791 1223 2056 1289 medium,
2085 1225 2340 1281 celeriter

769 1321 1169 1366 consecuturus
1202 1313 1487 1376 honorem,
1519 1312 1613 1382 qui
1642 1313 1710 1366 ab
1734 1327 1807 1366 eo
1840 1315 2162 1382 requiritur.

838 1492 979 1546 XVI.
1012 1493 1270 1547 Sanctum
1305 1508 1434 1546 vero
1465 1493 1796 1547 Mardarium
1827 1494 2168 1548 solventibus
2195 1494 2337 1547 mili-

769 1586 913 1639 tibus
938 1585 1005 1638 ab
1029 1585 1078 1638 ei
1111 1586 1378 1653 impositis
1403 1586 1721 1649 collaribus,
1751 1586 1839 1639 hic
1864 1586 2056 1639 beatus
2080 1586 2332 1641 dicebat:

766 1676 996 1729 Domine
1028 1676 1100 1728 mi
1132 1676 1418 1745 (lyrisices.
1443 1691 1536 1727 ora
1566 1691 1664 1744 pro
1694 1690 1803 1737 me,
1833 1690 1960 1744 rogo
1992 1687 2078 1741 te;
2113 1685 2167 1728 et
2199 1675 2335 1730 doce

2448 582 2717 652 βασάνους
2745 584 2841 635 καὶ
2864 583 3141 654 τιμωρίας
3167 586 3264 638 καὶ
3294 584 3392 639 νῦν
3419 587 3476 639 ἐν
3501 588 3567 657 τῇ
3597 586 3829 657 ὀλεθρίῳ
3849 587 4025 640 αὑτοῦ

2447 675 2728 745 ἐπιμένων
2761 675 2945 747 ἀνοίᾳ,
2981 676 3072 731 διά
3124 678 3227 748 τῆς
3271 678 3674 747 ταμιευθεισης
3723 679 3872 748 αὐτῷ
3917 680 4030 732 ὑπὸ

2441 765 2540 820 τοῦ
2571 767 2761 835 ξίφους
2790 771 3040 839 ἐκκοπῆς
3068 770 3171 840 τήν
3217 771 3479 841 σιδηρέαν
3499 772 3675 825 αὐτοῦ
3730 773 3828 826 καὶ
3870 772 4031 840 ἀμεξο

2442 862 2628 916 λικτον
2659 865 2946 918 ἀπολέσειε
2968 865 3170 937 ψυχὴν,
3197 868 3256 920 ἐν
3302 867 3456 938 τόπῳ
3510 870 3622 920 τινὶ
3647 869 3908 920 κατάλσει
3928 869 4030 919 καὶ

2442 956 2638 1024 ἐρήμῳ
2669 954 2773 1024 τῆς
2799 956 3063 1028 τοιαύτης
3114 958 3301 1027 ψήφου
3326 958 3426 1029 τὴν
3455 960 3765 1030 περαίωσιν
3797 959 4026 1029 δεχόμε-

2442 1063 2554 1109 νος,
2581 1049 2732 1109 ὅπως
2757 1047 2856 1117 τῆς
2887 1053 3284 1120 νενομισμένης
3316 1052 3495 1119 ταφῆς
3523 1051 3585 1103 τὸ
3611 1050 3873 1120 δύστηνον
3925 1052 4026 1103 αὒ-

2441 1138 2536 1190 τοῦ
2583 1140 2903 1210 ἀμοιρήσειε
2959 1140 3142 1209 σῶμα.
3190 1144 3250 1196 '0
3283 1143 3340 1196 δέ.
3382 1159 3442 1211 γε
3475 1143 3683 1212 ἀρτίως
3737 1143 4025 1215 θαρρήσας

2443 1231 2724 1285 ἐπιδοῦναι
2757 1232 2953 1286 ἐαυτὸν
2992 1236 3058 1303 τῇ
3105 1233 3216 1285 τῶν
3246 1235 3456 1286 λοιπῶν
3490 1234 3705 1304 δημίων
3758 1237 4022 1306 συλλογῇ,

2440 1324 2666 1393 ἀχθήτω
2691 1325 2773 1387 εις
2800 1325 2862 1378 es
2895 1326 3084 1395 μέσον,
3131 1325 3463 1396 τευξόμενος
3501 1329 3558 1381 ἐν
3580 1329 3736 1398 τάχει
3765 1328 3863 1398 τῆς
3893 1329 4025 1379 ἐπι-

2438 1413 2780 1482 ζητουμένης
2807 1415 2958 1485 αύτῷ
2981 1417 3169 1486 τιμῆς.

2508 1505 2627 1572 Ιίῗ.
2663 1506 2786 1559 Τῶν
2815 1508 2870 1560 δὲ
2903 1507 3251 1578 στρατιωτῶν
3274 1509 3514 1563 λυόντων
3545 1512 3636 1563 τὸν
3668 1512 3825 1578 ἆγιον
3860 1509 4023 1580 lupo

2436 1596 2626 1667 δάριον
2650 1597 2759 1652 τῶν
2787 1601 3198 1668 περικειμένων
3219 1601 3370 1671 αὐτῷ
3403 1602 3621 1665 κλοιῶν,
3666 1606 3692 1655 ὁ
3745 1605 4021 1673 μακάριος

2437 1683 2557 1740 εἷπε
2581 1704 2594 1718 ο
2637 1687 2806 1758 Κύριέ
2831 1706 2934 1757 μου
2963 1691 3262 1762 Κυρισίκη,
3291 1688 3444 1756 εὖξαι
3471 1694 3611 1761 ὑπὲρ
3643 1693 3802 1764 ἐμοῦ,
3822 1693 4018 1762 δέομαί

764 1785 873 1833 me,
897 1769 1030 1836 quid
1056 1783 1176 1820 sum
1205 1782 1570 1836 responsurus
1596 1767 1722 1820 huic
1742 1767 1974 1820 exitioso
1997 1778 2052 1821 et
2075 1767 2333 1836 pasaifero
2441 1800 2446 1826 ι

2372 1848 2407 1855 _
2441 1796 2558 1844 σου,
2593 1780 2690 1833 καὶ
2743 1780 2958 1844 δίδαξον
3009 1799 3075 1852 με
3108 1785 3163 1834 τί
3208 1785 3616 1854 ἀποκρινοῦμαι
3672 1787 3748 1854 τῷ
3776 1787 4018 1855 λυμεῶνι

763 1858 993 1920 homini,
1027 1873 1092 1911 ne
1141 1873 1226 1911 me
1276 1869 1532 1926 tauquam
1582 1867 1848 1927 agrestem
1893 1864 1949 1909 et
1996 1857 2338 1910 illitteratum
2371 1848 2445 1904 Β.

2336 1901 2338 1909 ι
2371 1848 2412 1902 Β
2440 1872 2637 1943 τούτῳ,
2669 1877 2746 1944 μή
2784 1892 2915 1928 ποτε
2944 1848 3021 1938 ῶς
3053 1876 3289 1946 χωρικδν
3339 1848 3434 1931 καὶ
3459 1848 3829 1947 ἀγράμματον
3845 1848 4018 1948 ⁷χλευο

763 1951 1044 2005 hominem
1111 1949 1337 2004 irrideat
1396 1951 1650 2002 immams
1709 1949 1809 2003 iste
1867 1948 2049 2017 lupus.
2098 1948 2332 2004 Sanctus

763 2053 945 2096 autem
982 2043 1032 2095 ei
1072 2043 1208 2094 dixit
1253 2041 1563 2095 Eustratius
1594 2057 1609 2092 :
1647 2040 1741 2094 Dic
1772 2040 1949 2095 solum
1993 2051 2329 2102 constanter,

763 2136 930 2189 frater
963 2136 1032 2188 mi
1085 2134 1352 2188 Mardari:
1386 2135 1517 2187 Sum
1561 2131 1924 2197 Christianus,
1966 2147 2085 2186 sum
2124 2131 2328 2187 Christi

761 2244 976 2290 servus,
1021 2239 1076 2282 et
1123 2229 1258 2280 nihil
1310 2226 1456 2279 aliud
1496 2226 1848 2293 respondeas,
1879 2228 1923 2279 si
1957 2225 2089 2295 quid
2138 2235 2329 2280 contra

761 2316 908 2368 dicat
953 2326 1049 2368 aut
1097 2315 1277 2367 facial.
1316 2315 1452 2367 Cum
1500 2329 1632 2366 vero
1680 2323 1827 2367 esset
1860 2314 2150 2380 adductus,
2194 2314 2331 2368 dixit

761 2408 962 2461 cohors
993 2424 1006 2460 :
1032 2407 1201 2460 Adest
1231 2405 1558 2459 Mardarius.
1587 2407 1704 2459 Dux
1730 2406 1865 2460 dixit
1893 2423 1911 2458 z
1933 2406 2036 2471 Qui
2067 2422 2124 2461 se
2155 2422 2331 2477 nuper

762 2500 988 2552 tradidit
1033 2499 1472 2567 interrogationi,
1505 2499 1552 2551 is
1576 2513 1774 2550 nomen
1815 2499 2030 2562 doceat,
2063 2498 2325 2560 studium,

760 2609 882 2661 qua:
913 2606 1041 2646 eum
1090 2592 1213 2644 tulit
1253 2591 1506 2658 patriam,
1550 2589 1943 2652 conditionem,
1978 2597 2034 2642 et
2077 2603 2327 2657 quasnam

759 2685 832 2736 sit
860 2686 909 2736 ei
941 2682 1153 2750 religio.
1199 2680 1503 2734 Mardarius
1545 2681 1684 2733 dixit
1727 2697 1742 2734 :
1785 2679 1915 2733 Sum
1962 2679 2327 2734 Christianus.

759 2774 896 2828 Cum
932 2785 1115 2826 autem
1150 2785 1437 2841 regaretur
1469 2773 1538 2826 ab
1572 2772 1996 2842 apparitoribus,
2032 2781 2091 2825 ut
2123 2771 2332 2826 diceret

760 2883 984 2930 nomen,
1031 2875 1087 2919 et
1129 2865 1530 2926 conditionem,
1560 2874 1616 2918 et
1656 2866 1910 2933 patrium,
1963 2865 2332 2933 perseveravit

758 2958 993 3011 clamare
1028 2974 1039 3008 :
1072 2955 1202 3010 Sum
1235 2957 1606 3012 Christianus.
1635 2957 1698 3010 Et
1729 2971 1854 3009 cum
1889 2956 1983 3009 diu
2023 2965 2328 3025 rogaretur,

759 3048 898 3102 nihil
946 3049 1092 3102 aliud
1140 3049 1278 3102 dixit
1307 3049 1410 3102 nisi
1461 3050 1660 3113 solum,
1698 3048 1831 3102 Sum
1873 3047 2074 3104 Christi
2117 3064 2328 3104 servus.

758 3141 895 3195 Cum
921 3145 1038 3211 ejus
1066 3145 1248 3207 itaque
1273 3141 1680 3208 simplicitatem
1703 3150 1760 3193 et
1783 3142 2082 3209 puritatem
2102 3139 2330 3194 vidisset
2356 3181 2400 3238 ο

758 3234 870 3286 dux
893 3233 1216 3295 sceleratus,
1238 3231 1378 3284 dixit
1405 3249 1417 3282 :
1442 3231 1682 3285 Terebra
1709 3232 2061 3286 terehreutur
2088 3231 2329 3285 calcanei

758 3324 960 3391 pedum
994 3323 1134 3391 ejus,
1167 3332 1222 3375 et
1253 3321 1476 3374 funibus
1511 3320 1740 3390 trajecti,
1771 3321 1839 3373 ab
1867 3320 2001 3374 orbe
2034 3329 2166 3374 rota:
2198 3336 2333 3390 pen-

757 3415 944 3476 deant,
973 3415 1272 3466 candentes
1300 3423 1484 3466 autem
1511 3413 1759 3478 Obelisci,
1785 3414 1906 3482 ejus
1967 3421 2120 3481 tergo
2144 3413 2333 3466 admo-

757 3514 1011 3570 veantur,
1044 3516 1103 3558 ut
1131 3519 1198 3558 ex
1245 3505 1347 3557 hoc
1372 3504 1580 3557 ambitu
1618 3506 1711 3556 liat
1745 3518 1890 3556 sana:
1923 3503 2144 3566 mentis,
2173 3513 2231 3556 et
2259 3501 2329 3556 ad

756 3595 935 3650 danda
963 3609 1244 3662 "responsa
1282 3593 1536 3646 idoneus.
1579 3591 1715 3645 Cum
1752 3595 1856 3645 hoc
1889 3603 2072 3646 autem
2119 3592 2328 3646 factum

754 3699 923 3752 esset,
948 3697 1004 3740 et
1031 3689 1146 3755 ipse
1172 3687 1264 3740 diu
1298 3686 1562 3755 penderet
1592 3701 1622 3738 a
1649 3687 1955 3750 calcancis;
1992 3695 2047 3739 et
2077 3696 2330 3740 ureretur

754 3779 987 3843 su‘bulis,
1019 3779 1204 3832 emisit
1250 3793 1463 3841 vocem,
1512 3777 1703 3831 dicens
1735 3794 1748 3830 :
1780 3777 2028 3842 Domine,
2077 3791 2179 3846 ago
2229 3777 2326 3832 tibi

754 3870 979 3939 gratias,
1006 3871 1154 3938 quod
1185 3884 1268 3922 me
1301 3869 1386 3922 his
1415 3870 1574 3923 bonis
1601 3868 1677 3922 sis
1702 3867 1973 3937 dignatus.
2009 3866 2324 3922 Desideravi

756 3961 994 4013 salutare
1053 3971 1231 4024 tuum,
1288 3969 1345 4014 et
1395 3960 1571 4013 amavi
1633 3959 1809 4027 ipsum
1865 3957 2041 4011 valde.
2099 3957 2328 4028 Suscipe

754 4055 991 4106 animam
1025 4069 1200 4106 meam
1234 4052 1288 4106 in
1321 4067 1489 4121 pace;
1521 4059 1579 4105 et
1615 4066 1740 4104 eum
1771 4050 1887 4105 hac
1917 4050 2175 4115 dixisset,
2211 4060 2325 4105 tra-

756 4141 896 4194 didit
932 4143 1207 4211 spiritum.

826 4428 990 4484 XVII.
1041 4427 1288 4482 Dimissis
1335 4441 1467 4481 vero
1517 4426 1689 4481 sancti
1737 4427 1856 4497 ejus
1903 4426 2170 4497 reliquiis,
2218 4425 2328 4479 dux

2437 1966 2544 2036 ἀσῃ
2574 1983 2639 2034 με
2667 1969 2695 2019 6
2721 1969 3001 2038 ἀνήμερος
3036 1969 3200 2032 λύκος
3257 1963 3386 2023 οὗτο
3422 2008 3439 2026 .
3479 1973 3538 2024 '0
3595 1973 3649 2024 δέ
3703 1974 3858 2039 ᾰγιος
3906 1973 4017 2025 Εὑ-

2438 2063 2690 2130 στράτιος
2722 2056 2878 2116 εἶπεν
2897 2078 2912 2093 ο
2958 2063 3246 2133 Ἐπίμενε,
3286 2067 3485 2133 ἀδελφέ
3514 2068 3825 2138 Μαρδάριε.
3849 2070 4016 2135 μόνον

2434 2147 2629 2217 λέγων,
2670 2152 2998 2221 Χριστιανός
3055 2156 3197 2225 ειμι,
3247 2157 3488 2226 Χριστοῦ
3523 2158 3710 2222 δοῦλος
3748 2161 4010 2229 ὑπάρχω,

2435 2244 2530 2294 καὶ
2589 2243 2754 2311 μηδὲν
2811 2245 2998 2314 ἕτερον
3052 2249 3378 2319 ἀποκρίνου,
3431 2249 3563 2304 εἴτι
3626 2253 3693 2303 ἂν
3747 2252 3880 2321 λέγῃ
3918 2255 4018 2304 καὶ

2434 2336 2585 2403 ποιῇ.
2605 2334 2888 2402 ’Δχθέντος
2915 2337 2974 2390 δὲ
3005 2340 3195 2404 αὑτοῦ,
3245 2343 3277 2413 ή
3309 2342 3462 2407 τάξις
3501 2339 3678 2405 εἶπεν,
3712 2344 4013 2413 Ἐστηκεν.

2444 2425 2504 2476 '0
2543 2427 2668 2490 δοὺξ
2726 2427 2914 2481 εἶπεν·
2958 2432 3020 2485 '0
3078 2434 3278 2502 ἀρτίως
3313 2436 3656 2499 ἐπιδεδωκὼς
3713 2438 3906 2490 ἐαυτὸν
3944 2441 4012 2508 τῇ

2434 2514 2726 2586 ἐρωτήσει,
2759 2512 2917 2582 οὗτος
2964 2520 3233 2585 διδαξάτω
3288 2525 3483 2595 ὄνομα,
3521 2528 3884 2596 ἐπιτήδευμα,
3922 2531 4014 2580 ἐνο

2434 2609 2768 2676 εγκαμένην,
2831 2611 3064 2682 τύχην,’
3108 2617 3204 2666 καὶ
3255 2617 3442 2670 ὁποῖον
3497 2619 3648 2687 αὐτῷ
3703 2620 3766 2672 τὸ
3820 2622 4009 2683 σέϐας.

2433 2696 2748 2769 Μαρδάριος
2773 2700 2926 2755 εἶπεν
2951 2720 2964 2733 ·
3000 2703 3328 2771 Χριστιανός
3356 2710 3494 2776 εἰμι.
3533 2711 3926 2780 Ἐρωτώμενες
3955 2713 4013 2765 δέ

2439 2789 2593 2857 παρά
2620 2791 2729 2841 τῶν
2759 2794 3039 2858 ταξιωτῶν
3097 2796 3272 2850 εἰπεῖν
3322 2801 3415 2851 καὶ
3446 2801 3510 2852 τὸ
3562 2801 3758 2871 ὄνομα,
3789 2807 3887 2856 καὶ
3915 2805 4015 2873 τὴν

2433 2880 2608 2948 τύχην
2633 2884 2728 2934 καὶ
2753 2883 2853 2953 τὴν
2880 2884 3141 2954 πατρίδα,
3179 2889 3414 2955 ἐπέμενε
3464 2892 3708 2959 κράζων,
3742 2896 4012 2964 Χριστια-

2435 2970 2528 3029 νός
2555 2971 2704 3039 ειμι·
2756 2972 2850 3022 καὶ
2894 2973 2985 3023 ἐπὶ
3021 2975 3156 3026 πολὺ
3183 2976 3562 3047 ἐρωτώμενος,
3619 2983 3772 3035 οὐδὲν
3824 2985 4012 3054 ἕτερον

2434 3060 2643 3127 ἔλεγεν,
2675 3063 2724 3114 εξ
2756 3062 2834 3132 μὴ
2866 3065 3055 3130 μόνον,
3092 3065 3421 3134 Χριστιανός
3453 3072 3590 3139 εἰμι,
3623 3073 3858 3143 Χριστοῦ
3889 3078 4011 3127 δοῖ-

2434 3149 2527 3213 λυς
2561 3153 2814 3220 ὑπάρχω.
2865 3153 3163 3220 Ἐωρακῶς
3205 3153 3300 3209 οὗν
3331 3159 3428 3227 τὴν
3480 3161 3859 3231 ἀκεραιότητα
3909 3166 4010 3217 αό-

2431 3243 2549 3310 τοῦ,
2580 3247 2608 3297 δ
2634 3243 2831 3313 μιαρὸς
2888 3245 3016 3309 δοίρξ
3042 3243 3195 3302 εἶπεν
3214 3265 3228 3280 ⁸
3265 3249 3714 3320 Τρυπηθήτωσαν
3739 3256 3789 3306 οἱ
3816 3258 4012 3324 ἀστιιά·

2431 3336 2588 3402 γαλοι
2612 3336 2721 3386 τῶν
2751 3335 2932 3388 ποδῶν
2957 3337 3127 3391 αὐτοῦ
3161 3343 3442 3412 τρυπάνῃ,
3476 3346 3570 3395 καὶ
3602 3349 3859 3414 σχοινίοις
3883 3349 4008 3401 διαο

2435 3427 2811 3496 περανθέντες
2850 3429 2951 3498 τῆς
3005 3429 3237 3498 ἄντυγος
3288 3435 3756 3504 ἀναρτασθωσανο
3830 3441 4010 3493 dﬁcit

2433 3533 2554 3568 σκοι
2599 3517 2655 3568 δέ
2694 3522 3191 3588 πεπυρακτωμένοι
3253 3526 3367 3588 τοῖς
3425 3531 3794 3599 μεταφρένοις
3843 3533 4009 3585 αὑτοῦ

2430 3611 2983 3681 προσενεχθήτωσαν,
3013 3615 3162 3676 ὅπως
3215 3618 3278 3668 ἐκ
3311 3621 3409 3686 τῆς
3443 3621 3706 3689 τοιαύτης
3745 3626 3999 3693 περιόδου

2429 3699 2716 3770 φρενήρης
2743 3701 2974 3770 γένηται
3002 3705 3099 3755 καὶ
3137 3704 3322 3768 ἱκανὸς
3353 3708 3491 3776 πρὸς
3521 3710 3620 3772 τὰς
3647 3712 4001 3780 ἀποκρίσεις.

2429 3788 2636 3841 Τούτου
2691 3791 2748 3844 δὲ
2781 3795 3106 3862 γενομένου,
3171 3800 3263 3847 καὶ
3317 3799 3409 3849 ἐπὶ
3457 3800 3592 3854 πολὺ
3653 3806 4006 3871 κρεμαμένου

2429 3880 2603 3945 α-ὺτοῦ
2635 3883 2742 3935 ἀπὸ
2797 3884 2908 3938 τῶν
2957 3888 3322 3957 ἀστραγάλων
3377 3892 3470 3942 καὶ
3522 3897 3821 3959 καιομένου
3885 3903 4007 3959 ταῖς

2427 3972 2683 4036 σούδ).αις
2720 3976 3008 4047 ἀνέπεμψε
3049 3981 3237 4047 φωνήν
3282 3982 3454 4049 λέγων
3476 3999 3491 4013 ·
3529 3985 3702 4054 Κύριε
3733 3988 4003 4052 Δέσποτα,

2432 4064 2747 4134 εὐχαριστῶ
2800 4084 2906 4135 σοι,
2966 4072 3051 4122 δτι
3097 4073 3443 4142 κατηξίωσάς
3499 4092 3568 4144 με
3619 4076 3726 4128 τῶν
3779 4081 4005 4144 ἀγαθῶν

2428 4156 2660 4212 τούτων.
2714 4159 3062 4228 Ἐπεπόθησα
3091 4162 3152 4215 τὸ
3189 4165 3461 4234 σωτηριόν
3492 4184 3586 4218 σου
3611 4171 3706 4222 καὶ
3739 4171 4006 4241 ήγάπησα

2431 4249 2569 4300 αὐτὸ
2599 4249 2826 4319 σφόδρα.
2863 4253 3024 4318 Δέξαι
3050 4271 3154 4321 μου
3193 4257 3250 4308 ἐν
3278 4258 3474 4328 εἰρήνῃ
3499 4259 3598 4329 τὴν
3631 4260 3834 4331 ψυχήν.
3895 4266 4006 4319 Καὶ

2425 4337 2603 4390 ταῦτα
2634 4341 2830 4402 εἰπὼν,
2876 4343 3159 4412 παρέδωκε
3194 4345 3253 4398 τὸ
3282 4348 3521 4418 πνεῦμα.

2503 4427 2601 4482 lZ'.
2637 4431 3074 4502 Κατενεχθέντος
3105 4435 3160 4487 δὲ
3189 4436 3281 4489 τοῦ
3315 4439 3473 4507 ἁγίου
3502 4443 3671 4496 αὐτοῦ
3706 4444 3989 4515 λειψάνου,

753 4519 894 4573 dixit
940 4538 953 4572 :
990 4517 1145 4571 Nudo
1188 4533 1421 4585 corpore
1460 4518 1766 4572 adducatur
1811 4517 1977 4571 etiam
2013 4520 2078 4582 is,
2108 4517 2202 4586 qui
2241 4527 2325 4571 est
2359 4504 2435 4564 ηε

2321 4556 2325 4568 .
2359 4504 2402 4558 Ῑ)
2431 4520 2460 4572 ὸ
2487 4519 2612 4584 δοὺξ
2641 4517 2797 4574 εἶπεν
2817 4540 2831 4552 ·
2867 4525 3237 4594 Προσαγέσθω
3269 4504 3464 4600 γυμνῷ
3490 4534 3569 4598 τῷ
3607 4504 3826 4603 σώματι
3861 4504 4003 4595 me

753 4623 817 4662 ex
869 4607 1208 4660 Sataleorum
1261 4606 1479 4675 regione
1529 4607 1838 4675 Eugenius,
1887 4606 2021 4676 qui,
2072 4622 2198 4659 cum
2254 4606 2322 4660 de

755 4703 1034 4756 Eusuatio
1085 4703 1383 4753 haberetur
1434 4702 1699 4769 qtuestio,
1752 4717 1920 4755 ausus
1970 4710 2055 4755 est
2102 4702 2320 4769 subire,

753 4808 915 4862 quem
951 4806 1058 4843 non
1098 4791 1220 4842 dlCtl
1268 4789 1662 4854 Christianum,
1700 4802 1753 4842 ut
1803 4791 1904 4860 ipsi
1955 4800 2204 4844 errantes
2235 4791 2322 4845 di-

753 4892 905 4946 cunt,
937 4883 1032 4936 sed
1070 4883 1224 4949 plane
1288 4882 1602 4945 achreston,
1631 4881 1734 4934 hoc
1764 4892 1869 4948 est,
1903 4883 2156 4936 inutilem.
2185 4881 2318 4936 Cum

753 4972 869 5041 ipse
908 4982 1090 5025 autem
1121 4972 1409 5035 astitiSset,
1442 4972 1701 5025 dixerunt
1736 4972 2077 5040 apparitores
2109 4989 2124 5024 :
2152 4971 2323 5026 Adest

754 5064 1050 5132 Eugenius.
1079 5063 1196 5116 Dux
1224 5065 1357 5116 dixit
1382 5081 1393 5116 :
1422 5063 1518 5117 Dic
1546 5063 1702 5126 mihi,
1729 5063 2168 5126 sceleratissime,
2195 5063 2323 5132 quis

751 5157 930 5209 malus
965 5156 1176 5207 daemon
1221 5164 1273 5208 te
1305 5156 1462 5209 malis
1503 5155 1628 5209 fatis
1669 5166 1851 5210 actum
1879 5155 1946 5209 ad
1975 5167 2176 5210 tantam
2211 5156 2317 5208 im-

753 5247 891 5314 pulit
924 5244 1232 5308 audaciam,
1269 5253 1329 5296 ut
1363 5259 1486 5298 cum
1528 5255 1674 5299 tanta
1723 5253 1776 5299 te
1819 5245 2094 5316 ingereres
2137 5246 2319 5313 impu-

751 5337 957 5402 dentia,
990 5347 1046 5390 et
1076 5335 1234 5389 nihili
1264 5334 1478 5390 faceres
1509 5337 1700 5408 judicii
1729 5338 2147 5392 austeritatem?
2178 5336 2322 5408 Dixit

749 5437 972 5480 sanctus
997 5424 1278 5495 Eugenius
1317 5443 1332 5480 :
1368 5426 1512 5481 Deus
1557 5442 1733 5490 meus,
1765 5429 1858 5497 qui
1887 5443 2026 5497 quos
2069 5437 2126 5482 tu
2164 5429 2319 5492 colis,

749 5519 1024 5572 daemones
1081 5519 1283 5584 abolet,
1321 5520 1431 5588 ipse
1461 5521 1613 5574 dedit
1645 5520 1778 5573 mihi
1811 5521 2095 5583 virtutem,
2119 5532 2180 5576 .et
2211 5521 2318 5574 lar-

749 5611 891 5680 gitus
935 5620 1021 5664 est
1075 5612 1207 5666 mihi
1256 5611 1504 5666 fiduciam
1539 5623 1594 5668 et
1640 5614 1857 5667 dicendi
1895 5614 2222 5676 libertatem,
2262 5625 2320 5668 ut

751 5714 898 5756 tuam
945 5719 1240 5773 conspuam
1290 5706 1688 5770 infelicitatem,
1717 5707 1945 5761 sordide
1989 5709 2160 5770 canis,
2202 5708 2319 5761 tlte-

744 5807 911 5848 saure
960 5793 1203 5864 Satanan,
1252 5798 1345 5866 qui
1394 5807 1575 5853 tecum
1623 5798 1859 5853 traditur
1907 5799 1961 5854 in
2009 5799 2314 5855 interitum.

2434 4612 2493 4662 ἐν
2521 4615 2586 4680 τῇ
2618 4612 2906 4666 Σαταλεων
2966 4617 3258 4684 Εὐγένιος,
3317 4623 3416 4690 τῆς
3464 4628 3605 4676 κατά
3665 4627 4004 4701 Εὐστράτιον

2433 4703 2758 4772 ἐρωτήσεως
2805 4710 3101 4779 γινομένης
3141 4711 3421 4784 τολμήσας
3455 4717 3817 4774 ἐπεισελθεῖν·
3855 4725 3913 4778 ὃν
3942 4729 4001 4780 οὐ

2431 4793 2574 4861 λέγω
2596 4796 2949 4864 Χριστιανὸν,
2980 4800 3056 4863 ὡς
3109 4803 3266 4855 αὐτοὶ
3324 4807 3659 4876 πλαιὼνται,
3687 4813 3806 4865 ἀλλ’
3834 4819 4004 4888 ἄχρη-

2435 4898 2580 4938 στον.
2616 4888 3010 4955 Παραστάντος
3044 4890 3102 4942 δὲ
3128 4890 3320 4960 αὐτοῦ,
3353 4897 3385 4963 ή
3410 4897 3562 4961 τάξις
3593 4895 3772 4953 εἶπεν·
3799 4907 4000 4963 Ἕσπ-

2429 4989 2526 5065 xcv
2551 4973 2834 5042 Εὐγένιος.
2874 4977 2930 5030 Ὀ
2963 4979 3088 5044 δοὺξ
3132 4978 3318 5036 εἶπεν
3353 4961 3497 5064 Λέγε
3530 5007 3644 5059 μοι,
3674 4961 3996 5065 παμμίαρε,

2430 5063 2515 5156 τις
2565 5081 2624 5115 σε
2674 5067 2911 5136 πονηρὸς
2966 5069 3199 5139 δαίμων,
3259 5075 3354 5128 ἐπὶ
3403 5063 3588 5150 κακὴν
3650 5063 3999 5156 εἱμαρμένην

2429 5155 2651 5221 ἐλάσας,
2705 5160 2796 5211 ἐπὶ
2830 5161 3082 5216 τοσοῦτον
3117 5165 3292 5236 ήγαγε
3354 5168 3614 5241 θράσους,
3679 5173 3824 5228 ὥστε
3861 5155 3998 5246 μετά

2428 5252 2698 5321 τοσαύτης
2728 5253 2990 5307 εἰσελθεῖν
3035 5257 3330 5328 ἀναιδείας,
3360 5266 3455 5317 καὶ
3484 5265 3543 5317 ἐν
3595 5267 3788 5337 μηδενὶ
3811 5270 3996 5324 θέσθαι

2429 5341 2491 5430 to
2534 5344 2807 5414 αὐστηρὸν
2851 5346 2947 5399 τοῦ
3005 5349 3398 5423 δικαστηρίου;
3437 5356 3498 5410 '0
3543 5360 3699 5425 ᾰγιος
3744 5360 3997 5430 Εὐγένιος

2428 5427 2582 5485 εἶπεν
2604 5450 2616 5465 ·
2651 5435 2711 5489 '0
2736 5435 2869 5500 Θεός
2898 5456 3002 5508 μου
3032 5443 3061 5493 δ
3093 5446 3385 5514 καταργῶν
3415 5463 3510 5501 σου
3544 5452 3674 5514 τοὺς
3707 5427 3992 5522 δαίμονας,

2428 5523 2524 5587 οὓς
2556 5526 2698 5598 σέϐῃ
2728 5567 2743 5592 ,
2806 5532 2970 5596 αὐτὸς
3001 5528 3376 5607 ἐνεδυνάμωσέ
3424 5557 3515 5610 με,
3579 5547 3673 5595 καὶ
3698 5545 3996 5617 ἐχαρίσατό

2433 5637 2524 5689 μοι
2561 5622 2900 5692 παρρησίαν,
2964 5625 3050 5678 ἵνα
3084 5631 3417 5684 καταπτύσω
3463 5633 3564 5702 τῆς
3617 5635 3996 5709 ταλαιπωρίας

2428 5728 2542 5776 σου,
2572 5714 2787 5783 ῥυπαρέ
2818 5715 2969 5780 κύον,
3004 5720 3064 5771 τὸ
3095 5721 3377 5790 κειμήλιον
3398 5724 3490 5775 τοῦ
3520 5725 3752 5793 Σατανᾶ,
3779 5729 3874 5782 τοῦ
3899 5730 3997 5784 σὺν

2424 5803 2509 5854 σοὶ
2562 5803 2640 5867 εἰς
2693 5802 2968 5860 ἀπώλειαν
3024 5807 3472 5879 παραδιδομένου.
3517 5812 3574 5870 '0
3622 5815 3749 5881 δοὺξ
3802 5812 3993 5884 εἶπενο
