4260 6430
278 406 391 473 ί85

1030 492 1035 499 ι
1097 411 1568 472 MARTYIHUM
1610 412 1673 473 S.
1714 410 2131 473 EUSTRA'l'll
2177 416 2271 475 ET
2313 416 2723 478 SOCIORUM.

3423 427 3528 490 486

292 524 613 592 Ἐκκοπήτω
646 526 680 593 ἡ
706 523 1029 594 ὲφύδριστος
1071 522 1239 578 αὐτοῦ
1268 523 1485 605 γλῶττα
1507 541 1519 555 ·
1558 522 1855 592 ἀλλοτριω-
1886 532 1931 586 Α
1962 526 2077 580 Dux
2123 528 2261 581 dixit
2295 546 2307 582 :

1898 532 1931 586 Α
1962 526 2077 580 Dux
2123 528 2261 581 dixit
2295 546 2307 582 :
2340 528 2747 585 Contutneliosa
2782 533 2901 602 ejus
2933 533 3115 604 lingua
3139 539 3489 597 exscindatur

278 618 429 685 θήτω
481 615 537 668 δὲ
589 613 731 682 ξίφει
778 616 1054 687 ἑκατέρων
1100 616 1207 670 τῶν
1264 615 1484 686 χειρῶν,
1513 618 1604 669 καὶ
1632 615 1851 685 βάκλοις

280 703 669 773 συνθλασθητω
708 703 776 755 τὰ
804 704 967 772 σκέλη
994 704 1103 756 τῶν
1130 705 1310 757 ποδῶν
1344 703 1533 764 αὐτοῦ.
1564 706 1710 767 ὅπως
1744 723 1851 758 σω-

282 798 645 864 φρονέστερον
686 795 820 865 πρὸς
851 797 998 864 ἡμᾶς
1048 795 1293 865 διατεθῇ.
1350 796 1566 849 Τούτων
1601 795 1658 847 δὲ
1695 807 1859 864 γενο-’

280 891 477 958 μένων,
516 887 611 938 καὶ
632 887 794 949 αύτὲς
829 887 1111 953 παρέδωκε
1140 889 1201 940 τὸ
1231 886 1471 957 πνεῦμα.

351 980 454 1031 III'.
510 978 697 1030 Ταῦτα
732 979 942 1047 πράξας
972 982 999 1032 ὁ
1035 982 1231 1049 μιαρὸς
1256 982 1405 1046 δοὺξ,
1456 983 1537 1043 είς
1570 981 1631 1033 τὸ
1664 981 1847 1033 πεδίον

276 1069 491 1137 ἐξῆλθε,
521 1071 822 1139 γυμνάσων
872 1071 965 1123 τὸν
1028 1072 1278 1142 στρατόν.
1347 1072 1453 1125 Τοῦ
1502 1074 1758 1143 ἀδουμίου
1790 1075 1845 1127 δὲ

274 1164 587 1230 γινομένου,
626 1164 855 1225 ἕκαστος
886 1164 986 1233 τὴν
1035 1167 1090 1217 ὲν
1117 1168 1229 1227 τοῖς
1284 1165 1470 1229 ὅπλοις
1520 1168 1838 1236 ἐμπειρίαν,

276 1254 615 1323 θεωροῦντος
661 1255 755 1306 τοῦ
790 1256 1006 1318 δουκδς,
1042 1257 1428 1311 ἐπειξείκνυτο.
1455 1258 1559 1309 Καὶ
1587 1260 1649 1321 δὴ
1694 1260 1844 1328 Ὀρέ-

271 1363 408 1416 στης
439 1365 521 1410 τις
552 1347 813 1413 τοῦνομα,
849 1350 989 1417 ἀνὴρ
1019 1349 1329 1418 εὐμεγέθης
1390 1350 1486 1401 καὶ
1553 1352 1839 1422 εὐπρεπὴς

272 1441 350 1510 τῷ
373 1440 527 1502 είδει,
564 1440 698 1508 πρὸς
729 1440 900 1507 ὄνομα
954 1446 1046 1493 καὶ
1083 1440 1236 1503 τάξιν
1293 1440 1531 1510 κληθεὶς,
1594 1443 1839 1513 παρέστη

276 1532 354 1598 τῷ
420 1532 618 1600 Λυσίᾳ.
665 1532 984 1592 Ἐπαινέσας
1042 1532 1097 1584 δὲ
1158 1532 1321 1584 αὐτοῦ
1385 1534 1483 1599 τὴν
1537 1536 1690 1597 θέαν,
1746 1537 1841 1588 καὶ

272 1622 448 1690 ἁληθῆ
478 1623 819 1691 στρατιώτην
847 1624 1213 1687 ἀποκαλέσας,
1249 1626 1500 1677 ἐκέλευσε
1550 1627 1689 1678 κατᾶ
1739 1626 1835 1677 τοῦ

274 1714 480 1765 σκοποῦ
538 1714 719 1783 βαλεῖν
776 1722 875 1778 τὴν
908 1715 1125 1784 λόγχην.
1163 1715 1270 1766 Καὶ
1294 1715 1483 1766 τούτου
1531 1717 1629 1786 τὴν
1680 1721 1837 1786 χεῖρα

268 1805 567 1866 ίθύνοντος,
600 1811 690 1858 καὶ
740 1804 1053 1869 τινάξιντος
1091 1806 1149 1856 τδ
1184 1806 1368 1871 ὅπλον,
1406 1808 1463 1858 τὸ
1502 1810 1836 1877 φορούμενον

270 1898 328 1948 ὲν
360 1897 437 1967 τῷ
470 1898 655 1965 στήθει
687 1897 847 1949 αὑτοῦ
899 1898 1125 1966 χρύσεον
1155 1900 1411 1967 σταυρίον
1458 1901 1551 1952 τοῦ
1620 1903 1837 1968 ἱματίου

279 1990 448 2041 αὑτοῦ
486 1990 823 2058 ἐκτιναχθὲν,
853 1990 1047 2053 ἔξωθεν
1090 1994 1351 2061 ἀνεφάνη,
1380 1991 1518 2043 ὥστε
1547 1992 1841 2047 θεάσασθαι

272 2085 507 2144 πάντας,
543 2083 681 2137 ἀλλὰ
734 2083 838 2153 μὴν
885 2086 977 2136 καὶ
1030 2087 1190 2137 αὑτὸν
1224 2086 1316 2136 τὸν
1362 2087 1584 2139 Λυσίαν.
1621 2088 1842 2157 Παραυ-

268 2175 397 2226 τίκα
432 2176 612 2225 τοίνυν
646 2177 995 2244 προσαχθεὶς,
1041 2177 1169 2245 ἔστη
1214 2177 1441 2245 πλησίον
1493 2179 1585 2230 τοῦ
1629 2181 1838 2241 δουκὸς.

268 2269 379 2319 Καὶ
403 2267 583 2319 λαϐὼν
622 2269 650 2318 ὁ
682 2270 885 2332 Λυσίας
916 2273 979 2337 τῇ
1018 2273 1163 2339 χειρὶ
1193 2273 1285 2324 τὸν
1313 2273 1565 2341 σταυρὸν,
1599 2274 1834 2325 ἐπυνθά-

268 2376 390 2412 νετο
415 2360 465 2410 τί
498 2360 565 2411 ἂν
600 2361 682 2427 εἴη
710 2362 891 2414 τοῦτο.
925 2361 1016 2431 Mi;
1040 2364 1136 2414 καὶ
1168 2365 1253 2427 σὺ,
1278 2364 1429 2430 φησί,
1494 2364 1587 2414 τοῦ
1644 2365 1839 2415 ἐσταυ-

271 2451 519 2519 ρωμένον
550 2454 875 2521 τυγχάνεις;
948 2453 1005 2506 ὐ
1033 2454 1086 2505 δὲ
1119 2449 1270 2507 εἶπεν
1293 2471 1305 2485 ·
1354 2455 1546 2517 Δοῦλος
1592 2457 1708 2524 είμι
1744 2456 1837 2507 τοῦ

269 2542 688 2611 ἐσταυρωμένον
755 2546 1026 2595 Δεσπδτου
1111 2563 1213 2614 μου
1280 2546 1463 2606 Θεοῦ,
1524 2549 1616 2599 καί
1681 2548 1838 2600 τοῦτο

270 2636 649 2705 φυλακτήριον
698 2639 1033 2707 ὲπιφὲρομαι
1076 2638 1214 2707 πρὸς
1269 2640 1584 2709 ἀποτροπὴν
1621 2642 1833 2693 πάντων

268 2728 379 2780 τῶν
412 2730 798 2799 ἐπερχομένων
830 2747 919 2798 μοι
943 2731 1150 2784 κακῶν.
1193 2732 1252 2784 Ὀ
1280 2732 1402 2796 δοὺξ
1441 2730 1594 2785 εἶπεν
1616 2750 1629 2763 ³
1670 2735 1774 2787 Καὶ
1808 2733 1835 2784 ὁ

271 2821 582 2889 θαυμαστὸς
649 2817 802 2883 οὗτος
841 2826 1201 2892 στρατιώτης,
1247 2826 1519 2889 συνδεθεὶς
1553 2828 1627 2895 τῷ
1655 2828 1833 2896 δημίῳ

271 2911 466 2980 ἐκείνῳ
498 2912 821 2980 Εὑστρατίις)
845 2953 859 2977 ,
894 2915 1111 2977 σύνοδος
1143 2916 1290 2983 αὐτῷ
1326 2919 1384 2969 ὲν
1434 2920 1497 2986 τῇ
1558 2918 1834 2989 ὁδοιπορίᾳ

269 3004 548 3069 γενέσθω·
593 3006 868 3075 εὐκαίρως
898 3007 999 3075 τῆς
1057 3010 1177 3061 κατ’
1210 3009 1389 3061 αὐτῶν
1420 3011 1737 3081 ἐρωτήσεως
1778 3016 1833 3063 ἐν

268 3097 335 3162 τῇ
373 3095 747 3148 Νικοπολιτὼν
797 3100 1199 3167 ἀχθησομένης.
1256 3101 1712 3171 Παραγενομένου
1773 3105 1830 3157 δὲ

268 3185 368 3237 τοῦ
400 3188 602 3239 Λυσίου
636 3190 693 3239 ἐν
720 3192 786 3259 τῇ
822 3189 1202 3242 Νικοπολιτῶν
1231 3192 1409 3254 πόλει,
1463 3195 1597 3246 πολὺ
1629 3196 1830 3263 πλῆθος
1863 3219 1903 3275 C

270 3276 382 3328 τῶν
430 3279 778 3345 στρατιωτῶν
834 3281 932 3349 τῆς
993 3280 1257 3346 λεγεῶνας
1323 3281 1423 3350 τῆς
1477 3286 1535 3334 ἐν
1579 3288 1641 3354 τῇ
1680 3287 1833 3339 πόλει

270 3368 576 3435 προσῆλθον
631 3369 802 3437 αὐτῷ,
866 3372 961 3421 καὶ
1007 3374 1203 3434 πάντες
1235 3375 1333 3443 μιᾷ
1370 3377 1517 3442 φωνῇ
1572 3375 1832 3445 ἔκραζον*

270 3462 473 3519 Λυσία,
508 3464 600 3511 καὶ
627 3463 784 3529 ἡμεῖς
836 3465 1164 3529 στρατιῶταί
1201 3467 1368 3527 ἐσμεν
1420 3468 1514 3519 τοῦ
1567 3474 1834 3524 Δεσποτου

267 3552 427 3619 ήμιὶν
455 3554 690 3620 Χριστοῦ
719 3570 732 3584 ⁸
758 3557 900 3607 ποίει
930 3555 957 3607 ὃ
990 3556 1184 3618 θέλεις.
1222 3558 1282 3609 ὐ
1318 3558 1373 3610 δὲ
1407 3560 1465 3610 τὸ
1495 3561 1592 3628 μὲν
1624 3563 1836 3632 πρῶτον

264 3647 562 3714 ἐξεπλάγη,
596 3649 870 3715 φοὸηθεὶς,
897 3652 1040 3721 μήτι
1076 3654 1455 3722 νεωτερισθείη
1487 3657 1601 3706 κατ’
1635 3657 1797 3708 αὐτοῦ
1821 3672 1834 3685 ·

266 3734 464 3788 ἔπειτα
490 3736 545 3786 δὲ
608 3736 864 3801 ἐγνωκὼς
908 3739 987 3789 οτι
1020 3740 1091 3799 ὡς
1139 3741 1384 3806 πρὸὅατα
1429 3742 1659 3804 exoro-'0;
1692 3759 1834 3811 παρ-

266 3825 503 3890 έδωκαν,
560 3827 821 3890 λύσαντες
880 3831 972 3880 καὶ
1016 3832 1111 3889 τὰς
1164 3829 1340 3893 ζώνας
1371 3833 1601 3896 ἑαυτῶν,
1640 3834 1832 3902 συλλη-

267 3918 472 3987 φθῆναι
502 3921 628 3981 τοὺς
660 3920 870 3981 πάντας
924 3922 1180 3973 ἐκέλευσε
1201 3962 1214 3985 ,
1272 3927 1363 3975 καὶ
1412 3924 1664 3987 δεθέντας
1695 3928 1829 3977 καθα

262 4009 575 4080 σιρχθῆναι.
636 4011 772 4065 Καθ’
838 3996 1029 4065 ἑαυτὸν
1076 4012 1130 4064 δὲ
1176 4016 1484 4080 γενόμενος,
1536 4018 1831 4068 ἐσκέπτετο

262 4100 389 4161 πῶς
420 4099 485 4153 ἂν
518 4101 757 4153 διάθοιτο
785 4104 883 4172 τὴν
914 4104 1055 4156 κατὰ
1087 4104 1193 4154 τῶν
1217 4104 1387 4169 ἁγίων
1414 4104 1709 4169 ἀπώλειαν,
1737 4107 1829 4158 καὶ

263 4189 345 4262 μὴ
378 4189 640 4258 σύγχυσίς
665 4206 747 4251 τις
784 4195 1007 4260 γένηται
1036 4194 1237 4263 ἢπαρὲι
1272 4194 1673 4264 συμπολιτὼνῆ
1701 4212 1829 4263 συγ-

261 4282 438 4348 γενῶν
465 4281 666 4334 αὐτῶν.
704 4282 1037 4351 Ἐξαιρέτως
1066 4285 1120 4336 δὲ
1152 4284 1343 4336 ἐδεδίει
1392 4286 1483 4335 τὸν
1532 4287 1685 4350 ἆγιον
1728 4286 1831 4339 Εὑ-

264 4370 525 4439 στράτιον
559 4370 633 4439 μή
668 4387 799 4422 ποτε
847 4369 999 4433 αὖθις
1044 4372 1150 4423 τῶν
1182 4372 1435 4441 βασάνων
1468 4373 1617 4443 αὑτῷ
1658 4388 1829 4442 προσ.

262 4463 552 4532 αγομένων
583 4464 785 4530 ὁμοίως
820 4463 1289 4536 θαυματουργήσῃ
1319 4483 1407 4530 τι,
1453 4466 1546 4517 καὶ
1574 4466 1634 4518 οὐ
1668 4468 1827 4535 μόνον

1953 633 2083 673 ense
2132 635 2264 673 vero
2318 634 2565 689 privetur
2610 624 2855 692 utrisque
2888 628 3161 694 manibus,
3212 642 3267 685 et
3317 634 3526 691 baculis

1950 710 2368 779 confringantur
2401 713 2519 782 ejus
2561 714 2725 778 tibia,
2762 726 2820 770 ut
2858 718 2911 771 in
2950 734 3051 773 nos
3088 736 3145 775 se
3187 738 3363 792 gerat-
3390 739 3524 781 tem-

1948 801 2248 867 peruntius.
2297 798 2392 853 llis
2435 813 2616 857 autem
2666 804 2845 870 factis,
2880 807 2994 875 ipse
3025 824 3246 879 quoque
3294 817 3519 872 tradidit

1949 891 2225 959 Spiritum.

2022 983 2203 1037 XVIII.
2237 984 2358 1039 Haec
2393 1002 2514 1039 cum
2550 987 2769 1043 fecisset
2803 990 2914 1044 dux
2946 993 3267 1061 sceleratus,
3299 998 3429 1052 exiit
3460 1000 3511 1054 in

1946 1089 2223 1143 campum,
2275 1087 2332 1130 ut
2362 1092 2643 1133 exerceret
2682 1084 3005 1137 exercitum.
3043 1085 3176 1139 Cum
3212 1095 3514 1147 autetn‘re-

1946 1180 2324 1231 cernerentur,
2357 1171 2731 1239 unusquisque
2755 1176 3060 1231 ostentabat
3086 1192 3239 1231 suam
3268 1181 3321 1233 in
3345 1185 3512 1236 armis

1943 1264 2360 1327 experientiam,
2411 1263 2549 1318 duce
2606 1268 3051 1334 contemplantc;
3110 1272 3329 1339 quidam
3386 1290 3515 1329 vero

1943 1352 2162 1406 Orestes
2194 1356 2432 1417 nomine,
2464 1356 2544 1407 vir
2573 1372 2839 1425 procerus
2866 1368 2919 1411 ct
2949 1360 3128 1414 forma
3160 1364 3416 1429 decorus,
3447 1369 3511 1421 ad

1944 1459 2141 1497 nomen
2193 1455 2417 1497 vocatus
2464 1455 2519 1499 et
2566 1448 2849 1514 ordinem,
2904 1450 3077 1506 astitut
3131 1453 3320 1523 Lysia).
3373 1457 3507 1511 Cum

1940 1534 2130 1605 Lysias
2178 1549 2361 1591 autem
2410 1540 2528 1607 ejus
2579 1540 2855 1595 laudasset
2908 1548 3173 1611 speciem,
3217 1559 3272 1601 et
3322 1565 3506 1603 verum

1941 1629 2263 1695 appellasset
2306 1630 2556 1693 militem,
2590 1632 2755 1699 jussit
2798 1633 2966 1697 pilum
3002 1646 3258 1703 torquere
3292 1642 3356 1692 ad
3390 1656 3511 1695 sco.

1942 1734 2089 1785 pum.
2120 1720 2254 1772 Cum
2285 1720 2329 1773 is
2357 1738 2487 1775 vero
2518 1738 2735 1776 manum
2773 1724 3082 1788 direxisset,
3109 1739 3161 1781 et
3194 1744 3344 1784 arma
3378 1749 3508 1787 cun-

1941 1813 2230 1874 cussisset,
2282 1828 2402 1881 qua:
2449 1814 2517 1867 ab
2563 1830 2629 1868 eo
2678 1818 2731 1869 in
2780 1827 2997 1885 pectore
3053 1822 3329 1876 ferebatur
3376 1841 3505 1878 crux

1943 1921 2130 1969 aurea,
2164 1921 2193 1959 e
2228 1918 2379 1961 veste
2412 1908 2528 1975 ejus
2577 1923 2826 1971 excussa,
2858 1914 3197 1968 extrinsecus
3231 1923 3505 1985 apparuit,

1944 1998 2017 2051 ita
2049 2008 2106 2050 ut
2135 2013 2327 2051 omnes
2369 2014 2487 2052 eam
2523 2012 2835 2061 cernerent.
2866 2014 2923 2058 et
2952 2020 3066 2073 ipse
3096 2007 3259 2060 etiam
3295 2008 3399 2077 Lys
3422 2025 3501 2063 as.

1944 2086 2137 2141 Statim
2184 2101 2363 2141 autem
2404 2090 2691 2152 adductus,
2748 2096 2900 2147 stetit
2951 2112 3115 2165 prope
3167 2099 3411 2153 ducem:
3449 2114 3503 2155 ct

1942 2194 2066 2231 cum
2101 2196 2263 2232 manu
2294 2196 2514 2235 crucem
2546 2184 2845 2252 accepisset
2877 2185 3079 2255 Lysias.
3109 2194 3317 2259 rogavit
3348 2194 3509 2261 quid-

1941 2286 2064 2324 nam
2102 2271 2203 2324 hoc
2229 2281 2374 2326 esset
2413 2290 2426 2325 :
2479 2274 2739 2343 Nunquid
2773 2285 2825 2329 tu
2855 2293 3074 2347 quoque
3101 2296 3179 2344 es,
3211 2282 3407 2350 inquit,
3441 2299 3510 2337 ex

1940 2363 2007 2416 iis
2049 2365 2141 2431 qui
2190 2378 2317 2417 sunt
2362 2368 2599 2433 partium
2650 2368 2954 2423 Cruciftxi?
2990 2371 3087 2425 llle
3139 2389 3267 2427 vero
3317 2376 3503 2429 dixit:

1941 2454 2071 2509 Sum
2104 2471 2296 2510 servus
2330 2458 2580 2512 cruciﬁxi
2617 2461 2827 2515 Domini
2859 2465 2963 2515 mei
2992 2465 3109 2529 Dei,
3136 2477 3191 2520 et
3220 2468 3322 2520 hoc
3350 2480 3504 2537 gesto

1940 2549 2235 2603 amuletum
2290 2550 2357 2604 ad
2407 2553 2588 2605 omnia
2646 2555 2784 2608 mala
2832 2560 3146 2622 avertenda,
3198 2576 3319 2627 qua:
3371 2564 3505 2616 milii

1939 2641 2220 2709 ingruunt.
2258 2643 2371 2697 Dux
2411 2644 2550 2697 dixit
2584 2663 2595 2698 :
2633 2645 2731 2699 llic
2764 2663 2983 2716 quoque
3031 2654 3282 2720 egregius
3327 2656 3505 2721 miles,

1935 2733 2151 2785 vinctus
2182 2748 2304 2786 cum
2348 2733 2439 2786 illo
2479 2734 2737 2788 carnifice
2782 2735 3078 2803 Eustratio,
3142 2738 3201 2793 fit
3231 2743 3280 2794 ei
3326 2756 3509 2795 comes

1938 2822 1991 2875 in
2035 2823 2139 2881 via,
2175 2836 2298 2874 cum
2336 2833 2641 2890 Opportune
2670 2825 2739 2877 sit
2768 2826 2834 2878 de
2866 2826 2947 2879 eis
2984 2828 3230 2882 habenda
3276 2832 3505 2898 qumstio

1938 2914 1991 2967 in
2036 2914 2258 2968 civitate
2296 2915 2693 2984 Nicepolitana.
2727 2916 2864 2971 Cum
2898 2919 3135 2973 venisset
3176 2933 3358 2975 autetn
3406 2923 3507 2993 Ly-

1936 3006 2045 3058 sias
2072 3007 2126 3059 in
2157 3007 2433 3059 civitatem
2471 3008 2927 3074 Nicopolitanam,
2966 3026 3157 3079 magna
3206 3015 3501 3069 multitudo

1934 3097 2163 3165 legionis
2215 3097 2483 3160 militum,
2532 3115 2652 3167 qua:
2698 3108 2815 3152 erat
2864 3101 2918 3154 in
2973 3101 3215 3162 civitate,
3272 3105 3337 3157 ad
3378 3122 3501 3158 cum

1936 3200 2307 3253 accesserunt,
2335 3199 2389 3242 et
2416 3205 2603 3244 omnes
2632 3206 2736 3244 una
2772 3206 2903 3244 voce
2936 3192 3244 3247 clamabant
3275 3212 3286 3247 :
3322 3194 3502 3262 Lysia,

1939 3295 2039 3332 nos
2097 3295 2313 3348 quoque
2370 3296 2562 3334 sumus
2619 3281 2818 3336 milites
2876 3281 3091 3335 Domini
3148 3284 3321 3338 nostri
3372 3290 3498 3339 ἐνδυ

1936 3369 2175 3436 Christi;
2209 3370 2291 3424 fac
2325 3372 2468 3439 quod
2507 3372 2661 3425 velis.
2701 3372 2795 3425 Ille
2837 3388 2965 3425 vero
3006 3375 3241 3440 primum
3279 3378 3498 3444 quidem

1937 3458 2038 3511 fuit
2113 3463 2563 3528 obstupelactus,
2620 3466 2814 3516 timens
2866 3479 2933 3515 ne
2969 3466 3171 3531 aliquid
3225 3468 3501 3519 novi-cd-

1938 3566 2128 3603 versus
2159 3567 2285 3602 eum
2335 3554 2681 3606 innovarent.
2722 3553 2927 3606 Deinde
2960 3570 3085 3607 cum
3131 3557 3493 3624 cognoviSset,

1936 3643 2080 3710 quod
2119 3643 2259 3695 sicut
2291 3658 2421 3696 oves
2454 3645 2662 3711 Scipsos
2712 3646 3076 3707 tradiderunt,
3108 3647 3303 3701 solutis
3345 3651 3497 3701 zonis

1935 3740 2068 3795 suis,
2104 3734 2267 3802 jussit
2315 3735 2460 3803 ipsos
2500 3736 2913 3803 comprehendi,
2949 3747 3001 3790 et
3053 3738 3261 3792 \illClOS
3301 3742 3496 3809 conici

1934 3825 1986 3876 in
2020 3838 2294 3877 carcerem
2322 3841 2334 3875 :
2359 3825 2498 3892 apud
2532 3840 2587 3878 se
2616 3835 2795 3878 autem
2828 3827 3207 3880 considerabat
3238 3832 3499 3899 quemad-

1934 3914 2154 3967 modum
2214 3919 2267 3967 in
2306 3917 2507 3968 sanctis
2549 3916 2841 3983 perdendis
2900 3932 2956 3970 se
3007 3930 3240 3986 gereret,
3296 3932 3350 3973 et
3391 3938 3497 3973 non

1931 4016 2076 4059 esset
2099 4021 2126 4057 a
2154 4006 2572 4074 Nic0politanis,
2607 4018 2703 4059 aut
2730 4010 2796 4062 ab
2826 4024 3016 4062 eorum
3047 4014 3291 4079 cognatis
3315 4014 3495 4080 aliqua

1898 4096 2201 4147 'confusm.
2228 4097 2506 4162 l’razcipue
2535 4109 2716 4149 autem
2743 4098 2964 4150 timebat
2993 4110 3241 4153 sanctum
3274 4101 3497 4154 EuStra-

1931 4188 2088 4245 tium,
2123 4202 2189 4239 ne
2223 4188 2265 4238 si
2298 4202 2489 4240 rursus
2517 4188 2565 4240 ei
2600 4188 2937 4242 inferrentur
2967 4199 3257 4255 tormenta,
3289 4193 3497 4247 faceret

1928 4277 2177 4331 similiter
2210 4279 2429 4346 aliquod
2466 4280 2789 4333 miraculum
2825 4299 2836 4332 :
2866 4293 2920 4335 et
2950 4298 3058 4336 non
3094 4284 3272 4337 solum
3304 4284 3356 4338 in
3387 4286 3490 4339 fide

1929 4370 2276 4423 confirmaret
2302 4386 2416 4435 eos,
2442 4374 2534 4440 qui
2563 4375 2671 4441 jam
2700 4384 2856 4426 erant
2886 4374 3204 4441 Christiani,
3234 4376 3329 4429 sed
3363 4392 3493 4447 gen-

1932 4464 2051 4517 tiles
2113 4479 2329 4532 quoque
2392 4464 2703 4517 traduceret
2754 4480 2781 4517 a
2836 4465 2984 4518 cultu
3048 4468 3488 4523 simulacrorum.

255 4557 385 4617 τοὺς
418 4554 516 4623 ἠδη
550 4554 913 4622 Χριστιανοὺς
951 4556 1183 4624 στηρίζῃ
1223 4560 1299 4613 εἰς
1326 4555 1422 4624 τὴν
1453 4556 1655 4619 πίστιν,
1685 4556 1821 4608 ἀλλὰ
1855 4549 1897 4603 ι)
1928 4554 2110 4607 Visum
2152 4565 2231 4607 est
2265 4570 2313 4606 et

1928 4554 2110 4607 Visum
2152 4565 2231 4607 est
2265 4570 2393 4621 ergo
2440 4555 2510 4619 ei,
2549 4570 2672 4607 cum
2722 4571 2883 4609 mane
2907 4558 3266 4620 surrexiSSet,
3308 4569 3487 4613 trans-

260 4648 521 4706 καὶτοὺς
579 4645 846 4711 Ἕλληνας
900 4662 1217 4715 μεταστηση
1268 4646 1368 4714 τῆς
1432 4649 1541 4699 τών
1592 4649 1824 4702 εἰδώλων

257 4738 579 4807 θρησκείας.
616 4736 838 4801 Ἐδοξεν
899 4734 991 4789 οὗν
1058 4737 1206 4806 αὑτῷ
1238 4742 1314 4806 τῇ
1354 4736 1477 4805 ἑξῆς
1528 4741 1823 4793 ἀνασ.άντι

256 4833 521 4902 πρωϊθεν,
558 4832 925 4902 παραπέμψαι
958 4834 1015 4883 ὲν
1046 4836 1109 4901 τῇ
1156 4832 1511 4901 Σεῢαστηνών
1552 4832 1704 4884 πόλει
1744 4832 1820 4901 τῷ

270 4925 618 4995 Ἀγρικολάῳ
664 4927 755 4977 τὸν
800 4924 955 4991 ἄτιον
1006 4925 1343 4991 Εὑστράτιον
1393 4927 1485 4976 καὶ
1534 4924 1624 4977 τὸν
1668 4926 1827 4991 ἅγιον

270 5024 560 5091 Ὀρέστην.
590 5021 699 5073 Καὶ
744 5021 808 5090 δὴ
854 5022 1067 5091 ἡμέρας
1101 5020 1423 5089 γενομένης,
1461 5019 1620 5071 τοῦτο
1698 5016 1995 5089 προσέταξε
2051 5017 2342 5083 γενέσθαι,
2403 5016 2620 5085 γράψας

268 5114 635 5183 Ἀγριχο).άῳ,
672 5115 1042 5183 περιέχουσαν
1074 5112 1215 5165 οὕτω
1243 5129 1254 5141 ·

332 5205 433 5275 ιΘ’.
470 5226 487 5257 ι
514 5206 604 5275 Τῷ
630 5206 1206 5277 μεγαλοπρεπεστάτῳ
1236 5208 1461 5276 ἡγεμόνι
1482 5206 1820 5275 Ἀγρικολάιει

253 5300 465 5360 Λυσίας
497 5300 643 5363 δούξ.
681 5299 772 5351 Ἐν
798 5299 945 5370 πάσῃ
977 5302 1039 5369 τῇ
1070 5299 1161 5366 ὑφ’
1192 5299 1340 5367 ἥλιον
1369 5301 1423 5349 ἐν
1448 5298 1623 5350 οὐδενὶ
1649 5297 1819 5366 ἑτέρῳ

253 5390 649 5460 ἀκριϐέστερον
678 5392 753 5444 τὰ
785 5389 887 5459 τῆς
921 5389 1249 5459 οἰκουμένης
1299 5391 1584 5459 ἀπόρρητα
1611 5389 1819 5457 διερευ-

256 5486 454 5538 νᾶσθαι
482 5483 556 5547 ὡς
579 5485 639 5535 ὲν
671 5486 756 5536 σοὶ
789 5482 989 5546 ειδότες
1008 5484 1057 5535 οἱ
1078 5478 1348 5535 Ὁειύτατοι
1373 5481 1527 5550 ἡμῶν
1554 5479 1815 5549 βασιλεῖς,

254 5579 359 5645 τὴν
384 5578 481 5643 τῆς
517 5577 690 5646 ἀρχῆς
721 5576 968 5641 ἐξουσίαν
1017 5573 1333 5627 δεδώκασιν.
1370 5575 1544 5625 Ἱσασι
1575 5574 1683 5642 γὰρ
1722 5590 1815 5623 σα-

258 5668 380 5737 φῶς
410 5666 668 5718 δύνασθαι
700 5666 851 5733 παρὰ
908 5664 993 5717 σοὶ
1042 5664 1135 5716 καὶ
1187 5668 1283 5723 τὰς
1316 5660 1515 5722 νύκτας
1577 5676 1664 5711 ισα
1700 5662 1817 5721 ταῖς

258 5758 495 5829 ἡμέραις
524 5760 600 5820 al;
628 5761 726 5828 τὴν
770 5758 876 5809 τῶν
916 5757 1192 5826 δημοσίων
1224 5755 1568 5823 πραγμάτων
1595 5753 1815 5819 ἀντίλη-

255 5855 352 5923 ψιν
394 5853 725 5907 ἀναλίσκειν.
773 5852 1083 5922 Ἐδάμσσαν
1140 5850 1248 5918 γὰρ
1309 5848 1430 5908 τοὺς
1483 5845 1815 5914 ἀκοιμήτους

1938 4647 2152 4697 mittere
2206 4646 2269 4697 ad
2294 4646 2631 4713 Agrit-oiaum
2662 4648 2712 4697 in
2740 4649 3015 4699 civitatein
3043 4648 3489 4713 Sebastcnorum,

1926 4755 2169 4793 sanctum
2224 4741 2553 4793 Eustratium
2617 4752 2672 4794 et
2722 4752 2969 4795 sanetum
3021 4744 3290 4797 Or.-stem.
3349 4745 3485 4797 Cotti

1924 4842 2067 4885 esset
2099 4835 2279 4897 itaque
2303 4831 2437 4895 dies,
2470 4832 2749 4898 jussithoe
2778 4832 2821 4882 Ιίη
2846 4831 2915 4894 ri,
2944 4832 3215 4899 publ.cam
3242 4836 3489 4888 scribens

1928 4922 2211 4989 epistolam
2243 4922 2309 4973 ad
2341 4922 2682 4989 Agricolaum
2718 4922 2822 4975 hoc
2853 4925 3017 4975 modo
3050 4941 3064 4978 :

2712 5018 3002 5085 ἐπιστολὴν
3081 5016 3317 5089 δημοσίᾳ.

3413 5036 3492 5090 ἰφ

2000 5198 2141 5252 XIX.
2180 5219 2196 5250 ι
2235 5196 2764 5265 Magniﬁcentissimo
2797 5194 3085 5264 Agricolae
3117 5194 3440 5267 duxLysias
3472 5213 3485 5249 :

1926 5294 2063 5347 Cum
2104 5291 2160 5344 in
2190 5294 2438 5342 universa
2469 5297 2631 5346 terra.
2660 5302 2779 5355 quae
2808 5297 2890 5339 est
2920 5288 3021 5341 sub
3044 5289 3179 5349 sale,
3215 5288 3487 5340 neminem

1926 5397 2151 5437 nossent
2184 5380 2510 5434 divinissimi
2550 5379 2718 5431 nostri
2763 5378 3141 5445 imperatores,
3169 5376 3261 5444 qui
3296 5379 3486 5429 melin.

1925 5476 2156 5529 scrutari
2194 5484 2377 5541 pOSset
2420 5486 2614 5525 arcana
2658 5470 2808 5523 orbis
2846 5479 3025 5531 terra,
3062 5468 3311 5537 regenda
3359 5485 3485 5536 prt-

1925 5567 2115 5620 vincia:
2185 5566 2283 5617 tibi
2344 5563 2609 5615 dederunt
2672 5569 3015 5630 potestatem.
3070 5560 3271 5628 Aperte
3339 5576 3404 5611 en
3434 5577 3482 5610 ιιι

1924 5656 2123 5724 suum,
2150 5669 2198 5711 te
2223 5672 2379 5726 posse
2407 5665 2613 5716 noctes,
2654 5654 2794 5707 sicut
2822 5652 2959 5716 dies,
2992 5650 3060 5705 ad
3095 5647 3481 5717 rempublicam

1925 5752 2321 5806 defendendam
2363 5762 2705 5801 consumere.
2744 5747 2873 5811 Quae
2909 5744 3149 5797 dormire
3204 5758 3311 5796 non
3363 5758 3479 5810 pos-

1926 5852 2050 5898 sunt
2099 5841 2280 5910 itaque
2317 5838 2503 5896 stellas
2540 5839 2691 5905 prius
2729 5848 2954 5890 somnus
2991 5831 3285 5894 domuerit,
3320 5844 3480 5899 quam
