4260 6430
784 426 887 486 487

2019 423 2304 485 MENSIS
2346 419 2782 487 DECEMBER.

3915 423 4037 486 ιεε

785 549 910 590 tuos
931 532 1120 589 oculos
1143 529 1391 600 sopierit,
1416 531 1598 587 donec
1619 530 1878 588 etl‘ectum
1908 533 2074 589 fuerit
2106 534 2185 600 id,
2211 533 2355 604 quod
2385 546 2432 594 Α
2461 553 2467 586 ι

2385 546 2432 594 Α
2461 534 2698 606 ἀστέρας
2725 538 2774 589 οἱ
2802 535 2980 603 ὕπνοι,
3038 536 3071 608 ἢ
3106 537 3176 591 τὰ
3216 537 3284 591 σά
3308 538 3536 609 ὄμματα
3564 535 3872 609 ἔξιοίμισαν,
3901 539 4039 609 πρὶν

783 628 974 685 studes
1034 625 1101 680 ad
1159 625 1450 680 utilitatem
1512 626 1918 692 universorum.
1968 636 2027 683 et
2078 635 2139 682 ut
2185 627 2356 682 semel

784 723 987 785 dicam,
1007 733 1131 773 cum
1153 718 1296 789 apud
1323 728 1374 773 te
1394 718 1574 774 solum
1594 735 1862 775 summam
1888 721 2068 777 inesse
2088 721 2358 776 vidissent

789 826 1227 882 unamquamque
1272 818 1505 880 partem,
1555 812 1755 867 merito
1792 813 1975 884 hujus,
2012 827 2175 882 quam
2212 827 2361 868 nunc

778 905 1024 967 obtines,
1059 901 1569 966 administrationis,
1599 919 1723 972 qua:
1754 904 1892 958 nihil
1953 906 2118 960 habet
2168 917 2358 961 conte-

791 995 1129 1058 mnendum,
1169 993 1487 1062 dignitatem
1518 995 1904 1063 permiserunt.
1955 995 2220 1062 Quocirca
2263 1012 2364 1066 ego

786 1102 1006 1156 quoque
1047 1088 1204 1141 testis
1256 1097 1362 1139 tam
1401 1087 1732 1152 multarum,
1783 1104 1904 1158 qua:
1955 1093 2009 1142 in
2059 1099 2110 1144 te
2148 1089 2357 1152 insunt,

791 1191 972 1230 rerum
1010 1177 1354 1245 praestantiae,
1387 1174 1535 1241 hunc
1571 1176 1637 1229 ad
1686 1187 1736 1231 te
1769 1179 2008 1230 vinctum
2055 1180 2210 1232 mitto
2255 1179 2363 1230 Eu-

801 1268 1200 1336 stratium,qui
1239 1283 1429 1321 eorum
1477 1269 1570 1336 qui
1619 1269 1878 1323 dicuntur
1927 1269 2365 1325 Christianorum

793 1373 986 1427 magno
1019 1360 1214 1411 morbo
1249 1357 1456 1410 laborat
1489 1375 1502 1411 :
1538 1357 1774 1411 maxime
1823 1373 1948 1412 cum
1986 1359 2120 1413 nihil
2159 1361 2360 1428 possim

793 1451 1065 1514 invenire,
1114 1449 1258 1518 quod
1308 1448 1539 1502 sufﬁciat
1580 1449 1646 1503 ad
1734 1453 2094 1505 avertendum
2140 1452 2367 1505 audacia

794 1543 914 1610 ejus
950 1550 1146 1609 ecepta.
1178 1540 1271 1593 sed
1301 1543 1404 1594 etsi
1433 1541 1573 1610 ejus,
1604 1557 1725 1611 quae
1761 1542 1894 1594 mihi
1936 1545 2129 1604 servit,
2165 1544 2368 1597 militiae

797 1635 1061 1687 honorem
1107 1640 1252 1685 esset
1291 1643 1597 1697 assecutus,
1649 1635 1838 1703 majori
1893 1634 2148 1702 superbia
2184 1635 2369 1689 animo

794 1736 1028 1785 erectus,
1057 1723 1221 1778 desi;t
1246 1725 1298 1777 in
1328 1725 1733 1778 contumeliam.
1769 1725 1924 1790 Quod
1956 1727 2000 1779 si
2031 1725 2363 1780 intrtitarem

2461 627 2495 699 ἢ
2545 629 2608 682 τὺ
2653 629 3075 700 φροντιζόμενόν
3108 646 3191 683 σοι
3229 629 3325 684 ἐπὶ
3377 629 3681 701 λυσιτελείᾳ
3726 630 3818 684 τοῦ
3850 628 4041 684 κοινοῦ

2461 719 2862 793 ἔπιτελεσθείη,
2890 722 2987 775 καὶ
3017 721 3205 785 άπλῶς
3233 721 3467 775 ἔκαστον
3499 722 3704 795 ἀρετῆς
3727 723 4042 792 ἀκρότατον

2465 811 2628 882 μέρος
2650 813 2801 882 παρὰ
2837 815 2919 865 σοὶ
2954 814 3100 884 μόνῳ
3135 814 3463 884 ἑωρακότες,
3498 813 4042 884 είκότως,τῆςπαρὰ

2464 904 2558 956 σοῦ
2609 904 2702 956 νῦν
2734 904 3055 976 ίθυνομένης
3112 906 3289 976 ἀρχῆς
3347 905 3500 959 οὐδὲν
3558 906 4039 975 εὐκαταφρόνητον

2465 994 2713 1066 ἐχούσης,
2732 996 2830 1065 τὴν
2855 997 3106 1061 ἐξουσίαν
3136 998 3462 1067 ἑπέτρεψαν.
3492 999 3585 1050 Διδ
3616 997 3793 1064 κάγὼ,
3819 999 4035 1066 μάρτυς

2463 1087 2539 1140 ὣν
2570 1087 2679 1140 τῶν
2710 1089 2969 1142 τοιούτων
2999 1106 3093 1141 σου
3129 1090 3646 1158 πλεονεκτημάτων,
3700 1089 4037 1158 Εὑστράτιον

2465 1180 2658 1232 τοῦτον
2711 1182 2979 1251 πέπομφα
3010 1198 3091 1233 σοι
3125 1182 3367 1252 δέσμιον,
3396 1180 3577 1250 πολλῷ
3607 1182 3876 1252 νοσήματι
3924 1179 4038 1232 τῶν

2465 1268 2776 1339 λεγομένων
2823 1270 3173 1338 Χριστιανῶν
3219 1271 3657 1340 κεκρατημένον,
3690 1269 3771 1337 τῷ
3800 1268 4040 1336 μάλιστα

2468 1364 2764 1432 εὑρηκέναι
2797 1363 2949 1415 οὐδὲν
3012 1362 3283 1433 αὔταρκες
3310 1366 3377 1434 τῇ
3440 1364 3654 1432 πονηρᾴ
3683 1359 3848 1413 αὑτοῦ
3875 1359 4040 1426 φύσει

2471 1455 2607 1524 πρὸς
2639 1453 2962 1524 ἀποτροπὴν
2989 1456 3086 1507 τοῦ
3119 1457 3323 1508 ἀτόπου
3355 1456 3727 1526 τολμήματος,
3760 1452 3899 1506 ἀλλὰ
3930 1455 4037 1505 κέν

2469 1549 2757 1615 στρατείας
2787 1548 2886 1615 τῆς
2914 1546 3420 1618 ἐξυπηρετουμένης
3454 1563 3544 1615 μοι
3594 1546 3687 1597 καὶ
3715 1546 3880 1613 τιμῆς
3912 1543 4042 1595 ἔτυο

2468 1655 2583 1707 χεν,
2620 1639 2892 1709 ὑπεροψίᾳ
2923 1640 3131 1708 μείζονι
3163 1640 3261 1707 τὴν
3282 1638 3508 1706 γνώμην
3531 1636 3742 1707 ἀρθεὶς,
3776 1639 3854 1698 εἰς
3879 1634 4042 1704 ὓϐρν

2468 1731 2722 1796 ἐξέπεσε·
2751 1730 2855 1783 κᾶν
2886 1731 3048 1799 φόϐον
3076 1731 3131 1784 δὲ
3159 1731 3407 1800 ἦλπισεν,
3437 1729 3669 1799 ἀπονοίᾳ
3711 1730 3868 1781 πάλιν
3894 1745 4042 1794 παρ-

796 1826 1041 1877 metnut,
1088 1831 1183 1869 sua
1233 1818 1545 1883 arrogantia
1595 1817 2027 1887 circumscripsit
2077 1817 2367 1884 futurum,
2401 1831 2478 1886 BI

2357 1859 2367 1883 .
2401 1831 2444 1886 Β
2472 1824 2748 1893 εγράψατο
2787 1823 2847 1876 τὸ
2901 1824 3114 1892 μέλλον,
3168 1825 3266 1893 τὴν
3314 1814 3598 1892 παροῦσαν
3630 1821 3807 1891 ὁρμὴν
3838 1820 3938 1888 τῆς
3979 1821 4039 1873 έν

797 1908 904 1958 vim
952 1923 1062 1960 sua-
1107 1907 1512 1974 snperstitionis
1557 1908 1791 1961 reddens
1839 1908 2202 1976 potentiorem
2254 1925 2269 1964 :
2313 1917 2369 1963 et
2471 1933 2479 1966 ι

2340 1917 2369 1963 τι
2471 1915 2620 1983 αὑτῷ
2648 1915 3073 1985 δεισιδαιμονίας
3099 1916 3444 1986 κυριωτέραν
3480 1913 3872 1983 ποιησάμενο;’
3918 1913 4022 1965 κᾶν

798 1998 930 2050 licet
958 1998 1168 2050 videret
1207 1997 1345 2052 alios
1370 1997 1574 2051 eisdem
1605 1997 1832 2052 aﬂ'cctos
1862 2001 2165 2068 suppliciis,
2192 2015 2370 2070 neque
2474 2014 2480 2060 ἐ

2357 2018 2370 2057 3
2474 2010 2695 2082 ἑτέρους
2741 2007 2882 2064 εἶδεν
2938 2011 3032 2062 ἐπὶ
3059 2012 3170 2072 τοῖς
3220 2010 3402 2070 αὐτοῖς
3449 2008 3834 2071 κολασθέντας,
3874 2008 3934 2059 οὐ
3973 2011 4039 2076 τῇ

801 2101 1022 2157 propter
1061 2089 1258 2149 minas,
1306 2104 1426 2156 quae
1475 2091 1530 2142 in
1571 2105 1668 2144 eos
1716 2090 2163 2157 intendebantur,
2212 2107 2367 2146 suam

800 2180 1059 2246 repressit
1111 2178 1419 2242 audaciam,
1473 2182 1570 2233 sed
1624 2181 1769 2250 quod
1825 2190 2120 2244 evenerat,
2176 2183 2368 2236 existi-

798 2269 983 2321 mabat
1012 2283 1134 2322 esse
1176 2271 1357 2337 potius
1389 2271 1623 2324 fortunas
1653 2271 1934 2333 insultum,
1963 2287 2124 2342 quam
2157 2274 2368 2344 suppli-

799 2363 968 2415 cium.
1005 2360 1138 2413 Eum
1183 2376 1335 2430 ergo,
1363 2371 1417 2414 et
1451 2361 1545 2429 qui
1595 2376 1717 2415 cum
1752 2378 1819 2416 eo
1851 2373 1937 2417 est
1979 2363 2242 2428 Orestem,
2273 2366 2366 2434 qui

801 2462 886 2505 est
922 2452 1168 2519 e,usdem
1215 2453 1520 2515 sementim,
1546 2453 1614 2507 ad
1649 2462 1793 2508 tuam
1829 2453 1983 2508 mitto
2024 2455 2368 2523 sapientiam,

803 2558 1040 2612 sequens
1084 2545 1262 2596 edicta
1300 2545 1670 2611 imperatoria.
1719 2566 1736 2595 ι
1788 2544 1924 2600 Cum
1961 2547 2060 2599 has
2102 2562 2232 2616 ergo
2279 2548 2370 2603 lit-

808 2648 949 2690 teras
987 2636 1324 2705 accepissent
1364 2637 1586 2698 milites,
1615 2648 1670 2692 et
1701 2648 1919 2693 sanctos
1957 2641 2223 2694 haberent
2251 2641 2372 2694 vin-

806 2736 958 2790 ctos,
1006 2727 1149 2780 viam
1205 2730 1692 2797 persequebantur.
1745 2730 1978 2786 Sanctus
2025 2742 2207 2787 autem
2259 2731 2371 2787 Eu-

807 2821 1033 2876 stratius
1089 2812 1250 2876 simul
1305 2837 1428 2876 cum
1486 2821 1676 2876 Oreste
1714 2823 1792 2876 sic
1836 2824 2064 2877 canebat
2119 2826 2172 2876 in
2223 2825 2310 2877 via
2354 2840 2367 2876 :

816 2932 833 2963 ε
872 2913 1023 2967 Viam
1059 2913 1510 2983 justilicationum
1569 2923 1779 2967 tuarum
1817 2915 1977 2984 elegi,
2025 2916 2231 2970 instrue
2265 2929 2371 2980 me,

810 3012 866 3056 et
892 3003 1098 3057 discam
1130 3008 1380 3058 mandata
1413 3012 1505 3057 tua
1533 3007 1579 3058 '.
1624 3022 1642 3055 ε

881 3203 996 3259 XX.
1043 3206 1280 3275 lmpletis
1313 3224 1441 3263 vero
1475 3210 1752 3279 precibus,
1797 3209 1973 3264 dixit:
2011 3211 2201 3267 Frater
2234 3212 2373 3269 Ore.

814 3306 942 3354 stes.
973 3311 1132 3350 narra
1161 3300 1314 3358 mihi,
1342 3315 1446 3368 qua
1471 3301 1636 3352 animi
1664 3301 1943 3355 alacritate
1964 3315 2374 3359 consummatus

813 3389 916 3440 fuit
949 3401 1173 3442 sanctus
1223 3390 1548 3452 Auxentius,
1600 3394 1744 3446 etin
1795 3407 1904 3461 quo
1951 3394 2093 3448 loco.
2141 3395 2375 3451 Sanctus

811 3493 942 3532 vero
970 3477 1191 3534 Orestes
1226 3481 1403 3534 dixit:
1440 3483 1730 3551 Postquam
1761 3485 1868 3537 dux
1916 3487 2286 3554 pronuntiavit
2321 3491 2374 3544 in

810 3585 937 3622 eum
969 3572 1319 3635 sententiam,
1359 3579 1570 3641 rogavit
1602 3575 1821 3640 milites,
1852 3581 1944 3645 qui
1981 3593 2107 3631 eum
2139 3579 2378 3633 abduce-

814 3662 964 3723 bant,
998 3672 1055 3715 ut
1079 3664 1286 3717 veniret
1313 3665 1378 3717 ad
1414 3665 1700 3720 videndam
1737 3681 1880 3721 tuam
1922 3669 2202 3732 virtutem,
2234 3681 2289 3723 et
2321 3682 2373 3725 te

809 3754 1026 3822 juberet
1057 3755 1255 3808 valere.
1291 3755 1461 3808 Nemo
1507 3773 1634 3813 vero
1666 3775 1791 3813 eum
1838 3760 2028 3815 audire
2063 3763 2370 3832 sustinuit;

813 3854 931 3900 erat
958 3849 1104 3899 enim
1135 3858 1347 3917 tempus
1381 3849 1616 3918 prandii,
1647 3861 1701 3905 et
1754 3853 2084 3910 festinabant
2114 3857 2213 3922 illi,
2243 3874 2371 3912 ven-

815 3941 885 3995 tri
911 3943 1231 4005 servientes,
1267 3945 1490 4012 implere
1525 3947 1577 4000 id
1605 3949 1750 4017 quod
1780 3950 1862 4003 eis
1895 3950 2221 4020 imperatum
2258 3954 2378 4008 lue-

814 4045 921 4103 rat,
957 4047 1012 4091 et
1050 4036 1324 4091 duxerunt
1375 4054 1498 4092 eum
1534 4041 1587 4094 in
1628 4042 1920 4109 quamdam
1965 4045 2182 4109 vallem,
2211 4063 2376 4117 quam

812 4144 915 4183 nos
941 4144 1200 4183 vocamus
1230 4129 1502 4184 Ororiam.
1535 4132 1769 4188 Veniens
1799 4146 2003 4200 autem,
2053 4140 2106 4191 in
2146 4140 2233 4192 via
2282 4156 2374 4196 ca-

813 4220 981 4274 nebat
1003 4229 1225 4273 sanetus
1250 4220 1454 4274 :iBeati
1480 4222 1810 4278 immaculati
1839 4225 1894 4279 in
1926 4227 2034 4292 via,
2066 4227 2161 4298 qui
2185 4230 2379 4285 ambuv

815 4311 931 4366 lant
965 4312 1018 4365 in
1051 4311 1168 4381 lege
1199 4310 1484 4377 Domini‘,
1522 4332 1540 4365 ›
1576 4307 1631 4368 et
1662 4330 1833 4384 usque
1879 4317 1947 4371 ad
1989 4318 2164 4388 ipsum
2193 4321 2376 4376 locum

2471 2104 2737 2173 ἐμπειρίᾳ
2767 2103 2865 2172 τὴν
2887 2104 3098 2171 τόλμαν
3127 2103 3224 2173 τῆς
3253 2105 3313 2155 ὲν
3339 2101 3492 2170 αὗτῷ
3519 2100 3816 2171 θρησκείας
3842 2099 4038 2152 ἐκόλα-

2475 2212 2583 2247 σεν.
2625 2194 2786 2246 Ἀλλά
2821 2194 2883 2246 τὸ
2907 2194 3126 2263 συμϐὰν
3154 2194 3400 2262 ἡγήσατο
3437 2194 3606 2262 τύχης
3638 2193 3904 2260 ἔπήρειαν
3945 2207 4041 2257 γε-

2474 2285 2737 2354 γενῆσθαι
2778 2285 2998 2354 μᾶλλον,
3067 2285 3167 2336 οὐκ
3237 2285 3455 2338 ἀδικίαν
3521 2285 3615 2336 τοῦ
3651 2283 4040 2344 κολασθέντος.

2473 2375 2670 2430 Τοῦτον
2695 2377 2985 2446 δεξάμενος
3017 2378 3114 2430 καὶ
3175 2378 3265 2429 τὸν
3299 2379 3397 2429 σὺν
3454 2376 3602 2445 αὑτῷ
3641 2376 3902 2445 Ὀρέστην
3941 2375 4037 2427 τοῦ

2475 2468 2641 2520 αὑτοῦ
2675 2469 3026 2539 φρονήματος
3058 2468 3210 2530 ὄντα,
3259 2471 3324 2539 τῇ
3361 2471 3427 2537 σῇ
3462 2470 3748 2537 σοφωτάτῃ
3787 2467 4040 2534 ὑπάγαγε

2479 2563 2680 2630 κρίσει,
2720 2563 2831 2622 τοῖς
2884 2560 3183 2630 βασιλικοῖς
3221 2559 3596 2621 ἔξακολουθῶν
3647 2559 4038 2626 θεσπίσμασιν.

2479 2653 2785 2724 Ἐρῤωσο.›
2814 2655 3079 2714 Λαϐόντες
3095 2653 3274 2704 τοίνυν
3297 2652 3346 2702 οἱ
3371 2651 3703 2721 στρατιῶται
3724 2652 3794 2703 τὰ
3819 2651 4042 2704 τοιαῦτα

2476 2745 2812 2812 γράμματα,
2852 2741 3262 2810 παραλαϐόντες
3302 2741 3356 2794 δὲ
3388 2743 3478 2793 καὶ
3517 2743 3646 2804 τοὺς
3677 2741 3866 2807 ἁγίους
3895 2741 4039 2793 εεδεο

2479 2832 2695 2900 μένους,
2764 2834 2974 2900 εἴχοντο
3002 2833 3099 2902 τῆς
3129 2831 3272 2884 ὀδοῦ.
3315 2831 3374 2884 Ὀ
3412 2830 3472 2884 δὲ
3523 2831 3672 2900 ἆγιος
3707 2831 4041 2902 Εὐστράτιος

2477 2925 2595 2991 ἅμα
2620 2924 2698 2993 τῷ
2744 2925 2971 2996 Ὀρέστῃ
2998 2923 3193 2992 ἔψαλλε
3224 2924 3363 2976 κατὰ
3392 2925 3492 2994 τὴν
3521 2925 3661 2978 ὀδΰνσ
3703 2941 3722 2975 ι
3769 2924 3920 2978 Ὀδὸν
3959 2925 4040 2976 δι-

2477 3019 2809 3086 καιωμάτων
2874 3033 2968 3069 σου
3001 3019 3366 3088 ᾑρετισάμην.
3438 3017 3724 3070 Συνέτισόν
3779 3033 3871 3086 με,
3945 3016 4041 3070 καὶ

2402 3093 2445 3151 c
2481 3109 2795 3178 μαθήσομαι
2831 3109 2930 3192 τὰς
2960 3109 3178 3172 ἐντολάς
3211 3126 3329 3164 σου.
3364 3127 3385 3161 ε

2548 3200 2633 3256 κ’.
2675 3203 2785 3254 Καὶ
2817 3203 3112 3274 πληρώσας
3144 3203 3242 3274 τὴν
3289 3204 3473 3275 εὐχὴν,
3504 3204 3694 3274 ἠρώτα
3738 3205 3830 3259 τὸν
3860 3206 4042 3275 μακά·-

2480 3310 2594 3364 ριον
2628 3289 2893 3364 Ὀρέστην
2940 3293 3146 3363 λέγων’
3201 3293 3423 3361 ’Δδελφὶ
3469 3296 3734 3367 Ὀρέστα,
3777 3297 4041 3367 διήγησαι

2483 3401 2570 3454 μοι
2596 3387 2654 3437 ἔν
2678 3384 2808 3456 ποία
2838 3387 3118 3456 προθυμία
3152 3371 3446 3456 ἐτελειώθη
3481 3390 3508 3440 ὁ
3530 3391 3684 3454 ἅγιος
3709 3388 4032 3453 Αὐξέντιος,

2477 3478 2573 3530 καὶ
2607 3479 2666 3531 ὲν
2730 3478 2870 3546 ποίῳ
2899 3479 3071 3549 τόπῳ.
3116 3475 3177 3533 Ὀ
3239 3479 3297 3532 δὲ
3339 3481 3494 3548 ἅγιος
3533 3481 3790 3550 Ὀρέστης
3846 3476 4042 3534 εἷπεν*

2477 3567 2634 3621 Μετὰ
2657 3568 2717 3620 τὺ
2747 3569 3133 3639 ἀποφήνασθαι
3158 3569 3250 3620 τὸν
3277 3567 3447 3621 δοῡκα
3479 3571 3601 3622 κατ’
3634 3570 3823 3636 αὐτοῦ,
3867 3570 4044 3624 πολλὰ

2480 3661 2824 3729 παρεκάλεσε
2855 3665 2985 3724 τοὺς
3002 3663 3322 3729 ἀπάγοντας
3354 3661 3520 3714 αὐτὸν
3565 3663 3927 3731 στρατιώτας,
3955 3665 4043 3717 ἵνα

2477 3752 2648 3806 ἐλθὼν
2676 3754 2761 3824 ῐδῃ
2795 3755 2895 3822 τὴν
2937 3738 3036 3824 σὴν
3068 3755 3271 3825 ἀρετὴν
3303 3759 3395 3807 καὶ
3431 3755 3758 3826 συντάξηταί
3795 3773 3899 3809 σοι.
3936 3759 4046 3810 Καὶ

2478 3844 2655 3906 οὐδεὶς
2720 3845 2980 3914 ἠνέσχετο
3038 3845 3270 3898 ἀκοῦσαι
3307 3846 3497 3910 αὑτοῦ,
3575 3849 3604 3915 ἢ
3680 3852 4042 3920 συγχωρῆσαι

2478 3935 2638 3987 τοῦτο
2697 3936 2922 4005 πρᾶξαι.
2955 3936 3102 3989 ⁹Δλλ’
3133 3936 3322 4009 ἐπειδὴ
3368 3938 3486 4008 ὦρα
3535 3934 3604 4008 ἦν
3657 3939 3751 3992 τοῦ
3812 3942 4039 4008 ἀρίστου

2480 4027 2744 4082 ἔσπευδον
2776 4030 2825 4080 οί
2857 4029 3206 4083 κοιλιόδουλοι
3241 4032 3529 4101 πληρῶσαι
3589 4032 3649 4084 τὸ
3679 4032 4042 4104 προσταχθέν.

2479 4120 2592 4173 Καὶ
2622 4120 2782 4182 εὐθὺς
2806 4122 3014 4193 ἧταγον
3043 4123 3206 4175 αὐτὸν
3231 4125 3311 4186 είς
3331 4123 3431 4194 τὴν
3460 4123 3743 4194 φάραγγα,
3779 4126 3847 4196 ην
3879 4129 4041 4196 ἡμεῖς

2479 4209 2753 4281 καλοῦμεν
2795 4212 3112 4282 ὀρὼρειαν.
3163 4215 3485 4284 Ἐρχόμενος
3518 4215 3576 4266 δὲ
3620 4218 3648 4267 ὀ
3695 4217 3855 4282 ἇγιος
3903 4218 4047 4271 κατὰ

2479 4304 2579 4374 τὴν
2607 4305 2726 4357 ὁδὸν
2757 4304 2952 4374 ἔψαλλε
2971 4321 2984 4337 ·
3023 4324 3043 4356 ε
3079 4305 3362 4376 Μακάριοι
3392 4307 3441 4359 oi
3470 4309 3699 4375 ἄμωμοι
3731 4309 3788 4362 ἑν
3815 4308 3942 4378 ὁδῷ,
3983 4312 4033 4362 ei

817 4401 1061 4469 implevit
1078 4403 1365 4470 psalmum,
1391 4413 1444 4456 et
1469 4403 1619 4458 ﬂexis
1639 4407 1870 4474 genibus
1895 4408 2158 4466 intensius
2179 4413 2374 4466 oravit.
2406 4422 2458 4481 ι)
2482 4415 2499 4448 ’³

2363 4445 2374 4464 _
2406 4422 2458 4481 υ
2482 4397 2846 4466 πορευόμενοι
2872 4398 2928 4448 ὲν
2958 4396 3109 4467 νόμῳ
3133 4397 3364 4467 Κυρίου.
3403 4415 3422 4448 ι
3467 4398 3582 4450 Καὶ
3611 4397 3718 4460 ἔως
3746 4399 3916 4452 αὑτοῦ
3948 4400 4045 4454 τοῦ

813 4489 952 4545 Cum
982 4505 1176 4545 manus
1203 4507 1337 4546 vero
1380 4494 1711 4561 sustulisset,
1739 4498 1949 4567 accepit
1973 4509 2227 4570 tanquam
2274 4504 2378 4557 ob-

815 4583 1102 4646 lationem,
1127 4591 1184 4637 et
1213 4584 1350 4637 dixit
1375 4585 1598 4650 -Amen,
1632 4597 1689 4642 et
1718 4605 1841 4643 cum
1876 4592 2375 4661 circumspexisset,

816 4673 956 4728 vidit
984 4690 1074 4729 me
1104 4690 1272 4744 pr0pe
1299 4692 1424 4730 eum
1455 4687 1711 4742 stantem,
1739 4691 1792 4735 et
1821 4697 1944 4736 cum
1987 4698 2073 4738 me
2100 4697 2369 4753 vocasset,

818 4765 956 4818 dixit
985 4765 1119 4818 mihi
1149 4765 1351 4819 acriter
1376 4783 1389 4819 :
1420 4766 1612 4824 Frater
1638 4769 1877 4836 Orestes,
1906 4773 2182 4844 alloquere
2209 4777 2381 4831 domi-

819 4872 951 4911 num
985 4856 1341 4922 Eustratium,
1382 4868 1440 4912 et
1471 4859 1559 4913 dic
1590 4860 1639 4914 ei
1675 4870 1732 4913 ut
1769 4875 1888 4918 oret
1912 4879 2012 4934 pro
2041 4882 2146 4931 me,
2173 4875 2227 4921 et
2256 4885 2380 4924 eum

819 4949 932 5003 cito
958 4949 1026 5003 ad
1066 4963 1151 5003 me
1183 4960 1491 5016 venturum,
1521 4966 1647 5005 eum
1690 4953 1836 5006 enim
1884 4965 2178 5026 exspecto;
2223 4969 2279 5014 et
2304 4962 2382 5016 sic

821 5039 925 5094 fuit
953 5039 1005 5094 ei
1055 5049 1218 5109 caput
1249 5049 1613 5108 amputatum,
1647 5045 1920 5110 omnibus,
1950 5063 2088 5116 quos
2142 5051 2382 5119 suspicio

818 5144 941 5188 erat
960 5147 1079 5187 esse
1105 5131 1467 5197 Christianos,
1493 5135 1665 5203 passis
1686 5140 2144 5205 persecutionem.
2171 5140 2382 5197 Sanctae

817 5233 1002 5280 autem
1049 5224 1170 5292 ejus
1205 5223 1448 5292 reliquias
1498 5237 1660 5278 noctu
1708 5227 1856 5282 furto
1904 5228 2130 5284 sublata:
2173 5244 2302 5286 sunt
2351 5249 2382 5288 a

819 5313 1170 5387 presbyteris,
1199 5314 1292 5382 qui
1320 5323 1477 5368 erant
1523 5315 1576 5368 in
1607 5319 1919 5374 Arauracis.
1955 5319 2081 5391 Ejus
2112 5337 2242 5376 vero
2276 5338 2369 5378 ea-

819 5413 932 5478 pite
961 5423 1067 5461 non
1105 5408 1345 5472 invento,
1381 5418 1669 5476 (πωροι-ωλι
1696 5408 1827 5464 ﬂere
1866 5421 1924 5465 et
1955 5411 2124 5466 Deum
2167 5428 2378 5482 rogare,

821 5509 879 5553 ut
901 5501 983 5553 eis
1006 5499 1243 5567 aperiret
1288 5509 1534 5553 sanctum
1570 5510 1733 5570 caput
1762 5504 2038 5574 martyris.
2070 5504 2164 5558 Dei
2199 5515 2379 5560 autem

819 5589 1163 5661 providentia
1207 5598 1357 5644 stans
1384 5592 1578 5644 cornix
1626 5606 1793 5661 super
1822 5609 2033 5649 ramum
2066 5595 2300 5661 arboris,
2327 5597 2382 5652 in

818 5700 923 5751 qua
974 5691 1092 5737 erat
1126 5690 1313 5750 caput,
1353 5687 1518 5752 cepit
1549 5683 1811 5738 clamare.
1855 5685 1992 5742 Cum
2044 5688 2383 5760 aspexissent

924 5868 942 5898 '
996 5868 1133 5922 Psul.
1169 5887 1358 5933 cvvatt,
1385 5871 1471 5926 73.
1569 5873 1589 5904 ‘
1627 5871 1771 5927 Psal.
1829 5887 2016 5938 cum,
2049 5873 2098 5928 ί.

2487 4484 2655 4536 τόπου
2686 4484 2971 4554 ἔπλήρωσε
3000 4487 3092 4539 τὸν
3121 4485 3356 4556 ψαλμὸν,
3384 4488 3479 4541 καὶ
3507 4485 3696 4553 κλίνας
3732 4493 3801 4542 τα
3821 4491 4044 4559 γόνατα,

2484 4577 2834 4650 προσηύξατο
2902 4580 2997 4632 έπὶ
3061 4579 3195 4633 πολύ
3216 4596 3233 4611 ο
3260 4584 3355 4633 καὶ
3400 4565 3682 4646 άπλώσας
3713 4584 3815 4648 τὰς
3850 4589 4045 4656 χεῖρας

2481 4670 2672 4736 αὑτοῦ,
2709 4671 2900 4741 ὥσπερ
2931 4672 3247 4744 προσφοράν
3292 4673 3606 4744 δεχόμενος,
3632 4675 3764 4746 ἔστη
3799 4679 3893 4730 καὶ
3924 4674 4046 4732 εἷπε

2480 4761 2540 4814 τὸ
2583 4761 2777 4832 Ἀμὴν,
2811 4763 2904 4816 καὶ
2970 4764 3463 4833 περιϐλεψάμενος,
3528 4762 3636 4819 εἶδέ
3690 4785 3757 4836 με
3813 4770 4047 4840 πλησίον

2480 4853 2645 4905 αὐτοῦ
2673 4854 2908 4918 ἑστῶτα,
2943 4858 3040 4908 καὶ
3067 4856 3322 4921 καλέσας,
3355 4853 3479 4910 εἶπέ
3506 4874 3600 4926 μοι
3630 4861 3687 4914 έν
3721 4866 4040 4937 μυστηρίῳ·

2493 4946 2713 5015 ’Δδελφὲ
2756 4947 3006 5016 Ὀρέστα,
3057 4950 3505 5019 προσαγόρευσον
3556 4950 3649 5004 τδν
3699 4954 3894 5025 κύριον
3943 4957 4047 5011 Εὐ·

2484 5041 2755 5107 στράτιον,
2812 5041 2905 5093 καὶ
2940 5036 3063 5093 εἷπε
3100 5035 3254 5111 αὒτῷ
3288 5041 3377 5096 τνα
3433 5042 3660 5114 εὔξηται
3726 5047 3870 5119 ὑπερ
3899 5051 4038 5120 ἐμοῦ

2485 5129 2580 5184 καὶ
2619 5133 2834 5201 ταχέως
2868 5148 2937 5200 με
2969 5131 3150 5204 φθάσῃ
3171 5149 3186 5164 ο
3222 5134 3513 5204 ἐκδέχομαι
3555 5139 3667 5205 γάρ
3711 5139 3901 5194 αὐτόν.
3931 5142 4044 5193 Καὶ

2488 5221 2663 5285 οὕτως
2701 5224 3147 5294 ἁπεκεφαλίσθη,
3198 5227 3419 5281 πάντων
3461 5227 3574 5282 τῶν
3621 5231 4042 5304 ὑπονοουμένων

2485 5315 2831 5386 Χριστιανῶν
2859 5316 3292 5389 ἐκδιωχθέντων,
3325 5321 3418 5374 καὶ
3471 5321 3698 5393 μηδενὸς
3737 5324 3925 5379 ίκανοῦ
3951 5326 4041 5379 6v-

2482 5427 2571 5473 τος
2600 5409 2872 5480 τολμῆσαι
2908 5411 3274 5482 προσεγγίσαι
3314 5411 3393 5483 τῷ
3428 5415 3601 5484 τόπῳ.
3658 5416 3817 5487 Παρὰ
3847 5418 3903 5472 δέ
3931 5417 4044 5470 τῶν

2484 5497 2544 5548 έν
2587 5498 2955 5568 ’Δραυράκοις
2987 5500 3376 5571 πρεσϐυτέρων
3421 5503 3484 5555 τὸ
3526 5504 3683 5572 άγιον
3725 5507 3890 5560 αὑτοῦ
3936 5508 4044 5561 λεί-

2480 5589 2650 5659 ψανον
2679 5595 2740 5645 ἔν
2765 5599 2921 5646 νυκτὶ
2950 5595 3186 5667 ἔκλάπη,
3233 5596 3294 5663 ἔξ
3323 5592 3383 5652 οὗ
3415 5598 3512 5650 καὶ
3563 5599 3663 5668 τῆς
3692 5601 3940 5672 κεφαλῆς
3966 5601 4042 5673 μη

2484 5684 2828 5757 εὑρεθείσης,
2877 5687 3114 5758 ἧρξαντο
3147 5688 3349 5755 πάντες
3402 5688 3638 5747 κλαίειν.
3698 5691 3894 5763 Καὶ-δη
3949 5708 4043 5747 ato-
