4260 6430
226 419 335 484 489

1052 416 1522 477 MAIITYRIUM
1569 414 2082 504 S..EU.3TllA'I‘ll
2126 413 2223 472 ET
2261 410 2682 475 SOCIORUM.

3367 416 3471 475 490

240 533 391 596 pm!)
415 526 498 586 ἐίς
529 522 748 591 δένδρον
775 523 1070 588 ἐπιστᾶσα,
1092 523 1330 593 ικρωζε,
1355 522 1451 602 καὶ
1478 521 1804 583 ἀπελθόντες
1835 526 1877 582 Α
1910 535 1922 570 ι

1800 539 1804 578 ς
1835 526 1877 582 Α
1910 534 2038 574 vero
2062 521 2128 574 ad
2162 536 2372 574 ramum
2411 520 2628 576 arboris
2675 519 3002 591 presbyteri,
3036 522 3090 576 in
3134 538 3240 593 qua
3289 526 3482 580 cornix

230 618 280 667 οί
320 614 690 685 πρεσϐύτεροι
739 606 902 684 εὗρον
947 615 1025 677 εἰς
1070 613 1170 685 τὴν
1202 613 1390 678 ζεῦξιν
1442 612 1547 667 τῶν
1600 614 1806 688 κλωνα-

228 707 365 777 ρίων
387 703 482 759 τοῦ
514 704 735 775 δένδρου
764 706 905 758 ὅπου
930 706 1157 776 ἑστήκει
1194 707 1225 776 ή
1264 706 1505 777 κορώνη,
1540 708 1661 759 ἐκεῖ
1683 723 1801 759 κει-

230 796 405 866 μένην
432 796 532 866 τὴν
559 796 805 868 κεφαλὴν
839 798 933 850 καὶ
961 798 1304 870 ἑσφιγμένην
1362 801 1529 861 πάνυ,
1564 797 1663 851 καὶ
1715 798 1805 851 οὖ-
1862 804 1865 805 ⁷

227 905 341 951 τως
375 888 613 958 ἄραντες
667 890 764 941 καὶ
800 888 1319 959 ,περιπτυξὰμενσι,
1384 889 1695 959 μετέθηκαν
1746 889 1805 943 τδ

227 980 488 1051 λείψανον
518 980 711 1047 αὐτοῦ,
738 980 836 1035 τοῦ
857 980 1064 1053 Κυρίου
1090 980 1590 1042 κατευοδώσαντος.
1616 980 1805 1035 Ταῦτα

231 1076 474 1138 ἇκούσας
508 1077 536 1129 ό
564 1074 719 1143 ἅγιος
750 1074 1112 1147 Εὔστράτιος,
1162 1076 1420 1141 ἔκλαυσε,
1474 1077 1569 1131 καὶ
1602 1076 1805 1131 ἐπεκα-

229 1168 426 1221 λέσατο
456 1168 550 1221 τὸν
582 1168 715 1221 Θεὸν
739 1167 1028 1223 τελειῶσαι
1086 1170 1181 1222 καὶ
1229 1169 1325 1222 τὸν
1386 1168 1555 1222 αὐτοῦ
1581 1168 1801 1240 δρόμον,

184 1328 189 1332 _
230 1262 322 1315 xui.
345 1258 465 1316 εἷπε
497 1261 576 1332 τῷ
614 1262 843 1334 Ὀρέστῃ
864 1278 878 1293 ·
904 1262 1191 1333 Ἀγωμεν,
1223 1262 1442 1331 άδελφὶ,
1472 1262 1805 1333 σπεύσωμεν

230 1355 319 1407 καὶ
354 1354 545 1420 ἡμεῖς,
572 1353 722 1415 ὅπως
760 1351 1063 1422 φθάσωμεν
1085 1352 1272 1407 αὐτόν.

300 1444 427 1501 KA'.
464 1445 619 1499 Μετὰ
650 1445 780 1513 γοῦν
810 1446 1023 1516 ἡμέρας
1060 1443 1222 1497 πέντε
1257 1444 1504 1516 ἤχθησαν
1553 1446 1603 1497 οί
1656 1444 1803 1514 ἅγιοι

230 1538 309 1599 είς
364 1538 463 1606 τὴν
512 1536 867 1601 Σεδάστειαν,
932 1538 1027 1591 καὶ
1085 1538 1466 1608 παρεδόθησαν
1520 1538 1625 1591 ύπδ
1694 1538 1805 1592 τῶν

232 1629 585 1698 στρατιωτῶν
613 1628 692 1696 τῷ
724 1628 981 1697 ἡγεμόνι.
1009 1629 1117 1681 Καὶ
1147 1629 1440 1700 δεξάμενος
1488 1633 1515 1684 ὁ
1550 1630 1805 1699 ’Λγρικό-

231 1721 360 1780 λαος
388 1718 489 1788 τὴν
540 1718 832 1790 ἐπιστολὴν
876 1719 973 1772 τοῦ
1036 1719 1264 1784 Λυσίου,
1309 1721 1365 1772 ἐν
1420 1720 1805 1791 ἀσφαλεστάτη

230 1812 451 1881 φρουρᾷ
505 1810 796 1864 ἐκέλευσεν
856 1810 1058 1875 αὐτοὺς
1115 1810 1511 1878 φυλάττεσθαι.
1573 1814 1683 1865 Καὶ
1736 1815 1800 1882 τῇ

231 1903 362 1973 ἑξῆς
396 1903 603 1974 ἡμέρα,
633 1901 864 1969 καθίσας
895 1906 989 1958 ἐπὶ
1016 1904 1111 1958 τοῦ
1155 1904 1401 1975 βήματος
1456 1904 1695 1974 δημοσίᾳ
1744 1905 1804 1955 ἐν

230 1997 298 2065 τῇ
335 1996 535 2067 ἀγορᾷ,
595 1994 828 2066 ἀχθῆναι
865 1998 993 2060 τοὺς
1050 1997 1240 2066 ἁγίους
1290 1996 1571 2061 ἐκέλευσε,
1623 1995 1806 2066 πάσης

228 2086 335 2157 τῆς
366 2087 577 2146 πόλεως
607 2087 1024 2159 παρισταμένης
1057 2088 1230 2159 αὐτῷ.
1281 2086 1341 2141 '0
1372 2088 1555 2159 ἄρχων
1616 2083 1802 2140 εἶπεν·

232 2182 299 2234 Δί
356 2179 697 2250 πεμφθεῖσαι
751 2182 1035 2235 ἐπιστολαὶ
1096 2180 1250 2252 παρὰ
1291 2179 1390 2234 τοῦ
1443 2178 1806 2251 περιὸλέπτου

230 2272 425 2334 ὄουκδς
454 2272 680 2337 Λυσίου,
725 2273 885 2345 καὶὴ
950 2272 1488 2344 παρακολουθήσασα
1529 2272 1807 2343 ἔγγραφος

233 2364 481 2429 ἐξέτασις
527 2365 668 2418 κατὰ
696 2364 789 2418 τοῦ
839 2364 1076 2429 ἑστῶτος
1133 2365 1472 2435 Εὐστρατίου
1540 2366 1807 2436 πρότερον

234 2455 823 2521 ἁναγινωσκέσθωσαν.
890 2458 1002 2512 Καὶ
1055 2458 1195 2528 μετὰ
1253 2459 1317 2510 τὸ
1353 2457 1807 2526 ἀναγνωσθῆναι,

237 2542 421 2598 Ισεισε
471 2546 570 2615 τὴν
624 2547 870 2618 κεφαλὴν
926 2546 1092 2603 αὑτοῦ
1140 2548 1169 2601 ό
1224 2548 1604 2619 Ἀγρικόλαος,
1677 2548 1809 2602 θαυο

242 2638 425 2706 μάσας
455 2644 554 2706 τήν
601 2639 692 2692 τοῦ
741 2638 897 2708 ἁγίου
945 2639 1279 2710 Εὑστρατίου
1328 2638 1524 2707 σοφίαν
1575 2640 1633 2691 ὲν
1687 2642 1808 2703 ταῖς

241 2729 605 2810 καταθέσεσιν
634 2748 647 2762 ·
678 2727 800 2786 εἶτα
828 2731 1146 2796 διελάλησεν
1180 2730 1324 2785 οὕτω
1353 2748 1368 2764 ο
1416 2730 1507 2802 Μὴ
1561 2730 1808 2801 ὑπολάμ-

240 2822 401 2887 ϐανε,
431 2816 477 2878 ὦ
521 2823 848 2895 Εὑστράτιε,
886 2824 1277 2896 παραπλησίαν
1310 2827 1377 2896 τῇ
1414 2825 1584 2879 πάλαι
1629 2826 1810 2895 κρίσει

242 2915 467 2970 ισεσθαί
499 2933 581 2970 σοι
604 2916 702 2987 τὴν
727 2915 971 2970 ἐνταῦθα
1000 2916 1177 2987 δίκην.
1215 2918 1351 2986 Πρὶν
1382 2912 1477 2970 οὖν
1510 2934 1570 2970 σε
1611 2933 1810 2986 πειρα·

242 3011 406 3081 θῆναι
445 3010 671 3079 ταύτης,
710 3010 995 3063 ὑπόκυπτε
1028 3012 1142 3073 τοῖς
1172 3008 1507 3079 θεοπίσμασι
1537 3008 1645 3062 τῶν
1670 3026 1808 3079 κρα-

241 3106 501 3170 τούντων,
533 3105 626 3157 καὶ
661 3098 975 3174 προσελθὼν
1010 3102 1322 3173 πρόσπεσον
1370 3103 1485 3164 τοῖς
1529 3102 1808 3172 μεγίστοις

1831 1873 1880 1933 Β

1907 613 2085 667 stabat
2120 614 2383 677 clamans,
2432 612 2620 668 vident
2668 613 2721 668 id
2764 615 2954 685 jacens
2984 629 3152 685 prope
3182 616 3480 678 cornicem.

1902 714 1958 758 et
1987 720 2111 760 cum
2173 706 2351 775 ipsum
2384 704 2687 760 honoriﬁce
2734 706 3104 775 sustulissent,
3145 709 3485 763 sustulerunt

1904 800 2068 853 etiam
2110 810 2329 856 sanctas
2372 805 2491 874 ejus
2540 801 2820 873 reliquias.
2853 811 2909 857 et
2935 818 3030 860 eas
3082 806 3483 862 transtulerunt

1906 892 1960 946 in
2004 892 2186 948 locum
2249 910 2450 965 purum
2493 906 2550 952 et
2612 896 2908 967 insignem.
2953 895 3081 953 Haec
3104 914 3229 956 cum
3260 910 3483 959 sanctus

1903 985 2206 1044 audivisset
2259 989 2590 1054 Eustratius.
2645 990 2817 1055 flevit,
2867 999 2921 1047 et
2954 989 3124 1047 Deum
3188 994 3481 1058 invocavit,

1902 1077 2339 1136 etdixitOresta
2365 1098 2380 1136 :
2411 1080 2705 1153 Pergamus
2728 1096 2827 1137 nos
2845 1098 3089 1156 quoque,
3135 1092 3198 1141 et
3242 1086 3311 1141 ad
3355 1101 3484 1142 eum

1904 1170 2091 1228 venire
2121 1171 2461 1230 Iestinemus.

1976 1443 2118 1499 XXI.
2157 1443 2415 1514 Quinque
2452 1453 2639 1500 autem
2668 1455 2790 1514 post
2819 1445 3015 1500 diebus
3051 1445 3227 1500 sancti
3254 1445 3480 1499 adducti

1907 1546 2034 1593 sunt
2082 1536 2390 1601 Sebasten;
2434 1546 2491 1591 et
2540 1536 2729 1591 traditi
2771 1544 2900 1591 sunt
2941 1553 2971 1592 a
3012 1537 3281 1591 militibus
3340 1558 3351 1591 :
3402 1548 3482 1603 et,

1906 1641 2134 1700 accepta
2180 1630 2355 1701 Lysia:
2386 1630 2638 1699 epistola.
2669 1630 2990 1700 Agricolaus
3028 1631 3192 1700 jussit
3240 1646 3336 1686 eos
3364 1647 3482 1687 ser-

1910 1724 2024 1778 vari
2054 1724 2106 1777 in
2140 1723 2411 1778 tutissima
2439 1722 2688 1777 custodia
2712 1740 2726 1779 :
2762 1732 2818 1779 et
2846 1725 2933 1779 die
2954 1726 3207 1795 sequenti
3232 1740 3356 1781 cum
3380 1741 3481 1796 pu-

1909 1814 2051 1869 blice
2086 1813 2320 1869 sedisset
2353 1814 2407 1867 in
2454 1813 2576 1868 foro
2603 1829 2703 1883 pro
2737 1815 2998 1869 tribunali
3033 1815 3086 1868 in
3122 1815 3343 1871 civitate
3374 1816 3480 1871 Se-

1908 1905 2285 1970 bastenorum,
2334 1906 2500 1975 jussit
2527 1906 2845 1975 Agricolaus
2882 1906 3009 1962 duci
3058 1916 3299 1963 sanctos.
3342 1907 3479 1963 Uni-

1909 2012 2066 2052 versa
2094 2007 2274 2052 autem
2308 1995 2528 2051 civitate
2561 2007 2885 2067 congregata
2936 2000 3003 2054 ad
3050 2015 3144 2054 eos
3188 2000 3479 2063 videndos.

1911 2089 2047 2144 dixit
2074 2088 2392 2159 Agricolaus
2417 2106 2431 2143 :
2461 2088 2702 2158 Epistola
2753 2090 2915 2147 missa
2950 2090 3020 2145 ab
3053 2091 3248 2147 illustri
3295 2091 3481 2164 Lysia,

1909 2194 1965 2238 et
1998 2198 2120 2253 quae
2152 2191 2240 2236 est
2267 2192 2563 2237 consecuta
2599 2183 2814 2253 scriptis
2845 2184 3097 2239 mandata
3121 2185 3481 2250 examinatio,

1910 2276 2062 2346 prius
2090 2276 2325 2346 legatur.
2360 2276 2492 2341 Quae
2517 2285 2803 2345 postquam
2833 2274 2937 2329 fuit
2961 2274 3124 2341 lecta,
3154 2276 3234 2332 sic
3261 2275 3484 2331 locutus

1908 2376 1992 2423 est
2021 2367 2339 2438 Agricolaus
2363 2382 2376 2419 :
2404 2364 2482 2419 Ne
2515 2364 2816 2426 existimes,
2851 2380 2885 2418 ο
2930 2364 3193 2431 Eustrati,
3227 2366 3481 2421 similiter

1910 2474 2192 2515 cessurum
2225 2459 2315 2512 bic
2341 2458 2436 2512 tibi
2472 2472 2591 2512 esse
2617 2456 2968 2525 supplicium.
2997 2457 3322 2528 Priusquam
3348 2475 3482 2529 ergo

1912 2551 2078 2606 iacias
2101 2550 2427 2620 periculum,
2457 2548 2719 2603 submitte
2751 2558 2802 2603 te
2831 2549 3028 2605 edictis
3061 2550 3478 2619 imperatorum,

1914 2654 1969 2698 et
2009 2644 2297 2707 accedens,
2327 2641 2572 2697 sacriﬁca
2608 2641 2733 2697 diis.
2768 2642 2913 2697 Dixit
2947 2657 3079 2698 vero
3111 2653 3334 2700 sanctus
3376 2646 3483 2699 Eu-

1912 2735 2174 2791 slratius:
2218 2733 2263 2790 0
2288 2733 2478 2805 judex,
2510 2733 2850 2804 imperantne
2882 2734 3030 2804 leges
3055 2734 3219 2790 etiam
3251 2736 3483 2806 impera-

1912 2828 2143 2891 toribus,
2185 2843 2255 2883 an
2290 2827 2439 2881 non?
2484 2827 2628 2881 Dixit
2662 2841 2899 2896 przeses:
2934 2826 3184 2883 Maxime.
3234 2828 3367 2883 Nam
3401 2845 3484 2885 ea:

1913 2922 1983 2977 ab
2037 2922 2144 2977 illis
2181 2930 2491 2977 servantur.
2526 2920 2759 2975 Sanctus
2792 2919 2929 2974 dixit
2971 2919 3322 2977 Eustratius:
3359 2920 3483 2976 Tibi

1912 3030 2044 3085 ergo
2079 3022 2206 3068 ante
2233 3027 2445 3074 omnes,
2479 3020 2534 3067 et
2557 3025 2654 3066 eos
2684 3012 2873 3075 etiam,
2913 3010 3007 3080 qui
3036 3020 3214 3067 tecum
3245 3023 3393 3075 sunt.
3427 3015 3481 3069 in

1914 3103 2132 3175 scriptis
2162 3103 2292 3159 solis
2341 3102 2461 3158 sine
2502 3110 2630 3157 sunt
2676 3101 2842 3172 leges.
2876 3100 3026 3157 Dixit
3058 3118 3301 3172 praeses:
3339 3103 3479 3159 Cur-

241 3202 409 3263 θεοτς.
446 3200 505 3253 ὐ
540 3198 694 3267 άγιος
731 3198 1066 3269 εύστράτιος
1112 3193 1299 3251 εἶπενο
1333 3194 1404 3251 Ὦ
1426 3198 1675 3263 δικαστά,
1707 3199 1809 3269 άρ-
1840 3214 1883 3272 c
1918 3213 1923 3249 ι

1798 3224 1809 3238 -
1840 3214 1883 3272 ο
1918 3211 2041 3250 nam
2070 3195 2172 3250 hoc
2202 3195 2362 3258 dicis,
2393 3210 2427 3249 ο
2453 3202 2618 3264 caput
2646 3194 2910 3264 impium?
2934 3194 3068 3261 Quis
3102 3210 3340 3265 unquam
3380 3212 3480 3251 au-

243 3308 435 3364 χουσιν
468 3292 518 3344 οί
552 3292 707 3360 νόμοι
741 3292 836 3345 καὶ
864 3291 972 3344 τῶν
1005 3289 1293 3361 βασιλέων,
1320 3288 1354 3359 ἢ
1386 3289 1447 3343 οὔ
1474 3306 1492 3347 :
1534 3289 1593 3342 '0
1622 3289 1811 3360 ἄρχων

240 3380 364 3438 εἷπε
390 3400 404 3413 ·
435 3384 562 3437 Ναί.
600 3382 820 3452 Ἐπειδὴ
859 3382 951 3434 καὶ
984 3382 1343 3451 φυλάττονται
1365 3383 1498 3453 παρ’
1530 3380 1732 3436 αὐτῶν.
1752 3381 1812 3433 '0

245 3478 403 3545 ἅγιος
428 3475 753 3546 Εὑστράτιος
772 3474 951 3529 εἶπεν·
969 3474 1181 3529 Οὐκοῦν
1209 3476 1314 3545 πρὸ
1339 3475 1556 3529 πάντων
1585 3474 1700 3536 σοῦ,
1718 3474 1815 3527 καὶ

242 3572 354 3621 τὼν
383 3569 479 3621 σὺν
518 3568 600 3620 σοὶ
633 3569 872 3623 πάντων.
903 3568 972 3621 “ll
992 3570 1048 3622 ιν
1073 3568 1365 3639 γράμμασι
1393 3568 1550 3636 μόνον
1578 3569 1810 3621 κεῖνται.

253 3660 319 3717 Ὀ
369 3661 553 3730 ἄρχων
608 3658 799 3713 εἶπεν·
858 3660 1016 3723 Τίνος
1071 3648 1228 3731 χάριν
1282 3660 1507 3713 τοιαῦτα
1574 3658 1810 3730 φθέγγῃ,

237 3756 431 3809 ἀνοσία
488 3754 737 3824 κεφαλής
777 3753 873 3815 ι1“ίς
904 3754 1122 3807 ἔναντία
1166 3753 1273 3806 τῶν
1324 3753 1505 3823 νόμων
1552 3754 1813 3821 πράττειν

238 3848 375 3899 ποτε
434 3844 803 3915 τετόλμηκε-ις
852 3847 911 3898 '0
940 3845 1091 3913 άγιος
1138 3846 1471 3913 Εύττράτιος
1506 3838 1659 3897 εἶπεν
1692 3859 1708 3875 ο
1749 3840 1815 3898 Ὢ

236 3938 486 4000 δικαστά,
535 3940 723 4008 ἑπιιίὴ
762 3938 1074 4009 περιέχεται
1099 3937 1177 4010 τῷ
1223 3938 1372 4009 νόμῳ
1408 3936 1505 3991 τοῦ
1550 3934 1815 3992 σεσαστοῦ

237 4033 516 4101 Καίεαρος
539 4032 699 4084 οὕτω·
719 4030 818 4083 Βία
849 4031 964 4100 μὲν,
987 4030 1173 4099 φησὶν,
1198 4030 1421 4083 ἀπέστω
1438 4029 1637 4093 παντὸς
1653 4028 1813 4097 λόγου

238 4123 335 4177 καὶ
363 4122 547 4192 ἔργου·
573 4122 751 4175 πειθοῖ
774 4121 828 4173 δι
850 4119 1157 4190 πανταχόσε
1188 4119 1575 4174 πολιτευόσοω.
1597 4121 1706 4173 Καὶ
1736 4119 1816 4172 δεῖ

237 4216 334 4267 τὸν
387 4214 689 4283 ἀρχόμενον
718 4213 863 4266 δυεῖν
898 4212 1145 4282 θάτερον,
1180 4211 1212 4281 ἦ
1242 4214 1502 4265 πείσαντα
1534 4213 1717 4282 τυχεῖν
1741 4202 1816 4263 ὧν

238 4307 601 4370 ισπούδακεν,
643 4306 677 4377 ἦ
710 4304 1025 4371 πεισθέντα,
1065 4308 1159 4358 σὺν
1189 4305 1414 4376 ἑκουσίᾳ
1437 4308 1503 4375 τῇ
1532 4303 1726 4377 γνώμῃ
1754 4303 1816 4357 τὸ

238 4401 713 4468 προσταττόμενον
748 4398 1029 4464 πράττειν.
1066 4397 1173 4450 Καὶ
1222 4397 1382 4450 πάλιν
1424 4398 1592 4468 ὀλίγῳ
1617 4401 1815 4468 μικρὸν

242 4492 385 4560 μετᾶ
417 4490 507 4542 τὸν
545 4489 703 4543 αὐτὸν
752 4490 935 4560 στίχον
962 4489 1216 4559 ἐπιφέρει
1246 4506 1261 4523 ο
1308 4490 1410 4542 Τὸν
1466 4490 1521 4543 δι
1572 4491 1809 4562 άρχοντα

238 4581 577 4650 θεσπίςομεν
617 4579 781 4649 φόὸον
827 4581 1099 4651 πραότητι
1144 4580 1373 4649 μίξαντα
1406 4580 1669 4645 δικάζειν.
1720 4583 1809 4647 Ὠς

243 4675 385 4743 μήτε
412 4674 562 4734 τινὰς
590 4671 676 4724 διά
711 4674 802 4724 τον
836 4670 998 4740 φόδον
1028 4670 1318 4740 δυσμενῶς
1352 4672 1518 4742 ἔχειν.
1550 4674 1689 4743 μήτε
1718 4674 1810 4728 διὰ

235 4759 340 4828 τὴν
365 4756 649 4827 πραότητα
682 4755 1051 4824 πλημμελεῖν.
1086 4754 1293 4821 Ταῦτα,
1344 4749 1387 4807 ὦ
1434 4756 1686 4820 δικαστὰ,
1715 4757 1809 4825 γε.

236 4863 489 4917 γραπται
526 4845 720 4908 οὕτως.
755 4846 787 4917 ἦ
822 4844 924 4913 οὔ,
970 4846 1030 4899 Ὀ
1075 4846 1258 4916 άρχων
1322 4843 1440 4899 εἷπε
1488 4864 1499 4877 ο
1538 4848 1665 4902 Ναί.
1755 4849 1810 4901 ’0

240 4937 396 5003 ἆγιο,
422 4936 760 5006 Εὔστράτιος
791 4934 946 4987 εἶπεν
973 4951 986 4964 ⁸
1022 4935 1236 4988 Οὐκοῦν
1274 4934 1467 5006 δέομαί
1505 4953 1623 4999 σου,
1666 4935 1806 5006 αὕτη

249 5032 278 5099 1]
308 5027 459 5092 τάξις
493 5030 589 5080 καὶ
625 5027 715 5079 ἐπ’
739 5028 861 5097 ἐμοὶ.
896 5024 1272 5093 φυλαττέσθω.
1302 5027 1365 5080 '0
1394 5029 1580 5099 ἄρχων
1616 5025 1769 5084 εἶπεν
1797 5045 1810 5059 ο

242 5122 355 5175 Καὶ
389 5120 481 5172 ἐπὶ
516 5120 619 5183 σοὶ,
654 5120 744 5169 καὶ
772 5118 865 5169 ἐπὶ
898 5118 1065 5171 παντὶ
1092 5118 1161 5170 τὰ
1198 5117 1307 5170 τῶν
1346 5119 1527 5187 νόμων
1552 5122 1689 5188 μετὰ
1716 5120 1810 5175 τοῦ

244 5209 561 5282 προσφόρου
628 5207 968 5277 σεδᾶσματος
1039 5210 1409 5277 φυλάττεσθαι
1472 5212 1807 5281 ὶπάναγκες.

254 5306 316 5360 '0
376 5305 528 5372 ἆγιος
580 5302 910 5372 Εὖστράτιος
961 5296 1156 5354 είπενο
1191 5301 1402 5356 υύκοῦν
1452 5304 1644 5374 δέομαί
1686 5322 1804 5369 σου,

246 5398 521 5468 πραότητι
553 5395 886 5465 συγκραθείς
915 5395 944 5445 ό
971 5394 1135 5463 φόϐος
1182 5411 1297 5460 σου,
1330 5396 1404 5457 ὡς
1449 5397 1668 5452 πάντων
1714 5401 1815 5468 ἰμ-

244 5490 569 5560 πιιρότατος
604 5487 895 5556 πεισθῆναι
922 5487 1192 5556 πρότερον
1222 5487 1253 5557 ἢ
1284 5493 1474 5541 πεῖσαι
1508 5489 1813 5560 θελησάτω,
1851 5488 2100 5558 λογισμῷ
2165 5486 2374 5539 ἕκαστα
2420 5488 2638 5557 κρίνων.

1914 3304 2010 3345 sus
2042 3297 2125 3344 est
2160 3287 2339 3343 facere
2371 3298 2561 3344 contra
2594 3286 2785 3357 leges?
2833 3286 2980 3343 Dixit
3007 3297 3229 3343 sanctus
3259 3288 3486 3345 Eustra-

1917 3379 2066 3434 tius:
2117 3379 2384 3444 Quoniam
2414 3379 2493 3433 sic
2524 3379 2840 3433 continetur
2876 3380 2930 3434 in
2969 3380 3184 3450 legibus
3214 3380 3479 3440 Caesaris:

1918 3470 2011 3526 Vis
2056 3471 2278 3540 quidem
2327 3471 2469 3525 absit
2502 3471 2557 3525 in
2586 3471 2735 3524 omni
2767 3486 3017 3525 sermone
3051 3480 3108 3525 et
3156 3471 3318 3536 facto,
3354 3472 3485 3542 p'er-

1916 3563 2167 3617 suasione
2199 3573 2378 3616 autem
2409 3562 2591 3631 potius
2622 3561 3042 3617 administretur
3072 3563 3399 3633 respublica,
3427 3576 3485 3621 et

1916 3653 2145 3707 alterum
2176 3652 2411 3707 duorum
2442 3661 2677 3722 Oportet,
2724 3661 2782 3706 ut
2821 3659 2915 3707 aut
2944 3653 3038 3722 qui
3070 3653 3297 3723 imperat
3358 3670 3484 3725 por-

1917 3744 2143 3799 suadeat
2174 3744 2224 3799 ei
2250 3746 2342 3815 qui
2374 3754 2527 3814 paret
2560 3745 2680 3815 ejus
2702 3744 2951 3814 imperio,
2983 3753 3044 3799 ut
3074 3756 3396 3815 assequatur
3420 3762 3484 3802 ea

1918 3852 2039 3907 qua:
2062 3837 2249 3907 cupit:
2292 3848 2386 3892 aut
2431 3835 2525 3906 qui
2567 3844 2742 3906 paret.
2796 3851 3108 3906 persuasus,
3145 3852 3243 3893 sua
3290 3846 3484 3908 sponte

1920 3926 2087 3983 iaciat
2135 3928 2281 3997 quod
2311 3928 2555 3996 jubctur.
2588 3925 2655 3982 Et
2687 3942 2881 3983 rursus
2927 3928 3030 3982 hoc
3065 3928 3313 3983 continet
3362 3941 3487 3999 post

1917 4018 2170 4075 eumdem
2203 4034 2416 4072 versum
2444 4036 2456 4070 :
2490 4019 2793 4074 Statuimus
2817 4030 3023 4083 autem,
3062 4028 3121 4073 ut
3151 4036 3354 4091 praeses
3390 4024 3484 4092 ju-

1918 4108 2084 4177 'dicet,
2136 4113 2374 4165 miscens
2425 4118 2630 4164 metum
2668 4108 2901 4173 lenitati,
2940 4124 3119 4180 neque
3152 4111 3315 4166 alicui
3351 4128 3483 4183 pro-

1918 4216 2040 4277 pter
2078 4214 2280 4258 tnetum
2317 4205 2427 4257 sint
2451 4202 2675 4266 infensi,
2706 4211 2762 4256 ut
2793 4215 2970 4272 neque
2993 4213 3221 4272 peccent
3260 4216 3483 4274 prapter

1917 4296 2218 4352 lenitatem.
2249 4294 2394 4357 Haec,
2424 4309 2457 4348 ο
2481 4293 2668 4365 judex,
2718 4295 2792 4349 ita
2818 4296 3021 4364 scripta
3052 4305 3176 4350 sunt
3227 4311 3296 4351 an
3330 4300 3482 4350 non?

1919 4389 2062 4444 Dixit
2088 4402 2289 4458 praeses
2313 4402 2328 4440 :
2354 4385 2511 4441 Sunt.
2546 4386 2623 4440 'I‘e
2645 4401 2776 4457 ergo
2804 4400 2952 4457 rogo,
2979 4386 3121 4441 idem
3156 4387 3292 4441 ordo
3320 4387 3372 4441 in
3396 4404 3482 4441 me

1918 4498 2136 4554 quoque
2165 4491 2434 4536 servetur.
2465 4480 2609 4537 Dixit
2631 4494 2836 4551 przses
2862 4498 2875 4535 :
2909 4479 2977 4535 Et
3004 4479 3058 4534 in
3088 4490 3162 4543 te,
3186 4490 3243 4535 et
3270 4480 3325 4536 in
3358 4495 3478 4536 om-

1917 4589 2036 4640 nes,
2070 4574 2215 4642 Ieges
2243 4587 2365 4625 cum
2400 4587 2487 4636 ea,
2519 4587 2625 4641 qua
2664 4587 2761 4642 par
2784 4580 2889 4638 est,
2915 4573 3221 4627 reverentia
3257 4586 3479 4628 necesse

1916 4677 2000 4722 est
2032 4664 2325 4720 custodire.
2359 4662 2594 4718 Sanctus
2642 4663 2781 4718 dixit
2816 4663 3127 4719 Eustratius
3150 4679 3171 4717 :
3208 4663 3291 4718 Sit
3320 4679 3470 4733 ergn,

1922 4773 2073 4827 rogo,
2122 4766 2247 4810 tuus
2281 4765 2480 4817 metus,
2529 4754 2749 4809 lenitate
2792 4763 3256 4823 contemperatus,
3292 4762 3348 4807 ut
3384 4755 3477 4821 qui

1919 4865 2039 4903 cum
2093 4849 2170 4903 sis
2222 4847 2467 4903 omnium
2526 4846 3050 4916 experientissimus,
3111 4848 3245 4901 velis
3303 4848 3479 4915 potius

1918 4939 2260 5012 persuaderi,
2301 4954 2462 5009 quam
2493 4938 2845 5007 persuadere.
2870 4937 3125 5009 judicans
3152 4940 3362 5008 singula
3389 4952 3480 4990 ra-

1920 5034 2091 5091 tione.
2123 5032 2216 5087 Sin
2245 5041 2426 5086 autem
2455 5030 2556 5084 hoc
2586 5045 2695 5083 non
2723 5029 2869 5092 licet,
2903 5030 3109 5099 absque
3133 5029 3240 5082 ulla
3271 5029 3480 5083 ratione

1914 5134 1967 5180 ct
1997 5124 2504 5185 constitutionibus.
2558 5122 2713 5192 puni,
2760 5121 2973 5187 occide,
3008 5122 3092 5176 iac
3123 5121 3268 5189 quod
3322 5122 3477 5174 velis.

1915 5215 2121 5270 Praeses
2154 5214 2323 5267 dixit:
2377 5210 2531 5277 Quod
2581 5213 2733 5275 velis.
2774 5211 2863 5265 dic
2902 5209 3163 5265 audacter
3194 5210 3478 5269 et'lihere.

1919 5321 2043 5360 cum
2078 5304 2309 5376 gaudeat
2338 5302 2605 5373 judicium
2641 5303 2743 5357 hoc
2774 5302 2961 5371 potius
2998 5300 3211 5355 eﬂlcere
3252 5315 3482 5371 persua-

1922 5398 2096 5452 sione.

2736 5485 2797 5537 Εί
2850 5487 2906 5537 δὲ
2954 5484 3116 5537 τοῦτο
3161 5485 3263 5539 οὐκ
3315 5486 3482 5547 ἔστιν,

243 5586 404 5647 me;
434 5585 610 5655 λόγων
647 5584 742 5638 καὶ
780 5582 1083 5647 ἐξετάσεων
1112 5581 1369 5673 erumpet,
1423 5586 1620 5651 σφάξε,
1669 5585 1813 5640 ποίει
1853 5585 1881 5637 δ
1928 5585 2125 5649 θέλεις,
2191 5584 2251 5636 '0
2300 5583 2483 5654 ἄρχων
2568 5579 2721 5635 εἶπεν
2754 5597 2767 5612 ο
2804 5584 2867 5635 ’0
2916 5581 3097 5649 βούλει
3177 5582 3298 5649 λέγε
3347 5592 3484 5653 μετα

247 5679 591 5751 πιρῤησίας,
627 5680 908 5747 χαίροντος
959 5676 1052 5727 καὶ
1102 5675 1195 5728 τοῦ
1236 5678 1588 5749 δικαστηρίου
1643 5680 1820 5734 πειθοῖ
1860 5680 2062 5749 μᾶλλον
2130 5676 2524 5731 πολιτεύεσθαι.

323 5774 449 5826 KB’.
468 5772 527 5824 '0
553 5770 701 5839 ἅγιος
733 5766 1068 5834 Εὑστράτιος
1094 5756 1215 5819 είπέ
1244 5758 1403 5821 (Τίνι
1442 5787 1506 5840 με
1548 5770 1815 5837 κελεύεις,

247 5863 294 5924 ὦ
330 5866 576 5927 δοιαττα,
608 5862 1005 5931 προσκυνῆσαι,
1059 5858 1197 5929 Θεῷ,
1233 5859 1263 5929 ἦ
1302 5862 1479 5929 θεοῖςς
1548 5863 1604 5916 ὀ
1637 5865 1818 5933 ἅρχων

589 5959 855 6022 Parnm.
906 5964 1018 6023 Gs.
1068 5959 1205 6019 C.\'\
1234 5958 1281 6020 I.

2002 5768 2163 5823 XXII.
2206 5769 2435 5823 Sanctus
2468 5767 2604 5821 dixit
2634 5767 2940 5823 Eustratius
2975 5785 2987 5821 :
3018 5766 3353 5833 Quibusnam
3381 5768 3486 5823 diis

1924 5864 2081 5935 jubcs
2143 5878 2226 5917 me
2286 5860 2613 5926 sacriﬁcare,
2678 5861 2975 5931 majoribus
3030 5875 3096 5912 an
3129 5862 3429 5917 minoribus
3462 5864 3485 5910 fr

2985 5956 3053 6017 16
