  <div class='ocr_page' id='page_1' title='image "/cluster/home/n/w/nwhite01/storage/ocr_20150623/116/nnc1.0046980156/275.png"; bbox 0 0 4260 6430; ppageno 0'>
   <div class='ocr_carea' id='block_1_1' title="bbox 797 387 2792 462">
    <p class='ocr_par' dir='ltr' id='par_1_1' title="bbox 797 387 2792 462">
     <span class='ocr_line' id='line_1_1' title="bbox 797 387 2792 462; baseline -0.001 -13"><span class='ocrx_word' id='word_1_1' title='bbox 797 407 891 462; x_wconf 64' lang='lat'><strong>491</strong></span> <span class='ocrx_word' id='word_1_2' title='bbox 2048 389 2324 448; x_wconf 66' lang='grc' dir='ltr'><strong>ΜΕκὸιὸ</strong></span> <span class='ocrx_word' id='word_1_3' title='bbox 2366 387 2612 446; x_wconf 79' lang='lat' dir='ltr'><strong>DECEM</strong></span> <span class='ocrx_word' id='word_1_4' title='bbox 2625 387 2792 448; x_wconf 81' lang='lat' dir='ltr'><strong>BER.</strong></span> 
     </span>
    </p>
   </div>
   <div class='ocr_carea' id='block_1_2' title="bbox 798 490 2631 577">
    <p class='ocr_par' dir='ltr' id='par_1_2' title="bbox 798 490 2631 577">
     <span class='ocr_line' id='line_1_2' title="bbox 798 490 2631 577; baseline -0.011 -11"><span class='ocrx_word' id='word_1_5' title='bbox 798 513 941 566; x_wconf 74' lang='lat' dir='ltr'><strong>D;xit</strong></span> <span class='ocrx_word' id='word_1_6' title='bbox 1000 521 1198 577; x_wconf 52' lang='lat' dir='ltr'><strong>praises</strong></span> <span class='ocrx_word' id='word_1_7' title='bbox 1229 519 1242 557; x_wconf 91' lang='lat'><strong>:</strong></span> <span class='ocrx_word' id='word_1_8' title='bbox 1274 503 1390 558; x_wconf 88' lang='lat' dir='ltr'><strong>Jovi</strong></span> <span class='ocrx_word' id='word_1_9' title='bbox 1423 502 1682 570; x_wconf 86' lang='lat' dir='ltr'><strong>primum,</strong></span> <span class='ocrx_word' id='word_1_10' title='bbox 1721 508 1772 553; x_wconf 91' lang='lat' dir='ltr'><strong>et</strong></span> <span class='ocrx_word' id='word_1_11' title='bbox 1823 508 1952 552; x_wconf 91' lang='lat' dir='ltr'><strong>tunc</strong></span> <span class='ocrx_word' id='word_1_12' title='bbox 2002 497 2262 566; x_wconf 81' lang='lat' dir='ltr'><strong>Apollini,</strong></span> <span class='ocrx_word' id='word_1_13' title='bbox 2300 504 2353 548; x_wconf 89' lang='lat' dir='ltr'><strong>et</strong></span> <span class='ocrx_word' id='word_1_14' title='bbox 2387 502 2429 556; x_wconf 77' lang='grc' dir='ltr'>Α</span> <span class='ocrx_word' id='word_1_15' title='bbox 2460 490 2580 547; x_wconf 79' lang='grc' dir='ltr'>εἷπε</span> <span class='ocrx_word' id='word_1_16' title='bbox 2617 509 2631 524; x_wconf 92' lang='grc'><strong>·</strong></span> 
     </span>
    </p>
   </div>
   <div class='ocr_carea' id='block_1_3' title="bbox 2466 577 4050 652">
    <p class='ocr_par' dir='ltr' id='par_1_3' title="bbox 2466 577 4050 652">
     <span class='ocr_line' id='line_1_3' title="bbox 2466 577 4050 652; baseline -0.002 -15"><span class='ocrx_word' id='word_1_17' title='bbox 2466 580 2901 647; x_wconf 77' lang='grc' dir='ltr'>εἴπεν-Μείζονι</span> <span class='ocrx_word' id='word_1_18' title='bbox 2995 582 3090 636; x_wconf 69' lang='grc' dir='ltr'>καὶ</span> <span class='ocrx_word' id='word_1_19' title='bbox 3141 582 3461 648; x_wconf 72' lang='grc' dir='ltr'>ἐλάττισινς</span> <span class='ocrx_word' id='word_1_20' title='bbox 3523 583 3579 636; x_wconf 96' lang='lat'><strong>&#39;0</strong></span> <span class='ocrx_word' id='word_1_21' title='bbox 3631 584 3810 652; x_wconf 82' lang='grc' dir='ltr'>ἅρχων</span> <span class='ocrx_word' id='word_1_22' title='bbox 3886 577 4050 634; x_wconf 84' lang='grc' dir='ltr'>εἷπε·</span> 
     </span>
    </p>
   </div>
   <div class='ocr_carea' id='block_1_4' title="bbox 797 589 2361 671">
    <p class='ocr_par' dir='ltr' id='par_1_4' title="bbox 797 589 2361 671">
     <span class='ocr_line' id='line_1_4' title="bbox 797 589 2361 671; baseline -0.012 -14"><span class='ocrx_word' id='word_1_23' title='bbox 797 604 1067 671; x_wconf 67' lang='grc' dir='ltr'>Νυριυηο.</span> <span class='ocrx_word' id='word_1_24' title='bbox 1129 597 1362 651; x_wconf 89' lang='lat' dir='ltr'><strong>Sanctus</strong></span> <span class='ocrx_word' id='word_1_25' title='bbox 1404 593 1539 646; x_wconf 91' lang='lat' dir='ltr'><strong>dixit</strong></span> <span class='ocrx_word' id='word_1_26' title='bbox 1588 590 1898 646; x_wconf 86' lang='lat' dir='ltr'><strong>Eustratius</strong></span> <span class='ocrx_word' id='word_1_27' title='bbox 1945 607 1958 643; x_wconf 87' lang='lat'><strong>:</strong></span> <span class='ocrx_word' id='word_1_28' title='bbox 2024 589 2361 654; x_wconf 80' lang='lat' dir='ltr'><strong>Quibusnam</strong></span> 
     </span>
    </p>
   </div>
   <div class='ocr_carea' id='block_1_5' title="bbox 797 680 2361 764">
    <p class='ocr_par' dir='ltr' id='par_1_5' title="bbox 797 680 2361 764">
     <span class='ocr_line' id='line_1_5' title="bbox 797 680 2361 764; baseline -0.01 -18"><span class='ocrx_word' id='word_1_29' title='bbox 797 707 993 764; x_wconf 86' lang='lat' dir='ltr'><strong>parens</strong></span> <span class='ocrx_word' id='word_1_30' title='bbox 1013 687 1372 759; x_wconf 88' lang='lat' dir='ltr'><strong>sapientibus,</strong></span> <span class='ocrx_word' id='word_1_31' title='bbox 1390 693 1484 738; x_wconf 89' lang='lat' dir='ltr'><strong>aut</strong></span> <span class='ocrx_word' id='word_1_32' title='bbox 1506 682 1921 752; x_wconf 71' lang='lat' dir='ltr'><strong>interpretibus,</strong></span> <span class='ocrx_word' id='word_1_33' title='bbox 1941 691 2036 735; x_wconf 90' lang='lat' dir='ltr'><strong>aut</strong></span> <span class='ocrx_word' id='word_1_34' title='bbox 2055 680 2361 751; x_wconf 74' lang='lat' dir='ltr'><strong>prophetis,</strong></span> 
     </span>
    </p>
   </div>
   <div class='ocr_carea' id='block_1_6' title="bbox 797 772 2362 841">
    <p class='ocr_par' dir='ltr' id='par_1_6' title="bbox 797 772 2362 841">
     <span class='ocr_line' id='line_1_6' title="bbox 797 772 2362 841; baseline -0.012 0"><span class='ocrx_word' id='word_1_35' title='bbox 797 782 1085 841; x_wconf 81' lang='lat' dir='ltr'><strong>invenistis</strong></span> <span class='ocrx_word' id='word_1_36' title='bbox 1152 794 1245 834; x_wconf 87' lang='lat' dir='ltr'><strong>eos</strong></span> <span class='ocrx_word' id='word_1_37' title='bbox 1324 791 1445 831; x_wconf 88' lang='lat' dir='ltr'><strong>esse</strong></span> <span class='ocrx_word' id='word_1_38' title='bbox 1518 772 1858 830; x_wconf 87' lang='lat' dir='ltr'><strong>adorandos?</strong></span> <span class='ocrx_word' id='word_1_39' title='bbox 1917 772 2062 826; x_wconf 91' lang='lat' dir='ltr'><strong>Dixit</strong></span> <span class='ocrx_word' id='word_1_40' title='bbox 2116 785 2362 840; x_wconf 48' lang='lat' dir='ltr'><strong>praeses:</strong></span> 
     </span>
    </p>
   </div>
   <div class='ocr_carea' id='block_1_7' title="bbox 798 861 2363 936">
    <p class='ocr_par' dir='ltr' id='par_1_7' title="bbox 798 861 2363 936">
     <span class='ocr_line' id='line_1_7' title="bbox 798 861 2363 936; baseline -0.01 -6"><span class='ocrx_word' id='word_1_41' title='bbox 798 873 1030 936; x_wconf 84' lang='lat' dir='ltr'><strong>Platoni,</strong></span> <span class='ocrx_word' id='word_1_42' title='bbox 1085 867 1387 932; x_wconf 83' lang='lat' dir='ltr'><strong>Aristoteli,</strong></span> <span class='ocrx_word' id='word_1_43' title='bbox 1441 865 1708 928; x_wconf 83' lang='lat' dir='ltr'><strong>Hermeti,</strong></span> <span class='ocrx_word' id='word_1_44' title='bbox 1761 872 1817 918; x_wconf 91' lang='lat' dir='ltr'><strong>et</strong></span> <span class='ocrx_word' id='word_1_45' title='bbox 1854 863 1974 917; x_wconf 83' lang='lat' dir='ltr'><strong>aliis</strong></span> <span class='ocrx_word' id='word_1_46' title='bbox 2005 861 2363 932; x_wconf 85' lang='lat' dir='ltr'><strong>sapientibus,</strong></span> 
     </span>
    </p>
   </div>
   <div class='ocr_carea' id='block_1_8' title="bbox 798 952 2366 1030">
    <p class='ocr_par' dir='ltr' id='par_1_8' title="bbox 798 952 2366 1030">
     <span class='ocr_line' id='line_1_8' title="bbox 798 952 2366 1030; baseline -0.006 -16"><span class='ocrx_word' id='word_1_47' title='bbox 798 975 937 1030; x_wconf 90' lang='lat' dir='ltr'><strong>quos</strong></span> <span class='ocrx_word' id='word_1_48' title='bbox 977 960 1021 1012; x_wconf 82' lang='lat' dir='ltr'><strong>si</strong></span> <span class='ocrx_word' id='word_1_49' title='bbox 1068 966 1122 1008; x_wconf 91' lang='lat' dir='ltr'><strong>tu</strong></span> <span class='ocrx_word' id='word_1_50' title='bbox 1167 970 1318 1010; x_wconf 86' lang='lat' dir='ltr'><strong>esses</strong></span> <span class='ocrx_word' id='word_1_51' title='bbox 1351 961 1632 1024; x_wconf 88' lang='lat' dir='ltr'><strong>expertus,</strong></span> <span class='ocrx_word' id='word_1_52' title='bbox 1673 968 1861 1008; x_wconf 91' lang='lat' dir='ltr'><strong>eorum</strong></span> <span class='ocrx_word' id='word_1_53' title='bbox 1902 952 2111 1006; x_wconf 79' lang='lat' dir='ltr'><strong>celeres</strong></span> <span class='ocrx_word' id='word_1_54' title='bbox 2159 966 2366 1006; x_wconf 88' lang='lat' dir='ltr'><strong>memo-</strong></span> 
     </span>
    </p>
   </div>
   <div class='ocr_carea' id='block_1_9' title="bbox 803 1040 2368 1110">
    <p class='ocr_par' dir='ltr' id='par_1_9' title="bbox 803 1040 2368 1110">
     <span class='ocr_line' id='line_1_9' title="bbox 803 1040 2368 1110; baseline -0.006 -6"><span class='ocrx_word' id='word_1_55' title='bbox 803 1067 956 1110; x_wconf 68' lang='lat' dir='ltr'><strong>rzam,</strong></span> <span class='ocrx_word' id='word_1_56' title='bbox 1015 1063 1046 1102; x_wconf 91' lang='lat'><strong>0</strong></span> <span class='ocrx_word' id='word_1_57' title='bbox 1080 1045 1343 1107; x_wconf 84' lang='lat' dir='ltr'><strong>Eustrati,</strong></span> <span class='ocrx_word' id='word_1_58' title='bbox 1373 1058 1494 1097; x_wconf 90' lang='lat' dir='ltr'><strong>cum</strong></span> <span class='ocrx_word' id='word_1_59' title='bbox 1530 1043 1640 1097; x_wconf 87' lang='lat' dir='ltr'><strong>sint</strong></span> <span class='ocrx_word' id='word_1_60' title='bbox 1688 1041 1858 1096; x_wconf 83' lang='lat' dir='ltr'><strong>divini</strong></span> <span class='ocrx_word' id='word_1_61' title='bbox 1907 1042 2012 1095; x_wconf 88' lang='lat' dir='ltr'><strong>viri</strong></span> <span class='ocrx_word' id='word_1_62' title='bbox 2048 1050 2102 1096; x_wconf 90' lang='lat' dir='ltr'><strong>et</strong></span> <span class='ocrx_word' id='word_1_63' title='bbox 2134 1040 2368 1094; x_wconf 79' lang='lat' dir='ltr'><strong>admira-</strong></span> 
     </span>
    </p>
   </div>
   <div class='ocr_carea' id='block_1_10' title="bbox 799 1133 2365 1202">
    <p class='ocr_par' dir='ltr' id='par_1_10' title="bbox 799 1133 2365 1202">
     <span class='ocr_line' id='line_1_10' title="bbox 799 1133 2365 1202; baseline -0.006 -7"><span class='ocrx_word' id='word_1_64' title='bbox 799 1143 952 1194; x_wconf 85' lang='lat' dir='ltr'><strong>biles.</strong></span> <span class='ocrx_word' id='word_1_65' title='bbox 1011 1137 1244 1193; x_wconf 84' lang='lat' dir='ltr'><strong>Sanctus</strong></span> <span class='ocrx_word' id='word_1_66' title='bbox 1287 1135 1424 1188; x_wconf 91' lang='lat' dir='ltr'><strong>dixit</strong></span> <span class='ocrx_word' id='word_1_67' title='bbox 1481 1134 1837 1202; x_wconf 83' lang='lat' dir='ltr'><strong>Eustratius:</strong></span> <span class='ocrx_word' id='word_1_68' title='bbox 1902 1133 2115 1187; x_wconf 85' lang='lat' dir='ltr'><strong>Nullius</strong></span> <span class='ocrx_word' id='word_1_69' title='bbox 2166 1133 2365 1187; x_wconf 89' lang='lat' dir='ltr'><strong>borum</strong></span> 
     </span>
    </p>
   </div>
   <div class='ocr_carea' id='block_1_11' title="bbox 801 1227 2366 1298">
    <p class='ocr_par' dir='ltr' id='par_1_11' title="bbox 801 1227 2366 1298">
     <span class='ocr_line' id='line_1_11' title="bbox 801 1227 2366 1298; baseline -0.004 -12"><span class='ocrx_word' id='word_1_70' title='bbox 801 1234 930 1286; x_wconf 84' lang='lat' dir='ltr'><strong>milii</strong></span> <span class='ocrx_word' id='word_1_71' title='bbox 973 1240 1100 1286; x_wconf 88' lang='lat' dir='ltr'><strong>sunt</strong></span> <span class='ocrx_word' id='word_1_72' title='bbox 1147 1230 1329 1298; x_wconf 79' lang='lat' dir='ltr'><strong>ignota</strong></span> <span class='ocrx_word' id='word_1_73' title='bbox 1371 1228 1651 1298; x_wconf 80' lang='lat' dir='ltr'><strong>mysteria,</strong></span> <span class='ocrx_word' id='word_1_74' title='bbox 1688 1227 1783 1281; x_wconf 87' lang='lat' dir='ltr'><strong>sed</strong></span> <span class='ocrx_word' id='word_1_75' title='bbox 1834 1227 1902 1280; x_wconf 86' lang='lat' dir='ltr'><strong>ab</strong></span> <span class='ocrx_word' id='word_1_76' title='bbox 1952 1228 2172 1280; x_wconf 80' lang='lat' dir='ltr'><strong>ineunte</strong></span> <span class='ocrx_word' id='word_1_77' title='bbox 2208 1235 2366 1280; x_wconf 67' lang='lat' dir='ltr'><strong>aetate</strong></span> 
     </span>
    </p>
   </div>
   <div class='ocr_carea' id='block_1_12' title="bbox 797 1318 2366 1389">
    <p class='ocr_par' dir='ltr' id='par_1_12' title="bbox 797 1318 2366 1389">
     <span class='ocr_line' id='line_1_12' title="bbox 797 1318 2366 1389; baseline -0.004 -12"><span class='ocrx_word' id='word_1_78' title='bbox 797 1340 990 1378; x_wconf 76' lang='lat' dir='ltr'><strong>eorum</strong></span> <span class='ocrx_word' id='word_1_79' title='bbox 1030 1322 1198 1376; x_wconf 81' lang='lat' dir='ltr'><strong>habui</strong></span> <span class='ocrx_word' id='word_1_80' title='bbox 1254 1320 1672 1389; x_wconf 82' lang='lat' dir='ltr'><strong>experientiam.</strong></span> <span class='ocrx_word' id='word_1_81' title='bbox 1731 1318 1831 1384; x_wconf 87' lang='lat' dir='ltr'><strong>Qui</strong></span> <span class='ocrx_word' id='word_1_82' title='bbox 1874 1319 2038 1372; x_wconf 90' lang='lat' dir='ltr'><strong>etiam</strong></span> <span class='ocrx_word' id='word_1_83' title='bbox 2072 1318 2126 1372; x_wconf 92' lang='lat' dir='ltr'><strong>in</strong></span> <span class='ocrx_word' id='word_1_84' title='bbox 2160 1319 2366 1372; x_wconf 89' lang='lat' dir='ltr'><strong>musica</strong></span> 
     </span>
    </p>
   </div>
   <div class='ocr_carea' id='block_1_13' title="bbox 802 1411 2368 1486">
    <p class='ocr_par' dir='ltr' id='par_1_13' title="bbox 802 1411 2368 1486">
     <span class='ocr_line' id='line_1_13' title="bbox 802 1411 2368 1486; baseline -0.002 -20"><span class='ocrx_word' id='word_1_85' title='bbox 802 1418 1028 1486; x_wconf 72' lang='grc' dir='ltr'><strong>ι,υὶυ1ιι·ε</strong></span> <span class='ocrx_word' id='word_1_86' title='bbox 1064 1431 1182 1468; x_wconf 89' lang='lat' dir='ltr'><strong>sum</strong></span> <span class='ocrx_word' id='word_1_87' title='bbox 1221 1423 1487 1475; x_wconf 82' lang='lat' dir='ltr'><strong>versatus,</strong></span> <span class='ocrx_word' id='word_1_88' title='bbox 1525 1423 1582 1466; x_wconf 88' lang='lat' dir='ltr'><strong>ut</strong></span> <span class='ocrx_word' id='word_1_89' title='bbox 1611 1411 1700 1465; x_wconf 78' lang='lat' dir='ltr'><strong>cui</strong></span> <span class='ocrx_word' id='word_1_90' title='bbox 1734 1411 1990 1482; x_wconf 77' lang='lat' dir='ltr'><strong>obtigerit</strong></span> <span class='ocrx_word' id='word_1_91' title='bbox 2024 1421 2177 1480; x_wconf 83' lang='lat' dir='ltr'><strong>pater</strong></span> <span class='ocrx_word' id='word_1_92' title='bbox 2198 1412 2368 1464; x_wconf 85' lang='lat' dir='ltr'><strong>virtu-</strong></span> 
     </span>
    </p>
   </div>
   <div class='ocr_carea' id='block_1_14' title="bbox 803 1503 2367 1575">
    <p class='ocr_par' dir='ltr' id='par_1_14' title="bbox 803 1503 2367 1575">
     <span class='ocr_line' id='line_1_14' title="bbox 803 1503 2367 1575; baseline -0.004 -12"><span class='ocrx_word' id='word_1_93' title='bbox 803 1524 870 1563; x_wconf 80' lang='lat' dir='ltr'><strong>tis</strong></span> <span class='ocrx_word' id='word_1_94' title='bbox 899 1509 1177 1562; x_wconf 77' lang='lat' dir='ltr'><strong>studiosus</strong></span> <span class='ocrx_word' id='word_1_95' title='bbox 1211 1547 1221 1557; x_wconf 92' lang='lat'><strong>.</strong></span> <span class='ocrx_word' id='word_1_96' title='bbox 1287 1514 1362 1569; x_wconf 91' lang='lat' dir='ltr'><strong>et,</strong></span> <span class='ocrx_word' id='word_1_97' title='bbox 1397 1505 1440 1559; x_wconf 88' lang='lat' dir='ltr'><strong>si</strong></span> <span class='ocrx_word' id='word_1_98' title='bbox 1473 1506 1652 1575; x_wconf 90' lang='lat' dir='ltr'><strong>iubes,</strong></span> <span class='ocrx_word' id='word_1_99' title='bbox 1697 1503 2025 1573; x_wconf 79' lang='lat' dir='ltr'><strong>incipiamus</strong></span> <span class='ocrx_word' id='word_1_100' title='bbox 2075 1504 2308 1572; x_wconf 90' lang='lat' dir='ltr'><strong>primum</strong></span> <span class='ocrx_word' id='word_1_101' title='bbox 2339 1517 2367 1556; x_wconf 87' lang='lat' dir='ltr'><strong>a</strong></span> 
     </span>
    </p>
   </div>
   <div class='ocr_carea' id='block_1_15' title="bbox 800 1595 2368 1667">
    <p class='ocr_par' dir='ltr' id='par_1_15' title="bbox 800 1595 2368 1667">
     <span class='ocr_line' id='line_1_15' title="bbox 800 1595 2368 1667; baseline -0.006 -11"><span class='ocrx_word' id='word_1_102' title='bbox 800 1604 1024 1657; x_wconf 77' lang='lat' dir='ltr'><strong>Platone</strong></span> <span class='ocrx_word' id='word_1_103' title='bbox 1097 1599 1241 1652; x_wconf 79' lang='lat' dir='ltr'><strong>Dixit</strong></span> <span class='ocrx_word' id='word_1_104' title='bbox 1304 1612 1553 1667; x_wconf 59' lang='lat' dir='ltr'><strong>praises:</strong></span> <span class='ocrx_word' id='word_1_105' title='bbox 1604 1597 1918 1650; x_wconf 87' lang='lat' dir='ltr'><strong>Invenimus</strong></span> <span class='ocrx_word' id='word_1_106' title='bbox 1969 1597 2247 1650; x_wconf 82' lang='lat' dir='ltr'><strong>l&#39;latonem</strong></span> <span class='ocrx_word' id='word_1_107' title='bbox 2313 1595 2368 1648; x_wconf 92' lang='lat' dir='ltr'><strong>in</strong></span> 
     </span>
    </p>
   </div>
   <div class='ocr_carea' id='block_1_16' title="bbox 802 1686 2370 1760">
    <p class='ocr_par' dir='ltr' id='par_1_16' title="bbox 802 1686 2370 1760">
     <span class='ocr_line' id='line_1_16' title="bbox 802 1686 2370 1760; baseline -0.004 -14"><span class='ocrx_word' id='word_1_108' title='bbox 802 1695 962 1750; x_wconf 76' lang='lat' dir='ltr'><strong>libro,</strong></span> <span class='ocrx_word' id='word_1_109' title='bbox 999 1693 1089 1760; x_wconf 88' lang='lat' dir='ltr'><strong>qui</strong></span> <span class='ocrx_word' id='word_1_110' title='bbox 1122 1688 1441 1744; x_wconf 87' lang='lat' dir='ltr'><strong>inscribitur</strong></span> <span class='ocrx_word' id='word_1_111' title='bbox 1466 1687 1709 1751; x_wconf 69' lang='lat' dir='ltr'><strong>Timaeus,</strong></span> <span class='ocrx_word' id='word_1_112' title='bbox 1757 1686 2108 1742; x_wconf 86' lang='lat' dir='ltr'><strong>descendisse</strong></span> <span class='ocrx_word' id='word_1_113' title='bbox 2164 1688 2218 1740; x_wconf 91' lang='lat' dir='ltr'><strong>in</strong></span> <span class='ocrx_word' id='word_1_114' title='bbox 2270 1687 2370 1757; x_wconf 81' lang='lat' dir='ltr'><strong>Py-</strong></span> 
     </span>
    </p>
   </div>
   <div class='ocr_carea' id='block_1_17' title="bbox 801 1778 2371 1848">
    <p class='ocr_par' dir='ltr' id='par_1_17' title="bbox 801 1778 2371 1848">
     <span class='ocr_line' id='line_1_17' title="bbox 801 1778 2371 1848; baseline -0.004 -11"><span class='ocrx_word' id='word_1_115' title='bbox 801 1799 992 1847; x_wconf 66' lang='lat' dir='ltr'><strong>raium,</strong></span> <span class='ocrx_word' id='word_1_116' title='bbox 1049 1793 1103 1835; x_wconf 92' lang='lat' dir='ltr'><strong>et</strong></span> <span class='ocrx_word' id='word_1_117' title='bbox 1155 1789 1433 1848; x_wconf 90' lang='lat' dir='ltr'><strong>precatum</strong></span> <span class='ocrx_word' id='word_1_118' title='bbox 1482 1794 1604 1833; x_wconf 90' lang='lat' dir='ltr'><strong>esse</strong></span> <span class='ocrx_word' id='word_1_119' title='bbox 1671 1779 1849 1832; x_wconf 88' lang='lat' dir='ltr'><strong>deam.</strong></span> <span class='ocrx_word' id='word_1_120' title='bbox 1905 1778 2100 1833; x_wconf 87' lang='lat' dir='ltr'><strong>Tibine</strong></span> <span class='ocrx_word' id='word_1_121' title='bbox 2156 1778 2371 1833; x_wconf 88' lang='lat' dir='ltr'><strong>videtur</strong></span> 
     </span>
    </p>
   </div>
   <div class='ocr_carea' id='block_1_18' title="bbox 3937 385 4046 447">
    <p class='ocr_par' dir='ltr' id='par_1_18' title="bbox 3937 385 4046 447">
     <span class='ocr_line' id='line_1_18' title="bbox 3937 385 4046 447; baseline -0.018 0"><span class='ocrx_word' id='word_1_122' title='bbox 3937 385 4046 447; x_wconf 72' lang='grc'><strong>492</strong></span> 
     </span>
    </p>
   </div>
   <div class='ocr_carea' id='block_1_19' title="bbox 2708 491 4048 562">
    <p class='ocr_par' dir='ltr' id='par_1_19' title="bbox 2708 491 4048 562">
     <span class='ocr_line' id='line_1_19' title="bbox 2708 491 4048 562; baseline -0.002 -14"><span class='ocrx_word' id='word_1_123' title='bbox 2708 495 2814 548; x_wconf 74' lang='grc' dir='ltr'><strong>Καὶ</strong></span> <span class='ocrx_word' id='word_1_124' title='bbox 2857 493 2994 562; x_wconf 82' lang='grc' dir='ltr'>Θεῷ,</span> <span class='ocrx_word' id='word_1_125' title='bbox 3043 494 3134 545; x_wconf 77' lang='grc' dir='ltr'>καὶ</span> <span class='ocrx_word' id='word_1_126' title='bbox 3183 492 3344 554; x_wconf 80' lang='grc' dir='ltr'>θεοῖς.</span> <span class='ocrx_word' id='word_1_127' title='bbox 3401 491 3458 544; x_wconf 86' lang='lat'><strong>&#39;0</strong></span> <span class='ocrx_word' id='word_1_128' title='bbox 3508 492 3658 558; x_wconf 75' lang='grc' dir='ltr'>ἅγιος</span> <span class='ocrx_word' id='word_1_129' title='bbox 3712 493 4048 562; x_wconf 72' lang='grc' dir='ltr'>Εὖστράτιος</span> 
     </span>
    </p>
   </div>
   <div class='ocr_carea' id='block_1_20' title="bbox 2472 673 4048 743">
    <p class='ocr_par' dir='ltr' id='par_1_20' title="bbox 2472 673 4048 743">
     <span class='ocr_line' id='line_1_20' title="bbox 2472 673 4048 743; baseline -0.002 -16"><span class='ocrx_word' id='word_1_130' title='bbox 2472 673 2604 727; x_wconf 83' lang='grc' dir='ltr'>Ναί.</span> <span class='ocrx_word' id='word_1_131' title='bbox 2638 673 2730 743; x_wconf 85' lang='grc' dir='ltr'><strong>Τῷ</strong></span> <span class='ocrx_word' id='word_1_132' title='bbox 2772 675 2856 725; x_wconf 71' lang='grc' dir='ltr'><strong>Διὶ</strong></span> <span class='ocrx_word' id='word_1_133' title='bbox 2908 673 3197 742; x_wconf 84' lang='grc' dir='ltr'>πρότερον,</span> <span class='ocrx_word' id='word_1_134' title='bbox 3253 673 3348 726; x_wconf 75' lang='grc' dir='ltr'>καὶ</span> <span class='ocrx_word' id='word_1_135' title='bbox 3405 674 3528 726; x_wconf 82' lang='grc' dir='ltr'>τότε</span> <span class='ocrx_word' id='word_1_136' title='bbox 3578 673 3657 742; x_wconf 79' lang='grc' dir='ltr'>τῷ</span> <span class='ocrx_word' id='word_1_137' title='bbox 3723 673 4048 735; x_wconf 77' lang='grc' dir='ltr'>’Δπόλλωνι,</span> 
     </span>
    </p>
   </div>
   <div class='ocr_carea' id='block_1_21' title="bbox 2470 759 4050 835">
    <p class='ocr_par' dir='ltr' id='par_1_21' title="bbox 2470 759 4050 835">
     <span class='ocr_line' id='line_1_21' title="bbox 2470 759 4050 835; baseline -0.002 -17"><span class='ocrx_word' id='word_1_138' title='bbox 2470 765 2564 818; x_wconf 81' lang='grc' dir='ltr'>καὶ</span> <span class='ocrx_word' id='word_1_139' title='bbox 2617 764 2935 818; x_wconf 87' lang='grc' dir='ltr'>Ποσειδῶνι.</span> <span class='ocrx_word' id='word_1_140' title='bbox 3003 765 3058 818; x_wconf 91' lang='lat'><strong>&#39;0</strong></span> <span class='ocrx_word' id='word_1_141' title='bbox 3101 765 3255 832; x_wconf 77' lang='grc' dir='ltr'>ἅγιος</span> <span class='ocrx_word' id='word_1_142' title='bbox 3304 764 3641 835; x_wconf 81' lang='grc' dir='ltr'>Εὐστράτιος</span> <span class='ocrx_word' id='word_1_143' title='bbox 3692 759 3878 816; x_wconf 76' lang='grc' dir='ltr'>εἶπεν·</span> <span class='ocrx_word' id='word_1_144' title='bbox 3922 765 4050 816; x_wconf 82' lang='grc' dir='ltr'>Τίσι</span> 
     </span>
    </p>
   </div>
   <div class='ocr_carea' id='block_1_22' title="bbox 2469 856 4046 928">
    <p class='ocr_par' dir='ltr' id='par_1_22' title="bbox 2469 856 4046 928">
     <span class='ocr_line' id='line_1_22' title="bbox 2469 856 4046 928; baseline -0.001 -18"><span class='ocrx_word' id='word_1_145' title='bbox 2469 859 2652 926; x_wconf 73' lang='grc' dir='ltr'>σοφοῖς</span> <span class='ocrx_word' id='word_1_146' title='bbox 2717 857 2750 928; x_wconf 80' lang='grc' dir='ltr'>ἢ</span> <span class='ocrx_word' id='word_1_147' title='bbox 2807 857 3104 927; x_wconf 66' lang='grc' dir='ltr'>ἐξηγηταῖς</span> <span class='ocrx_word' id='word_1_148' title='bbox 3166 857 3504 927; x_wconf 85' lang='grc' dir='ltr'>πειθόμενοι,</span> <span class='ocrx_word' id='word_1_149' title='bbox 3567 856 3792 920; x_wconf 78' lang='grc' dir='ltr'><strong>τούτους</strong></span> <span class='ocrx_word' id='word_1_150' title='bbox 3849 856 4046 926; x_wconf 81' lang='grc' dir='ltr'>εὕρετε</span> 
     </span>
    </p>
   </div>
   <div class='ocr_carea' id='block_1_23' title="bbox 2467 944 4048 1021">
    <p class='ocr_par' dir='ltr' id='par_1_23' title="bbox 2467 944 4048 1021">
     <span class='ocr_line' id='line_1_23' title="bbox 2467 944 4048 1021; baseline -0.002 -17"><span class='ocrx_word' id='word_1_151' title='bbox 2467 951 2924 1021; x_wconf 81' lang='grc' dir='ltr'>προσκυνεῖσθαι;</span> <span class='ocrx_word' id='word_1_152' title='bbox 2968 950 3026 1004; x_wconf 94' lang='lat'><strong>&#39;0</strong></span> <span class='ocrx_word' id='word_1_153' title='bbox 3068 949 3251 1020; x_wconf 72' lang='grc' dir='ltr'>ἄρχων</span> <span class='ocrx_word' id='word_1_154' title='bbox 3323 944 3446 1001; x_wconf 76' lang='grc' dir='ltr'>εἷπε</span> <span class='ocrx_word' id='word_1_155' title='bbox 3475 965 3490 978; x_wconf 86' lang='grc'><strong>·</strong></span> <span class='ocrx_word' id='word_1_156' title='bbox 3548 949 3839 1013; x_wconf 86' lang='grc' dir='ltr'>Πλάτωνι,</span> <span class='ocrx_word' id='word_1_157' title='bbox 3899 951 4048 1015; x_wconf 76' lang='grc' dir='ltr'>Ἀρι-</span> 
     </span>
    </p>
   </div>
   <div class='ocr_carea' id='block_1_24' title="bbox 2473 1036 4049 1113">
    <p class='ocr_par' dir='ltr' id='par_1_24' title="bbox 2473 1036 4049 1113">
     <span class='ocr_line' id='line_1_24' title="bbox 2473 1036 4049 1113; baseline -0.003 -15"><span class='ocrx_word' id='word_1_158' title='bbox 2473 1043 2737 1110; x_wconf 76' lang='grc' dir='ltr'>στοτὲλει,</span> <span class='ocrx_word' id='word_1_159' title='bbox 2779 1042 2977 1113; x_wconf 77' lang='grc' dir='ltr'>Ἐρμῇ,</span> <span class='ocrx_word' id='word_1_160' title='bbox 3014 1042 3111 1095; x_wconf 74' lang='grc' dir='ltr'>καὶ</span> <span class='ocrx_word' id='word_1_161' title='bbox 3138 1045 3263 1105; x_wconf 87' lang='grc' dir='ltr'>τοῖς</span> <span class='ocrx_word' id='word_1_162' title='bbox 3295 1040 3503 1105; x_wconf 81' lang='grc' dir='ltr'>λοιποῖς</span> <span class='ocrx_word' id='word_1_163' title='bbox 3530 1044 3733 1112; x_wconf 77' lang='grc' dir='ltr'>σοφοῖς,</span> <span class='ocrx_word' id='word_1_164' title='bbox 3755 1036 3829 1095; x_wconf 85' lang='grc' dir='ltr'><strong>ῶν</strong></span> <span class='ocrx_word' id='word_1_165' title='bbox 3853 1044 3902 1095; x_wconf 81' lang='grc' dir='ltr'>εί</span> <span class='ocrx_word' id='word_1_166' title='bbox 3927 1043 4049 1108; x_wconf 69' lang='grc' dir='ltr'><strong>εγέο</strong></span> 
     </span>
    </p>
   </div>
   <div class='ocr_carea' id='block_1_25' title="bbox 2469 1131 4045 1205">
    <p class='ocr_par' dir='ltr' id='par_1_25' title="bbox 2469 1131 4045 1205">
     <span class='ocr_line' id='line_1_25' title="bbox 2469 1131 4045 1205; baseline -0.003 -17"><span class='ocrx_word' id='word_1_167' title='bbox 2469 1153 2560 1188; x_wconf 89' lang='grc' dir='ltr'><strong>νου</strong></span> <span class='ocrx_word' id='word_1_168' title='bbox 2592 1139 2650 1187; x_wconf 77' lang='grc' dir='ltr'>ἐν</span> <span class='ocrx_word' id='word_1_169' title='bbox 2675 1135 2879 1205; x_wconf 78' lang='grc' dir='ltr'>πείρᾳ,</span> <span class='ocrx_word' id='word_1_170' title='bbox 2917 1133 3101 1196; x_wconf 67' lang='lat' dir='ltr'><strong>Eat-:65;</strong></span> <span class='ocrx_word' id='word_1_171' title='bbox 3143 1135 3210 1186; x_wconf 81' lang='grc' dir='ltr'>ἂν</span> <span class='ocrx_word' id='word_1_172' title='bbox 3238 1133 3418 1186; x_wconf 84' lang='grc' dir='ltr'>αὐτῶν</span> <span class='ocrx_word' id='word_1_173' title='bbox 3448 1134 3548 1195; x_wconf 75' lang='grc' dir='ltr'>τὰς</span> <span class='ocrx_word' id='word_1_174' title='bbox 3581 1137 3825 1203; x_wconf 81' lang='grc' dir='ltr'><strong>μνήμας,</strong></span> <span class='ocrx_word' id='word_1_175' title='bbox 3859 1150 3903 1186; x_wconf 92' lang='grc' dir='ltr'><strong>ω</strong></span> <span class='ocrx_word' id='word_1_176' title='bbox 3935 1131 4045 1184; x_wconf 74' lang='grc' dir='ltr'><strong>Εὐ-</strong></span> 
     </span>
    </p>
   </div>
   <div class='ocr_carea' id='block_1_26' title="bbox 2470 1223 4048 1297">
    <p class='ocr_par' dir='ltr' id='par_1_26' title="bbox 2470 1223 4048 1297">
     <span class='ocr_line' id='line_1_26' title="bbox 2470 1223 4048 1297; baseline -0.004 -17"><span class='ocrx_word' id='word_1_177' title='bbox 2470 1225 2714 1297; x_wconf 82' lang='grc' dir='ltr'>στρὰτιε,</span> <span class='ocrx_word' id='word_1_178' title='bbox 2767 1227 2930 1288; x_wconf 55' lang='grc' dir='ltr'>ὅπωξ</span> <span class='ocrx_word' id='word_1_179' title='bbox 2979 1225 3293 1293; x_wconf 70' lang='grc' dir='ltr'>θαυμαστοὶ</span> <span class='ocrx_word' id='word_1_180' title='bbox 3348 1225 3442 1277; x_wconf 85' lang='grc' dir='ltr'>καὶ</span> <span class='ocrx_word' id='word_1_181' title='bbox 3499 1223 3633 1275; x_wconf 79' lang='grc' dir='ltr'>θεῖοι</span> <span class='ocrx_word' id='word_1_182' title='bbox 3707 1224 4048 1292; x_wconf 77' lang='grc' dir='ltr'><strong>ὑπάρχουσιν</strong></span> 
     </span>
    </p>
   </div>
   <div class='ocr_carea' id='block_1_27' title="bbox 2472 1311 4043 1386">
    <p class='ocr_par' dir='ltr' id='par_1_27' title="bbox 2472 1311 4043 1386">
     <span class='ocr_line' id='line_1_27' title="bbox 2472 1311 4043 1386; baseline -0.004 -17"><span class='ocrx_word' id='word_1_183' title='bbox 2472 1318 2686 1386; x_wconf 80' lang='grc' dir='ltr'>ἄνδρες.</span> <span class='ocrx_word' id='word_1_184' title='bbox 2733 1316 2792 1369; x_wconf 91' lang='lat'><strong>&#39;0</strong></span> <span class='ocrx_word' id='word_1_185' title='bbox 2829 1317 2983 1380; x_wconf 69' lang='grc' dir='ltr'>ἅγιος</span> <span class='ocrx_word' id='word_1_186' title='bbox 3019 1314 3355 1383; x_wconf 82' lang='grc' dir='ltr'>Εύστράτιος</span> <span class='ocrx_word' id='word_1_187' title='bbox 3408 1311 3560 1367; x_wconf 85' lang='grc' dir='ltr'>εἶπεν</span> <span class='ocrx_word' id='word_1_188' title='bbox 3598 1330 3611 1344; x_wconf 77' lang='grc'><strong><em>⁸</em></strong></span> <span class='ocrx_word' id='word_1_189' title='bbox 3653 1313 3882 1376; x_wconf 78' lang='grc' dir='ltr'>Οὐδενὸς</span> <span class='ocrx_word' id='word_1_190' title='bbox 3916 1313 4043 1365; x_wconf 84' lang='grc' dir='ltr'>τού-</span> 
     </span>
    </p>
   </div>
   <div class='ocr_carea' id='block_1_28' title="bbox 2470 1406 4045 1480">
    <p class='ocr_par' dir='ltr' id='par_1_28' title="bbox 2470 1406 4045 1480">
     <span class='ocr_line' id='line_1_28' title="bbox 2470 1406 4045 1480; baseline -0.004 -20"><span class='ocrx_word' id='word_1_191' title='bbox 2470 1426 2581 1460; x_wconf 85' lang='grc' dir='ltr'><strong>των</strong></span> <span class='ocrx_word' id='word_1_192' title='bbox 2622 1408 2872 1477; x_wconf 77' lang='grc' dir='ltr'><strong>ἀμύητος</strong></span> <span class='ocrx_word' id='word_1_193' title='bbox 2901 1409 3153 1480; x_wconf 83' lang='grc' dir='ltr'><strong>ὑπάρχω,</strong></span> <span class='ocrx_word' id='word_1_194' title='bbox 3191 1407 3328 1459; x_wconf 77' lang='grc' dir='ltr'>ἀλλὰ</span> <span class='ocrx_word' id='word_1_195' title='bbox 3376 1406 3596 1459; x_wconf 83' lang='grc' dir='ltr'>πάντων</span> <span class='ocrx_word' id='word_1_196' title='bbox 3642 1407 3698 1458; x_wconf 81' lang='grc' dir='ltr'>ὲν</span> <span class='ocrx_word' id='word_1_197' title='bbox 3737 1407 3904 1475; x_wconf 66' lang='grc' dir='ltr'>πείρᾳ</span> <span class='ocrx_word' id='word_1_198' title='bbox 3951 1423 4045 1472; x_wconf 78' lang='grc' dir='ltr'><strong>γε·</strong></span> 
     </span>
    </p>
   </div>
   <div class='ocr_carea' id='block_1_29' title="bbox 2470 1499 4048 1571">
    <p class='ocr_par' dir='ltr' id='par_1_29' title="bbox 2470 1499 4048 1571">
     <span class='ocr_line' id='line_1_29' title="bbox 2470 1499 4048 1571; baseline -0.003 -19"><span class='ocrx_word' id='word_1_199' title='bbox 2470 1503 2710 1570; x_wconf 81' lang='grc' dir='ltr'>γένημαι</span> <span class='ocrx_word' id='word_1_200' title='bbox 2736 1503 2798 1554; x_wconf 84' lang='grc' dir='ltr'>ὲκ</span> <span class='ocrx_word' id='word_1_201' title='bbox 2830 1503 3032 1571; x_wconf 82' lang='grc' dir='ltr'>νεαρᾶς</span> <span class='ocrx_word' id='word_1_202' title='bbox 3114 1501 3332 1569; x_wconf 83' lang='grc' dir='ltr'>ἡλικίας</span> <span class='ocrx_word' id='word_1_203' title='bbox 3386 1517 3398 1529; x_wconf 92' lang='grc'><strong>·</strong></span> <span class='ocrx_word' id='word_1_204' title='bbox 3440 1499 3782 1569; x_wconf 79' lang='grc' dir='ltr'>κατώρθωκα</span> <span class='ocrx_word' id='word_1_205' title='bbox 3811 1500 3916 1567; x_wconf 74' lang='grc' dir='ltr'><strong>γὰρ</strong></span> <span class='ocrx_word' id='word_1_206' title='bbox 3949 1499 4048 1567; x_wconf 73' lang='grc' dir='ltr'>τὴν</span> 
     </span>
    </p>
   </div>
   <div class='ocr_carea' id='block_1_30' title="bbox 2481 1591 4048 1665">
    <p class='ocr_par' dir='ltr' id='par_1_30' title="bbox 2481 1591 4048 1665">
     <span class='ocr_line' id='line_1_30' title="bbox 2481 1591 4048 1665; baseline -0.004 -17"><span class='ocrx_word' id='word_1_207' title='bbox 2481 1593 2750 1665; x_wconf 84' lang='grc' dir='ltr'>μουσικὴν</span> <span class='ocrx_word' id='word_1_208' title='bbox 2787 1596 2968 1647; x_wconf 80' lang='grc' dir='ltr'>πᾶσαν</span> <span class='ocrx_word' id='word_1_209' title='bbox 2999 1593 3299 1661; x_wconf 85' lang='grc' dir='ltr'>φιλαρέτου</span> <span class='ocrx_word' id='word_1_210' title='bbox 3330 1591 3505 1661; x_wconf 87' lang='grc' dir='ltr'>τυχὼν</span> <span class='ocrx_word' id='word_1_211' title='bbox 3550 1592 3775 1660; x_wconf 84' lang='grc' dir='ltr'>πατρός.</span> <span class='ocrx_word' id='word_1_212' title='bbox 3830 1591 3940 1642; x_wconf 73' lang='grc' dir='ltr'><strong>Καὶ</strong></span> <span class='ocrx_word' id='word_1_213' title='bbox 3999 1591 4048 1641; x_wconf 82' lang='grc' dir='ltr'><strong>εἰ</strong></span> 
     </span>
    </p>
   </div>
   <div class='ocr_carea' id='block_1_31' title="bbox 2477 1679 4048 1752">
    <p class='ocr_par' dir='ltr' id='par_1_31' title="bbox 2477 1679 4048 1752">
     <span class='ocr_line' id='line_1_31' title="bbox 2477 1679 4048 1752; baseline -0.004 -16"><span class='ocrx_word' id='word_1_214' title='bbox 2477 1682 2743 1745; x_wconf 79' lang='grc' dir='ltr'><strong>κελεύεις,</strong></span> <span class='ocrx_word' id='word_1_215' title='bbox 2793 1681 3093 1752; x_wconf 80' lang='grc' dir='ltr'><strong>ἀρξώμεθα</strong></span> <span class='ocrx_word' id='word_1_216' title='bbox 3147 1683 3414 1750; x_wconf 85' lang='grc' dir='ltr'>πρότερον</span> <span class='ocrx_word' id='word_1_217' title='bbox 3471 1681 3581 1732; x_wconf 78' lang='grc' dir='ltr'><strong>ἀπὸ</strong></span> <span class='ocrx_word' id='word_1_218' title='bbox 3639 1679 3951 1740; x_wconf 81' lang='grc' dir='ltr'>Πλάτωνος.</span> <span class='ocrx_word' id='word_1_219' title='bbox 3989 1679 4048 1730; x_wconf 92' lang='lat'><strong>&#39;0</strong></span> 
     </span>
    </p>
   </div>
   <div class='ocr_carea' id='block_1_32' title="bbox 2486 1769 4048 1842">
    <p class='ocr_par' dir='ltr' id='par_1_32' title="bbox 2486 1769 4048 1842">
     <span class='ocr_line' id='line_1_32' title="bbox 2486 1769 4048 1842; baseline -0.005 -15"><span class='ocrx_word' id='word_1_220' title='bbox 2486 1775 2670 1842; x_wconf 75' lang='grc' dir='ltr'>ἄρχων</span> <span class='ocrx_word' id='word_1_221' title='bbox 2725 1770 2880 1825; x_wconf 74' lang='grc' dir='ltr'>εἶπεν</span> <span class='ocrx_word' id='word_1_222' title='bbox 2915 1792 2926 1802; x_wconf 93' lang='grc'><strong>·</strong></span> <span class='ocrx_word' id='word_1_223' title='bbox 2970 1773 3312 1842; x_wconf 75' lang='grc' dir='ltr'>Εὑρίσκομεν</span> <span class='ocrx_word' id='word_1_224' title='bbox 3380 1772 3640 1824; x_wconf 82' lang='grc' dir='ltr'>Πλάτωνα</span> <span class='ocrx_word' id='word_1_225' title='bbox 3697 1771 3754 1820; x_wconf 78' lang='grc' dir='ltr'>ἐν</span> <span class='ocrx_word' id='word_1_226' title='bbox 3798 1772 3862 1837; x_wconf 82' lang='grc' dir='ltr'><strong>τῇ</strong></span> <span class='ocrx_word' id='word_1_227' title='bbox 3909 1769 4048 1836; x_wconf 80' lang='grc' dir='ltr'>πρὸς</span> 
     </span>
    </p>
   </div>
   <div class='ocr_carea' id='block_1_33' title="bbox 800 1845 2482 1945">
    <p class='ocr_par' dir='ltr' id='par_1_33' title="bbox 800 1845 2482 1945">
     <span class='ocr_line' id='line_1_33' title="bbox 800 1845 2482 1945; baseline -0.004 -14"><span class='ocrx_word' id='word_1_228' title='bbox 800 1880 890 1931; x_wconf 89' lang='lat' dir='ltr'><strong>hic</strong></span> <span class='ocrx_word' id='word_1_229' title='bbox 919 1893 1037 1930; x_wconf 85' lang='lat' dir='ltr'><strong>csse</strong></span> <span class='ocrx_word' id='word_1_230' title='bbox 1079 1876 1317 1945; x_wconf 63' lang='lat' dir='ltr'><strong>sapiens,</strong></span> <span class='ocrx_word' id='word_1_231' title='bbox 1352 1890 1418 1926; x_wconf 84' lang='lat' dir='ltr'><strong>an</strong></span> <span class='ocrx_word' id='word_1_232' title='bbox 1455 1874 1602 1926; x_wconf 75' lang='lat' dir='ltr'><strong>non?</strong></span> <span class='ocrx_word' id='word_1_233' title='bbox 1652 1872 1883 1926; x_wconf 90' lang='lat' dir='ltr'><strong>Sanctus</strong></span> <span class='ocrx_word' id='word_1_234' title='bbox 1933 1871 2074 1925; x_wconf 81' lang='lat' dir='ltr'><strong>dixit</strong></span> <span class='ocrx_word' id='word_1_235' title='bbox 2139 1870 2369 1925; x_wconf 81' lang='lat' dir='ltr'><strong>Eustra-</strong></span> <span class='ocrx_word' id='word_1_236' title='bbox 2406 1845 2482 1897; x_wconf 63' lang='grc' dir='ltr'><strong>θ’</strong></span> 
     </span>
    </p>
   </div>
   <div class='ocr_carea' id='block_1_34' title="bbox 2367 1845 4049 1945">
    <p class='ocr_par' dir='ltr' id='par_1_34' title="bbox 2367 1845 4049 1936">
     <span class='ocr_line' id='line_1_34' title="bbox 2367 1845 4049 1936; baseline -0.005 -18"><span class='ocrx_word' id='word_1_237' title='bbox 2367 1900 2369 1909; x_wconf 64' lang='grc' dir='ltr'><strong>ι</strong></span> <span class='ocrx_word' id='word_1_238' title='bbox 2406 1845 2443 1897; x_wconf 68' lang='grc' dir='ltr'><strong><em>Β</em></strong></span> <span class='ocrx_word' id='word_1_239' title='bbox 2473 1866 2705 1934; x_wconf 83' lang='grc' dir='ltr'><strong>Τίμαιον</strong></span> <span class='ocrx_word' id='word_1_240' title='bbox 2741 1865 2928 1936; x_wconf 75' lang='grc' dir='ltr'>βίϐλῳ,</span> <span class='ocrx_word' id='word_1_241' title='bbox 2973 1866 3054 1927; x_wconf 85' lang='grc' dir='ltr'>είς</span> <span class='ocrx_word' id='word_1_242' title='bbox 3083 1865 3172 1915; x_wconf 73' lang='grc' dir='ltr'>τὸν</span> <span class='ocrx_word' id='word_1_243' title='bbox 3210 1864 3442 1933; x_wconf 65' lang='grc' dir='ltr'>Πειραιιὶ</span> <span class='ocrx_word' id='word_1_244' title='bbox 3472 1862 3822 1925; x_wconf 78' lang='grc' dir='ltr'>κατελθόντα,</span> <span class='ocrx_word' id='word_1_245' title='bbox 3875 1877 4049 1930; x_wconf 81' lang='grc' dir='ltr'>προσ-</span> 
     </span>
    </p>
   </div>
   <div class='ocr_carea' id='block_1_35' title="bbox 800 1962 2363 2021">
    <p class='ocr_par' dir='ltr' id='par_1_35' title="bbox 800 1962 2363 2021">
     <span class='ocr_line' id='line_1_35' title="bbox 800 1962 2363 2021; baseline -0.001 -5"><span class='ocrx_word' id='word_1_246' title='bbox 800 1969 907 2021; x_wconf 74' lang='lat' dir='ltr'><strong>tius</strong></span> <span class='ocrx_word' id='word_1_247' title='bbox 942 1985 955 2019; x_wconf 86' lang='lat'><strong>:</strong></span> <span class='ocrx_word' id='word_1_248' title='bbox 1010 1967 1174 2020; x_wconf 77' lang='lat' dir='ltr'><strong>Valde</strong></span> <span class='ocrx_word' id='word_1_249' title='bbox 1200 1965 1530 2018; x_wconf 80' lang='lat' dir='ltr'><strong>condemnat</strong></span> <span class='ocrx_word' id='word_1_250' title='bbox 1561 1965 1713 2018; x_wconf 89' lang='lat' dir='ltr'><strong>Plato</strong></span> <span class='ocrx_word' id='word_1_251' title='bbox 1758 1962 1944 2018; x_wconf 82' lang='lat' dir='ltr'><strong>Jovem</strong></span> <span class='ocrx_word' id='word_1_252' title='bbox 1987 1963 2151 2016; x_wconf 91' lang='lat' dir='ltr'><strong>deum</strong></span> <span class='ocrx_word' id='word_1_253' title='bbox 2190 1973 2363 2016; x_wconf 90' lang='lat' dir='ltr'><strong>tuum.</strong></span> 
     </span>
    </p>
   </div>
   <div class='ocr_carea' id='block_1_36' title="bbox 801 2055 2368 2122">
    <p class='ocr_par' dir='ltr' id='par_1_36' title="bbox 801 2055 2368 2122">
     <span class='ocr_line' id='line_1_36' title="bbox 801 2055 2368 2122; baseline -0.003 -8"><span class='ocrx_word' id='word_1_254' title='bbox 801 2061 936 2114; x_wconf 74' lang='lat' dir='ltr'><strong>Audi</strong></span> <span class='ocrx_word' id='word_1_255' title='bbox 971 2069 1151 2112; x_wconf 84' lang='lat' dir='ltr'><strong>autem</strong></span> <span class='ocrx_word' id='word_1_256' title='bbox 1206 2057 1375 2111; x_wconf 85' lang='lat' dir='ltr'><strong>verba</strong></span> <span class='ocrx_word' id='word_1_257' title='bbox 1427 2056 1698 2111; x_wconf 82' lang='lat' dir='ltr'><strong>Platonis.</strong></span> <span class='ocrx_word' id='word_1_258' title='bbox 1752 2055 2020 2122; x_wconf 85' lang='lat' dir='ltr'><strong>Quoniam</strong></span> <span class='ocrx_word' id='word_1_259' title='bbox 2056 2072 2187 2111; x_wconf 88' lang='lat' dir='ltr'><strong>vero</strong></span> <span class='ocrx_word' id='word_1_260' title='bbox 2215 2057 2368 2109; x_wconf 78' lang='lat' dir='ltr'><strong>ince-</strong></span> 
     </span>
    </p>
   </div>
   <div class='ocr_carea' id='block_1_37' title="bbox 798 2149 2367 2221">
    <p class='ocr_par' dir='ltr' id='par_1_37' title="bbox 798 2149 2367 2221">
     <span class='ocr_line' id='line_1_37' title="bbox 798 2149 2367 2221; baseline -0.002 -17"><span class='ocrx_word' id='word_1_261' title='bbox 798 2155 925 2221; x_wconf 83' lang='lat' dir='ltr'><strong>pisti</strong></span> <span class='ocrx_word' id='word_1_262' title='bbox 957 2169 985 2203; x_wconf 88' lang='lat' dir='ltr'><strong>a</strong></span> <span class='ocrx_word' id='word_1_263' title='bbox 1014 2151 1224 2213; x_wconf 65' lang='lat' dir='ltr'><strong>Tima’o,</strong></span> <span class='ocrx_word' id='word_1_264' title='bbox 1278 2157 1333 2204; x_wconf 88' lang='lat' dir='ltr'><strong>et</strong></span> <span class='ocrx_word' id='word_1_265' title='bbox 1379 2149 1634 2202; x_wconf 87' lang='lat' dir='ltr'><strong>civilibus</strong></span> <span class='ocrx_word' id='word_1_266' title='bbox 1673 2150 1791 2218; x_wconf 88' lang='lat' dir='ltr'><strong>ejus</strong></span> <span class='ocrx_word' id='word_1_267' title='bbox 1841 2149 2202 2212; x_wconf 81' lang='lat' dir='ltr'><strong>orationibus,</strong></span> <span class='ocrx_word' id='word_1_268' title='bbox 2244 2149 2367 2201; x_wconf 83' lang='lat' dir='ltr'><strong>audi</strong></span> 
     </span>
    </p>
   </div>
   <div class='ocr_carea' id='block_1_38' title="bbox 800 2239 2368 2310">
    <p class='ocr_par' dir='ltr' id='par_1_38' title="bbox 800 2239 2368 2310">
     <span class='ocr_line' id='line_1_38' title="bbox 800 2239 2368 2310; baseline -0.001 -16"><span class='ocrx_word' id='word_1_269' title='bbox 800 2247 850 2295; x_wconf 87' lang='lat' dir='ltr'><strong>in</strong></span> <span class='ocrx_word' id='word_1_270' title='bbox 913 2241 1158 2296; x_wconf 84' lang='lat' dir='ltr'><strong>secundo</strong></span> <span class='ocrx_word' id='word_1_271' title='bbox 1189 2245 1306 2310; x_wconf 84' lang='lat' dir='ltr'><strong>ejus</strong></span> <span class='ocrx_word' id='word_1_272' title='bbox 1364 2239 1507 2292; x_wconf 90' lang='lat' dir='ltr'><strong>libro</strong></span> <span class='ocrx_word' id='word_1_273' title='bbox 1555 2253 1641 2302; x_wconf 90' lang='lat' dir='ltr'><strong>ea,</strong></span> <span class='ocrx_word' id='word_1_274' title='bbox 1689 2254 1809 2307; x_wconf 68' lang='lat' dir='ltr'><strong>qua:</strong></span> <span class='ocrx_word' id='word_1_275' title='bbox 1854 2239 1933 2292; x_wconf 90' lang='lat' dir='ltr'><strong>sic</strong></span> <span class='ocrx_word' id='word_1_276' title='bbox 1978 2249 2105 2292; x_wconf 89' lang='lat' dir='ltr'><strong>sunt</strong></span> <span class='ocrx_word' id='word_1_277' title='bbox 2153 2240 2368 2306; x_wconf 88' lang='lat' dir='ltr'><strong>posita:</strong></span> 
     </span>
    </p>
   </div>
   <div class='ocr_carea' id='block_1_39' title="bbox 801 2327 2373 2399">
    <p class='ocr_par' dir='ltr' id='par_1_39' title="bbox 801 2327 2373 2399">
     <span class='ocr_line' id='line_1_39' title="bbox 801 2327 2373 2399; baseline -0.001 -15"><span class='ocrx_word' id='word_1_278' title='bbox 801 2334 937 2384; x_wconf 61' lang='lat' dir='ltr'><strong>bella</strong></span> <span class='ocrx_word' id='word_1_279' title='bbox 974 2330 1231 2399; x_wconf 85' lang='lat' dir='ltr'><strong>quoniam</strong></span> <span class='ocrx_word' id='word_1_280' title='bbox 1285 2339 1370 2382; x_wconf 79' lang='grc' dir='ltr'>εει</span> <span class='ocrx_word' id='word_1_281' title='bbox 1418 2327 1613 2394; x_wconf 87' lang='lat' dir='ltr'><strong>bonus,</strong></span> <span class='ocrx_word' id='word_1_282' title='bbox 1646 2329 1889 2382; x_wconf 89' lang='lat' dir='ltr'><strong>omnium</strong></span> <span class='ocrx_word' id='word_1_283' title='bbox 1946 2329 2208 2381; x_wconf 74' lang='lat' dir='ltr'><strong>bonorum</strong></span> <span class='ocrx_word' id='word_1_284' title='bbox 2255 2329 2373 2382; x_wconf 85' lang='lat' dir='ltr'><strong>fuc-</strong></span> 
     </span>
    </p>
   </div>
   <div class='ocr_carea' id='block_1_40' title="bbox 801 2418 2372 2480">
    <p class='ocr_par' dir='ltr' id='par_1_40' title="bbox 801 2418 2372 2480">
     <span class='ocr_line' id='line_1_40' title="bbox 801 2418 2372 2480; baseline 0.001 -7"><span class='ocrx_word' id='word_1_285' title='bbox 801 2435 872 2473; x_wconf 74' lang='grc' dir='ltr'>ι-ιι</span> <span class='ocrx_word' id='word_1_286' title='bbox 919 2437 1102 2480; x_wconf 84' lang='lat' dir='ltr'><strong>causa,</strong></span> <span class='ocrx_word' id='word_1_287' title='bbox 1160 2421 1296 2474; x_wconf 84' lang='lat' dir='ltr'><strong>sicut</strong></span> <span class='ocrx_word' id='word_1_288' title='bbox 1359 2418 1628 2473; x_wconf 88' lang='lat' dir='ltr'><strong>dicimus:</strong></span> <span class='ocrx_word' id='word_1_289' title='bbox 1716 2419 1980 2472; x_wconf 89' lang='lat' dir='ltr'><strong>malorum</strong></span> <span class='ocrx_word' id='word_1_290' title='bbox 2037 2429 2221 2474; x_wconf 90' lang='lat' dir='ltr'><strong>autem</strong></span> <span class='ocrx_word' id='word_1_291' title='bbox 2275 2436 2372 2474; x_wconf 89' lang='lat' dir='ltr'><strong>ne-</strong></span> 
     </span>
    </p>
   </div>
   <div class='ocr_carea' id='block_1_41' title="bbox 799 2508 2370 2580">
    <p class='ocr_par' dir='ltr' id='par_1_41' title="bbox 799 2508 2370 2580">
     <span class='ocr_line' id='line_1_41' title="bbox 799 2508 2370 2580; baseline -0.001 -16"><span class='ocrx_word' id='word_1_292' title='bbox 799 2527 1074 2580; x_wconf 77' lang='lat' dir='ltr'><strong>quaquam</strong></span> <span class='ocrx_word' id='word_1_293' title='bbox 1104 2526 1230 2563; x_wconf 78' lang='lat' dir='ltr'><strong>caus</strong></span> <span class='ocrx_word' id='word_1_294' title='bbox 1246 2525 1289 2561; x_wconf 69' lang='lat' dir='ltr'><strong>.l.</strong></span> <span class='ocrx_word' id='word_1_295' title='bbox 1328 2508 1396 2561; x_wconf 84' lang='lat' dir='ltr'><strong>Et</strong></span> <span class='ocrx_word' id='word_1_296' title='bbox 1425 2509 1697 2562; x_wconf 88' lang='lat' dir='ltr'><strong>bo’norum</strong></span> <span class='ocrx_word' id='word_1_297' title='bbox 1720 2509 1939 2578; x_wconf 90' lang='lat' dir='ltr'><strong>quidem</strong></span> <span class='ocrx_word' id='word_1_298' title='bbox 1964 2509 2173 2561; x_wconf 86' lang='lat' dir='ltr'><strong>nullum</strong></span> <span class='ocrx_word' id='word_1_299' title='bbox 2206 2510 2370 2563; x_wconf 89' lang='lat' dir='ltr'><strong>alium</strong></span> 
     </span>
    </p>
   </div>
   <div class='ocr_carea' id='block_1_42' title="bbox 800 2599 2372 2660">
    <p class='ocr_par' dir='ltr' id='par_1_42' title="bbox 800 2599 2372 2660">
     <span class='ocr_line' id='line_1_42' title="bbox 800 2599 2372 2660; baseline -0.001 -6"><span class='ocrx_word' id='word_1_300' title='bbox 800 2603 1052 2655; x_wconf 60' lang='lat' dir='ltr'><strong>«ineamus</strong></span> <span class='ocrx_word' id='word_1_301' title='bbox 1075 2616 1195 2654; x_wconf 84' lang='lat' dir='ltr'><strong>esse</strong></span> <span class='ocrx_word' id='word_1_302' title='bbox 1221 2614 1465 2660; x_wconf 84' lang='lat' dir='ltr'><strong>causam.</strong></span> <span class='ocrx_word' id='word_1_303' title='bbox 1499 2599 1604 2652; x_wconf 88' lang='lat' dir='ltr'><strong>nisi</strong></span> <span class='ocrx_word' id='word_1_304' title='bbox 1642 2599 1812 2652; x_wconf 90' lang='lat' dir='ltr'><strong>Deum</strong></span> <span class='ocrx_word' id='word_1_305' title='bbox 1843 2615 1858 2654; x_wconf 89' lang='lat'><strong>:</strong></span> <span class='ocrx_word' id='word_1_306' title='bbox 1892 2599 2158 2652; x_wconf 87' lang='lat' dir='ltr'><strong>malorum</strong></span> <span class='ocrx_word' id='word_1_307' title='bbox 2191 2611 2372 2655; x_wconf 76' lang='lat' dir='ltr'><strong>autem</strong></span> 
     </span>
    </p>
   </div>
   <div class='ocr_carea' id='block_1_43' title="bbox 803 2690 2371 2760">
    <p class='ocr_par' dir='ltr' id='par_1_43' title="bbox 803 2690 2371 2760">
     <span class='ocr_line' id='line_1_43' title="bbox 803 2690 2371 2760; baseline -0.001 -13"><span class='ocrx_word' id='word_1_308' title='bbox 803 2710 909 2747; x_wconf 87' lang='lat' dir='ltr'><strong>non</strong></span> <span class='ocrx_word' id='word_1_309' title='bbox 936 2707 1054 2746; x_wconf 84' lang='lat' dir='ltr'><strong>esse</strong></span> <span class='ocrx_word' id='word_1_310' title='bbox 1085 2706 1324 2746; x_wconf 83' lang='lat' dir='ltr'><strong>causam.</strong></span> <span class='ocrx_word' id='word_1_311' title='bbox 1379 2690 1482 2744; x_wconf 77' lang='lat' dir='ltr'><strong>Sed</strong></span> <span class='ocrx_word' id='word_1_312' title='bbox 1534 2690 1665 2760; x_wconf 91' lang='lat' dir='ltr'><strong>quid</strong></span> <span class='ocrx_word' id='word_1_313' title='bbox 1718 2705 1856 2759; x_wconf 83' lang='lat' dir='ltr'><strong>Opus</strong></span> <span class='ocrx_word' id='word_1_314' title='bbox 1887 2699 1969 2744; x_wconf 84' lang='lat' dir='ltr'><strong>est</strong></span> <span class='ocrx_word' id='word_1_315' title='bbox 1999 2692 2064 2745; x_wconf 83' lang='lat' dir='ltr'><strong>ab</strong></span> <span class='ocrx_word' id='word_1_316' title='bbox 2090 2691 2194 2744; x_wconf 87' lang='lat' dir='ltr'><strong>alio</strong></span> <span class='ocrx_word' id='word_1_317' title='bbox 2223 2708 2371 2760; x_wconf 73' lang='lat' dir='ltr'><strong>qua:-</strong></span> 
     </span>
    </p>
   </div>
   <div class='ocr_carea' id='block_1_44' title="bbox 806 2780 2374 2850">
    <p class='ocr_par' dir='ltr' id='par_1_44' title="bbox 806 2780 2374 2850">
     <span class='ocr_line' id='line_1_44' title="bbox 806 2780 2374 2850; baseline -0.001 -12"><span class='ocrx_word' id='word_1_318' title='bbox 806 2785 964 2838; x_wconf 85' lang='lat' dir='ltr'><strong>rerc?</strong></span> <span class='ocrx_word' id='word_1_319' title='bbox 1002 2783 1118 2837; x_wconf 71' lang='lat' dir='ltr'><strong>Non</strong></span> <span class='ocrx_word' id='word_1_320' title='bbox 1164 2792 1245 2835; x_wconf 88' lang='lat' dir='ltr'><strong>est</strong></span> <span class='ocrx_word' id='word_1_321' title='bbox 1287 2797 1416 2850; x_wconf 76' lang='lat' dir='ltr'><strong>ergo</strong></span> <span class='ocrx_word' id='word_1_322' title='bbox 1453 2780 1827 2835; x_wconf 87' lang='lat' dir='ltr'><strong>admittendus</strong></span> <span class='ocrx_word' id='word_1_323' title='bbox 1857 2781 2126 2835; x_wconf 86' lang='lat' dir='ltr'><strong>Homerus</strong></span> <span class='ocrx_word' id='word_1_324' title='bbox 2179 2793 2232 2836; x_wconf 92' lang='lat' dir='ltr'><strong>ct</strong></span> <span class='ocrx_word' id='word_1_325' title='bbox 2284 2783 2374 2836; x_wconf 88' lang='lat' dir='ltr'><strong>alii</strong></span> 
     </span>
    </p>
   </div>
   <div class='ocr_carea' id='block_1_45' title="bbox 803 2872 2369 2947">
    <p class='ocr_par' dir='ltr' id='par_1_45' title="bbox 803 2872 2369 2947">
     <span class='ocr_line' id='line_1_45' title="bbox 803 2872 2369 2947; baseline -0.003 -17"><span class='ocrx_word' id='word_1_326' title='bbox 803 2887 1001 2947; x_wconf 80' lang='lat' dir='ltr'><strong>poetae,</strong></span> <span class='ocrx_word' id='word_1_327' title='bbox 1034 2875 1124 2943; x_wconf 89' lang='lat' dir='ltr'><strong>qui</strong></span> <span class='ocrx_word' id='word_1_328' title='bbox 1169 2872 1573 2927; x_wconf 78' lang='lat' dir='ltr'><strong>dicuntJOVem</strong></span> <span class='ocrx_word' id='word_1_329' title='bbox 1602 2887 1721 2926; x_wconf 88' lang='lat' dir='ltr'><strong>csse</strong></span> <span class='ocrx_word' id='word_1_330' title='bbox 1767 2883 2050 2926; x_wconf 85' lang='lat' dir='ltr'><strong>auctorem</strong></span> <span class='ocrx_word' id='word_1_331' title='bbox 2101 2875 2369 2928; x_wconf 85' lang='lat' dir='ltr'><strong>bonorum</strong></span> 
     </span>
    </p>
   </div>
   <div class='ocr_carea' id='block_1_46' title="bbox 804 2961 2370 3031">
    <p class='ocr_par' dir='ltr' id='par_1_46' title="bbox 804 2961 2370 3031">
     <span class='ocr_line' id='line_1_46' title="bbox 804 2961 2370 3031; baseline -0.004 -11"><span class='ocrx_word' id='word_1_332' title='bbox 804 2979 860 3020; x_wconf 84' lang='lat' dir='ltr'><strong>ct</strong></span> <span class='ocrx_word' id='word_1_333' title='bbox 894 2965 1181 3017; x_wconf 87' lang='lat' dir='ltr'><strong>malorum.</strong></span> <span class='ocrx_word' id='word_1_334' title='bbox 1220 2961 1413 3016; x_wconf 77' lang='lat' dir='ltr'><strong>Violati</strong></span> <span class='ocrx_word' id='word_1_335' title='bbox 1461 2976 1590 3030; x_wconf 79' lang='lat' dir='ltr'><strong>ergo</strong></span> <span class='ocrx_word' id='word_1_336' title='bbox 1635 2961 1996 3031; x_wconf 66' lang='lat' dir='ltr'><strong>iurisiurandi</strong></span> <span class='ocrx_word' id='word_1_337' title='bbox 2050 2972 2104 3016; x_wconf 89' lang='lat' dir='ltr'><strong>et</strong></span> <span class='ocrx_word' id='word_1_338' title='bbox 2161 2963 2370 3016; x_wconf 82' lang='lat' dir='ltr'><strong>confusi</strong></span> 
     </span>
    </p>
   </div>
   <div class='ocr_carea' id='block_1_47' title="bbox 805 3049 2368 3115">
    <p class='ocr_par' dir='ltr' id='par_1_47' title="bbox 805 3049 2368 3115">
     <span class='ocr_line' id='line_1_47' title="bbox 805 3049 2368 3115; baseline -0.003 -8"><span class='ocrx_word' id='word_1_339' title='bbox 805 3054 1031 3108; x_wconf 70' lang='lat' dir='ltr'><strong>imderis</strong></span> <span class='ocrx_word' id='word_1_340' title='bbox 1055 3069 1081 3104; x_wconf 87' lang='lat' dir='ltr'><strong>a</strong></span> <span class='ocrx_word' id='word_1_341' title='bbox 1109 3050 1357 3103; x_wconf 84' lang='lat' dir='ltr'><strong>Pandoro</strong></span> <span class='ocrx_word' id='word_1_342' title='bbox 1392 3050 1656 3104; x_wconf 84' lang='lat' dir='ltr'><strong>adversus</strong></span> <span class='ocrx_word' id='word_1_343' title='bbox 1681 3049 1900 3104; x_wconf 70' lang='lat' dir='ltr'><strong>Grmcos</strong></span> <span class='ocrx_word' id='word_1_344' title='bbox 1927 3051 2222 3115; x_wconf 88' lang='lat' dir='ltr'><strong>rationem,</strong></span> <span class='ocrx_word' id='word_1_345' title='bbox 2259 3067 2368 3105; x_wconf 92' lang='lat' dir='ltr'><strong>non</strong></span> 
     </span>
    </p>
   </div>
   <div class='ocr_carea' id='block_1_48' title="bbox 808 3141 2370 3212">
    <p class='ocr_par' dir='ltr' id='par_1_48' title="bbox 808 3141 2370 3212">
     <span class='ocr_line' id='line_1_48' title="bbox 808 3141 2370 3212; baseline 0 -16"><span class='ocrx_word' id='word_1_346' title='bbox 808 3147 893 3198; x_wconf 83' lang='lat' dir='ltr'><strong>hic</strong></span> <span class='ocrx_word' id='word_1_347' title='bbox 925 3146 1156 3212; x_wconf 86' lang='lat' dir='ltr'><strong>Jupiter,</strong></span> <span class='ocrx_word' id='word_1_348' title='bbox 1192 3153 1248 3194; x_wconf 94' lang='lat' dir='ltr'><strong>ut</strong></span> <span class='ocrx_word' id='word_1_349' title='bbox 1297 3141 1433 3194; x_wconf 89' lang='lat' dir='ltr'><strong>dicit</strong></span> <span class='ocrx_word' id='word_1_350' title='bbox 1467 3141 1652 3204; x_wconf 87' lang='lat' dir='ltr'><strong>Poeta,</strong></span> <span class='ocrx_word' id='word_1_351' title='bbox 1692 3153 2005 3211; x_wconf 72' lang='lat' dir='ltr'><strong>procurarit</strong></span> <span class='ocrx_word' id='word_1_352' title='bbox 2050 3159 2147 3211; x_wconf 91' lang='lat' dir='ltr'><strong>per</strong></span> <span class='ocrx_word' id='word_1_353' title='bbox 2170 3144 2370 3198; x_wconf 81' lang='lat' dir='ltr'><strong>Miner-</strong></span> 
     </span>
    </p>
   </div>
   <div class='ocr_carea' id='block_1_49' title="bbox 806 3234 2367 3303">
    <p class='ocr_par' dir='ltr' id='par_1_49' title="bbox 806 3234 2367 3303">
     <span class='ocr_line' id='line_1_49' title="bbox 806 3234 2367 3303; baseline -0.001 -15"><span class='ocrx_word' id='word_1_354' title='bbox 806 3254 946 3291; x_wconf 78' lang='lat' dir='ltr'><strong>\am.</strong></span> <span class='ocrx_word' id='word_1_355' title='bbox 995 3236 1110 3288; x_wconf 78' lang='lat' dir='ltr'><strong>Non</strong></span> <span class='ocrx_word' id='word_1_356' title='bbox 1149 3234 1492 3288; x_wconf 86' lang='lat' dir='ltr'><strong>laudabimus</strong></span> <span class='ocrx_word' id='word_1_357' title='bbox 1532 3243 1712 3288; x_wconf 88' lang='lat' dir='ltr'><strong>autem</strong></span> <span class='ocrx_word' id='word_1_358' title='bbox 1759 3236 2073 3303; x_wconf 82' lang='lat' dir='ltr'><strong>eptionem,</strong></span> <span class='ocrx_word' id='word_1_359' title='bbox 2110 3234 2176 3287; x_wconf 86' lang='lat' dir='ltr'><strong>ad</strong></span> <span class='ocrx_word' id='word_1_360' title='bbox 2205 3250 2367 3303; x_wconf 90' lang='lat' dir='ltr'><strong>quam</strong></span> 
     </span>
    </p>
   </div>
   <div class='ocr_carea' id='block_1_50' title="bbox 805 3327 2369 3400">
    <p class='ocr_par' dir='ltr' id='par_1_50' title="bbox 805 3327 2369 3400">
     <span class='ocr_line' id='line_1_50' title="bbox 805 3327 2369 3400; baseline -0.001 -17"><span class='ocrx_word' id='word_1_361' title='bbox 805 3336 921 3400; x_wconf 85' lang='lat' dir='ltr'><strong>ipse</strong></span> <span class='ocrx_word' id='word_1_362' title='bbox 951 3331 1106 3383; x_wconf 77' lang='lat' dir='ltr'><strong>duxit</strong></span> <span class='ocrx_word' id='word_1_363' title='bbox 1147 3344 1241 3381; x_wconf 78' lang='lat' dir='ltr'><strong>eos</strong></span> <span class='ocrx_word' id='word_1_364' title='bbox 1281 3342 1418 3397; x_wconf 91' lang='lat' dir='ltr'><strong>quos</strong></span> <span class='ocrx_word' id='word_1_365' title='bbox 1448 3339 1502 3380; x_wconf 90' lang='lat' dir='ltr'><strong>tu</strong></span> <span class='ocrx_word' id='word_1_366' title='bbox 1538 3327 1668 3381; x_wconf 90' lang='lat' dir='ltr'><strong>deos</strong></span> <span class='ocrx_word' id='word_1_367' title='bbox 1705 3327 2007 3381; x_wconf 81' lang='lat' dir='ltr'><strong>existimas.</strong></span> <span class='ocrx_word' id='word_1_368' title='bbox 2055 3327 2197 3379; x_wconf 86' lang='lat' dir='ltr'><strong>Dixit</strong></span> <span class='ocrx_word' id='word_1_369' title='bbox 2239 3341 2369 3381; x_wconf 84' lang='lat' dir='ltr'><strong>vero</strong></span> 
     </span>
    </p>
   </div>
   <div class='ocr_carea' id='block_1_51' title="bbox 803 3419 2370 3491">
    <p class='ocr_par' dir='ltr' id='par_1_51' title="bbox 803 3419 2370 3491">
     <span class='ocr_line' id='line_1_51' title="bbox 803 3419 2370 3491; baseline -0.002 -15"><span class='ocrx_word' id='word_1_370' title='bbox 803 3421 1115 3491; x_wconf 67' lang='lat' dir='ltr'><strong>ALschylus,</strong></span> <span class='ocrx_word' id='word_1_371' title='bbox 1169 3420 1336 3473; x_wconf 79' lang='lat' dir='ltr'><strong>Deum</strong></span> <span class='ocrx_word' id='word_1_372' title='bbox 1379 3434 1599 3474; x_wconf 87' lang='lat' dir='ltr'><strong>causam</strong></span> <span class='ocrx_word' id='word_1_373' title='bbox 1664 3420 1967 3488; x_wconf 88' lang='lat' dir='ltr'><strong>producere</strong></span> <span class='ocrx_word' id='word_1_374' title='bbox 2024 3419 2370 3484; x_wconf 86' lang='lat' dir='ltr'><strong>mortalibus,</strong></span> 
     </span>
    </p>
   </div>
   <div class='ocr_carea' id='block_1_52' title="bbox 805 3511 2369 3583">
    <p class='ocr_par' dir='ltr' id='par_1_52' title="bbox 805 3511 2369 3583">
     <span class='ocr_line' id='line_1_52' title="bbox 805 3511 2369 3583; baseline -0.001 -16"><span class='ocrx_word' id='word_1_375' title='bbox 805 3515 1026 3583; x_wconf 87' lang='lat' dir='ltr'><strong>quando</strong></span> <span class='ocrx_word' id='word_1_376' title='bbox 1054 3513 1167 3566; x_wconf 91' lang='lat' dir='ltr'><strong>vult</strong></span> <span class='ocrx_word' id='word_1_377' title='bbox 1210 3515 1399 3566; x_wconf 80' lang='lat' dir='ltr'><strong>domos</strong></span> <span class='ocrx_word' id='word_1_378' title='bbox 1427 3511 1687 3581; x_wconf 74' lang='lat' dir='ltr'><strong>alﬂigere,</strong></span> <span class='ocrx_word' id='word_1_379' title='bbox 1718 3521 1773 3565; x_wconf 90' lang='lat' dir='ltr'><strong>et</strong></span> <span class='ocrx_word' id='word_1_380' title='bbox 1806 3521 2054 3566; x_wconf 85' lang='lat' dir='ltr'><strong>evertere</strong></span> <span class='ocrx_word' id='word_1_381' title='bbox 2087 3511 2369 3577; x_wconf 73' lang='lat' dir='ltr'><strong>funditus;</strong></span> 
     </span>
    </p>
   </div>
   <div class='ocr_carea' id='block_1_53' title="bbox 806 3604 2370 3660">
    <p class='ocr_par' dir='ltr' id='par_1_53' title="bbox 806 3604 2370 3660">
     <span class='ocr_line' id='line_1_53' title="bbox 806 3604 2370 3660; baseline 0.001 -1"><span class='ocrx_word' id='word_1_382' title='bbox 806 3607 961 3659; x_wconf 81' lang='lat' dir='ltr'><strong>Plato</strong></span> <span class='ocrx_word' id='word_1_383' title='bbox 993 3617 1172 3658; x_wconf 90' lang='lat' dir='ltr'><strong>autem</strong></span> <span class='ocrx_word' id='word_1_384' title='bbox 1219 3605 1274 3658; x_wconf 90' lang='lat' dir='ltr'><strong>in</strong></span> <span class='ocrx_word' id='word_1_385' title='bbox 1329 3621 1427 3658; x_wconf 85' lang='lat' dir='ltr'><strong>sua</strong></span> <span class='ocrx_word' id='word_1_386' title='bbox 1494 3605 1717 3658; x_wconf 83' lang='lat' dir='ltr'><strong>civitate</strong></span> <span class='ocrx_word' id='word_1_387' title='bbox 1773 3604 2049 3658; x_wconf 90' lang='lat' dir='ltr'><strong>neminem</strong></span> <span class='ocrx_word' id='word_1_388' title='bbox 2097 3604 2211 3658; x_wconf 90' lang='lat' dir='ltr'><strong>vult</strong></span> <span class='ocrx_word' id='word_1_389' title='bbox 2255 3604 2370 3660; x_wconf 64' lang='lat' dir='ltr'><strong>haec</strong></span> 
     </span>
    </p>
   </div>
   <div class='ocr_carea' id='block_1_54' title="bbox 807 3695 2368 3764">
    <p class='ocr_par' dir='ltr' id='par_1_54' title="bbox 807 3695 2368 3764">
     <span class='ocr_line' id='line_1_54' title="bbox 807 3695 2368 3764; baseline -0.001 -14"><span class='ocrx_word' id='word_1_390' title='bbox 807 3697 989 3751; x_wconf 90' lang='lat' dir='ltr'><strong>dicere</strong></span> <span class='ocrx_word' id='word_1_391' title='bbox 1027 3704 1120 3750; x_wconf 88' lang='lat' dir='ltr'><strong>aut</strong></span> <span class='ocrx_word' id='word_1_392' title='bbox 1152 3695 1363 3758; x_wconf 88' lang='lat' dir='ltr'><strong>audire,</strong></span> <span class='ocrx_word' id='word_1_393' title='bbox 1414 3709 1592 3764; x_wconf 86' lang='lat' dir='ltr'><strong>neque</strong></span> <span class='ocrx_word' id='word_1_394' title='bbox 1638 3696 1920 3762; x_wconf 86' lang='lat' dir='ltr'><strong>juvenem,</strong></span> <span class='ocrx_word' id='word_1_395' title='bbox 1958 3698 2132 3762; x_wconf 87' lang='lat' dir='ltr'><strong>neque</strong></span> <span class='ocrx_word' id='word_1_396' title='bbox 2161 3709 2368 3750; x_wconf 86' lang='lat' dir='ltr'><strong>senem.</strong></span> 
     </span>
    </p>
   </div>
   <div class='ocr_carea' id='block_1_55' title="bbox 804 3785 2372 3854">
    <p class='ocr_par' dir='ltr' id='par_1_55' title="bbox 804 3785 2372 3854">
     <span class='ocr_line' id='line_1_55' title="bbox 804 3785 2372 3854; baseline -0.002 -11"><span class='ocrx_word' id='word_1_397' title='bbox 804 3789 1084 3844; x_wconf 78' lang='lat' dir='ltr'><strong>Nefarium</strong></span> <span class='ocrx_word' id='word_1_398' title='bbox 1105 3788 1252 3841; x_wconf 86' lang='lat' dir='ltr'><strong>enim</strong></span> <span class='ocrx_word' id='word_1_399' title='bbox 1284 3799 1390 3849; x_wconf 81' lang='grc' dir='ltr'>εει,</span> <span class='ocrx_word' id='word_1_400' title='bbox 1425 3787 1594 3840; x_wconf 88' lang='lat' dir='ltr'><strong>Deum</strong></span> <span class='ocrx_word' id='word_1_401' title='bbox 1642 3785 1810 3841; x_wconf 83' lang='lat' dir='ltr'><strong>fuisse</strong></span> <span class='ocrx_word' id='word_1_402' title='bbox 1852 3786 2202 3854; x_wconf 89' lang='lat' dir='ltr'><strong>parricidam,</strong></span> <span class='ocrx_word' id='word_1_403' title='bbox 2232 3787 2372 3842; x_wconf 88' lang='lat' dir='ltr'><strong>sicut</strong></span> 
     </span>
    </p>
   </div>
   <div class='ocr_carea' id='block_1_56' title="bbox 807 3876 2375 3949">
    <p class='ocr_par' dir='ltr' id='par_1_56' title="bbox 807 3876 2375 3949">
     <span class='ocr_line' id='line_1_56' title="bbox 807 3876 2375 3949; baseline 0 -16"><span class='ocrx_word' id='word_1_404' title='bbox 807 3881 897 3934; x_wconf 92' lang='lat' dir='ltr'><strong>hic</strong></span> <span class='ocrx_word' id='word_1_405' title='bbox 929 3879 1157 3947; x_wconf 82' lang='lat' dir='ltr'><strong>Jupiter,</strong></span> <span class='ocrx_word' id='word_1_406' title='bbox 1212 3878 1304 3946; x_wconf 89' lang='lat' dir='ltr'><strong>qui</strong></span> <span class='ocrx_word' id='word_1_407' title='bbox 1347 3893 1493 3931; x_wconf 89' lang='lat' dir='ltr'><strong>nunc</strong></span> <span class='ocrx_word' id='word_1_408' title='bbox 1539 3877 1740 3932; x_wconf 90' lang='lat' dir='ltr'><strong>colitur</strong></span> <span class='ocrx_word' id='word_1_409' title='bbox 1798 3892 1827 3930; x_wconf 87' lang='lat' dir='ltr'><strong>a</strong></span> <span class='ocrx_word' id='word_1_410' title='bbox 1879 3876 2054 3942; x_wconf 86' lang='lat' dir='ltr'><strong>vobis,</strong></span> <span class='ocrx_word' id='word_1_411' title='bbox 2094 3877 2246 3944; x_wconf 81' lang='lat' dir='ltr'><strong>fecit,</strong></span> <span class='ocrx_word' id='word_1_412' title='bbox 2279 3880 2375 3949; x_wconf 91' lang='lat' dir='ltr'><strong>qui</strong></span> 
     </span>
    </p>
   </div>
   <div class='ocr_carea' id='block_1_57' title="bbox 811 3969 2373 4038">
    <p class='ocr_par' dir='ltr' id='par_1_57' title="bbox 811 3969 2373 4038">
     <span class='ocr_line' id='line_1_57' title="bbox 811 3969 2373 4038; baseline 0.002 -14"><span class='ocrx_word' id='word_1_413' title='bbox 811 3986 973 4024; x_wconf 92' lang='lat' dir='ltr'><strong>suum</strong></span> <span class='ocrx_word' id='word_1_414' title='bbox 1014 3979 1221 4038; x_wconf 88' lang='lat' dir='ltr'><strong>patrem</strong></span> <span class='ocrx_word' id='word_1_415' title='bbox 1273 3969 1568 4023; x_wconf 83' lang='lat' dir='ltr'><strong>Saturnum</strong></span> <span class='ocrx_word' id='word_1_416' title='bbox 1613 3969 1810 4038; x_wconf 89' lang='lat' dir='ltr'><strong>deiecit</strong></span> <span class='ocrx_word' id='word_1_417' title='bbox 1851 3969 1918 4022; x_wconf 93' lang='lat' dir='ltr'><strong>de</strong></span> <span class='ocrx_word' id='word_1_418' title='bbox 1955 3969 2128 4033; x_wconf 71' lang='lat' dir='ltr'><strong>etnlis,</strong></span> <span class='ocrx_word' id='word_1_419' title='bbox 2160 3979 2215 4023; x_wconf 90' lang='lat' dir='ltr'><strong>et</strong></span> <span class='ocrx_word' id='word_1_420' title='bbox 2249 3987 2373 4026; x_wconf 91' lang='lat' dir='ltr'><strong>eum</strong></span> 
     </span>
    </p>
   </div>
   <div class='ocr_carea' id='block_1_58' title="bbox 811 4061 2372 4131">
    <p class='ocr_par' dir='ltr' id='par_1_58' title="bbox 811 4061 2372 4131">
     <span class='ocr_line' id='line_1_58' title="bbox 811 4061 2372 4131; baseline 0 -14"><span class='ocrx_word' id='word_1_421' title='bbox 811 4063 1066 4117; x_wconf 90' lang='lat' dir='ltr'><strong>contrivit</strong></span> <span class='ocrx_word' id='word_1_422' title='bbox 1096 4081 1108 4116; x_wconf 90' lang='lat'><strong>:</strong></span> <span class='ocrx_word' id='word_1_423' title='bbox 1144 4070 1236 4116; x_wconf 91' lang='lat' dir='ltr'><strong>aut</strong></span> <span class='ocrx_word' id='word_1_424' title='bbox 1292 4061 1496 4115; x_wconf 79' lang='lat' dir='ltr'><strong>factum</strong></span> <span class='ocrx_word' id='word_1_425' title='bbox 1535 4076 1654 4114; x_wconf 88' lang='lat' dir='ltr'><strong>esse</strong></span> <span class='ocrx_word' id='word_1_426' title='bbox 1689 4076 1944 4131; x_wconf 74' lang='lat' dir='ltr'><strong>cygnum,</strong></span> <span class='ocrx_word' id='word_1_427' title='bbox 1995 4073 2054 4116; x_wconf 93' lang='lat' dir='ltr'><strong>ut</strong></span> <span class='ocrx_word' id='word_1_428' title='bbox 2087 4064 2372 4117; x_wconf 89' lang='lat' dir='ltr'><strong>mortalem</strong></span> 
     </span>
    </p>
   </div>
   <div class='ocr_carea' id='block_1_59' title="bbox 811 4153 2374 4223">
    <p class='ocr_par' dir='ltr' id='par_1_59' title="bbox 811 4153 2374 4223">
     <span class='ocr_line' id='line_1_59' title="bbox 811 4153 2374 4223; baseline 0.001 -14"><span class='ocrx_word' id='word_1_429' title='bbox 811 4155 1090 4223; x_wconf 84' lang='lat' dir='ltr'><strong>deciperet</strong></span> <span class='ocrx_word' id='word_1_430' title='bbox 1149 4153 1457 4218; x_wconf 87' lang='lat' dir='ltr'><strong>mulierem,</strong></span> <span class='ocrx_word' id='word_1_431' title='bbox 1513 4161 1568 4205; x_wconf 90' lang='lat' dir='ltr'><strong>et</strong></span> <span class='ocrx_word' id='word_1_432' title='bbox 1619 4168 1740 4206; x_wconf 87' lang='lat' dir='ltr'><strong>eam</strong></span> <span class='ocrx_word' id='word_1_433' title='bbox 1804 4154 2048 4208; x_wconf 85' lang='lat' dir='ltr'><strong>vitiaret.</strong></span> <span class='ocrx_word' id='word_1_434' title='bbox 2108 4155 2374 4210; x_wconf 69' lang='lat' dir='ltr'><strong>Prteterea</strong></span> 
     </span>
    </p>
   </div>
   <div class='ocr_carea' id='block_1_60' title="bbox 812 4243 2374 4314">
    <p class='ocr_par' dir='ltr' id='par_1_60' title="bbox 812 4243 2374 4314">
     <span class='ocr_line' id='line_1_60' title="bbox 812 4243 2374 4314; baseline -0.001 -14"><span class='ocrx_word' id='word_1_435' title='bbox 812 4262 940 4301; x_wconf 84' lang='lat' dir='ltr'><strong>vero</strong></span> <span class='ocrx_word' id='word_1_436' title='bbox 964 4261 1158 4300; x_wconf 88' lang='lat' dir='ltr'><strong>rursus</strong></span> <span class='ocrx_word' id='word_1_437' title='bbox 1179 4259 1322 4314; x_wconf 66' lang='lat' dir='ltr'><strong>aegre</strong></span> <span class='ocrx_word' id='word_1_438' title='bbox 1347 4244 1454 4298; x_wconf 81' lang='lat' dir='ltr'><strong>Iert</strong></span> <span class='ocrx_word' id='word_1_439' title='bbox 1481 4244 1662 4307; x_wconf 88' lang='lat' dir='ltr'><strong>Plato,</strong></span> <span class='ocrx_word' id='word_1_440' title='bbox 1703 4245 1849 4312; x_wconf 94' lang='lat' dir='ltr'><strong>quod</strong></span> <span class='ocrx_word' id='word_1_441' title='bbox 1882 4243 2012 4297; x_wconf 84' lang='lat' dir='ltr'><strong>ﬂetu</strong></span> <span class='ocrx_word' id='word_1_442' title='bbox 2039 4256 2092 4298; x_wconf 88' lang='lat' dir='ltr'><strong>et</strong></span> <span class='ocrx_word' id='word_1_443' title='bbox 2119 4246 2374 4301; x_wconf 89' lang='lat' dir='ltr'><strong>muliebri</strong></span> 
     </span>
    </p>
   </div>
   <div class='ocr_carea' id='block_1_61' title="bbox 814 4335 2376 4405">
    <p class='ocr_par' dir='ltr' id='par_1_61' title="bbox 814 4335 2376 4405">
     <span class='ocr_line' id='line_1_61' title="bbox 814 4335 2376 4405; baseline 0 -13"><span class='ocrx_word' id='word_1_444' title='bbox 814 4340 1024 4392; x_wconf 84' lang='lat' dir='ltr'><strong>insania</strong></span> <span class='ocrx_word' id='word_1_445' title='bbox 1048 4345 1337 4405; x_wconf 88' lang='lat' dir='ltr'><strong>correptus</strong></span> <span class='ocrx_word' id='word_1_446' title='bbox 1374 4335 1511 4388; x_wconf 90' lang='lat' dir='ltr'><strong>deus</strong></span> <span class='ocrx_word' id='word_1_447' title='bbox 1537 4346 1684 4397; x_wconf 91' lang='lat' dir='ltr'><strong>tuus,</strong></span> <span class='ocrx_word' id='word_1_448' title='bbox 1708 4353 1740 4386; x_wconf 89' lang='grc' dir='ltr'><strong>ο</strong></span> <span class='ocrx_word' id='word_1_449' title='bbox 1759 4336 1945 4401; x_wconf 81' lang='lat' dir='ltr'><strong>iudex,</strong></span> <span class='ocrx_word' id='word_1_450' title='bbox 1971 4336 2168 4392; x_wconf 83' lang='lat' dir='ltr'><strong>deﬂeat</strong></span> <span class='ocrx_word' id='word_1_451' title='bbox 2191 4340 2376 4392; x_wconf 93' lang='lat' dir='ltr'><strong>incon-</strong></span> 
     </span>
    </p>
   </div>
   <div class='ocr_carea' id='block_1_62' title="bbox 814 4424 2371 4492">
    <p class='ocr_par' dir='ltr' id='par_1_62' title="bbox 814 4424 2371 4492">
     <span class='ocr_line' id='line_1_62' title="bbox 814 4424 2371 4492; baseline 0 -11"><span class='ocrx_word' id='word_1_452' title='bbox 814 4429 1112 4482; x_wconf 84' lang='lat' dir='ltr'><strong>solabiliter</strong></span> <span class='ocrx_word' id='word_1_453' title='bbox 1143 4436 1374 4479; x_wconf 90' lang='lat' dir='ltr'><strong>mortem</strong></span> <span class='ocrx_word' id='word_1_454' title='bbox 1405 4424 1760 4492; x_wconf 79' lang='lat' dir='ltr'><strong>Sarpedonis.</strong></span> <span class='ocrx_word' id='word_1_455' title='bbox 1787 4430 1868 4478; x_wconf 83' lang='lat' dir='ltr'><strong>An</strong></span> <span class='ocrx_word' id='word_1_456' title='bbox 1898 4443 2002 4479; x_wconf 81' lang='lat' dir='ltr'><strong>non</strong></span> <span class='ocrx_word' id='word_1_457' title='bbox 2038 4428 2109 4480; x_wconf 88' lang='lat' dir='ltr'><strong>ita</strong></span> <span class='ocrx_word' id='word_1_458' title='bbox 2141 4429 2256 4482; x_wconf 81' lang='lat' dir='ltr'><strong>est?</strong></span> <span class='ocrx_word' id='word_1_459' title='bbox 2292 4431 2371 4481; x_wconf 86' lang='lat' dir='ltr'><strong>An</strong></span> 
     </span>
    </p>
   </div>
   <div class='ocr_carea' id='block_1_63' title="bbox 2473 1948 4048 2028">
    <p class='ocr_par' dir='ltr' id='par_1_63' title="bbox 2473 1948 4048 2028">
     <span class='ocr_line' id='line_1_63' title="bbox 2473 1948 4048 2028; baseline -0.004 -19"><span class='ocrx_word' id='word_1_460' title='bbox 2473 1958 2760 2028; x_wconf 74' lang='grc' dir='ltr'>ευξὸμενον</span> <span class='ocrx_word' id='word_1_461' title='bbox 2815 1961 2876 2026; x_wconf 81' lang='grc' dir='ltr'>τῇ</span> <span class='ocrx_word' id='word_1_462' title='bbox 2925 1956 3050 2025; x_wconf 81' lang='grc' dir='ltr'><strong>θεῷ.</strong></span> <span class='ocrx_word' id='word_1_463' title='bbox 3089 1957 3246 2008; x_wconf 85' lang='grc' dir='ltr'>Δοκεῖ</span> <span class='ocrx_word' id='word_1_464' title='bbox 3291 1973 3371 2008; x_wconf 90' lang='grc' dir='ltr'><strong>σοι</strong></span> <span class='ocrx_word' id='word_1_465' title='bbox 3407 1955 3565 2022; x_wconf 69' lang='grc' dir='ltr'>σοφὸς</span> <span class='ocrx_word' id='word_1_466' title='bbox 3606 1948 3758 2014; x_wconf 70' lang='grc' dir='ltr'>οὗτος</span> <span class='ocrx_word' id='word_1_467' title='bbox 3801 1949 3964 2014; x_wconf 78' lang='grc' dir='ltr'>εἶναι,</span> <span class='ocrx_word' id='word_1_468' title='bbox 4017 1952 4048 2020; x_wconf 77' lang='grc' dir='ltr'>ἢ</span> 
     </span>
    </p>
   </div>
   <div class='ocr_carea' id='block_1_64' title="bbox 2472 2043 4048 2117">
    <p class='ocr_par' dir='ltr' id='par_1_64' title="bbox 2472 2043 4048 2117">
     <span class='ocr_line' id='line_1_64' title="bbox 2472 2043 4048 2117; baseline -0.005 -16"><span class='ocrx_word' id='word_1_469' title='bbox 2472 2048 2531 2101; x_wconf 71' lang='grc' dir='ltr'>οὗ</span> <span class='ocrx_word' id='word_1_470' title='bbox 2563 2068 2573 2112; x_wconf 91' lang='grc'>;</span> <span class='ocrx_word' id='word_1_471' title='bbox 2619 2049 2678 2100; x_wconf 87' lang='lat'><strong>&#39;0</strong></span> <span class='ocrx_word' id='word_1_472' title='bbox 2713 2048 2867 2117; x_wconf 71' lang='grc' dir='ltr'>ἅγιος</span> <span class='ocrx_word' id='word_1_473' title='bbox 2899 2048 3228 2116; x_wconf 76' lang='grc' dir='ltr'>Εὐστράτιος</span> <span class='ocrx_word' id='word_1_474' title='bbox 3249 2043 3423 2098; x_wconf 72' lang='grc' dir='ltr'>εἶπεν·</span> <span class='ocrx_word' id='word_1_475' title='bbox 3462 2046 3607 2097; x_wconf 81' lang='grc' dir='ltr'>Πάνυ</span> <span class='ocrx_word' id='word_1_476' title='bbox 3643 2043 4048 2110; x_wconf 78' lang='grc' dir='ltr'>καταγινώσκει</span> 
     </span>
    </p>
   </div>
   <div class='ocr_carea' id='block_1_65' title="bbox 2472 2137 4050 2206">
    <p class='ocr_par' dir='ltr' id='par_1_65' title="bbox 2472 2137 4050 2206">
     <span class='ocr_line' id='line_1_65' title="bbox 2472 2137 4050 2206; baseline -0.007 -9"><span class='ocrx_word' id='word_1_477' title='bbox 2472 2144 2699 2197; x_wconf 74' lang='grc' dir='ltr'>Πλάτων</span> <span class='ocrx_word' id='word_1_478' title='bbox 2771 2141 2895 2203; x_wconf 84' lang='grc' dir='ltr'>Διὸς</span> <span class='ocrx_word' id='word_1_479' title='bbox 2951 2141 3045 2192; x_wconf 78' lang='grc' dir='ltr'>τοῦ</span> <span class='ocrx_word' id='word_1_480' title='bbox 3108 2141 3230 2193; x_wconf 80' lang='grc' dir='ltr'>θεοῦ</span> <span class='ocrx_word' id='word_1_481' title='bbox 3291 2139 3408 2206; x_wconf 77' lang='grc' dir='ltr'>σοῦ,</span> <span class='ocrx_word' id='word_1_482' title='bbox 3458 2141 3550 2192; x_wconf 76' lang='grc' dir='ltr'>καὶ</span> <span class='ocrx_word' id='word_1_483' title='bbox 3600 2137 3764 2192; x_wconf 76' lang='grc' dir='ltr'>ἄκουε</span> <span class='ocrx_word' id='word_1_484' title='bbox 3815 2137 3958 2190; x_wconf 76' lang='grc' dir='ltr'>αὐτὰ</span> <span class='ocrx_word' id='word_1_485' title='bbox 3983 2138 4050 2187; x_wconf 70' lang='grc' dir='ltr'>τὰ</span> 
     </span>
    </p>
   </div>
   <div class='ocr_carea' id='block_1_66' title="bbox 2478 2227 4049 2306">
    <p class='ocr_par' dir='ltr' id='par_1_66' title="bbox 2478 2227 4049 2306">
     <span class='ocr_line' id='line_1_66' title="bbox 2478 2227 4049 2306; baseline -0.003 -21"><span class='ocrx_word' id='word_1_486' title='bbox 2478 2235 2702 2306; x_wconf 62' lang='grc' dir='ltr'>ῥήματα</span> <span class='ocrx_word' id='word_1_487' title='bbox 2735 2233 3051 2296; x_wconf 60' lang='grc' dir='ltr'>Πλάτωνος.</span> <span class='ocrx_word' id='word_1_488' title='bbox 3098 2231 3321 2300; x_wconf 79' lang='grc' dir='ltr'>Ἐπειδὴ</span> <span class='ocrx_word' id='word_1_489' title='bbox 3352 2233 3460 2301; x_wconf 81' lang='grc' dir='ltr'>γὰρ</span> <span class='ocrx_word' id='word_1_490' title='bbox 3490 2229 3597 2282; x_wconf 79' lang='grc' dir='ltr'><strong>ἀπὸ</strong></span> <span class='ocrx_word' id='word_1_491' title='bbox 3633 2229 3727 2282; x_wconf 79' lang='grc' dir='ltr'>τοῦ</span> <span class='ocrx_word' id='word_1_492' title='bbox 3771 2227 4049 2297; x_wconf 83' lang='grc' dir='ltr'>Πειραιῶς</span> 
     </span>
    </p>
   </div>
   <div class='ocr_carea' id='block_1_67' title="bbox 2473 2323 4043 2399">
    <p class='ocr_par' dir='ltr' id='par_1_67' title="bbox 2473 2323 4043 2399">
     <span class='ocr_line' id='line_1_67' title="bbox 2473 2323 4043 2399; baseline -0.003 -20"><span class='ocrx_word' id='word_1_493' title='bbox 2473 2328 2623 2399; x_wconf 65' lang='grc' dir='ltr'>ἤρξω</span> <span class='ocrx_word' id='word_1_494' title='bbox 2675 2331 2769 2381; x_wconf 77' lang='grc' dir='ltr'>καὶ</span> <span class='ocrx_word' id='word_1_495' title='bbox 2822 2330 2927 2381; x_wconf 62' lang='grc' dir='ltr'><strong>ἀπ’)</strong></span> <span class='ocrx_word' id='word_1_496' title='bbox 2981 2329 3088 2380; x_wconf 66' lang='grc' dir='ltr'><strong>τῶν</strong></span> <span class='ocrx_word' id='word_1_497' title='bbox 3143 2327 3437 2378; x_wconf 75' lang='grc' dir='ltr'>πολιτικῶν</span> <span class='ocrx_word' id='word_1_498' title='bbox 3495 2324 3660 2377; x_wconf 76' lang='grc' dir='ltr'>αὑτοῦ</span> <span class='ocrx_word' id='word_1_499' title='bbox 3728 2324 3933 2390; x_wconf 83' lang='grc' dir='ltr'>λόγων,</span> <span class='ocrx_word' id='word_1_500' title='bbox 3985 2323 4043 2374; x_wconf 81' lang='grc' dir='ltr'>ἐν</span> 
     </span>
    </p>
   </div>
   <div class='ocr_carea' id='block_1_68' title="bbox 2479 2413 4044 2488">
    <p class='ocr_par' dir='ltr' id='par_1_68' title="bbox 2479 2413 4044 2488">
     <span class='ocr_line' id='line_1_68' title="bbox 2479 2413 4044 2488; baseline 0.001 -18"><span class='ocrx_word' id='word_1_501' title='bbox 2479 2418 2556 2487; x_wconf 83' lang='grc' dir='ltr'>τῷ</span> <span class='ocrx_word' id='word_1_502' title='bbox 2579 2418 2818 2488; x_wconf 69' lang='grc' dir='ltr'>δευτέρῳ</span> <span class='ocrx_word' id='word_1_503' title='bbox 2866 2419 3033 2471; x_wconf 81' lang='grc' dir='ltr'>αὑτοῦ</span> <span class='ocrx_word' id='word_1_504' title='bbox 3094 2417 3287 2488; x_wconf 79' lang='grc' dir='ltr'>βιϐλίῳ</span> <span class='ocrx_word' id='word_1_505' title='bbox 3317 2419 3490 2470; x_wconf 82' lang='grc' dir='ltr'>κεῖται</span> <span class='ocrx_word' id='word_1_506' title='bbox 3515 2415 3686 2479; x_wconf 74' lang='grc' dir='ltr'>οὓτως</span> <span class='ocrx_word' id='word_1_507' title='bbox 3717 2431 3730 2445; x_wconf 76' lang='grc' dir='ltr'><strong><em>ο</em></strong></span> <span class='ocrx_word' id='word_1_508' title='bbox 3773 2416 3828 2468; x_wconf 86' lang='grc'><strong>’0</strong></span> <span class='ocrx_word' id='word_1_509' title='bbox 3890 2413 4044 2474; x_wconf 76' lang='grc' dir='ltr'>Θεὸς,</span> 
     </span>
    </p>
   </div>
   <div class='ocr_carea' id='block_1_69' title="bbox 2477 2505 4054 2580">
    <p class='ocr_par' dir='ltr' id='par_1_69' title="bbox 2477 2505 4054 2580">
     <span class='ocr_line' id='line_1_69' title="bbox 2477 2505 4054 2580; baseline -0.006 -18"><span class='ocrx_word' id='word_1_510' title='bbox 2477 2511 2672 2580; x_wconf 66' lang='grc' dir='ltr'>ἐπειδὴ</span> <span class='ocrx_word' id='word_1_511' title='bbox 2707 2511 2938 2577; x_wconf 81' lang='grc' dir='ltr'>ἀγαθὸς,</span> <span class='ocrx_word' id='word_1_512' title='bbox 2974 2511 3034 2562; x_wconf 81' lang='grc' dir='ltr'>οὐ</span> <span class='ocrx_word' id='word_1_513' title='bbox 3063 2512 3279 2562; x_wconf 74' lang='grc' dir='ltr'>πάντων</span> <span class='ocrx_word' id='word_1_514' title='bbox 3312 2511 3376 2562; x_wconf 83' lang='grc' dir='ltr'>ἂν</span> <span class='ocrx_word' id='word_1_515' title='bbox 3403 2511 3487 2579; x_wconf 79' lang='grc' dir='ltr'>εἴη</span> <span class='ocrx_word' id='word_1_516' title='bbox 3520 2509 3717 2569; x_wconf 77' lang='grc' dir='ltr'>αἴτιος,</span> <span class='ocrx_word' id='word_1_517' title='bbox 3744 2507 3817 2568; x_wconf 84' lang='grc' dir='ltr'><strong>ὡς</strong></span> <span class='ocrx_word' id='word_1_518' title='bbox 3851 2508 3898 2557; x_wconf 83' lang='lat' dir='ltr'><strong>oi</strong></span> <span class='ocrx_word' id='word_1_519' title='bbox 3929 2505 4054 2555; x_wconf 77' lang='grc' dir='ltr'>πο).-</span> 
     </span>
    </p>
   </div>
   <div class='ocr_carea' id='block_1_70' title="bbox 2477 2596 4048 2674">
    <p class='ocr_par' dir='ltr' id='par_1_70' title="bbox 2477 2596 4048 2674">
     <span class='ocr_line' id='line_1_70' title="bbox 2477 2596 4048 2674; baseline -0.003 -24"><span class='ocrx_word' id='word_1_520' title='bbox 2477 2600 2560 2652; x_wconf 77' lang='grc' dir='ltr'>λοὶ</span> <span class='ocrx_word' id='word_1_521' title='bbox 2591 2600 2866 2666; x_wconf 80' lang='grc' dir='ltr'>λέγουσιν,</span> <span class='ocrx_word' id='word_1_522' title='bbox 2904 2601 3019 2653; x_wconf 83' lang='grc' dir='ltr'>ἀλλ’</span> <span class='ocrx_word' id='word_1_523' title='bbox 3071 2601 3286 2674; x_wconf 76' lang='grc' dir='ltr'><strong>ὀλίγων¹</strong></span> <span class='ocrx_word' id='word_1_524' title='bbox 3309 2601 3408 2668; x_wconf 85' lang='grc' dir='ltr'>μὲν</span> <span class='ocrx_word' id='word_1_525' title='bbox 3451 2603 3562 2662; x_wconf 88' lang='grc' dir='ltr'>τοῖς</span> <span class='ocrx_word' id='word_1_526' title='bbox 3614 2598 3926 2666; x_wconf 81' lang='grc' dir='ltr'>ἀνθρώποις</span> <span class='ocrx_word' id='word_1_527' title='bbox 3965 2596 4048 2647; x_wconf 82' lang='grc' dir='ltr'><strong>αῖ-</strong></span> 
     </span>
    </p>
   </div>
   <div class='ocr_carea' id='block_1_71' title="bbox 2476 2675 4048 2761">
    <p class='ocr_par' dir='ltr' id='par_1_71' title="bbox 2476 2675 4048 2761">
     <span class='ocr_line' id='line_1_71' title="bbox 2476 2675 4048 2761; baseline -0.003 -19"><span class='ocrx_word' id='word_1_528' title='bbox 2476 2707 2611 2755; x_wconf 85' lang='grc' dir='ltr'>τιος,</span> <span class='ocrx_word' id='word_1_529' title='bbox 2646 2693 2742 2744; x_wconf 79' lang='grc' dir='ltr'>καὶ</span> <span class='ocrx_word' id='word_1_530' title='bbox 2771 2693 2880 2744; x_wconf 90' lang='grc' dir='ltr'><strong>τῶν</strong></span> <span class='ocrx_word' id='word_1_531' title='bbox 2906 2693 3004 2761; x_wconf 81' lang='grc' dir='ltr'>μὲν</span> <span class='ocrx_word' id='word_1_532' title='bbox 3045 2675 3278 2758; x_wconf 79' lang='grc' dir='ltr'><strong>ἀγαθῶν</strong></span> <span class='ocrx_word' id='word_1_533' title='bbox 3310 2692 3502 2744; x_wconf 72' lang='grc' dir='ltr'>οὐδένα</span> <span class='ocrx_word' id='word_1_534' title='bbox 3540 2691 3721 2759; x_wconf 80' lang='grc' dir='ltr'>φαμὲν</span> <span class='ocrx_word' id='word_1_535' title='bbox 3763 2688 3924 2741; x_wconf 76' lang='grc' dir='ltr'>ἄλλον</span> <span class='ocrx_word' id='word_1_536' title='bbox 3966 2689 4048 2738; x_wconf 82' lang='grc' dir='ltr'><strong>αῖ-</strong></span> 
     </span>
    </p>
   </div>
   <div class='ocr_carea' id='block_1_72' title="bbox 2476 2779 4056 2853">
    <p class='ocr_par' dir='ltr' id='par_1_72' title="bbox 2476 2779 4056 2853">
     <span class='ocr_line' id='line_1_72' title="bbox 2476 2779 4056 2853; baseline -0.003 -18"><span class='ocrx_word' id='word_1_537' title='bbox 2476 2801 2587 2837; x_wconf 84' lang='grc' dir='ltr'>τιον</span> <span class='ocrx_word' id='word_1_538' title='bbox 2619 2781 2754 2837; x_wconf 71' lang='grc' dir='ltr'>εἶναι</span> <span class='ocrx_word' id='word_1_539' title='bbox 2787 2786 2819 2853; x_wconf 82' lang='grc' dir='ltr'>ἢ</span> <span class='ocrx_word' id='word_1_540' title='bbox 2853 2785 2942 2838; x_wconf 78' lang='grc' dir='ltr'>τὸν</span> <span class='ocrx_word' id='word_1_541' title='bbox 3010 2785 3141 2837; x_wconf 84' lang='grc' dir='ltr'>Θεόν</span> <span class='ocrx_word' id='word_1_542' title='bbox 3188 2801 3203 2816; x_wconf 80' lang='grc' dir='ltr'><strong>ο</strong></span> <span class='ocrx_word' id='word_1_543' title='bbox 3253 2783 3359 2836; x_wconf 85' lang='grc' dir='ltr'><strong>τῶν</strong></span> <span class='ocrx_word' id='word_1_544' title='bbox 3395 2784 3450 2835; x_wconf 83' lang='grc' dir='ltr'>δὲ</span> <span class='ocrx_word' id='word_1_545' title='bbox 3502 2783 3688 2834; x_wconf 82' lang='grc' dir='ltr'>κακῶν</span> <span class='ocrx_word' id='word_1_546' title='bbox 3749 2780 3864 2833; x_wconf 74' lang='grc' dir='ltr'>ἀλλ’</span> <span class='ocrx_word' id='word_1_547' title='bbox 3918 2779 4056 2832; x_wconf 77' lang='grc' dir='ltr'>ἄττα</span> 
     </span>
    </p>
   </div>
   <div class='ocr_carea' id='block_1_73' title="bbox 2477 2875 4057 2948">
    <p class='ocr_par' dir='ltr' id='par_1_73' title="bbox 2477 2875 4057 2948">
     <span class='ocr_line' id='line_1_73' title="bbox 2477 2875 4057 2948; baseline -0.003 -17"><span class='ocrx_word' id='word_1_548' title='bbox 2477 2878 2557 2931; x_wconf 81' lang='grc' dir='ltr'><strong>δεῖ</strong></span> <span class='ocrx_word' id='word_1_549' title='bbox 2607 2879 2787 2948; x_wconf 79' lang='grc' dir='ltr'><strong>ζητεῖν</strong></span> <span class='ocrx_word' id='word_1_550' title='bbox 2819 2879 2885 2932; x_wconf 86' lang='grc' dir='ltr'>τὰ</span> <span class='ocrx_word' id='word_1_551' title='bbox 2926 2878 3098 2942; x_wconf 63' lang='lat' dir='ltr'><strong>uitta,</strong></span> <span class='ocrx_word' id='word_1_552' title='bbox 3149 2878 3284 2931; x_wconf 81' lang='grc' dir='ltr'>ἀλλὰ</span> <span class='ocrx_word' id='word_1_553' title='bbox 3335 2877 3395 2928; x_wconf 80' lang='grc' dir='ltr'>οὐ</span> <span class='ocrx_word' id='word_1_554' title='bbox 3450 2875 3538 2928; x_wconf 76' lang='grc' dir='ltr'>τὸν</span> <span class='ocrx_word' id='word_1_555' title='bbox 3577 2876 3731 2930; x_wconf 85' lang='grc' dir='ltr'>Θεόν,</span> <span class='ocrx_word' id='word_1_556' title='bbox 3785 2876 3899 2927; x_wconf 72' lang='grc' dir='ltr'><strong>Οὐκ</strong></span> <span class='ocrx_word' id='word_1_557' title='bbox 3946 2875 4057 2944; x_wconf 78' lang='grc' dir='ltr'>ἄρα</span> 
     </span>
    </p>
   </div>
   <div class='ocr_carea' id='block_1_74' title="bbox 2480 2965 4054 3039">
    <p class='ocr_par' dir='ltr' id='par_1_74' title="bbox 2480 2965 4054 3039">
     <span class='ocr_line' id='line_1_74' title="bbox 2480 2965 4054 3039; baseline -0.005 -15"><span class='ocrx_word' id='word_1_558' title='bbox 2480 2974 2808 3025; x_wconf 80' lang='grc' dir='ltr'>ἀποδεκτέον</span> <span class='ocrx_word' id='word_1_559' title='bbox 2834 2971 2958 3023; x_wconf 73' lang='grc' dir='ltr'>οὕτε</span> <span class='ocrx_word' id='word_1_560' title='bbox 2991 2972 3241 3039; x_wconf 85' lang='grc' dir='ltr'>Ὀμηρον</span> <span class='ocrx_word' id='word_1_561' title='bbox 3275 2969 3394 3021; x_wconf 72' lang='grc' dir='ltr'>οὗτε</span> <span class='ocrx_word' id='word_1_562' title='bbox 3424 2967 3581 3019; x_wconf 79' lang='grc' dir='ltr'>ἄλλον</span> <span class='ocrx_word' id='word_1_563' title='bbox 3610 2965 3861 3036; x_wconf 77' lang='grc' dir='ltr'>ποιητὴν,</span> <span class='ocrx_word' id='word_1_564' title='bbox 3895 2967 4054 3018; x_wconf 82' lang='grc' dir='ltr'>ὁπότε</span> 
     </span>
    </p>
   </div>
   <div class='ocr_carea' id='block_1_75' title="bbox 2483 3061 4054 3132">
    <p class='ocr_par' dir='ltr' id='par_1_75' title="bbox 2483 3061 4054 3132">
     <span class='ocr_line' id='line_1_75' title="bbox 2483 3061 4054 3132; baseline -0.004 -15"><span class='ocrx_word' id='word_1_565' title='bbox 2483 3065 2615 3128; x_wconf 80' lang='grc' dir='ltr'>Ζεὺς</span> <span class='ocrx_word' id='word_1_566' title='bbox 2655 3066 2877 3132; x_wconf 81' lang='grc' dir='ltr'>ἀγαθῶν</span> <span class='ocrx_word' id='word_1_567' title='bbox 2916 3082 2974 3115; x_wconf 90' lang='grc' dir='ltr'>τε</span> <span class='ocrx_word' id='word_1_568' title='bbox 3000 3065 3093 3116; x_wconf 72' lang='grc' dir='ltr'>καὶ</span> <span class='ocrx_word' id='word_1_569' title='bbox 3127 3064 3310 3115; x_wconf 83' lang='grc' dir='ltr'>κακῶν</span> <span class='ocrx_word' id='word_1_570' title='bbox 3341 3063 3509 3124; x_wconf 77' lang='grc' dir='ltr'>αἴτιος</span> <span class='ocrx_word' id='word_1_571' title='bbox 3539 3063 3826 3124; x_wconf 78' lang='grc' dir='ltr'>τέτακται,</span> <span class='ocrx_word' id='word_1_572' title='bbox 3863 3061 3962 3128; x_wconf 78' lang='grc' dir='ltr'>τήν</span> <span class='ocrx_word' id='word_1_573' title='bbox 3993 3075 4054 3110; x_wconf 90' lang='grc' dir='ltr'>τε</span> 
     </span>
    </p>
   </div>
   <div class='ocr_carea' id='block_1_76' title="bbox 2482 3151 4057 3224">
    <p class='ocr_par' dir='ltr' id='par_1_76' title="bbox 2482 3151 4057 3224">
     <span class='ocr_line' id='line_1_76' title="bbox 2482 3151 4057 3224; baseline -0.003 -18"><span class='ocrx_word' id='word_1_574' title='bbox 2482 3156 2591 3207; x_wconf 88' lang='grc' dir='ltr'><strong>τῶν</strong></span> <span class='ocrx_word' id='word_1_575' title='bbox 2621 3157 2799 3224; x_wconf 75' lang='grc' dir='ltr'>ὅρκων</span> <span class='ocrx_word' id='word_1_576' title='bbox 2847 3154 2940 3206; x_wconf 75' lang='grc' dir='ltr'>καὶ</span> <span class='ocrx_word' id='word_1_577' title='bbox 2987 3153 3096 3205; x_wconf 87' lang='grc' dir='ltr'><strong>τῶν</strong></span> <span class='ocrx_word' id='word_1_578' title='bbox 3152 3153 3396 3205; x_wconf 79' lang='grc' dir='ltr'>σπονδῶν</span> <span class='ocrx_word' id='word_1_579' title='bbox 3447 3151 3713 3220; x_wconf 75' lang='grc' dir='ltr'>σύγχυσιν</span> <span class='ocrx_word' id='word_1_580' title='bbox 3758 3151 3854 3220; x_wconf 81' lang='grc' dir='ltr'>τὴν</span> <span class='ocrx_word' id='word_1_581' title='bbox 3911 3153 4057 3202; x_wconf 76' lang='grc' dir='ltr'>κατά</span> 
     </span>
    </p>
   </div>
   <div class='ocr_carea' id='block_1_77' title="bbox 2478 3244 4057 3316">
    <p class='ocr_par' dir='ltr' id='par_1_77' title="bbox 2478 3244 4057 3316">
     <span class='ocr_line' id='line_1_77' title="bbox 2478 3244 4057 3316; baseline -0.003 -18"><span class='ocrx_word' id='word_1_582' title='bbox 2478 3248 2588 3298; x_wconf 76' lang='grc' dir='ltr'><strong>τῶν</strong></span> <span class='ocrx_word' id='word_1_583' title='bbox 2631 3247 2888 3315; x_wconf 80' lang='grc' dir='ltr'>Ἀχαιῶν,</span> <span class='ocrx_word' id='word_1_584' title='bbox 2916 3247 2981 3316; x_wconf 81' lang='grc' dir='ltr'>ἣν</span> <span class='ocrx_word' id='word_1_585' title='bbox 3008 3245 3035 3295; x_wconf 80' lang='grc' dir='ltr'>ὁ</span> <span class='ocrx_word' id='word_1_586' title='bbox 3069 3245 3351 3314; x_wconf 73' lang='grc' dir='ltr'>Πάνδωρος</span> <span class='ocrx_word' id='word_1_587' title='bbox 3386 3246 3655 3314; x_wconf 78' lang='grc' dir='ltr'>συνέχεεν,</span> <span class='ocrx_word' id='word_1_588' title='bbox 3702 3244 3794 3296; x_wconf 72' lang='grc' dir='ltr'><strong>ἐὰν</strong></span> <span class='ocrx_word' id='word_1_589' title='bbox 3841 3260 3923 3306; x_wconf 83' lang='grc' dir='ltr'><strong>τις</strong></span> <span class='ocrx_word' id='word_1_590' title='bbox 3979 3245 4057 3312; x_wconf 66' lang='grc' dir='ltr'>φῇ</span> 
     </span>
    </p>
   </div>
   <div class='ocr_carea' id='block_1_78' title="bbox 2484 3335 4060 3406">
    <p class='ocr_par' dir='ltr' id='par_1_78' title="bbox 2484 3335 4060 3406">
     <span class='ocr_line' id='line_1_78' title="bbox 2484 3335 4060 3406; baseline -0.002 -16"><span class='ocrx_word' id='word_1_591' title='bbox 2484 3337 2550 3390; x_wconf 84' lang='grc' dir='ltr'><strong>δι’</strong></span> <span class='ocrx_word' id='word_1_592' title='bbox 2603 3338 2832 3406; x_wconf 79' lang='grc' dir='ltr'>Ἀθηνᾶς</span> <span class='ocrx_word' id='word_1_593' title='bbox 2862 3354 2922 3388; x_wconf 84' lang='grc' dir='ltr'>τε</span> <span class='ocrx_word' id='word_1_594' title='bbox 2972 3338 3065 3390; x_wconf 75' lang='grc' dir='ltr'>καὶ</span> <span class='ocrx_word' id='word_1_595' title='bbox 3114 3336 3233 3399; x_wconf 81' lang='grc' dir='ltr'>Διὸς</span> <span class='ocrx_word' id='word_1_596' title='bbox 3283 3338 3606 3403; x_wconf 79' lang='grc' dir='ltr'>γεγονέναι·</span> <span class='ocrx_word' id='word_1_597' title='bbox 3644 3338 3743 3388; x_wconf 63' lang='grc' dir='ltr'>οὒκ</span> <span class='ocrx_word' id='word_1_598' title='bbox 3777 3335 4060 3387; x_wconf 63' lang='grc' dir='ltr'>ἐπαινεσὸ-</span> 
     </span>
    </p>
   </div>
   <div class='ocr_carea' id='block_1_79' title="bbox 2491 3426 4056 3500">
    <p class='ocr_par' dir='ltr' id='par_1_79' title="bbox 2491 3426 4056 3500">
     <span class='ocr_line' id='line_1_79' title="bbox 2491 3426 4056 3500; baseline 0 -22"><span class='ocrx_word' id='word_1_599' title='bbox 2491 3428 2651 3495; x_wconf 85' lang='grc' dir='ltr'>μεθα,</span> <span class='ocrx_word' id='word_1_600' title='bbox 2681 3429 2801 3481; x_wconf 80' lang='grc' dir='ltr'>οὐδὲ</span> <span class='ocrx_word' id='word_1_601' title='bbox 2831 3429 2970 3481; x_wconf 85' lang='grc' dir='ltr'>θεῶν</span> <span class='ocrx_word' id='word_1_602' title='bbox 3000 3429 3114 3498; x_wconf 78' lang='grc' dir='ltr'>ἔριν</span> <span class='ocrx_word' id='word_1_603' title='bbox 3149 3445 3204 3480; x_wconf 84' lang='grc' dir='ltr'><strong>τε</strong></span> <span class='ocrx_word' id='word_1_604' title='bbox 3252 3430 3344 3480; x_wconf 75' lang='grc' dir='ltr'>καὶ</span> <span class='ocrx_word' id='word_1_605' title='bbox 3397 3428 3599 3500; x_wconf 86' lang='grc' dir='ltr'>κρίσιν,</span> <span class='ocrx_word' id='word_1_606' title='bbox 3639 3428 3723 3495; x_wconf 75' lang='grc' dir='ltr'><strong>ἐφ’</strong></span> <span class='ocrx_word' id='word_1_607' title='bbox 3774 3430 3840 3498; x_wconf 76' lang='grc' dir='ltr'>ἣν</span> <span class='ocrx_word' id='word_1_608' title='bbox 3893 3426 4056 3489; x_wconf 72' lang='grc' dir='ltr'>αὐτὸς</span> 
     </span>
    </p>
   </div>
   <div class='ocr_carea' id='block_1_80' title="bbox 2485 3519 4060 3590">
    <p class='ocr_par' dir='ltr' id='par_1_80' title="bbox 2485 3519 4060 3590">
     <span class='ocr_line' id='line_1_80' title="bbox 2485 3519 4060 3590; baseline -0.002 -18"><span class='ocrx_word' id='word_1_609' title='bbox 2485 3519 2709 3574; x_wconf 72' lang='grc' dir='ltr'>πέποιθε</span> <span class='ocrx_word' id='word_1_610' title='bbox 2734 3520 2823 3573; x_wconf 81' lang='grc' dir='ltr'>διὰ</span> <span class='ocrx_word' id='word_1_611' title='bbox 2853 3520 3078 3590; x_wconf 85' lang='grc' dir='ltr'>Θέμιδός</span> <span class='ocrx_word' id='word_1_612' title='bbox 3126 3538 3184 3572; x_wconf 88' lang='grc' dir='ltr'><strong>τε</strong></span> <span class='ocrx_word' id='word_1_613' title='bbox 3230 3521 3324 3574; x_wconf 79' lang='grc' dir='ltr'>καὶ</span> <span class='ocrx_word' id='word_1_614' title='bbox 3370 3521 3513 3587; x_wconf 82' lang='grc' dir='ltr'>Διὸς,</span> <span class='ocrx_word' id='word_1_615' title='bbox 3563 3520 3653 3583; x_wconf 83' lang='grc' dir='ltr'><strong>οὒς</strong></span> <span class='ocrx_word' id='word_1_616' title='bbox 3706 3521 3770 3574; x_wconf 75' lang='grc' dir='ltr'>σὺ</span> <span class='ocrx_word' id='word_1_617' title='bbox 3819 3521 4060 3589; x_wconf 78' lang='grc' dir='ltr'>νομίζεις</span> 
     </span>
    </p>
   </div>
   <div class='ocr_carea' id='block_1_81' title="bbox 2488 3613 4060 3685">
    <p class='ocr_par' dir='ltr' id='par_1_81' title="bbox 2488 3613 4060 3685">
     <span class='ocr_line' id='line_1_81' title="bbox 2488 3613 4060 3685; baseline -0.002 -18"><span class='ocrx_word' id='word_1_618' title='bbox 2488 3614 2642 3677; x_wconf 83' lang='grc' dir='ltr'>θεούς</span> <span class='ocrx_word' id='word_1_619' title='bbox 2671 3631 2685 3646; x_wconf 75' lang='grc' dir='ltr'><strong>ο</strong></span> <span class='ocrx_word' id='word_1_620' title='bbox 2757 3616 2864 3668; x_wconf 79' lang='grc' dir='ltr'>οὐδ’</span> <span class='ocrx_word' id='word_1_621' title='bbox 2891 3613 2983 3670; x_wconf 82' lang='grc' dir='ltr'>οὖν</span> <span class='ocrx_word' id='word_1_622' title='bbox 3013 3616 3085 3678; x_wconf 84' lang='grc' dir='ltr'>ὡς</span> <span class='ocrx_word' id='word_1_623' title='bbox 3138 3616 3400 3685; x_wconf 73' lang='grc' dir='ltr'>Αἰσχύλος</span> <span class='ocrx_word' id='word_1_624' title='bbox 3430 3615 3599 3683; x_wconf 80' lang='grc' dir='ltr'>λέγει,</span> <span class='ocrx_word' id='word_1_625' title='bbox 3650 3617 3734 3668; x_wconf 88' lang='grc' dir='ltr'><strong>δτι</strong></span> <span class='ocrx_word' id='word_1_626' title='bbox 3775 3615 3911 3677; x_wconf 66' lang='grc' dir='ltr'>Θεὸς</span> <span class='ocrx_word' id='word_1_627' title='bbox 3957 3616 4060 3682; x_wconf 74' lang='grc' dir='ltr'>μὲν</span> 
     </span>
    </p>
   </div>
   <div class='ocr_carea' id='block_1_82' title="bbox 2489 3706 4057 3778">
    <p class='ocr_par' dir='ltr' id='par_1_82' title="bbox 2489 3706 4057 3778">
     <span class='ocr_line' id='line_1_82' title="bbox 2489 3706 4057 3778; baseline -0.002 -17"><span class='ocrx_word' id='word_1_628' title='bbox 2489 3707 2672 3761; x_wconf 73' lang='grc' dir='ltr'>αἰτίαν</span> <span class='ocrx_word' id='word_1_629' title='bbox 2703 3711 2828 3775; x_wconf 80' lang='grc' dir='ltr'>φύει</span> <span class='ocrx_word' id='word_1_630' title='bbox 2856 3708 3086 3778; x_wconf 79' lang='grc' dir='ltr'>βροτοῖς,</span> <span class='ocrx_word' id='word_1_631' title='bbox 3119 3707 3197 3761; x_wconf 83' lang='grc' dir='ltr'><strong>ὅτ’</strong></span> <span class='ocrx_word' id='word_1_632' title='bbox 3224 3709 3291 3762; x_wconf 73' lang='grc' dir='ltr'>ἂν</span> <span class='ocrx_word' id='word_1_633' title='bbox 3318 3709 3568 3762; x_wconf 85' lang='grc' dir='ltr'>κακῶσαι</span> <span class='ocrx_word' id='word_1_634' title='bbox 3607 3706 3766 3778; x_wconf 78' lang='grc' dir='ltr'>δῶμα</span> <span class='ocrx_word' id='word_1_635' title='bbox 3819 3707 4057 3776; x_wconf 76' lang='grc' dir='ltr'>παμπήο</span> 
     </span>
    </p>
   </div>
   <div class='ocr_carea' id='block_1_83' title="bbox 2486 3783 4057 3869">
    <p class='ocr_par' dir='ltr' id='par_1_83' title="bbox 2486 3783 4057 3869">
     <span class='ocr_line' id='line_1_83' title="bbox 2486 3783 4057 3869; baseline -0.002 -17"><span class='ocrx_word' id='word_1_636' title='bbox 2486 3800 2583 3867; x_wconf 87' lang='grc' dir='ltr'><strong>δην</strong></span> <span class='ocrx_word' id='word_1_637' title='bbox 2619 3799 2768 3869; x_wconf 79' lang='grc' dir='ltr'>θέλῃ.</span> <span class='ocrx_word' id='word_1_638' title='bbox 2805 3801 2913 3852; x_wconf 80' lang='grc' dir='ltr'><strong>Καὶ</strong></span> <span class='ocrx_word' id='word_1_639' title='bbox 2940 3799 3130 3853; x_wconf 83' lang='grc' dir='ltr'>οὐδένα</span> <span class='ocrx_word' id='word_1_640' title='bbox 3159 3799 3303 3852; x_wconf 78' lang='grc' dir='ltr'>θέλει</span> <span class='ocrx_word' id='word_1_641' title='bbox 3337 3800 3566 3852; x_wconf 80' lang='grc' dir='ltr'><strong>Πλάτων</strong></span> <span class='ocrx_word' id='word_1_642' title='bbox 3608 3783 3750 3852; x_wconf 82' lang='grc' dir='ltr'>κατὰ</span> <span class='ocrx_word' id='word_1_643' title='bbox 3793 3799 3894 3868; x_wconf 80' lang='grc' dir='ltr'>τὴν</span> <span class='ocrx_word' id='word_1_644' title='bbox 3931 3799 4057 3850; x_wconf 71' lang='grc' dir='ltr'>ἑαυ-</span> 
     </span>
    </p>
   </div>
   <div class='ocr_carea' id='block_1_84' title="bbox 2488 3888 4060 3961">
    <p class='ocr_par' dir='ltr' id='par_1_84' title="bbox 2488 3888 4060 3961">
     <span class='ocr_line' id='line_1_84' title="bbox 2488 3888 4060 3961; baseline 0 -20"><span class='ocrx_word' id='word_1_645' title='bbox 2488 3888 2582 3951; x_wconf 75' lang='grc' dir='ltr'>τοῦ</span> <span class='ocrx_word' id='word_1_646' title='bbox 2620 3890 2775 3942; x_wconf 82' lang='grc' dir='ltr'>πόλιν</span> <span class='ocrx_word' id='word_1_647' title='bbox 2798 3889 2922 3942; x_wconf 74' lang='grc' dir='ltr'>οὔτε</span> <span class='ocrx_word' id='word_1_648' title='bbox 2963 3891 3226 3961; x_wconf 84' lang='grc' dir='ltr'>νεώτερον</span> <span class='ocrx_word' id='word_1_649' title='bbox 3262 3888 3383 3943; x_wconf 77' lang='grc' dir='ltr'>οὔτε</span> <span class='ocrx_word' id='word_1_650' title='bbox 3412 3891 3640 3961; x_wconf 83' lang='grc' dir='ltr'>γέροντα</span> <span class='ocrx_word' id='word_1_651' title='bbox 3660 3890 3837 3956; x_wconf 84' lang='grc' dir='ltr'>λέγειν</span> <span class='ocrx_word' id='word_1_652' title='bbox 3873 3907 3926 3942; x_wconf 89' lang='grc' dir='ltr'><strong>τι</strong></span> <span class='ocrx_word' id='word_1_653' title='bbox 3962 3889 4060 3941; x_wconf 74' lang='grc' dir='ltr'>καὶ</span> 
     </span>
    </p>
   </div>
   <div class='ocr_carea' id='block_1_85' title="bbox 2489 3980 4057 4050">
    <p class='ocr_par' dir='ltr' id='par_1_85' title="bbox 2489 3980 4057 4050">
     <span class='ocr_line' id='line_1_85' title="bbox 2489 3980 4057 4050; baseline 0.001 -18"><span class='ocrx_word' id='word_1_654' title='bbox 2489 3980 2711 4034; x_wconf 72' lang='grc' dir='ltr'>ἀκούειν</span> <span class='ocrx_word' id='word_1_655' title='bbox 2745 3985 2871 4050; x_wconf 78' lang='grc' dir='ltr'>περὶ</span> <span class='ocrx_word' id='word_1_656' title='bbox 2901 3982 3094 4037; x_wconf 77' lang='grc' dir='ltr'>αὐτοῦ.</span> <span class='ocrx_word' id='word_1_657' title='bbox 3131 3981 3268 4034; x_wconf 78' lang='grc' dir='ltr'>Οῠτε</span> <span class='ocrx_word' id='word_1_658' title='bbox 3295 3983 3406 4050; x_wconf 78' lang='grc' dir='ltr'>γὰρ</span> <span class='ocrx_word' id='word_1_659' title='bbox 3437 3981 3650 4048; x_wconf 68' lang='grc' dir='ltr'>θεμιτὸν</span> <span class='ocrx_word' id='word_1_660' title='bbox 3685 3980 3816 4033; x_wconf 70' lang='grc' dir='ltr'>Θεὸν</span> <span class='ocrx_word' id='word_1_661' title='bbox 3844 3997 4057 4050; x_wconf 80' lang='grc' dir='ltr'>πατραο</span> 
     </span>
    </p>
   </div>
   <div class='ocr_carea' id='block_1_86' title="bbox 2488 4068 4055 4143">
    <p class='ocr_par' dir='ltr' id='par_1_86' title="bbox 2488 4068 4055 4143">
     <span class='ocr_line' id='line_1_86' title="bbox 2488 4068 4055 4143; baseline 0.001 -21"><span class='ocrx_word' id='word_1_662' title='bbox 2488 4071 2636 4124; x_wconf 91' lang='grc' dir='ltr'>λοίαν</span> <span class='ocrx_word' id='word_1_663' title='bbox 2667 4074 3016 4143; x_wconf 82' lang='grc' dir='ltr'>γεγενῆσθαι,</span> <span class='ocrx_word' id='word_1_664' title='bbox 3071 4075 3144 4137; x_wconf 85' lang='grc' dir='ltr'><strong>ὡς</strong></span> <span class='ocrx_word' id='word_1_665' title='bbox 3202 4078 3228 4127; x_wconf 87' lang='grc' dir='ltr'>ὁ</span> <span class='ocrx_word' id='word_1_666' title='bbox 3278 4077 3411 4136; x_wconf 75' lang='grc' dir='ltr'>Ζεὺς</span> <span class='ocrx_word' id='word_1_667' title='bbox 3457 4068 3615 4136; x_wconf 65' lang='grc' dir='ltr'>οὗτος</span> <span class='ocrx_word' id='word_1_668' title='bbox 3661 4078 3687 4125; x_wconf 89' lang='grc' dir='ltr'>ὁ</span> <span class='ocrx_word' id='word_1_669' title='bbox 3731 4074 3865 4141; x_wconf 75' lang='grc' dir='ltr'>παρ’</span> <span class='ocrx_word' id='word_1_670' title='bbox 3901 4073 4055 4143; x_wconf 75' lang='grc' dir='ltr'>ὑμῶν</span> 
     </span>
    </p>
   </div>
   <div class='ocr_carea' id='block_1_87' title="bbox 2488 4161 4048 4235">
    <p class='ocr_par' dir='ltr' id='par_1_87' title="bbox 2488 4161 4048 4235">
     <span class='ocr_line' id='line_1_87' title="bbox 2488 4161 4048 4235; baseline 0.001 -21"><span class='ocrx_word' id='word_1_671' title='bbox 2488 4161 2778 4230; x_wconf 78' lang='grc' dir='ltr'>σεϐόμενος</span> <span class='ocrx_word' id='word_1_672' title='bbox 2803 4165 2892 4217; x_wconf 80' lang='grc' dir='ltr'>τὸν</span> <span class='ocrx_word' id='word_1_673' title='bbox 2924 4166 3117 4219; x_wconf 80' lang='grc' dir='ltr'>ἑαυτοῦ</span> <span class='ocrx_word' id='word_1_674' title='bbox 3150 4166 3362 4235; x_wconf 80' lang='grc' dir='ltr'>πατέρα</span> <span class='ocrx_word' id='word_1_675' title='bbox 3429 4167 3652 4232; x_wconf 62' lang='grc' dir='ltr'>εποίησε</span> <span class='ocrx_word' id='word_1_676' title='bbox 3694 4166 3782 4215; x_wconf 66' lang='grc' dir='ltr'><strong>τὸν</strong></span> <span class='ocrx_word' id='word_1_677' title='bbox 3818 4166 4048 4232; x_wconf 83' lang='grc' dir='ltr'>Κρόνον,</span> 
     </span>
    </p>
   </div>
   <div class='ocr_carea' id='block_1_88' title="bbox 2486 4253 4055 4326">
    <p class='ocr_par' dir='ltr' id='par_1_88' title="bbox 2486 4253 4055 4326">
     <span class='ocr_line' id='line_1_88' title="bbox 2486 4253 4055 4326; baseline 0.002 -22"><span class='ocrx_word' id='word_1_678' title='bbox 2486 4253 2552 4304; x_wconf 78' lang='grc' dir='ltr'>ὲκ</span> <span class='ocrx_word' id='word_1_679' title='bbox 2581 4253 2686 4306; x_wconf 85' lang='grc' dir='ltr'><strong>τῶν</strong></span> <span class='ocrx_word' id='word_1_680' title='bbox 2714 4254 2959 4326; x_wconf 83' lang='grc' dir='ltr'>οὐρανῶν</span> <span class='ocrx_word' id='word_1_681' title='bbox 2997 4256 3156 4325; x_wconf 68' lang='grc' dir='ltr'>ῥίψας</span> <span class='ocrx_word' id='word_1_682' title='bbox 3202 4258 3295 4308; x_wconf 74' lang='grc' dir='ltr'>καὶ</span> <span class='ocrx_word' id='word_1_683' title='bbox 3342 4256 3635 4325; x_wconf 68' lang='grc' dir='ltr'>συντρίψας</span> <span class='ocrx_word' id='word_1_684' title='bbox 3693 4257 3878 4318; x_wconf 64' lang='grc' dir='ltr'>αὐτὸν,</span> <span class='ocrx_word' id='word_1_685' title='bbox 3932 4256 4055 4308; x_wconf 70' lang='grc' dir='ltr'>οὔτε</span> 
     </span>
    </p>
   </div>
   <div class='ocr_carea' id='block_1_89' title="bbox 2497 4347 4050 4420">
    <p class='ocr_par' dir='ltr' id='par_1_89' title="bbox 2497 4347 4050 4420">
     <span class='ocr_line' id='line_1_89' title="bbox 2497 4347 4050 4420; baseline 0.001 -22"><span class='ocrx_word' id='word_1_686' title='bbox 2497 4347 2697 4401; x_wconf 88' lang='grc' dir='ltr'>κύκνον</span> <span class='ocrx_word' id='word_1_687' title='bbox 2728 4347 3009 4416; x_wconf 82' lang='grc' dir='ltr'>γενέσθαι,</span> <span class='ocrx_word' id='word_1_688' title='bbox 3046 4351 3190 4411; x_wconf 84' lang='grc' dir='ltr'>ὅπως</span> <span class='ocrx_word' id='word_1_689' title='bbox 3239 4349 3531 4419; x_wconf 78' lang='grc' dir='ltr'>σοφίσηται</span> <span class='ocrx_word' id='word_1_690' title='bbox 3574 4349 3773 4420; x_wconf 76' lang='grc' dir='ltr'>θνητὴν</span> <span class='ocrx_word' id='word_1_691' title='bbox 3812 4353 4050 4416; x_wconf 81' lang='grc' dir='ltr'>γυναῖκα</span> 
     </span>
    </p>
   </div>
   <div class='ocr_carea' id='block_1_90' title="bbox 2490 4435 4062 4510">
    <p class='ocr_par' dir='ltr' id='par_1_90' title="bbox 2490 4435 4062 4510">
     <span class='ocr_line' id='line_1_90' title="bbox 2490 4435 4062 4510; baseline 0.001 -19"><span class='ocrx_word' id='word_1_692' title='bbox 2490 4440 2582 4492; x_wconf 75' lang='grc' dir='ltr'>καὶ</span> <span class='ocrx_word' id='word_1_693' title='bbox 2618 4438 2812 4510; x_wconf 78' lang='grc' dir='ltr'>φθείρῃ</span> <span class='ocrx_word' id='word_1_694' title='bbox 2839 4441 3032 4510; x_wconf 80' lang='grc' dir='ltr'>αὑτήν.</span> <span class='ocrx_word' id='word_1_695' title='bbox 3078 4435 3240 4494; x_wconf 77' lang='grc' dir='ltr'>Ἀλλὰ</span> <span class='ocrx_word' id='word_1_696' title='bbox 3273 4441 3406 4508; x_wconf 74' lang='grc' dir='ltr'>πρὸς</span> <span class='ocrx_word' id='word_1_697' title='bbox 3452 4442 3662 4504; x_wconf 77' lang='grc' dir='ltr'>τούτοις</span> <span class='ocrx_word' id='word_1_698' title='bbox 3733 4441 3875 4492; x_wconf 74' lang='grc' dir='ltr'>πάνυ</span> <span class='ocrx_word' id='word_1_699' title='bbox 3925 4441 4062 4494; x_wconf 80' lang='grc' dir='ltr'>ἀπε-</span> 
     </span>
    </p>
   </div>
   <div class='ocr_carea' id='block_1_91' title="bbox 813 4515 2495 4604">
    <p class='ocr_par' dir='ltr' id='par_1_91' title="bbox 813 4515 2495 4599">
     <span class='ocr_line' id='line_1_91' title="bbox 813 4515 2495 4599; baseline -0.001 -27"><span class='ocrx_word' id='word_1_700' title='bbox 813 4535 920 4572; x_wconf 88' lang='lat' dir='ltr'><strong>non</strong></span> <span class='ocrx_word' id='word_1_701' title='bbox 951 4529 1078 4573; x_wconf 80' lang='lat' dir='ltr'><strong>sunt</strong></span> <span class='ocrx_word' id='word_1_702' title='bbox 1101 4518 1302 4585; x_wconf 88' lang='lat' dir='ltr'><strong>scripta</strong></span> <span class='ocrx_word' id='word_1_703' title='bbox 1335 4517 1388 4568; x_wconf 92' lang='lat' dir='ltr'><strong>in</strong></span> <span class='ocrx_word' id='word_1_704' title='bbox 1436 4515 1592 4568; x_wconf 87' lang='lat' dir='ltr'><strong>libris</strong></span> <span class='ocrx_word' id='word_1_705' title='bbox 1623 4518 1819 4568; x_wconf 75' lang='lat' dir='ltr'><strong>chtris</strong></span> <span class='ocrx_word' id='word_1_706' title='bbox 1864 4516 2045 4569; x_wconf 88' lang='lat' dir='ltr'><strong>omnia</strong></span> <span class='ocrx_word' id='word_1_707' title='bbox 2097 4516 2386 4572; x_wconf 81' lang='lat' dir='ltr'><strong>fabulosa?</strong></span> <span class='ocrx_word' id='word_1_708' title='bbox 2419 4544 2460 4599; x_wconf 74' lang='grc' dir='ltr'><strong>υ</strong></span> <span class='ocrx_word' id='word_1_709' title='bbox 2494 4551 2495 4555; x_wconf 61' lang='grc' dir='ltr'><strong>η</strong></span> 
     </span>
    </p>
   </div>
   <div class='ocr_carea' id='block_1_92' title="bbox 2378 4515 4060 4604">
    <p class='ocr_par' dir='ltr' id='par_1_92' title="bbox 2378 4520 4060 4604">
     <span class='ocr_line' id='line_1_92' title="bbox 2378 4520 4060 4604; baseline -0.001 -19"><span class='ocrx_word' id='word_1_710' title='bbox 2378 4520 2386 4546; x_wconf 75' lang='grc'><em>’</em></span> <span class='ocrx_word' id='word_1_711' title='bbox 2419 4544 2460 4599; x_wconf 78' lang='grc' dir='ltr'><strong>ι)</strong></span> <span class='ocrx_word' id='word_1_712' title='bbox 2494 4531 2752 4600; x_wconf 82' lang='grc' dir='ltr'>χθάνεται</span> <span class='ocrx_word' id='word_1_713' title='bbox 2780 4532 3005 4586; x_wconf 81' lang='grc' dir='ltr'><strong>Πλάτων</strong></span> <span class='ocrx_word' id='word_1_714' title='bbox 3026 4532 3110 4586; x_wconf 82' lang='grc' dir='ltr'><strong>Διὶ</strong></span> <span class='ocrx_word' id='word_1_715' title='bbox 3150 4533 3228 4603; x_wconf 82' lang='grc' dir='ltr'>τῷ</span> <span class='ocrx_word' id='word_1_716' title='bbox 3265 4533 3370 4604; x_wconf 76' lang='grc' dir='ltr'><strong>θεῷ</strong></span> <span class='ocrx_word' id='word_1_717' title='bbox 3409 4551 3525 4595; x_wconf 85' lang='grc' dir='ltr'>σου,</span> <span class='ocrx_word' id='word_1_718' title='bbox 3571 4533 3653 4586; x_wconf 81' lang='grc' dir='ltr'>ὅτι</span> <span class='ocrx_word' id='word_1_719' title='bbox 3709 4533 3931 4602; x_wconf 73' lang='grc' dir='ltr'>ὀδυρμῷ</span> <span class='ocrx_word' id='word_1_720' title='bbox 3965 4535 4060 4585; x_wconf 73' lang='grc' dir='ltr'>καὶ</span> 
     </span>
    </p>
   </div>
   <div class='ocr_carea' id='block_1_93' title="bbox 814 4604 2373 4677">
    <p class='ocr_par' dir='ltr' id='par_1_93' title="bbox 814 4604 2373 4677">
     <span class='ocr_line' id='line_1_93' title="bbox 814 4604 2373 4677; baseline -0.001 -13"><span class='ocrx_word' id='word_1_721' title='bbox 814 4611 867 4664; x_wconf 89' lang='lat' dir='ltr'><strong>Si</strong></span> <span class='ocrx_word' id='word_1_722' title='bbox 899 4609 1012 4677; x_wconf 89' lang='lat' dir='ltr'><strong>ipse</strong></span> <span class='ocrx_word' id='word_1_723' title='bbox 1038 4619 1219 4660; x_wconf 86' lang='lat' dir='ltr'><strong>autem</strong></span> <span class='ocrx_word' id='word_1_724' title='bbox 1260 4606 1478 4675; x_wconf 88' lang='lat' dir='ltr'><strong>sapiens</strong></span> <span class='ocrx_word' id='word_1_725' title='bbox 1532 4604 1682 4660; x_wconf 85' lang='lat' dir='ltr'><strong>Plato</strong></span> <span class='ocrx_word' id='word_1_726' title='bbox 1745 4617 1925 4660; x_wconf 87' lang='lat' dir='ltr'><strong>vester</strong></span> <span class='ocrx_word' id='word_1_727' title='bbox 1959 4609 2216 4677; x_wconf 86' lang='lat' dir='ltr'><strong>scriptor,</strong></span> <span class='ocrx_word' id='word_1_728' title='bbox 2249 4625 2373 4662; x_wconf 89' lang='lat' dir='ltr'><strong>cum</strong></span> 
     </span>
    </p>
   </div>
   <div class='ocr_carea' id='block_1_94' title="bbox 814 4698 2375 4766">
    <p class='ocr_par' dir='ltr' id='par_1_94' title="bbox 814 4698 2375 4766">
     <span class='ocr_line' id='line_1_94' title="bbox 814 4698 2375 4766; baseline 0.001 -13"><span class='ocrx_word' id='word_1_729' title='bbox 814 4702 980 4753; x_wconf 88' lang='lat' dir='ltr'><strong>Deum</strong></span> <span class='ocrx_word' id='word_1_730' title='bbox 1006 4715 1124 4752; x_wconf 84' lang='lat' dir='ltr'><strong>esse</strong></span> <span class='ocrx_word' id='word_1_731' title='bbox 1158 4698 1407 4766; x_wconf 75' lang='lat' dir='ltr'><strong>denegat,</strong></span> <span class='ocrx_word' id='word_1_732' title='bbox 1462 4709 1515 4749; x_wconf 93' lang='lat' dir='ltr'><strong>et</strong></span> <span class='ocrx_word' id='word_1_733' title='bbox 1560 4699 1709 4766; x_wconf 88' lang='lat' dir='ltr'><strong>jubet</strong></span> <span class='ocrx_word' id='word_1_734' title='bbox 1762 4699 2030 4752; x_wconf 85' lang='lat' dir='ltr'><strong>ncmiucin</strong></span> <span class='ocrx_word' id='word_1_735' title='bbox 2078 4700 2375 4762; x_wconf 88' lang='lat' dir='ltr'><strong>hominem,</strong></span> 
     </span>
    </p>
   </div>
   <div class='ocr_carea' id='block_1_95' title="bbox 814 4789 2379 4859">
    <p class='ocr_par' dir='ltr' id='par_1_95' title="bbox 814 4789 2379 4859">
     <span class='ocr_line' id='line_1_95' title="bbox 814 4789 2379 4859; baseline 0.001 -14"><span class='ocrx_word' id='word_1_736' title='bbox 814 4792 900 4845; x_wconf 86' lang='lat' dir='ltr'><strong>cui</strong></span> <span class='ocrx_word' id='word_1_737' title='bbox 941 4791 1111 4842; x_wconf 84' lang='lat' dir='ltr'><strong>virtus</strong></span> <span class='ocrx_word' id='word_1_738' title='bbox 1146 4799 1227 4841; x_wconf 86' lang='lat' dir='ltr'><strong>est</strong></span> <span class='ocrx_word' id='word_1_739' title='bbox 1259 4804 1426 4849; x_wconf 68' lang='lat' dir='ltr'><strong>curm,</strong></span> <span class='ocrx_word' id='word_1_740' title='bbox 1471 4789 1668 4841; x_wconf 88' lang='lat' dir='ltr'><strong>imitari</strong></span> <span class='ocrx_word' id='word_1_741' title='bbox 1714 4789 1846 4841; x_wconf 84' lang='lat' dir='ltr'><strong>tales</strong></span> <span class='ocrx_word' id='word_1_742' title='bbox 1879 4791 2043 4842; x_wconf 89' lang='lat' dir='ltr'><strong>animi</strong></span> <span class='ocrx_word' id='word_1_743' title='bbox 2093 4795 2379 4859; x_wconf 87' lang='lat' dir='ltr'><strong>perturba-</strong></span> 
     </span>
    </p>
   </div>
   <div class='ocr_carea' id='block_1_96' title="bbox 814 4880 2377 4952">
    <p class='ocr_par' dir='ltr' id='par_1_96' title="bbox 814 4880 2377 4952">
     <span class='ocr_line' id='line_1_96' title="bbox 814 4880 2377 4952; baseline 0.001 -17"><span class='ocrx_word' id='word_1_744' title='bbox 814 4884 1011 4942; x_wconf 83' lang='lat' dir='ltr'><strong>tiones,</strong></span> <span class='ocrx_word' id='word_1_745' title='bbox 1045 4895 1143 4934; x_wconf 91' lang='lat' dir='ltr'><strong>cur</strong></span> <span class='ocrx_word' id='word_1_746' title='bbox 1175 4895 1270 4932; x_wconf 81' lang='lat' dir='ltr'><strong>vos</strong></span> <span class='ocrx_word' id='word_1_747' title='bbox 1297 4883 1442 4948; x_wconf 85' lang='lat' dir='ltr'><strong>ipsos</strong></span> <span class='ocrx_word' id='word_1_748' title='bbox 1471 4880 1809 4943; x_wconf 87' lang='lat' dir='ltr'><strong>submittitis,</strong></span> <span class='ocrx_word' id='word_1_749' title='bbox 1849 4897 2079 4949; x_wconf 85' lang='lat' dir='ltr'><strong>quarum</strong></span> <span class='ocrx_word' id='word_1_750' title='bbox 2124 4884 2221 4952; x_wconf 86' lang='lat' dir='ltr'><strong>ipsi</strong></span> <span class='ocrx_word' id='word_1_751' title='bbox 2248 4899 2377 4936; x_wconf 64' lang='lat' dir='ltr'><strong>cono</strong></span> 
     </span>
    </p>
   </div>
   <div class='ocr_carea' id='block_1_97' title="bbox 810 4970 2383 5037">
    <p class='ocr_par' dir='ltr' id='par_1_97' title="bbox 810 4970 2383 5037">
     <span class='ocr_line' id='line_1_97' title="bbox 810 4970 2383 5037; baseline 0.003 -11"><span class='ocrx_word' id='word_1_752' title='bbox 810 4973 937 5026; x_wconf 88' lang='lat' dir='ltr'><strong>victi</strong></span> <span class='ocrx_word' id='word_1_753' title='bbox 962 4972 1205 5037; x_wconf 83' lang='lat' dir='ltr'><strong>fuerunt,</strong></span> <span class='ocrx_word' id='word_1_754' title='bbox 1233 4970 1562 5036; x_wconf 84' lang='lat' dir='ltr'><strong>actionibus,</strong></span> <span class='ocrx_word' id='word_1_755' title='bbox 1595 4981 1648 5025; x_wconf 90' lang='lat' dir='ltr'><strong>et</strong></span> <span class='ocrx_word' id='word_1_756' title='bbox 1697 4987 1794 5026; x_wconf 90' lang='lat' dir='ltr'><strong>nos</strong></span> <span class='ocrx_word' id='word_1_757' title='bbox 1841 4989 1934 5027; x_wconf 90' lang='lat' dir='ltr'><strong>eos</strong></span> <span class='ocrx_word' id='word_1_758' title='bbox 1970 4974 2129 5028; x_wconf 86' lang='lat' dir='ltr'><strong>hodie</strong></span> <span class='ocrx_word' id='word_1_759' title='bbox 2154 4975 2383 5030; x_wconf 86' lang='lat' dir='ltr'><strong>adorare</strong></span> 
     </span>
    </p>
   </div>
   <div class='ocr_carea' id='block_1_98' title="bbox 810 5064 1051 5132">
    <p class='ocr_par' dir='ltr' id='par_1_98' title="bbox 810 5064 1051 5132">
     <span class='ocr_line' id='line_1_98' title="bbox 810 5064 1051 5132; baseline -0.012 -14"><span class='ocrx_word' id='word_1_760' title='bbox 810 5064 1008 5132; x_wconf 81' lang='lat' dir='ltr'><strong>cogitis</strong></span> <span class='ocrx_word' id='word_1_761' title='bbox 1028 5064 1051 5115; x_wconf 84' lang='lat'><strong>?</strong></span> 
     </span>
    </p>
   </div>
   <div class='ocr_carea' id='block_1_99' title="bbox 2489 4623 4059 4696">
    <p class='ocr_par' dir='ltr' id='par_1_99' title="bbox 2489 4623 4059 4696">
     <span class='ocr_line' id='line_1_99' title="bbox 2489 4623 4059 4696; baseline 0 -21"><span class='ocrx_word' id='word_1_762' title='bbox 2489 4623 2812 4690; x_wconf 75' lang='grc' dir='ltr'>γυναικώδει</span> <span class='ocrx_word' id='word_1_763' title='bbox 2847 4626 3021 4696; x_wconf 77' lang='grc' dir='ltr'>μανία</span> <span class='ocrx_word' id='word_1_764' title='bbox 3064 4626 3345 4695; x_wconf 69' lang='grc' dir='ltr'>συσχεθεὶς</span> <span class='ocrx_word' id='word_1_765' title='bbox 3372 4627 3399 4678; x_wconf 85' lang='grc'>6</span> <span class='ocrx_word' id='word_1_766' title='bbox 3447 4626 3581 4689; x_wconf 77' lang='grc' dir='ltr'>Ζεὺς</span> <span class='ocrx_word' id='word_1_767' title='bbox 3613 4627 3641 4678; x_wconf 87' lang='grc'>6</span> <span class='ocrx_word' id='word_1_768' title='bbox 3669 4625 3784 4686; x_wconf 86' lang='grc' dir='ltr'>θεός</span> <span class='ocrx_word' id='word_1_769' title='bbox 3825 4641 3942 4690; x_wconf 86' lang='grc' dir='ltr'>σου,</span> <span class='ocrx_word' id='word_1_770' title='bbox 3983 4625 4059 4676; x_wconf 89' lang='grc' dir='ltr'>δι-</span> 
     </span>
    </p>
   </div>
   <div class='ocr_carea' id='block_1_100' title="bbox 2489 4716 4058 4787">
    <p class='ocr_par' dir='ltr' id='par_1_100' title="bbox 2489 4716 4058 4787">
     <span class='ocr_line' id='line_1_100' title="bbox 2489 4716 4058 4787; baseline 0.003 -22"><span class='ocrx_word' id='word_1_771' title='bbox 2489 4717 2685 4775; x_wconf 76' lang='grc' dir='ltr'>καετὰ,</span> <span class='ocrx_word' id='word_1_772' title='bbox 2727 4716 2972 4786; x_wconf 74' lang='grc' dir='ltr'>ὀδύρεται</span> <span class='ocrx_word' id='word_1_773' title='bbox 3013 4717 3102 4768; x_wconf 84' lang='grc' dir='ltr'>τὸν</span> <span class='ocrx_word' id='word_1_774' title='bbox 3140 4716 3365 4771; x_wconf 81' lang='grc' dir='ltr'>θάνατον</span> <span class='ocrx_word' id='word_1_775' title='bbox 3403 4716 3496 4769; x_wconf 81' lang='grc' dir='ltr'><strong>τοῦ</strong></span> <span class='ocrx_word' id='word_1_776' title='bbox 3551 4717 3914 4787; x_wconf 71' lang='grc' dir='ltr'>Σαρπηδόνος.</span> <span class='ocrx_word' id='word_1_777' title='bbox 3990 4718 4058 4769; x_wconf 85' lang='grc' dir='ltr'>’Π</span> 
     </span>
    </p>
   </div>
   <div class='ocr_carea' id='block_1_101' title="bbox 2491 4803 4060 4876">
    <p class='ocr_par' dir='ltr' id='par_1_101' title="bbox 2491 4803 4060 4876">
     <span class='ocr_line' id='line_1_101' title="bbox 2491 4803 4060 4876; baseline 0.001 -21"><span class='ocrx_word' id='word_1_778' title='bbox 2491 4803 2591 4856; x_wconf 78' lang='grc' dir='ltr'>οὐκ</span> <span class='ocrx_word' id='word_1_779' title='bbox 2619 4804 2766 4856; x_wconf 73' lang='grc' dir='ltr'>ἐστιν</span> <span class='ocrx_word' id='word_1_780' title='bbox 2793 4805 2986 4868; x_wconf 83' lang='grc' dir='ltr'>οὓτως,</span> <span class='ocrx_word' id='word_1_781' title='bbox 3033 4806 3064 4876; x_wconf 79' lang='grc' dir='ltr'>ἢ</span> <span class='ocrx_word' id='word_1_782' title='bbox 3121 4808 3179 4858; x_wconf 72' lang='grc' dir='ltr'>οὐ</span> <span class='ocrx_word' id='word_1_783' title='bbox 3237 4807 3549 4874; x_wconf 69' lang='grc' dir='ltr'>γέγραπται</span> <span class='ocrx_word' id='word_1_784' title='bbox 3588 4807 3646 4858; x_wconf 67' lang='grc' dir='ltr'>ἐν</span> <span class='ocrx_word' id='word_1_785' title='bbox 3684 4808 3797 4868; x_wconf 79' lang='grc' dir='ltr'>τοῖς</span> <span class='ocrx_word' id='word_1_786' title='bbox 3834 4805 4060 4873; x_wconf 64' lang='grc' dir='ltr'>βιϐλίοις</span> 
     </span>
    </p>
   </div>
   <div class='ocr_carea' id='block_1_102' title="bbox 2492 4894 4062 4965">
    <p class='ocr_par' dir='ltr' id='par_1_102' title="bbox 2492 4894 4062 4965">
     <span class='ocr_line' id='line_1_102' title="bbox 2492 4894 4062 4965; baseline 0 -20"><span class='ocrx_word' id='word_1_787' title='bbox 2492 4894 2647 4964; x_wconf 82' lang='grc' dir='ltr'>ὑμῶν</span> <span class='ocrx_word' id='word_1_788' title='bbox 2680 4894 2849 4947; x_wconf 82' lang='grc' dir='ltr'>ταῦτα</span> <span class='ocrx_word' id='word_1_789' title='bbox 2877 4896 2946 4947; x_wconf 87' lang='grc' dir='ltr'>τὰ</span> <span class='ocrx_word' id='word_1_790' title='bbox 2978 4895 3180 4965; x_wconf 84' lang='grc' dir='ltr'>μυθικά</span> <span class='ocrx_word' id='word_1_791' title='bbox 3207 4913 3222 4962; x_wconf 87' lang='lat'><strong>;</strong></span> <span class='ocrx_word' id='word_1_792' title='bbox 3270 4897 3329 4948; x_wconf 83' lang='grc' dir='ltr'>Εἰ</span> <span class='ocrx_word' id='word_1_793' title='bbox 3349 4896 3404 4947; x_wconf 82' lang='grc' dir='ltr'>δὲ</span> <span class='ocrx_word' id='word_1_794' title='bbox 3427 4897 3587 4957; x_wconf 78' lang='grc' dir='ltr'>αὐτὸς</span> <span class='ocrx_word' id='word_1_795' title='bbox 3635 4895 3860 4949; x_wconf 75' lang='grc' dir='ltr'>Πλάτων</span> <span class='ocrx_word' id='word_1_796' title='bbox 3901 4895 3931 4946; x_wconf 82' lang='grc' dir='ltr'><strong><em>ὸ</em></strong></span> <span class='ocrx_word' id='word_1_797' title='bbox 3973 4911 4062 4946; x_wconf 79' lang='grc' dir='ltr'>σι-</span> 
     </span>
    </p>
   </div>
   <div class='ocr_carea' id='block_1_103' title="bbox 2493 4985 4060 5058">
    <p class='ocr_par' dir='ltr' id='par_1_103' title="bbox 2493 4985 4060 5058">
     <span class='ocr_line' id='line_1_103' title="bbox 2493 4985 4060 5058; baseline -0.002 -19"><span class='ocrx_word' id='word_1_798' title='bbox 2493 4987 2590 5056; x_wconf 80' lang='grc' dir='ltr'>φὸς</span> <span class='ocrx_word' id='word_1_799' title='bbox 2626 4987 2777 5057; x_wconf 82' lang='grc' dir='ltr'>ὑμῶν</span> <span class='ocrx_word' id='word_1_800' title='bbox 2814 4989 3165 5058; x_wconf 77' lang='grc' dir='ltr'>συγγραφεὺς</span> <span class='ocrx_word' id='word_1_801' title='bbox 3203 4991 3476 5041; x_wconf 77' lang='grc' dir='ltr'>ἀπείπατο</span> <span class='ocrx_word' id='word_1_802' title='bbox 3508 4989 3695 5042; x_wconf 74' lang='grc' dir='ltr'>τοῦτον</span> <span class='ocrx_word' id='word_1_803' title='bbox 3731 4985 3869 5040; x_wconf 70' lang='grc' dir='ltr'>εἶναι</span> <span class='ocrx_word' id='word_1_804' title='bbox 3902 4987 4060 5051; x_wconf 69' lang='grc' dir='ltr'>Θεὸν,</span> 
     </span>
    </p>
   </div>
   <div class='ocr_carea' id='block_1_104' title="bbox 2496 5079 4063 5151">
    <p class='ocr_par' dir='ltr' id='par_1_104' title="bbox 2496 5079 4063 5151">
     <span class='ocr_line' id='line_1_104' title="bbox 2496 5079 4063 5151; baseline -0.001 -20"><span class='ocrx_word' id='word_1_805' title='bbox 2496 5079 2589 5131; x_wconf 85' lang='grc' dir='ltr'>καὶ</span> <span class='ocrx_word' id='word_1_806' title='bbox 2620 5079 3057 5150; x_wconf 81' lang='grc' dir='ltr'>παρεκελεύσατο</span> <span class='ocrx_word' id='word_1_807' title='bbox 3093 5081 3300 5151; x_wconf 67' lang='grc' dir='ltr'>μηδένα</span> <span class='ocrx_word' id='word_1_808' title='bbox 3319 5080 3623 5151; x_wconf 80' lang='grc' dir='ltr'>ἀνθρώπων</span> <span class='ocrx_word' id='word_1_809' title='bbox 3664 5081 3864 5151; x_wconf 77' lang='grc' dir='ltr'>ἀρετῆς</span> <span class='ocrx_word' id='word_1_810' title='bbox 3902 5097 4063 5148; x_wconf 69' lang='grc' dir='ltr'>ςρον-</span> 
     </span>
    </p>
   </div>
   <div class='ocr_carea' id='block_1_105' title="bbox 809 5154 4065 5240">
    <p class='ocr_par' dir='ltr' id='par_1_105' title="bbox 809 5154 4065 5240">
     <span class='ocr_line' id='line_1_105' title="bbox 809 5154 4065 5240; baseline -0.002 -16"><span class='ocrx_word' id='word_1_811' title='bbox 809 5156 1028 5219; x_wconf 65' lang='grc' dir='ltr'><strong>τίῖοντα</strong></span> <span class='ocrx_word' id='word_1_812' title='bbox 1059 5155 1347 5224; x_wconf 67' lang='grc' dir='ltr'><strong>μιμεῖσθαι</strong></span> <span class='ocrx_word' id='word_1_813' title='bbox 1383 5158 1449 5207; x_wconf 58' lang='grc' dir='ltr'><strong>τά</strong></span> <span class='ocrx_word' id='word_1_814' title='bbox 1486 5154 1710 5207; x_wconf 50' lang='lat' dir='ltr'><strong>“nam</strong></span> <span class='ocrx_word' id='word_1_815' title='bbox 1748 5154 1915 5223; x_wconf 74' lang='grc' dir='ltr'><strong>πάθη.</strong></span> <span class='ocrx_word' id='word_1_816' title='bbox 1989 5156 2132 5207; x_wconf 64' lang='grc' dir='ltr'><strong>διατι</strong></span> <span class='ocrx_word' id='word_1_817' title='bbox 2173 5157 2306 5224; x_wconf 74' lang='grc' dir='ltr'><strong>πρδί</strong></span> <span class='ocrx_word' id='word_1_818' title='bbox 2355 5160 2422 5224; x_wconf 71' lang='grc' dir='ltr'>ἃς</span> <span class='ocrx_word' id='word_1_819' title='bbox 2465 5166 2621 5220; x_wconf 79' lang='grc' dir='ltr'>αὐτοὶ</span> <span class='ocrx_word' id='word_1_820' title='bbox 2675 5168 2919 5222; x_wconf 71' lang='grc' dir='ltr'>ἑάλωσαν</span> <span class='ocrx_word' id='word_1_821' title='bbox 2990 5170 3219 5240; x_wconf 79' lang='grc' dir='ltr'>πράξεις</span> <span class='ocrx_word' id='word_1_822' title='bbox 3295 5171 3451 5239; x_wconf 78' lang='grc' dir='ltr'>ὑμεῖς</span> <span class='ocrx_word' id='word_1_823' title='bbox 3532 5171 3874 5222; x_wconf 81' lang='grc' dir='ltr'>ὑποκύπτετε</span> <span class='ocrx_word' id='word_1_824' title='bbox 3903 5210 3918 5233; x_wconf 93' lang='grc'><strong>,</strong></span> <span class='ocrx_word' id='word_1_825' title='bbox 3969 5165 4065 5220; x_wconf 71' lang='grc' dir='ltr'>καὶ</span> 
     </span>
    </p>
   </div>
   <div class='ocr_carea' id='block_1_106' title="bbox 812 5245 1945 5319">
    <p class='ocr_par' dir='ltr' id='par_1_106' title="bbox 812 5245 1945 5319">
     <span class='ocr_line' id='line_1_106' title="bbox 812 5245 1945 5319; baseline -0.005 -18"><span class='ocrx_word' id='word_1_826' title='bbox 812 5249 956 5319; x_wconf 56' lang='grc' dir='ltr'>ἡμᾶς</span> <span class='ocrx_word' id='word_1_827' title='bbox 987 5247 1326 5314; x_wconf 74' lang='grc' dir='ltr'>ἀναγκάζετε</span> <span class='ocrx_word' id='word_1_828' title='bbox 1351 5245 1559 5306; x_wconf 86' lang='grc' dir='ltr'>τούτοις</span> <span class='ocrx_word' id='word_1_829' title='bbox 1588 5247 1945 5312; x_wconf 80' lang='grc' dir='ltr'>προσκυνεϊν;</span> 
     </span>
    </p>
   </div>
   <div class='ocr_carea' id='block_1_107' title="bbox 882 5337 2380 5413">
    <p class='ocr_par' dir='ltr' id='par_1_107' title="bbox 882 5337 2380 5413">
     <span class='ocr_line' id='line_1_107' title="bbox 882 5337 2380 5413; baseline 0.003 -21"><span class='ocrx_word' id='word_1_830' title='bbox 882 5339 1066 5396; x_wconf 77' lang='lat' dir='ltr'><strong>XXIII.</strong></span> <span class='ocrx_word' id='word_1_831' title='bbox 1110 5339 1253 5394; x_wconf 84' lang='lat' dir='ltr'><strong>Dixit</strong></span> <span class='ocrx_word' id='word_1_832' title='bbox 1286 5354 1483 5409; x_wconf 67' lang='lat' dir='ltr'><strong>praeses</strong></span> <span class='ocrx_word' id='word_1_833' title='bbox 1517 5356 1529 5390; x_wconf 83' lang='lat'><strong>:</strong></span> <span class='ocrx_word' id='word_1_834' title='bbox 1565 5338 1736 5392; x_wconf 88' lang='lat' dir='ltr'><strong>Tuam</strong></span> <span class='ocrx_word' id='word_1_835' title='bbox 1783 5337 1900 5393; x_wconf 81' lang='lat' dir='ltr'><strong>fero</strong></span> <span class='ocrx_word' id='word_1_836' title='bbox 1935 5341 2220 5397; x_wconf 86' lang='lat' dir='ltr'><strong>audaciam</strong></span> <span class='ocrx_word' id='word_1_837' title='bbox 2257 5358 2380 5413; x_wconf 87' lang='lat' dir='ltr'><strong>pro-</strong></span> 
     </span>
    </p>
   </div>
   <div class='ocr_carea' id='block_1_108' title="bbox 821 5429 2382 5499">
    <p class='ocr_par' dir='ltr' id='par_1_108' title="bbox 821 5429 2382 5499">
     <span class='ocr_line' id='line_1_108' title="bbox 821 5429 2382 5499; baseline 0.003 -17"><span class='ocrx_word' id='word_1_838' title='bbox 821 5438 941 5499; x_wconf 86' lang='lat' dir='ltr'><strong>pter</strong></span> <span class='ocrx_word' id='word_1_839' title='bbox 967 5445 1108 5487; x_wconf 80' lang='lat' dir='ltr'><strong>eani.</strong></span> <span class='ocrx_word' id='word_1_840' title='bbox 1144 5445 1264 5498; x_wconf 68' lang='lat' dir='ltr'><strong>qua:</strong></span> <span class='ocrx_word' id='word_1_841' title='bbox 1315 5429 1368 5481; x_wconf 91' lang='lat' dir='ltr'><strong>in</strong></span> <span class='ocrx_word' id='word_1_842' title='bbox 1417 5443 1504 5481; x_wconf 89' lang='lat' dir='ltr'><strong>me</strong></span> <span class='ocrx_word' id='word_1_843' title='bbox 1532 5429 1693 5493; x_wconf 88' lang='lat' dir='ltr'><strong>inest,</strong></span> <span class='ocrx_word' id='word_1_844' title='bbox 1728 5429 2158 5499; x_wconf 73' lang='lat' dir='ltr'><strong>philosophiam;</strong></span> <span class='ocrx_word' id='word_1_845' title='bbox 2193 5432 2288 5487; x_wconf 78' lang='lat' dir='ltr'><strong>sed</strong></span> <span class='ocrx_word' id='word_1_846' title='bbox 2327 5443 2382 5487; x_wconf 83' lang='lat' dir='ltr'><strong>tu</strong></span> 
     </span>
    </p>
   </div>
   <div class='ocr_carea' id='block_1_109' title="bbox 808 5522 2381 5594">
    <p class='ocr_par' dir='ltr' id='par_1_109' title="bbox 808 5522 2381 5594">
     <span class='ocr_line' id='line_1_109' title="bbox 808 5522 2381 5594; baseline 0.003 -19"><span class='ocrx_word' id='word_1_847' title='bbox 808 5538 1029 5591; x_wconf 90' lang='lat' dir='ltr'><strong>quoque</strong></span> <span class='ocrx_word' id='word_1_848' title='bbox 1065 5522 1342 5586; x_wconf 85' lang='lat' dir='ltr'><strong>dicmilil,</strong></span> <span class='ocrx_word' id='word_1_849' title='bbox 1398 5537 1560 5590; x_wconf 86' lang='lat' dir='ltr'><strong>quem</strong></span> <span class='ocrx_word' id='word_1_850' title='bbox 1594 5531 1648 5575; x_wconf 93' lang='lat' dir='ltr'><strong>tu</strong></span> <span class='ocrx_word' id='word_1_851' title='bbox 1681 5522 1817 5578; x_wconf 83' lang='lat' dir='ltr'><strong>colis</strong></span> <span class='ocrx_word' id='word_1_852' title='bbox 1857 5523 2050 5588; x_wconf 90' lang='lat' dir='ltr'><strong>Deum,</strong></span> <span class='ocrx_word' id='word_1_853' title='bbox 2098 5526 2381 5594; x_wconf 90' lang='lat' dir='ltr'><strong>quomodo</strong></span> 
     </span>
    </p>
   </div>
   <div class='ocr_carea' id='block_1_110' title="bbox 807 5613 2386 5686">
    <p class='ocr_par' dir='ltr' id='par_1_110' title="bbox 807 5613 2386 5686">
     <span class='ocr_line' id='line_1_110' title="bbox 807 5613 2386 5686; baseline 0.001 -16"><span class='ocrx_word' id='word_1_854' title='bbox 807 5630 933 5671; x_wconf 67' lang='lat' dir='ltr'><strong>eum</strong></span> <span class='ocrx_word' id='word_1_855' title='bbox 957 5626 1102 5669; x_wconf 89' lang='lat' dir='ltr'><strong>esset</strong></span> <span class='ocrx_word' id='word_1_856' title='bbox 1135 5615 1318 5679; x_wconf 91' lang='lat' dir='ltr'><strong>homo,</strong></span> <span class='ocrx_word' id='word_1_857' title='bbox 1373 5615 1750 5685; x_wconf 90' lang='lat' dir='ltr'><strong>deductusque</strong></span> <span class='ocrx_word' id='word_1_858' title='bbox 1785 5613 1950 5670; x_wconf 77' lang='lat' dir='ltr'><strong>fuerit</strong></span> <span class='ocrx_word' id='word_1_859' title='bbox 2001 5617 2066 5669; x_wconf 89' lang='lat' dir='ltr'><strong>ad</strong></span> <span class='ocrx_word' id='word_1_860' title='bbox 2093 5616 2386 5686; x_wconf 86' lang='lat' dir='ltr'><strong>iudicium,</strong></span> 
     </span>
    </p>
   </div>
   <div class='ocr_carea' id='block_1_111' title="bbox 811 5709 2393 5780">
    <p class='ocr_par' dir='ltr' id='par_1_111' title="bbox 811 5709 2393 5780">
     <span class='ocr_line' id='line_1_111' title="bbox 811 5709 2393 5780; baseline 0.001 -19"><span class='ocrx_word' id='word_1_861' title='bbox 811 5715 866 5761; x_wconf 88' lang='lat' dir='ltr'><strong>et</strong></span> <span class='ocrx_word' id='word_1_862' title='bbox 903 5709 955 5762; x_wconf 93' lang='lat' dir='ltr'><strong>in</strong></span> <span class='ocrx_word' id='word_1_863' title='bbox 985 5722 1204 5760; x_wconf 90' lang='lat' dir='ltr'><strong>crucem</strong></span> <span class='ocrx_word' id='word_1_864' title='bbox 1249 5715 1425 5770; x_wconf 88' lang='lat' dir='ltr'><strong>actus.</strong></span> <span class='ocrx_word' id='word_1_865' title='bbox 1485 5709 1624 5761; x_wconf 87' lang='lat' dir='ltr'><strong>Deus</strong></span> <span class='ocrx_word' id='word_1_866' title='bbox 1673 5723 1793 5763; x_wconf 89' lang='lat' dir='ltr'><strong>esse</strong></span> <span class='ocrx_word' id='word_1_867' title='bbox 1844 5717 1926 5762; x_wconf 89' lang='lat' dir='ltr'><strong>est</strong></span> <span class='ocrx_word' id='word_1_868' title='bbox 1959 5723 1985 5761; x_wconf 91' lang='lat' dir='ltr'><strong>a</strong></span> <span class='ocrx_word' id='word_1_869' title='bbox 2022 5711 2179 5763; x_wconf 84' lang='lat' dir='ltr'><strong>vobis</strong></span> <span class='ocrx_word' id='word_1_870' title='bbox 2239 5720 2393 5780; x_wconf 88' lang='lat' dir='ltr'><strong>puta-</strong></span> 
     </span>
    </p>
   </div>
   <div class='ocr_carea' id='block_1_112' title="bbox 929 5801 947 5808">
    <p class='ocr_par' dir='ltr' id='par_1_112' title="bbox 929 5801 947 5808">
     <span class='ocr_line' id='line_1_112' title="bbox 929 5801 947 5808; baseline -0.111 0"><span class='ocrx_word' id='word_1_871' title='bbox 929 5801 947 5808; x_wconf 48' lang='grc' dir='ltr'><strong>νκ</strong></span> 
     </span>
    </p>
   </div>
   <div class='ocr_carea' id='block_1_113' title="bbox 814 5799 2393 5870">
    <p class='ocr_par' dir='ltr' id='par_1_113' title="bbox 814 5799 2393 5870">
     <span class='ocr_line' id='line_1_113' title="bbox 814 5799 2393 5870; baseline 0 -14"><span class='ocrx_word' id='word_1_872' title='bbox 814 5801 951 5856; x_wconf 74' lang='lat' dir='ltr'><strong>tus</strong></span> <span class='ocrx_word' id='word_1_873' title='bbox 1004 5799 1234 5854; x_wconf 82' lang='lat' dir='ltr'><strong>Sanctus</strong></span> <span class='ocrx_word' id='word_1_874' title='bbox 1308 5799 1442 5854; x_wconf 83' lang='lat' dir='ltr'><strong>dixit</strong></span> <span class='ocrx_word' id='word_1_875' title='bbox 1502 5799 1853 5855; x_wconf 84' lang='lat' dir='ltr'><strong>Eustratius:</strong></span> <span class='ocrx_word' id='word_1_876' title='bbox 1906 5800 1959 5854; x_wconf 90' lang='lat' dir='ltr'><strong>Si</strong></span> <span class='ocrx_word' id='word_1_877' title='bbox 2011 5815 2094 5854; x_wconf 90' lang='lat' dir='ltr'><strong>me</strong></span> <span class='ocrx_word' id='word_1_878' title='bbox 2126 5802 2393 5870; x_wconf 78' lang='lat' dir='ltr'><strong>patirntcr</strong></span> 
     </span>
    </p>
   </div>
   <div class='ocr_carea' id='block_1_114' title="bbox 2555 5345 4069 5421">
    <p class='ocr_par' dir='ltr' id='par_1_114' title="bbox 2555 5345 4069 5421">
     <span class='ocr_line' id='line_1_114' title="bbox 2555 5345 4069 5421; baseline 0.001 -22"><span class='ocrx_word' id='word_1_879' title='bbox 2555 5345 2682 5401; x_wconf 81' lang='grc' dir='ltr'><strong>ΚΓ.</strong></span> <span class='ocrx_word' id='word_1_880' title='bbox 2698 5345 2758 5398; x_wconf 83' lang='grc'><strong>’0</strong></span> <span class='ocrx_word' id='word_1_881' title='bbox 2771 5348 2952 5418; x_wconf 75' lang='grc' dir='ltr'>ἄρχων</span> <span class='ocrx_word' id='word_1_882' title='bbox 2974 5345 3142 5403; x_wconf 71' lang='grc' dir='ltr'>εἶπενο</span> <span class='ocrx_word' id='word_1_883' title='bbox 3162 5351 3449 5421; x_wconf 79' lang='grc' dir='ltr'>Ἀνέχομαί</span> <span class='ocrx_word' id='word_1_884' title='bbox 3471 5368 3564 5404; x_wconf 91' lang='grc' dir='ltr'><strong>σου</strong></span> <span class='ocrx_word' id='word_1_885' title='bbox 3581 5349 3672 5403; x_wconf 83' lang='grc' dir='ltr'>τοῦ</span> <span class='ocrx_word' id='word_1_886' title='bbox 3691 5351 3942 5419; x_wconf 84' lang='grc' dir='ltr'>θράσους,</span> <span class='ocrx_word' id='word_1_887' title='bbox 3969 5352 4069 5404; x_wconf 72' lang='grc' dir='ltr'><strong>Εἴ.-</strong></span> 
     </span>
    </p>
   </div>
   <div class='ocr_carea' id='block_1_115' title="bbox 2492 5438 4064 5512">
    <p class='ocr_par' dir='ltr' id='par_1_115' title="bbox 2492 5438 4064 5512">
     <span class='ocr_line' id='line_1_115' title="bbox 2492 5438 4064 5512; baseline 0.002 -22"><span class='ocrx_word' id='word_1_888' title='bbox 2492 5438 2737 5506; x_wconf 82' lang='grc' dir='ltr'>στράτιε,</span> <span class='ocrx_word' id='word_1_889' title='bbox 2754 5439 2850 5506; x_wconf 81' lang='grc' dir='ltr'>τῆς</span> <span class='ocrx_word' id='word_1_890' title='bbox 2870 5441 3181 5512; x_wconf 80' lang='grc' dir='ltr'>προσούσης</span> <span class='ocrx_word' id='word_1_891' title='bbox 3204 5459 3294 5512; x_wconf 86' lang='grc' dir='ltr'><strong>μοι</strong></span> <span class='ocrx_word' id='word_1_892' title='bbox 3314 5442 3501 5496; x_wconf 65' lang='grc' dir='ltr'>ἕνεκεν</span> <span class='ocrx_word' id='word_1_893' title='bbox 3524 5442 3954 5511; x_wconf 75' lang='grc' dir='ltr'>φιλανθρωπίας·</span> <span class='ocrx_word' id='word_1_894' title='bbox 3977 5443 4064 5494; x_wconf 72' lang='grc' dir='ltr'>λι.</span> 
     </span>
    </p>
   </div>
   <div class='ocr_carea' id='block_1_116' title="bbox 2491 5526 4062 5607">
    <p class='ocr_par' dir='ltr' id='par_1_116' title="bbox 2491 5526 4062 5607">
     <span class='ocr_line' id='line_1_116' title="bbox 2491 5526 4062 5607; baseline 0.002 -25"><span class='ocrx_word' id='word_1_895' title='bbox 2491 5547 2553 5598; x_wconf 83' lang='grc' dir='ltr'>γε</span> <span class='ocrx_word' id='word_1_896' title='bbox 2576 5526 2669 5583; x_wconf 77' lang='grc' dir='ltr'>οὖν</span> <span class='ocrx_word' id='word_1_897' title='bbox 2690 5533 2820 5600; x_wconf 81' lang='grc' dir='ltr'>ἡμῖν</span> <span class='ocrx_word' id='word_1_898' title='bbox 2842 5536 2934 5584; x_wconf 80' lang='grc' dir='ltr'>καὶ</span> <span class='ocrx_word' id='word_1_899' title='bbox 2960 5535 3047 5597; x_wconf 84' lang='grc' dir='ltr'>σὺ,</span> <span class='ocrx_word' id='word_1_900' title='bbox 3070 5533 3217 5596; x_wconf 82' lang='grc' dir='ltr'>ὅστις</span> <span class='ocrx_word' id='word_1_901' title='bbox 3242 5535 3475 5606; x_wconf 77' lang='grc' dir='ltr'>ὑπάρχει</span> <span class='ocrx_word' id='word_1_902' title='bbox 3503 5533 3562 5587; x_wconf 75' lang='grc' dir='ltr'>ὃν</span> <span class='ocrx_word' id='word_1_903' title='bbox 3589 5533 3724 5607; x_wconf 70' lang='grc' dir='ltr'><strong>σεὸῃ</strong></span> <span class='ocrx_word' id='word_1_904' title='bbox 3756 5532 3914 5600; x_wconf 79' lang='grc' dir='ltr'>Θεὸν,</span> <span class='ocrx_word' id='word_1_905' title='bbox 3945 5534 4062 5598; x_wconf 69' lang='grc' dir='ltr'><strong>πῶς</strong></span> 
     </span>
    </p>
   </div>
   <div class='ocr_carea' id='block_1_117' title="bbox 2498 5607 4068 5696">
    <p class='ocr_par' dir='ltr' id='par_1_117' title="bbox 2498 5607 4068 5696">
     <span class='ocr_line' id='line_1_117' title="bbox 2498 5607 4068 5696; baseline 0.004 -21"><span class='ocrx_word' id='word_1_906' title='bbox 2498 5621 2777 5692; x_wconf 71' lang='grc' dir='ltr'>ἄνθρωπος</span> <span class='ocrx_word' id='word_1_907' title='bbox 2808 5624 2903 5689; x_wconf 84' lang='grc' dir='ltr'><strong>ῶν,</strong></span> <span class='ocrx_word' id='word_1_908' title='bbox 2930 5626 3021 5677; x_wconf 76' lang='grc' dir='ltr'>καὶ</span> <span class='ocrx_word' id='word_1_909' title='bbox 3056 5624 3160 5677; x_wconf 68' lang='grc' dir='ltr'>ὑπὸ</span> <span class='ocrx_word' id='word_1_910' title='bbox 3205 5625 3362 5694; x_wconf 82' lang='grc' dir='ltr'>δίκην</span> <span class='ocrx_word' id='word_1_911' title='bbox 3385 5607 3567 5696; x_wconf 75' lang='grc' dir='ltr'>ἀχθεὶς</span> <span class='ocrx_word' id='word_1_912' title='bbox 3592 5629 3687 5679; x_wconf 75' lang='grc' dir='ltr'>καὶ</span> <span class='ocrx_word' id='word_1_913' title='bbox 3715 5623 4068 5695; x_wconf 73' lang='grc' dir='ltr'>σταυρωοιὶς,</span> 
     </span>
    </p>
   </div>
   <div class='ocr_carea' id='block_1_118' title="bbox 2499 5706 4072 5788">
    <p class='ocr_par' dir='ltr' id='par_1_118' title="bbox 2499 5706 4072 5788">
     <span class='ocr_line' id='line_1_118' title="bbox 2499 5706 4072 5788; baseline 0.006 -24"><span class='ocrx_word' id='word_1_914' title='bbox 2499 5712 2629 5775; x_wconf 78' lang='grc' dir='ltr'>Θεὸς</span> <span class='ocrx_word' id='word_1_915' title='bbox 2655 5706 2782 5784; x_wconf 68' lang='grc' dir='ltr'><strong>ὑεὶῐν</strong></span> <span class='ocrx_word' id='word_1_916' title='bbox 2809 5716 3134 5785; x_wconf 70' lang='grc' dir='ltr'>νενόμισται.</span> <span class='ocrx_word' id='word_1_917' title='bbox 3171 5716 3232 5770; x_wconf 94' lang='lat'><strong>&#39;0</strong></span> <span class='ocrx_word' id='word_1_918' title='bbox 3261 5716 3415 5786; x_wconf 71' lang='grc' dir='ltr'>ἅγιος</span> <span class='ocrx_word' id='word_1_919' title='bbox 3444 5718 3772 5788; x_wconf 80' lang='grc' dir='ltr'>Εὑστράτιος</span> <span class='ocrx_word' id='word_1_920' title='bbox 3803 5713 3980 5772; x_wconf 70' lang='grc' dir='ltr'><strong>εἶπεν⁸</strong></span> <span class='ocrx_word' id='word_1_921' title='bbox 4010 5718 4072 5773; x_wconf 78' lang='grc' dir='ltr'>ει</span> 
     </span>
    </p>
   </div>
   <div class='ocr_carea' id='block_1_119' title="bbox 2503 5808 4077 5880">
    <p class='ocr_par' dir='ltr' id='par_1_119' title="bbox 2503 5808 4077 5880">
     <span class='ocr_line' id='line_1_119' title="bbox 2503 5808 4077 5880; baseline 0.003 -24"><span class='ocrx_word' id='word_1_922' title='bbox 2503 5808 2859 5875; x_wconf 72' lang='grc' dir='ltr'>προστάττεις</span> <span class='ocrx_word' id='word_1_923' title='bbox 2903 5811 2994 5861; x_wconf 72' lang='grc' dir='ltr'>καὶ</span> <span class='ocrx_word' id='word_1_924' title='bbox 3027 5808 3361 5873; x_wconf 72' lang='grc' dir='ltr'>ἀνεξικάκως</span> <span class='ocrx_word' id='word_1_925' title='bbox 3415 5808 3652 5872; x_wconf 72' lang='grc' dir='ltr'>ἀκούεις,</span> <span class='ocrx_word' id='word_1_926' title='bbox 3703 5809 4077 5880; x_wconf 66' lang='grc' dir='ltr'>ιρωτησωμαν</span> 
     </span>
    </p>
   </div>
  </div>
