  <div class='ocr_page' id='page_1' title='image "/cluster/home/n/w/nwhite01/storage/ocr_20150623/116/nnc1.0046980156/276.png"; bbox 0 0 4260 6430; ppageno 0'>
   <div class='ocr_carea' id='block_1_1' title="bbox 243 423 351 485">
    <p class='ocr_par' dir='ltr' id='par_1_1' title="bbox 243 423 351 485">
     <span class='ocr_line' id='line_1_1' title="bbox 243 423 351 485; baseline 0 0"><span class='ocrx_word' id='word_1_1' title='bbox 243 423 351 485; x_wconf 72' lang='grc'>493</span> 
     </span>
    </p>
   </div>
   <div class='ocr_carea' id='block_1_2' title="bbox 1024 417 2661 480">
    <p class='ocr_par' dir='ltr' id='par_1_2' title="bbox 1024 417 2661 480">
     <span class='ocr_line' id='line_1_2' title="bbox 1024 417 2661 480; baseline -0.004 -1"><span class='ocrx_word' id='word_1_2' title='bbox 1024 420 1491 480; x_wconf 77' lang='lat' dir='ltr'><strong>MARTYRIUM</strong></span> <span class='ocrx_word' id='word_1_3' title='bbox 1536 420 1593 479; x_wconf 89' lang='lat' dir='ltr'><strong>S.</strong></span> <span class='ocrx_word' id='word_1_4' title='bbox 1638 417 2055 479; x_wconf 71' lang='lat' dir='ltr'><strong>EUSTliATll</strong></span> <span class='ocrx_word' id='word_1_5' title='bbox 2112 418 2203 474; x_wconf 74' lang='lat' dir='ltr'><strong>El‘</strong></span> <span class='ocrx_word' id='word_1_6' title='bbox 2247 417 2661 475; x_wconf 64' lang='grc' dir='ltr'>δυειοιιωι.</span> 
     </span>
    </p>
   </div>
   <div class='ocr_carea' id='block_1_3' title="bbox 3386 419 3486 481">
    <p class='ocr_par' dir='ltr' id='par_1_3' title="bbox 3386 419 3486 481">
     <span class='ocr_line' id='line_1_3' title="bbox 3386 419 3486 481; baseline 0.04 -5"><span class='ocrx_word' id='word_1_7' title='bbox 3386 419 3486 481; x_wconf 61' lang='grc' dir='ltr'>ιρι</span> 
     </span>
    </p>
   </div>
   <div class='ocr_carea' id='block_1_4' title="bbox 248 523 1930 607">
    <p class='ocr_par' dir='ltr' id='par_1_4' title="bbox 248 526 1930 607">
     <span class='ocr_line' id='line_1_4' title="bbox 248 526 1930 607; baseline -0.008 -20"><span class='ocrx_word' id='word_1_8' title='bbox 248 536 513 607; x_wconf 84' lang='grc' dir='ltr'>πρότερον</span> <span class='ocrx_word' id='word_1_9' title='bbox 534 529 782 598; x_wconf 78' lang='grc' dir='ltr'><strong>λογισμῷ</strong></span> <span class='ocrx_word' id='word_1_10' title='bbox 809 529 869 581; x_wconf 87' lang='grc' dir='ltr'><strong>τὸ</strong></span> <span class='ocrx_word' id='word_1_11' title='bbox 905 528 1289 597; x_wconf 87' lang='grc' dir='ltr'>προκείμενον,</span> <span class='ocrx_word' id='word_1_12' title='bbox 1315 531 1494 600; x_wconf 37' lang='grc' dir='ltr'>καιιτὸ</span> <span class='ocrx_word' id='word_1_13' title='bbox 1525 526 1824 593; x_wconf 81' lang='grc' dir='ltr'>τηνικαῦτα</span> <span class='ocrx_word' id='word_1_14' title='bbox 1855 533 1897 585; x_wconf 78' lang='grc' dir='ltr'><strong>Α</strong></span> <span class='ocrx_word' id='word_1_15' title='bbox 1927 544 1930 573; x_wconf 64' lang='grc' dir='ltr'><em>ρ</em></span> 
     </span>
    </p>
   </div>
   <div class='ocr_carea' id='block_1_5' title="bbox 1805 523 3487 607">
    <p class='ocr_par' dir='ltr' id='par_1_5' title="bbox 1805 523 3487 596">
     <span class='ocr_line' id='line_1_5' title="bbox 1805 523 3487 596; baseline 0.002 -22"><span class='ocrx_word' id='word_1_16' title='bbox 1805 541 1824 574; x_wconf 89' lang='grc' dir='ltr'><strong>ι</strong></span> <span class='ocrx_word' id='word_1_17' title='bbox 1855 533 1897 585; x_wconf 77' lang='grc' dir='ltr'><strong>Α</strong></span> <span class='ocrx_word' id='word_1_18' title='bbox 1927 524 2145 589; x_wconf 80' lang='lat' dir='ltr'><strong>audias,</strong></span> <span class='ocrx_word' id='word_1_19' title='bbox 2177 524 2412 593; x_wconf 88' lang='lat' dir='ltr'><strong>primum</strong></span> <span class='ocrx_word' id='word_1_20' title='bbox 2442 533 2492 577; x_wconf 89' lang='lat' dir='ltr'><strong>te</strong></span> <span class='ocrx_word' id='word_1_21' title='bbox 2531 523 2878 593; x_wconf 75' lang='lat' dir='ltr'><strong>interrogabo</strong></span> <span class='ocrx_word' id='word_1_22' title='bbox 2933 539 2997 579; x_wconf 87' lang='lat' dir='ltr'><strong>ea</strong></span> <span class='ocrx_word' id='word_1_23' title='bbox 3028 540 3148 593; x_wconf 81' lang='lat' dir='ltr'><strong>qua:</strong></span> <span class='ocrx_word' id='word_1_24' title='bbox 3175 527 3487 596; x_wconf 77' lang='lat' dir='ltr'><strong>cogitationi</strong></span> 
     </span>
    </p>
   </div>
   <div class='ocr_carea' id='block_1_6' title="bbox 244 608 1813 686">
    <p class='ocr_par' dir='ltr' id='par_1_6' title="bbox 244 608 1813 686">
     <span class='ocr_line' id='line_1_6' title="bbox 244 608 1813 686; baseline -0.009 -8"><span class='ocrx_word' id='word_1_25' title='bbox 244 625 389 678; x_wconf 84' lang='grc' dir='ltr'>κατὰ</span> <span class='ocrx_word' id='word_1_26' title='bbox 420 619 573 685; x_wconf 80' lang='grc' dir='ltr'><strong>τάξιν</strong></span> <span class='ocrx_word' id='word_1_27' title='bbox 608 617 746 680; x_wconf 82' lang='grc' dir='ltr'>λέξω</span> <span class='ocrx_word' id='word_1_28' title='bbox 784 617 918 686; x_wconf 80' lang='grc' dir='ltr'>ὅπερ</span> <span class='ocrx_word' id='word_1_29' title='bbox 950 616 1316 686; x_wconf 74' lang='grc' dir='ltr'>έπεζήτησας.</span> <span class='ocrx_word' id='word_1_30' title='bbox 1352 615 1413 669; x_wconf 82' lang='lat'><strong>&#39;0</strong></span> <span class='ocrx_word' id='word_1_31' title='bbox 1434 614 1615 684; x_wconf 85' lang='grc' dir='ltr'>ἀρχων</span> <span class='ocrx_word' id='word_1_32' title='bbox 1639 608 1813 667; x_wconf 74' lang='grc' dir='ltr'>εἶπενο</span> 
     </span>
    </p>
   </div>
   <div class='ocr_carea' id='block_1_7' title="bbox 245 703 1815 777">
    <p class='ocr_par' dir='ltr' id='par_1_7' title="bbox 245 703 1815 777">
     <span class='ocr_line' id='line_1_7' title="bbox 245 703 1815 777; baseline -0.008 -11"><span class='ocrx_word' id='word_1_33' title='bbox 245 709 429 775; x_wconf 79' lang='grc' dir='ltr'>Ἀπαξ</span> <span class='ocrx_word' id='word_1_34' title='bbox 443 708 690 777; x_wconf 80' lang='grc' dir='ltr'><strong>δοθείσης</strong></span> <span class='ocrx_word' id='word_1_35' title='bbox 714 722 795 758; x_wconf 85' lang='grc' dir='ltr'><strong>σοι</strong></span> <span class='ocrx_word' id='word_1_36' title='bbox 820 704 1006 767; x_wconf 84' lang='grc' dir='ltr'>ἀδείας</span> <span class='ocrx_word' id='word_1_37' title='bbox 1027 704 1321 775; x_wconf 84' lang='grc' dir='ltr'>εὐκαίρως,</span> <span class='ocrx_word' id='word_1_38' title='bbox 1345 705 1592 773; x_wconf 77' lang='grc' dir='ltr'><strong>ἀκαίρως</strong></span> <span class='ocrx_word' id='word_1_39' title='bbox 1614 703 1815 769; x_wconf 82' lang='grc' dir='ltr'>λέγειν,</span> 
     </span>
    </p>
   </div>
   <div class='ocr_carea' id='block_1_8' title="bbox 240 784 1859 867">
    <p class='ocr_par' dir='ltr' id='par_1_8' title="bbox 240 784 1859 867">
     <span class='ocr_line' id='line_1_8' title="bbox 240 784 1859 867; baseline -0.007 -16"><span class='ocrx_word' id='word_1_40' title='bbox 240 798 469 867; x_wconf 80' lang='grc' dir='ltr'>δβούλει</span> <span class='ocrx_word' id='word_1_41' title='bbox 524 798 734 867; x_wconf 82' lang='grc' dir='ltr'>φράσον</span> <span class='ocrx_word' id='word_1_42' title='bbox 777 796 931 865; x_wconf 75' lang='grc' dir='ltr'>ἡμῖν.</span> <span class='ocrx_word' id='word_1_43' title='bbox 963 793 1022 847; x_wconf 81' lang='grc' dir='ltr'>ὐ</span> <span class='ocrx_word' id='word_1_44' title='bbox 1051 792 1205 860; x_wconf 78' lang='grc' dir='ltr'>ἀγιος</span> <span class='ocrx_word' id='word_1_45' title='bbox 1251 791 1581 859; x_wconf 80' lang='grc' dir='ltr'>Εὐστράτιος</span> <span class='ocrx_word' id='word_1_46' title='bbox 1618 784 1771 843; x_wconf 78' lang='grc' dir='ltr'>εἶπεν</span> <span class='ocrx_word' id='word_1_47' title='bbox 1799 802 1811 815; x_wconf 76' lang='grc'><strong><em>³</em></strong></span> <span class='ocrx_word' id='word_1_48' title='bbox 1855 802 1859 805; x_wconf 93' lang='grc'><strong>·</strong></span> 
     </span>
    </p>
   </div>
   <div class='ocr_carea' id='block_1_9' title="bbox 244 877 1813 951">
    <p class='ocr_par' dir='ltr' id='par_1_9' title="bbox 244 877 1813 951">
     <span class='ocr_line' id='line_1_9' title="bbox 244 877 1813 951; baseline -0.006 -14"><span class='ocrx_word' id='word_1_49' title='bbox 244 887 424 937; x_wconf 86' lang='grc' dir='ltr'>[Ιάντα</span> <span class='ocrx_word' id='word_1_50' title='bbox 446 883 731 951; x_wconf 74' lang='grc' dir='ltr'>ἄνθρωπον</span> <span class='ocrx_word' id='word_1_51' title='bbox 762 878 943 936; x_wconf 80' lang='grc' dir='ltr'>τὸνιεῦ</span> <span class='ocrx_word' id='word_1_52' title='bbox 976 879 1275 950; x_wconf 75' lang='grc' dir='ltr'><strong>φρονοῦντα</strong></span> <span class='ocrx_word' id='word_1_53' title='bbox 1303 879 1574 948; x_wconf 84' lang='grc' dir='ltr'>προσήκει</span> <span class='ocrx_word' id='word_1_54' title='bbox 1607 877 1813 930; x_wconf 88' lang='grc' dir='ltr'>δίκαιον</span> 
     </span>
    </p>
   </div>
   <div class='ocr_carea' id='block_1_10' title="bbox 241 963 1815 1041">
    <p class='ocr_par' dir='ltr' id='par_1_10' title="bbox 241 963 1815 1041">
     <span class='ocr_line' id='line_1_10' title="bbox 241 963 1815 1041; baseline -0.006 -17"><span class='ocrx_word' id='word_1_55' title='bbox 241 970 491 1041; x_wconf 74' lang='grc' dir='ltr'>ἡγεῖσθαι</span> <span class='ocrx_word' id='word_1_56' title='bbox 506 970 596 1023; x_wconf 87' lang='grc' dir='ltr'><strong>τὸν</strong></span> <span class='ocrx_word' id='word_1_57' title='bbox 614 970 768 1034; x_wconf 80' lang='grc' dir='ltr'>Θεὸν,</span> <span class='ocrx_word' id='word_1_58' title='bbox 784 968 1190 1037; x_wconf 86' lang='grc' dir='ltr'>ἀκατάληπτον,</span> <span class='ocrx_word' id='word_1_59' title='bbox 1207 965 1547 1029; x_wconf 83' lang='grc' dir='ltr'>ἀνείκαστον,</span> <span class='ocrx_word' id='word_1_60' title='bbox 1566 963 1815 1018; x_wconf 79' lang='grc' dir='ltr'>ἀναλλοί-</span> 
     </span>
    </p>
   </div>
   <div class='ocr_carea' id='block_1_11' title="bbox 239 1054 1817 1132">
    <p class='ocr_par' dir='ltr' id='par_1_11' title="bbox 239 1054 1817 1132">
     <span class='ocr_line' id='line_1_11' title="bbox 239 1054 1817 1132; baseline -0.006 -15"><span class='ocrx_word' id='word_1_61' title='bbox 239 1081 399 1129; x_wconf 90' lang='grc' dir='ltr'>ωτον,</span> <span class='ocrx_word' id='word_1_62' title='bbox 418 1061 831 1132; x_wconf 77' lang='grc' dir='ltr'>ἀνεκδιήγητον,</span> <span class='ocrx_word' id='word_1_63' title='bbox 860 1060 1039 1130; x_wconf 86' lang='grc' dir='ltr'>πάσης</span> <span class='ocrx_word' id='word_1_64' title='bbox 1053 1057 1334 1127; x_wconf 85' lang='grc' dir='ltr'>δυνάμεως</span> <span class='ocrx_word' id='word_1_65' title='bbox 1350 1054 1605 1125; x_wconf 86' lang='grc' dir='ltr'>ἀνωτέρω</span> <span class='ocrx_word' id='word_1_66' title='bbox 1626 1070 1817 1123; x_wconf 83' lang='grc' dir='ltr'>κεκτη-</span> 
     </span>
    </p>
   </div>
   <div class='ocr_carea' id='block_1_12' title="bbox 244 1144 1815 1220">
    <p class='ocr_par' dir='ltr' id='par_1_12' title="bbox 244 1144 1815 1220">
     <span class='ocr_line' id='line_1_12' title="bbox 244 1144 1815 1220; baseline -0.006 -15"><span class='ocrx_word' id='word_1_67' title='bbox 244 1153 406 1220; x_wconf 84' lang='grc' dir='ltr'>μένον</span> <span class='ocrx_word' id='word_1_68' title='bbox 424 1152 494 1205; x_wconf 86' lang='grc' dir='ltr'><strong>τά</strong></span> <span class='ocrx_word' id='word_1_69' title='bbox 515 1151 634 1203; x_wconf 73' lang='grc' dir='ltr'>θεια</span> <span class='ocrx_word' id='word_1_70' title='bbox 650 1149 815 1203; x_wconf 70' lang='grc' dir='ltr'>αὐτοῦ</span> <span class='ocrx_word' id='word_1_71' title='bbox 840 1148 1307 1217; x_wconf 83' lang='grc' dir='ltr'>πλεονεκτήματα.</span> <span class='ocrx_word' id='word_1_72' title='bbox 1332 1146 1400 1198; x_wconf 86' lang='grc' dir='ltr'>Ἣ</span> <span class='ocrx_word' id='word_1_73' title='bbox 1433 1145 1532 1215; x_wconf 82' lang='grc' dir='ltr'><strong>οὐχ</strong></span> <span class='ocrx_word' id='word_1_74' title='bbox 1557 1144 1698 1198; x_wconf 75' lang='grc' dir='ltr'>οὕτω</span> <span class='ocrx_word' id='word_1_75' title='bbox 1733 1159 1815 1196; x_wconf 86' lang='grc' dir='ltr'><strong>σοι</strong></span> 
     </span>
    </p>
   </div>
   <div class='ocr_carea' id='block_1_13' title="bbox 238 1224 1815 1305">
    <p class='ocr_par' dir='ltr' id='par_1_13' title="bbox 238 1224 1815 1305">
     <span class='ocr_line' id='line_1_13' title="bbox 238 1224 1815 1305; baseline -0.006 -14"><span class='ocrx_word' id='word_1_76' title='bbox 238 1238 408 1303; x_wconf 71' lang='grc' dir='ltr'>δοκεῖ,</span> <span class='ocrx_word' id='word_1_77' title='bbox 429 1238 708 1305; x_wconf 79' lang='grc' dir='ltr'>σοφώτατε</span> <span class='ocrx_word' id='word_1_78' title='bbox 728 1234 1000 1291; x_wconf 83' lang='grc' dir='ltr'>δικαστῶν</span> <span class='ocrx_word' id='word_1_79' title='bbox 1017 1251 1035 1302; x_wconf 85' lang='lat'><strong>;</strong></span> <span class='ocrx_word' id='word_1_80' title='bbox 1051 1233 1109 1287; x_wconf 84' lang='grc' dir='ltr'>Ὀ</span> <span class='ocrx_word' id='word_1_81' title='bbox 1123 1233 1307 1304; x_wconf 73' lang='grc' dir='ltr'>ἀρχων</span> <span class='ocrx_word' id='word_1_82' title='bbox 1324 1226 1705 1295; x_wconf 60' lang='grc' dir='ltr'>εἴπενκΟὖτως</span> <span class='ocrx_word' id='word_1_83' title='bbox 1739 1224 1815 1283; x_wconf 85' lang='grc' dir='ltr'><strong>οἷ-</strong></span> 
     </span>
    </p>
   </div>
   <div class='ocr_carea' id='block_1_14' title="bbox 240 1322 1817 1400">
    <p class='ocr_par' dir='ltr' id='par_1_14' title="bbox 240 1322 1817 1400">
     <span class='ocr_line' id='line_1_14' title="bbox 240 1322 1817 1400; baseline -0.002 -19"><span class='ocrx_word' id='word_1_84' title='bbox 240 1348 361 1399; x_wconf 85' lang='grc' dir='ltr'>μαι.</span> <span class='ocrx_word' id='word_1_85' title='bbox 396 1332 455 1382; x_wconf 90' lang='grc'><strong>’0</strong></span> <span class='ocrx_word' id='word_1_86' title='bbox 484 1330 637 1399; x_wconf 82' lang='grc' dir='ltr'>ἀγιος</span> <span class='ocrx_word' id='word_1_87' title='bbox 670 1328 1000 1400; x_wconf 77' lang='grc' dir='ltr'>Εὐστράτιος</span> <span class='ocrx_word' id='word_1_88' title='bbox 1043 1322 1217 1381; x_wconf 68' lang='grc' dir='ltr'>εἷπτνο</span> <span class='ocrx_word' id='word_1_89' title='bbox 1254 1326 1641 1397; x_wconf 81' lang='grc' dir='ltr'>Προσθήσομεν</span> <span class='ocrx_word' id='word_1_90' title='bbox 1677 1325 1817 1378; x_wconf 84' lang='grc' dir='ltr'>πάν-</span> 
     </span>
    </p>
   </div>
   <div class='ocr_carea' id='block_1_15' title="bbox 237 1409 1814 1487">
    <p class='ocr_par' dir='ltr' id='par_1_15' title="bbox 237 1409 1814 1487">
     <span class='ocr_line' id='line_1_15' title="bbox 237 1409 1814 1487; baseline -0.004 -15"><span class='ocrx_word' id='word_1_91' title='bbox 237 1436 348 1471; x_wconf 84' lang='grc' dir='ltr'><strong>των</strong></span> <span class='ocrx_word' id='word_1_92' title='bbox 363 1420 550 1472; x_wconf 64' lang='grc' dir='ltr'>ἕνεκεν</span> <span class='ocrx_word' id='word_1_93' title='bbox 566 1418 661 1472; x_wconf 78' lang='grc' dir='ltr'>καὶ</span> <span class='ocrx_word' id='word_1_94' title='bbox 682 1417 941 1487; x_wconf 78' lang='grc' dir='ltr'>ἀνελλιπῆ</span> <span class='ocrx_word' id='word_1_95' title='bbox 966 1416 1129 1469; x_wconf 85' lang='grc' dir='ltr'>αὑτὸν</span> <span class='ocrx_word' id='word_1_96' title='bbox 1158 1412 1319 1469; x_wconf 83' lang='grc' dir='ltr'>εῐναι.</span> <span class='ocrx_word' id='word_1_97' title='bbox 1354 1414 1413 1467; x_wconf 87' lang='lat'><strong>&#39;0</strong></span> <span class='ocrx_word' id='word_1_98' title='bbox 1432 1414 1614 1482; x_wconf 83' lang='grc' dir='ltr'>ἀρχων</span> <span class='ocrx_word' id='word_1_99' title='bbox 1635 1409 1814 1467; x_wconf 73' lang='grc' dir='ltr'>εἷπενυ</span> 
     </span>
    </p>
   </div>
   <div class='ocr_carea' id='block_1_16' title="bbox 248 1498 1813 1572">
    <p class='ocr_par' dir='ltr' id='par_1_16' title="bbox 248 1498 1813 1572">
     <span class='ocr_line' id='line_1_16' title="bbox 248 1498 1813 1572; baseline -0.002 -14"><span class='ocrx_word' id='word_1_100' title='bbox 248 1505 347 1559; x_wconf 84' lang='grc' dir='ltr'>Ἕκ</span> <span class='ocrx_word' id='word_1_101' title='bbox 372 1507 594 1569; x_wconf 86' lang='grc' dir='ltr'>παντός.</span> <span class='ocrx_word' id='word_1_102' title='bbox 640 1505 696 1559; x_wconf 86' lang='grc' dir='ltr'>Ὀ</span> <span class='ocrx_word' id='word_1_103' title='bbox 714 1505 868 1572; x_wconf 77' lang='grc' dir='ltr'>ἀγιος</span> <span class='ocrx_word' id='word_1_104' title='bbox 897 1504 1226 1572; x_wconf 83' lang='grc' dir='ltr'>Εὑστράτιος</span> <span class='ocrx_word' id='word_1_105' title='bbox 1251 1498 1402 1555; x_wconf 74' lang='grc' dir='ltr'>εἶπεν</span> <span class='ocrx_word' id='word_1_106' title='bbox 1428 1518 1443 1532; x_wconf 86' lang='grc'><strong>·</strong></span> <span class='ocrx_word' id='word_1_107' title='bbox 1466 1501 1533 1555; x_wconf 82' lang='grc' dir='ltr'>Τί</span> <span class='ocrx_word' id='word_1_108' title='bbox 1556 1498 1649 1556; x_wconf 84' lang='grc' dir='ltr'>οὖν</span> <span class='ocrx_word' id='word_1_109' title='bbox 1671 1520 1684 1568; x_wconf 89' lang='lat'><strong>;</strong></span> <span class='ocrx_word' id='word_1_110' title='bbox 1709 1502 1813 1555; x_wconf 77' lang='grc' dir='ltr'><strong>δώ⁸</strong></span> 
     </span>
    </p>
   </div>
   <div class='ocr_carea' id='block_1_17' title="bbox 238 1588 1812 1664">
    <p class='ocr_par' dir='ltr' id='par_1_17' title="bbox 238 1588 1812 1664">
     <span class='ocr_line' id='line_1_17' title="bbox 238 1588 1812 1664; baseline -0.002 -16"><span class='ocrx_word' id='word_1_111' title='bbox 238 1612 408 1661; x_wconf 88' lang='grc' dir='ltr'>σομεν</span> <span class='ocrx_word' id='word_1_112' title='bbox 469 1595 563 1647; x_wconf 78' lang='grc' dir='ltr'>καὶ</span> <span class='ocrx_word' id='word_1_113' title='bbox 610 1594 833 1664; x_wconf 70' lang='grc' dir='ltr'>ἑτέρους</span> <span class='ocrx_word' id='word_1_114' title='bbox 890 1588 1035 1646; x_wconf 74' lang='grc' dir='ltr'>εἶναι</span> <span class='ocrx_word' id='word_1_115' title='bbox 1086 1591 1241 1653; x_wconf 81' lang='grc' dir='ltr'>θεοὺς</span> <span class='ocrx_word' id='word_1_116' title='bbox 1284 1592 1379 1643; x_wconf 81' lang='grc' dir='ltr'>καὶ</span> <span class='ocrx_word' id='word_1_117' title='bbox 1424 1592 1523 1659; x_wconf 81' lang='grc' dir='ltr'>τῆς</span> <span class='ocrx_word' id='word_1_118' title='bbox 1559 1592 1812 1659; x_wconf 82' lang='grc' dir='ltr'>τοιαύτης</span> 
     </span>
    </p>
   </div>
   <div class='ocr_carea' id='block_1_18' title="bbox 238 1678 1812 1751">
    <p class='ocr_par' dir='ltr' id='par_1_18' title="bbox 238 1678 1812 1751">
     <span class='ocr_line' id='line_1_18' title="bbox 238 1678 1812 1751; baseline -0.001 -16"><span class='ocrx_word' id='word_1_119' title='bbox 238 1683 519 1751; x_wconf 61' lang='grc' dir='ltr'>ἀςθάρτου</span> <span class='ocrx_word' id='word_1_120' title='bbox 546 1681 734 1743; x_wconf 76' lang='grc' dir='ltr'>οὐσίας</span> <span class='ocrx_word' id='word_1_121' title='bbox 761 1680 855 1734; x_wconf 77' lang='grc' dir='ltr'>καὶ</span> <span class='ocrx_word' id='word_1_122' title='bbox 878 1680 1105 1741; x_wconf 80' lang='grc' dir='ltr'>τούτους</span> <span class='ocrx_word' id='word_1_123' title='bbox 1158 1678 1309 1741; x_wconf 70' lang='grc' dir='ltr'>ἐντὸς</span> <span class='ocrx_word' id='word_1_124' title='bbox 1358 1680 1692 1733; x_wconf 76' lang='grc' dir='ltr'>καθεστάναι</span> <span class='ocrx_word' id='word_1_125' title='bbox 1722 1680 1812 1733; x_wconf 82' lang='grc' dir='ltr'><strong>λέ-</strong></span> 
     </span>
    </p>
   </div>
   <div class='ocr_carea' id='block_1_19' title="bbox 250 1762 1813 1842">
    <p class='ocr_par' dir='ltr' id='par_1_19' title="bbox 250 1762 1813 1842">
     <span class='ocr_line' id='line_1_19' title="bbox 250 1762 1813 1842; baseline -0.001 -17"><span class='ocrx_word' id='word_1_126' title='bbox 250 1774 441 1842; x_wconf 67' lang='grc' dir='ltr'>εομεν,</span> <span class='ocrx_word' id='word_1_127' title='bbox 478 1772 581 1825; x_wconf 72' lang='grc' dir='ltr'><strong>κάν</strong></span> <span class='ocrx_word' id='word_1_128' title='bbox 630 1771 829 1841; x_wconf 90' lang='grc' dir='ltr'>μικρὸν</span> <span class='ocrx_word' id='word_1_129' title='bbox 867 1771 963 1839; x_wconf 84' lang='grc' dir='ltr'>τῆς</span> <span class='ocrx_word' id='word_1_130' title='bbox 1028 1769 1312 1839; x_wconf 82' lang='grc' dir='ltr'>εὐμοιρίας</span> <span class='ocrx_word' id='word_1_131' title='bbox 1361 1762 1565 1839; x_wconf 82' lang='grc' dir='ltr'>ταύτης</span> <span class='ocrx_word' id='word_1_132' title='bbox 1615 1772 1813 1834; x_wconf 73' lang='grc' dir='ltr'>ένδεεῖς</span> 
     </span>
    </p>
   </div>
   <div class='ocr_carea' id='block_1_20' title="bbox 236 1856 1697 1931">
    <p class='ocr_par' dir='ltr' id='par_1_20' title="bbox 236 1856 1697 1931">
     <span class='ocr_line' id='line_1_20' title="bbox 236 1856 1697 1931; baseline -0.001 -15"><span class='ocrx_word' id='word_1_133' title='bbox 236 1856 417 1926; x_wconf 76' lang='grc' dir='ltr'>ὧσινς</span> <span class='ocrx_word' id='word_1_134' title='bbox 454 1863 566 1915; x_wconf 83' lang='grc' dir='ltr'><strong>Οὐκ</strong></span> <span class='ocrx_word' id='word_1_135' title='bbox 586 1858 740 1930; x_wconf 78' lang='grc' dir='ltr'>οἴμαι</span> <span class='ocrx_word' id='word_1_136' title='bbox 779 1859 1097 1931; x_wconf 79' lang='grc' dir='ltr'>νομίζεσθαι</span> <span class='ocrx_word' id='word_1_137' title='bbox 1147 1862 1347 1924; x_wconf 75' lang='grc' dir='ltr'>αὐτοὺς</span> <span class='ocrx_word' id='word_1_138' title='bbox 1388 1860 1541 1931; x_wconf 85' lang='grc' dir='ltr'><strong>παρά</strong></span> <span class='ocrx_word' id='word_1_139' title='bbox 1598 1861 1697 1915; x_wconf 88' lang='grc' dir='ltr'><strong>ἀνθ</strong></span> 
     </span>
    </p>
   </div>
   <div class='ocr_carea' id='block_1_21' title="bbox 244 1949 1816 2023">
    <p class='ocr_par' dir='ltr' id='par_1_21' title="bbox 244 1949 1816 2023">
     <span class='ocr_line' id='line_1_21' title="bbox 244 1949 1816 2023; baseline -0.001 -17"><span class='ocrx_word' id='word_1_140' title='bbox 244 1971 367 2007; x_wconf 81' lang='grc' dir='ltr'><strong>πων</strong></span> <span class='ocrx_word' id='word_1_141' title='bbox 397 1969 411 1984; x_wconf 75' lang='grc' dir='ltr'><strong>ο</strong></span> <span class='ocrx_word' id='word_1_142' title='bbox 445 1952 728 2014; x_wconf 80' lang='grc' dir='ltr'>ἀνελλιπὲς</span> <span class='ocrx_word' id='word_1_143' title='bbox 776 1949 884 2020; x_wconf 84' lang='grc' dir='ltr'><strong>γὰρ</strong></span> <span class='ocrx_word' id='word_1_144' title='bbox 929 1950 990 2003; x_wconf 87' lang='grc' dir='ltr'><strong>τὸ</strong></span> <span class='ocrx_word' id='word_1_145' title='bbox 1042 1950 1217 2013; x_wconf 86' lang='grc' dir='ltr'>Θεῖον,</span> <span class='ocrx_word' id='word_1_146' title='bbox 1268 1952 1343 2013; x_wconf 85' lang='grc' dir='ltr'>ὼς</span> <span class='ocrx_word' id='word_1_147' title='bbox 1393 1951 1741 2023; x_wconf 77' lang='grc' dir='ltr'>προείρηται,</span> <span class='ocrx_word' id='word_1_148' title='bbox 1788 1952 1816 2005; x_wconf 83' lang='grc' dir='ltr'><strong><em>ὃ</em></strong></span> 
     </span>
    </p>
   </div>
   <div class='ocr_carea' id='block_1_22' title="bbox 242 2039 1824 2111">
    <p class='ocr_par' dir='ltr' id='par_1_22' title="bbox 242 2039 1824 2111">
     <span class='ocr_line' id='line_1_22' title="bbox 242 2039 1824 2111; baseline 0.001 -18"><span class='ocrx_word' id='word_1_149' title='bbox 242 2043 339 2094; x_wconf 73' lang='grc' dir='ltr'>καὶ</span> <span class='ocrx_word' id='word_1_150' title='bbox 382 2043 549 2093; x_wconf 81' lang='grc' dir='ltr'>πᾶσιν</span> <span class='ocrx_word' id='word_1_151' title='bbox 581 2039 892 2108; x_wconf 80' lang='grc' dir='ltr'>ἀνθρώποις</span> <span class='ocrx_word' id='word_1_152' title='bbox 942 2040 1294 2092; x_wconf 82' lang='grc' dir='ltr'>πιστεύεσθαι</span> <span class='ocrx_word' id='word_1_153' title='bbox 1341 2040 1437 2093; x_wconf 78' lang='grc' dir='ltr'>καὶ</span> <span class='ocrx_word' id='word_1_154' title='bbox 1496 2045 1824 2111; x_wconf 81' lang='grc' dir='ltr'>προσκυνεῖ·</span> 
     </span>
    </p>
   </div>
   <div class='ocr_carea' id='block_1_23' title="bbox 248 2123 1819 2196">
    <p class='ocr_par' dir='ltr' id='par_1_23' title="bbox 248 2123 1819 2196">
     <span class='ocr_line' id='line_1_23' title="bbox 248 2123 1819 2196; baseline 0 -17"><span class='ocrx_word' id='word_1_155' title='bbox 248 2128 376 2181; x_wconf 84' lang='grc' dir='ltr'>σθαι</span> <span class='ocrx_word' id='word_1_156' title='bbox 400 2126 625 2195; x_wconf 76' lang='grc' dir='ltr'>ὀφείλει.</span> <span class='ocrx_word' id='word_1_157' title='bbox 672 2126 730 2177; x_wconf 83' lang='grc' dir='ltr'>Ὀ</span> <span class='ocrx_word' id='word_1_158' title='bbox 757 2125 939 2196; x_wconf 78' lang='grc' dir='ltr'>ἄρχων</span> <span class='ocrx_word' id='word_1_159' title='bbox 967 2123 1146 2180; x_wconf 79' lang='grc' dir='ltr'>εἶπεν·</span> <span class='ocrx_word' id='word_1_160' title='bbox 1181 2126 1366 2189; x_wconf 78' lang='grc' dir='ltr'>Οὕτως</span> <span class='ocrx_word' id='word_1_161' title='bbox 1391 2127 1526 2196; x_wconf 75' lang='grc' dir='ltr'>ἔχει.</span> <span class='ocrx_word' id='word_1_162' title='bbox 1573 2129 1632 2179; x_wconf 84' lang='grc' dir='ltr'><strong>Ὀ</strong></span> <span class='ocrx_word' id='word_1_163' title='bbox 1664 2130 1819 2196; x_wconf 71' lang='grc' dir='ltr'>ἅγιος</span> 
     </span>
    </p>
   </div>
   <div class='ocr_carea' id='block_1_24' title="bbox 242 2209 1818 2284">
    <p class='ocr_par' dir='ltr' id='par_1_24' title="bbox 242 2209 1818 2284">
     <span class='ocr_line' id='line_1_24' title="bbox 242 2209 1818 2284; baseline -0.001 -16"><span class='ocrx_word' id='word_1_164' title='bbox 242 2215 577 2284; x_wconf 73' lang='grc' dir='ltr'>Εὐστράτιος</span> <span class='ocrx_word' id='word_1_165' title='bbox 601 2210 721 2266; x_wconf 77' lang='grc' dir='ltr'>εἷπε</span> <span class='ocrx_word' id='word_1_166' title='bbox 749 2230 764 2244; x_wconf 78' lang='grc' dir='ltr'><strong>ο</strong></span> <span class='ocrx_word' id='word_1_167' title='bbox 810 2214 874 2266; x_wconf 87' lang='grc' dir='ltr'>Τί</span> <span class='ocrx_word' id='word_1_168' title='bbox 904 2209 1022 2280; x_wconf 84' lang='grc' dir='ltr'>οὖν,</span> <span class='ocrx_word' id='word_1_169' title='bbox 1070 2218 1116 2268; x_wconf 90' lang='grc' dir='ltr'>οἱ</span> <span class='ocrx_word' id='word_1_170' title='bbox 1169 2214 1352 2269; x_wconf 85' lang='grc' dir='ltr'>πολλοί</span> <span class='ocrx_word' id='word_1_171' title='bbox 1404 2233 1497 2268; x_wconf 89' lang='grc' dir='ltr'><strong>σου</strong></span> <span class='ocrx_word' id='word_1_172' title='bbox 1549 2216 1662 2269; x_wconf 78' lang='grc' dir='ltr'>θεοὶ</span> <span class='ocrx_word' id='word_1_173' title='bbox 1709 2218 1818 2268; x_wconf 89' lang='grc' dir='ltr'>τῶν</span> 
     </span>
    </p>
   </div>
   <div class='ocr_carea' id='block_1_25' title="bbox 242 2304 1820 2375">
    <p class='ocr_par' dir='ltr' id='par_1_25' title="bbox 242 2304 1820 2375">
     <span class='ocr_line' id='line_1_25' title="bbox 242 2304 1820 2375; baseline 0.002 -20"><span class='ocrx_word' id='word_1_174' title='bbox 242 2305 537 2373; x_wconf 73' lang='grc' dir='ltr'>ἀχράντων</span> <span class='ocrx_word' id='word_1_175' title='bbox 567 2304 775 2357; x_wconf 88' lang='grc' dir='ltr'>τούτων</span> <span class='ocrx_word' id='word_1_176' title='bbox 830 2305 924 2358; x_wconf 73' lang='grc' dir='ltr'>καὶ</span> <span class='ocrx_word' id='word_1_177' title='bbox 974 2305 1259 2359; x_wconf 78' lang='grc' dir='ltr'>ἀθανάτων</span> <span class='ocrx_word' id='word_1_178' title='bbox 1325 2305 1820 2375; x_wconf 83' lang='grc' dir='ltr'>πλεονεκτημάτων</span> 
     </span>
    </p>
   </div>
   <div class='ocr_carea' id='block_1_26' title="bbox 239 2391 1807 2462">
    <p class='ocr_par' dir='ltr' id='par_1_26' title="bbox 239 2391 1807 2462">
     <span class='ocr_line' id='line_1_26' title="bbox 239 2391 1807 2462; baseline 0 -17"><span class='ocrx_word' id='word_1_179' title='bbox 239 2396 390 2452; x_wconf 71' lang='grc' dir='ltr'>ἐντὸς</span> <span class='ocrx_word' id='word_1_180' title='bbox 419 2392 779 2462; x_wconf 80' lang='grc' dir='ltr'>ὑπάρχουσιν,</span> <span class='ocrx_word' id='word_1_181' title='bbox 812 2391 886 2453; x_wconf 84' lang='grc' dir='ltr'><strong>ὡς</strong></span> <span class='ocrx_word' id='word_1_182' title='bbox 935 2393 1094 2461; x_wconf 78' lang='grc' dir='ltr'>ὑμεῖς</span> <span class='ocrx_word' id='word_1_183' title='bbox 1146 2393 1358 2458; x_wconf 84' lang='grc' dir='ltr'>λέγετε,</span> <span class='ocrx_word' id='word_1_184' title='bbox 1411 2392 1505 2446; x_wconf 78' lang='grc' dir='ltr'>καὶ</span> <span class='ocrx_word' id='word_1_185' title='bbox 1566 2393 1807 2445; x_wconf 84' lang='grc' dir='ltr'>ίσοδυνα-</span> 
     </span>
    </p>
   </div>
   <div class='ocr_carea' id='block_1_27' title="bbox 243 2480 1822 2550">
    <p class='ocr_par' dir='ltr' id='par_1_27' title="bbox 243 2480 1822 2550">
     <span class='ocr_line' id='line_1_27' title="bbox 243 2480 1822 2550; baseline 0 -18"><span class='ocrx_word' id='word_1_186' title='bbox 243 2480 437 2548; x_wconf 80' lang='grc' dir='ltr'>μοῦσιν</span> <span class='ocrx_word' id='word_1_187' title='bbox 469 2481 718 2550; x_wconf 77' lang='grc' dir='ltr'>ἀλλήλοις</span> <span class='ocrx_word' id='word_1_188' title='bbox 748 2482 794 2533; x_wconf 78' lang='grc' dir='ltr'><strong>σί</strong></span> <span class='ocrx_word' id='word_1_189' title='bbox 822 2480 941 2533; x_wconf 79' lang='grc' dir='ltr'>κατ’</span> <span class='ocrx_word' id='word_1_190' title='bbox 965 2481 1156 2533; x_wconf 81' lang='grc' dir='ltr'>οὐσίαν</span> <span class='ocrx_word' id='word_1_191' title='bbox 1190 2480 1264 2550; x_wconf 78' lang='grc' dir='ltr'>μὴ</span> <span class='ocrx_word' id='word_1_192' title='bbox 1302 2480 1643 2550; x_wconf 80' lang='grc' dir='ltr'>διεστηκότες</span> <span class='ocrx_word' id='word_1_193' title='bbox 1670 2498 1683 2544; x_wconf 88' lang='lat'><strong>;</strong></span> <span class='ocrx_word' id='word_1_194' title='bbox 1713 2482 1822 2534; x_wconf 77' lang='grc' dir='ltr'><strong>Καὶ</strong></span> 
     </span>
    </p>
   </div>
   <div class='ocr_carea' id='block_1_28' title="bbox 237 2569 1820 2639">
    <p class='ocr_par' dir='ltr' id='par_1_28' title="bbox 237 2569 1820 2639">
     <span class='ocr_line' id='line_1_28' title="bbox 237 2569 1820 2639; baseline 0 -16"><span class='ocrx_word' id='word_1_195' title='bbox 237 2573 286 2624; x_wconf 86' lang='grc' dir='ltr'>εἰ</span> <span class='ocrx_word' id='word_1_196' title='bbox 330 2570 499 2633; x_wconf 77' lang='grc' dir='ltr'>οὕτως</span> <span class='ocrx_word' id='word_1_197' title='bbox 559 2569 694 2639; x_wconf 67' lang='grc' dir='ltr'>ἔχει,</span> <span class='ocrx_word' id='word_1_198' title='bbox 726 2570 775 2622; x_wconf 77' lang='grc' dir='ltr'>οἱ</span> <span class='ocrx_word' id='word_1_199' title='bbox 806 2570 885 2632; x_wconf 67' lang='grc' dir='ltr'><strong>είς</strong></span> <span class='ocrx_word' id='word_1_200' title='bbox 941 2570 1070 2638; x_wconf 88' lang='grc' dir='ltr'>μίαν</span> <span class='ocrx_word' id='word_1_201' title='bbox 1124 2569 1535 2637; x_wconf 83' lang='grc' dir='ltr'>κορυφωθέντες</span> <span class='ocrx_word' id='word_1_202' title='bbox 1568 2569 1820 2638; x_wconf 87' lang='grc' dir='ltr'>θεότητα,</span> 
     </span>
    </p>
   </div>
   <div class='ocr_carea' id='block_1_29' title="bbox 237 2656 1821 2728">
    <p class='ocr_par' dir='ltr' id='par_1_29' title="bbox 237 2656 1821 2728">
     <span class='ocr_line' id='line_1_29' title="bbox 237 2656 1821 2728; baseline 0 -17"><span class='ocrx_word' id='word_1_203' title='bbox 237 2657 517 2726; x_wconf 63' lang='grc' dir='ltr'>δυνάμεώς</span> <span class='ocrx_word' id='word_1_204' title='bbox 544 2674 601 2708; x_wconf 74' lang='grc' dir='ltr'><strong>τε</strong></span> <span class='ocrx_word' id='word_1_205' title='bbox 636 2658 731 2709; x_wconf 81' lang='grc' dir='ltr'>καὶ</span> <span class='ocrx_word' id='word_1_206' title='bbox 756 2657 918 2725; x_wconf 64' lang='grc' dir='ltr'>ἔργου</span> <span class='ocrx_word' id='word_1_207' title='bbox 954 2657 1358 2727; x_wconf 83' lang='grc' dir='ltr'>ίσομοιροῦντες</span> <span class='ocrx_word' id='word_1_208' title='bbox 1381 2656 1455 2728; x_wconf 83' lang='grc' dir='ltr'><strong>μὴ</strong></span> <span class='ocrx_word' id='word_1_209' title='bbox 1477 2656 1821 2725; x_wconf 78' lang='grc' dir='ltr'>λεγέσθωσαν</span> 
     </span>
    </p>
   </div>
   <div class='ocr_carea' id='block_1_30' title="bbox 239 2744 1822 2815">
    <p class='ocr_par' dir='ltr' id='par_1_30' title="bbox 239 2744 1822 2815">
     <span class='ocr_line' id='line_1_30' title="bbox 239 2744 1822 2815; baseline -0.001 -16"><span class='ocrx_word' id='word_1_210' title='bbox 239 2746 354 2799; x_wconf 80' lang='grc' dir='ltr'>θεοὶ</span> <span class='ocrx_word' id='word_1_211' title='bbox 373 2746 615 2813; x_wconf 81' lang='grc' dir='ltr'>μείζονες</span> <span class='ocrx_word' id='word_1_212' title='bbox 646 2747 735 2798; x_wconf 75' lang='grc' dir='ltr'>καὶ</span> <span class='ocrx_word' id='word_1_213' title='bbox 768 2746 1069 2808; x_wconf 75' lang='grc' dir='ltr'>έλάττονες,</span> <span class='ocrx_word' id='word_1_214' title='bbox 1107 2744 1241 2798; x_wconf 72' lang='grc' dir='ltr'>ἀλλὰ</span> <span class='ocrx_word' id='word_1_215' title='bbox 1270 2745 1399 2809; x_wconf 82' lang='grc' dir='ltr'>Θεὸς</span> <span class='ocrx_word' id='word_1_216' title='bbox 1426 2748 1481 2799; x_wconf 74' lang='grc' dir='ltr'><strong>έν</strong></span> <span class='ocrx_word' id='word_1_217' title='bbox 1506 2747 1822 2815; x_wconf 89' lang='grc' dir='ltr'>ἀσυγκρίτῳ</span> 
     </span>
    </p>
   </div>
   <div class='ocr_carea' id='block_1_31' title="bbox 237 2828 1822 2899">
    <p class='ocr_par' dir='ltr' id='par_1_31' title="bbox 237 2828 1822 2899">
     <span class='ocr_line' id='line_1_31' title="bbox 237 2828 1822 2899; baseline 0 -17"><span class='ocrx_word' id='word_1_218' title='bbox 237 2829 491 2898; x_wconf 85' lang='grc' dir='ltr'>δυνάμει,</span> <span class='ocrx_word' id='word_1_219' title='bbox 543 2828 926 2898; x_wconf 66' lang='grc' dir='ltr'>μεμονωμένον</span> <span class='ocrx_word' id='word_1_220' title='bbox 948 2829 1045 2898; x_wconf 85' lang='grc' dir='ltr'>τῆς</span> <span class='ocrx_word' id='word_1_221' title='bbox 1063 2829 1313 2898; x_wconf 76' lang='grc' dir='ltr'>θεότητος</span> <span class='ocrx_word' id='word_1_222' title='bbox 1336 2829 1506 2897; x_wconf 76' lang='grc' dir='ltr'>ὄνομα</span> <span class='ocrx_word' id='word_1_223' title='bbox 1538 2829 1699 2899; x_wconf 68' lang='grc' dir='ltr'>ἔχων,</span> <span class='ocrx_word' id='word_1_224' title='bbox 1727 2831 1822 2882; x_wconf 73' lang='grc' dir='ltr'>καὶ</span> 
     </span>
    </p>
   </div>
   <div class='ocr_carea' id='block_1_32' title="bbox 242 2915 1813 2986">
    <p class='ocr_par' dir='ltr' id='par_1_32' title="bbox 242 2915 1813 2986">
     <span class='ocr_line' id='line_1_32' title="bbox 242 2915 1813 2986; baseline -0.001 -18"><span class='ocrx_word' id='word_1_225' title='bbox 242 2918 320 2986; x_wconf 73' lang='grc' dir='ltr'>μὴ</span> <span class='ocrx_word' id='word_1_226' title='bbox 352 2916 757 2982; x_wconf 74' lang='grc' dir='ltr'>νομιζέσθωσαν</span> <span class='ocrx_word' id='word_1_227' title='bbox 779 2915 1047 2985; x_wconf 78' lang='grc' dir='ltr'>παρ’ῠμῐν</span> <span class='ocrx_word' id='word_1_228' title='bbox 1080 2918 1105 2965; x_wconf 81' lang='grc' dir='ltr'>ὁ</span> <span class='ocrx_word' id='word_1_229' title='bbox 1126 2916 1223 2984; x_wconf 74' lang='grc' dir='ltr'>μὶν</span> <span class='ocrx_word' id='word_1_230' title='bbox 1241 2916 1471 2985; x_wconf 72' lang='grc' dir='ltr'>οὐρανὸν</span> <span class='ocrx_word' id='word_1_231' title='bbox 1502 2918 1691 2980; x_wconf 72' lang='grc' dir='ltr'>οἰκεῖν,</span> <span class='ocrx_word' id='word_1_232' title='bbox 1710 2917 1738 2967; x_wconf 85' lang='grc' dir='ltr'><strong>ό</strong></span> <span class='ocrx_word' id='word_1_233' title='bbox 1757 2915 1813 2968; x_wconf 66' lang='grc' dir='ltr'>δὲ</span> 
     </span>
    </p>
   </div>
   <div class='ocr_carea' id='block_1_33' title="bbox 235 3001 1809 3072">
    <p class='ocr_par' dir='ltr' id='par_1_33' title="bbox 235 3001 1809 3072">
     <span class='ocr_line' id='line_1_33' title="bbox 235 3001 1809 3072; baseline -0.002 -16"><span class='ocrx_word' id='word_1_234' title='bbox 235 3004 531 3067; x_wconf 85' lang='grc' dir='ltr'>θάλατταν,</span> <span class='ocrx_word' id='word_1_235' title='bbox 550 3007 577 3054; x_wconf 77' lang='grc' dir='ltr'>ὁ</span> <span class='ocrx_word' id='word_1_236' title='bbox 592 3004 647 3056; x_wconf 81' lang='grc' dir='ltr'>δὲ</span> <span class='ocrx_word' id='word_1_237' title='bbox 667 3006 732 3055; x_wconf 74' lang='grc' dir='ltr'><strong>τά</strong></span> <span class='ocrx_word' id='word_1_238' title='bbox 754 3003 1097 3071; x_wconf 80' lang='grc' dir='ltr'>καταχθόνια.</span> <span class='ocrx_word' id='word_1_239' title='bbox 1122 3004 1193 3055; x_wconf 85' lang='grc' dir='ltr'><strong><em>Ἥ</em></strong></span> <span class='ocrx_word' id='word_1_240' title='bbox 1212 3004 1308 3072; x_wconf 80' lang='grc' dir='ltr'><strong>οὐχ</strong></span> <span class='ocrx_word' id='word_1_241' title='bbox 1328 3003 1497 3065; x_wconf 75' lang='grc' dir='ltr'>οὕτως</span> <span class='ocrx_word' id='word_1_242' title='bbox 1527 3020 1610 3055; x_wconf 89' lang='grc' dir='ltr'><strong>σοι</strong></span> <span class='ocrx_word' id='word_1_243' title='bbox 1626 3001 1772 3055; x_wconf 89' lang='grc' dir='ltr'><strong>δοκεί</strong></span> <span class='ocrx_word' id='word_1_244' title='bbox 1795 3021 1809 3069; x_wconf 87' lang='grc'><strong>;</strong></span> 
     </span>
    </p>
   </div>
   <div class='ocr_carea' id='block_1_34' title="bbox 1926 615 3488 683">
    <p class='ocr_par' dir='ltr' id='par_1_34' title="bbox 1926 615 3488 683">
     <span class='ocr_line' id='line_1_34' title="bbox 1926 615 3488 683; baseline 0.004 -17"><span class='ocrx_word' id='word_1_245' title='bbox 1926 631 2059 670; x_wconf 68' lang='lat' dir='ltr'><strong>meae</strong></span> <span class='ocrx_word' id='word_1_246' title='bbox 2114 624 2246 670; x_wconf 89' lang='lat' dir='ltr'><strong>sunt</strong></span> <span class='ocrx_word' id='word_1_247' title='bbox 2310 615 2612 683; x_wconf 88' lang='lat' dir='ltr'><strong>proposita,</strong></span> <span class='ocrx_word' id='word_1_248' title='bbox 2671 622 2729 668; x_wconf 91' lang='lat' dir='ltr'><strong>et</strong></span> <span class='ocrx_word' id='word_1_249' title='bbox 2776 624 2903 669; x_wconf 93' lang='lat' dir='ltr'><strong>tunc</strong></span> <span class='ocrx_word' id='word_1_250' title='bbox 2955 616 3133 671; x_wconf 86' lang='lat' dir='ltr'><strong>dicam</strong></span> <span class='ocrx_word' id='word_1_251' title='bbox 3192 617 3384 672; x_wconf 85' lang='lat' dir='ltr'><strong>ordine</strong></span> <span class='ocrx_word' id='word_1_252' title='bbox 3439 621 3488 672; x_wconf 89' lang='lat' dir='ltr'><strong>id</strong></span> 
     </span>
    </p>
   </div>
   <div class='ocr_carea' id='block_1_35' title="bbox 1921 705 3493 775">
    <p class='ocr_par' dir='ltr' id='par_1_35' title="bbox 1921 705 3493 775">
     <span class='ocr_line' id='line_1_35' title="bbox 1921 705 3493 775; baseline 0.001 -16"><span class='ocrx_word' id='word_1_253' title='bbox 1921 705 2066 773; x_wconf 94' lang='lat' dir='ltr'><strong>quod</strong></span> <span class='ocrx_word' id='word_1_254' title='bbox 2097 722 2127 760; x_wconf 82' lang='grc' dir='ltr'><strong>α</strong></span> <span class='ocrx_word' id='word_1_255' title='bbox 2161 721 2247 760; x_wconf 91' lang='lat' dir='ltr'><strong>me</strong></span> <span class='ocrx_word' id='word_1_256' title='bbox 2279 707 2565 775; x_wconf 73' lang='lat' dir='ltr'><strong>quaesiisti.</strong></span> <span class='ocrx_word' id='word_1_257' title='bbox 2634 706 2775 760; x_wconf 89' lang='lat' dir='ltr'><strong>Dixit</strong></span> <span class='ocrx_word' id='word_1_258' title='bbox 2817 722 3015 765; x_wconf 71' lang='lat' dir='ltr'><strong>emes</strong></span> <span class='ocrx_word' id='word_1_259' title='bbox 3050 725 3063 761; x_wconf 92' lang='lat'><strong>:</strong></span> <span class='ocrx_word' id='word_1_260' title='bbox 3115 708 3342 762; x_wconf 77' lang='lat' dir='ltr'><strong>Dabitur</strong></span> <span class='ocrx_word' id='word_1_261' title='bbox 3381 726 3493 762; x_wconf 91' lang='lat' dir='ltr'><strong>om-</strong></span> 
     </span>
    </p>
   </div>
   <div class='ocr_carea' id='block_1_36' title="bbox 1923 796 3492 867">
    <p class='ocr_par' dir='ltr' id='par_1_36' title="bbox 1923 796 3492 867">
     <span class='ocr_line' id='line_1_36' title="bbox 1923 796 3492 867; baseline 0.003 -18"><span class='ocrx_word' id='word_1_262' title='bbox 1923 796 2055 850; x_wconf 90' lang='lat' dir='ltr'><strong>nino</strong></span> <span class='ocrx_word' id='word_1_263' title='bbox 2113 796 2211 850; x_wconf 91' lang='lat' dir='ltr'><strong>tibi</strong></span> <span class='ocrx_word' id='word_1_264' title='bbox 2277 807 2518 865; x_wconf 75' lang='lat' dir='ltr'><strong>potestas</strong></span> <span class='ocrx_word' id='word_1_265' title='bbox 2574 807 2630 852; x_wconf 90' lang='lat' dir='ltr'><strong>et</strong></span> <span class='ocrx_word' id='word_1_266' title='bbox 2695 808 3004 866; x_wconf 80' lang='lat' dir='ltr'><strong>opportune</strong></span> <span class='ocrx_word' id='word_1_267' title='bbox 3075 808 3129 851; x_wconf 88' lang='lat' dir='ltr'><strong>ct</strong></span> <span class='ocrx_word' id='word_1_268' title='bbox 3183 800 3492 867; x_wconf 63' lang='lat' dir='ltr'><strong>importune</strong></span> 
     </span>
    </p>
   </div>
   <div class='ocr_carea' id='block_1_37' title="bbox 1922 884 3493 954">
    <p class='ocr_par' dir='ltr' id='par_1_37' title="bbox 1922 884 3493 954">
     <span class='ocr_line' id='line_1_37' title="bbox 1922 884 3493 954; baseline 0 -15"><span class='ocrx_word' id='word_1_269' title='bbox 1922 884 2143 941; x_wconf 78' lang='lat' dir='ltr'><strong>dicendi</strong></span> <span class='ocrx_word' id='word_1_270' title='bbox 2200 884 2348 954; x_wconf 90' lang='lat' dir='ltr'><strong>quod</strong></span> <span class='ocrx_word' id='word_1_271' title='bbox 2402 886 2505 939; x_wconf 84' lang='lat' dir='ltr'><strong>vis.</strong></span> <span class='ocrx_word' id='word_1_272' title='bbox 2556 885 2654 940; x_wconf 90' lang='lat' dir='ltr'><strong>Dic</strong></span> <span class='ocrx_word' id='word_1_273' title='bbox 2684 886 2846 939; x_wconf 88' lang='lat' dir='ltr'><strong>nobis</strong></span> <span class='ocrx_word' id='word_1_274' title='bbox 2925 885 3070 954; x_wconf 85' lang='lat' dir='ltr'><strong>quod</strong></span> <span class='ocrx_word' id='word_1_275' title='bbox 3135 887 3288 941; x_wconf 85' lang='lat' dir='ltr'><strong>velis.</strong></span> <span class='ocrx_word' id='word_1_276' title='bbox 3349 888 3493 942; x_wconf 86' lang='lat' dir='ltr'><strong>Dixit</strong></span> 
     </span>
    </p>
   </div>
   <div class='ocr_carea' id='block_1_38' title="bbox 1922 976 3492 1047">
    <p class='ocr_par' dir='ltr' id='par_1_38' title="bbox 1922 976 3492 1047">
     <span class='ocr_line' id='line_1_38' title="bbox 1922 976 3492 1047; baseline 0.001 -16"><span class='ocrx_word' id='word_1_277' title='bbox 1922 977 2235 1032; x_wconf 85' lang='lat' dir='ltr'><strong>Eustratius</strong></span> <span class='ocrx_word' id='word_1_278' title='bbox 2271 996 2281 1031; x_wconf 92' lang='lat'>:</span> <span class='ocrx_word' id='word_1_279' title='bbox 2322 976 2553 1031; x_wconf 83' lang='lat' dir='ltr'><strong>Otrnem</strong></span> <span class='ocrx_word' id='word_1_280' title='bbox 2600 978 3014 1047; x_wconf 81' lang='lat' dir='ltr'><strong>bominem,qui</strong></span> <span class='ocrx_word' id='word_1_281' title='bbox 3038 987 3125 1032; x_wconf 87' lang='lat' dir='ltr'><strong>est</strong></span> <span class='ocrx_word' id='word_1_282' title='bbox 3164 994 3308 1033; x_wconf 74' lang='lat' dir='ltr'><strong>sana:</strong></span> <span class='ocrx_word' id='word_1_283' title='bbox 3341 996 3492 1033; x_wconf 89' lang='lat' dir='ltr'><strong>men-</strong></span> 
     </span>
    </p>
   </div>
   <div class='ocr_carea' id='block_1_39' title="bbox 1924 1069 3493 1141">
    <p class='ocr_par' dir='ltr' id='par_1_39' title="bbox 1924 1069 3493 1141">
     <span class='ocr_line' id='line_1_39' title="bbox 1924 1069 3493 1141; baseline -0.001 -16"><span class='ocrx_word' id='word_1_284' title='bbox 1924 1071 2016 1137; x_wconf 88' lang='lat' dir='ltr'><strong>tis,</strong></span> <span class='ocrx_word' id='word_1_285' title='bbox 2046 1071 2305 1126; x_wconf 82' lang='lat' dir='ltr'><strong>convenit</strong></span> <span class='ocrx_word' id='word_1_286' title='bbox 2359 1070 2529 1124; x_wconf 81' lang='lat' dir='ltr'><strong>Deum</strong></span> <span class='ocrx_word' id='word_1_287' title='bbox 2590 1069 2904 1124; x_wconf 73' lang='lat' dir='ltr'><strong>existimare</strong></span> <span class='ocrx_word' id='word_1_288' title='bbox 2950 1072 3181 1141; x_wconf 82' lang='lat' dir='ltr'><strong>justum,</strong></span> <span class='ocrx_word' id='word_1_289' title='bbox 3220 1069 3316 1141; x_wconf 77' lang='lat' dir='ltr'><strong>qui</strong></span> <span class='ocrx_word' id='word_1_290' title='bbox 3345 1086 3493 1125; x_wconf 87' lang='lat' dir='ltr'><strong>com-</strong></span> 
     </span>
    </p>
   </div>
   <div class='ocr_carea' id='block_1_40' title="bbox 1923 1160 3494 1232">
    <p class='ocr_par' dir='ltr' id='par_1_40' title="bbox 1923 1160 3494 1232">
     <span class='ocr_line' id='line_1_40' title="bbox 1923 1160 3494 1232; baseline -0.002 -16"><span class='ocrx_word' id='word_1_291' title='bbox 1923 1161 2189 1232; x_wconf 73' lang='lat' dir='ltr'><strong>prehendi</strong></span> <span class='ocrx_word' id='word_1_292' title='bbox 2222 1176 2330 1216; x_wconf 88' lang='lat' dir='ltr'><strong>non</strong></span> <span class='ocrx_word' id='word_1_293' title='bbox 2362 1169 2561 1231; x_wconf 85' lang='lat' dir='ltr'><strong>potest,</strong></span> <span class='ocrx_word' id='word_1_294' title='bbox 2597 1176 2777 1230; x_wconf 87' lang='lat' dir='ltr'><strong>neque</strong></span> <span class='ocrx_word' id='word_1_295' title='bbox 2807 1160 3015 1231; x_wconf 80' lang='lat' dir='ltr'><strong>efﬁngi,</strong></span> <span class='ocrx_word' id='word_1_296' title='bbox 3076 1176 3277 1230; x_wconf 87' lang='lat' dir='ltr'><strong>neque.</strong></span> <span class='ocrx_word' id='word_1_297' title='bbox 3308 1163 3494 1215; x_wconf 73' lang='lat' dir='ltr'><strong>Vir-bis</strong></span> 
     </span>
    </p>
   </div>
   <div class='ocr_carea' id='block_1_41' title="bbox 1924 1252 3494 1323">
    <p class='ocr_par' dir='ltr' id='par_1_41' title="bbox 1924 1252 3494 1323">
     <span class='ocr_line' id='line_1_41' title="bbox 1924 1252 3494 1323; baseline -0.001 -15"><span class='ocrx_word' id='word_1_298' title='bbox 1924 1254 2241 1323; x_wconf 83' lang='lat' dir='ltr'><strong>explicari:</strong></span> <span class='ocrx_word' id='word_1_299' title='bbox 2329 1262 2523 1321; x_wconf 87' lang='lat' dir='ltr'><strong>estque</strong></span> <span class='ocrx_word' id='word_1_300' title='bbox 2592 1252 2968 1318; x_wconf 85' lang='lat' dir='ltr'><strong>immutabilis,</strong></span> <span class='ocrx_word' id='word_1_301' title='bbox 3028 1260 3086 1308; x_wconf 91' lang='lat' dir='ltr'><strong>et</strong></span> <span class='ocrx_word' id='word_1_302' title='bbox 3126 1254 3325 1309; x_wconf 82' lang='lat' dir='ltr'><strong>divinis</strong></span> <span class='ocrx_word' id='word_1_303' title='bbox 3380 1256 3494 1309; x_wconf 84' lang='lat' dir='ltr'><strong>suis</strong></span> 
     </span>
    </p>
   </div>
   <div class='ocr_carea' id='block_1_42' title="bbox 1923 1344 3491 1413">
    <p class='ocr_par' dir='ltr' id='par_1_42' title="bbox 1923 1344 3491 1413">
     <span class='ocr_line' id='line_1_42' title="bbox 1923 1344 3491 1413; baseline -0.002 -13"><span class='ocrx_word' id='word_1_304' title='bbox 1923 1344 2084 1400; x_wconf 86' lang='lat' dir='ltr'><strong>bonis</strong></span> <span class='ocrx_word' id='word_1_305' title='bbox 2127 1358 2344 1398; x_wconf 88' lang='lat' dir='ltr'><strong>omnem</strong></span> <span class='ocrx_word' id='word_1_306' title='bbox 2394 1354 2619 1412; x_wconf 88' lang='lat' dir='ltr'><strong>superat</strong></span> <span class='ocrx_word' id='word_1_307' title='bbox 2648 1354 3011 1413; x_wconf 83' lang='lat' dir='ltr'><strong>potestatem:</strong></span> <span class='ocrx_word' id='word_1_308' title='bbox 3046 1360 3114 1398; x_wconf 87' lang='lat' dir='ltr'><strong>an</strong></span> <span class='ocrx_word' id='word_1_309' title='bbox 3147 1360 3253 1397; x_wconf 92' lang='lat' dir='ltr'><strong>non</strong></span> <span class='ocrx_word' id='word_1_310' title='bbox 3287 1344 3358 1398; x_wconf 90' lang='lat' dir='ltr'><strong>ita</strong></span> <span class='ocrx_word' id='word_1_311' title='bbox 3393 1346 3491 1397; x_wconf 84' lang='lat' dir='ltr'><strong>tibi</strong></span> 
     </span>
    </p>
   </div>
   <div class='ocr_carea' id='block_1_43' title="bbox 1931 1434 3487 1506">
    <p class='ocr_par' dir='ltr' id='par_1_43' title="bbox 1931 1434 3487 1506">
     <span class='ocr_line' id='line_1_43' title="bbox 1931 1434 3487 1506; baseline -0.002 -18"><span class='ocrx_word' id='word_1_312' title='bbox 1931 1436 2170 1496; x_wconf 88' lang='lat' dir='ltr'><strong>videtur.</strong></span> <span class='ocrx_word' id='word_1_313' title='bbox 2229 1435 2392 1506; x_wconf 82' lang='lat' dir='ltr'><strong>judex</strong></span> <span class='ocrx_word' id='word_1_314' title='bbox 2498 1434 2940 1503; x_wconf 80' lang='lat' dir='ltr'><strong>sapientissime?</strong></span> <span class='ocrx_word' id='word_1_315' title='bbox 3002 1434 3145 1487; x_wconf 88' lang='lat' dir='ltr'><strong>Dixit</strong></span> <span class='ocrx_word' id='word_1_316' title='bbox 3207 1449 3487 1503; x_wconf 73' lang='lat' dir='ltr'><strong>prazses-z</strong></span> 
     </span>
    </p>
   </div>
   <div class='ocr_carea' id='block_1_44' title="bbox 1923 1524 3492 1595">
    <p class='ocr_par' dir='ltr' id='par_1_44' title="bbox 1923 1524 3492 1595">
     <span class='ocr_line' id='line_1_44' title="bbox 1923 1524 3492 1595; baseline -0.003 -12"><span class='ocrx_word' id='word_1_317' title='bbox 1923 1529 2002 1583; x_wconf 91' lang='lat' dir='ltr'><strong>lta</strong></span> <span class='ocrx_word' id='word_1_318' title='bbox 2033 1530 2293 1583; x_wconf 85' lang='lat' dir='ltr'><strong>arbitror.</strong></span> <span class='ocrx_word' id='word_1_319' title='bbox 2328 1528 2474 1582; x_wconf 81' lang='lat' dir='ltr'><strong>Dixit</strong></span> <span class='ocrx_word' id='word_1_320' title='bbox 2497 1535 2717 1581; x_wconf 88' lang='lat' dir='ltr'><strong>sanctus</strong></span> <span class='ocrx_word' id='word_1_321' title='bbox 2740 1526 3049 1581; x_wconf 84' lang='lat' dir='ltr'><strong>Eustratius</strong></span> <span class='ocrx_word' id='word_1_322' title='bbox 3077 1544 3090 1579; x_wconf 89' lang='lat'><strong>:</strong></span> <span class='ocrx_word' id='word_1_323' title='bbox 3136 1524 3250 1579; x_wconf 80' lang='lat' dir='ltr'><strong>Hoc</strong></span> <span class='ocrx_word' id='word_1_324' title='bbox 3273 1541 3492 1595; x_wconf 79' lang='lat' dir='ltr'><strong>quoque</strong></span> 
     </span>
    </p>
   </div>
   <div class='ocr_carea' id='block_1_45' title="bbox 1922 1612 3488 1690">
    <p class='ocr_par' dir='ltr' id='par_1_45' title="bbox 1922 1612 3488 1690">
     <span class='ocr_line' id='line_1_45' title="bbox 1922 1612 3488 1690; baseline -0.003 -17"><span class='ocrx_word' id='word_1_325' title='bbox 1922 1619 2263 1690; x_wconf 83' lang='lat' dir='ltr'><strong>adjiciemus,</strong></span> <span class='ocrx_word' id='word_1_326' title='bbox 2292 1620 2342 1672; x_wconf 91' lang='lat' dir='ltr'><strong>ei</strong></span> <span class='ocrx_word' id='word_1_327' title='bbox 2372 1620 2597 1671; x_wconf 84' lang='lat' dir='ltr'><strong>omnino</strong></span> <span class='ocrx_word' id='word_1_328' title='bbox 2650 1616 2788 1669; x_wconf 89' lang='lat' dir='ltr'><strong>nihil</strong></span> <span class='ocrx_word' id='word_1_329' title='bbox 2820 1617 3034 1670; x_wconf 83' lang='lat' dir='ltr'><strong>deesse.</strong></span> <span class='ocrx_word' id='word_1_330' title='bbox 3070 1612 3279 1671; x_wconf 62' lang='lat' dir='ltr'><strong>Prases</strong></span> <span class='ocrx_word' id='word_1_331' title='bbox 3309 1616 3447 1671; x_wconf 80' lang='lat' dir='ltr'><strong>dixit</strong></span> <span class='ocrx_word' id='word_1_332' title='bbox 3476 1635 3488 1669; x_wconf 89' lang='lat'>:</span> 
     </span>
    </p>
   </div>
   <div class='ocr_carea' id='block_1_46' title="bbox 1921 1708 3491 1779">
    <p class='ocr_par' dir='ltr' id='par_1_46' title="bbox 1921 1708 3491 1779">
     <span class='ocr_line' id='line_1_46' title="bbox 1921 1708 3491 1779; baseline -0.003 -12"><span class='ocrx_word' id='word_1_333' title='bbox 1921 1712 2180 1767; x_wconf 88' lang='lat' dir='ltr'><strong>Omnino.</strong></span> <span class='ocrx_word' id='word_1_334' title='bbox 2234 1711 2468 1767; x_wconf 87' lang='lat' dir='ltr'><strong>Sanctus</strong></span> <span class='ocrx_word' id='word_1_335' title='bbox 2524 1711 2662 1765; x_wconf 81' lang='lat' dir='ltr'><strong>dixit</strong></span> <span class='ocrx_word' id='word_1_336' title='bbox 2714 1710 3077 1765; x_wconf 85' lang='lat' dir='ltr'><strong>Eustratius:</strong></span> <span class='ocrx_word' id='word_1_337' title='bbox 3132 1708 3274 1775; x_wconf 83' lang='lat' dir='ltr'><strong>Quid</strong></span> <span class='ocrx_word' id='word_1_338' title='bbox 3319 1710 3491 1779; x_wconf 83' lang='lat' dir='ltr'><strong>ergo?</strong></span> 
     </span>
    </p>
   </div>
   <div class='ocr_carea' id='block_1_47' title="bbox 1918 1803 3489 1871">
    <p class='ocr_par' dir='ltr' id='par_1_47' title="bbox 1918 1803 3489 1871">
     <span class='ocr_line' id='line_1_47' title="bbox 1918 1803 3489 1871; baseline -0.002 -12"><span class='ocrx_word' id='word_1_339' title='bbox 1918 1804 2245 1859; x_wconf 88' lang='lat' dir='ltr'><strong>dabimusne</strong></span> <span class='ocrx_word' id='word_1_340' title='bbox 2271 1806 2487 1871; x_wconf 86' lang='lat' dir='ltr'><strong>aliquos</strong></span> <span class='ocrx_word' id='word_1_341' title='bbox 2518 1805 2681 1859; x_wconf 83' lang='lat' dir='ltr'><strong>etiam</strong></span> <span class='ocrx_word' id='word_1_342' title='bbox 2736 1804 2871 1857; x_wconf 87' lang='lat' dir='ltr'><strong>alios</strong></span> <span class='ocrx_word' id='word_1_343' title='bbox 2905 1819 3025 1859; x_wconf 83' lang='lat' dir='ltr'><strong>esse</strong></span> <span class='ocrx_word' id='word_1_344' title='bbox 3082 1803 3235 1867; x_wconf 83' lang='lat' dir='ltr'><strong>deos,</strong></span> <span class='ocrx_word' id='word_1_345' title='bbox 3290 1812 3346 1857; x_wconf 89' lang='lat' dir='ltr'><strong>et</strong></span> <span class='ocrx_word' id='word_1_346' title='bbox 3394 1820 3489 1857; x_wconf 89' lang='lat' dir='ltr'><strong>eos</strong></span> 
     </span>
    </p>
   </div>
   <div class='ocr_carea' id='block_1_48' title="bbox 1706 1879 3486 1964">
    <p class='ocr_par' dir='ltr' id='par_1_48' title="bbox 1706 1879 3486 1964">
     <span class='ocr_line' id='line_1_48' title="bbox 1706 1879 3486 1964; baseline -0.002 -13"><span class='ocrx_word' id='word_1_347' title='bbox 1706 1879 1811 1964; x_wconf 65' lang='grc' dir='ltr'><strong>ρωξ</strong></span> <span class='ocrx_word' id='word_1_348' title='bbox 1846 1879 1889 1938; x_wconf 74' lang='grc' dir='ltr'><strong>Β</strong></span> <span class='ocrx_word' id='word_1_349' title='bbox 1918 1898 2220 1953; x_wconf 88' lang='lat' dir='ltr'><strong>consistere</strong></span> <span class='ocrx_word' id='word_1_350' title='bbox 2253 1897 2396 1951; x_wconf 90' lang='lat' dir='ltr'><strong>intra</strong></span> <span class='ocrx_word' id='word_1_351' title='bbox 2448 1896 2612 1960; x_wconf 92' lang='lat' dir='ltr'><strong>hanc,</strong></span> <span class='ocrx_word' id='word_1_352' title='bbox 2670 1910 2834 1964; x_wconf 80' lang='lat' dir='ltr'><strong>quam</strong></span> <span class='ocrx_word' id='word_1_353' title='bbox 2869 1896 3125 1959; x_wconf 90' lang='lat' dir='ltr'><strong>dicimus,</strong></span> <span class='ocrx_word' id='word_1_354' title='bbox 3157 1895 3225 1949; x_wconf 90' lang='lat' dir='ltr'><strong>ab</strong></span> <span class='ocrx_word' id='word_1_355' title='bbox 3256 1897 3486 1951; x_wconf 76' lang='lat' dir='ltr'><strong>interim</strong></span> 
     </span>
    </p>
   </div>
   <div class='ocr_carea' id='block_1_49' title="bbox 1919 1986 3489 2055">
    <p class='ocr_par' dir='ltr' id='par_1_49' title="bbox 1919 1986 3489 2055">
     <span class='ocr_line' id='line_1_49' title="bbox 1919 1986 3489 2055; baseline -0.003 -13"><span class='ocrx_word' id='word_1_356' title='bbox 1919 1990 2155 2043; x_wconf 86' lang='lat' dir='ltr'><strong>alienam</strong></span> <span class='ocrx_word' id='word_1_357' title='bbox 2194 1988 2530 2042; x_wconf 86' lang='lat' dir='ltr'><strong>essentiam?</strong></span> <span class='ocrx_word' id='word_1_358' title='bbox 2568 1986 2678 2041; x_wconf 89' lang='lat' dir='ltr'><strong>Sed</strong></span> <span class='ocrx_word' id='word_1_359' title='bbox 2716 1996 2799 2041; x_wconf 91' lang='lat' dir='ltr'><strong>est</strong></span> <span class='ocrx_word' id='word_1_360' title='bbox 2836 1986 3135 2041; x_wconf 90' lang='lat' dir='ltr'><strong>absurdum</strong></span> <span class='ocrx_word' id='word_1_361' title='bbox 3165 1987 3310 2055; x_wconf 88' lang='lat' dir='ltr'><strong>quod</strong></span> <span class='ocrx_word' id='word_1_362' title='bbox 3354 1988 3489 2040; x_wconf 90' lang='lat' dir='ltr'><strong>dici-</strong></span> 
     </span>
    </p>
   </div>
   <div class='ocr_carea' id='block_1_50' title="bbox 1921 2079 3487 2151">
    <p class='ocr_par' dir='ltr' id='par_1_50' title="bbox 1921 2079 3487 2151">
     <span class='ocr_line' id='line_1_50' title="bbox 1921 2079 3487 2151; baseline 0.001 -19"><span class='ocrx_word' id='word_1_363' title='bbox 1921 2087 2029 2133; x_wconf 89' lang='lat' dir='ltr'><strong>tur.</strong></span> <span class='ocrx_word' id='word_1_364' title='bbox 2059 2079 2262 2145; x_wconf 82' lang='lat' dir='ltr'><strong>Quodsi</strong></span> <span class='ocrx_word' id='word_1_365' title='bbox 2295 2080 2380 2134; x_wconf 87' lang='lat' dir='ltr'><strong>vel</strong></span> <span class='ocrx_word' id='word_1_366' title='bbox 2412 2095 2601 2149; x_wconf 88' lang='lat' dir='ltr'><strong>parum</strong></span> <span class='ocrx_word' id='word_1_367' title='bbox 2646 2080 2775 2149; x_wconf 90' lang='lat' dir='ltr'><strong>quid</strong></span> <span class='ocrx_word' id='word_1_368' title='bbox 2829 2080 2911 2134; x_wconf 91' lang='lat' dir='ltr'><strong>eis</strong></span> <span class='ocrx_word' id='word_1_369' title='bbox 2944 2079 3088 2135; x_wconf 87' lang='lat' dir='ltr'><strong>desit</strong></span> <span class='ocrx_word' id='word_1_370' title='bbox 3122 2081 3285 2151; x_wconf 87' lang='lat' dir='ltr'><strong>hujus</strong></span> <span class='ocrx_word' id='word_1_371' title='bbox 3316 2081 3487 2137; x_wconf 72' lang='lat' dir='ltr'><strong>beata:</strong></span> 
     </span>
    </p>
   </div>
   <div class='ocr_carea' id='block_1_51' title="bbox 1919 2171 3487 2236">
    <p class='ocr_par' dir='ltr' id='par_1_51' title="bbox 1919 2171 3487 2236">
     <span class='ocr_line' id='line_1_51' title="bbox 1919 2171 3487 2236; baseline -0.001 -11"><span class='ocrx_word' id='word_1_372' title='bbox 1919 2171 2273 2236; x_wconf 76' lang='lat' dir='ltr'><strong>conditionis,</strong></span> <span class='ocrx_word' id='word_1_373' title='bbox 2304 2188 2413 2226; x_wconf 89' lang='lat' dir='ltr'><strong>non</strong></span> <span class='ocrx_word' id='word_1_374' title='bbox 2444 2171 2683 2225; x_wconf 88' lang='lat' dir='ltr'><strong>arbitror</strong></span> <span class='ocrx_word' id='word_1_375' title='bbox 2734 2186 2830 2227; x_wconf 87' lang='lat' dir='ltr'><strong>eos</strong></span> <span class='ocrx_word' id='word_1_376' title='bbox 2876 2173 3181 2227; x_wconf 87' lang='lat' dir='ltr'><strong>existimari</strong></span> <span class='ocrx_word' id='word_1_377' title='bbox 3234 2174 3369 2228; x_wconf 85' lang='lat' dir='ltr'><strong>deos</strong></span> <span class='ocrx_word' id='word_1_378' title='bbox 3420 2178 3487 2227; x_wconf 85' lang='lat' dir='ltr'><strong>ab</strong></span> 
     </span>
    </p>
   </div>
   <div class='ocr_carea' id='block_1_52' title="bbox 1918 2269 3484 2341">
    <p class='ocr_par' dir='ltr' id='par_1_52' title="bbox 1918 2269 3484 2341">
     <span class='ocr_line' id='line_1_52' title="bbox 1918 2269 3484 2341; baseline -0.002 -19"><span class='ocrx_word' id='word_1_379' title='bbox 1918 2269 2255 2325; x_wconf 88' lang='lat' dir='ltr'><strong>hominibus.</strong></span> <span class='ocrx_word' id='word_1_380' title='bbox 2290 2270 2398 2324; x_wconf 89' lang='lat' dir='ltr'><strong>Deo</strong></span> <span class='ocrx_word' id='word_1_381' title='bbox 2423 2271 2573 2324; x_wconf 90' lang='lat' dir='ltr'><strong>enim</strong></span> <span class='ocrx_word' id='word_1_382' title='bbox 2613 2270 2751 2325; x_wconf 88' lang='lat' dir='ltr'><strong>nihil</strong></span> <span class='ocrx_word' id='word_1_383' title='bbox 2776 2272 2954 2334; x_wconf 92' lang='lat' dir='ltr'><strong>deest,</strong></span> <span class='ocrx_word' id='word_1_384' title='bbox 2994 2279 3055 2326; x_wconf 85' lang='lat' dir='ltr'><strong>ut</strong></span> <span class='ocrx_word' id='word_1_385' title='bbox 3088 2271 3244 2341; x_wconf 88' lang='lat' dir='ltr'><strong>prius</strong></span> <span class='ocrx_word' id='word_1_386' title='bbox 3277 2270 3484 2323; x_wconf 85' lang='lat' dir='ltr'><strong>dictum</strong></span> 
     </span>
    </p>
   </div>
   <div class='ocr_carea' id='block_1_53' title="bbox 1916 2362 3488 2432">
    <p class='ocr_par' dir='ltr' id='par_1_53' title="bbox 1916 2362 3488 2432">
     <span class='ocr_line' id='line_1_53' title="bbox 1916 2362 3488 2432; baseline -0.001 -17"><span class='ocrx_word' id='word_1_387' title='bbox 1916 2370 1999 2415; x_wconf 87' lang='lat' dir='ltr'><strong>est</strong></span> <span class='ocrx_word' id='word_1_388' title='bbox 2029 2378 2047 2415; x_wconf 88' lang='lat'><strong>:</strong></span> <span class='ocrx_word' id='word_1_389' title='bbox 2073 2363 2161 2417; x_wconf 91' lang='lat' dir='ltr'><strong>cui</strong></span> <span class='ocrx_word' id='word_1_390' title='bbox 2202 2362 2449 2427; x_wconf 89' lang='lat' dir='ltr'><strong>credere,</strong></span> <span class='ocrx_word' id='word_1_391' title='bbox 2478 2372 2534 2418; x_wconf 92' lang='lat' dir='ltr'><strong>et</strong></span> <span class='ocrx_word' id='word_1_392' title='bbox 2581 2378 2745 2432; x_wconf 88' lang='lat' dir='ltr'><strong>quem</strong></span> <span class='ocrx_word' id='word_1_393' title='bbox 2772 2363 3004 2419; x_wconf 84' lang='lat' dir='ltr'><strong>adorare</strong></span> <span class='ocrx_word' id='word_1_394' title='bbox 3041 2370 3261 2432; x_wconf 79' lang='lat' dir='ltr'><strong>Oportet</strong></span> <span class='ocrx_word' id='word_1_395' title='bbox 3296 2377 3488 2416; x_wconf 77' lang='lat' dir='ltr'><strong>omnes</strong></span> 
     </span>
    </p>
   </div>
   <div class='ocr_carea' id='block_1_54' title="bbox 1920 2453 3489 2525">
    <p class='ocr_par' dir='ltr' id='par_1_54' title="bbox 1920 2453 3489 2525">
     <span class='ocr_line' id='line_1_54' title="bbox 1920 2453 3489 2525; baseline 0.001 -18"><span class='ocrx_word' id='word_1_396' title='bbox 1920 2453 2191 2509; x_wconf 84' lang='lat' dir='ltr'><strong>homines.</strong></span> <span class='ocrx_word' id='word_1_397' title='bbox 2246 2456 2391 2509; x_wconf 83' lang='lat' dir='ltr'><strong>Dixit</strong></span> <span class='ocrx_word' id='word_1_398' title='bbox 2438 2471 2686 2525; x_wconf 63' lang='lat' dir='ltr'><strong>praeses:</strong></span> <span class='ocrx_word' id='word_1_399' title='bbox 2727 2456 2803 2511; x_wconf 83' lang='lat' dir='ltr'><strong>Ita</strong></span> <span class='ocrx_word' id='word_1_400' title='bbox 2846 2456 3034 2512; x_wconf 86' lang='lat' dir='ltr'><strong>habet.</strong></span> <span class='ocrx_word' id='word_1_401' title='bbox 3086 2456 3322 2511; x_wconf 83' lang='lat' dir='ltr'><strong>Sanetus</strong></span> <span class='ocrx_word' id='word_1_402' title='bbox 3353 2456 3489 2510; x_wconf 80' lang='lat' dir='ltr'><strong>dicit</strong></span> 
     </span>
    </p>
   </div>
   <div class='ocr_carea' id='block_1_55' title="bbox 1918 2544 3489 2618">
    <p class='ocr_par' dir='ltr' id='par_1_55' title="bbox 1918 2544 3489 2618">
     <span class='ocr_line' id='line_1_55' title="bbox 1918 2544 3489 2618; baseline -0.001 -17"><span class='ocrx_word' id='word_1_403' title='bbox 1918 2544 2268 2602; x_wconf 84' lang='lat' dir='ltr'><strong>Eustratius:</strong></span> <span class='ocrx_word' id='word_1_404' title='bbox 2304 2548 2445 2613; x_wconf 82' lang='lat' dir='ltr'><strong>Quid</strong></span> <span class='ocrx_word' id='word_1_405' title='bbox 2474 2563 2627 2618; x_wconf 88' lang='lat' dir='ltr'><strong>ergo,</strong></span> <span class='ocrx_word' id='word_1_406' title='bbox 2686 2548 2841 2603; x_wconf 90' lang='lat' dir='ltr'><strong>multi</strong></span> <span class='ocrx_word' id='word_1_407' title='bbox 2892 2550 2969 2603; x_wconf 92' lang='lat' dir='ltr'><strong>tui</strong></span> <span class='ocrx_word' id='word_1_408' title='bbox 2998 2548 3074 2603; x_wconf 90' lang='lat' dir='ltr'><strong>dii</strong></span> <span class='ocrx_word' id='word_1_409' title='bbox 3108 2549 3489 2603; x_wconf 83' lang='lat' dir='ltr'><strong>consistuntne</strong></span> 
     </span>
    </p>
   </div>
   <div class='ocr_carea' id='block_1_56' title="bbox 1918 2638 3489 2710">
    <p class='ocr_par' dir='ltr' id='par_1_56' title="bbox 1918 2638 3489 2710">
     <span class='ocr_line' id='line_1_56' title="bbox 1918 2638 3489 2710; baseline 0.001 -19"><span class='ocrx_word' id='word_1_410' title='bbox 1918 2638 2059 2692; x_wconf 90' lang='lat' dir='ltr'><strong>intra</strong></span> <span class='ocrx_word' id='word_1_411' title='bbox 2098 2639 2212 2693; x_wconf 63' lang='lat' dir='ltr'><strong>hac</strong></span> <span class='ocrx_word' id='word_1_412' title='bbox 2238 2638 2567 2695; x_wconf 90' lang='lat' dir='ltr'><strong>intemerata</strong></span> <span class='ocrx_word' id='word_1_413' title='bbox 2603 2640 2746 2694; x_wconf 88' lang='lat' dir='ltr'><strong>bona</strong></span> <span class='ocrx_word' id='word_1_414' title='bbox 2769 2648 2824 2694; x_wconf 87' lang='lat' dir='ltr'><strong>et</strong></span> <span class='ocrx_word' id='word_1_415' title='bbox 2857 2641 3209 2705; x_wconf 85' lang='lat' dir='ltr'><strong>immortalia,</strong></span> <span class='ocrx_word' id='word_1_416' title='bbox 3234 2650 3289 2695; x_wconf 89' lang='lat' dir='ltr'><strong>et</strong></span> <span class='ocrx_word' id='word_1_417' title='bbox 3328 2656 3489 2710; x_wconf 87' lang='lat' dir='ltr'><strong>pares</strong></span> 
     </span>
    </p>
   </div>
   <div class='ocr_carea' id='block_1_57' title="bbox 1919 2728 3485 2797">
    <p class='ocr_par' dir='ltr' id='par_1_57' title="bbox 1919 2728 3485 2797">
     <span class='ocr_line' id='line_1_57' title="bbox 1919 2728 3485 2797; baseline 0.002 -15"><span class='ocrx_word' id='word_1_418' title='bbox 1919 2728 2061 2782; x_wconf 91' lang='lat' dir='ltr'><strong>inter</strong></span> <span class='ocrx_word' id='word_1_419' title='bbox 2091 2744 2148 2784; x_wconf 92' lang='lat' dir='ltr'><strong>se</strong></span> <span class='ocrx_word' id='word_1_420' title='bbox 2182 2730 2329 2785; x_wconf 89' lang='lat' dir='ltr'><strong>vires</strong></span> <span class='ocrx_word' id='word_1_421' title='bbox 2381 2730 2616 2785; x_wconf 83' lang='lat' dir='ltr'><strong>habent?</strong></span> <span class='ocrx_word' id='word_1_422' title='bbox 2669 2729 2771 2797; x_wconf 92' lang='lat' dir='ltr'><strong>Qui</strong></span> <span class='ocrx_word' id='word_1_423' title='bbox 2803 2741 2931 2787; x_wconf 89' lang='lat' dir='ltr'><strong>sunt</strong></span> <span class='ocrx_word' id='word_1_424' title='bbox 2980 2731 3036 2785; x_wconf 91' lang='lat' dir='ltr'><strong>in</strong></span> <span class='ocrx_word' id='word_1_425' title='bbox 3086 2747 3196 2786; x_wconf 91' lang='lat' dir='ltr'><strong>una</strong></span> <span class='ocrx_word' id='word_1_426' title='bbox 3237 2730 3485 2786; x_wconf 80' lang='lat' dir='ltr'><strong>distincti</strong></span> 
     </span>
    </p>
   </div>
   <div class='ocr_carea' id='block_1_58' title="bbox 1916 2820 3485 2891">
    <p class='ocr_par' dir='ltr' id='par_1_58' title="bbox 1916 2820 3485 2891">
     <span class='ocr_line' id='line_1_58' title="bbox 1916 2820 3485 2891; baseline 0.003 -16"><span class='ocrx_word' id='word_1_427' title='bbox 1916 2820 2179 2885; x_wconf 78' lang='lat' dir='ltr'><strong>essentia,</strong></span> <span class='ocrx_word' id='word_1_428' title='bbox 2227 2831 2285 2876; x_wconf 92' lang='lat' dir='ltr'><strong>et</strong></span> <span class='ocrx_word' id='word_1_429' title='bbox 2328 2830 2584 2891; x_wconf 85' lang='lat' dir='ltr'><strong>tanquam</strong></span> <span class='ocrx_word' id='word_1_430' title='bbox 2634 2822 2689 2876; x_wconf 91' lang='lat' dir='ltr'><strong>in</strong></span> <span class='ocrx_word' id='word_1_431' title='bbox 2740 2839 2905 2877; x_wconf 91' lang='lat' dir='ltr'><strong>unum</strong></span> <span class='ocrx_word' id='word_1_432' title='bbox 2956 2824 3241 2890; x_wconf 87' lang='lat' dir='ltr'><strong>verticem,</strong></span> <span class='ocrx_word' id='word_1_433' title='bbox 3282 2840 3485 2879; x_wconf 88' lang='lat' dir='ltr'><strong>conve-</strong></span> 
     </span>
    </p>
   </div>
   <div class='ocr_carea' id='block_1_59' title="bbox 1920 2912 3487 2981">
    <p class='ocr_par' dir='ltr' id='par_1_59' title="bbox 1920 2912 3487 2981">
     <span class='ocr_line' id='line_1_59' title="bbox 1920 2912 3487 2981; baseline 0.002 -14"><span class='ocrx_word' id='word_1_434' title='bbox 1920 2913 2081 2967; x_wconf 89' lang='lat' dir='ltr'><strong>niunt</strong></span> <span class='ocrx_word' id='word_1_435' title='bbox 2129 2914 2186 2965; x_wconf 87' lang='lat' dir='ltr'><strong>in</strong></span> <span class='ocrx_word' id='word_1_436' title='bbox 2231 2912 2495 2968; x_wconf 83' lang='lat' dir='ltr'><strong>virtutem</strong></span> <span class='ocrx_word' id='word_1_437' title='bbox 2545 2913 2885 2981; x_wconf 78' lang='lat' dir='ltr'><strong>divinitatis,</strong></span> <span class='ocrx_word' id='word_1_438' title='bbox 2939 2915 3193 2971; x_wconf 81' lang='lat' dir='ltr'><strong>dicantur</strong></span> <span class='ocrx_word' id='word_1_439' title='bbox 3251 2932 3362 2972; x_wconf 88' lang='lat' dir='ltr'><strong>non</strong></span> <span class='ocrx_word' id='word_1_440' title='bbox 3411 2917 3487 2971; x_wconf 71' lang='lat' dir='ltr'><strong>dFi</strong></span> 
     </span>
    </p>
   </div>
   <div class='ocr_carea' id='block_1_60' title="bbox 1919 3006 3486 3080">
    <p class='ocr_par' dir='ltr' id='par_1_60' title="bbox 1919 3006 3486 3080">
     <span class='ocr_line' id='line_1_60' title="bbox 1919 3006 3486 3080; baseline 0.007 -23"><span class='ocrx_word' id='word_1_441' title='bbox 1919 3006 2150 3072; x_wconf 83' lang='lat' dir='ltr'><strong>majores</strong></span> <span class='ocrx_word' id='word_1_442' title='bbox 2170 3015 2227 3062; x_wconf 94' lang='lat' dir='ltr'><strong>et</strong></span> <span class='ocrx_word' id='word_1_443' title='bbox 2253 3010 2513 3073; x_wconf 88' lang='lat' dir='ltr'><strong>minores,</strong></span> <span class='ocrx_word' id='word_1_444' title='bbox 2561 3009 2655 3064; x_wconf 88' lang='lat' dir='ltr'><strong>sed</strong></span> <span class='ocrx_word' id='word_1_445' title='bbox 2691 3010 2833 3065; x_wconf 89' lang='lat' dir='ltr'><strong>Deus</strong></span> <span class='ocrx_word' id='word_1_446' title='bbox 2863 3026 3007 3066; x_wconf 88' lang='lat' dir='ltr'><strong>unus</strong></span> <span class='ocrx_word' id='word_1_447' title='bbox 3031 3050 3046 3075; x_wconf 93' lang='lat'><strong>,</strong></span> <span class='ocrx_word' id='word_1_448' title='bbox 3076 3012 3169 3080; x_wconf 89' lang='lat' dir='ltr'><strong>qui</strong></span> <span class='ocrx_word' id='word_1_449' title='bbox 3202 3012 3254 3067; x_wconf 85' lang='lat' dir='ltr'><strong>in</strong></span> <span class='ocrx_word' id='word_1_450' title='bbox 3284 3013 3486 3068; x_wconf 83' lang='lat' dir='ltr'><strong>virtute</strong></span> 
     </span>
    </p>
   </div>
   <div class='ocr_carea' id='block_1_61' title="bbox 242 3081 3482 3173">
    <p class='ocr_par' dir='ltr' id='par_1_61' title="bbox 242 3081 3482 3173">
     <span class='ocr_line' id='line_1_61' title="bbox 242 3081 3482 3173; baseline 0.003 -24"><span class='ocrx_word' id='word_1_451' title='bbox 242 3095 659 3164; x_wconf 87' lang='lat' dir='ltr'><strong>incomparabili</strong></span> <span class='ocrx_word' id='word_1_452' title='bbox 690 3106 776 3150; x_wconf 90' lang='lat' dir='ltr'><strong>cst</strong></span> <span class='ocrx_word' id='word_1_453' title='bbox 806 3097 1024 3163; x_wconf 88' lang='lat' dir='ltr'><strong>unicus,</strong></span> <span class='ocrx_word' id='word_1_454' title='bbox 1053 3102 1109 3151; x_wconf 87' lang='lat' dir='ltr'><strong>et</strong></span> <span class='ocrx_word' id='word_1_455' title='bbox 1140 3110 1335 3151; x_wconf 87' lang='lat' dir='ltr'><strong>nomen</strong></span> <span class='ocrx_word' id='word_1_456' title='bbox 1367 3097 1529 3151; x_wconf 88' lang='lat' dir='ltr'><strong>habet</strong></span> <span class='ocrx_word' id='word_1_457' title='bbox 1594 3081 2012 3162; x_wconf 42' lang='lat' dir='ltr'><strong>divinitatis,&#39;et</strong></span> <span class='ocrx_word' id='word_1_458' title='bbox 2040 3114 2110 3155; x_wconf 89' lang='lat' dir='ltr'><strong>ne</strong></span> <span class='ocrx_word' id='word_1_459' title='bbox 2148 3117 2178 3154; x_wconf 90' lang='lat' dir='ltr'><strong>a</strong></span> <span class='ocrx_word' id='word_1_460' title='bbox 2218 3101 2377 3157; x_wconf 82' lang='lat' dir='ltr'><strong>vobis</strong></span> <span class='ocrx_word' id='word_1_461' title='bbox 2444 3101 2791 3156; x_wconf 84' lang='lat' dir='ltr'><strong>existimetur</strong></span> <span class='ocrx_word' id='word_1_462' title='bbox 2835 3103 2973 3158; x_wconf 85' lang='lat' dir='ltr'><strong>alius</strong></span> <span class='ocrx_word' id='word_1_463' title='bbox 3000 3103 3222 3173; x_wconf 81' lang='lat' dir='ltr'><strong>quidem</strong></span> <span class='ocrx_word' id='word_1_464' title='bbox 3286 3106 3482 3161; x_wconf 68' lang='lat' dir='ltr'><strong>celum</strong></span> 
     </span>
    </p>
   </div>
   <div class='ocr_carea' id='block_1_62' title="bbox 234 3187 2488 3252">
    <p class='ocr_par' dir='ltr' id='par_1_62' title="bbox 234 3187 2488 3252">
     <span class='ocr_line' id='line_1_62' title="bbox 234 3187 2488 3252; baseline -0.001 -6"><span class='ocrx_word' id='word_1_465' title='bbox 234 3188 514 3252; x_wconf 81' lang='lat' dir='ltr'><strong>habitare,</strong></span> <span class='ocrx_word' id='word_1_466' title='bbox 545 3189 687 3242; x_wconf 89' lang='lat' dir='ltr'><strong>aiius</strong></span> <span class='ocrx_word' id='word_1_467' title='bbox 709 3203 842 3243; x_wconf 86' lang='lat' dir='ltr'><strong>vero</strong></span> <span class='ocrx_word' id='word_1_468' title='bbox 878 3203 1047 3252; x_wconf 87' lang='lat' dir='ltr'><strong>mare,</strong></span> <span class='ocrx_word' id='word_1_469' title='bbox 1099 3188 1239 3242; x_wconf 88' lang='lat' dir='ltr'><strong>alius</strong></span> <span class='ocrx_word' id='word_1_470' title='bbox 1272 3197 1451 3241; x_wconf 89' lang='lat' dir='ltr'><strong>autem</strong></span> <span class='ocrx_word' id='word_1_471' title='bbox 1484 3196 1702 3240; x_wconf 85' lang='lat' dir='ltr'><strong>terram.</strong></span> <span class='ocrx_word' id='word_1_472' title='bbox 1736 3187 1815 3238; x_wconf 80' lang='lat' dir='ltr'><strong>An</strong></span> <span class='ocrx_word' id='word_1_473' title='bbox 1857 3201 1965 3241; x_wconf 91' lang='lat' dir='ltr'><strong>non</strong></span> <span class='ocrx_word' id='word_1_474' title='bbox 2001 3189 2095 3243; x_wconf 91' lang='lat' dir='ltr'><strong>tibi</strong></span> <span class='ocrx_word' id='word_1_475' title='bbox 2129 3191 2210 3245; x_wconf 86' lang='lat' dir='ltr'><strong>sic</strong></span> <span class='ocrx_word' id='word_1_476' title='bbox 2232 3190 2488 3244; x_wconf 81' lang='lat' dir='ltr'><strong>videtur?</strong></span> 
     </span>
    </p>
   </div>
   <div class='ocr_carea' id='block_1_63' title="bbox 311 3277 1993 3353">
    <p class='ocr_par' dir='ltr' id='par_1_63' title="bbox 311 3277 1993 3351">
     <span class='ocr_line' id='line_1_63' title="bbox 311 3277 1993 3351; baseline -0.002 -17"><span class='ocrx_word' id='word_1_477' title='bbox 311 3279 438 3335; x_wconf 83' lang='lat' dir='ltr'><strong>KA&#39;.</strong></span> <span class='ocrx_word' id='word_1_478' title='bbox 466 3282 558 3348; x_wconf 79' lang='grc' dir='ltr'><strong>Μὴ</strong></span> <span class='ocrx_word' id='word_1_479' title='bbox 604 3280 903 3350; x_wconf 86' lang='grc' dir='ltr'>δυνάμενος</span> <span class='ocrx_word' id='word_1_480' title='bbox 950 3282 1006 3334; x_wconf 71' lang='grc' dir='ltr'>δὲ</span> <span class='ocrx_word' id='word_1_481' title='bbox 1043 3282 1179 3351; x_wconf 84' lang='grc' dir='ltr'>πρὸς</span> <span class='ocrx_word' id='word_1_482' title='bbox 1225 3279 1393 3333; x_wconf 82' lang='grc' dir='ltr'>ταῦτα</span> <span class='ocrx_word' id='word_1_483' title='bbox 1438 3278 1741 3345; x_wconf 89' lang='grc' dir='ltr'>ἀντιλέγειν</span> <span class='ocrx_word' id='word_1_484' title='bbox 1786 3277 1813 3328; x_wconf 82' lang='grc' dir='ltr'><strong>ὁ</strong></span> <span class='ocrx_word' id='word_1_485' title='bbox 1841 3282 1884 3339; x_wconf 87' lang='lat' dir='ltr'><strong>C</strong></span> <span class='ocrx_word' id='word_1_486' title='bbox 1990 3280 1993 3331; x_wconf 76' lang='grc' dir='ltr'>ἶ</span> 
     </span>
    </p>
   </div>
   <div class='ocr_carea' id='block_1_64' title="bbox 1799 3277 3481 3353">
    <p class='ocr_par' dir='ltr' id='par_1_64' title="bbox 1799 3277 3481 3353">
     <span class='ocr_line' id='line_1_64' title="bbox 1799 3277 3481 3353; baseline 0.009 -25"><span class='ocrx_word' id='word_1_487' title='bbox 1799 3277 1884 3339; x_wconf 77' lang='lat' dir='ltr'><strong>lC</strong></span> <span class='ocrx_word' id='word_1_488' title='bbox 1990 3279 2176 3336; x_wconf 77' lang='lat' dir='ltr'><strong>XXIV.</strong></span> <span class='ocrx_word' id='word_1_489' title='bbox 2212 3283 2349 3338; x_wconf 89' lang='lat' dir='ltr'><strong>Cum</strong></span> <span class='ocrx_word' id='word_1_490' title='bbox 2391 3299 2502 3338; x_wconf 89' lang='lat' dir='ltr'><strong>non</strong></span> <span class='ocrx_word' id='word_1_491' title='bbox 2550 3295 2740 3353; x_wconf 84' lang='lat' dir='ltr'><strong>posset</strong></span> <span class='ocrx_word' id='word_1_492' title='bbox 2770 3297 2951 3339; x_wconf 87' lang='lat' dir='ltr'><strong>autem</strong></span> <span class='ocrx_word' id='word_1_493' title='bbox 3002 3300 3203 3353; x_wconf 70' lang='lat' dir='ltr'><strong>pmses</strong></span> <span class='ocrx_word' id='word_1_494' title='bbox 3252 3286 3319 3341; x_wconf 87' lang='lat' dir='ltr'><strong>ad</strong></span> <span class='ocrx_word' id='word_1_495' title='bbox 3369 3287 3481 3343; x_wconf 61' lang='lat' dir='ltr'><strong>base</strong></span> 
     </span>
    </p>
   </div>
   <div class='ocr_carea' id='block_1_65' title="bbox 236 3368 1811 3441">
    <p class='ocr_par' dir='ltr' id='par_1_65' title="bbox 236 3368 1811 3441">
     <span class='ocr_line' id='line_1_65' title="bbox 236 3368 1811 3441; baseline -0.004 -17"><span class='ocrx_word' id='word_1_496' title='bbox 236 3372 446 3441; x_wconf 79' lang='grc' dir='ltr'>ἄρχων,</span> <span class='ocrx_word' id='word_1_497' title='bbox 473 3372 561 3422; x_wconf 76' lang='grc' dir='ltr'><strong>ἐπὶ</strong></span> <span class='ocrx_word' id='word_1_498' title='bbox 600 3370 735 3422; x_wconf 78' lang='grc' dir='ltr'>πολὺ</span> <span class='ocrx_word' id='word_1_499' title='bbox 766 3369 979 3422; x_wconf 72' lang='grc' dir='ltr'>ἐσιώπα</span> <span class='ocrx_word' id='word_1_500' title='bbox 1006 3385 1021 3401; x_wconf 82' lang='grc' dir='ltr'><strong>ο</strong></span> <span class='ocrx_word' id='word_1_501' title='bbox 1054 3370 1207 3438; x_wconf 84' lang='grc' dir='ltr'>μόλις</span> <span class='ocrx_word' id='word_1_502' title='bbox 1246 3369 1303 3421; x_wconf 86' lang='grc' dir='ltr'>δὲ</span> <span class='ocrx_word' id='word_1_503' title='bbox 1338 3368 1642 3420; x_wconf 86' lang='grc' dir='ltr'>τελευταῖον</span> <span class='ocrx_word' id='word_1_504' title='bbox 1679 3369 1811 3419; x_wconf 83' lang='grc' dir='ltr'>ἀπε-</span> 
     </span>
    </p>
   </div>
   <div class='ocr_carea' id='block_1_66' title="bbox 237 3454 1808 3527">
    <p class='ocr_par' dir='ltr' id='par_1_66' title="bbox 237 3454 1808 3527">
     <span class='ocr_line' id='line_1_66' title="bbox 237 3454 1808 3527; baseline -0.005 -14"><span class='ocrx_word' id='word_1_505' title='bbox 237 3460 466 3527; x_wconf 88' lang='grc' dir='ltr'>κρίνατο</span> <span class='ocrx_word' id='word_1_506' title='bbox 490 3458 662 3525; x_wconf 77' lang='grc' dir='ltr'>λέγων</span> <span class='ocrx_word' id='word_1_507' title='bbox 690 3475 704 3489; x_wconf 89' lang='grc'><strong>·</strong></span> <span class='ocrx_word' id='word_1_508' title='bbox 752 3456 953 3521; x_wconf 86' lang='grc' dir='ltr'>Ἐάσας</span> <span class='ocrx_word' id='word_1_509' title='bbox 984 3459 1107 3519; x_wconf 69' lang='grc' dir='ltr'>τοὺς</span> <span class='ocrx_word' id='word_1_510' title='bbox 1151 3455 1544 3522; x_wconf 79' lang='grc' dir='ltr'>συλλογισμοὺς</span> <span class='ocrx_word' id='word_1_511' title='bbox 1564 3454 1808 3517; x_wconf 81' lang='grc' dir='ltr'>τούτους,</span> 
     </span>
    </p>
   </div>
   <div class='ocr_carea' id='block_1_67' title="bbox 238 3540 1810 3616">
    <p class='ocr_par' dir='ltr' id='par_1_67' title="bbox 238 3540 1810 3616">
     <span class='ocr_line' id='line_1_67' title="bbox 238 3540 1810 3616; baseline -0.006 -14"><span class='ocrx_word' id='word_1_512' title='bbox 238 3550 337 3602; x_wconf 82' lang='grc' dir='ltr'>καὶ</span> <span class='ocrx_word' id='word_1_513' title='bbox 368 3546 582 3616; x_wconf 74' lang='grc' dir='ltr'>μακρὰν</span> <span class='ocrx_word' id='word_1_514' title='bbox 634 3546 844 3616; x_wconf 86' lang='grc' dir='ltr'>χαίρειν</span> <span class='ocrx_word' id='word_1_515' title='bbox 889 3544 1060 3597; x_wconf 82' lang='grc' dir='ltr'>εἰπὼν</span> <span class='ocrx_word' id='word_1_516' title='bbox 1111 3547 1177 3614; x_wconf 78' lang='grc' dir='ltr'>τῇ</span> <span class='ocrx_word' id='word_1_517' title='bbox 1227 3542 1579 3611; x_wconf 72' lang='grc' dir='ltr'>πιθανολογίᾳ</span> <span class='ocrx_word' id='word_1_518' title='bbox 1641 3540 1810 3606; x_wconf 86' lang='grc' dir='ltr'>σου,δ</span> 
     </span>
    </p>
   </div>
   <div class='ocr_carea' id='block_1_68' title="bbox 248 3633 1809 3711">
    <p class='ocr_par' dir='ltr' id='par_1_68' title="bbox 248 3633 1809 3711">
     <span class='ocr_line' id='line_1_68' title="bbox 248 3633 1809 3711; baseline -0.003 -21"><span class='ocrx_word' id='word_1_519' title='bbox 248 3642 539 3711; x_wconf 70' lang='grc' dir='ltr'>ἠρωτήθης</span> <span class='ocrx_word' id='word_1_520' title='bbox 608 3636 863 3701; x_wconf 75' lang='grc' dir='ltr'>δίδαξον,</span> <span class='ocrx_word' id='word_1_521' title='bbox 929 3637 1047 3697; x_wconf 81' lang='grc' dir='ltr'><strong>πῶς</strong></span> <span class='ocrx_word' id='word_1_522' title='bbox 1102 3634 1514 3703; x_wconf 67' lang='grc' dir='ltr'>ἐσταυρωμένον</span> <span class='ocrx_word' id='word_1_523' title='bbox 1587 3633 1809 3686; x_wconf 73' lang='grc' dir='ltr'>σέϐεσθε</span> 
     </span>
    </p>
   </div>
   <div class='ocr_carea' id='block_1_69' title="bbox 247 3716 1809 3791">
    <p class='ocr_par' dir='ltr' id='par_1_69' title="bbox 247 3716 1809 3791">
     <span class='ocr_line' id='line_1_69' title="bbox 247 3716 1809 3791; baseline -0.003 -13"><span class='ocrx_word' id='word_1_524' title='bbox 247 3727 405 3781; x_wconf 84' lang='grc' dir='ltr'>Θεόν.</span> <span class='ocrx_word' id='word_1_525' title='bbox 451 3726 511 3779; x_wconf 88' lang='grc'><strong>’0</strong></span> <span class='ocrx_word' id='word_1_526' title='bbox 545 3726 701 3791; x_wconf 81' lang='grc' dir='ltr'>ἀγιος</span> <span class='ocrx_word' id='word_1_527' title='bbox 730 3722 1062 3789; x_wconf 75' lang='grc' dir='ltr'>Εὐστράτιος</span> <span class='ocrx_word' id='word_1_528' title='bbox 1109 3716 1261 3773; x_wconf 77' lang='grc' dir='ltr'>εἶπεν</span> <span class='ocrx_word' id='word_1_529' title='bbox 1287 3737 1301 3752; x_wconf 69' lang='grc' dir='ltr'><strong>ο</strong></span> <span class='ocrx_word' id='word_1_530' title='bbox 1355 3719 1626 3790; x_wconf 81' lang='grc' dir='ltr'>Ἀρξομαι</span> <span class='ocrx_word' id='word_1_531' title='bbox 1670 3720 1809 3773; x_wconf 85' lang='grc' dir='ltr'><strong>κατά</strong></span> 
     </span>
    </p>
   </div>
   <div class='ocr_carea' id='block_1_70' title="bbox 240 3801 1811 3879">
    <p class='ocr_par' dir='ltr' id='par_1_70' title="bbox 240 3801 1811 3879">
     <span class='ocr_line' id='line_1_70' title="bbox 240 3801 1811 3879; baseline -0.004 -13"><span class='ocrx_word' id='word_1_532' title='bbox 240 3814 337 3866; x_wconf 79' lang='grc' dir='ltr'><strong>τὸν</strong></span> <span class='ocrx_word' id='word_1_533' title='bbox 381 3813 473 3864; x_wconf 89' lang='grc' dir='ltr'><strong>σὸν</strong></span> <span class='ocrx_word' id='word_1_534' title='bbox 503 3810 732 3879; x_wconf 83' lang='grc' dir='ltr'>ποιητὴν</span> <span class='ocrx_word' id='word_1_535' title='bbox 775 3808 1017 3861; x_wconf 77' lang='grc' dir='ltr'>Ἡσίοδον</span> <span class='ocrx_word' id='word_1_536' title='bbox 1038 3824 1051 3837; x_wconf 89' lang='grc'><strong>·</strong></span> <span class='ocrx_word' id='word_1_537' title='bbox 1098 3807 1184 3860; x_wconf 80' lang='grc' dir='ltr'>Ἐν</span> <span class='ocrx_word' id='word_1_538' title='bbox 1208 3807 1345 3877; x_wconf 79' lang='grc' dir='ltr'>ἀρχῇ</span> <span class='ocrx_word' id='word_1_539' title='bbox 1374 3801 1441 3873; x_wconf 79' lang='grc' dir='ltr'>ἦν</span> <span class='ocrx_word' id='word_1_540' title='bbox 1468 3805 1693 3873; x_wconf 77' lang='grc' dir='ltr'>Ἔρεϐος</span> <span class='ocrx_word' id='word_1_541' title='bbox 1720 3809 1811 3859; x_wconf 79' lang='grc' dir='ltr'>καὶ</span> 
     </span>
    </p>
   </div>
   <div class='ocr_carea' id='block_1_71' title="bbox 246 3891 1807 3966">
    <p class='ocr_par' dir='ltr' id='par_1_71' title="bbox 246 3891 1807 3966">
     <span class='ocr_line' id='line_1_71' title="bbox 246 3891 1807 3966; baseline -0.006 -10"><span class='ocrx_word' id='word_1_542' title='bbox 246 3904 417 3965; x_wconf 74' lang='grc' dir='ltr'>Χάος,</span> <span class='ocrx_word' id='word_1_543' title='bbox 460 3899 709 3952; x_wconf 74' lang='grc' dir='ltr'>τουτέστι</span> <span class='ocrx_word' id='word_1_544' title='bbox 759 3897 921 3966; x_wconf 79' lang='grc' dir='ltr'>ζόφος</span> <span class='ocrx_word' id='word_1_545' title='bbox 958 3898 1050 3949; x_wconf 78' lang='grc' dir='ltr'><strong>καί</strong></span> <span class='ocrx_word' id='word_1_546' title='bbox 1100 3895 1258 3965; x_wconf 82' lang='grc' dir='ltr'>βυθὸς</span> <span class='ocrx_word' id='word_1_547' title='bbox 1309 3894 1537 3948; x_wconf 76' lang='grc' dir='ltr'>ὑδάτων.</span> <span class='ocrx_word' id='word_1_548' title='bbox 1605 3894 1664 3948; x_wconf 88' lang='lat'>&#39;0</span> <span class='ocrx_word' id='word_1_549' title='bbox 1716 3891 1807 3948; x_wconf 81' lang='grc' dir='ltr'>οὖν</span> 
     </span>
    </p>
   </div>
   <div class='ocr_carea' id='block_1_72' title="bbox 234 3986 1809 4059">
    <p class='ocr_par' dir='ltr' id='par_1_72' title="bbox 234 3986 1809 4059">
     <span class='ocr_line' id='line_1_72' title="bbox 234 3986 1809 4059; baseline -0.004 -13"><span class='ocrx_word' id='word_1_550' title='bbox 234 3995 375 4055; x_wconf 83' lang='grc' dir='ltr'>Θεὸς</span> <span class='ocrx_word' id='word_1_551' title='bbox 406 3991 785 4059; x_wconf 82' lang='grc' dir='ltr'>διακοσμήσας</span> <span class='ocrx_word' id='word_1_552' title='bbox 822 3988 970 4041; x_wconf 88' lang='grc' dir='ltr'>τόνδε</span> <span class='ocrx_word' id='word_1_553' title='bbox 1015 3988 1106 4039; x_wconf 90' lang='grc' dir='ltr'><strong>τὸν</strong></span> <span class='ocrx_word' id='word_1_554' title='bbox 1152 3989 1376 4055; x_wconf 85' lang='grc' dir='ltr'>κόσμον,</span> <span class='ocrx_word' id='word_1_555' title='bbox 1430 3986 1529 4038; x_wconf 85' lang='grc' dir='ltr'>οὐκ</span> <span class='ocrx_word' id='word_1_556' title='bbox 1570 3986 1629 4050; x_wconf 74' lang='grc' dir='ltr'><strong>ἐξ</strong></span> <span class='ocrx_word' id='word_1_557' title='bbox 1674 3988 1809 4039; x_wconf 66' lang='lat' dir='ltr'><strong>imo-</strong></span> 
     </span>
    </p>
   </div>
   <div class='ocr_carea' id='block_1_73' title="bbox 242 4074 1806 4156">
    <p class='ocr_par' dir='ltr' id='par_1_73' title="bbox 242 4074 1806 4156">
     <span class='ocr_line' id='line_1_73' title="bbox 242 4074 1806 4156; baseline -0.006 -20"><span class='ocrx_word' id='word_1_558' title='bbox 242 4082 505 4151; x_wconf 72' lang='grc' dir='ltr'>κειμένης</span> <span class='ocrx_word' id='word_1_559' title='bbox 538 4081 571 4149; x_wconf 81' lang='grc' dir='ltr'>ἦ</span> <span class='ocrx_word' id='word_1_560' title='bbox 626 4076 1092 4156; x_wconf 69' lang='grc' dir='ltr'>πρτιῦπαρχούσης</span> <span class='ocrx_word' id='word_1_561' title='bbox 1140 4074 1292 4144; x_wconf 74' lang='grc' dir='ltr'>ὕλης,</span> <span class='ocrx_word' id='word_1_562' title='bbox 1334 4075 1469 4128; x_wconf 83' lang='grc' dir='ltr'>ἁλλά</span> <span class='ocrx_word' id='word_1_563' title='bbox 1500 4076 1711 4129; x_wconf 73' lang='grc' dir='ltr'>ἅπαντα</span> <span class='ocrx_word' id='word_1_564' title='bbox 1743 4078 1806 4128; x_wconf 76' lang='grc' dir='ltr'><strong>εκ</strong></span> 
     </span>
    </p>
   </div>
   <div class='ocr_carea' id='block_1_74' title="bbox 247 4164 1808 4244">
    <p class='ocr_par' dir='ltr' id='par_1_74' title="bbox 247 4164 1808 4244">
     <span class='ocr_line' id='line_1_74' title="bbox 247 4164 1808 4244; baseline -0.004 -20"><span class='ocrx_word' id='word_1_565' title='bbox 247 4176 325 4244; x_wconf 77' lang='grc' dir='ltr'>μὴ</span> <span class='ocrx_word' id='word_1_566' title='bbox 357 4174 524 4224; x_wconf 81' lang='grc' dir='ltr'>δντων</span> <span class='ocrx_word' id='word_1_567' title='bbox 552 4173 629 4231; x_wconf 81' lang='grc' dir='ltr'><strong>εις</strong></span> <span class='ocrx_word' id='word_1_568' title='bbox 665 4171 723 4221; x_wconf 91' lang='grc' dir='ltr'><strong>τὸ</strong></span> <span class='ocrx_word' id='word_1_569' title='bbox 754 4164 896 4220; x_wconf 83' lang='grc' dir='ltr'>εἶναι</span> <span class='ocrx_word' id='word_1_570' title='bbox 934 4166 1294 4236; x_wconf 87' lang='grc' dir='ltr'>παραγαγὼν,</span> <span class='ocrx_word' id='word_1_571' title='bbox 1321 4166 1464 4236; x_wconf 81' lang='grc' dir='ltr'>λόγῳ</span> <span class='ocrx_word' id='word_1_572' title='bbox 1496 4168 1589 4218; x_wconf 68' lang='grc' dir='ltr'>καὶ</span> <span class='ocrx_word' id='word_1_573' title='bbox 1620 4164 1808 4218; x_wconf 82' lang='grc' dir='ltr'>κελεύ-</span> 
     </span>
    </p>
   </div>
   <div class='ocr_carea' id='block_1_75' title="bbox 243 4252 1809 4327">
    <p class='ocr_par' dir='ltr' id='par_1_75' title="bbox 243 4252 1809 4327">
     <span class='ocr_line' id='line_1_75' title="bbox 243 4252 1809 4327; baseline -0.005 -16"><span class='ocrx_word' id='word_1_574' title='bbox 243 4275 330 4311; x_wconf 81' lang='grc' dir='ltr'><strong>σει</strong></span> <span class='ocrx_word' id='word_1_575' title='bbox 366 4259 463 4327; x_wconf 78' lang='grc' dir='ltr'>τὴν</span> <span class='ocrx_word' id='word_1_576' title='bbox 489 4257 666 4307; x_wconf 83' lang='grc' dir='ltr'>κτίσιν</span> <span class='ocrx_word' id='word_1_577' title='bbox 713 4256 896 4307; x_wconf 78' lang='grc' dir='ltr'>πᾶσαν</span> <span class='ocrx_word' id='word_1_578' title='bbox 941 4253 1370 4322; x_wconf 82' lang='grc' dir='ltr'>δημιουργήσας,</span> <span class='ocrx_word' id='word_1_579' title='bbox 1426 4252 1649 4323; x_wconf 72' lang='grc' dir='ltr'>εποίησε</span> <span class='ocrx_word' id='word_1_580' title='bbox 1714 4252 1809 4305; x_wconf 81' lang='grc' dir='ltr'>καὶ</span> 
     </span>
    </p>
   </div>
   <div class='ocr_carea' id='block_1_76' title="bbox 241 4339 1808 4416">
    <p class='ocr_par' dir='ltr' id='par_1_76' title="bbox 241 4339 1808 4416">
     <span class='ocr_line' id='line_1_76' title="bbox 241 4339 1808 4416; baseline -0.004 -16"><span class='ocrx_word' id='word_1_581' title='bbox 241 4349 335 4400; x_wconf 90' lang='grc' dir='ltr'><strong>τὸν</strong></span> <span class='ocrx_word' id='word_1_582' title='bbox 369 4346 654 4416; x_wconf 76' lang='grc' dir='ltr'>ἄνθρωπον</span> <span class='ocrx_word' id='word_1_583' title='bbox 688 4341 808 4396; x_wconf 81' lang='grc' dir='ltr'>κατ’</span> <span class='ocrx_word' id='word_1_584' title='bbox 833 4341 1017 4395; x_wconf 85' lang='grc' dir='ltr'>είκόνα</span> <span class='ocrx_word' id='word_1_585' title='bbox 1046 4341 1240 4393; x_wconf 76' lang='grc' dir='ltr'>ἑαυτοῦ</span> <span class='ocrx_word' id='word_1_586' title='bbox 1272 4343 1363 4393; x_wconf 77' lang='grc' dir='ltr'>καὶ</span> <span class='ocrx_word' id='word_1_587' title='bbox 1391 4339 1671 4409; x_wconf 81' lang='grc' dir='ltr'>ὁμοίωσιν,</span> <span class='ocrx_word' id='word_1_588' title='bbox 1705 4340 1808 4411; x_wconf 86' lang='grc' dir='ltr'>ἀρ-</span> 
     </span>
    </p>
   </div>
   <div class='ocr_carea' id='block_1_77' title="bbox 240 4423 1807 4500">
    <p class='ocr_par' dir='ltr' id='par_1_77' title="bbox 240 4423 1807 4500">
     <span class='ocr_line' id='line_1_77' title="bbox 240 4423 1807 4500; baseline -0.003 -17"><span class='ocrx_word' id='word_1_589' title='bbox 240 4450 361 4500; x_wconf 72' lang='grc' dir='ltr'>χειν</span> <span class='ocrx_word' id='word_1_590' title='bbox 392 4448 449 4483; x_wconf 89' lang='grc' dir='ltr'><strong>τε</strong></span> <span class='ocrx_word' id='word_1_591' title='bbox 482 4432 574 4483; x_wconf 69' lang='grc' dir='ltr'><strong>καὶ</strong></span> <span class='ocrx_word' id='word_1_592' title='bbox 606 4427 902 4481; x_wconf 82' lang='grc' dir='ltr'>ἀπολαύειν</span> <span class='ocrx_word' id='word_1_593' title='bbox 948 4423 1048 4494; x_wconf 80' lang='grc' dir='ltr'>τῆς</span> <span class='ocrx_word' id='word_1_594' title='bbox 1090 4429 1374 4495; x_wconf 78' lang='grc' dir='ltr'>ὁρωμένης</span> <span class='ocrx_word' id='word_1_595' title='bbox 1422 4427 1679 4490; x_wconf 85' lang='grc' dir='ltr'>κτίσεως,</span> <span class='ocrx_word' id='word_1_596' title='bbox 1714 4429 1807 4480; x_wconf 77' lang='grc' dir='ltr'>καὶ</span> 
     </span>
    </p>
   </div>
   <div class='ocr_carea' id='block_1_78' title="bbox 243 4512 1807 4590">
    <p class='ocr_par' dir='ltr' id='par_1_78' title="bbox 243 4512 1807 4590">
     <span class='ocr_line' id='line_1_78' title="bbox 243 4512 1807 4590; baseline -0.004 -18"><span class='ocrx_word' id='word_1_597' title='bbox 243 4519 552 4590; x_wconf 72' lang='grc' dir='ltr'>βασιλεύειν</span> <span class='ocrx_word' id='word_1_598' title='bbox 584 4518 803 4568; x_wconf 80' lang='grc' dir='ltr'>πάντων</span> <span class='ocrx_word' id='word_1_599' title='bbox 828 4513 934 4581; x_wconf 75' lang='grc' dir='ltr'>τῶν</span> <span class='ocrx_word' id='word_1_600' title='bbox 968 4513 1173 4582; x_wconf 81' lang='grc' dir='ltr'>θηρίων</span> <span class='ocrx_word' id='word_1_601' title='bbox 1206 4529 1265 4565; x_wconf 87' lang='grc' dir='ltr'><strong>τε</strong></span> <span class='ocrx_word' id='word_1_602' title='bbox 1310 4514 1404 4566; x_wconf 77' lang='grc' dir='ltr'>καὶ</span> <span class='ocrx_word' id='word_1_603' title='bbox 1454 4512 1561 4564; x_wconf 81' lang='grc' dir='ltr'>τῶν</span> <span class='ocrx_word' id='word_1_604' title='bbox 1596 4512 1807 4579; x_wconf 82' lang='grc' dir='ltr'>κτηνῶν</span> 
     </span>
    </p>
   </div>
   <div class='ocr_carea' id='block_1_79' title="bbox 243 4592 1883 4695">
    <p class='ocr_par' dir='ltr' id='par_1_79' title="bbox 243 4592 1883 4695">
     <span class='ocr_line' id='line_1_79' title="bbox 243 4592 1883 4695; baseline -0.006 -35"><span class='ocrx_word' id='word_1_605' title='bbox 243 4609 340 4660; x_wconf 70' lang='grc' dir='ltr'>καὶ</span> <span class='ocrx_word' id='word_1_606' title='bbox 368 4604 628 4657; x_wconf 75' lang='grc' dir='ltr'>πετεινῶν</span> <span class='ocrx_word' id='word_1_607' title='bbox 653 4606 747 4654; x_wconf 76' lang='grc' dir='ltr'>καὶ</span> <span class='ocrx_word' id='word_1_608' title='bbox 771 4600 1015 4661; x_wconf 73' lang='grc' dir='ltr'>ἐναλίων,</span> <span class='ocrx_word' id='word_1_609' title='bbox 1054 4599 1111 4651; x_wconf 82' lang='grc' dir='ltr'>ὃν</span> <span class='ocrx_word' id='word_1_610' title='bbox 1157 4592 1382 4670; x_wconf 70' lang='grc' dir='ltr'>ᾐδοῦντο</span> <span class='ocrx_word' id='word_1_611' title='bbox 1405 4604 1498 4651; x_wconf 70' lang='grc' dir='ltr'>καὶ</span> <span class='ocrx_word' id='word_1_612' title='bbox 1538 4600 1594 4650; x_wconf 82' lang='grc' dir='ltr'><strong>αί</strong></span> <span class='ocrx_word' id='word_1_613' title='bbox 1635 4600 1804 4669; x_wconf 84' lang='grc' dir='ltr'>ὑπερ·</span> <span class='ocrx_word' id='word_1_614' title='bbox 1841 4640 1883 4695; x_wconf 78' lang='lat' dir='ltr'><strong>D</strong></span> 
     </span>
    </p>
   </div>
   <div class='ocr_carea' id='block_1_80' title="bbox 246 4688 1790 4765">
    <p class='ocr_par' dir='ltr' id='par_1_80' title="bbox 246 4688 1790 4765">
     <span class='ocr_line' id='line_1_80' title="bbox 246 4688 1790 4765; baseline -0.005 -16"><span class='ocrx_word' id='word_1_615' title='bbox 246 4696 471 4765; x_wconf 82' lang='grc' dir='ltr'>κόσμιοι</span> <span class='ocrx_word' id='word_1_616' title='bbox 520 4693 805 4761; x_wconf 79' lang='grc' dir='ltr'>δυνάμεις,</span> <span class='ocrx_word' id='word_1_617' title='bbox 849 4689 1077 4741; x_wconf 73' lang='grc' dir='ltr'>καὶτῶν</span> <span class='ocrx_word' id='word_1_618' title='bbox 1142 4688 1387 4757; x_wconf 71' lang='grc' dir='ltr'>ἀγγέλων</span> <span class='ocrx_word' id='word_1_619' title='bbox 1421 4688 1488 4740; x_wconf 72' lang='grc' dir='ltr'>τὰ</span> <span class='ocrx_word' id='word_1_620' title='bbox 1519 4690 1790 4755; x_wconf 80' lang='grc' dir='ltr'>τάγματα.</span> 
     </span>
    </p>
   </div>
   <div class='ocr_carea' id='block_1_81' title="bbox 246 4776 1807 4847">
    <p class='ocr_par' dir='ltr' id='par_1_81' title="bbox 246 4776 1807 4847">
     <span class='ocr_line' id='line_1_81' title="bbox 246 4776 1807 4847; baseline -0.004 -12"><span class='ocrx_word' id='word_1_621' title='bbox 246 4777 342 4838; x_wconf 74' lang='grc' dir='ltr'><strong>Εἷς</strong></span> <span class='ocrx_word' id='word_1_622' title='bbox 369 4781 424 4832; x_wconf 86' lang='grc' dir='ltr'><strong>δέ</strong></span> <span class='ocrx_word' id='word_1_623' title='bbox 457 4797 538 4842; x_wconf 86' lang='grc' dir='ltr'><strong>τις</strong></span> <span class='ocrx_word' id='word_1_624' title='bbox 582 4779 691 4831; x_wconf 84' lang='grc' dir='ltr'>τῶν</span> <span class='ocrx_word' id='word_1_625' title='bbox 735 4776 1114 4847; x_wconf 79' lang='grc' dir='ltr'>ἀρχαγγέλων,</span> <span class='ocrx_word' id='word_1_626' title='bbox 1166 4779 1261 4828; x_wconf 84' lang='grc' dir='ltr'>καὶ</span> <span class='ocrx_word' id='word_1_627' title='bbox 1302 4776 1465 4837; x_wconf 82' lang='grc' dir='ltr'>αὐτὸς</span> <span class='ocrx_word' id='word_1_628' title='bbox 1511 4777 1807 4845; x_wconf 86' lang='grc' dir='ltr'>πρωτεύων</span> 
     </span>
    </p>
   </div>
   <div class='ocr_carea' id='block_1_82' title="bbox 246 4863 1808 4938">
    <p class='ocr_par' dir='ltr' id='par_1_82' title="bbox 246 4863 1808 4938">
     <span class='ocr_line' id='line_1_82' title="bbox 246 4863 1808 4938; baseline -0.003 -16"><span class='ocrx_word' id='word_1_629' title='bbox 246 4874 529 4938; x_wconf 79' lang='grc' dir='ltr'>τάγματος</span> <span class='ocrx_word' id='word_1_630' title='bbox 557 4867 821 4934; x_wconf 64' lang='grc' dir='ltr'>ἀγγέλων,</span> <span class='ocrx_word' id='word_1_631' title='bbox 849 4866 1166 4935; x_wconf 79' lang='grc' dir='ltr'>προαιρέσει</span> <span class='ocrx_word' id='word_1_632' title='bbox 1200 4863 1305 4934; x_wconf 72' lang='grc' dir='ltr'>ἰδίᾳ</span> <span class='ocrx_word' id='word_1_633' title='bbox 1334 4863 1641 4933; x_wconf 85' lang='grc' dir='ltr'>ἀφηνιάσας</span> <span class='ocrx_word' id='word_1_634' title='bbox 1666 4866 1808 4917; x_wconf 84' lang='grc' dir='ltr'><strong>κατά</strong></span> 
     </span>
    </p>
   </div>
   <div class='ocr_carea' id='block_1_83' title="bbox 247 4950 1805 5021">
    <p class='ocr_par' dir='ltr' id='par_1_83' title="bbox 247 4950 1805 5021">
     <span class='ocr_line' id='line_1_83' title="bbox 247 4950 1805 5021; baseline -0.004 -12"><span class='ocrx_word' id='word_1_635' title='bbox 247 4956 344 5009; x_wconf 75' lang='grc' dir='ltr'>τοῦ</span> <span class='ocrx_word' id='word_1_636' title='bbox 403 4953 768 5021; x_wconf 78' lang='grc' dir='ltr'>πεποιηκότος</span> <span class='ocrx_word' id='word_1_637' title='bbox 825 4952 1007 5015; x_wconf 80' lang='grc' dir='ltr'>αὑτὸν,</span> <span class='ocrx_word' id='word_1_638' title='bbox 1054 4950 1147 5001; x_wconf 75' lang='grc' dir='ltr'>καὶ</span> <span class='ocrx_word' id='word_1_639' title='bbox 1189 4950 1805 5019; x_wconf 81' lang='grc' dir='ltr'>ύπερηφανευσάμενος,</span> 
     </span>
    </p>
   </div>
   <div class='ocr_carea' id='block_1_84' title="bbox 247 5036 1801 5110">
    <p class='ocr_par' dir='ltr' id='par_1_84' title="bbox 247 5036 1801 5110">
     <span class='ocr_line' id='line_1_84' title="bbox 247 5036 1801 5110; baseline -0.006 -14"><span class='ocrx_word' id='word_1_640' title='bbox 247 5041 531 5110; x_wconf 68' lang='grc' dir='ltr'>ἀπεϐλήθη</span> <span class='ocrx_word' id='word_1_641' title='bbox 563 5040 658 5109; x_wconf 80' lang='grc' dir='ltr'>τῆς</span> <span class='ocrx_word' id='word_1_642' title='bbox 684 5040 891 5104; x_wconf 78' lang='grc' dir='ltr'>τάξεως</span> <span class='ocrx_word' id='word_1_643' title='bbox 905 5038 1089 5102; x_wconf 84' lang='grc' dir='ltr'>αὐτοῦ,</span> <span class='ocrx_word' id='word_1_644' title='bbox 1107 5038 1198 5089; x_wconf 79' lang='grc' dir='ltr'>καὶ</span> <span class='ocrx_word' id='word_1_645' title='bbox 1228 5036 1324 5105; x_wconf 78' lang='grc' dir='ltr'>τῆς</span> <span class='ocrx_word' id='word_1_646' title='bbox 1355 5036 1682 5104; x_wconf 78' lang='grc' dir='ltr'>προσεδρίας</span> <span class='ocrx_word' id='word_1_647' title='bbox 1709 5036 1801 5089; x_wconf 80' lang='grc' dir='ltr'>τοῦ</span> 
     </span>
    </p>
   </div>
   <div class='ocr_carea' id='block_1_85' title="bbox 250 5124 1807 5198">
    <p class='ocr_par' dir='ltr' id='par_1_85' title="bbox 250 5124 1807 5198">
     <span class='ocr_line' id='line_1_85' title="bbox 250 5124 1807 5198; baseline -0.005 -15"><span class='ocrx_word' id='word_1_648' title='bbox 250 5130 389 5184; x_wconf 81' lang='grc' dir='ltr'>Θεοῦ</span> <span class='ocrx_word' id='word_1_649' title='bbox 420 5130 558 5198; x_wconf 88' lang='grc' dir='ltr'><strong>μετά</strong></span> <span class='ocrx_word' id='word_1_650' title='bbox 592 5128 686 5179; x_wconf 77' lang='grc' dir='ltr'>τοῦ</span> <span class='ocrx_word' id='word_1_651' title='bbox 712 5128 987 5196; x_wconf 85' lang='grc' dir='ltr'>τάγματος</span> <span class='ocrx_word' id='word_1_652' title='bbox 1013 5124 1198 5178; x_wconf 76' lang='grc' dir='ltr'>αὐτοῦ.</span> <span class='ocrx_word' id='word_1_653' title='bbox 1228 5124 1362 5176; x_wconf 90' lang='grc' dir='ltr'>Τότε</span> <span class='ocrx_word' id='word_1_654' title='bbox 1388 5124 1567 5176; x_wconf 88' lang='grc' dir='ltr'>τοίνυν</span> <span class='ocrx_word' id='word_1_655' title='bbox 1590 5124 1673 5176; x_wconf 71' lang='grc' dir='ltr'>διὰ</span> <span class='ocrx_word' id='word_1_656' title='bbox 1710 5125 1807 5193; x_wconf 82' lang='grc' dir='ltr'>τὴν</span> 
     </span>
    </p>
   </div>
   <div class='ocr_carea' id='block_1_86' title="bbox 247 5209 1809 5284">
    <p class='ocr_par' dir='ltr' id='par_1_86' title="bbox 247 5209 1809 5284">
     <span class='ocr_line' id='line_1_86' title="bbox 247 5209 1809 5284; baseline -0.004 -14"><span class='ocrx_word' id='word_1_657' title='bbox 247 5217 508 5284; x_wconf 80' lang='grc' dir='ltr'>τοιαύτην</span> <span class='ocrx_word' id='word_1_658' title='bbox 538 5213 699 5268; x_wconf 74' lang='grc' dir='ltr'>αὑτοῦ</span> <span class='ocrx_word' id='word_1_659' title='bbox 732 5212 1038 5278; x_wconf 84' lang='grc' dir='ltr'>ἀπείθειαν,</span> <span class='ocrx_word' id='word_1_660' title='bbox 1058 5211 1281 5283; x_wconf 73' lang='grc' dir='ltr'>ιρριψεν</span> <span class='ocrx_word' id='word_1_661' title='bbox 1312 5209 1475 5264; x_wconf 81' lang='grc' dir='ltr'>αὐτὸν</span> <span class='ocrx_word' id='word_1_662' title='bbox 1501 5212 1527 5262; x_wconf 86' lang='grc' dir='ltr'><strong>ό</strong></span> <span class='ocrx_word' id='word_1_663' title='bbox 1558 5211 1689 5273; x_wconf 82' lang='grc' dir='ltr'>Θεὸς</span> <span class='ocrx_word' id='word_1_664' title='bbox 1709 5212 1809 5279; x_wconf 77' lang='grc' dir='ltr'>τῆς</span> 
     </span>
    </p>
   </div>
   <div class='ocr_carea' id='block_1_87' title="bbox 248 5296 1808 5371">
    <p class='ocr_par' dir='ltr' id='par_1_87' title="bbox 248 5296 1808 5371">
     <span class='ocr_line' id='line_1_87' title="bbox 248 5296 1808 5371; baseline -0.005 -12"><span class='ocrx_word' id='word_1_665' title='bbox 248 5304 462 5359; x_wconf 83' lang='grc' dir='ltr'>ἀνωθεν</span> <span class='ocrx_word' id='word_1_666' title='bbox 512 5303 782 5368; x_wconf 67' lang='grc' dir='ltr'>ἐξουσίας,</span> <span class='ocrx_word' id='word_1_667' title='bbox 833 5304 932 5371; x_wconf 79' lang='grc' dir='ltr'>τῆς</span> <span class='ocrx_word' id='word_1_668' title='bbox 994 5299 1289 5367; x_wconf 84' lang='grc' dir='ltr'>ἀγγελικῆς</span> <span class='ocrx_word' id='word_1_669' title='bbox 1335 5296 1493 5366; x_wconf 80' lang='grc' dir='ltr'>δόξης</span> <span class='ocrx_word' id='word_1_670' title='bbox 1539 5301 1808 5367; x_wconf 80' lang='grc' dir='ltr'>στερήσας</span> 
     </span>
    </p>
   </div>
   <div class='ocr_carea' id='block_1_88' title="bbox 256 5384 1805 5457">
    <p class='ocr_par' dir='ltr' id='par_1_88' title="bbox 256 5384 1805 5457">
     <span class='ocr_line' id='line_1_88' title="bbox 256 5384 1805 5457; baseline -0.005 -13"><span class='ocrx_word' id='word_1_671' title='bbox 256 5394 444 5445; x_wconf 80' lang='grc' dir='ltr'>αὐτόν.</span> <span class='ocrx_word' id='word_1_672' title='bbox 489 5391 592 5443; x_wconf 82' lang='grc' dir='ltr'>Τὸν</span> <span class='ocrx_word' id='word_1_673' title='bbox 622 5391 677 5442; x_wconf 76' lang='grc' dir='ltr'><strong>δι</strong></span> <span class='ocrx_word' id='word_1_674' title='bbox 724 5388 1011 5457; x_wconf 74' lang='grc' dir='ltr'>ἄνθρωπον</span> <span class='ocrx_word' id='word_1_675' title='bbox 1052 5390 1109 5439; x_wconf 75' lang='grc' dir='ltr'><strong>έν</strong></span> <span class='ocrx_word' id='word_1_676' title='bbox 1147 5385 1226 5456; x_wconf 84' lang='grc' dir='ltr'><strong>τῷ</strong></span> <span class='ocrx_word' id='word_1_677' title='bbox 1280 5384 1592 5454; x_wconf 82' lang='grc' dir='ltr'>παραδείσῳ</span> <span class='ocrx_word' id='word_1_678' title='bbox 1634 5386 1805 5449; x_wconf 77' lang='grc' dir='ltr'>ἔθετο,</span> 
     </span>
    </p>
   </div>
   <div class='ocr_carea' id='block_1_89' title="bbox 246 5472 1810 5545">
    <p class='ocr_par' dir='ltr' id='par_1_89' title="bbox 246 5472 1810 5545">
     <span class='ocr_line' id='line_1_89' title="bbox 246 5472 1810 5545; baseline -0.004 -14"><span class='ocrx_word' id='word_1_679' title='bbox 246 5477 472 5545; x_wconf 63' lang='grc' dir='ltr'>ἐντολὴν</span> <span class='ocrx_word' id='word_1_680' title='bbox 524 5476 674 5545; x_wconf 80' lang='grc' dir='ltr'>αὐτῷ</span> <span class='ocrx_word' id='word_1_681' title='bbox 712 5476 979 5540; x_wconf 84' lang='grc' dir='ltr'>δεδωκὼς,</span> <span class='ocrx_word' id='word_1_682' title='bbox 1039 5474 1427 5543; x_wconf 81' lang='grc' dir='ltr'>γυμνάζουσαν</span> <span class='ocrx_word' id='word_1_683' title='bbox 1482 5472 1616 5538; x_wconf 78' lang='grc' dir='ltr'>πρὸς</span> <span class='ocrx_word' id='word_1_684' title='bbox 1668 5473 1810 5524; x_wconf 82' lang='grc' dir='ltr'>ὑπα-</span> 
     </span>
    </p>
   </div>
   <div class='ocr_carea' id='block_1_90' title="bbox 248 5559 1810 5636">
    <p class='ocr_par' dir='ltr' id='par_1_90' title="bbox 248 5559 1810 5636">
     <span class='ocr_line' id='line_1_90' title="bbox 248 5559 1810 5636; baseline -0.007 -14"><span class='ocrx_word' id='word_1_685' title='bbox 248 5568 404 5636; x_wconf 79' lang='grc' dir='ltr'>κοὴν.</span> <span class='ocrx_word' id='word_1_686' title='bbox 437 5567 657 5635; x_wconf 70' lang='grc' dir='ltr'>ἔχεσθαι</span> <span class='ocrx_word' id='word_1_687' title='bbox 691 5565 789 5633; x_wconf 72' lang='grc' dir='ltr'><strong>μιν</strong></span> <span class='ocrx_word' id='word_1_688' title='bbox 841 5564 937 5617; x_wconf 66' lang='grc' dir='ltr'>καὶ</span> <span class='ocrx_word' id='word_1_689' title='bbox 978 5562 1277 5616; x_wconf 74' lang='grc' dir='ltr'>ἀπολαύειν</span> <span class='ocrx_word' id='word_1_690' title='bbox 1331 5560 1551 5613; x_wconf 85' lang='grc' dir='ltr'>πάντων</span> <span class='ocrx_word' id='word_1_691' title='bbox 1602 5559 1710 5612; x_wconf 83' lang='grc' dir='ltr'><strong>τῶν</strong></span> <span class='ocrx_word' id='word_1_692' title='bbox 1754 5562 1810 5613; x_wconf 74' lang='grc' dir='ltr'>ἑν</span> 
     </span>
    </p>
   </div>
   <div class='ocr_carea' id='block_1_91' title="bbox 247 5646 1811 5724">
    <p class='ocr_par' dir='ltr' id='par_1_91' title="bbox 247 5646 1811 5724">
     <span class='ocr_line' id='line_1_91' title="bbox 247 5646 1811 5724; baseline -0.005 -17"><span class='ocrx_word' id='word_1_693' title='bbox 247 5655 327 5724; x_wconf 79' lang='grc' dir='ltr'>τῷ</span> <span class='ocrx_word' id='word_1_694' title='bbox 356 5653 664 5723; x_wconf 76' lang='grc' dir='ltr'>παραδείσῳ</span> <span class='ocrx_word' id='word_1_695' title='bbox 709 5650 961 5720; x_wconf 81' lang='grc' dir='ltr'>καρπῶν,</span> <span class='ocrx_word' id='word_1_696' title='bbox 1016 5651 1133 5711; x_wconf 77' lang='grc' dir='ltr'>ἑνὸς</span> <span class='ocrx_word' id='word_1_697' title='bbox 1160 5649 1215 5701; x_wconf 64' lang='grc' dir='ltr'>δὲ</span> <span class='ocrx_word' id='word_1_698' title='bbox 1275 5649 1437 5717; x_wconf 89' lang='grc' dir='ltr'>μόνου</span> <span class='ocrx_word' id='word_1_699' title='bbox 1466 5646 1633 5715; x_wconf 79' lang='grc' dir='ltr'>φυτοῦ</span> <span class='ocrx_word' id='word_1_700' title='bbox 1676 5648 1811 5700; x_wconf 82' lang='grc' dir='ltr'>ἀπέ-</span> 
     </span>
    </p>
   </div>
   <div class='ocr_carea' id='block_1_92' title="bbox 251 5734 1809 5813">
    <p class='ocr_par' dir='ltr' id='par_1_92' title="bbox 251 5734 1809 5813">
     <span class='ocr_line' id='line_1_92' title="bbox 251 5734 1809 5813; baseline -0.004 -20"><span class='ocrx_word' id='word_1_701' title='bbox 251 5743 470 5813; x_wconf 67' lang='grc' dir='ltr'>χτσθαι,</span> <span class='ocrx_word' id='word_1_702' title='bbox 503 5745 796 5809; x_wconf 80' lang='grc' dir='ltr'>ἀγώνισμα</span> <span class='ocrx_word' id='word_1_703' title='bbox 830 5740 976 5807; x_wconf 79' lang='grc' dir='ltr'>αὐτῷ</span> <span class='ocrx_word' id='word_1_704' title='bbox 1010 5738 1167 5791; x_wconf 79' lang='grc' dir='ltr'>τοῦτο</span> <span class='ocrx_word' id='word_1_705' title='bbox 1200 5737 1621 5807; x_wconf 66' lang='grc' dir='ltr'>ἐνστησάμενος,</span> <span class='ocrx_word' id='word_1_706' title='bbox 1653 5734 1729 5797; x_wconf 84' lang='grc' dir='ltr'>ὼς</span> <span class='ocrx_word' id='word_1_707' title='bbox 1762 5735 1809 5787; x_wconf 85' lang='grc' dir='ltr'>εἰ</span> 
     </span>
    </p>
   </div>
   <div class='ocr_carea' id='block_1_93' title="bbox 255 5826 1807 5902">
    <p class='ocr_par' dir='ltr' id='par_1_93' title="bbox 255 5826 1807 5902">
     <span class='ocr_line' id='line_1_93' title="bbox 255 5826 1807 5902; baseline -0.007 -15"><span class='ocrx_word' id='word_1_708' title='bbox 255 5836 365 5901; x_wconf 75' lang='grc' dir='ltr'><strong>ἀρα</strong></span> <span class='ocrx_word' id='word_1_709' title='bbox 400 5832 855 5902; x_wconf 61' lang='grc' dir='ltr'>προσεδρεύοντος</span> <span class='ocrx_word' id='word_1_710' title='bbox 886 5830 978 5883; x_wconf 83' lang='grc' dir='ltr'>τοῦ</span> <span class='ocrx_word' id='word_1_711' title='bbox 1013 5830 1110 5883; x_wconf 87' lang='grc' dir='ltr'>οὑκ</span> <span class='ocrx_word' id='word_1_712' title='bbox 1134 5828 1209 5881; x_wconf 75' lang='grc' dir='ltr'><strong>ἔτι</strong></span> <span class='ocrx_word' id='word_1_713' title='bbox 1242 5827 1491 5895; x_wconf 69' lang='grc' dir='ltr'>ἀγγέλου,</span> <span class='ocrx_word' id='word_1_714' title='bbox 1532 5826 1646 5879; x_wconf 83' lang='grc' dir='ltr'>ἀλλ’</span> <span class='ocrx_word' id='word_1_715' title='bbox 1675 5827 1807 5878; x_wconf 88' lang='grc' dir='ltr'>ἀπο-</span> 
     </span>
    </p>
   </div>
   <div class='ocr_carea' id='block_1_94' title="bbox 1914 3373 3477 3447">
    <p class='ocr_par' dir='ltr' id='par_1_94' title="bbox 1914 3373 3477 3447">
     <span class='ocr_line' id='line_1_94' title="bbox 1914 3373 3477 3447; baseline 0.006 -23"><span class='ocrx_word' id='word_1_716' title='bbox 1914 3373 2267 3441; x_wconf 88' lang='lat' dir='ltr'><strong>rcspondere,</strong></span> <span class='ocrx_word' id='word_1_717' title='bbox 2319 3373 2412 3428; x_wconf 90' lang='lat' dir='ltr'><strong>diu</strong></span> <span class='ocrx_word' id='word_1_718' title='bbox 2463 3374 2646 3437; x_wconf 89' lang='lat' dir='ltr'><strong>siluit,</strong></span> <span class='ocrx_word' id='word_1_719' title='bbox 2695 3376 2781 3428; x_wconf 82' lang='lat' dir='ltr'><strong>vix</strong></span> <span class='ocrx_word' id='word_1_720' title='bbox 2834 3375 3052 3430; x_wconf 88' lang='lat' dir='ltr'><strong>tandem</strong></span> <span class='ocrx_word' id='word_1_721' title='bbox 3088 3391 3217 3431; x_wconf 89' lang='lat' dir='ltr'><strong>vero</strong></span> <span class='ocrx_word' id='word_1_722' title='bbox 3249 3394 3477 3447; x_wconf 86' lang='lat' dir='ltr'><strong>respon-</strong></span> 
     </span>
    </p>
   </div>
   <div class='ocr_carea' id='block_1_95' title="bbox 1912 3462 3476 3537">
    <p class='ocr_par' dir='ltr' id='par_1_95' title="bbox 1912 3462 3476 3537">
     <span class='ocr_line' id='line_1_95' title="bbox 1912 3462 3476 3537; baseline 0.006 -21"><span class='ocrx_word' id='word_1_723' title='bbox 1912 3462 2014 3525; x_wconf 89' lang='lat' dir='ltr'><strong>dit,</strong></span> <span class='ocrx_word' id='word_1_724' title='bbox 2048 3463 2237 3519; x_wconf 89' lang='lat' dir='ltr'><strong>dicens</strong></span> <span class='ocrx_word' id='word_1_725' title='bbox 2275 3483 2286 3518; x_wconf 90' lang='lat'><strong>:</strong></span> <span class='ocrx_word' id='word_1_726' title='bbox 2345 3464 2566 3519; x_wconf 81' lang='lat' dir='ltr'><strong>Mittens</strong></span> <span class='ocrx_word' id='word_1_727' title='bbox 2601 3465 2701 3521; x_wconf 90' lang='lat' dir='ltr'><strong>hos</strong></span> <span class='ocrx_word' id='word_1_728' title='bbox 2743 3467 3108 3537; x_wconf 75' lang='lat' dir='ltr'><strong>syllogismos,</strong></span> <span class='ocrx_word' id='word_1_729' title='bbox 3149 3477 3206 3522; x_wconf 86' lang='lat' dir='ltr'><strong>et</strong></span> <span class='ocrx_word' id='word_1_730' title='bbox 3245 3470 3476 3525; x_wconf 87' lang='lat' dir='ltr'><strong>multum</strong></span> 
     </span>
    </p>
   </div>
   <div class='ocr_carea' id='block_1_96' title="bbox 1909 3554 3478 3628">
    <p class='ocr_par' dir='ltr' id='par_1_96' title="bbox 1909 3554 3478 3628">
     <span class='ocr_line' id='line_1_96' title="bbox 1909 3554 3478 3628; baseline 0.006 -23"><span class='ocrx_word' id='word_1_731' title='bbox 1909 3554 2091 3608; x_wconf 85' lang='lat' dir='ltr'><strong>valere</strong></span> <span class='ocrx_word' id='word_1_732' title='bbox 2138 3554 2338 3623; x_wconf 88' lang='lat' dir='ltr'><strong>jubens</strong></span> <span class='ocrx_word' id='word_1_733' title='bbox 2399 3557 2674 3610; x_wconf 88' lang='lat' dir='ltr'><strong>rationum</strong></span> <span class='ocrx_word' id='word_1_734' title='bbox 2726 3566 2941 3611; x_wconf 86' lang='lat' dir='ltr'><strong>tuarum</strong></span> <span class='ocrx_word' id='word_1_735' title='bbox 3012 3558 3478 3628; x_wconf 83' lang='lat' dir='ltr'><strong>probabilitatem,</strong></span> 
     </span>
    </p>
   </div>
   <div class='ocr_carea' id='block_1_97' title="bbox 1911 3643 3479 3717">
    <p class='ocr_par' dir='ltr' id='par_1_97' title="bbox 1911 3643 3479 3717">
     <span class='ocr_line' id='line_1_97' title="bbox 1911 3643 3479 3717; baseline 0.004 -20"><span class='ocrx_word' id='word_1_736' title='bbox 1911 3643 2015 3697; x_wconf 86' lang='lat' dir='ltr'><strong>hoc</strong></span> <span class='ocrx_word' id='word_1_737' title='bbox 2048 3644 2204 3705; x_wconf 89' lang='lat' dir='ltr'><strong>doce,</strong></span> <span class='ocrx_word' id='word_1_738' title='bbox 2251 3646 2318 3700; x_wconf 91' lang='lat' dir='ltr'><strong>de</strong></span> <span class='ocrx_word' id='word_1_739' title='bbox 2347 3662 2459 3715; x_wconf 92' lang='lat' dir='ltr'><strong>quo</strong></span> <span class='ocrx_word' id='word_1_740' title='bbox 2504 3647 2686 3700; x_wconf 78' lang='lat' dir='ltr'><strong>fueras</strong></span> <span class='ocrx_word' id='word_1_741' title='bbox 2721 3648 3091 3717; x_wconf 77' lang='lat' dir='ltr'><strong>interrogatus</strong></span> <span class='ocrx_word' id='word_1_742' title='bbox 3122 3665 3136 3701; x_wconf 88' lang='lat'><strong>:</strong></span> <span class='ocrx_word' id='word_1_743' title='bbox 3192 3647 3479 3713; x_wconf 89' lang='lat' dir='ltr'><strong>Quomodo</strong></span> 
     </span>
    </p>
   </div>
   <div class='ocr_carea' id='block_1_98' title="bbox 1908 3736 3477 3797">
    <p class='ocr_par' dir='ltr' id='par_1_98' title="bbox 1908 3736 3477 3797">
     <span class='ocr_line' id='line_1_98' title="bbox 1908 3736 3477 3797; baseline 0.005 -10"><span class='ocrx_word' id='word_1_744' title='bbox 1908 3750 2009 3790; x_wconf 84' lang='lat' dir='ltr'><strong>vos</strong></span> <span class='ocrx_word' id='word_1_745' title='bbox 2033 3736 2206 3790; x_wconf 88' lang='lat' dir='ltr'><strong>Deum</strong></span> <span class='ocrx_word' id='word_1_746' title='bbox 2234 3738 2415 3792; x_wconf 86' lang='lat' dir='ltr'><strong>colitis</strong></span> <span class='ocrx_word' id='word_1_747' title='bbox 2462 3738 2824 3792; x_wconf 75' lang='lat' dir='ltr'><strong>cruciﬁxum?</strong></span> <span class='ocrx_word' id='word_1_748' title='bbox 2860 3737 3091 3794; x_wconf 85' lang='lat' dir='ltr'><strong>Sanetus</strong></span> <span class='ocrx_word' id='word_1_749' title='bbox 3115 3739 3254 3794; x_wconf 89' lang='lat' dir='ltr'><strong>dixit</strong></span> <span class='ocrx_word' id='word_1_750' title='bbox 3282 3757 3297 3795; x_wconf 89' lang='lat'><strong>:</strong></span> <span class='ocrx_word' id='word_1_751' title='bbox 3333 3740 3477 3797; x_wconf 83' lang='lat' dir='ltr'><strong>Inci-</strong></span> 
     </span>
    </p>
   </div>
   <div class='ocr_carea' id='block_1_99' title="bbox 1910 3827 3480 3902">
    <p class='ocr_par' dir='ltr' id='par_1_99' title="bbox 1910 3827 3480 3902">
     <span class='ocr_line' id='line_1_99' title="bbox 1910 3827 3480 3902; baseline 0.003 -22"><span class='ocrx_word' id='word_1_752' title='bbox 1910 3827 2079 3896; x_wconf 90' lang='lat' dir='ltr'><strong>piam,</strong></span> <span class='ocrx_word' id='word_1_753' title='bbox 2136 3829 2415 3897; x_wconf 87' lang='lat' dir='ltr'><strong>quomodo</strong></span> <span class='ocrx_word' id='word_1_754' title='bbox 2451 3839 2576 3883; x_wconf 88' lang='lat' dir='ltr'><strong>tuus</strong></span> <span class='ocrx_word' id='word_1_755' title='bbox 2615 3842 2772 3898; x_wconf 88' lang='lat' dir='ltr'><strong>poeta</strong></span> <span class='ocrx_word' id='word_1_756' title='bbox 2814 3830 3131 3886; x_wconf 82' lang='lat' dir='ltr'><strong>Hesiodus:</strong></span> <span class='ocrx_word' id='word_1_757' title='bbox 3184 3832 3241 3887; x_wconf 93' lang='lat' dir='ltr'><strong>In</strong></span> <span class='ocrx_word' id='word_1_758' title='bbox 3275 3833 3480 3902; x_wconf 78' lang='lat' dir='ltr'><strong>princi-</strong></span> 
     </span>
    </p>
   </div>
   <div class='ocr_carea' id='block_1_100' title="bbox 1909 3914 3476 3992">
    <p class='ocr_par' dir='ltr' id='par_1_100' title="bbox 1909 3914 3476 3992">
     <span class='ocr_line' id='line_1_100' title="bbox 1909 3914 3476 3992; baseline 0.003 -23"><span class='ocrx_word' id='word_1_759' title='bbox 1909 3916 2003 3985; x_wconf 91' lang='lat' dir='ltr'><strong>pio</strong></span> <span class='ocrx_word' id='word_1_760' title='bbox 2031 3926 2149 3970; x_wconf 87' lang='lat' dir='ltr'><strong>erat</strong></span> <span class='ocrx_word' id='word_1_761' title='bbox 2180 3917 2391 3971; x_wconf 83' lang='lat' dir='ltr'><strong>Erebus</strong></span> <span class='ocrx_word' id='word_1_762' title='bbox 2434 3928 2487 3972; x_wconf 89' lang='lat' dir='ltr'><strong>et</strong></span> <span class='ocrx_word' id='word_1_763' title='bbox 2526 3917 2725 3982; x_wconf 82' lang='lat' dir='ltr'><strong>Chaos,</strong></span> <span class='ocrx_word' id='word_1_764' title='bbox 2783 3919 2884 3971; x_wconf 91' lang='lat' dir='ltr'><strong>hoc</strong></span> <span class='ocrx_word' id='word_1_765' title='bbox 2915 3927 3019 3983; x_wconf 90' lang='lat' dir='ltr'><strong>est,</strong></span> <span class='ocrx_word' id='word_1_766' title='bbox 3055 3921 3230 3991; x_wconf 86' lang='lat' dir='ltr'><strong>caligo</strong></span> <span class='ocrx_word' id='word_1_767' title='bbox 3262 3914 3318 3976; x_wconf 85' lang='lat' dir='ltr'><strong>et</strong></span> <span class='ocrx_word' id='word_1_768' title='bbox 3344 3939 3476 3992; x_wconf 82' lang='lat' dir='ltr'><strong>pro-</strong></span> 
     </span>
    </p>
   </div>
   <div class='ocr_carea' id='block_1_101' title="bbox 1908 4004 3473 4077">
    <p class='ocr_par' dir='ltr' id='par_1_101' title="bbox 1908 4004 3473 4077">
     <span class='ocr_line' id='line_1_101' title="bbox 1908 4004 3473 4077; baseline 0.006 -21"><span class='ocrx_word' id='word_1_769' title='bbox 1908 4004 2152 4058; x_wconf 77' lang='lat' dir='ltr'><strong>funditas</strong></span> <span class='ocrx_word' id='word_1_770' title='bbox 2179 4021 2463 4074; x_wconf 91' lang='lat' dir='ltr'><strong>aquarum.</strong></span> <span class='ocrx_word' id='word_1_771' title='bbox 2509 4008 2652 4061; x_wconf 86' lang='lat' dir='ltr'><strong>Deus</strong></span> <span class='ocrx_word' id='word_1_772' title='bbox 2700 4022 2831 4077; x_wconf 90' lang='lat' dir='ltr'><strong>ergo</strong></span> <span class='ocrx_word' id='word_1_773' title='bbox 2870 4023 2992 4062; x_wconf 89' lang='lat' dir='ltr'><strong>cum</strong></span> <span class='ocrx_word' id='word_1_774' title='bbox 3026 4018 3154 4065; x_wconf 82' lang='lat' dir='ltr'><strong>tunc</strong></span> <span class='ocrx_word' id='word_1_775' title='bbox 3210 4014 3473 4067; x_wconf 79' lang='lat' dir='ltr'><strong>mundum</strong></span> 
     </span>
    </p>
   </div>
   <div class='ocr_carea' id='block_1_102' title="bbox 1908 4094 3472 4172">
    <p class='ocr_par' dir='ltr' id='par_1_102' title="bbox 1908 4094 3472 4172">
     <span class='ocr_line' id='line_1_102' title="bbox 1908 4094 3472 4172; baseline 0.006 -26"><span class='ocrx_word' id='word_1_776' title='bbox 1908 4094 1964 4146; x_wconf 93' lang='lat' dir='ltr'><strong>in</strong></span> <span class='ocrx_word' id='word_1_777' title='bbox 1993 4094 2139 4148; x_wconf 91' lang='lat' dir='ltr'><strong>hunc</strong></span> <span class='ocrx_word' id='word_1_778' title='bbox 2169 4106 2426 4149; x_wconf 87' lang='lat' dir='ltr'><strong>ornatum</strong></span> <span class='ocrx_word' id='word_1_779' title='bbox 2460 4096 2823 4159; x_wconf 86' lang='lat' dir='ltr'><strong>distinxissct,</strong></span> <span class='ocrx_word' id='word_1_780' title='bbox 2877 4107 2934 4152; x_wconf 92' lang='lat' dir='ltr'><strong>et</strong></span> <span class='ocrx_word' id='word_1_781' title='bbox 2973 4114 3082 4153; x_wconf 89' lang='lat' dir='ltr'><strong>non</strong></span> <span class='ocrx_word' id='word_1_782' title='bbox 3113 4116 3178 4155; x_wconf 81' lang='lat' dir='ltr'><strong>ex</strong></span> <span class='ocrx_word' id='word_1_783' title='bbox 3208 4104 3472 4172; x_wconf 86' lang='lat' dir='ltr'><strong>subjecta,</strong></span> 
     </span>
    </p>
   </div>
   <div class='ocr_carea' id='block_1_103' title="bbox 1908 4184 3475 4255">
    <p class='ocr_par' dir='ltr' id='par_1_103' title="bbox 1908 4184 3475 4255">
     <span class='ocr_line' id='line_1_103' title="bbox 1908 4184 3475 4255; baseline 0.006 -19"><span class='ocrx_word' id='word_1_784' title='bbox 1908 4192 2003 4237; x_wconf 86' lang='lat' dir='ltr'><strong>aut</strong></span> <span class='ocrx_word' id='word_1_785' title='bbox 2029 4199 2148 4252; x_wconf 69' lang='lat' dir='ltr'><strong>quae</strong></span> <span class='ocrx_word' id='word_1_786' title='bbox 2174 4184 2328 4254; x_wconf 89' lang='lat' dir='ltr'><strong>prius</strong></span> <span class='ocrx_word' id='word_1_787' title='bbox 2349 4187 2667 4250; x_wconf 87' lang='lat' dir='ltr'><strong>exsistebat,</strong></span> <span class='ocrx_word' id='word_1_788' title='bbox 2698 4190 2943 4255; x_wconf 88' lang='lat' dir='ltr'><strong>materia,</strong></span> <span class='ocrx_word' id='word_1_789' title='bbox 2974 4190 3067 4245; x_wconf 84' lang='lat' dir='ltr'><strong>sed</strong></span> <span class='ocrx_word' id='word_1_790' title='bbox 3099 4193 3278 4246; x_wconf 85' lang='lat' dir='ltr'><strong>omnia</strong></span> <span class='ocrx_word' id='word_1_791' title='bbox 3312 4209 3376 4248; x_wconf 78' lang='lat' dir='ltr'><strong>ex</strong></span> <span class='ocrx_word' id='word_1_792' title='bbox 3408 4210 3475 4247; x_wconf 89' lang='lat' dir='ltr'><strong>eo</strong></span> 
     </span>
    </p>
   </div>
   <div class='ocr_carea' id='block_1_104' title="bbox 1908 4274 3474 4349">
    <p class='ocr_par' dir='ltr' id='par_1_104' title="bbox 1908 4274 3474 4349">
     <span class='ocr_line' id='line_1_104' title="bbox 1908 4274 3474 4349; baseline 0.006 -22"><span class='ocrx_word' id='word_1_793' title='bbox 1908 4274 2056 4344; x_wconf 73' lang='lat' dir='ltr'><strong>quod</strong></span> <span class='ocrx_word' id='word_1_794' title='bbox 2108 4290 2215 4330; x_wconf 93' lang='lat' dir='ltr'><strong>non</strong></span> <span class='ocrx_word' id='word_1_795' title='bbox 2257 4284 2393 4338; x_wconf 91' lang='lat' dir='ltr'><strong>erat,</strong></span> <span class='ocrx_word' id='word_1_796' title='bbox 2450 4277 2516 4331; x_wconf 90' lang='lat' dir='ltr'><strong>ad</strong></span> <span class='ocrx_word' id='word_1_797' title='bbox 2560 4278 2855 4332; x_wconf 84' lang='lat' dir='ltr'><strong>essentiam</strong></span> <span class='ocrx_word' id='word_1_798' title='bbox 2908 4279 3278 4349; x_wconf 81' lang='lat' dir='ltr'><strong>produxisset,</strong></span> <span class='ocrx_word' id='word_1_799' title='bbox 3343 4283 3474 4337; x_wconf 81' lang='lat' dir='ltr'><strong>fecit</strong></span> 
     </span>
    </p>
   </div>
   <div class='ocr_carea' id='block_1_105' title="bbox 1909 4364 3475 4437">
    <p class='ocr_par' dir='ltr' id='par_1_105' title="bbox 1909 4364 3475 4437">
     <span class='ocr_line' id='line_1_105' title="bbox 1909 4364 3475 4437; baseline 0.006 -20"><span class='ocrx_word' id='word_1_800' title='bbox 1909 4364 2186 4420; x_wconf 84' lang='lat' dir='ltr'><strong>hominem</strong></span> <span class='ocrx_word' id='word_1_801' title='bbox 2214 4366 2279 4420; x_wconf 89' lang='lat' dir='ltr'><strong>ad</strong></span> <span class='ocrx_word' id='word_1_802' title='bbox 2306 4367 2593 4437; x_wconf 74' lang='lat' dir='ltr'><strong>imaginem</strong></span> <span class='ocrx_word' id='word_1_803' title='bbox 2621 4378 2678 4422; x_wconf 90' lang='lat' dir='ltr'><strong>et</strong></span> <span class='ocrx_word' id='word_1_804' title='bbox 2709 4369 3126 4426; x_wconf 87' lang='lat' dir='ltr'><strong>similitudinem</strong></span> <span class='ocrx_word' id='word_1_805' title='bbox 3155 4387 3332 4427; x_wconf 86' lang='lat' dir='ltr'><strong>suam.</strong></span> <span class='ocrx_word' id='word_1_806' title='bbox 3365 4374 3475 4427; x_wconf 78' lang='lat' dir='ltr'><strong>Mn-</strong></span> 
     </span>
    </p>
   </div>
   <div class='ocr_carea' id='block_1_106' title="bbox 1907 4454 3473 4531">
    <p class='ocr_par' dir='ltr' id='par_1_106' title="bbox 1907 4454 3473 4531">
     <span class='ocr_line' id='line_1_106' title="bbox 1907 4454 3473 4531; baseline 0.006 -24"><span class='ocrx_word' id='word_1_807' title='bbox 1907 4454 1994 4509; x_wconf 77' lang='lat' dir='ltr'><strong>lus</strong></span> <span class='ocrx_word' id='word_1_808' title='bbox 2028 4470 2158 4526; x_wconf 84' lang='lat' dir='ltr'><strong>ergo</strong></span> <span class='ocrx_word' id='word_1_809' title='bbox 2193 4458 2440 4527; x_wconf 82' lang='lat' dir='ltr'><strong>angelus.</strong></span> <span class='ocrx_word' id='word_1_810' title='bbox 2472 4458 2565 4526; x_wconf 87' lang='lat' dir='ltr'><strong>qui</strong></span> <span class='ocrx_word' id='word_1_811' title='bbox 2600 4458 2715 4528; x_wconf 85' lang='lat' dir='ltr'><strong>ipse</strong></span> <span class='ocrx_word' id='word_1_812' title='bbox 2762 4475 2981 4529; x_wconf 85' lang='lat' dir='ltr'><strong>quoque</strong></span> <span class='ocrx_word' id='word_1_813' title='bbox 3007 4460 3294 4517; x_wconf 89' lang='lat' dir='ltr'><strong>obtinebat</strong></span> <span class='ocrx_word' id='word_1_814' title='bbox 3321 4478 3473 4531; x_wconf 90' lang='lat' dir='ltr'><strong>prm-</strong></span> 
     </span>
    </p>
   </div>
   <div class='ocr_carea' id='block_1_107' title="bbox 1911 4549 3471 4623">
    <p class='ocr_par' dir='ltr' id='par_1_107' title="bbox 1911 4549 3471 4623">
     <span class='ocr_line' id='line_1_107' title="bbox 1911 4549 3471 4623; baseline 0.004 -21"><span class='ocrx_word' id='word_1_815' title='bbox 1911 4550 2148 4616; x_wconf 83' lang='lat' dir='ltr'><strong>cipatum</strong></span> <span class='ocrx_word' id='word_1_816' title='bbox 2208 4550 2262 4603; x_wconf 89' lang='lat' dir='ltr'><strong>in</strong></span> <span class='ocrx_word' id='word_1_817' title='bbox 2327 4549 2522 4605; x_wconf 88' lang='lat' dir='ltr'><strong>ordine</strong></span> <span class='ocrx_word' id='word_1_818' title='bbox 2573 4552 2910 4619; x_wconf 71' lang='lat' dir='ltr'><strong>angelorum,</strong></span> <span class='ocrx_word' id='word_1_819' title='bbox 2962 4567 3086 4607; x_wconf 90' lang='lat' dir='ltr'><strong>cum</strong></span> <span class='ocrx_word' id='word_1_820' title='bbox 3132 4569 3229 4608; x_wconf 89' lang='lat' dir='ltr'><strong>sua</strong></span> <span class='ocrx_word' id='word_1_821' title='bbox 3277 4567 3471 4623; x_wconf 87' lang='lat' dir='ltr'><strong>sponte</strong></span> 
     </span>
    </p>
   </div>
   <div class='ocr_carea' id='block_1_108' title="bbox 1915 4640 3473 4714">
    <p class='ocr_par' dir='ltr' id='par_1_108' title="bbox 1915 4640 3473 4714">
     <span class='ocr_line' id='line_1_108' title="bbox 1915 4640 3473 4714; baseline 0.004 -22"><span class='ocrx_word' id='word_1_822' title='bbox 1915 4640 2227 4696; x_wconf 78' lang='lat' dir='ltr'><strong>rebellasset</strong></span> <span class='ocrx_word' id='word_1_823' title='bbox 2280 4642 2542 4697; x_wconf 85' lang='lat' dir='ltr'><strong>adversus</strong></span> <span class='ocrx_word' id='word_1_824' title='bbox 2590 4658 2738 4705; x_wconf 90' lang='lat' dir='ltr'><strong>eum,</strong></span> <span class='ocrx_word' id='word_1_825' title='bbox 2792 4644 2884 4712; x_wconf 92' lang='lat' dir='ltr'><strong>qui</strong></span> <span class='ocrx_word' id='word_1_826' title='bbox 2938 4644 3115 4714; x_wconf 84' lang='lat' dir='ltr'><strong>ipsum</strong></span> <span class='ocrx_word' id='word_1_827' title='bbox 3162 4644 3384 4710; x_wconf 79' lang='lat' dir='ltr'><strong>fecerat,</strong></span> <span class='ocrx_word' id='word_1_828' title='bbox 3417 4657 3473 4699; x_wconf 91' lang='lat' dir='ltr'><strong>et</strong></span> 
     </span>
    </p>
   </div>
   <div class='ocr_carea' id='block_1_109' title="bbox 1908 4731 3468 4805">
    <p class='ocr_par' dir='ltr' id='par_1_109' title="bbox 1908 4731 3468 4805">
     <span class='ocr_line' id='line_1_109' title="bbox 1908 4731 3468 4805; baseline 0.003 -22"><span class='ocrx_word' id='word_1_829' title='bbox 1908 4731 2083 4784; x_wconf 87' lang='lat' dir='ltr'><strong>elatus</strong></span> <span class='ocrx_word' id='word_1_830' title='bbox 2108 4731 2299 4787; x_wconf 81' lang='lat' dir='ltr'><strong>fuisset</strong></span> <span class='ocrx_word' id='word_1_831' title='bbox 2328 4733 2604 4803; x_wconf 88' lang='lat' dir='ltr'><strong>superbia,</strong></span> <span class='ocrx_word' id='word_1_832' title='bbox 2632 4748 2661 4787; x_wconf 87' lang='lat' dir='ltr'><strong>a</strong></span> <span class='ocrx_word' id='word_1_833' title='bbox 2688 4748 2788 4787; x_wconf 86' lang='lat' dir='ltr'><strong>suo</strong></span> <span class='ocrx_word' id='word_1_834' title='bbox 2821 4735 3013 4789; x_wconf 86' lang='lat' dir='ltr'><strong>ordine</strong></span> <span class='ocrx_word' id='word_1_835' title='bbox 3053 4735 3155 4789; x_wconf 82' lang='lat' dir='ltr'><strong>fuit</strong></span> <span class='ocrx_word' id='word_1_836' title='bbox 3185 4751 3325 4805; x_wconf 81' lang='lat' dir='ltr'><strong>expu</strong></span> <span class='ocrx_word' id='word_1_837' title='bbox 3352 4751 3468 4799; x_wconf 84' lang='lat' dir='ltr'><strong>sus,</strong></span> 
     </span>
    </p>
   </div>
   <div class='ocr_carea' id='block_1_110' title="bbox 1908 4821 3470 4890">
    <p class='ocr_par' dir='ltr' id='par_1_110' title="bbox 1908 4821 3470 4890">
     <span class='ocr_line' id='line_1_110' title="bbox 1908 4821 3470 4890; baseline 0.003 -15"><span class='ocrx_word' id='word_1_838' title='bbox 1908 4831 1963 4875; x_wconf 87' lang='lat' dir='ltr'><strong>et</strong></span> <span class='ocrx_word' id='word_1_839' title='bbox 1997 4836 2026 4873; x_wconf 92' lang='lat' dir='ltr'><strong>a</strong></span> <span class='ocrx_word' id='word_1_840' title='bbox 2064 4821 2172 4875; x_wconf 86' lang='lat' dir='ltr'><strong>Deo</strong></span> <span class='ocrx_word' id='word_1_841' title='bbox 2194 4821 2471 4877; x_wconf 85' lang='lat' dir='ltr'><strong>assidendi</strong></span> <span class='ocrx_word' id='word_1_842' title='bbox 2509 4829 2801 4890; x_wconf 83' lang='lat' dir='ltr'><strong>potestate,</strong></span> <span class='ocrx_word' id='word_1_843' title='bbox 2846 4833 2902 4876; x_wconf 92' lang='lat' dir='ltr'><strong>et</strong></span> <span class='ocrx_word' id='word_1_844' title='bbox 2951 4824 3152 4877; x_wconf 91' lang='lat' dir='ltr'><strong>merito</strong></span> <span class='ocrx_word' id='word_1_845' title='bbox 3177 4839 3205 4877; x_wconf 94' lang='lat' dir='ltr'><strong>a</strong></span> <span class='ocrx_word' id='word_1_846' title='bbox 3235 4825 3343 4878; x_wconf 92' lang='lat' dir='ltr'><strong>Deo</strong></span> <span class='ocrx_word' id='word_1_847' title='bbox 3376 4841 3470 4879; x_wconf 90' lang='lat' dir='ltr'><strong>ac-</strong></span> 
     </span>
    </p>
   </div>
   <div class='ocr_carea' id='block_1_111' title="bbox 1910 4914 3472 4984">
    <p class='ocr_par' dir='ltr' id='par_1_111' title="bbox 1910 4914 3472 4984">
     <span class='ocr_line' id='line_1_111' title="bbox 1910 4914 3472 4984; baseline 0.004 -20"><span class='ocrx_word' id='word_1_848' title='bbox 1910 4914 2051 4979; x_wconf 81' lang='lat' dir='ltr'><strong>cepit</strong></span> <span class='ocrx_word' id='word_1_849' title='bbox 2082 4916 2437 4979; x_wconf 85' lang='lat' dir='ltr'><strong>sententiam,</strong></span> <span class='ocrx_word' id='word_1_850' title='bbox 2488 4929 2610 4983; x_wconf 74' lang='lat' dir='ltr'><strong>qua:</strong></span> <span class='ocrx_word' id='word_1_851' title='bbox 2653 4916 2773 4984; x_wconf 88' lang='lat' dir='ltr'><strong>ejus</strong></span> <span class='ocrx_word' id='word_1_852' title='bbox 2824 4915 3042 4984; x_wconf 89' lang='lat' dir='ltr'><strong>puniret</strong></span> <span class='ocrx_word' id='word_1_853' title='bbox 3090 4917 3472 4976; x_wconf 57' lang='lat' dir='ltr'><strong>audaciam.“</strong></span> 
     </span>
    </p>
   </div>
   <div class='ocr_carea' id='block_1_112' title="bbox 1909 5008 3467 5080">
    <p class='ocr_par' dir='ltr' id='par_1_112' title="bbox 1909 5008 3467 5080">
     <span class='ocr_line' id='line_1_112' title="bbox 1909 5008 3467 5080; baseline 0.004 -22"><span class='ocrx_word' id='word_1_854' title='bbox 1909 5014 2041 5059; x_wconf 82' lang='lat' dir='ltr'><strong>tunc</strong></span> <span class='ocrx_word' id='word_1_855' title='bbox 2065 5014 2289 5075; x_wconf 88' lang='lat' dir='ltr'><strong>propter</strong></span> <span class='ocrx_word' id='word_1_856' title='bbox 2311 5022 2430 5062; x_wconf 88' lang='lat' dir='ltr'><strong>eam</strong></span> <span class='ocrx_word' id='word_1_857' title='bbox 2452 5009 2573 5077; x_wconf 87' lang='lat' dir='ltr'><strong>ejus</strong></span> <span class='ocrx_word' id='word_1_858' title='bbox 2605 5008 3061 5074; x_wconf 89' lang='lat' dir='ltr'><strong>inobedientiam,</strong></span> <span class='ocrx_word' id='word_1_859' title='bbox 3092 5010 3321 5080; x_wconf 56' lang='lat' dir='ltr'><strong>proiecit</strong></span> <span class='ocrx_word' id='word_1_860' title='bbox 3343 5026 3467 5065; x_wconf 89' lang='lat' dir='ltr'><strong>eum</strong></span> 
     </span>
    </p>
   </div>
   <div class='ocr_carea' id='block_1_113' title="bbox 1909 5097 3469 5170">
    <p class='ocr_par' dir='ltr' id='par_1_113' title="bbox 1909 5097 3469 5170">
     <span class='ocr_line' id='line_1_113' title="bbox 1909 5097 3469 5170; baseline 0.003 -19"><span class='ocrx_word' id='word_1_861' title='bbox 1909 5097 2053 5151; x_wconf 87' lang='lat' dir='ltr'><strong>Deus</strong></span> <span class='ocrx_word' id='word_1_862' title='bbox 2078 5114 2107 5150; x_wconf 76' lang='grc' dir='ltr'><strong>ιι</strong></span> <span class='ocrx_word' id='word_1_863' title='bbox 2133 5113 2369 5167; x_wconf 90' lang='lat' dir='ltr'><strong>superna</strong></span> <span class='ocrx_word' id='word_1_864' title='bbox 2400 5107 2691 5166; x_wconf 87' lang='lat' dir='ltr'><strong>potestate,</strong></span> <span class='ocrx_word' id='word_1_865' title='bbox 2744 5107 2799 5154; x_wconf 89' lang='lat' dir='ltr'><strong>et</strong></span> <span class='ocrx_word' id='word_1_866' title='bbox 2840 5100 3088 5169; x_wconf 87' lang='lat' dir='ltr'><strong>angelica</strong></span> <span class='ocrx_word' id='word_1_867' title='bbox 3125 5115 3252 5155; x_wconf 90' lang='lat' dir='ltr'><strong>eum</strong></span> <span class='ocrx_word' id='word_1_868' title='bbox 3286 5102 3469 5170; x_wconf 76' lang='lat' dir='ltr'><strong>priva-</strong></span> 
     </span>
    </p>
   </div>
   <div class='ocr_carea' id='block_1_114' title="bbox 1907 5189 3465 5262">
    <p class='ocr_par' dir='ltr' id='par_1_114' title="bbox 1907 5189 3465 5262">
     <span class='ocr_line' id='line_1_114' title="bbox 1907 5189 3465 5262; baseline 0.004 -22"><span class='ocrx_word' id='word_1_869' title='bbox 1907 5190 1986 5242; x_wconf 86' lang='lat' dir='ltr'><strong>vit</strong></span> <span class='ocrx_word' id='word_1_870' title='bbox 2027 5189 2229 5257; x_wconf 80' lang='lat' dir='ltr'><strong>gioria.</strong></span> <span class='ocrx_word' id='word_1_871' title='bbox 2283 5190 2554 5244; x_wconf 87' lang='lat' dir='ltr'><strong>hominem</strong></span> <span class='ocrx_word' id='word_1_872' title='bbox 2599 5202 2783 5245; x_wconf 89' lang='lat' dir='ltr'><strong>autem</strong></span> <span class='ocrx_word' id='word_1_873' title='bbox 2842 5192 3025 5261; x_wconf 90' lang='lat' dir='ltr'><strong>posuit</strong></span> <span class='ocrx_word' id='word_1_874' title='bbox 3075 5193 3129 5246; x_wconf 88' lang='lat' dir='ltr'><strong>in</strong></span> <span class='ocrx_word' id='word_1_875' title='bbox 3190 5193 3465 5262; x_wconf 75' lang='lat' dir='ltr'><strong>paradiso,</strong></span> 
     </span>
    </p>
   </div>
   <div class='ocr_carea' id='block_1_115' title="bbox 1908 5278 3473 5349">
    <p class='ocr_par' dir='ltr' id='par_1_115' title="bbox 1908 5278 3473 5349">
     <span class='ocr_line' id='line_1_115' title="bbox 1908 5278 3473 5349; baseline 0.003 -19"><span class='ocrx_word' id='word_1_876' title='bbox 1908 5278 2045 5332; x_wconf 83' lang='lat' dir='ltr'><strong>dans</strong></span> <span class='ocrx_word' id='word_1_877' title='bbox 2090 5280 2139 5332; x_wconf 93' lang='lat' dir='ltr'><strong>ei</strong></span> <span class='ocrx_word' id='word_1_878' title='bbox 2185 5278 2498 5332; x_wconf 87' lang='lat' dir='ltr'><strong>mandatum</strong></span> <span class='ocrx_word' id='word_1_879' title='bbox 2551 5281 2695 5349; x_wconf 92' lang='lat' dir='ltr'><strong>quod</strong></span> <span class='ocrx_word' id='word_1_880' title='bbox 2739 5282 3032 5336; x_wconf 85' lang='lat' dir='ltr'><strong>exercebat</strong></span> <span class='ocrx_word' id='word_1_881' title='bbox 3093 5282 3158 5334; x_wconf 79' lang='lat' dir='ltr'><strong>atl</strong></span> <span class='ocrx_word' id='word_1_882' title='bbox 3206 5281 3473 5335; x_wconf 87' lang='lat' dir='ltr'><strong>obedien-</strong></span> 
     </span>
    </p>
   </div>
   <div class='ocr_carea' id='block_1_116' title="bbox 1912 5370 3472 5441">
    <p class='ocr_par' dir='ltr' id='par_1_116' title="bbox 1912 5370 3472 5441">
     <span class='ocr_line' id='line_1_116' title="bbox 1912 5370 3472 5441; baseline 0.003 -20"><span class='ocrx_word' id='word_1_883' title='bbox 1912 5370 2064 5431; x_wconf 86' lang='lat' dir='ltr'><strong>tiam,</strong></span> <span class='ocrx_word' id='word_1_884' title='bbox 2115 5380 2174 5423; x_wconf 89' lang='lat' dir='ltr'><strong>ut</strong></span> <span class='ocrx_word' id='word_1_885' title='bbox 2219 5382 2534 5425; x_wconf 75' lang='lat' dir='ltr'><strong>vesceretur</strong></span> <span class='ocrx_word' id='word_1_886' title='bbox 2585 5371 2805 5439; x_wconf 88' lang='lat' dir='ltr'><strong>quidem</strong></span> <span class='ocrx_word' id='word_1_887' title='bbox 2859 5373 3114 5427; x_wconf 86' lang='lat' dir='ltr'><strong>omnibus</strong></span> <span class='ocrx_word' id='word_1_888' title='bbox 3144 5373 3303 5427; x_wconf 81' lang='lat' dir='ltr'><strong>bonis</strong></span> <span class='ocrx_word' id='word_1_889' title='bbox 3350 5388 3472 5441; x_wconf 77' lang='lat' dir='ltr'><strong>quze</strong></span> 
     </span>
    </p>
   </div>
   <div class='ocr_carea' id='block_1_117' title="bbox 1908 5460 3470 5534">
    <p class='ocr_par' dir='ltr' id='par_1_117' title="bbox 1908 5460 3470 5534">
     <span class='ocr_line' id='line_1_117' title="bbox 1908 5460 3470 5534; baseline 0.003 -21"><span class='ocrx_word' id='word_1_890' title='bbox 1908 5470 2066 5513; x_wconf 89' lang='lat' dir='ltr'><strong>erant</strong></span> <span class='ocrx_word' id='word_1_891' title='bbox 2095 5460 2151 5513; x_wconf 89' lang='lat' dir='ltr'><strong>in</strong></span> <span class='ocrx_word' id='word_1_892' title='bbox 2190 5461 2465 5529; x_wconf 89' lang='lat' dir='ltr'><strong>paradiso,</strong></span> <span class='ocrx_word' id='word_1_893' title='bbox 2517 5477 2678 5514; x_wconf 82' lang='lat' dir='ltr'><strong>uuam</strong></span> <span class='ocrx_word' id='word_1_894' title='bbox 2712 5477 2842 5517; x_wconf 85' lang='lat' dir='ltr'><strong>vero</strong></span> <span class='ocrx_word' id='word_1_895' title='bbox 2877 5479 2986 5516; x_wconf 90' lang='lat' dir='ltr'><strong>non</strong></span> <span class='ocrx_word' id='word_1_896' title='bbox 3024 5474 3273 5534; x_wconf 79' lang='lat' dir='ltr'><strong>tangeret</strong></span> <span class='ocrx_word' id='word_1_897' title='bbox 3307 5466 3470 5518; x_wconf 86' lang='lat' dir='ltr'><strong>arbo-</strong></span> 
     </span>
    </p>
   </div>
   <div class='ocr_carea' id='block_1_118' title="bbox 1916 5553 3468 5620">
    <p class='ocr_par' dir='ltr' id='par_1_118' title="bbox 1916 5553 3468 5620">
     <span class='ocr_line' id='line_1_118' title="bbox 1916 5553 3468 5620; baseline 0.005 -16"><span class='ocrx_word' id='word_1_898' title='bbox 1916 5567 2051 5615; x_wconf 92' lang='lat' dir='ltr'><strong>rem,</strong></span> <span class='ocrx_word' id='word_1_899' title='bbox 2079 5553 2182 5607; x_wconf 90' lang='lat' dir='ltr'><strong>hoc</strong></span> <span class='ocrx_word' id='word_1_900' title='bbox 2211 5555 2261 5607; x_wconf 86' lang='lat' dir='ltr'><strong>ei</strong></span> <span class='ocrx_word' id='word_1_901' title='bbox 2291 5554 2542 5611; x_wconf 88' lang='lat' dir='ltr'><strong>instituto</strong></span> <span class='ocrx_word' id='word_1_902' title='bbox 2566 5558 2887 5620; x_wconf 89' lang='lat' dir='ltr'><strong>certamine,</strong></span> <span class='ocrx_word' id='word_1_903' title='bbox 2918 5566 2977 5609; x_wconf 93' lang='lat' dir='ltr'><strong>ut</strong></span> <span class='ocrx_word' id='word_1_904' title='bbox 3002 5557 3048 5610; x_wconf 91' lang='lat' dir='ltr'><strong>si</strong></span> <span class='ocrx_word' id='word_1_905' title='bbox 3084 5559 3132 5611; x_wconf 89' lang='lat' dir='ltr'><strong>ei</strong></span> <span class='ocrx_word' id='word_1_906' title='bbox 3173 5558 3468 5611; x_wconf 85' lang='lat' dir='ltr'><strong>insidiante</strong></span> 
     </span>
    </p>
   </div>
   <div class='ocr_carea' id='block_1_119' title="bbox 1912 5644 3471 5717">
    <p class='ocr_par' dir='ltr' id='par_1_119' title="bbox 1912 5644 3471 5717">
     <span class='ocr_line' id='line_1_119' title="bbox 1912 5644 3471 5717; baseline 0.004 -22"><span class='ocrx_word' id='word_1_907' title='bbox 1912 5644 2072 5707; x_wconf 89' lang='lat' dir='ltr'><strong>malo,</strong></span> <span class='ocrx_word' id='word_1_908' title='bbox 2110 5660 2218 5698; x_wconf 93' lang='lat' dir='ltr'><strong>non</strong></span> <span class='ocrx_word' id='word_1_909' title='bbox 2246 5646 2481 5713; x_wconf 84' lang='lat' dir='ltr'><strong>amplius</strong></span> <span class='ocrx_word' id='word_1_910' title='bbox 2504 5648 2717 5716; x_wconf 84' lang='lat' dir='ltr'><strong>angelo,</strong></span> <span class='ocrx_word' id='word_1_911' title='bbox 2751 5648 2844 5702; x_wconf 91' lang='lat' dir='ltr'><strong>sed</strong></span> <span class='ocrx_word' id='word_1_912' title='bbox 2881 5649 3149 5711; x_wconf 68' lang='lat' dir='ltr'><strong>daemone,</strong></span> <span class='ocrx_word' id='word_1_913' title='bbox 3185 5650 3278 5717; x_wconf 81' lang='lat' dir='ltr'><strong>qui</strong></span> <span class='ocrx_word' id='word_1_914' title='bbox 3321 5649 3471 5701; x_wconf 82' lang='lat' dir='ltr'><strong>del&#39;c-</strong></span> 
     </span>
    </p>
   </div>
   <div class='ocr_carea' id='block_1_120' title="bbox 1910 5738 3465 5808">
    <p class='ocr_par' dir='ltr' id='par_1_120' title="bbox 1910 5738 3465 5808">
     <span class='ocr_line' id='line_1_120' title="bbox 1910 5738 3465 5808; baseline 0.002 -21"><span class='ocrx_word' id='word_1_915' title='bbox 1910 5744 2078 5795; x_wconf 85' lang='lat' dir='ltr'><strong>ccrat,</strong></span> <span class='ocrx_word' id='word_1_916' title='bbox 2112 5744 2166 5789; x_wconf 90' lang='lat' dir='ltr'><strong>et</strong></span> <span class='ocrx_word' id='word_1_917' title='bbox 2196 5738 2376 5789; x_wconf 89' lang='lat' dir='ltr'><strong>omnia</strong></span> <span class='ocrx_word' id='word_1_918' title='bbox 2418 5748 2607 5790; x_wconf 92' lang='lat' dir='ltr'><strong>contra</strong></span> <span class='ocrx_word' id='word_1_919' title='bbox 2658 5754 2782 5790; x_wconf 92' lang='lat' dir='ltr'><strong>eum</strong></span> <span class='ocrx_word' id='word_1_920' title='bbox 2839 5742 3206 5804; x_wconf 88' lang='lat' dir='ltr'><strong>machinantc,</strong></span> <span class='ocrx_word' id='word_1_921' title='bbox 3272 5751 3465 5808; x_wconf 51' lang='lat' dir='ltr'><strong>possit</strong></span> 
     </span>
    </p>
   </div>
   <div class='ocr_carea' id='block_1_121' title="bbox 1912 5825 3469 5899">
    <p class='ocr_par' dir='ltr' id='par_1_121' title="bbox 1912 5825 3469 5899">
     <span class='ocr_line' id='line_1_121' title="bbox 1912 5825 3469 5899; baseline 0.003 -21"><span class='ocrx_word' id='word_1_922' title='bbox 1912 5825 2120 5895; x_wconf 83' lang='lat' dir='ltr'><strong>primus</strong></span> <span class='ocrx_word' id='word_1_923' title='bbox 2155 5828 2315 5881; x_wconf 87' lang='lat' dir='ltr'><strong>homo</strong></span> <span class='ocrx_word' id='word_1_924' title='bbox 2343 5843 2448 5883; x_wconf 90' lang='lat' dir='ltr'><strong>non</strong></span> <span class='ocrx_word' id='word_1_925' title='bbox 2483 5829 2753 5884; x_wconf 82' lang='lat' dir='ltr'><strong>transilire</strong></span> <span class='ocrx_word' id='word_1_926' title='bbox 2792 5832 2840 5885; x_wconf 91' lang='lat' dir='ltr'><strong>ci</strong></span> <span class='ocrx_word' id='word_1_927' title='bbox 2880 5832 3061 5885; x_wconf 87' lang='lat' dir='ltr'><strong>datum</strong></span> <span class='ocrx_word' id='word_1_928' title='bbox 3122 5848 3149 5885; x_wconf 73' lang='grc' dir='ltr'><strong>ιι</strong></span> <span class='ocrx_word' id='word_1_929' title='bbox 3196 5832 3303 5885; x_wconf 79' lang='lat' dir='ltr'><strong>Deo</strong></span> <span class='ocrx_word' id='word_1_930' title='bbox 3331 5848 3469 5899; x_wconf 72' lang='lat' dir='ltr'><strong>prd:-</strong></span> 
     </span>
    </p>
   </div>
  </div>
