4260 6430
825 379 928 440 £95

2037 365 2318 425 MENSIS
2357 367 2784 429 DECEMBER.

3937 371 4048 434 496

804 500 1045 560 ceptum,
1091 494 1146 541 et
1188 485 1453 540 dedecore
1496 482 1711 537 allicere
1745 479 2145 540 adversarium,
2195 479 2288 547 qui
2322 478 2371 530 ei
2405 484 2444 536 Α
2479 498 2486 527 ι

2365 480 2371 530 l
2405 484 2444 536 Α
2479 482 2673 533 στάτου
2709 481 2802 534 καὶ
2824 481 3062 552 πονηροῦ
3092 481 3366 552 δαίμονος,
3424 484 3517 537 καὶ
3566 482 3746 538 πάντα
3786 501 4047 553 μηχανω-

802 581 1078 638 invidebat
1111 587 1331 648 propter
1383 575 1646 644 insignem
1692 574 1995 628 honorem:
2032 572 2074 626 si
2120 571 2246 634 hoc,
2281 571 2367 624 iu-

799 689 984 744 quam,
1018 672 1218 725 factum
1252 677 1418 734 esset,
1468 667 1631 722 homo
1684 675 1828 720 esset
1871 663 2212 727 immortalis,
2265 660 2362 715 de-

801 780 932 837 gens
956 763 1010 816 in
1031 758 1460 830 incorruptione.
1484 758 1578 813 Sin
1613 757 1816 822 minus,
1831 772 1937 811 non
1961 755 2236 811 sineretur
2248 767 2363 808 am-

800 860 942 926 ptius
1000 867 1121 907 esse
1158 852 1213 906 in
1243 850 1524 919 paradiso.
1575 847 1669 903 sed
1723 864 1789 903 ex
1836 863 1903 903 eo
1948 846 2363 909 exterminatus,

793 953 1003 1005 viveret
1028 958 1085 1002 et
1111 955 1439 1002 moreretur.
1478 943 1649 998 Malus
1682 959 1813 1013 ergo
1841 943 2074 1003 daemon,
2102 939 2195 1010 qui
2231 937 2369 993 invi-

792 1044 882 1097 dia
912 1041 1189 1095 ferebatur
1230 1038 1285 1092 in
1329 1035 1630 1099 hominem,
1668 1033 1722 1088 in
1761 1048 1886 1087 eum
1915 1032 2078 1086 variis
2112 1045 2241 1085 usus
2281 1038 2367 1083 est

792 1135 1100 1207 prtestigiis.
1153 1140 1366 1187 etcum
1411 1145 1519 1200 ope
1564 1127 1832 1196 serpentis
1881 1125 2186 1194 decepisset
2234 1136 2368 1176 uxo-

793 1245 907 1282 rem
952 1225 1116 1296 primi
1159 1224 1419 1285 hominis,
1477 1238 1571 1292 per
1615 1236 1733 1275 eam
1777 1220 1955 1289 ipsum
2015 1231 2235 1286 quoque
2275 1215 2359 1270 in-

791 1321 965 1384 duxit,
991 1327 1050 1373 ut
1078 1323 1408 1388 praeceptum
1458 1312 1780 1374 transiliret,
1838 1319 1900 1363 ut
1949 1309 2065 1378 ipse
2101 1307 2225 1362 ideo
2267 1321 2365 1361 ex-

791 1415 985 1483 pulsus
1008 1428 1071 1466 ex
1097 1409 1350 1479 paradiso
1371 1423 1402 1461 a
1429 1407 1538 1460 Deo
1563 1406 1961 1474 omnipotente,
1991 1400 2362 1455 deduceretur

792 1510 856 1563 ad
885 1507 1097 1562 labores
1131 1503 1392 1558 sudorum
1430 1509 1486 1554 et
1539 1498 1841 1552 interitum.
1893 1492 2143 1548 Obtinuit
2180 1492 2363 1561 itaque

793 1600 1060 1670 malignus
1087 1595 1391 1656 victoriam,
1428 1591 1520 1660 qui
1552 1588 1907 1661 gloriabatur,
1942 1584 2088 1655 quod
2141 1591 2363 1652 propter

793 1706 912 1746 eam
966 1687 1292 1743 sententiam
1367 1684 1645 1738 hominem
1721 1680 2020 1748 accepisset
2083 1676 2360 1730 redactum

792 1788 846 1838 in
876 1796 1028 1838 suam
1059 1789 1378 1850 potestatem
1413 1796 1426 1832 :
1468 1786 1521 1832 et
1547 1790 1670 1831 cum
1702 1773 1769 1828 de
1801 1782 1997 1827 cretero
2029 1767 2358 1836 multiplica-

2479 570 2642 638 μένου
2676 573 2796 624 κατ’
2835 572 3023 638 αὑτοῦ,
3050 574 3254 645 δυνηθῇ
3283 577 3311 628 ό
3368 575 3586 646 πρῶτος
3623 577 3907 642 ἄνθρωπος
3944 571 4044 628 οὗ·

2474 680 2564 725 τος
2598 663 2671 731 μὴ
2724 664 3035 734 παραϐῆναι
3067 667 3165 736 τὴν
3199 667 3420 736 ἐντολὴν
3465 669 3563 737 τὴν
3603 668 3850 721 δοθεῖσαν
3882 669 4042 738 αὐτῷ

2474 753 2626 825 παρὰ
2655 754 2749 806 τοῦ
2783 754 2943 822 Θεοῦ,
2973 756 3066 810 καὶ
3095 758 3434 828 καταισχύνῃ
3468 758 3572 811 τὸν
3607 760 3901 814 ἀντίπαλον
3944 761 4045 815 τὸν

2475 848 2816 918 φθονήσαντα
2881 849 3031 920 αὖτῷ
3074 848 3164 903 διά
3201 851 3300 922 τὴν
3361 853 3805 924 ὑπερϐάλλουσαν
3851 856 4040 926 τιμὴν,

2472 939 2547 1002 ώς
2572 941 2620 991 εί
2651 939 2842 993 τούτου
2879 944 3197 1011 γενομένου,
3227 943 3493 1000 ἀθάνατον
3525 941 3666 998 εἶναι
3714 946 3802 998 τὸν
3833 947 4042 1019 ἀνθρω-

2471 1045 2596 1095 πον,
2641 1031 2698 1083 ἐν
2734 1031 3017 1103 ἀφθαρσίᾳ
3053 1032 3406 1102 διαιτώμενον
3433 1047 3449 1066 ⁸
3485 1036 3534 1088 εί
3571 1037 3628 1089 δὲ
3675 1037 3749 1106 μή
3803 1054 3887 1104 γε,
3937 1040 4040 1091 οὐκ

2471 1121 2551 1172 ἐτι
2582 1121 2775 1175 ἐᾶσθαι
2803 1123 2967 1176 αὐτὸν
2999 1126 3057 1177 ἐν
3086 1124 3163 1194 τῷ
3192 1126 3511 1197 παραδείσῳ
3538 1123 3700 1191 εἶναι,
3754 1131 3869 1181 ἀλλ’
3919 1129 4040 1194 ἐξο-

2480 1211 2738 1280 ρισθέντα
2783 1211 2934 1282 βιοῦν
2965 1213 3057 1268 καὶ
3083 1215 3468 1285 ἀποθνήσκειν.
3521 1219 3582 1272 '0
3609 1217 3701 1270 οὖν
3726 1219 4040 1287 ἀντικείμε-

2470 1318 2559 1362 νος
2593 1302 2822 1372 δαίμων,
2853 1303 3032 1373 φθόνῳ
3060 1306 3200 1359 κατά
3241 1306 3334 1359 τοῦ
3377 1307 3664 1378 ἀνθρώπου
3713 1311 4032 1380 φερόμενος.

2469 1393 2746 1454 ποικίλαις
2779 1395 3144 1465 μαγγανείαις
3179 1398 3300 1450 κατ’
3332 1399 3498 1451 αὑτοῦ
3543 1399 3760 1469 ἐχρῆτο,
3812 1402 3906 1454 καὶ
3947 1402 4037 1454 δια
4068 1404 4072 1407 ’

2471 1483 2760 1554 συνεργίας
2810 1483 2906 1536 τοῦ
2947 1485 3127 1553 δφεως
3179 1487 3472 1558 ἀπατήσας
3516 1489 3616 1560 τὴν
3657 1493 3890 1555 γυναῖκα
3936 1490 4035 1543 τοῦ

2471 1573 2922 1643 πρωτοπλάστου,
2970 1574 3037 1626 δι’
3073 1576 3242 1645 αὐτῆς
3285 1579 3576 1648 παρήγαγε
3605 1579 3697 1631 καὶ
3731 1580 3891 1632 αὑτὸν
3924 1597 4025 1634 παι

2471 1665 2699 1737 ραϐἧναι
2725 1666 2825 1751 ⁸τὴν
2851 1668 3090 1737 ἐντολήν·
3118 1668 3192 1730 ώς
3216 1670 3466 1725 ἐντεῦθεν
3506 1671 3778 1743 ἐξόριστον
3802 1673 4032 1741 γενόμε-

2469 1775 2557 1812 νον
2586 1757 2680 1811 τοῦ
2712 1758 3037 1829 παραδείσου
3073 1761 3176 1814 ὑπὸ
3216 1762 3309 1815 τοῦ
3338 1763 3782 1834 Παντοκράτορος
3830 1765 3908 1824 εἰς
3938 1766 4032 1815 atd-

791 1885 906 1928 tum
953 1883 1099 1927 esset
1132 1884 1301 1941 genus
1349 1867 1652 1930 hominum,
1703 1867 1747 1918 is
1780 1873 2034 1931 tanquam
2093 1869 2356 1929 tyrannus
2389 1835 2430 1892 Β
2462 1869 2473 1902 τ

2349 1872 2356 1909 ι
2389 1835 2430 1892 Β
2462 1867 2596 1913 πους
2632 1850 2870 1922 ἱδρώτων
2922 1853 3014 1907 καὶ
3055 1854 3263 1925 φθορὰν
3291 1855 3548 1926 ἀχθῆναι.
3590 1857 3780 1925 Εἴχετο
3807 1856 3902 1909 οὖν
3930 1854 4031 1923 τῆς

790 1980 1007 2019 omnem
1033 1964 1266 2017 animam
1294 1958 1503 2027 redegit
1539 1958 1591 2009 in
1621 1955 1965 2010 servitutem.

2458 1945 2612 2013 νίκης
2659 1946 2686 1996 ὁ
2722 1947 2956 2014 πονηρὸς
2984 1985 2998 2011 ,
3039 1948 3135 1998 καὶ
3191 1949 3516 2018 ἐνεκαυχᾶτο
3565 1949 3656 2000 ἐπὶ
3698 1951 3763 2018 τῇ
3802 1947 4029 2016 τοιαύτῃ

784 2059 1120 2128 παραϐάσει,
1146 2055 1219 2116 ώς
1244 2051 1562 2118 ὑπεξούσιον
1590 2047 1770 2101 λαϐὼν
1810 2046 1899 2099 τὸν
1929 2044 2230 2116 ἄνθρωπον·
2262 2040 2353 2096 καὶ
2381 2040 2567 2093 λοιπὸν
2591 2038 2953 2110 πληθύνοντος
2991 2040 3086 2094 τοῦ
3112 2042 3309 2110 γένους
3346 2042 3455 2095 τῶν
3478 2042 3802 2114 ἀνθρώπων,
3838 2046 4029 2114 ὥσπερ

786 2153 1053 2222 τύραννος
1083 2151 1261 2201 πᾶσαν
1291 2145 1730 2199 κατεδουλώσατο
1746 2141 1943 2211 ψυχὴν,
1965 2139 2054 2192 καὶ
2080 2139 2159 2200 εἰς
2186 2136 2463 2190 ἀπώλειαν
2491 2133 2814 2204 διέφθειρεν.

862 2238 1028 2299 XXV.
1064 2242 1201 2298 Cum
1242 2241 1425 2307 itaque
1463 2239 1497 2290 ii
1531 2237 1584 2290 in
1616 2235 1837 2288 multam
1872 2232 2007 2301 lapsi
2039 2238 2220 2284 essent
2257 2228 2360 2281 itn-
2393 2253 2401 2259 -

791 2340 1089 2406 pietatem,
1145 2330 1498 2386 inundatione
1560 2327 1705 2382 Deus
1759 2324 2020 2378 mundum
2096 2318 2356 2390 perdidit.

787 2428 1142 2484 Conservavit
1170 2432 1352 2478 autem
1407 2421 1520 2474 Noe
1571 2418 1859 2488 quemdam
1906 2416 2081 2469 virum
2129 2415 2356 2483 justum,

789 2525 882 2593 qui
915 2521 1174 2590 praeclare
1223 2514 1522 2570 decertavit
1577 2511 1842 2566 adversus
1884 2509 2174 2577 malignum
2213 2505 2359 2559 hunc

789 2616 1115 2673 daemonem,
1153 2621 1345 2663 etnon
1398 2606 1503 2660 fuit
1535 2603 1603 2657 ab
1653 2618 1719 2657 eo
1769 2601 1993 2655 omnino
2047 2610 2354 2668 superatus,

790 2708 846 2761 in
881 2719 1004 2758 arca
1041 2703 1214 2772 lignea
1249 2713 1373 2752 cum
1413 2711 1582 2750 uxore
1627 2707 1682 2750 et
1705 2694 1924 2747 Jiberis.
1977 2689 2112 2744 Cum
2164 2704 2357 2743 rursus

789 2814 919 2852 vero
946 2795 1276 2851 restituisset
1308 2805 1524 2845 omnem
1557 2798 1760 2843 terram
1820 2786 1874 2840 in
1917 2783 2204 2857 pristinum
2249 2790 2358 2834 sta-

791 2901 931 2953 tum,
977 2899 1235 2954 tanquam
1275 2885 1449 2936 civem
1487 2879 1772 2950 quemdam
1819 2879 2087 2932 victorem
2141 2889 2264 2927 eum
2303 2873 2357 2926 in

791 2995 937 3039 terra
1003 2980 1205 3050 posuit.
1271 2974 1608 3030 Procedente
1664 2981 1846 3026 autem
1899 2980 2174 3039 tempore,
2233 2983 2355 3023 cum

794 3087 983 3127 rursus
1027 3068 1522 3138 multiplicarentur
1557 3055 1843 3128 homines,
1902 3061 2082 3115 omnis
2125 3061 2357 3129 profecit

2533 2227 2661 2283 KE'.
2722 2227 2903 2294 Ὀθεν,
2975 2229 3104 2300 περὶ
3165 2227 3364 2292 πολλὰς
3404 2229 3678 2294 ἀπωλείας
3726 2231 4031 2296 ἐξοκειλάνο

2460 2337 2569 2374 των
2623 2320 2823 2386 αὐτῶν,
2878 2322 3242 2392 κατακλυσμῷ
3300 2323 3397 2394 τὴν
3453 2324 3558 2394 γῆν
3633 2324 3937 2378 ἐσκέπασεν
4001 2330 4028 2380 6

2461 2411 2614 2476 Θεὸς,
2652 2413 2923 2477 ἀπολέσας
2984 2416 3165 2470 πᾶσαν
3218 2415 3394 2487 ψυχὴν
3436 2417 3635 2482 ζῶσαν.
3669 2418 3791 2471 Νῶε
3823 2420 3882 2472 δέ
3908 2438 4028 2474 τινα

2462 2503 2632 2572 ἄνδρα
2657 2504 2894 2570 δίκαιον,
2939 2507 3118 2570 καλῶς
3153 2509 3570 2578 ἀγωνισάμενον
3601 2512 3743 2564 κατά
3781 2511 3879 2564 τοῦ
3931 2532 4024 2566 πο-

2462 2597 2628 2667 νηροῦ
2662 2597 2852 2651 τούτου
2884 2600 3138 2669 δαίμονος
3189 2603 3278 2653 καὶ
3316 2602 3391 2672 μὴ
3415 2601 3738 2672 ἡττηθέντα.
3768 2605 4024 2674 διεφύλα-

2461 2693 2552 2758 ξεν
2593 2693 2621 2743 ό
2666 2692 2798 2755 Θεὸς
2821 2695 2884 2746 ἐν
2918 2694 3149 2762 λάρνακι
3178 2694 3364 2766 ξυλίνῃ
3424 2695 3563 2763 μετὰ
3629 2698 3888 2763 γυναικὸς
3937 2705 4027 2752 καὶ

2463 2789 2693 2841 τέκνων.
2761 2788 3250 2858 Ἀποκαταστήσας
3285 2789 3341 2841 δέ
3377 2789 3538 2843 πάλιν
3579 2791 3762 2843 πᾶσαν
3796 2792 3895 2860 τὴν
3925 2793 4024 2858 γῆν

2461 2881 2537 2942 είς
2570 2879 2630 2930 τὸ
2660 2879 2884 2948 ἀρχαῖον
2924 2878 3130 2947 σχῆμα,
3173 2877 3364 2948 ὥσπερ
3397 2878 3516 2932 τινὰ
3550 2879 3772 2947 πολίτην
3804 2880 4026 2949 νικητὴν

2464 2969 2652 3022 τοῦτον
2682 2967 2841 3029 αὖθις
2867 2968 2923 3019 ἐν
2949 2970 3012 3037 τῇ
3050 2970 3118 3037 γῇ
3148 2968 3325 3023 ἔθετο.
3367 2969 3476 3022 Καὶ
3524 2967 3586 3038 δὴ
3626 2971 3840 3038 χρόνοις
3869 2969 4025 3021 ὓστε-

2465 3079 2557 3130 ρον
2609 3059 2992 3128 πληθυνόντων
3046 3060 3155 3111 τὼν
3211 3060 3536 3128 ἀνθρώπων,
3607 3063 3756 3113 πὶοα
3806 3061 4027 3115 ἀσέϐεα

792 3166 1072 3234 impietas,
1129 3170 1185 3215 et
1234 3173 1426 3212 omnes
1477 3155 1839 3209 vincebantur
1891 3171 1920 3206 a
1969 3153 2239 3221 peccatis,
2301 3162 2474 3234 Clc‘l

2341 3162 2357 3206 t
2384 3173 2430 3234 ο
2463 3152 2788 3222 προέκοπτε,
2822 3151 2916 3204 καὶ
2951 3153 3152 3214 πάντες
3175 3152 3481 3222 ἐχειροῦντο
3505 3156 3614 3215 τοῖς
3641 3154 4023 3224 ἁμαρτήμασι,

789 3258 952 3312 morti
1009 3250 1461 3323 subjiciebantur,
1511 3256 1566 3301 et
1611 3246 1781 3299 vincti
1827 3245 2156 3299 tenebantur
2205 3245 2349 3314 apud

791 3349 1020 3407 inferos.
1059 3344 1126 3398 ad
1185 3344 1468 3397 interitum
1525 3340 1818 3395 examinati
1864 3354 1894 3392 a
1948 3339 2185 3408 maligno
2243 3337 2352 3391 dre-

793 3455 974 3495 mone.
1006 3438 1259 3492 Misenus
1281 3443 1462 3488 autem
1493 3434 1659 3497 Deus,
1707 3433 1799 3500 qui
1846 3447 1946 3485 nos
1997 3432 2274 3495 formavit,
2299 3437 2353 3482 ct

793 3545 901 3582 non
948 3526 1181 3595 amplius
1227 3523 1414 3576 volens
1449 3521 1594 3590 quod
1641 3535 1669 3573 a
1719 3534 1776 3573 se
1812 3520 2010 3572 factum
2062 3527 2178 3571 erat
2217 3533 2354 3586 opus

785 3617 1093 3685 despicere,
1122 3611 1367 3682 primum
1402 3610 1624 3680 quidem
1654 3608 1858 3663 Grecis
1907 3608 2048 3661 hanc
2080 3609 2354 3661 concessit

792 3708 1140 3778 sapientiam,
1170 3714 1231 3758 ut
1275 3703 1516 3757 immotis
1550 3702 1745 3756 anima:
1783 3702 1958 3755 oculis
1999 3707 2355 3768 agnoscerent

794 3800 963 3854 Deum
996 3797 1446 3865 omnipotentem,
1480 3801 1537 3847 et
1567 3801 1890 3861 superarent
1925 3791 2231 3845 danuonem
2259 3789 2356 3842 ad-

791 3889 1115 3943 versarium.
1148 3887 1213 3939 lli
1244 3899 1407 3954 ergo,
1450 3893 1506 3938 et
1536 3883 1580 3938 si
1610 3884 1708 3937 visi
1741 3891 1872 3936 sunt
1903 3882 2183 3950 paululum
2213 3881 2354 3936 resi-

789 3981 1022 4051 piscere,
1073 3986 1129 4032 et
1176 3985 1388 4030 rectum
1440 3975 1544 4028 iter
1591 3974 1811 4042 pietatis
1868 3973 2172 4033 attendere,
2231 3988 2354 4026 cum

792 4082 971 4126 tamen
1006 4079 1263 4137 tanquam
1306 4067 1364 4121 in
1396 4065 1588 4120 umbra
1613 4065 1798 4119 verbis
1833 4065 2008 4118 solum
2044 4063 2356 4133 apprehen-

790 4160 1001 4214 dissent
1044 4142 1331 4220 visionem,
1409 4169 1602 4207 rursus
1659 4153 1925 4207 cadebant
1988 4153 2041 4206 in
2109 4166 2354 4207 errorem

791 4254 1076 4322 majorum,
1107 4246 1207 4318 ipsi
1237 4260 1454 4317 quoque
1480 4237 1719 4313 superati
1746 4259 1775 4297 a
1801 4243 1932 4297 falsa
1985 4243 2266 4313 religione,
2297 4253 2354 4299 et

791 4349 846 4398 tn
879 4342 1205 4398 deteriorem
1259 4337 1494 4408 prolapsi
1549 4337 1903 4405 impietatem,
1948 4348 2003 4391 et
2053 4337 2139 4390 via
2202 4336 2345 4390 invia

790 4433 1129 4485 aberrantes.
1182 4425 1250 4481 Et
1280 4439 1381 4479 nec
1418 4425 1495 4478 sic
1527 4423 1747 4492 quidem
1803 4438 1961 4493 passa
1991 4434 2074 4479 est
2129 4426 2356 4496 insignis

2455 3247 2548 3298 καὶ
2575 3244 2847 3312 ὑπήγοντο
2875 3242 2950 3312 τῷ
2980 3243 3212 3313 θανάτῳ,
3243 3245 3338 3298 καὶ
3364 3244 3538 3319 ἐν.τῷ
3563 3244 3660 3314 ᾄδῃ
3711 3245 4027 3312 κατείχοντο

2452 3336 2682 3405 δέσμιοι,
2714 3333 3035 3404 ἐταζόμενοι
3071 3334 3153 3396 είς
3186 3335 3466 3388 ἀπώλειαν
3515 3336 3617 3388 ὑπὸ
3660 3337 3756 3388 τοῦ
3784 3339 4022 3406 πονηροῦ

2449 3426 2638 3480 τούτου
2662 3426 2929 3481 διαϐόλου.
2964 3425 3396 3495 Σπλαγχνισθεὶς
3435 3423 3530 3482 οὖν
3563 3430 3591 3481 ό
3627 3428 3838 3492 πλάσας
3879 3432 4024 3498 ἡμᾶς

2453 3519 2607 3581 Θεὸς,
2642 3519 2734 3571 καὶ
2773 3519 2969 3587 μηκέτι
2988 3519 3082 3570 ἐπὶ
3108 3521 3242 3573 πολὺ
3271 3519 3519 3590 παριδεῖν
3536 3521 3732 3574 ἐθέλων
3749 3524 3808 3574 τὸ
3823 3521 4021 3575 tauro-3

2456 3611 2682 3679 ποίημα,
2716 3609 2931 3679 πρῶτον
2954 3610 3250 3680 ἐχαρίσατο
3278 3612 3378 3676 τὴν
3421 3611 3640 3666 σύνεσιν
3675 3613 3883 3683 ταύτην
3910 3620 4022 3676 τοῖς

2457 3701 2738 3768 Ἕλλησιν,
2771 3702 2824 3753 εί
2845 3717 2963 3765 πως
2991 3703 3201 3756 ἀκλινεί
3221 3704 3298 3774 τῷ
3334 3707 3430 3775 τῆς
3455 3706 3632 3776 ψυχῆς
3666 3704 3878 3774 ὄμματι
3903 3711 4024 3760 ἐπι.

2457 3791 2621 3859 γνῶσι
2651 3792 2745 3844 τὸν
2769 3793 2930 3860 μόνον
2965 3795 3387 3866 παντοκράτορα
3427 3797 3584 3861 Θεὸν,
3644 3798 3739 3850 καὶ
3791 3801 4020 3868 περιγέ-

2457 3899 2655 3935 νωνται
2683 3881 2778 3935 τοῦ
2836 3885 3300 3955 ἀντιτεταγμένου
3348 3887 3622 3956 δαίμονος,
3668 3886 3830 3942 Οὗτοι
3860 3891 3940 3954 δὲ,
3976 3893 4022 3942 εί

2457 3975 2552 4026 καὶ
2580 3973 2765 4038 ἔδοξαν
2809 3975 3003 4045 μικρόν
3041 3994 3092 4029 τι
3140 3976 3396 4047 διανῆψαι
3459 3979 3552 4031 καὶ
3601 3979 3893 4048 ἐπιστῆναι
3951 3983 4017 4050 τῇ

2456 4063 2702 4117 θεοσεϐεῖ
2731 4066 2942 4137 πορείᾳ,
2976 4067 3088 4120 ἀλλ’
3116 4069 3262 4136 ὅμως
3294 4068 3482 4139 ὥσπερ
3517 4072 3575 4122 ἐν
3600 4072 3731 4140 σκιᾷ
3771 4070 4019 4140 λογισμῷ

2460 4150 2606 4224 μόνῳ
2628 4156 3047 4225 Ῥαντασθέντες,
3077 4158 3422 4226 ἀλληνάλλως
3441 4163 3797 4224 τοπάσαντες,
3820 4166 4021 4228 πάντες

2455 4243 2612 4304 αὖθις
2664 4246 2728 4314 τῇ
2764 4249 3068 4317 προγονικῇ
3129 4247 3401 4301 ὑπέπεσον
3455 4250 3653 4320 πλάνῃ,
3694 4250 3959 4322 ﬁrmos»:
3993 4269 4019 4315 ς

2461 4336 2556 4386 καὶ
2609 4335 2764 4388 αὐτοὶ
2806 4337 2882 4398 είς
2943 4337 3366 4408 δεισιδαιμονίαν
3424 4341 3517 4393 καὶ
3549 4344 3628 4405 είς
3673 4344 3894 4410 χείρονα
3930 4343 4020 4395 ἐκ-

2460 4426 2721 4489 πεσόντες
2767 4425 3046 4495 ἀσίϐειαν,
3102 4431 3194 4481 καὶ
3269 4429 3593 4485 ἁδιέκϐατον
3647 4431 4020 4500 πλανηθέντες

790 4521 939 4579 etab
961 4519 1216 4574 omnibus
1241 4515 1566 4571 celebranda
1613 4515 1704 4569 Dei
1739 4526 1981 4584 potestas
2029 4532 2129 4572 nos
2168 4518 2350 4587 jacere
2384 4529 2426 4584 ι)
2455 4519 2472 4571 ί

2337 4533 2350 4572 ι
2384 4529 2426 4584 Ι)
2455 4518 2595 4572 ὁδόν.
2635 4518 2776 4571 Ἀλλ’
2807 4520 2918 4572 οὐδ’
2945 4519 3120 4584 οὕτως
3148 4515 3410 4592 ἠνέσχετο
3450 4525 3482 4592 ἠ
3528 4522 3690 4586 ἵλεως
3728 4525 3826 4575 καὶ
3863 4524 3950 4575 πο)
3971 4543 4019 4574 υ-

792 4616 848 4668 in
874 4612 1109 4675 delictis,
1145 4608 1289 4662 unde
1321 4608 1484 4661 etiam
1518 4606 1672 4660 dedit
1703 4608 1901 4676 legem,
1959 4619 2014 4662 et
2054 4608 2201 4662 misit
2228 4624 2352 4677 pro—

793 4707 1005 4776 phetas,
1063 4711 1117 4757 et
1176 4697 1527 4755 multifariam
1576 4699 1871 4766 multisque
1933 4698 2109 4753 modis
2165 4698 2353 4770 generi

792 4798 1142 4853 Hebraeorum
1188 4793 1330 4846 viam
1369 4789 1605 4845 ostendit
1653 4790 1967 4844 salutarem.
2024 4790 2225 4846 Omnes
2256 4807 2352 4846 au-

789 4902 899 4944 tem
935 4885 1368 4947 retrocedentes,
1401 4881 1717 4935 recidebant
1748 4880 1801 4934 in
1830 4883 2094 4953 majorum
2125 4897 2351 4938 suorum

792 4979 1187 5038 inﬁrmitatem,
1229 4986 1285 5030 et
1329 4973 1490 5028 morti
1543 4972 1974 5043 subjiciehautur
2010 4988 2201 5028 omnes
2225 4989 2352 5042 pro-

790 5081 913 5138 pter
940 5058 1245 5136 peccatum.
1293 5063 1528 5132 [Equum
1568 5059 1750 5129 itaque
1777 5061 1990 5115 censuit
2017 5062 2224 5131 aequale
2258 5077 2353 5116 no-

792 5161 1003 5214 biscum
1029 5165 1306 5212 certamen
1341 5154 1620 5222 suscipere
1661 5153 1922 5208 Dominus
1947 5161 2156 5217 noster,
2208 5153 2351 5209 Deus

791 5251 1054 5310 Verbum,
1099 5256 1153 5302 et
1200 5245 1358 5300 nobis
1413 5244 1705 5300 ostendere
1755 5244 2041 5299 victoriam
2089 5242 2351 5300 adversus

792 5341 1184 5399 adversarium.
1225 5353 1324 5406 par
1369 5336 1528 5390 nobis
1559 5337 1612 5390 in
1640 5335 1895 5391 omnibus
1923 5335 2099 5390 factus
2151 5346 2351 5405 prater

789 5442 1072 5503 peccatum
1108 5471 1118 5481 .
1156 5440 1210 5482 et
1241 5444 1365 5483 cum
1405 5427 1644 5498 seipsum
1691 5427 1950 5482 humilem
1995 5428 2346 5493 reddidisset,

787 5534 840 5576 et
864 5519 1021 5581 nobis
1053 5518 1225 5572 servis
1263 5518 1490 5571 formam
1528 5516 1760 5571 similem
1789 5518 2138 5585 suscepisset,
2188 5528 2348 5571 natus

785 5626 868 5668 est
897 5629 962 5667 ex
993 5611 1234 5679 Virgine,
1277 5625 1385 5663 non
1443 5619 1684 5664 mutatus
1729 5610 2036 5672 divinitate,
2090 5612 2182 5664 sed
2225 5611 2345 5665 ovis

789 5709 968 5761 ferens
999 5703 1193 5772 pellem
1229 5713 1447 5771 propter
1503 5703 1613 5773 lupi
1658 5718 2024 5773 progressum.
2083 5702 2137 5756 Si
2200 5705 2343 5758 enim

789 5812 883 5861 per
912 5806 1199 5860 supernam
1242 5792 1481 5848 dixinam
1517 5810 1667 5849 suam
1717 5795 2012 5863 potentiam
2045 5795 2343 5862 percussis-

2457 4611 2693 4681 ύμνητος
2726 4612 2821 4664 τοῦ
2852 4611 2988 4665 Θεοῦ
3020 4613 3250 4683 δύναμις
3290 4616 3505 4667 κεῖσθαι
3545 4617 3690 4685 ἡμᾶς
3725 4617 3782 4666 ἐν
3812 4616 3892 4684 τῷ
3923 4635 4019 4669 πε·

2458 4703 2812 4774 ραπτώματι·
2850 4704 2973 4757 ὅθεν
3003 4707 3094 4757 καὶ
3125 4707 3287 4774 νέμον
3330 4706 3519 4770 ἔδωκε,
3576 4708 3670 4761 καὶ
3730 4711 4019 4780 προφήτας

2455 4796 2828 4860 ἐξαπέστειλε,
2862 4797 3215 4867 πολυτρόπως
3249 4815 3308 4851 τε
3335 4799 3578 4865 ὑπέδειξε
3615 4801 3690 4871 τῷ
3731 4804 3879 4869 γένει
3909 4804 4017 4855 τῶν

2465 4884 2735 4954 Ἐϐραίων
2759 4886 2858 4954 τὴν
2889 4890 3161 4956 σωτήριον
3195 4888 3333 4942 ὀδόν.
3363 4890 3472 4942 Καὶ
3503 4891 3703 4952 πάντες
3732 4893 4017 4958 ἀντχσιῖι-

2455 4977 2694 5046 ζόμενοι,
2735 4978 2800 5046 τῇ
2841 4980 3137 5048 προγονικῇ
3169 4981 3584 5048 περιεπείροντο
3616 4983 3894 5051 ἀσθενής,
3922 4984 4016 5035 Li.

2453 5069 2654 5130 πάντες
2711 5067 2996 5138 ὑπέκειντο
3044 5067 3122 5138 τῷ
3167 5069 3383 5139 θανάτῳ
3426 5070 3517 5122 διὰ
3551 5072 3649 5140 τὴν
3711 5074 4012 5142 ἁμαρταν.

2465 5154 2808 5209 Ἐδικαίωσεν
2829 5150 2924 5208 οὖν
2942 5155 3002 5208 τὸ
3029 5156 3140 5209 ῐσον
3161 5158 3291 5224 ἡμῖν
3318 5158 3606 5226 ἀγώνισμα
3633 5161 3766 5212 αἰτὸ
3819 5160 4012 5212 ἀέσδέ-

2453 5247 2645 5313 ξασθαι
2679 5250 2707 5301 ό
2737 5249 3011 5315 Δεσπότης
3043 5250 3198 5318 ἡμῶν
3222 5250 3355 5314 Θεὸς
3375 5251 3571 5318 Λόγος,
3616 5255 3706 5307 ια’.
3737 5253 3871 5306 unos
3904 5253 3954 5318 ῐε
3998 5271 4013 5305 ι

2450 5339 2581 5406 ἡμῖν
2631 5337 2727 5404 τὴν
2756 5338 2897 5392 κατά
2929 5338 3023 5392 τοῦ
3075 5341 3374 5394 ἀντιπάλου
3417 5343 3594 5412 νίκην.
3639 5346 3794 5398 Κατὰ
3837 5348 4010 5397 τεά-,τα

2453 5431 2563 5490 [σος
2599 5429 2728 5497 ἡμῖν
2754 5429 3042 5498 γενόμενος
3073 5434 3238 5502 χωρὶς
3296 5435 3593 5505 ἁμαρτίας,
3624 5437 3719 5490 καὶ
3745 5440 4014 5490 nmini.-

2452 5535 2548 5579 σας
2579 5520 2791 5584 ἑαυτὸν,
2812 5520 2906 5572 καὶ
2929 5522 3122 5590 ὁμοίαν
3147 5519 3299 5592 ἡμῶν
3315 5525 3422 5578 τῶν
3444 5525 3645 5581 δεύεων
3674 5529 3841 5581 αὐτοῦ
3875 5547 4010 5598 μορ-

2449 5613 2553 5678 φὴν
2579 5610 2782 5675 λαϐὼν,
2809 5611 3002 5682 ἐτέχθη
3040 5613 3104 5666 ἐκ
3133 5615 3230 5684 τῆς
3268 5617 3430 5685 ἁγίας
3457 5620 3732 5688 Παρθένου
3778 5623 3850 5690 μὴ
3875 5639 4009 5690 τρα.

2449 5703 2568 5763 at)";
2602 5705 2666 5771 τῇ
2721 5703 2957 5773 θεότητι,
3010 5706 3144 5759 ἀλλά
3189 5714 3423 5780 φορέσας
3473 5712 3574 5782 τὴν
3613 5712 3703 5766 τοῦ
3737 5715 4009 5782 προϐάτου

2449 5795 2475 5846 δ
2504 5797 2607 5865 pia
2640 5795 2724 5846 διὸ.
2753 5795 2852 5864 τὴν
2882 5796 2974 5849 τοῦ
3021 5797 3185 5852 λύκου
3249 5804 3492 5873 πρόοδον,
3550 5806 3605 5858 Ei
3643 5809 3750 5873 γὰρ
3797 5810 3881 5861 διε
3912 5809 4008 5871 τῆς
