4260 6430
223 423 334 490 497

1014 425 1493 488 MARTYRIUM
1532 427 1595 488 S.
1638 428 2062 491 EUS'I'RATII
2104 432 2200 491 ET
2240 433 2662 498 SOCIORUM.

3370 443 3477 506 ‘93

222 540 439 594 ἀνωθεν
462 537 619 603 θείας
650 537 817 595 αὑτοῦ
852 538 1142 609 δυνάμεως
1165 538 1527 604 indecenti»;
1561 530 1803 591 ἀνταεί-
1832 556 1878 611 Δ

1799 567 1803 577 ·
1832 556 1878 611 Α
1906 552 1989 599 set
2020 544 2170 599 hunc
2194 546 2574 604 adversarium
2606 550 2841 621 (poterat
2875 554 3046 617 enim,
3092 562 3155 609 ut
3177 555 3271 624 qui
3303 568 3481 626 potest

226 649 391 700 μενον
419 628 631 685 τοῦτον⁹
656 630 891 703 ἠδύνατο
926 630 1036 702 γὰρ
1059 630 1139 694 ώς
1174 632 1348 686 πάντα
1396 629 1716 698 δυνάμενος,
1762 628 1798 684 ἀ

222 723 350 792 ἔμοι
378 718 447 795 ἦν
465 721 704 776 ἀδύνατα
728 738 744 754 ·
764 723 884 778 ἀλλ’
910 723 1011 777 οὐκ
1033 723 1236 777 ἔδωκεν
1262 723 1414 792 αὐτῷ
1437 723 1630 795 καιρὸν
1660 724 1801 778 ἀπο-

221 807 411 877 λογίας
437 807 619 877 λέγειν
637 825 653 841 ο
676 809 761 865 δτι
791 809 1116 884 ¹Ἄνθρωπον
1132 810 1387 883 ενίκησα,
1414 813 1509 865 καὶ
1536 811 1643 865 ὑπὸ
1660 810 1798 866 Θεοῦ

220 906 501 978 ενικὴθην.
541 908 651 961 Καὶ
676 907 1078 980 εὐαπολόγητος
1104 909 1174 962 ἀν
1209 908 1483 979 ὑπῆρχεν,
1529 907 1606 971 ὥς
1642 905 1801 970 εἰδὼς

221 1001 306 1054 ὁτι
334 998 455 1069 Θεῷ
481 1000 579 1069 μὲν
607 1000 789 1054 πάντα
826 1001 1049 1069 ἐφικτὰ.
1080 1000 1203 1071 ἐμοὶ
1234 1000 1291 1053 δι
1329 1000 1409 1071 τῷ
1428 999 1489 1053 τὸ
1507 998 1667 1069 σῶμα
1696 1014 1799 1051 πε-

223 1089 602 1161 ριϐεϐλημένῳ
631 1086 789 1142 τοῦτο
846 1088 1191 1160 κατορθῶσαι
1243 1090 1527 1144 ἀδύνατον.
1586 1091 1799 1145 Οίκονο·

223 1183 353 1254 μίας
412 1180 504 1234 οὖν
560 1181 889 1249 ἐνεκεντὴν
937 1183 1215 1252 ἡμετέραν
1268 1184 1298 1236 ὁ
1342 1183 1622 1252 Δεσπότης
1664 1183 1798 1252 Χρι-

222 1276 345 1338 στὸς
400 1272 628 1328 ἀνέλαϐε
685 1272 884 1345 σάρκα,
916 1274 1004 1328 ίνα
1058 1275 1118 1327 τὸ
1166 1274 1307 1346 ὑπὲρ
1361 1274 1518 1345 ἡμῶν
1561 1274 1795 1345 ἀποτίσῃ

220 1372 403 1443 κρέοςο

292 1468 437 1535 και.
468 1454 738 1541 Λάσωμεν
788 1472 846 1527 δὲ
900 1475 995 1528 καὶ
1059 1474 1266 1539 εἰκόνα,
1317 1474 1571 1542 δικαστά,
1604 1474 1797 1546 ὁμοίαν
1875 1467 1886 1480 ’

217 1561 425 1631 ταύτης
460 1579 562 1633 μου
593 1567 692 1636 τῆς
734 1564 1063 1638 διηγήσεως.
1110 1568 1241 1621 Ἐάν
1270 1565 1335 1619 σὺ
1370 1567 1580 1630 αὐτὺςὸ
1605 1569 1798 1639 κύριος

216 1653 377 1723 τῆσδε
398 1654 493 1719 τῆς
520 1656 747 1723 πόλεως,
766 1658 967 1726 ἄρκτον
996 1657 1028 1727 ἢ
1049 1657 1176 1709 ἄλλο
1196 1654 1371 1708 τιτῶν
1397 1655 1604 1727 Θηρίων
1631 1657 1797 1711 έπελ-

218 1743 310 1797 θὶν
330 1746 393 1815 τῇ
420 1744 571 1796 πόλει
587 1743 776 1817 θεάσῃ,
800 1747 1050 1815 καὶίρεῖς
1080 1744 1156 1814 τῷ
1180 1742 1352 1813 δούλῳ
1372 1758 1488 1811 σου,
1504 1744 1798 1816 Παρελθὼν

217 1840 475 1906 φόνευσον
506 1839 659 1903 αὐτὸ,
693 1842 901 1903 ἐκεῖνος
930 1839 987 1893 δὲ
1011 1839 1090 1911 τῷ
1128 1838 1203 1907 σῷ
1253 1838 1644 1909 προστάγματι
1674 1840 1798 1893 δουο

1909 640 2113 703 omnia,
2144 655 2267 710 qua
2304 657 2335 696 a
2376 658 2462 697 me
2508 660 2617 699 non
2670 656 2901 714 possunt
2948 647 3111 719 ﬁeri),
3153 648 3396 706 dedisset
3423 654 3477 706 ei

1902 730 2109 801 justam
2159 734 2504 790 occasionem
2557 736 2917 807 defensionis,
2969 741 3479 801 dicendotliomi-

1905 837 2031 879 nem
2058 824 2190 889 vici,
2224 835 2281 882 et
2310 840 2341 882 a
2378 826 2488 884 Deo
2520 843 2641 884 sum
2682 831 2879 887 victus.
2921 830 2991 888 Se
3037 834 3185 888 enim
3240 843 3370 890 tunc
3399 837 3481 891 sic

1905 914 2066 972 facile
2094 918 2362 987 potuisset
2390 919 2710 986 defendere,
2739 930 2799 977 ut
2827 924 2920 992 qui
2941 924 3129 990 sciret,
3159 924 3328 979 Deum
3353 928 3477 995 qui-

1903 1010 2029 1065 dem
2060 1025 2221 1081 posse
2249 1013 2434 1068 omnia
2464 1014 2679 1070 ellicere
2713 1033 2725 1069 :
2761 1024 2816 1070 et
2865 1030 2989 1082 nec,
3037 1017 3081 1071 si
3124 1031 3325 1088 corpus
3352 1018 3477 1087 qui-

1904 1105 2030 1160 dem
2070 1106 2363 1172 induisset,
2406 1122 2516 1163 non
2554 1122 2675 1163 esse
2702 1109 3005 1179 eiusmodi,
3029 1109 3175 1180 quod
3205 1125 3312 1166 non
3345 1124 3475 1181 pos-

1904 1208 1985 1253 set
2021 1196 2216 1253 facere.

1977 1469 2167 1528 XXVI.
2212 1471 2558 1542 Accipiamus
2588 1485 2793 1538 autem,
2840 1491 2873 1529 ο
2901 1473 3086 1545 iudex,
3127 1474 3367 1542 aliquam
3405 1467 3477 1527 si-

1905 1561 2292 1625 militudinem,
2325 1577 2448 1632 qua:
2474 1563 2768 1617 conveniat
2810 1563 2937 1619 huic
2969 1579 3103 1618 mea:
3148 1564 3472 1619 narrationi.

1904 1654 1961 1710 Si
2001 1664 2057 1709 tu
2098 1655 2236 1725 ipse,
2297 1657 2389 1725 qui
2440 1672 2499 1711 es
2541 1656 2797 1712 dominus
2846 1657 3008 1725 hujus
3054 1658 3315 1724 civitatis,
3349 1673 3473 1713 cum

1904 1748 2137 1804 vidisses
2190 1749 2401 1818 lupum,
2456 1759 2552 1805 aut
2610 1767 2831 1817 ursum,
2886 1760 2981 1806 aut
3022 1752 3259 1820 aliquam
3312 1753 3473 1807 aliam

1905 1838 2136 1895 bestiam
2178 1842 2524 1897 invadentem
2554 1855 2700 1899 tuam
2733 1845 3043 1906 civitatem,
3075 1845 3282 1900 dixeris
3312 1860 3473 1900 servo

216 1931 433 1995 λεύσας.
457 1933 552 1984 καὶ
583 1932 897 2003 προσελθὼν
928 1933 1172 2002 ἀτέχνως
1200 1930 1521 2003 καταϐληθῇ
1553 1934 1657 1986 ὑπὸ
1700 1934 1794 1988 τοῦ
1828 1923 1870 1980 Β

1788 1934 1794 1983 ἱ
1828 1923 1870 1980 Β
1905 1942 2030 1989 tuo:
2065 1934 2264 1991 Occide
2307 1934 2451 1990 illam
2489 1952 2501 1986 :
2543 1935 2633 1991 ille
2656 1948 2840 1993 autem
2895 1954 3099 2008 parens
3132 1948 3227 1993 tuo
3270 1938 3470 2010 jussui,

214 2024 410 2096 θηρίου
438 2026 531 2079 καὶ
564 2025 815 2095 ἀναλωθῇ
838 2042 850 2054 ’
887 2025 963 2095 μή
1018 2041 1069 2079 τι
1104 2025 1275 2096 ἀνέχῃ
1322 2022 1402 2076 ἔτι
1450 2026 1515 2077 ἐκ
1540 2024 1799 2098 δευτέρου

214 2118 364 2188 ἄλλῳ
414 2118 587 2188 δούλῳ
644 2136 739 2171 σου
794 2119 853 2171 τὸ
884 2116 1097 2171 τοιοῦτο
1123 2116 1430 2188 προστάξαι
1465 2118 1758 2189 ἀγώνισμα
1783 2165 1796 2188 ,

214 2210 250 2277 ἢ
277 2210 621 2279 καταγνῶναι
674 2209 777 2278 τῆς
838 2210 1047 2264 ἐκείνου
1096 2209 1291 2280 ἥττης,
1332 2208 1532 2277 μᾶλλον
1560 2210 1615 2263 δὲ
1650 2213 1800 2265 ἀπω-

214 2303 363 2367 λείας
391 2322 407 2370 ;
438 2303 531 2357 καὶ
561 2303 659 2373 οὐχ
687 2304 774 2357 ἵνα
809 2303 885 2374 μὴ
918 2305 1093 2375 φανῇς
1127 2303 1365 2361 ἀδύνατα
1414 2304 1795 2373 προστάσσων,

218 2399 464 2468 παρορᾷς
495 2397 588 2451 καὶ
618 2399 745 2459 τοὺς
784 2400 1046 2461 συνόντας
1074 2414 1157 2452 σοι
1220 2400 1569 2471 συμμάχους,
1613 2400 1674 2453 οὑ
1705 2398 1800 2452 κέ-

218 2508 422 2561 χρησαι
454 2491 511 2544 δὲ
542 2489 666 2543 οὔτε
696 2491 848 2559 ἵππῳ
886 2491 1010 2543 οὕτε
1070 2493 1259 2555 ὅπλοις
1289 2494 1453 2558 τισὶν,
1479 2542 1483 2546 ,
1510 2495 1650 2563 ἔχων
1700 2493 1799 2543 καὶ

217 2586 516 2654 δυνάμενος
536 2583 735 2647 πάντα,
756 2584 894 2637 ἀλλὰ
918 2584 1005 2637 διὰ
1035 2586 1161 2648 τοὺς
1179 2585 1399 2649 λοιπούς
1429 2602 1521 2638 σου
1552 2584 1743 2638 δούλου
1756 2602 1797 2649 ς’,

218 2678 527 2750 ἔμπροσθεν
560 2676 739 2731 αὐτῶν
776 2677 890 2738 ίσος
932 2675 1010 2747 τῷ
1052 2677 1365 2744 έπιταγέντι
1394 2676 1559 2731 πάλαι
1592 2678 1686 2730 καὶ
1713 2680 1801 2748 ἡτ-

216 2772 439 2839 τηθέντι
472 2771 644 2840 δούλῳ
668 2772 981 2839 γενόμενος,
1008 2770 1084 2832 ώς
1118 2771 1329 2832 ἐκεῖνος
1385 2769 1592 2839 γυμνὸς
1642 2769 1799 2831 me;

216 2864 439 2916 οίασοῦν
499 2861 776 2930 βοηθείας,
832 2861 1115 2932 προσέρχῃ
1144 2860 1221 2929 τῷ
1274 2859 1446 2930 θηρίῳ
1473 2859 1671 2929 τούτῳ,
1703 2860 1798 2913 καὶ

219 2957 466 3020 πατάξας
493 2956 645 3015 αὐτὸ,
674 2954 736 3007 τὸ
762 2952 1065 3021 τηνικαῦτα
1095 2953 1191 3023 τῆς
1250 2952 1351 3021 μὲν
1380 2951 1473 3003 τοῦ
1499 2951 1801 3004 ἀναλωθέν·

216 3067 310 3114 τος
338 3050 552 3102 οἰκέτου
584 3047 965 3117 ταλαιπωρίας
1023 3048 1115 3099 ἐπὶ
1170 3046 1390 3100 πάντων
1440 3047 1796 3118 καταγνώσῃ,

217 3141 451 3206 διδάξεις
475 3142 531 3193 δὲ
553 3143 677 3201 τοὺς
714 3139 933 3201 λοιποὺς
964 3140 1136 3207 ὁμοίῳ
1169 3140 1451 3208 ὁρμήματι
1483 3139 1577 3190 καὶ
1604 3142 1797 3207 ἐμπει-

220 3231 317 3302 ρίειι⁵
348 3230 668 3300 κεχρῆσθαι,
696 3231 893 3291 ὁσάκις
923 3227 1023 3281 ἐὰν
1050 3230 1186 3299 τύχῃ
1210 3228 1288 3298 τῷ
1317 3226 1545 3299 τοιούτῳ
1571 3230 1797 3299 προσιέ-

217 3342 307 3376 ναι
334 3324 730 3392 συναντήματι,
766 3323 860 3374 καὶ
895 3323 1215 3391 ἀπειλήσεις
1245 3322 1391 3383 τὸτε,
1433 3323 1483 3373 εἰ
1543 3322 1616 3391 μὴ
1670 3322 1796 3381 ίσως

216 3421 284 3486 τῇ
329 3417 708 3486 ὑποδειχθείσῃ
756 3416 941 3477 αὐτοῖς
974 3415 1133 3484 νήφει
1178 3414 1477 3483 χρήσονται
1510 3412 1797 3483 διηνεκῶς,

215 3516 313 3565 καὶ
339 3512 672 3579 φυλάξουσιν
698 3512 925 3575 ἑαυτοὺς
955 3513 1050 3564 καὶ
1072 3510 1143 3563 τά
1165 3509 1401 3564 ἑαυτῶν.
1428 3509 1489 3563 EI
1510 3509 1565 3562 δὲ
1597 3508 1801 3579 ἀμελή-

218 3621 396 3664 σ-ιαν,
451 3602 769 3670 ἀπειλήσεις
831 3602 925 3656 καὶ
974 3601 1109 3672 πρὸς
1163 3602 1546 3669 ἀναπολόγητα
1600 3601 1799 3663 αὐτοὺς

214 3695 462 3758 ἔσεσθαι,
505 3692 598 3745 καὶ
632 3693 738 3745 ὑπὸ
795 3691 1065 3761 τιμωρίαν
1130 3691 1373 3760 μεγάλην
1424 3692 1796 3761 ἀχθήσεσθαι·

214 3788 342 3845 τοὺς
371 3787 426 3840 δὲ
456 3785 877 3856 ἁνδριζομὲνους
914 3787 1011 3837 καὶ
1046 3786 1424 3853 μιμουμένους
1452 3785 1551 3853 τὴν
1581 3784 1679 3853 σὴν
1703 3783 1796 3836 τοῦ

214 3881 484 3934 δεσπότου
518 3880 929 3947 ὑποδειχθείσαν
985 3878 1168 3939 αὐτοῖς
1224 3865 1425 3945 ἀρετὴν
1478 3876 1585 3929 ὑπὸ
1619 3888 1788 3947 τιμην

218 3973 420 4041 πολλὴν
448 3974 540 4023 καὶ
571 3970 901 4041 δορυφορίαν
932 3968 1175 4030 ἔεσθαι,
1224 3967 1297 4031 ὡς
1339 3967 1519 4022 καλῶν
1553 3969 1798 4036 φύλακας

214 4070 312 4119 ναὶ
336 4066 617 4132 γενναίους
654 4064 1018 4135 στρατιώτας.

294 4158 422 4214 κζ’.
454 4156 644 4220 Οὕτως
678 4156 773 4211 οὖν
794 4159 888 4211 καὶ
912 4162 939 4211 ὁ
970 4157 1251 4226 Δεσπότης
1280 4157 1438 4227 ἡμῶν
1474 4157 1734 4228 Χριστὸς,
1772 4162 1800 4212 ὀ

215 4254 411 4322 Σωτὴρ
450 4254 688 4314 πάντων,
750 4250 859 4302 τῶν
916 4250 1079 4303 αὑτοῦ
1113 4249 1313 4303 δούλων
1358 4252 1415 4303 έν
1438 4253 1503 4319 τῇ
1532 4251 1673 4304 κατά
1707 4251 1796 4304 τοῦ

213 4345 432 4398 Σιτανᾶ
455 4342 643 4395 τούτου
670 4343 814 4411 πάλῃ
846 4342 939 4395 τοῦ
974 4342 1102 4411 παρ’
1130 4341 1285 4411 ὑμῶν
1313 4343 1605 4412 σεϐομένου
1628 4346 1798 4416 ἡττη-

216 4436 423 4485 θέντων
446 4434 540 4485 καὶ
570 4432 962 4501 συντριϐέντων
999 4432 1092 4485 ὑπ’
1132 4430 1335 4491 αὑτοῦ.
1377 4432 1540 4494 αὐτὸς
1574 4434 1798 4503 ἀρρήτῳ

215 4527 326 4578 τινὶ
368 4525 459 4577 καὶ
513 4526 747 4593 μυστικῇ
793 4523 1082 4592 οἰκονομίᾳ
1146 4523 1413 4577 ἐκένωσεν
1445 4524 1639 4577 έαυτὶν
1668 4541 1800 4594 μορ-

1901 2037 1955 2083 et
1994 2028 2113 2084 sine
2164 2036 2282 2084 arte
2340 2028 2628 2095 accedens,
2660 2028 2856 2085 fuisset
2903 2046 2934 2085 a
2982 2030 3098 2086 l‘era
3145 2030 3394 2102 dejectus
3419 2039 3474 2086 et

1903 2135 2282 2194 consumptus,
2333 2126 2708 2181 sustineresne
2742 2125 2943 2180 iterum
2976 2126 3133 2181 alteri
3169 2142 3331 2182 servo
3369 2126 3476 2181 tale

1902 2226 2179 2271 certamen
2230 2218 2529 2287 imperare,
2580 2228 2675 2273 aut
2717 2219 2867 2273 illum
2897 2218 3177 2283 damnare,
3210 2220 3356 2289 quod
3396 2220 3469 2273 vi-

1902 2317 2024 2363 ctus
2057 2308 2341 2377 periisset?
2402 2309 2779 2381 Nequaquam.
2839 2309 2944 2365 Sed
2992 2328 3061 2367 ne
3108 2310 3346 2367 videaris
3392 2315 3478 2368 eis

1902 2401 2220 2470 imperasse,
2268 2417 2389 2471 qua
2438 2402 2554 2458 ﬁeri
2608 2419 2717 2458 non
2751 2413 3072 2473 potuerunt,
3129 2421 3227 2461 eos
3259 2408 3351 2476 qui
3385 2417 3470 2463 te-

1901 2507 2025 2545 cum
2056 2503 2206 2557 sunt,
2242 2508 2401 2563 Opem
2456 2494 2553 2549 tibi
2588 2495 2772 2562 laturi,
2819 2495 3057 2565 despicis
3090 2515 3103 2551 :
3153 2512 3260 2552 non
3296 2501 3473 2554 uteris

1902 2592 2083 2639 autem
2120 2599 2219 2639 nec
2246 2599 2410 2653 equo,
2440 2600 2541 2640 nec
2571 2586 2847 2656 aliquibus
2898 2589 3088 2656 armis,
3123 2605 3247 2645 cum
3284 2599 3340 2645 et
3369 2591 3473 2646 ha-

1902 2674 2033 2730 beas
2080 2684 2136 2730 et
2180 2673 2359 2744 possis
2407 2673 2614 2740 omnia,
2664 2677 2758 2730 sed
2818 2685 3041 2745 propter
3086 2687 3316 2735 exteros
3349 2690 3473 2737 tuos

1902 2782 2111 2831 servos,
2136 2765 2366 2821 effectus
2407 2764 2602 2821 Similis
2645 2781 2827 2832 servo,
2860 2768 2949 2822 cui
2977 2769 3244 2838 jusseras,
3289 2779 3344 2825 et
3373 2770 3468 2841 qui

1901 2860 2080 2913 victus
2115 2859 2312 2924 fuerat,
2340 2860 2480 2915 sicut
2514 2859 2625 2925 ille,
2674 2861 2857 2917 nudus
2881 2870 2937 2917 et
2968 2863 3114 2917 omni
3147 2863 3353 2918 auxilio
3378 2864 3476 2920 de.

1902 2951 2099 3016 l'ectus,
2133 2951 2202 3006 sd
2242 2950 2387 3005 hanc
2425 2950 2656 3007 bestiam
2698 2952 2956 3009 accedis:
2994 2962 3052 3009 et
3085 2970 3149 3010 ea
3190 2970 3472 3024 percussa,

1902 3052 2033 3096 tunc
2068 3042 2253 3096 famuli
2286 3042 2528 3111 quidem,
2560 3043 2654 3112 qui
2689 3044 2793 3098 fuit
2819 3057 3201 3117 consumptus,
3249 3048 3476 3104 damna-

1903 3135 1983 3189 bis
2033 3134 2472 3190 imbecillitatem
2505 3150 2689 3190 coram
2728 3137 3025 3193 omnibus:
3078 3139 3302 3196 docebis
3341 3158 3475 3197 vero

1902 3232 2152 3285 caeteros,
2188 3233 2245 3277 ut
2284 3223 2448 3278 simili
2482 3225 2666 3280 animo
2700 3226 2965 3283 accedant
3005 3240 3061 3285 et
3109 3235 3473 3300 experientia,

1902 3313 2120 3379 quoties
2154 3314 2257 3367 tale
2289 3314 2421 3382 quid
2471 3318 2821 3371 occurrerit:
2877 3330 2935 3375 et
2979 3329 3109 3377 tunc
3152 3324 3470 3392 minaberis,

1904 3404 1947 3457 si
2000 3419 2108 3457 non
2150 3407 2403 3459 similiter
2446 3407 2528 3461 eis
2579 3418 2800 3464 ostensa
2866 3413 3087 3470 assidue
3137 3416 3222 3470 usi
3266 3416 3474 3473 fuerint

1902 3497 2156 3561 victoria,
2193 3506 2249 3553 et
2278 3514 2336 3553 se
2369 3509 2423 3553 et
2458 3516 2554 3555 sua
2587 3502 2971 3561 custodierint.
3007 3505 3103 3561 Sin
3136 3509 3341 3574 minus,
3376 3493 3471 3567 eos

1901 3588 2117 3644 futuros
2156 3591 2577 3659 inexcusabiles,
2618 3605 2675 3650 et
2708 3610 2829 3651 esse
2869 3597 2938 3652 ad
2976 3615 3233 3668 magnum
3260 3603 3466 3662 ducen-

1900 3677 2000 3733 dos
2020 3681 2346 3751 supplicium
2379 3701 2392 3736 :
2427 3700 2526 3740 eos
2555 3696 2761 3754 autem,
2804 3690 2899 3760 qui
2940 3705 2998 3746 se
3047 3692 3263 3749 fortiter
3287 3711 3472 3766 gesse-

1902 3774 2053 3835 rint.
2090 3784 2146 3829 et
2200 3776 2395 3833 imitati
2446 3778 2654 3836 iuerint
2720 3784 2981 3841 virtutem
3030 3787 3110 3841 eis
3163 3804 3192 3843 a
3249 3789 3477 3845 domino

1901 3874 2199 3932 ostensam,
2224 3878 2279 3922 et
2308 3869 2574 3926 honorem
2606 3882 2661 3926 et
2707 3873 3018 3931 libertatem
3053 3894 3173 3933 esse
3208 3894 3473 3936 consecu-

1901 3966 2075 4020 turos,
2122 3969 2180 4014 ut
2209 3960 2478 4017 bonorum
2506 3965 2782 4030 custodes,
2811 3978 2866 4021 et
2894 3971 3183 4037 praeclaros
3250 3974 3469 4030 milites.

1973 4147 2188 4205 XXVII.
2233 4149 2322 4206 Sic
2353 4166 2486 4222 ergo
2517 4152 2784 4208 Dominus
2820 4170 3038 4225 quoque
3078 4166 3266 4213 noster
3302 4159 3469 4222 Deus,

1903 4241 2162 4297 Servator
2216 4245 2486 4309 omnium,
2546 4261 2672 4300 cum
2721 4249 2807 4301 sui
2854 4249 3002 4301 servi
3054 4251 3109 4303 in
3168 4252 3470 4308 certamine

1902 4345 2158 4404 suscepto
2192 4336 2456 4393 adversus
2508 4338 2831 4406 daemonem,
2905 4342 2999 4410 qui
3046 4358 3195 4397 nunc
3242 4360 3272 4399 a
3314 4346 3473 4401 vobis

1900 4427 2117 4492 colitur,
2150 4431 2219 4484 ab
2255 4430 2373 4499 ipso
2420 4432 2548 4486 victi
2578 4440 2762 4486 essent
2792 4441 2847 4486 et
2888 4436 3136 4498 contriti,
3174 4438 3290 4506 ipse
3324 4439 3464 4494 inef-

1900 4519 2053 4574 fabili
2082 4521 2320 4591 quodam
2354 4523 2585 4579 consilio
2609 4525 2847 4595 seipsum
2882 4529 3205 4592 exinanivit,
3235 4530 3470 4587 descen-

220 4621 331 4690 φῆν
365 4618 551 4669 δούλου
585 4614 763 4668 λαϐὼν
792 4616 851 4667 ὲν
887 4615 1147 4685 Παρθένῳ
1175 4616 1309 4685 ἁγίᾳ
1354 4618 1445 4669 καὶ
1479 4618 1674 4687 σεμνῇ,
1706 4617 1797 4669 καὶ
1830 4617 1874 4675 D
1901 4650 1902 4655 η

1788 4615 2037 4675 ιυόεηε
2071 4617 2138 4670 ad
2198 4626 2443 4671 sanetam
2502 4625 2559 4672 et
2621 4619 2991 4675 venerandam
3055 4621 3357 4691 Virginem,
3413 4636 3470 4682 et

216 4717 281 4767 ὲν
306 4715 476 4766 πᾶσιν
505 4708 841 4781 ὁμοιοπαθὴς
879 4711 1013 4779 ἡμῖν
1057 4709 1351 4777 γενόμενος
1404 4708 1571 4779 χωρὶς
1626 4708 1799 4777 ἀμαρο

216 4805 475 4867 τίας,κα³.
514 4804 572 4855 έν
602 4802 678 4869 τῷ
711 4800 923 4870 θεάτρῳ
976 4800 1070 4853 τοῦ
1104 4799 1220 4869 βίου
1266 4797 1459 4852 τούτου
1520 4797 1796 4870 προελθὼν

218 4897 378 4949 ἔλαθε
398 4897 489 4948 τὸν
515 4894 775 4962 τύραννον
802 4894 859 4945 ἐν
882 4896 946 4963 τῇ
974 4893 1203 4963 ἑκουσίῳ
1222 4889 1387 4946 αὑτοῦ
1410 4892 1505 4946 καὶ
1537 4890 1797 4961 πανσὸφῳ

219 4990 319 5041 καὶ
378 4984 632 5055 σωτηρίῳ
684 4984 817 5053 ἡμῖν
872 4982 1223 5048 ταπεινώσει,
1256 4983 1347 5035 καὶ
1398 4980 1489 5034 τὸν
1520 4981 1800 5052 ἀλιτήριον

219 5078 416 5133 τοῦτον
453 5076 682 5145 δαίμονα
716 5076 808 5127 τὸν
842 5074 971 5143 παρ’
1002 5072 1177 5144 ὑμῶν,
1201 5075 1275 5137 ὼς
1323 5074 1667 5145 προείρηται,
1703 5072 1800 5126 νῦν

222 5171 521 5240 σεϐόμενον
578 5167 1001 5237 καταδραμόντα
1062 5167 1308 5236 συνήθως
1339 5184 1439 5220 κατ
1485 5167 1676 5225 θαύτοῦ
1726 5170 1800 5233 ώς

221 5264 369 5317 κατὰ
396 5262 688 5330 ἀνθρώπου
717 5258 896 5326 ψιλοῦ.
931 5258 1287 5329 ἑλειρώσατσ,
1308 5259 1401 5311 καὶ
1422 5258 1588 5312 ὤλεσε
1620 5260 1801 5314 πᾶσαν

222 5356 396 5411 αὑτοῦ
424 5354 520 5425 τὴν
546 5352 778 5421 δύναμιν
807 5352 895 5406 διά
927 5353 1022 5405 τοῦ
1050 5352 1234 5421 τιμίου
1282 5351 1449 5406 αὑτοῦ
1481 5354 1574 5406 καὶ
1625 5369 1803 5425 σωτη-

222 5449 345 5501 οίιιυ
368 5446 573 5508 πάθους
605 5445 696 5498 τοῦ
732 5447 790 5497 tv
822 5444 901 5513 τῴ
930 5446 1169 5515 σταυρῷ,
1192 5445 1487 5507 παιδεύσας
1513 5445 1604 5498 καὶ
1627 5446 1799 5517 ἡμᾶς,

222 5541 515 5610 θεωρητὰς
536 5541 865 5608 γενομένους
904 5542 1002 5608 τῆς
1049 5542 1202 5612 νίκης
1264 5542 1451 5609 αὐτοῦ,
1495 5544 1551 5595 ὲν
1585 5544 1683 5612 ἴσῳ
1725 5544 1800 5612 τῷ

224 5631 585 5704 ὑπογραμμῷ
612 5633 1037 5704 ἀντιμάχεσθαι,
1071 5636 1165 5689 καὶ
1199 5635 1298 5705 τὴν
1353 5635 1582 5705 δύναμιν
1631 5635 1797 5691 αὐτοῦ

223 5724 618 5778 καταϐάλλειν,
650 5724 822 5786 Αὑτδς
840 5720 934 5777 οὖν
956 5725 1024 5777 τά
1052 5726 1299 5794 ἡμέτερα
1323 5727 1604 5791 ἀνεδέξατο
1629 5727 1794 5795 πάθη,

223 5814 327 5868 καὶ
359 5814 459 5883 τὴν
488 5814 681 5870 ἑαυτοῦ
711 5816 980 5868 ἀπάθειαν
1007 5816 1321 5886 έδωρῆσατο
1348 5820 1475 5886 ἡμῖν
1498 5834 1511 5847 ·
1565 5822 1657 5871 καὶ
1687 5824 1798 5880 τοῖς

225 5910 286 5960 εν
318 5909 380 5978 τῇ
407 5909 475 5979 γῇ
507 5910 599 5962 καὶ
623 5909 808 5972 τοῖςίν
845 5908 920 5980 τῷ
948 5907 1047 5980 ᾅδῃ
1080 5908 1175 5978 τὴν
1224 5910 1515 5966 ἀνάστασιν
1572 5912 1796 5979 χαρισὰ-

1903 4714 2043 4767 servi
2088 4712 2318 4767 formam
2365 4715 2663 4784 accipiens,
2717 4724 2773 4769 et
2809 4720 2864 4769 in
2920 4716 3179 4773 omnibus
3232 4718 3468 4775 eﬂectus

1904 4805 2118 4871 iisdem,
2158 4806 2360 4874 quibus
2412 4822 2515 4863 nos
2551 4807 2795 4872 obnoxii,
2848 4807 3235 4867 aﬂectienibus
3272 4823 3470 4883 praeter

1902 4906 2184 4966 peccatum
2222 4916 2237 4953 :
2284 4908 2338 4953 et
2387 4914 2708 4970 progressus
2755 4899 2815 4954 in
2871 4900 2977 4956 hoc
3011 4902 3135 4957 vita
3164 4904 3463 4971 theatrum,

1903 4989 2210 5043 voluntaria
2255 5004 2351 5045 sua
2391 5000 2447 5046 et
2472 4990 2634 5060 longe
2682 4991 3088 5060 sapientissima
3137 5004 3191 5049 et
3237 4996 3466 5051 salutari

1906 5080 2214 5135 humilitate
2272 5084 2430 5137 latuit
2492 5083 2817 5138 sceleratum
2876 5085 3054 5154 ipsum
3112 5087 3415 5142 (temonem
3451 5130 3465 5154 ,

1903 5172 2055 5242 quia
2101 5173 2275 5238 vobis,
2333 5182 2391 5227 ut
2436 5172 2647 5229 dictum
2690 5185 2795 5239 est,
2844 5177 3065 5241 colitur,
3121 5185 3177 5232 ct
3216 5194 3365 5244 eum,
3413 5188 3472 5233 ut

1904 5276 2283 5326 consueverat.
2318 5276 2577 5334 tanquam
2610 5266 2817 5335 nudum
2864 5282 2929 5322 ac
2973 5268 3148 5323 solum
3185 5270 3467 5325 hominem

1906 5354 2270 5420 invadentem,
2304 5355 2455 5420 vicit,
2482 5365 2537 5410 et
2580 5356 2698 5426 ejus
2737 5364 2907 5411 totam
2935 5357 3241 5430 proﬂigavit
3272 5370 3468 5429 poten-

1905 5448 2035 5502 tiam
2066 5465 2161 5519 per
2204 5463 2354 5502 suam
2402 5449 2697 5518 pretiosam
2734 5458 2790 5504 et
2816 5449 2973 5504 nobis
3020 5451 3316 5505 salutarem
3348 5468 3470 5521 pas-

1904 5541 2137 5604 sionem,
2189 5556 2352 5610 quam
2389 5543 2440 5595 in
2473 5556 2637 5596 cruce
2685 5542 2877 5604 subiit,
2934 5542 3143 5599 docens
3193 5560 3312 5609 nos,
3371 5547 3463 5615 qui

1904 5634 2107 5689 fuimus
2134 5635 2252 5703 ejus
2287 5635 2530 5689 victoria
2578 5643 2939 5704 spectatores,
2976 5637 3170 5690 eodem
3218 5639 3469 5706 exemplo

1904 5738 2091 5782 contra
2113 5741 2238 5781 eum
2273 5743 2532 5796 pugnare,
2559 5729 2750 5797 etejus
2793 5732 3090 5796 potentiam
3134 5728 3374 5799 dejicere
3406 5745 3469 5783 ae

1905 5832 2277 5887 prosternere.
2312 5819 2429 5887 Ipse
2458 5834 2590 5888 ergo
2626 5828 2840 5874 nostras
2872 5822 3083 5889 accepit
3120 5819 3465 5883 aﬂectiones,

1904 5921 1957 5967 ct
1986 5926 2137 5967 suam
2191 5910 2348 5966 nobis
2388 5910 2539 5965 dedit
2580 5910 3066 5975 impatibililatcm.
3118 5926 3241 5967 cum
3289 5923 3466 5967 tamen
