4260 6430
238 397 341 465 501
1023 399 1497 462 MARTYRIUM
1539 400 1598 462 S.
1645 400 2068 467 EUSTRA'I‘II
2110 405 2205 468 ET
2240 402 2652 463 SOCIORUM.
3385 404 3488 471 502

242 514 477 586 πιδείξῃ.
521 511 579 567 '0
601 512 659 566 δέ
682 511 838 582 ἀγιος
878 514 1138 585 Ὀρέστης
1157 516 1525 585 ἀπαγόμενος,
1549 515 1814 568 ὲδειλίασε
1842 519 1889 575 Α
1916 536 1924 571 ε

1807 532 1814 565 ι
1842 519 1889 575 Δ
1916 518 2317 584 adduceretur,
2354 514 2539 571 timuit
2569 531 2585 570 :
2622 524 2677 568 et
2715 521 2968 569 sanctum
3000 513 3227 570 intuens
3256 513 3489 573 Eustra-

236 606 334 657 καὶ
365 605 759 675 προσεσχηκὼς
780 603 859 675 τῷ
886 605 1031 675 ἁγίῳ
1064 606 1383 676 Εὑστρατίῳ
1408 602 1561 659 εἶπεν
1596 621 1610 637 ⁸
1645 601 1814 667 Εὗξαι

1807 625 1814 658 ι
1927 612 2088 677 tium,
2116 611 2255 667 dTIit
2286 627 2301 663 :
2337 609 2444 665 Ora
2475 622 2572 678 pro
2606 622 2723 671 me;
2763 606 2977 663 laborat
3002 606 3152 662 enim
3180 608 3313 663 mihi
3335 611 3489 680 cogi-

243 697 390 766 ὑπέρ
422 695 581 765 ἐμοῦ,
615 698 700 751 ὅτι
732 698 933 767 κάμνει
967 715 1071 768 μου
1112 701 1139 752 6
1169 698 1449 768 λογισμός.
1508 697 1568 750 '0
1594 697 1653 751 δὲ
1680 697 1820 750 ἀποε-
1854 756 1859 759 7
1924 718 1925 747 ξ

1806 726 1859 759 -ν
1924 704 2075 759 talio.
2124 703 2360 759 Sanctus
2402 708 2585 754 autem
2631 698 2920 767 respondit
2949 699 3263 755 Eustratius
3302 718 3315 753 :
3363 700 3488 755 Noli

246 789 460 853 κριθεὶς
498 785 653 843 εἷπεν
682 790 833 861 αὑτῷ
860 805 877 822 ο
905 791 998 862 Μὴ
1026 791 1303 860 ὀλιγώρει,
1338 789 1532 858 ἀδελφὲ
1566 789 1816 858 Ὀρέστα·

245 880 281 949 ἠ
313 878 410 932 θέα
448 878 557 951 γὰρ
580 882 742 952 μόνον
772 882 887 953 ἔχει
916 882 1006 937 τὸν
1037 882 1204 953 φόϐον
1233 899 1247 914 ο
1280 880 1534 951 αἴσθησις
1562 881 1620 935 δὲ
1649 881 1709 934 οὐ
1740 885 1816 951 μή

249 985 332 1020 σοι
374 968 622 1039 γένηται,
665 970 761 1024 ἐὰν
812 971 1034 1042 θαρρῶν
1090 970 1396 1043 προσέλθῃς
1431 985 1444 999 °
1488 970 1820 1039 παρίσταται

245 1062 359 1129 γάρ
412 1063 546 1130 ἡμῖν
583 1063 612 1115 6
657 1062 791 1126 Θεὸς
844 1063 1056 1134 βοηθῶν
1104 1067 1199 1117 καὶ
1260 1063 1818 1133 ἀντιλαμϐανόμενος.

244 1152 509 1219 Μέμνησο
534 1153 633 1223 τῆς
657 1155 1045 1225 γενναιότητος
1090 1155 1186 1208 τοῦ
1208 1155 1364 1224 ἀγίου
1400 1156 1692 1216 Δὺεεντίου
1730 1157 1823 1211 καὶ

239 1242 350 1297 τῶν
394 1243 597 1298 λοιπῶν
655 1246 849 1315 ἀγίων,
904 1248 997 1303 καὶ
1052 1247 1128 1318 μὴ
1180 1249 1576 1317 χείρωντινδς
1618 1252 1819 1318 φανῇς’

247 1338 447 1403 μικρὸν
476 1337 606 1405 γὰρ,
636 1338 831 1407 μικρὸν
860 1340 985 1392 ὅσον
1017 1339 1111 1393 καὶ
1143 1339 1383 1410 ἐκλείψει
1413 1340 1585 1393 ταῦτα
1620 1353 1634 1371 ⁸
1671 1342 1820 1410 μένει

248 1425 304 1477 δὲ
335 1428 470 1496 ἡμῖν
502 1430 560 1480 ἐν
589 1428 839 1498 οὐρανοῖς
888 1430 1161 1502 θησαυρὸς
1202 1432 1582 1502 ἀτελεύτητςς.
1636 1431 1821 1486 Ταῦτα

250 1518 496 1582 ἀκούσας
561 1521 590 1574 ό
664 1521 924 1593 Ὀρέστης
981 1523 1275 1596 ἐθάρσησε,
1334 1527 1426 1582 καὶ
1481 1526 1715 1597 ἀνδρείῳ
1748 1525 1825 1596 τῷ

250 1612 573 1681 φρονήματι
606 1614 926 1681 προσελθὼν
959 1616 1151 1685 ἥλατο,
1191 1617 1286 1670 καὶ
1327 1618 1458 1687 ἔστη
1500 1619 1684 1672 ἐπάνω
1732 1617 1827 1671 τοῦ

259 1706 775 1775 πεπυρακτωμένου
831 1708 1147 1778 κραῦὁάτου
1202 1712 1417 1764 ἐκείνου
1449 1752 1463 1777 ,
1515 1711 1612 1766 καὶ
1662 1729 1831 1765 κατα-

258 1796 574 1863 σφραγίσας
620 1798 837 1863 ἑαυτὸν,
874 1802 1190 1869 παραυτίκα
1229 1803 1562 1868 ἀνακλιθεὶς,
1598 1804 1825 1875 ήπλώθη

246 1883 356 1951 ὅλῳ
408 1883 489 1954 τῷ
536 1885 750 1956 σώματι
803 1889 896 1942 ἐπὶ
946 1890 1041 1943 τοῦ
1115 1892 1309 1960 πυρὸς,
1338 1892 1434 1946 καὶ
1453 1892 1598 1946 οὕτω
1622 1893 1829 1964 κράξας

257 1979 412 2046 φωνῇ
446 1979 681 2052 μεγάλῃ,
713 1981 907 2050 Κύριε,
970 1984 1050 2047 είς
1118 1987 1309 2056 χεῖρας
1342 2002 1437 2038 σου
1481 1986 1828 2057 παρατίθημι

249 2067 313 2119 τὶ
336 2069 556 2139 πνεῦμά
595 2090 720 2141 μου,
775 2075 1057 2144 παρέδωκε
1109 2077 1209 2147 τὴν
1239 2078 1438 2147 ψυχήν.
1477 2077 1830 2148 Ἐπεφάηησε

250 2160 308 2212 δὲ
336 2160 481 2231 αὺτῷ
512 2164 540 2216 ό
569 2162 724 2232 ἆγιος
777 2166 1111 2237 Εὐστράτιος
1160 2170 1220 2221 τὸ
1285 2169 1479 2240 Ἀμήν.
1554 2171 1665 2225 Καὶ
1696 2172 1831 2241 μετά

250 2252 431 2305 ταῦτα
464 2258 806 2325 προσέταξεν
834 2262 861 2312 6
902 2261 1131 2330 ἡγεμὼν
1162 2261 1251 2313 τὸν
1293 2263 1450 2329 ἀγιον
1497 2263 1832 2334 Εὑστράτιον

254 2349 340 2408 εἰς
387 2346 485 2417 τὴν
546 2350 793 2421 φρουρὰν
847 2353 1246 2423 εἰσενεχθῆναι.
1285 2354 1498 2424 Ἀχθεὶς
1525 2355 1581 2409 δὲ
1600 2358 1681 2419 είς
1732 2357 1832 2426 τὴν

257 2439 532 2511 φυλακὴν,
584 2444 678 2495 καὶ
706 2443 802 2506 τάς
848 2444 1105 2514 συνήθεις
1138 2445 1215 2515 τῷ
1242 2445 1361 2517 Θεῷ
1386 2446 1716 2515 ἀναπέμψας
1745 2448 1834 2500 εὐ·

262 2530 389 2597 χᾶς,
425 2532 650 2585 ἐκάλεσε
710 2536 801 2587 τὸν
850 2536 1081 2590 συνόντα
1108 2538 1258 2607 αὐτῷ
1296 2539 1534 2607 οἰκέτην,
1566 2538 1660 2592 καὶ
1689 2540 1835 2607 λέγει

252 2623 410 2691 αὖτῷ
444 2642 459 2659 ο
486 2625 643 2695 Φέρε.
705 2627 915 2696 τέκνον,
946 2628 1238 2699 διάθωμαι·
1304 2630 1511 2695 ἐλπίζω
1544 2632 1651 2702 γάρ
1683 2632 1835 2701 κάγὼ

256 2719 328 2786 τῇ
383 2715 571 2787 αὔριον
622 2723 966 2791 παραστῆναι
1021 2722 1099 2791 τῷ
1161 2725 1402 2795 Δεσπότῃ
1435 2742 1538 2794 μου
1593 2725 1833 2795 Χριστῷ.

343 2811 475 2865 KG'.
512 2813 851 2882 Ἐνεχθέντος
890 2815 946 2867 δὲ
978 2816 1126 2885 αὑτῷ
1156 2816 1378 2886 χάρτου,
1406 2819 1611 2873 διέθετο
1660 2820 1838 2889 σημά-

252 2922 355 2965 νας
387 2906 443 2955 ἐν
493 2905 659 2974 αὐτῷ,
716 2906 858 2959 ὥστε
914 2910 973 2960 τὸ
1015 2908 1170 2975 ἅγιον
1238 2908 1403 2962 αὑτοῦ
1456 2910 1705 2979 λείψανον
1758 2914 1835 2973 είς

254 2997 359 3063 τὴν
416 2997 840 3067 ’Δραυρακηνῶν
920 2999 1364 3067 ἀποκομισθῆναι
1440 3001 1701 3070 πολίχνην
1744 3004 1837 3053 καὶ

260 3087 636 3153 κατατεθῆναι
682 3088 820 3142 ἐκεί.
883 3088 1087 3158 Μηδενὶ
1126 3088 1183 3141 δὲ
1239 3090 1439 3151 ἐξεῖναι
1504 3092 1564 3143 τὸ
1619 3091 1838 3143 σύνιλον

1923 796 2169 848 animum
2217 791 2580 862 despondere,
2635 787 2807 843 frater
2862 787 3073 844 Oresta.
3128 788 3291 845 Solus
3341 790 3489 846 enim

1924 895 2175 955 aspectus
2199 886 2359 941 aﬂert
2390 886 2643 941 timorem
2673 891 2728 937 et
2755 880 3061 936 cruciatum
3088 899 3103 946 ;
3138 883 3323 937 nullus
3356 896 3493 937 vero

1923 982 2042 1050 ejus
2069 979 2167 1033 tibi
2191 979 2368 1033 aderit
2395 992 2611 1041 sensus,
2647 975 2692 1029 si
2722 974 2981 1029 audacter
3006 984 3060 1029 et
3084 974 3273 1029 ﬁdenti
3308 974 3492 1029 animo

1925 1072 2243 1127 accesseris.
2274 1070 2394 1138 Ipse
2418 1070 2566 1125 enim
2595 1069 2858 1122 Dominus
2886 1066 3042 1122 adest
3067 1067 3224 1121 nobis
3245 1068 3486 1136 adiutor.

1924 1173 1981 1219 et
2040 1177 2142 1217 nos
2184 1161 2455 1217 defendit.
2521 1161 2794 1215 Memento
2876 1160 3261 1228 generositatis
3314 1160 3491 1213 sancti

1925 1254 2204 1319 Auxentii,
2257 1264 2315 1309 et
2371 1254 2706 1323 reliquorum
2762 1260 3113 1315 sanctorum;
3177 1266 3357 1319 neque
3428 1252 3495 1305 iis

1928 1346 2169 1401 videaris
2190 1346 2453 1409 deterior,
2485 1345 2602 1400 haec
2636 1344 2783 1400 enim
2816 1358 2939 1399 mox
2965 1342 3227 1397 deﬁciunt
3262 1361 3273 1396 :
3314 1351 3497 1406 manet

1928 1448 2111 1494 autem
2142 1454 2240 1493 nos
2264 1439 2576 1502 thesaurus,
2613 1438 2708 1505 qui
2733 1453 2844 1492 non
2876 1447 3054 1507 potest
3106 1436 3333 1489 auferri.
3373 1433 3499 1489 Haec

1928 1546 2057 1587 cum
2105 1541 2330 1585 sanctus
2374 1529 2675 1584 audivisset
2716 1529 2961 1592 Orestes,
3018 1527 3240 1582 audenti
3279 1535 3336 1581 et
3364 1525 3495 1582 forti

1928 1623 2112 1678 animo
2141 1623 2370 1687 insiluit,
2418 1632 2474 1677 et
2524 1620 2679 1677 stetit
2717 1636 2883 1689 supra
2925 1619 3156 1691 ignitum
3188 1619 3496 1686 grabatum,

1929 1731 2053 1771 cum
2082 1732 2143 1771 se
2172 1717 2472 1787 signasset,
2510 1726 2568 1770 et
2592 1714 2775 1770 statim
2824 1712 3176 1774 accumbens,
3230 1720 3346 1765 toto
3374 1724 3500 1765 cor-

1933 1823 2067 1878 pore
2099 1822 2159 1863 se
2182 1807 2441 1877 expandit
2477 1823 2645 1877 supra
2674 1807 2892 1876 ignem;
2919 1813 2975 1858 et
3009 1819 3201 1873 magna
3236 1818 3369 1857 voce
3394 1802 3503 1856 cla-

1932 1917 2111 1967 mans,
2145 1900 2283 1956 dixit
2316 1918 2330 1955 :
2369 1899 2601 1955 Domine
2633 1899 2762 1955 Jesu
2797 1898 3037 1959 Christe.
3076 1898 3130 1950 in
3165 1912 3359 1951 manus
3384 1905 3502 1951 tuas

1931 1998 2258 2049 commendo
2302 1990 2554 2060 spiritum
2600 2005 2819 2052 meum,
2878 1997 2937 2044 et
2983 1989 3215 2042 Domino
3260 1997 3502 2042 sanctam

1932 2100 2088 2140 suam
2124 2083 2350 2139 tradidit
2379 2084 2639 2139 animam.
2687 2082 3022 2138 Acclamavit
3059 2092 3240 2135 autem
3279 2092 3503 2135 sanctus

1935 2171 2243 2228 Eustratius
2272 2191 2285 2226 :
2313 2174 2507 2237 Amen,
2541 2182 2597 2227 et
2619 2172 2802 2227 statim
2831 2172 2998 2241 jussit
3029 2172 3354 2239 Agricolaus
3378 2185 3505 2225 san-

1933 2273 2081 2319 ctum
2134 2266 2470 2321 Eustratium
2528 2265 2723 2320 abduci
2762 2266 2817 2319 in
2862 2264 3323 2328 custodiam.Qui
3374 2278 3502 2315 cum

1933 2364 2229 2410 consuetas
2260 2370 2451 2425 preces
2492 2356 2605 2410 Deo
2656 2354 2949 2418 emisisset,
2993 2364 3049 2406 et
3090 2353 3377 2413 famulum,
3407 2352 3503 2421 qui

1934 2455 2203 2501 eratcum
2225 2461 2314 2508 eo.
2350 2456 2618 2507 vocasset.
2678 2446 2812 2501 dicit
2852 2446 2947 2500 ei:
2987 2446 3129 2516 Age,
3186 2445 3283 2511 ﬁli,
3310 2445 3505 2500 faciam

1941 2547 2344 2594 testamentum.
2371 2538 2543 2608 Spero
2575 2538 2721 2592 enim
2753 2538 2890 2603 fore,
2925 2546 2985 2592 ut
3014 2553 3115 2609 ego
3136 2553 3356 2608 quoque
3381 2552 3507 2593 cras

1939 2631 2106 2685 sistar
2130 2640 2257 2686 ante
2287 2631 2578 2686 Dominum
2607 2645 2791 2685 meum
2813 2629 3112 2687 Christum.

2008 2810 2200 2866 XXIX.
2241 2808 2443 2865 Charta
2493 2820 2676 2863 autem
2725 2810 2775 2864 ei
2828 2809 3007 2876 allata,
3059 2810 3188 2865 fecit
3215 2819 3511 2866 testamen-

1940 2914 2077 2967 tum,
2117 2904 2171 2956 in
2205 2918 2273 2956 eo
2299 2900 2637 2971 significans,
2672 2917 2730 2956 se
2774 2902 2913 2957 'velle
2960 2913 3183 2957 sanctas
3212 2918 3342 2957 suas
3375 2904 3509 2957 reli-

1937 2998 2097 3067 quias
2118 2995 2303 3050 efferri
2337 2996 2390 3049 in
2420 2995 2743 3063 oppidulum
2782 2995 3265 3059 Arabraeinorum,
3308 3003 3365 3050 et
3400 2995 3511 3049 illic

1939 3086 2174 3157 deponi;
2229 3087 2435 3140 nemini
2492 3100 2622 3140 vero
2662 3086 2828 3141 licere
2867 3085 3091 3140 omnino
3127 3102 3220 3141 eas
3265 3096 3507 3157 tangere.

263 3178 535 3232 ἅπτεσθαι
598 3179 813 3245 τούτου,
863 3180 1000 3234 ἀλλά
1043 3180 1184 3234 σῶον
1218 3181 1348 3233 αὐτὸ
1380 3183 1745 3251 κατατεθῆναι
1780 3185 1835 3235 ἐν
1862 3200 1905 3255 c
1938 3198 1945 3232 ε

1827 3200 1905 3255 νο
1938 3181 2031 3234 sed
2060 3180 2239 3234 salvas
2273 3193 2394 3233 esse
2444 3176 2796 3247 deponendas
2853 3176 2908 3230 in
2960 3176 3103 3241 loco,
3148 3178 3242 3247 qui
3287 3185 3509 3231 vocatu:

256 3271 415 3337 τῦπῳ
463 3270 568 3322 τινὶ
604 3270 924 3340 καλουμένῳ
1001 3270 1392 3341 Ἀναλιόόζορα
1446 3273 1563 3340 ἅμα
1617 3276 1729 3335 τοῖς
1752 3290 1839 3326 τε·

260 3362 541 3415 λειωθεῖσι
598 3364 695 3415 σὺν
769 3362 921 3432 αὐτῷ
973 3362 1150 3430 ἁγίοις
1190 3362 1452 3432 Εὐγενίῳ,
1511 3365 1836 3435 Μαρδαρίῳ.

268 3450 501 3523 Ὀρέστῃ
524 3455 615 3505 καὶ
642 3453 933 3522 Αὒξεντίῳ.
954 3453 1171 3523 Ἐπειδὴ
1191 3454 1242 3505 οί
1266 3454 1412 3520 ἅγιοι
1443 3449 1589 3508 οὗτοι
1614 3456 1826 3525 καθώρ-

262 3560 455 3596 κωσαν
502 3546 596 3597 τὶν
644 3546 798 3612 ἅγιον
860 3546 1197 3615 Εὑστράτιον
1237 3547 1325 3598 ὅτε
1379 3547 1840 3616 κατεσχέσθίσαν,

264 3634 411 3686 ὥστε
466 3635 605 3703 μετά
637 3634 697 3687 τὸ
730 3635 1086 3705 τελειωθῆναι
1146 3636 1343 3698 αὐτοὺς
1387 3637 1521 3705 np);
1584 3638 1659 3704 τῷ
1702 3638 1844 3706 ἀγίῳ

262 3727 432 3780 αὐτοῦ
456 3727 694 3795 λειψάνῳ
744 3727 837 3779 καὶ
874 3727 942 3778 τὰ
978 3726 1183 3779 τούτων
1222 3727 1588 3796 κατατεθῆναι
1612 3728 1841 3797 λείψανα

263 3819 381 3873 σῶα
423 3822 516 3870 καί
541 3819 831 3887 ὁλόκληρα,
866 3818 961 3870 καὶ
986 3817 1047 3870 τὸ
1079 3820 1135 3871 ἐν
1173 3818 1536 3886 ’Δραυράκοις
1563 3818 1620 3871 δέ
1658 3820 1844 3888 κτῆμα

263 3927 345 3980 πρ
380 3909 602 3969 σέταξεν
632 3910 711 3970 είς
756 3908 1072 3977 ἀποτροφὴν
1109 3908 1217 3960 τῶν
1247 3909 1552 3978 μελλόντων
1590 3910 1845 3978 παραμέ-

265 4019 377 4054 νειν
398 4006 462 4070 τῇ
495 4002 771 4071 ὑπηρεσίᾳ
816 4000 911 4053 τ’ιῦ
966 4001 1273 4071 μαρτυρίου
1310 4001 1485 4053 αὐτῶν
1518 4017 1845 4069 προσκυρω-

268 4093 469 4159 θῆναι·
534 4093 633 4160 τὴν
663 4092 718 4143 δὲ
749 4091 945 4160 λοιπὴν
1006 4092 1187 4144 πᾶσαν
1228 4092 1457 4159 κινητὴν
1506 4090 1713 4156 οὐσίαν,
1750 4092 1848 4160 τὴν

272 4183 375 4251 μὲν
398 4179 652 4249 ὴμίςειαν
716 4180 911 4251 πένησι
991 4181 1410 4250 διανεμηθῆναι,
1458 4183 1553 4249 τὴν
1587 4183 1641 4234 δὲ
1681 4181 1849 4251 ἀλλην

277 4278 404 4337 ταῖς
436 4276 692 4339 ἀδελςαϊς
728 4272 895 4325 αὑτοῦ
927 4273 1368 4343 παρασχεθῆναι,
1393 4274 1520 4335 τοὺς
1544 4273 1601 4326 δέ
1628 4272 1850 4339 οίκὲτας

272 4367 587 4436 ἐλευθερίας
643 4366 849 4435 τυχεῖν,
901 4364 1165 4427 λασόντας
1220 4366 1315 4418 καὶ
1352 4366 1769 4431 λεγᾶτα.Τοῦτο
1792 4366 1850 4419 δὲ

274 4459 627 4519 διατυπώσας
660 4459 986 4525 ἐνήστευσεν
1043 4456 1171 4526 ὅλην
1216 4456 1315 4526 τὴν
1348 4457 1567 4525 ἡμέραν
1610 4457 1847 4527 ἐκείνην.

1939 3270 2320 3335 Analicozora,
2377 3270 2539 3323 simul
2593 3283 2720 3323 cum
2776 3267 3050 3322 Auxentio
3108 3276 3165 3322 et
3217 3266 3409 3322 Oreste
3456 3274 3514 3321 et

1939 3363 2209 3417 Mardario
2239 3373 2296 3418 et
2328 3361 2893 3430 Eugenio;quoniam
2940 3360 2995 3413 hi
3045 3360 3218 3415 sancti
3261 3369 3511 3414 sanctum

1942 3451 2285 3506 Eustratium
2341 3460 2690 3506 sacramento
2728 3451 3055 3521 adegerunt,
3103 3450 3371 3516 dicentes,
3429 3462 3510 3514 ut,

1944 3553 2230 3613 postquam
2281 3553 2427 3597 esset
2488 3553 2921 3608 consummatus,
2962 3557 3087 3597 eum
3150 3543 3355 3597 sanctis
3397 3544 3512 3597 suis

1944 3634 2214 3703 reliquiis,
2265 3650 2457 3689 eorum
2520 3649 2740 3704 quoque
2786 3633 3205 3703 deponerentur
3275 3634 3516 3703 reliquiae

1945 3726 2108 3781 salva:
2161 3734 2217 3780 et
2263 3726 2512 3795 integra.
2567 3725 2712 3790 Quas
2736 3737 2918 3780 autem
2948 3725 3243 3780 Arabracis
3273 3725 3514 3779 habebat

1944 3819 2250 3883 facultates,
2301 3819 2599 3887 assignavit
2644 3819 2710 3870 ad
2765 3832 2861 3872 eos
2907 3817 3155 3881 alendos,
3205 3819 3300 3887 qui
3354 3826 3516 3873 erant

1947 3912 2295 3981 permansuri
2342 3912 2397 3964 in
2457 3909 2765 3965 ministerio
2813 3911 3060 3981 martyrii
3113 3925 3335 3975 eorum;
3382 3910 3515 3963 relio

1947 4021 2181 4075 quorum
2202 4019 2331 4058 vero
2355 4004 2601 4056 omnium
2627 4003 2935 4063 mobilium,
2968 4001 3255 4055 dimidium
3285 4000 3513 4071 quidem

1948 4098 2227 4152 distribuit
2253 4093 2601 4165 pauperibus,
2630 4093 2791 4148 aliam
2824 4103 3006 4147 autem
3038 4101 3250 4161 partem
3277 4091 3393 4144 suis
3423 4104 3515 4145 so-

1951 4189 2162 4242 roribus
2185 4229 2200 4253 ,
2237 4187 2468 4240 famulos
2519 4200 2651 4239 vero
2709 4198 2863 4250 suos,
2898 4185 3099 4238 donata
3129 4183 3210 4237 eis
3238 4183 3514 4244 libertate.

1948 4280 2111 4351 jussit
2167 4278 2416 4347 accipere
2442 4278 2640 4346 legata.
2682 4276 2810 4330 Haec
2843 4289 2968 4329 cum
3009 4274 3367 4336 decrevisset,
3404 4281 3516 4326 toto

1952 4371 2042 4424 die
2068 4370 2333 4439 jejunavit
2359 4408 2374 4433 ,
2398 4376 2507 4423 tota
2542 4377 2725 4422 autem
2753 4376 2913 4421 nocte
2946 4364 3319 4434 perseveravit
3344 4363 3516 4419 Deum

1954 4478 2131 4528 orare,
2158 4471 2215 4515 et
2247 4462 2299 4515 ei
2334 4461 2583 4529 psallere.

351 4549 431 4603 A'.
476 4551 535 4601 Ὀ
561 4549 615 4601 δὲ
655 4546 947 4609 ἐπίσκοπος
971 4548 1068 4617 τῆς
1106 4546 1474 4600 Σεϐαστεινῶν
1535 4549 1737 4610 πόλεως
1761 4548 1838 4619 τῷ
1877 4531 1931 4590 Ῑ)
2024 4553 2033 4606 ἶ

1831 4569 1838 4598 ι
1877 4531 1931 4590 D
2024 4552 2193 4607 XXX.
2236 4552 2538 4621 Episcopus
2563 4559 2748 4605 autem
2777 4550 3015 4606 civitatis
3063 4548 3513 4613 Sebastenorum,

275 4644 403 4696 τ’τε
433 4642 609 4711 κρίνῳ
657 4640 1143 4711 ἀποκρυπτόμενος
1170 4636 1236 4711 ἦν
1262 4640 1349 4692 διὰ
1364 4640 1854 4711 τὸνδιωγμόνβθσ-

276 4755 363 4798 τις
388 4735 555 4788 ἐλθὼν
578 4738 630 4785 ἓν
656 4736 721 4802 τῇ
752 4733 908 4785 νυκτὶ
933 4734 1115 4805 ἐκείνῃ
1144 4734 1279 4802 πρὸς
1308 4734 1489 4797 αὑτὸν,
1519 4737 1613 4787 καὶ
1639 4738 1857 4804 χρήμαο

284 4829 483 4888 ταὊῦ,
514 4830 624 4887 τοτς
657 4825 1040 4893 φυλάττουσιν,
1073 4826 1304 4893 ἠξίωσεν
1326 4826 1724 4895 ἐπισκέψασθαι
1760 4829 1850 4878 τδν

290 4923 449 4991 ἅγιον
470 4921 819 4989 Εὺατράτιον,
842 4916 910 4989 ἦν
935 4921 1043 4989 γὰρ
1074 4920 1313 4978 ἀκούσας
1350 4921 1474 4988 περὶ
1500 4921 1597 4987 τῆς
1662 4921 1854 4987 σοφίας

290 5015 461 5067 αὐτοῦ
486 5016 581 5067 καὶ
620 5014 821 5082 πολλῆς
872 5012 1207 5085 παρρησίας,
1245 5012 1338 5065 καὶ
1379 5013 1525 5073 ὅπως
1548 5013 1853 5083 κατῄςχυνε

284 5108 379 5158 τ⁵ν
408 5104 557 5175 ἀρχο·
580 5122 646 5156 τα
717 5102 983 5173 μετὰτῶν
1046 5103 1186 5155 θεῶν
1244 5102 1551 5166 αὐτοῦ,καὶ
1598 5102 1854 5154 εἰσελθὼν

286 5198 420 5259 ἔσω,
456 5196 545 5249 καὶ
576 5195 832 5265 ἐωρακῦς
865 5195 1048 5260 αὑτὸν,
1091 5194 1283 5247 ἔπεσεν
1316 5196 1408 5247 ἐπὶ
1439 5197 1734 5263 πρίσωπον
1762 5197 1855 5246 ἐττί

284 5290 389 5360 τὴν
418 5290 522 5357 γῆν
560 5288 655 5341 καὶ
713 5286 904 5357 ἐδεήθη
950 5286 1114 5341 αὑτοῦ
1164 5286 1419 5357 εἰρηκώς·
1459 5288 1745 5356 Μικὰριος
1782 5282 1851 5350 εἴ,

284 5384 479 5435 τέκνον
519 5379 837 5449 Εὖστράτιε,
870 5378 1148 5440 ὃτιοῦτως
1190 5378 1602 5446 ἐνεδυναμώθης
1642 5378 1745 5431 ὑπὸ
1764 5379 1854 5431 τοῦ

290 5470 679 5544 φιλανθρώπου
737 5471 893 5527 Θεοῦ.
948 5473 1213 5540 Μέμνησο
1240 5472 1294 5523 δὲ
1327 5473 1421 5522 καὶ
1478 5471 1630 5539 ἐμοῦ.
1670 5470 1857 5539 δέομαί

291 5586 415 5620 σ’λυ.
463 5565 593 5614 Ὀδὲ
623 5564 777 5628 am;
824 5561 1155 5630 Εὑστράτιος
1190 5559 1539 5627 ἀπεκρίνατο·
1583 5559 1672 5625 Μὴ
1717 5557 1858 5608 ποίει

288 5658 457 5716 οέτω,
482 5657 662 5722 Πάτερ
704 5653 973 5721 πνεύματι
1004 5650 1181 5720 κύριε,
1204 5650 1317 5704 ἀλλ’
1348 5651 1426 5710 εἰς
1457 5650 1552 5716 τὴν
1580 5647 1859 5716 ἐπικειμέ-

291 5766 398 5816 νην
455 5763 539 5799 σοι
579 5745 735 5809 ἀξίαν
769 5744 1094 5797 ἀποϐλέπων
1151 5744 1280 5810 παρ’
1328 5742 1485 5811 ἡμῶν
1548 5740 1767 5805 ἐκδέχου
1798 5740 1858 5790 τὸ

295 5838 538 5894 τοιοῦτον
604 5837 938 5908 πληροῦτθαί
996 5854 1074 5890 σοι
1123 5834 1299 5905 χρέος.
1352 5833 1741 5887 Καθετθέντων
1771 5828 1860 5883 οὖν

1953 4660 2021 4699 eo
2062 4655 2305 4712 tempore
2351 4643 2555 4696 latebat
2611 4650 2831 4711 propter
2888 4641 3361 4710 persecutionem;
3417 4639 3509 4708 qui

1957 4741 2118 4786 ﬂuctu
2142 4729 2292 4784 venit
2330 4730 2395 4783 ad
2424 4745 2572 4793 eum,
2608 4740 2665 4785 et
2702 4729 2844 4783 datis
2879 4729 3209 4784 custodibus
3239 4728 3513 4797 pecuniis,

1955 4828 2232 4895 ingressus
2265 4831 2348 4878 est
2392 4823 2459 4876 ad
2516 4831 2763 4876 sanctum
2813 4821 3147 4875 Eustratium
3183 4834 3198 4878 :
3232 4820 3517 4874 audiverat

1954 4918 2101 4971 enim
2147 4916 2213 4968 de
2253 4928 2449 4982 magna
2476 4913 2597 4981 ejus
2625 4911 2921 4979 sapientia,
2952 4921 3008 4965 et
3040 4910 3187 4980 quod
3226 4909 3515 4979 praesidem

1954 5023 2078 5062 enm
2115 5006 2222 5061 diis
2247 5006 2363 5060 suis
2397 5004 2602 5074 pudore
2635 5002 2917 5067 all‘eeerat,
2963 5011 3019 5057 et
3066 5017 3191 5055 cum
3215 5000 3409 5055 fuisset
3437 5002 3516 5054 in-

1960 5112 2039 5155 tra
2072 5098 2399 5160 custodiam,
2442 5110 2649 5165 pronus
2677 5095 2883 5149 cecidit
2940 5096 2995 5148 in
3046 5094 3264 5154 faciem,
3306 5104 3361 5162 et
3389 5108 3516 5146 san-

1956 5202 2102 5246 etum
2152 5188 2419 5252 adoravit,
2480 5186 2709 5241 dicens:
2748 5187 2945 5239 Beatus
3000 5200 3083 5247 es.
3130 5185 3202 5237 fili
3253 5182 3515 5245 Eustrati,

1958 5283 2103 5349 quod
2138 5281 2400 5335 Dominus
2442 5279 2581 5333 Deus
2613 5287 2814 5332 tantam
2853 5277 2951 5331 tibi
2992 5276 3206 5330 dederit
3233 5276 3512 5328 virtutem.

1956 5374 2227 5428 Memento
2272 5379 2453 5423 autem
2509 5370 2612 5422 mei
2660 5382 2902 5436 quoque,
2933 5376 2983 5421 te
3028 5380 3182 5435 rogo.
3218 5364 3519 5432 Respondit

1959 5480 2087 5520 vero
2142 5470 2364 5517 sanctus
2418 5458 2728 5513 Eustratius
2773 5476 2785 5511 :
2835 5458 2912 5511 Ne
2960 5456 3042 5511 sic
3093 5456 3293 5515 facias,
3359 5454 3520 5507 Pater

1960 5556 2281 5628 spiritualis,
2310 5553 2405 5606 sed
2444 5552 2509 5605 ad
2552 5567 2672 5604 eam
2731 5566 2851 5617 qua:
2905 5560 2989 5604 est
3035 5549 3133 5601 tibi
3156 5547 3302 5610 data,
3345 5546 3522 5614 digni-

1963 5658 2127 5704 tatem
2155 5646 2446 5715 aspiciens.
2486 5652 2741 5712 exspecta
2774 5643 2877 5696 hoc
2913 5657 2942 5694 a
2988 5640 3147 5693 nobis
3178 5637 3514 5707 implendum

1967 5743 2062 5796 tibi
2086 5738 2353 5794 debitum.
2391 5736 2527 5791 Cum
2554 5736 2589 5789 ii
2626 5751 2756 5804 ergo
2786 5736 3079 5794 sedissem,
3115 5734 3253 5787 ἁὶῐίι
3296 5731 3519 5784 Eustra-

1966 5836 2070 5885 tins
2108 5830 2411 5899 episeopo:
2464 5826 2726 5891 Quonian
2782 5826 2887 5880 Deo
2935 5826 3167 5886 volente,
3218 5838 3337 5875 cras
3389 5822 3517 5872 hora
