4260 6430
805 400 908 460 503

2007 409 2288 468 MENSIS
2337 409 2769 469 DECEMBER.

3947 410 4066 473 5οι

805 514 964 569 tertia
998 528 1116 568 sum
1161 514 1435 570 sistendus
1483 526 1608 571 ante
1643 517 1934 572 Dominum
1988 537 2170 575 meum
2209 522 2368 576 Cliri-
2397 530 2442 586 Α
2475 540 2487 574 ‹

2329 522 2368 575 i-
2397 530 2442 586 Α
2475 523 2676 587 αὐτῶν,
2735 526 2763 577 6
2817 521 2971 592 ἅγιος
3023 523 3352 596 gemam;
3406 522 3526 580 εἶπε
3596 525 3671 596 τῷ
3722 525 4011 592 ἐπισκ-Ξπῳ

804 615 948 657 stum
982 604 1079 670 (ita
1110 604 1256 658 enim
1304 603 1440 659 mihi
1491 605 1591 661 fuit
1625 617 1812 677 aperte
1855 609 2208 679 revelatum),
2241 609 2366 664 ideo

800 695 985 765 accipe
1012 695 1258 749 chartam
1293 697 1398 752 mei
1431 699 1766 765 testamenti,
1805 710 1864 755 et
1893 701 2036 772 lege.
2070 699 2206 756 Cum
2233 716 2366 772 ergo

803 785 1020 855 leg‘sset
1059 787 1354 857 episcopus
1381 787 1627 844 chartam
1650 791 1769 857 eius
1801 794 2134 854 testamenti,
2154 793 2368 861 rogavit

804 877 952 930 illum
976 893 1100 932 cum
1132 879 1201 934 iis
1227 881 1321 950 qui
1347 895 1472 936 cum
1507 881 1626 953 ipso
1651 884 1902 951 aderant,
1926 886 2165 950 clericis,
2195 897 2255 942 ut
2279 897 2365 944 te-

803 979 1076 1025 stamento
1121 972 1552 1029 subscriberent:
1567 983 1623 1029 et
1644 991 1769 1030 eum
1787 975 2363 1048 adegitiurejurando,

804 1071 863 1115 ut
893 1062 981 1116 ille
1019 1063 1131 1131 ipse
1147 1072 1429 1133 surreptas
1465 1065 1639 1134 ipsius
1666 1076 1724 1122 et
1758 1070 1931 1124 sancti
1956 1068 2164 1126 Oresta:
2196 1071 2366 1127 ferret

803 1152 1084 1221 reliquias,
1104 1164 1160 1208 et
1180 1154 1480 1223 deponeret
1499 1155 1554 1210 in
1581 1172 1774 1212 eorum
1803 1161 2044 1231 regione,
2061 1161 2115 1215 ln
2132 1163 2253 1218 loco
2269 1162 2361 1234 qui

801 1245 1116 1299 continetur
1147 1248 1198 1300 in
1243 1255 1591 1313 testamento,
1632 1260 1687 1304 et
1723 1252 1930 1322 reliqua
1963 1254 2144 1308 omnia
2176 1252 2365 1325 imple-

801 1344 901 1388 ret.
935 1336 1147 1400 dicens,
1180 1353 1282 1408 pro
1307 1355 1376 1394 eo
1399 1339 1586 1396 labore
1617 1357 1740 1397 esse
1765 1341 1817 1398 ei
1849 1343 2186 1399 reddendam
2217 1361 2360 1402 mer-

799 1431 992 1483 ce’em
1041 1447 1070 1484 a
1118 1432 1350 1487 Domino
1406 1443 1598 1489 nostro
1644 1435 1770 1491 Jesu
1822 1436 2047 1494 Christo
2095 1438 2150 1494 in
2181 1438 2362 1497 futura

799 1521 931 1575 vita.
963 1521 1100 1577 Cum
1135 1526 1413 1594 pollicitus
1444 1537 1629 1584 autem
1673 1539 1816 1585 esset
1847 1531 2140 1603 episcopus
2165 1547 2224 1588 se
2251 1534 2367 1589 sin-

799 1634 867 1680 gu
893 1633 924 1672 a
945 1634 1136 1674 eorum
1165 1637 1285 1677 esse
1315 1623 1612 1690 facturum,
1636 1627 1849 1697 rogavit
1881 1641 2030 1693 eum,
2058 1639 2117 1684 ut
2145 1629 2216 1685 ab
2243 1628 2363 1700 ipso

799 1720 1043 1762 sanctam
1078 1712 1356 1782 acciperet
1385 1718 1856 1774 communionem.
1907 1719 2000 1776 Sic
2031 1721 2178 1776 enim
2208 1721 2363 1778 dice-

796 1801 887 1855 bat
919 1813 1142 1858 sanctus
1171 1822 1184 1858 :
1239 1805 1316 1859 Ex
1365 1822 1476 1876 quo
1517 1818 1766 1880 tempore
1795 1811 1872 1866 l'ui
1905 1814 2360 1882 comprehensus,

2489 607 2707 686 Ἐπειδὴ
2763 616 2943 685 μέλλω
2997 621 3062 688 τῇ
3093 617 3284 688 αὔριον
3320 621 3502 690 χάριτι
3539 619 3676 672 Θεοῦ
3723 620 3844 691 ὥρᾳ
3891 620 4063 688 τρίτῃ

2478 705 2812 776 πορεύεσθαι
2864 708 3000 778 πρὸς
3063 710 3156 763 τὸν
3212 712 3494 778 Δεσπότην
3531 728 3635 778 μου
3659 711 3899 780 Χριστὸν
3931 709 4062 776 (καὶ

2474 797 2648 866 εγνων
2700 801 2802 870 την
2855 801 3230 872 προκειμένην
3291 819 3381 872 μοι
3434 802 3553 856 ὁδόν
3577 819 3592 832 ·
3622 801 3783 854 τοῦτο
3814 802 3924 871 γάρ
3956 815 4058 868 μοι

2473 890 2838 960 ἀπεκαλύφθη
2894 891 3194 963 φανερῶς),
3245 893 3430 947 λαϐὼν
3467 894 3561 948 τὸν
3591 895 3800 963 χάρτην
3859 895 4057 945 τοῦτον

2474 981 2577 1050 τῆς
2599 981 2986 1044 διατυπώσεὼς
3053 1001 3156 1054 μου
3207 985 3501 1053 ἀνάγνωθι.
3571 985 3968 1052 Ἀνεγνωκότος
3994 984 4056 1036 δὲ

2474 1075 2660 1142 αὐτοῦ,
2706 1075 2903 1145 ἠξίωσε
2954 1078 3046 1129 καὶ
3095 1076 3258 1130 αὐτὸν
3285 1077 3379 1129 τὸν
3419 1076 3722 1129 ἐπίσκοπον
3757 1076 4052 1146 ὕποσημή-

2473 1166 2670 1223 νασθαι
2726 1169 2864 1237 μετα
2914 1168 3026 1221 τῶν
3079 1171 3351 1223 συνόντων
3391 1167 3545 1239 αὑτῷ
3586 1168 3884 1238 κληρικῶν,
3952 1169 4056 1221 καὶ

2487 1260 2720 1332 ὥρκωσε
2749 1259 2886 1331 πρὸς
2911 1260 2973 1314 τὸ
3003 1261 3166 1314 αὑτὸν
3194 1261 3405 1315 ἐκεῖνον
3423 1261 3693 1314 σκυλέντα
3713 1261 4054 1328 ἀποκομίσαι

2471 1355 2537 1408 τὰ
2567 1353 2796 1423 λείψανα
2855 1351 3022 1407 αὑτοῦ
3053 1370 3112 1407 τε
3142 1354 3238 1407 καὶ
3279 1354 3375 1406 τοῦ
3431 1354 3593 1422 ἁγίου
3665 1353 3923 1424 Ὀρέστου
3970 1354 4053 1427 είς

2469 1449 2571 1518 τὴν
2601 1450 2787 1519 χώραν
2833 1448 3034 1513 αὐτῶν,
3089 1448 3185 1501 καὶ
3241 1447 3601 1513 καταθέσθαι,
3655 1445 3731 1510 ὡς
3766 1445 4052 1510 διετάξατο

2475 1541 2615 1610 μετὰ
2655 1540 2766 1594 τῶν
2833 1539 3036 1594 λοιπῶν
3091 1540 3360 1611 λειψάνων
3399 1543 3460 1594 ἐν
3482 1540 3561 1609 τῷ
3592 1541 3972 1610 περιεχομένῳ
3995 1541 4054 1590 έν

2472 1635 2562 1702 τῇ,
2583 1631 2820 1706 διαθήκῃ
2872 1631 3045 1703 τύπῳ,
3093 1634 3187 1686 καὶ
3219 1632 3289 1686 τὰ
3321 1632 3484 1685 λοιπὰ
3514 1632 3723 1684 ἕκαστα
3758 1629 4050 1700 πληρῶσαι

2473 1725 2714 1793 εἰρηκὼς
2759 1725 2853 1778 τὸν
2921 1724 3112 1795 μισθὸν
3169 1724 3309 1796 ὑπὲρ
3359 1723 3456 1778 τοῦ
3513 1724 3757 1778 τοιούτου
3796 1724 4049 1792 καμάτου

2473 1815 2814 1886 πληροῦσθαι
2882 1816 3034 1886 αύτῷ
3098 1815 3202 1869 ύπδ
3234 1815 3330 1869 τοῦ
3390 1815 3600 1887 Κυρίου
3655 1815 3810 1885 ἡμῶν
3871 1813 4048 1883 Ἰησοῦ

796 1907 906 1945 nnn
935 1894 1358 1951 communicavi.
1383 1898 1563 1954 Allato
1581 1916 1715 1967 ergo
1741 1915 1833 1964 eo,
1863 1905 2010 1972 quod
2048 1907 2361 1974 oportebat.
2395 1891 2438 1948 Β
2468 1910 2478 1963 ἶ

2395 1891 2438 1948 Β
2468 1907 2704 1975 Χριστοῦ
2744 1909 2803 1962 ὲν
2826 1910 2891 1979 τῇ
2929 1908 3194 1980 μέλλουσῃ
3249 1907 3385 1976 ζωῇ.
3441 1907 3782 1978 Συνθεμένου
3833 1907 3889 1960 δὲ
3950 1905 4047 1958 τοῦ

796 1984 1127 2046 ministerio.
1160 1999 1217 2041 et
1245 1989 1470 2060 impleto
1512 1994 1808 2058 sacritlcio,
1841 1994 2106 2050 accedens
2133 2005 2363 2054 sanctus

799 2075 1130 2143 Eustratius,
1181 2081 1461 2136 caelestem
1504 2084 1716 2153 accepit
1761 2085 2146 2157 margaritam,
2191 2097 2248 2144 et
2281 2105 2366 2145 re-

796 2177 957 2232 pente
990 2177 1246 2237 tanquam
1281 2171 1464 2241 fulgur
1495 2172 1674 2230 illuxit
1697 2175 1748 2227 in
1784 2191 2026 2242 carcere,
2056 2185 2114 2231 et
2135 2193 2239 2233 vox
2266 2195 2368 2236 vc-

795 2268 917 2321 nt,
988 2262 1180 2316 dicens
1228 2279 1243 2316 :
1307 2264 1586 2330 Eustrati,
1637 2276 1785 2322 recte
1838 2268 2151 2325 decertasti.
2230 2273 2366 2329 Veni

794 2353 1055 2424 deinceps
1087 2357 1138 2409 in
1165 2358 1354 2421 caelos,
1411 2369 1468 2414 et
1515 2362 1699 2431 accipe
1744 2373 1890 2417 tuam
1923 2378 2203 2419 coronam.
2254 2364 2366 2423 llac

792 2462 926 2500 voce
963 2448 1186 2512 audita,
1238 2452 1394 2518 proni
1453 2452 1507 2506 in
1563 2453 1764 2508 faciem
1817 2455 1970 2510 bumi
2022 2457 2364 2514 ceciderunt.

795 2536 930 2589 Tota
961 2552 1092 2607 ergo
1133 2540 1218 2593 illa
1254 2553 1426 2606 ,nocte
1471 2546 1674 2599 mansit
1717 2547 2013 2618 episcopus
2055 2549 2199 2620 apud
2237 2567 2364 2605 san-

794 2636 941 2680 ctum
972 2628 1331 2698 Eustratium,
1381 2650 1506 2689 eum
1533 2636 1788 2704 audiens,
1819 2648 1876 2694 et
1904 2640 2240 2711 voluptatem
2275 2658 2363 2697 ca-

795 2720 949 2787 piens
974 2737 1038 2776 ex
1067 2738 1318 2780 sermone
1347 2727 1624 2800 martyris.

2468 2000 2775 2054 ιπισκόπου
2817 1998 2989 2054 ταῦτα
3034 2003 3214 2054 ποιεῖν
3241 2000 3473 2065 ⁶ἐκαστα,
3503 2000 3736 2069 ἠξίωσεν
3758 2000 3921 2052 αύτὸν
3951 1997 4052 2051 τοῦ

2470 2094 2569 2166 τὴν
2601 2093 2764 2162 ἁγίαν
2803 2094 3089 2147 κοινωνίαν
3135 2093 3389 2160 δέξασθαι
3457 2094 3588 2163 παρ’
3615 2093 3806 2147 αὐτοῦ.
3848 2093 4048 2158 Ἔλεγε

2469 2188 2599 2257 γὰρ,
2633 2187 2715 2239 ὃτι
2755 2183 2872 2254 ‘Azp'
2898 2179 2959 2239 οὗ
3009 2184 3348 2255 κατεσχέθην
3377 2186 3477 2238 ούκ
3521 2184 3880 2254 ἐκοινώνησα.
3937 2183 4051 2251 Τῆς

2471 2277 2856 2348 προσηκούσης
2913 2279 3090 2330 τοίνυν
3157 2278 3460 2349 ὑπηρεσίας
3530 2277 3889 2350 ἐνεχθείσης,
3957 2277 4052 2328 καὶ

2468 2368 2848 2441 πληρωθείσης
2877 2369 2976 2438 τῆς
3017 2369 3364 2438 ἁναιμάκτου
3403 2371 3623 2432 θυσίας,
3672 2367 3994 2440 προσελθὼν
4024 2369 4052 2418 ὁ

2469 2462 2624 2528 ἆγιος
2647 2461 2984 2532 Εὑστράτιος
3016 2461 3234 2526 ἐδέξατο
3270 2465 3361 2514 τὸν
3379 2461 3636 2532 ούράνιον
3667 2462 4043 2532 μαργαρίτην.

2465 2553 2559 2606 καὶ
2586 2554 2850 2622 αίφνίδιον
2867 2554 3056 2622 ὥσπερ
3085 2554 3337 2625 ἀστραπὴ
3357 2554 3598 2624 ἔλαμψεν
3621 2555 3680 2606 ὲν
3702 2557 3768 2624 τῇ
3798 2555 4042 2624 φυλακῇ,

2461 2647 2556 2698 καὶ
2604 2645 2756 2716 φωιὴ
2783 2641 2915 2714 ἦλθε
2963 2645 3216 2712 λέγουσα·
3296 2645 3616 2714 Εὑστράτιε.
3671 2645 3851 2707 καλῶς
3902 2647 4052 2713 ἡγω-

2461 2737 2629 2790 vim)“

2709 2735 2865 2805 δεῦρο
2907 2737 3096 2789 λοιπὸν
3151 2736 3392 2789 ἀπύλαϐέ
3458 2754 3550 2789 σου
3611 2735 3703 2788 τὸν
3753 2737 4043 2805 στέφανον,

792 2813 1006 2884 Ταύτης
1041 2817 1134 2872 οὖν
1164 2820 1262 2886 τῆς
1295 2820 1478 2888 φωνῆς
1516 2820 1850 2886 ἀκούσαντες
1921 2825 2144 2890 πάντες,
2196 2826 2391 2879 ἔπεσον
2431 2827 2524 2879 ἐπὶ
2574 2827 2869 2896 πρόσωπον
2912 2829 3005 2881 καὶ
3062 2830 3474 2900 προσεκύνησαν
3540 2829 3618 2900 τῷ
3679 2829 3820 2898 Θεῷ.
3850 2830 4040 2882 Πᾶσιν

790 2906 881 2961 οὖν
911 2910 1016 2973 τὴν
1061 2909 1232 2964 νύκτα
1289 2913 1623 2990 παρέμεινεν
1672 2917 1700 2968 ὁ
1755 2916 2077 2982 ἐπίσκοπος,
2135 2919 2350 2973 ἁκούων
2389 2919 2579 2986 αὑτοῦ,
2621 2919 2716 2973 καὶ
2759 2921 3184 2991 εὐσραινᾶμενος
3235 2924 3326 2974 ἐπὶ
3354 2921 3430 2993 τῷ
3493 2923 3636 2992 λόγῳ
3706 2922 3799 2975 τοῦ
3878 2924 4038 2990 ἁγίου

797 3013 1094 3080 μάρτυρος.

862 3032 1094 3082 ιρτυρος.

862 3109 1053 3164 XXXI.
1087 3109 1224 3164 Cum
1264 3126 1420 3166 mane
1457 3122 1637 3168 autem
1685 3115 1887 3168 factum
1914 3122 2079 3179 esset,
2123 3116 2368 3180 recessit,

2549 3116 2670 3167 ΛΝ.
2707 3113 2923 3183 Πρωΐας
2966 3113 3022 3167 δὲ
3057 3112 3377 3182 γενομένης,
3408 3112 3723 3182 ἀνεχώρησε
3777 3111 4048 3176 συνταξα-

791 3201 988 3270 jubcns
1012 3218 1138 3258 eum
1172 3205 1379 3268 valere,
1411 3216 1466 3260 et
1509 3205 1835 3275 promittens
1865 3220 1922 3260 se
1975 3207 2113 3261 nihil
2142 3219 2365 3277 praeter-
2391 3187 2437 3250 ο

2391 3187 2437 3250 C
2473 3223 2634 3275 μενος
2654 3204 2826 3275 αὐτῷ.
2871 3205 3253 3274 παραγγελίαν
3275 3205 3592 3273 δεξάμενος,
3619 3207 3698 3267 είς
3737 3204 3908 3275 μηδὲν
3939 3205 4049 3258 τῶν

793 3295 992 3347 izurum
1011 3309 1201 3348 eorum
1224 3311 1345 3364 quae
1367 3295 1419 3349 in
1442 3310 1543 3350 suo
1568 3306 1890 3351 testamento
1911 3307 2192 3352 statuerat.
2217 3299 2370 3368 Agri-

795 3389 981 3439 colaas
1031 3401 1162 3440 vero
1201 3402 1323 3440 cum
1375 3401 1532 3440 mane
1578 3400 1609 3440 e
1657 3387 1797 3441 lecto
1837 3388 2181 3452 surrexisset,
2227 3388 2369 3443 sedit

798 3478 853 3530 in
917 3477 1220 3541 tribunali,
1270 3486 1326 3531 et
1369 3477 1531 3548 jussit
1580 3487 1826 3532 sanctum
1881 3479 2215 3535 Eustratium
2273 3481 2367 3534 ad-

797 3569 942 3622 duci.
968 3567 1102 3622 Cum
1137 3569 1181 3623 is
1209 3578 1390 3622 autem
1424 3570 1706 3633 astitisset,
1741 3585 1866 3624 eum
1900 3571 2115 3625 vocavit
2140 3587 2360 3640 praeses,

795 3671 851 3715 et
881 3661 1017 3715 dixit
1051 3662 1100 3713 ei
1135 3663 1188 3714 in
1239 3676 1438 3714 arcano
1467 3679 1479 3712 :
1514 3661 1695 3715 Testis
1728 3662 1858 3714 mihi
1903 3669 2008 3726 est,
2042 3677 2076 3715 o
2106 3662 2364 3724 Eustrati,

796 3768 916 3820 quae
942 3753 1120 3805 omnia
1158 3753 1402 3806 intuetur
1425 3753 1663 3822 justitia,
1699 3767 1783 3806 me
1829 3752 1899 3805 de
1942 3763 1993 3806 te
2039 3752 2194 3807 valde
2240 3753 2363 3821 angi

796 3843 1000 3907 animo,
1044 3844 1189 3912 quod
1243 3845 1296 3897 iu
1349 3845 1591 3896 animum
1643 3859 1751 3897 non
1796 3843 2041 3909 inducas,
2076 3851 2136 3896 ut
2171 3859 2366 3912 parcas

796 3933 977 3987 edicto
1009 3935 1435 4003 imperatorum;
1468 3933 1561 3987 sed
1589 3933 1804 4003 publice
1836 3935 2028 3988 saltem
2065 3935 2281 3996 simula,
2310 3942 2366 3988 ct

797 4026 978 4092 specie
1013 4025 1146 4078 deos
1179 4025 1367 4088 adora,
1401 4023 1544 4092 apud
1593 4033 1644 4077 te
1684 4033 1867 4078 autem
1899 4025 2083 4085 crede,
2114 4035 2168 4078 et
2198 4025 2362 4078 adora

797 4114 967 4166 Deum
1001 4122 1151 4166 tuum
1187 4134 1197 4164 :
1232 4112 1277 4166 is
1303 4120 1487 4164 autem
1520 4110 1618 4164 tibi
1655 4111 1899 4180 ignoscet
1919 4122 2144 4180 propter
2189 4112 2363 4180 impo-

798 4208 955 4258 sitam
985 4205 1389 4259 necessitatem.
1417 4202 1554 4263 Nec,
1576 4217 1700 4256 cum
1726 4203 1800 4255 sis
1826 4202 1906 4253 \‘ir
1943 4212 2086 4255 tanta
2114 4203 2362 4256 doctrina

796 4305 851 4347 et
881 4295 1167 4363 sapientia,
1198 4295 1338 4348 male
1373 4309 1565 4363 pereas
1590 4302 1845 4361 tanquam
1873 4309 2014 4347 unus
2059 4294 2358 4348 maleﬁcus.

799 4388 852 4440 Si
876 4387 978 4440 hoc
995 4383 1140 4440 enim
1159 4394 1303 4440 esset
1321 4394 1589 4440 remotum
1613 4400 1642 4439 a
1665 4386 1933 4456 periculo.
1966 4401 2033 4440 ne
2059 4386 2111 4440 id
2138 4387 2360 4456 quidem

797 4496 825 4531 a
855 4491 904 4532 te
922 4479 1281 4546 requirerem,
1305 4478 1507 4532 mullos
1528 4480 1673 4534 enim
1708 4479 1894 4547 punivi
1922 4488 2026 4533 ture
2058 4479 2358 4548 religionis,

795 4584 851 4624 rt
882 4573 1085 4626 nullius
1115 4587 1236 4626 sum
1276 4573 1556 4631 misertus,
1577 4585 1754 4640 neque
1792 4575 1858 4625 ali
1885 4571 1995 4625 ullo
2017 4587 2136 4625 sum
2168 4571 2358 4626 ﬂexus.
2395 4558 2440 4616 υ

796 4661 896 4715 Tui
927 4677 1058 4715 vero
1089 4675 1339 4732 magnam
1386 4674 1572 4714 curam
1609 4675 1758 4729 gero,
1793 4669 1848 4715 et
1890 4670 2118 4730 propter
2153 4671 2203 4714 te
2251 4670 2360 4714 tota

797 4763 955 4809 nocte
992 4769 1184 4823 magno
1233 4768 1353 4807 sum
1384 4753 1574 4812 dolore
1612 4752 1910 4807 cruciatus.
1950 4753 2183 4807 Sanctus
2224 4753 2363 4806 dixit

795 4844 1102 4898 Eustraiius
1130 4863 1142 4898 :
1173 4843 1246 4898 De
1282 4845 1383 4899 hac
1407 4859 1466 4899 re
1500 4859 1570 4897 ne
1591 4844 1874 4904 crucieris.
1923 4860 2101 4912 neque
2142 4855 2364 4913 propter

797 4951 880 4990 me
933 4936 1119 4991 venias
1160 4937 1213 4989 in
1267 4936 1592 5005 periculurn,
1637 4937 1729 4991 sed
1775 4935 1918 5002 quod
1967 4937 2358 5005 imperatorum

797 5045 1009 5081 .uorum
1036 5029 1578 5087 contineturedictis.
1609 5038 1860 5082 accurate
1889 5043 2210 5095 exsequere.
2249 5029 2360 5097 Εςέι

792 5118 941 5173 enim
989 5132 1166 5187 neque
1207 5117 1481 5182 simulate,
1527 5133 1704 5187 neque
1750 5118 1860 5172 ullo
1901 5117 2011 5171 alio
2053 5117 2215 5170 modo
2261 5119 2367 5173 diis

798 5211 906 5264 tuis
936 5209 1276 5274 sacriﬁcabo,
1310 5210 1403 5264 sed
1437 5225 1653 5280 semper
1680 5210 1790 5264 Deo
1822 5225 1942 5264 meo
1966 5209 2271 5264 conﬁtebor
2308 5211 2360 5263 in

797 5301 1074 5360 omnibus,
1106 5310 1161 5355 et
1195 5301 1248 5354 in
1300 5300 1479 5356 medio
1527 5301 1826 5354 multorum
1877 5299 2112 5354 laudabo
2162 5300 2339 5370 ipsum

795 5389 910 5447 Tua
943 5406 1072 5444 vero
1097 5399 1367 5446 tormenta
1400 5406 1486 5446 me
1522 5401 1774 5447 recreant
1800 5404 1863 5445 ac
1885 5393 2096 5461 juvant,
2125 5401 2181 5445 et
2203 5391 2366 5460 hujus

796 5485 895 5547 rei,
919 5482 962 5536 si
990 5480 1123 5536 velis
1175 5481 1259 5536 l‘ac
1288 5482 1616 5552 perieulum.
1645 5481 1850 5537 Prcses
1883 5490 2069 5536 autem
2112 5498 2236 5537 cum
2263 5485 2356 5537 diu

797 5588 957 5626 manu
995 5574 1206 5626 vultum
1234 5575 1487 5642 texisset,
1510 5584 1594 5628 est
1621 5574 1952 5642 lacrymatus
1983 5564 2125 5628 adeo
2149 5583 2207 5628 ut
2237 5575 2360 5628 uni-

793 5661 946 5717 versa
1001 5680 1121 5732 qua:
1170 5666 1607 5720 circumsistchat
1651 5666 1832 5730 turba,
1859 5680 1983 5719 cum
2017 5667 2366 5736 cognovisset

793 5755 1078 5819 praesidem
1109 5756 1353 5811 misereri
1379 5758 1574 5817 sancti.
1600 5771 1791 5811 vocem
1819 5757 2067 5810 emiserit
2099 5758 2360 5812 lamenta-

798 5841 983 5910 bilem,
1008 5859 1232 5918 eratque
1265 5865 1488 5918 magnus
1509 5850 1688 5905 luctus
1717 5851 1768 5904 in
1799 5849 2036 5904 civitate.
2063 5849 2200 5902 Dixit
2233 5866 2358 5904 vero

2471 3299 2600 3366 παρ’
2663 3296 2830 3350 αὑτοῦ
2892 3296 3799 3366 ,διατετυπωμένων-ρᾳθυμῆσαι,
3869 3298 3932 3350 '0
3991 3297 4048 3349 δι

2481 3389 2832 3459 ’Δγρικόλαος
2856 3388 3093 3458 πρωῖθεν
3118 3388 3355 3451 ἀναστὰς
3375 3389 3481 3440 ἀπὸ
3512 3388 3610 3456 τῆς
3643 3388 3829 3455 κοίτης
3853 3385 4046 3452 αὐτοῦ,

2469 3478 2738 3546 ἐκαθέσθη
2779 3477 2870 3530 ἐπὶ
2921 3475 3017 3528 τοῦ
3073 3475 3341 3545 βήματος,
3378 3475 3472 3528 καὶ
3533 3473 3745 3526 κελεύει
3770 3475 3862 3527 τὸν
3891 3474 4046 3541 ἅγιον

2470 3569 2803 3639 Εὐστράτιον
2855 3567 3112 3637 ἀχθῆναι.
3147 3567 3536 3635 Παραστάυτος
3585 3565 3638 3617 δὲ
3680 3566 3868 3630 αὑτοῦ,
3901 3565 4047 3634 ὁάρ-

2468 3680 2600 3730 χωη,
2630 3660 2862 3720 καλέσας
2900 3660 2992 3711 τδν
3029 3659 3183 3726 ἅγιον
3222 3659 3552 3729 Εὐστρατιον
3587 3657 3860 3723 κατιδίαν,
3889 3655 4042 3710 εἶπεν

2467 3754 2615 3823 αὐτῷ
2655 3755 2711 3805 ἐν
2742 3751 3059 3821 μυστηρίῳο
3122 3752 3354 3820 Μάρτυς
3413 3769 3514 3819 μου
3554 3753 3585 3820 ἡ
3627 3750 3824 3820 ἔφορος
3895 3753 4042 3821 δίκη.

2468 3844 2794 3913 Εὑστράτιε,
2834 3844 2918 3894 δτι
2945 3842 3087 3894 πάνυ
3117 3841 3374 3910 θλίϐομαι
3407 3842 3532 3910 περὶ
3566 3841 3678 3899 σοῦ,
3715 3843 3787 3910 μὴ
3814 3843 4044 3895 καταδε·

2469 3937 2698 4006 χομένου
2731 3951 2824 3987 σου
2862 3933 3152 4002 πεισθῆναι
3194 3935 3305 3996 τοῖς
3349 3933 3689 4003 θεσπίσμασι
3745 3934 3855 3986 τῶν
3888 3934 4044 4003 βασι-

2467 4029 2623 4080 λέων.
2685 4026 2843 4079 Ἀλλὰ
2884 4026 3095 4078 κᾶνδιᾶ
3123 4025 3220 4095 τὴν
3281 4025 3545 4093 δημοσίαν
3605 4026 3748 4093 ὄψιν,
3808 4027 4042 4096 ὑποκρῖ-

2467 4117 2660 4169 νασθαι
2719 4116 2958 4181 θέλησον
3019 4115 3395 4182 προσκυνῆσαι
3429 4115 3536 4176 τοῖς
3556 4113 3697 4173 θεοῖς
3737 4114 3979 4181 σχήματι
4027 4127 4039 4139 ⁶

2467 4211 2588 4262 καθ’
2623 4209 2816 4261 ἑαυτὸν
2846 4207 2898 4260 δὲ
2930 4207 3147 4258 πὲστευε
3203 4207 3295 4258 καὶ
3337 4205 3632 4273 προσκύνει
3660 4206 3734 4274 τῷ
3767 4205 3886 4273 Θεῷ
3920 4222 4037 4257 σου.

2468 4302 2575 4352 Kal
2618 4303 2836 4369 αίτησαι
2885 4297 3218 4366 συγγνώμην
3249 4297 3382 4366 παρ’
3413 4296 3578 4349 αὑτοῦ
3636 4297 3722 4349 δη
3751 4298 3850 4356 τὴν
3886 4312 4041 4364 περι-

2467 4393 2729 4461 κειμένην
2791 4409 2875 4444 σοι
2926 4390 3192 4457 ἀνάγκην,
3248 4391 3343 4441 καὶ
3395 4391 3468 4458 μὴ
3533 4389 3728 4453 οὖσαν,
3779 4389 3921 4458 ἀνὴρ
3983 4389 4041 4440 ἒν

2465 4483 2702 4554 τοσαύτῃ
2739 4483 2896 4551 σοφία
2939 4483 3217 4550 ὑπάρχων,
3258 4480 3430 4550 ἀπύλῃ
3462 4479 3645 4542 κακῶς
3691 4481 3760 4541 di;
3815 4475 3895 4542 εἷς
3930 4479 4039 4531 τῶν

2467 4576 2826 4643 κακούργων·
2888 4573 2980 4625 καὶ
3032 4573 3076 4624 εἰ
3112 4567 3179 4642 ἦν
3240 4588 3328 4638 μοι
3378 4571 3678 4634 ἀκίνδυνον,
3725 4570 3849 4623 οὑδὶ
3875 4570 4038 4623 τοῦτο

2469 4663 2535 4716 ἂν
2566 4664 2864 4731 ἐπεζήτουν
2905 4660 3053 4730 παρὰ
3075 4659 3189 4712 σοῦ.
3224 4660 3456 4722 Πολλοὺς
3482 4659 3590 4729 γὰρ
3609 4659 3711 4728 τῆς
3740 4660 4042 4730 θρησκείας

2473 4770 2567 4807 σου
2592 4753 2870 4813 ἀπώλεσα.
2896 4751 2989 4804 καὶ
3021 4751 3208 4804 οὐδένα
3229 4749 3486 4820 ᾧκτειρα,
3518 4750 3636 4802 οὐδὲ
3675 4750 4040 4820 ἐπεκάμφθην

2463 4846 2604 4900 τινίο
2661 4845 2752 4896 σοῦ
2785 4844 2839 4896 δὲ
2879 4843 3116 4912 κήδομαι
3170 4841 3315 4904 λίαν,
3377 4841 3473 4894 καὶ
3521 4843 3704 4895 πᾶσαν
3738 4841 3841 4913 τὴν
3871 4842 4042 4896 νύκτα

2467 4939 2561 4991 σοῦ
2623 4939 2812 4989 ῑνεκεν
2841 4934 3125 5003 ὠδυνήθην
3146 4934 3509 5001 λυπούμενος.
3528 4931 3588 4985 '0
3606 4933 3757 5000 ἅγιος
3789 4931 4038 5002 Εὖστρά-

2464 5046 2578 5091 τιος
2621 5024 2774 5081 εἶπεν
2799 5045 2812 5059 ·
2861 5027 2953 5094 Μὴ
2975 5025 3227 5094 λυπηθῇς
3257 5025 3384 5091 περὶ
3436 5024 3650 5088 τούτου,
3696 5023 3832 5092 μηδὲ
3861 5021 4040 5077 κινδυ-

2465 5121 2660 5191 νεύσῃς
2699 5121 2884 5172 έιιεκεν
2946 5116 3103 5187 ἐμοῦ.
3163 5115 3322 5167 Ἀλλὰ
3383 5115 3444 5167 τὸ
3509 5116 3919 5184 παριστάμενον
3970 5114 4035 5182 τῇ

2466 5211 2721 5284 ἀκριϐείᾳ.
2773 5210 2883 5263 τῶν
2944 5206 3242 5278 βασιλικῶν
3311 5223 3403 5258 σου
3434 5205 3832 5272 θεσπισμάτων
3879 5203 4040 5256 τοῦτο

2468 5305 2713 5373 ποίησον.
2776 5301 2915 5368 Ἐγὼ
2967 5302 3076 5371 γὰρ
3126 5297 3251 5352 οὔτε
3308 5298 3446 5368 μετὰ
3480 5299 3796 5368 ὑποκρίσεω
3830 5336 3849 5362 ,
3911 5295 4037 5349 οὕτε

2464 5393 2641 5456 ἄλλως
2685 5409 2800 5454 πως
2855 5392 3003 5444 θύσω
3041 5393 3155 5451 τοῖς
3205 5389 3350 5452 θεοῖς
3397 5405 3491 5442 σου
3521 5428 3537 5453 ,
3604 5387 3744 5440 ἀλλὰ
3799 5387 4035 5439 πάντοτε

2465 5485 2941 5556 ιξομολογήσομαι
2974 5480 3050 5550 τῷ
3091 5482 3285 5550 κυρίῳ
3334 5497 3440 5548 μου
3485 5478 3584 5532 ἐπὶ
3616 5479 3840 5531 πάντων
3862 5477 3958 5529 καὶ
3979 5477 4036 5530 έν

2473 5581 2622 5652 μέσῳ
2654 5575 2864 5631 πολλῶν
2908 5574 3107 5628 αίνέσω
3132 5571 3316 5628 αὐτόν.
3345 5571 3410 5624 Al
3443 5569 3502 5623 δέ
3533 5568 3758 5642 βάσανοι
3791 5584 3887 5622 σου
3913 5568 4039 5639 ἐμοὶ

2465 5674 2544 5733 είς
2573 5668 2813 5738 εὐωχίαν
2868 5667 3132 5735 γίνονται,
3189 5665 3307 5725 καὶ,
3333 5663 3554 5716 είδοκεῐ
3603 5679 3708 5727 σοι,
3737 5660 4035 5730 δοκίμισον

2463 5761 2636 5815 τοῦτο,
2675 5761 2734 5813 ’0
2766 5757 2821 5811 ὁὶ
2844 5759 3026 5828 ἄρχω-ι
3067 5755 3160 5808 ιπὶ
3194 5739 3413 5825 ’πολλὴν
3442 5755 3538 5824 τὴν
3590 5751 3740 5821 ὥραν
3776 5753 3842 5823 τῇ
3890 5749 4032 5821 χειρὶ

2465 5853 2561 5915 τὴν
2593 5852 2714 5916 δζιιν
2746 5847 2908 5904 αὐτοῦ
2941 5849 3242 5913 σκεπάσας,
3267 5847 3583 5915 ἐδακρυσεν,
3617 5845 3689 5908 ὡς
3740 5847 3830 5898 καὶ
3857 5845 4031 5897 πάντα
