4260 6430
214 389 322 450 509

1033 382 1500 443 MARTYRIUM
1541 384 1598 444 s.
1644 345 1932 442 τιιιίιδι
1978 384 2069 440 ετ
2112 384 2525 446 SOClORUM.

3352 389 3458 449 510

214 501 315 568 τὴν
344 496 685 567 προστασίαν
725 493 834 547 τῶν
858 492 1136 565 δημοσίων
1176 492 1320 553 τινος
1360 490 1784 564 ,ξπιτετραμμέ-
1819 495 1857 549 Α
1894 491 1896 543 l

1777 520 1784 529 -
1819 495 1857 549 Α
1894 491 1997 545 bus
2024 493 2219 560 punire
2242 491 2611 553 Christianos,
2664 494 2896 548 maxime
2924 496 3125 562 quibus
3161 510 3281 550 crat
3309 516 3459 551 cum-

215 605 367 652 νους,
422 586 780 656 παρέστησαν
844 578 992 636 οὗτοι
1046 579 1506 650 τυραννουμένοις
1538 580 1649 641 τοῖς
1696 580 1789 631 τοῦ

212 678 355 731 Θεοῦ
381 679 592 745 νόμοις,
639 677 733 729 καὶ
760 676 874 738 τοῖς
927 674 1028 742 τῆς
1084 671 1368 730 εὐσεϐείας
1414 670 1792 739 ἀδικουμένοις

214 772 441 840 θεσμοῖς
471 768 861 839 βοηθήσοντες,
896 766 995 819 καὶ
1023 765 1225 834 πολλὴν
1262 765 1397 833 ὅσην
1442 761 1537 815 καὶ
1590 761 1658 840 δι’
1715 755 1791 813 ῶν

214 856 395 922 εἶπον,
429 860 520 912 καὶ
570 853 739 911 δι’ὦν
783 856 1005 919 έπαθον,
1057 857 1157 925 τὴν
1210 855 1384 927 ῥοπὴν
1418 854 1786 918 έπιδείεαντο.

220 954 485 1021 Ἔρχεται
517 950 626 1020 γάρ
655 965 742 1013 τις
770 950 879 1003 ἀπὸ
915 952 1016 1018 τῆς
1048 948 1393 1016 Νικομήδους
1430 946 1520 1000 διὰ
1556 947 1787 1008 Νικαίας

214 1046 313 1097 ἐπὶ
338 1044 437 1113 τὴν
477 1042 833 1113 θρεψαμένην
877 1042 1075 1103 αὐτοὺς
1109 1042 1288 1105 πόλιν,
1325 1040 1448 1109 ἥτις
1483 1041 1788 1110 Καισάρεια

215 1136 282 1187 ἒκ
317 1151 460 1195 τινος
477 1117 585 1185 τῶν
609 1131 855 1185 παλαιῶν
882 1132 1127 1185 ἐκαλεῖτο
1159 1131 1478 1200 Καισάρων,
1510 1130 1789 1198 Κουμσρί-

220 1242 337 1286 νιος
366 1224 559 1291 ὄνομα,
579 1222 740 1284 ναοὺς
767 1222 1003 1274 είδώλων
1047 1221 1140 1273 καὶ
1178 1220 1395 1289 βωμοὺς
1449 1222 1545 1273 καὶ
1575 1220 1787 1285 θυσίας,

225 1317 323 1367 καὶ
356 1316 409 1367 ei
438 1331 489 1367 τι
529 1315 657 1368 ἄλλο
686 1314 903 1384 δαίμοσι
952 1314 1311 1383 χαριζόμενον
1363 1308 1451 1382 ἦν,
1476 1313 1565 1366 διὰ
1609 1299 1789 1382 stach

220 1405 880 1476 ἐπιμελείαςτιθὲμενος·
909 1407 1009 1457 οὐκ
1052 1407 1259 1467 έκεῖνος
1294 1405 1350 1458 δὲ
1400 1404 1572 1458 ταῦτα
1629 1406 1789 1473 μόνον

220 1500 359 1549 ἀλλα
395 1500 490 1550 καὶ
519 1498 619 1568 τὴν
648 1498 825 1550 πᾶσαν
850 1498 1130 1549 κοινωνεῖν
1166 1496 1312 1567 αὑτῷ
1368 1497 1467 1565 τῆς
1501 1498 1789 1563 άνοσιουρυ

222 1592 348 1654 tia;
381 1588 854 1658 φιλοτιμούμενος,
891 1588 987 1639 καὶ
1038 1592 1164 1650 τοὺς
1192 1587 1291 1656 μὲν
1340 1587 1592 1649 ἀπειλαῖς
1621 1602 1790 1637 κατα-

221 1685 495 1750 πλήττων,
528 1682 650 1742 τοὺς
690 1679 745 1731 δὲ
775 1680 873 1732 καὶ
934 1679 1155 1746 ἀγαθῶν
1211 1679 1393 1732 ἐλπίσι
1443 1678 1789 1747 παρακρουό-

226 1787 409 1835 μενος.
434 1768 664 1830 Λεύκιος
693 1767 749 1819 δὲ
782 1768 891 1819 τῶν
913 1768 1053 1819 κατὰ
1086 1766 1186 1834 τὴν
1210 1768 1364 1818 πόλιν
1384 1766 1474 1819 διά
1523 1782 1583 1818 τε
1635 1766 1791 1818 σύνε-

1892 600 2058 638 mtssa
2097 583 2279 651 aliqua
2313 584 2640 653 praefectura
2673 585 3008 655 reipublicae,
3054 588 3349 642 astiterunt
3380 589 3457 653 hi,

1889 690 2048 743 opem
2079 674 2244 728 laturi
2283 674 2375 728 Dei
2414 674 2649 744 legibus,
2681 676 2733 728 in
2784 691 2921 744 quas
2965 677 3327 731 exercebatur
3375 687 3461 747 ty-

1889 764 2098 828 rannis,
2152 776 2208 819 et
2268 765 2490 833 pietatis
2548 779 2801 833 veraeque
2874 766 3155 835 religionis
3219 766 3459 830 ritibus,

1887 857 2093 926 quibus
2145 856 2309 911 ﬁebat
2344 857 2566 927 injuria,
2599 866 2657 911 et
2686 873 2785 927 per
2808 872 2893 920 ea,
2921 873 3042 926 qua:
3086 856 3365 922 dixerunt,
3404 867 3461 911 et

1888 964 2009 1018 quae
2043 950 2187 1017 passi
2221 960 2370 1013 sunt,
2426 951 2721 1019 plurimum
2773 951 3073 1020 adjumenti
3128 951 3457 1005 attulerunt.

1891 1038 2049 1095 Venit
2076 1039 2224 1094 enim
2254 1034 2476 1109 quidam
2533 1057 2598 1095 ex
2646 1040 2966 1095 Nicomedia
2999 1056 3098 1110 per
3130 1042 3365 1095 Nicaeam
3393 1042 3459 1096 ad

1887 1149 2034 1198 eam,
2082 1148 2205 1202 quae
2251 1132 2398 1202 ipsos
2460 1133 2616 1193 aluit,
2663 1132 2963 1191 civitatem.
3022 1148 3143 1201 quze
3190 1132 3334 1186 dicta
3380 1143 3463 1186 est

1886 1227 2130 1282 Caesarea
2159 1239 2189 1278 a
2218 1224 2455 1293 quodam
2504 1238 2571 1277 ex
2606 1223 2885 1277 veteribus
2912 1222 3220 1278 Caesaribus
3241 1223 3464 1278 nomine

1888 1318 2262 1380 Cumbricius,
2299 1317 2388 1380 cui
2444 1331 2653 1385 magna!
2684 1332 2830 1371 cura:
2858 1323 3014 1369 erant
3048 1315 3247 1382 templa
3284 1315 3463 1368 simu-

1887 1408 2183 1471 lacrorum,
2217 1422 2433 1475 araeque
2483 1418 2539 1461 et
2586 1408 2874 1469 sacriﬁcia,
2929 1416 2986 1460 et
3036 1406 3079 1459 si
3135 1405 3268 1474 quid
3316 1408 3463 1461 aliud

1888 1510 2010 1556 erat
2042 1510 2254 1569 gratum
2286 1498 2648 1553 daemonibus.
2678 1499 2796 1553 Non
2830 1499 2919 1552 ille
2951 1509 3135 1551 autem
3159 1498 3273 1550 haec
3294 1497 3459 1556 solus,

1888 1593 1985 1648 sed
2044 1591 2209 1644 etiam
2260 1589 2652 1653 contendebat,
2710 1599 2770 1643 ut
2830 1589 3123 1641 universus
3184 1586 3464 1640 exercitus

1893 1683 2026 1738 facti
2088 1683 2254 1751 hujus
2290 1680 2489 1735 nefarii
2527 1690 2673 1734 esset
2722 1694 2846 1733 cum
2887 1693 2955 1732 eo
3010 1678 3284 1746 particeps
3343 1693 3356 1729 ε
3407 1686 3465 1730 et

1889 1775 2029 1829 alios
2065 1772 2289 1843 quidem
2322 1772 2565 1826 terrebat
2602 1770 2785 1831 minis,
2831 1770 2969 1823 alios
3002 1783 3131 1822 vero
3180 1768 3464 1834 promissis

223 1877 308 1910 σιν
336 1859 425 1911 καὶ
459 1858 707 1911 παιδείαν
737 1858 1006 1928 ἐπίσημος
1035 1857 1131 1923 ὢν,
1162 1858 1298 1911 ἀλλὰ
1323 1860 1415 1910 καί
1445 1858 1636 1924 γένους
1667 1859 1788 1908 ὲπι-
1820 1850 1861 1905 Β
1891 1884 1905 1923 ε

1783 1884 1788 1896 ’
1820 1850 1861 1905 Β
1891 1877 1948 1923 et
1976 1882 2073 1935 spe
2106 1867 2373 1920 bonorum
2408 1862 2722 1918 inducebat.
2751 1862 2953 1915 Lucius
2985 1875 3115 1912 vero
3143 1900 3156 1921 ,
3196 1860 3287 1927 qui
3321 1859 3465 1913 inter

221 1952 449 2019 φανοῦς,
477 1950 665 2021 ῶσπερ
700 1950 907 2020 ἔφημεν
935 1989 952 2015 ,
988 1951 1082 2002 καὶ
1148 1950 1325 2011 οίκίας
1364 1950 1474 2003 τῶν
1533 1948 1788 2018 περιϐλέ-
1892 1976 1903 2013 ε

1783 1976 1788 1988 '
1892 1959 2040 2013 cives
2065 1965 2262 2011 eratet
2286 1956 2577 2025 prudentia
2610 1962 2666 2009 et
2691 1953 2941 2006 doctrina
2982 1951 3232 2019 insignis,
3257 1962 3313 2004 et
3344 1962 3465 2003 erat

220 2063 397 2103 πτων.
429 2046 619 2114 ἠνιᾶτο
645 2043 832 2102 δεινῶς
876 2044 969 2095 ἐπὶ
999 2043 1207 2106 τούτοις
1236 2045 1331 2095 καὶ
1357 2044 1503 2113 ζήλῳ
1538 2043 1666 2111 θείῳ
1692 2040 1789 2111 τὴν
1888 2066 1902 2105 ε

1782 2061 1789 2089 ν
1888 2052 2055 2105 etiam
2105 2063 2305 2118 genere
2338 2048 2541 2108 clarus,
2588 2044 2731 2099 sicut
2766 2044 3026 2105 diximus,
3078 2053 3135 2096 et
3165 2058 3230 2096 ex
3268 2042 3464 2095 illustri

218 2138 401 2206 ῥινί-ην
450 2137 893 2204 κατεπίμπρατο.
955 2134 1237 2189 Ἐντεῦθεν
1289 2135 1408 2187 οὐδὲ
1455 2136 1656 2204 ἢνεγκε
1693 2133 1788 2185 τοῦ
1890 2146 1900 2197 ι

1785 2157 1788 2176 ’
1890 2143 2121 2205 familia,
2153 2150 2377 2211 propter
2413 2140 2527 2193 haec
2560 2137 2715 2193 valde
2748 2137 3049 2206 angebatur
3072 2135 3280 2195 animo.
3328 2133 3467 2188 divi-

222 2227 413 2281 λοιποῦ
436 2229 533 2294 τὴν
569 2226 851 2279 εὐσέϐειαν
886 2228 1256 2281 λανθάνουσαν
1284 2225 1454 2296 έχειν,
1479 2227 1601 2279 οὐδὲ
1627 2226 1791 2278 κατέ-

224 2340 342 2391 χειν
370 2320 462 2373 ἐπὶ
485 2320 646 2371 πλέον
668 2320 767 2388 τὴν
790 2322 1132 2389 παρρησίαν,
1160 2319 1297 2371 ἀλλὰ
1323 2320 1417 2371 τὸν
1443 2320 1565 2371 τότε
1597 2319 1787 2389 καιρὸν

222 2414 668 2484 ἐπιτηδειότατον
702 2408 1013 2466 εἷναιῶστε
1067 2413 1275 2482 ταύτην
1335 2412 1502 2483 δήλην
1556 2413 1789 2482 ποιήσα-

222 2509 351 2558 σθαι
382 2505 607 2571 οἰηθεὶς,
643 2505 736 2557 καὶ
766 2505 825 2557 ὃν
851 2509 913 2557 ὲκ
948 2504 1144 2556 πολλοῦ
1172 2504 1329 2558 ῶδινι
1362 2504 1526 2572 ζῆλον
1573 2502 1790 2572 ἐμφανῆ

222 2600 569 2667 καταστῆσαι
600 2599 673 2658 ώς
710 2593 855 2666 εἶχεν
888 2599 1051 2660 εὐθὺς
1090 2596 1164 2666 τῷ
1185 2598 1281 2666 τῆς
1335 2596 1591 2658 ἀσεϐείας
1655 2598 1794 2647 una.

222 2692 429 2760 σςπισιῇ
465 2690 743 2757 παραστάς
778 2706 791 2719 ·
837 2689 1022 2753 Ἰνατί,
1076 2706 1152 2759 φη
1190 2691 1266 2753 ὶν,
1323 2682 1367 2741 ὦ
1427 2688 1791 2758 Κουμὸρίκιε,

219 2783 502 2851 δυστυχῶς
528 2780 668 2832 οὕτω
699 2781 788 2833 καὶ
822 2780 1022 2843 ἀθλίως
1046 2782 1185 2835 κατὰ
1209 2782 1307 2850 τῆς
1354 2781 1563 2842 οίκείας
1596 2781 1792 2850 ὁπλίζῃ

222 2872 429 2940 ψυχῆς.
467 2872 769 2941 ἀναίσθητα
791 2872 1059 2939 δαιμόνων
1085 2873 1177 2924 καὶ
1207 2872 1365 2939 κωςὰ
1382 2871 1554 2941 τιμῶν
1575 2872 1790 2935 εἴδωλα,

226 2963 324 3013 καὶ
364 2963 441 3023 εἰς
474 2962 759 3013 κοινωνίαν
799 2962 1027 3024 πολλοὺς
1078 2962 1286 3031 ταύτης
1345 2962 1795 3031 παραλαμδάνων

224 3057 325 3120 τῆς
359 3052 805 3118 κακοδαιμονίας,
847 3054 931 3105 ἵνα
962 3053 1058 3106 καὶ
1093 3054 1277 3107 αύιῶν
1306 3053 1471 3106 λίθων
1500 3055 1592 3105 καὶ
1623 3053 1795 3117 ξύλων

1894 2250 2077 2304 noque
2112 2235 2230 2289 zelo
2275 2234 2395 2302 ejus
2422 2229 2860 2286 inflammabatur
2901 2228 3139 2282 animus.
3187 2227 3326 2282 Hinc
3386 2227 3466 2281 fa-

1893 2341 2045 2384 ctum
2081 2338 2184 2392 est,
2216 2338 2276 2382 ut
2303 2327 2370 2381 de
2399 2337 2596 2382 caetero
2617 2340 2725 2379 non
2754 2323 2988 2392 amplius
3003 2322 3274 2375 occultam
3300 2319 3468 2374 habe-

1894 2434 1976 2475 ret
2033 2421 2318 2488 pietatem,
2371 2431 2553 2486 neque
2604 2416 2839 2485 amplius
2894 2413 3207 2467 contineret
3237 2412 3455 2466 dicendi

1894 2513 2204 2567 libertatem
2237 2527 2249 2562 :
2280 2508 2374 2563 sed
2408 2509 2552 2561 illam
2586 2504 2906 2560 ostendendi
2931 2503 3466 2573 opportunissimum

1894 2605 1997 2659 hoc
2032 2614 2246 2672 tempus
2270 2616 2390 2655 esse
2418 2607 2585 2665 ratus,
2611 2608 2667 2654 et
2690 2599 2743 2652 in
2767 2600 2943 2652 lucem
2966 2597 3271 2665 proferendi
3292 2595 3470 2650 zelum

1892 2711 2051 2764 quem
2081 2693 2288 2763 jamdiu
2315 2691 2674 2761 parturiebat,
2702 2690 2769 2743 ad
2796 2689 3091 2759 impietatis
3123 2688 3468 2741 defensorem

1897 2787 2165 2841 continuo
2197 2783 2465 2837 accedens
2495 2800 2509 2836 :
2543 2781 2673 2846 Cur,
2709 2781 2910 2851 inquit,
2937 2796 2971 2834 ο
3000 2780 3306 2843 Cumbrici,
3362 2788 3470 2833 tam

1896 2879 2099 2932 misere
2126 2886 2181 2931 et
2218 2874 2513 2929 infeliciter
2546 2873 2598 2926 in
2632 2881 2781 2925 tuam
2807 2872 3043 2926 armaris
3071 2872 3335 2932 animam,
3362 2871 3473 2924 tlte-

1896 2983 2119 3022 monum
2174 2965 2456 3020 insensilia
2488 2974 2544 3018 et
2582 2963 2747 3016 surda
2781 2962 3018 3017 adorans
3063 2962 3358 3016 simulacra
3417 2969 3474 3016 et

1898 3062 2100 3115 multos
2149 3072 2440 3113 assumens
2488 3056 2557 3110 ad
2615 3055 2936 3109 societatem
2999 3053 3253 3107 infaustae
3310 3053 3473 3123 hujus

223 3145 502 3215 ἅνθρωποι
534 3146 790 3212 φανῶμεν
822 3146 1291 3214 άναισθητότεροι,
1344 3146 1463 3198 δέον
1494 3146 1796 3212 ἐπιγνῶναι
1825 3183 1867 3239 c
1902 3175 1905 3207 ι

1788 3163 1796 3195 ι
1825 3183 1867 3239 c
1902 3151 2331 3223 superstitionis,
2368 3160 2428 3204 ut
2459 3150 2545 3203 vel
2594 3148 2734 3239 ipsis
2774 3146 3050 3215 lapidibus
3078 3158 3133 3200 ct
3162 3146 3326 3215 lignis
3387 3146 3470 3197 vi-

228 3237 434 3305 μᾶλλον
465 3238 637 3307 άληυῆ
656 3236 787 3288 Θεὸν
814 3241 907 3290 καὶ
932 3237 1158 3306 Σωτῆρα
1192 3236 1287 3292 καὶ
1319 3237 1393 3307 τῷ
1422 3236 1564 3306 φωτὶ
1602 3255 1799 3307 πορευ-

226 3328 391 3390 θῆναι
418 3328 512 3396 τῆς
534 3328 811 3397 ἀληθείας,
843 3328 903 3381 τὸ
929 3327 1025 3397 τῆς
1057 3328 1262 3394 πλάνης
1289 3330 1477 3389 σκότος
1503 3328 1597 3380 καὶ
1621 3328 1800 3379 πᾶσαν

224 3423 435 3487 ταύτην
468 3419 833 3481 ἀπολιπόντας
863 3420 962 3488 τὴν
1011 3420 1381 3488 ματαιότητα;

305 3596 376 3648 Γ.
418 3596 605 3648 Ταῦτα
648 3597 785 3665 προς
808 3597 898 3649 τὸν
929 3599 1171 3667 ηγεμόνα
1203 3598 1298 3651 τοῦ
1342 3599 1574 3651 Λευκίου
1609 3601 1666 3653 έν
1705 3602 1803 3672 ἁρ-

224 3690 352 3757 χαῖς
379 3688 459 3739 ἔτι
489 3688 576 3739 καὶ
607 3688 912 3757 προοιμίοις
972 3689 1239 3753 εἰπόντος,
1289 3692 1315 3743 ὁ
1359 3691 1549 3760 ἄφρων
1595 3694 1800 3755 ἐκεῖνος

224 3783 322 3833 καὶ
355 3780 586 3849 ίσχυρῶς
616 3782 867 3849 ἀνόητος,
906 3781 1123 3850 δηχθεὶς
1179 3784 1279 3852 τὴν
1323 3782 1526 3853 ψυχὴν,
1581 3788 1672 3838 καὶ
1725 3785 1802 3847 ὼς

224 3872 447 3924 ἀνόσιόν
472 3888 523 3922 τι
560 3872 652 3923 καὶ
699 3874 885 3925 σκαιὸν
934 3874 1173 3941 μισήσας
1230 3875 1328 3942 τὴν
1384 3878 1802 3946 πεπαρῤησιασ-

228 3966 399 4031 μένην
459 3962 715 4029 ἀλήθειαν
748 4004 759 4024 ,
798 3964 1007 4033 πληγῆς
1057 3966 1315 4017 ἐντείνειν
1387 3967 1591 4028 εὐθέως
1656 3966 1803 4036 αὐτῷ

226 4058 373 4106 κατα
407 4054 590 4105 νώτων
619 4055 895 4119 ἐκέλευεν,
934 4058 993 4107 οὐ
1023 4056 1181 4123 λόγου
1212 4061 1477 4127 πρότερον
1513 4058 1800 4125 μεταδοὺς,

225 4149 291 4198 ο)
321 4150 516 4212 πεῖραν
580 4146 908 4215 μεταγαγὼν
967 4150 1046 4209 είς
1106 4148 1415 4217 μετάθεσιν,
1467 4149 1577 4200 ἀλλ’
1631 4148 1805 4211 οὕτως

229 4239 459 4305 ἄκριτόν
492 4254 549 4288 τε
584 4239 675 4289 καὶ
702 4237 1068 4290 άὸασὰνιστον
1093 4238 1281 4308 ῶσπερ
1304 4242 1367 4292 ὲκ
1393 4238 1612 4309 πρώτης
1646 4240 1805 4293 ἀνέλ-

230 4348 426 4381 πιστον
460 4326 595 4383 εἶναι
643 4332 741 4400 τὴν
778 4331 1079 4401 μεταϐολὴν
1141 4338 1458 4395 πιστεύσας,
1510 4333 1804 4403 τιμωρίαις

232 4422 519 4485 ἐξέδωκεν.
576 4422 633 4473 ’0
696 4422 906 4492 μάρτυς
966 4424 1145 4476 τοίνυν
1204 4424 1371 4492 ἡδέως
1439 4426 1537 4487 τὰς
1592 4425 1803 4493 πληγὰς

1901 3243 2133 3298 deamur
2160 3242 2411 3295 homines
2436 3241 2619 3294 minus
2651 3238 2855 3293 habere
2881 3250 3077 3292 sensus
3104 3277 3118 3300 ,
3155 3252 3280 3291 cum
3310 3251 3473 3305 opor-

1903 3344 2016 3388 teat
2041 3334 2222 3402 potius
2250 3346 2549 3401 agnoscere
2581 3331 2755 3384 Deum
2789 3344 2978 3383 verum
3024 3338 3080 3383 et
3102 3328 3470 3391 Servatorem,

1902 3436 1959 3481 et
1982 3426 2267 3480 ambulare
2313 3425 2367 3477 in
2410 3423 2534 3477 luce
2572 3421 2840 3487 veritatis,
2870 3422 3063 3476 relicto
3090 3434 3280 3475 errore
3312 3428 3470 3478 tene-

1904 3519 2130 3573 brarum
2163 3529 2216 3569 et
2246 3515 2401 3568 omni
2436 3512 2719 3566 vanitate?

1976 3609 2066 3663 ΙΙΙ.
2103 3610 2228 3662 Haec
2257 3621 2380 3660 cum
2415 3605 2468 3659 in
2498 3604 2772 3673 principio
2797 3602 3029 3658 dixisset
3058 3602 3261 3657 Lucius
3282 3604 3475 3672 praesi-

1904 3702 1981 3765 di,
2015 3698 2282 3767 insipiens
2315 3696 2425 3758 ille,
2459 3706 2514 3749 et
2563 3695 2723 3762 plane
2778 3709 2989 3757 amens,
3020 3693 3202 3747 animo
3238 3710 3470 3759 morsus,

1902 3803 1956 3847 et
1989 3801 2246 3859 tanquam
2282 3787 2507 3855 impium
2543 3786 2673 3855 quid
2701 3795 2757 3840 et
2786 3786 3072 3839 sinistrum
3097 3825 3113 3849 ,
3141 3787 3314 3840 libere
3350 3802 3475 3855 pro-

1903 3886 2069 3938 latam
2115 3882 2242 3936 odio
2308 3881 2516 3933 habens
2573 3878 2886 3943 veritatem,
2937 3880 3057 3947 ejus
3105 3888 3258 3948 tergo
3288 3880 3493 3933 statim-

1899 3975 2065 4043 jussit
2091 3972 2256 4041 inﬂigi
2284 3972 2488 4040 plagas,
2518 3978 2573 4025 et
2604 3984 2705 4024 nec
2746 3984 2871 4023 eum
2919 3972 3074 4034 prius
3112 3971 3471 4036 conveniens,

1904 4072 2009 4119 'nee
2054 4075 2291 4127 tentans,
2339 4078 2406 4114 an
2459 4076 2583 4115 eum
2608 4073 2791 4129 posset
2824 4076 2853 4114 a
2898 4077 2994 4115 sua
3034 4061 3320 4115 traducere
3349 4077 3474 4116 sen-

1906 4156 2115 4210 tentia:
2158 4153 2253 4207 scd
2282 4152 2489 4206 indit-ta
2517 4168 2677 4206 causa
2718 4160 2774 4205 et
2817 4152 2951 4206 citra
2988 4153 3149 4206 ullam
3197 4156 3481 4208 examina-

1907 4246 2133 4308 tionem,
2182 4256 2243 4298 ut
2285 4245 2377 4313 qui
2432 4246 2682 4299 crederet
2729 4245 2931 4297 nullam
2956 4260 3079 4299 esse
3105 4262 3258 4313 spent
3294 4256 3480 4298 muta-

1907 4336 2094 4399 tionis,
2127 4336 2357 4391 tradidit
2404 4337 2794 4391 cruciandum.
2827 4337 3031 4407 Martyr
3062 4345 3246 4403 itaque
3288 4338 3477 4407 plagas

1908 4430 2031 4483 illas
2086 4429 2321 4483 libenter
2370 4430 2671 4495 accipiens,
2719 4438 2775 4482 et
2806 4439 3031 4497 propter
3062 4444 3155 4481 eas
3183 4429 3472 4482 Dominum

232 4515 453 4572 ὲκείνας
486 4514 791 4583 δεχόμενος,
825 4514 1034 4568 καὶτὸν
1067 4515 1272 4584 Κύριον
1310 4513 1396 4566 ἐπ’
1428 4515 1621 4578 αὑταῖς
1652 4515 1801 4566 εύλο-
1837 4537 1878 4591 D
1905 4522 1914 4575 ]

1791 4543 1801 4553 -
1837 4537 1878 4591 ι)
1905 4521 2168 4581 laudans,
2202 4521 2453 4575 incitavit
2486 4520 2773 4588 praesidem
2820 4520 2887 4573 ad
2943 4519 3101 4588 longe
3134 4520 3393 4589 majorem
3418 4530 3473 4575 et

230 4607 371 4674 γῶν,
413 4608 491 4669 είς
525 4608 745 4675 μείζονα
783 4607 996 4660 πολλῶν
1020 4608 1112 4660 καὶ
1159 4606 1551 4678 χαλεπωτέραν
1602 4607 1800 4675 μανίαν

228 4702 323 4750 τὸν
352 4699 597 4767 ἡγεμόνα
658 4698 945 4767 ἡρέοιζενο
1014 4699 1208 4767 άμέλει
1273 4698 1367 4750 καὶ
1428 4698 1800 4768 σφοδροτέρων

152 4859 157 4862 γ
229 4791 416 4857 διυτῴ
458 4789 751 4842 καθίστατο
817 4790 1042 4858 πληγῶν
1092 4790 1298 4850 αῖτιο,⁶
1331 4789 1488 4841 τοῦτο
1548 4791 1656 4859 γὰρ
1711 4792 1802 4841 και

228 4880 493 4947 ἠόούλετο
520 4880 587 4931 δι’
619 4881 859 4949 ἀμοιϐῶν
905 4882 1121 4940 πάντως
1152 4876 1416 4946 μειζόνων
1451 4880 1747 4949 ἐπιθυμίαν
1781 4893 1795 4908 ·

227 4979 338 5037 itu;
376 4975 427 5025 οἵ
450 4991 505 5025 τε
531 4974 710 5043 δήμιοι
740 4974 985 5031 παίοντες
1018 4972 1242 5039 ἔκαμον,
1272 4971 1363 5025 καὶ
1385 4971 1445 5023 τὸ
1464 4972 1627 5024 αὑτοῦ
1648 4973 1805 5026 ἀπεί-

234 5084 378 5137 ρηκε
407 5067 589 5134 σῶμα,
622 5066 949 5135 κατατρισὲς
974 5064 1072 5134 ήδη
1100 5066 1392 5133 γενόμενον
1409 5068 1526 5129 ταῖς
1545 5068 1800 5135 πληγαῖς.

229 5158 411 5219 Αὐτὸς
434 5156 490 5208 δὲ
524 5156 620 5227 τὴν
655 5157 787 5226 πρὸς
817 5156 947 5208 Θεὸν
970 5155 1233 5209 ἀνάλυσιν
1286 5154 1509 5223 ηὔχετο,
1557 5158 1801 5225 ἐντυχεῖν

235 5251 436 5318 εκείνῳ
472 5248 679 5315 ποθῶν,
714 5249 797 5315 ἐφ’
824 5243 867 5315 ᾧ
908 5247 1279 5299 κατανεύοντα
1345 5245 1547 5315 μᾶλλον
1588 5248 1679 5298 καὶ
1712 5248 1801 5297 τὸν

235 5342 487 5410 ἡγεμόνα
518 5338 684 5408 εἶχεν,
709 5336 792 5393 οἷα
825 5344 878 5394 δὲ
908 5342 1005 5411 τὴν
1030 5340 1162 5410 πρὸς
1194 5338 1435 5391 τοιοῦτον
1489 5340 1799 5408 ἀπαγορεύ-

230 5451 368 5487 οντα
400 5435 595 5500 πάλην,
624 5436 715 5486 και
741 5438 839 5503 τῆς
893 5434 1100 5487 ἐκείνου
1131 5432 1382 5501 γλώττης
1442 5434 1541 5499 τὴν
1582 5436 1798 5505 παρρη-

236 5526 366 5577 σίαν
394 5528 454 5577 οὺ
490 5528 745 5593 φέροντα.
776 5525 1295 5596 Τοιγαροῦν,εἘπεί
1361 5543 1463 5589 σοι,
1513 5531 1680 5598 φησιν
1708 5564 1724 5592 ,
1758 5523 1800 5583 ὦ

231 5616 462 5681 Λεύκιε,
496 5618 644 5685 φίλον
683 5620 709 5670 ό
742 5618 988 5681 θάνατος,
1018 5620 1149 5689 φέρε
1174 5636 1269 5672 σου
1299 5623 1364 5691 τῇ
1418 5619 1684 5691 ἐπιθυμίᾳ
1711 5622 1800 5674 καὶ

233 5709 401 5774 ἡμεῖς
432 5708 800 5776 χαρισώμεδα,
832 5708 1083 5777 καθάπερ
1107 5710 1200 5759 καὶ
1228 5709 1444 5771 πολλοῖς
1478 5710 1636 5779 ῐσμεν
1667 5710 1797 5761 πολ-

232 5802 397 5861 λάκις
426 5799 532 5851 τῶν
563 5803 758 5870 ὁμοέωέ
792 5803 1156 5871 πλανωμένων
1201 5801 1544 5871 Χριστιανῶν
1570 5802 1796 5871 χαρισασ

1907 4615 2218 4684 graviorem
2252 4614 2517 4667 furorem.
2564 4613 2686 4682 ipse
2715 4623 2863 4668 certe
2894 4612 2997 4664 fuit
3028 4612 3133 4666 sibi
3165 4627 3327 4666 causa
3355 4627 3473 4665 ma-

1903 4711 2085 4776 jorum
2120 4707 2395 4774 plagarum
2426 4722 2440 4757 :
2476 4720 2599 4757 nam
2632 4704 2738 4757 hoc
2777 4704 2942 4757 etiam
2989 4702 3215 4756 omnino
3252 4702 3470 4756 volebat

1908 4806 2137 4868 propter
2187 4797 2547 4864 cupiditatem
2608 4796 2875 4863 majorum
2931 4795 3467 4858 remunerationum,

1906 4890 2082 4941 donec
2127 4896 2182 4941 et
2231 4887 2601 4956 percutio-otes
2646 4884 2875 4938 lictores
2917 4883 3117 4937 defessi
3149 4893 3356 4943 essent.
3414 4892 3470 4937 et

1906 4980 2257 5047 defatigatum
2313 4988 2455 5032 esset
2513 4977 2630 5045 ejus
2693 4990 2915 5044 corpus,
2966 4976 3109 5043 quod
3146 4976 3319 5045 plagis
3362 4976 3476 5045 jam.

1906 5050 2084 5121 fuerat
2134 5068 2456 5121 contritum.
2510 5066 2629 5133 Ipse
2677 5080 2811 5119 vero
2862 5065 3233 5132 precabatur,
3289 5075 3347 5118 ut
3403 5064 3471 5117 ad

1904 5160 2073 5213 Deum
2126 5160 2515 5221 resolt'eretur,
2570 5157 2721 5209 illum
2787 5155 3083 5208 convenire
3132 5156 3477 5211 desiderans.

1907 5251 2274 5316 Quamobrem
2307 5258 2645 5302 annuentem
2679 5262 2899 5316 quoque
2937 5247 3126 5301 habuit
3158 5248 3479 5314 prazs'tdem,

1908 5351 1968 5395 ut
1999 5343 2092 5411 qui
2123 5342 2443 5409 desperaret
2486 5354 2546 5393 se
2577 5355 2705 5393 eum
2752 5354 2910 5407 posse
2954 5342 3174 5393 vincere
3205 5339 3259 5391 itt
3290 5350 3479 5392 certa-

1904 5436 2073 5499 mine,
2109 5446 2161 5486 et
2196 5433 2341 5485 illius
2370 5432 2566 5499 lingua
2594 5446 2702 5484 non
2733 5430 2901 5484 ferret
2930 5430 3264 5484 libertatem.
3320 5429 3477 5495 Quo-

1902 5524 2048 5577 uiam
2076 5538 2225 5591 ergo.
2261 5523 2463 5590 inquit,
2501 5537 2533 5574 ο
2560 5521 2717 5587 Luci,
2749 5536 2898 5576 mors
2931 5531 3015 5576 est
3048 5522 3144 5575 tibi
3175 5531 3352 5591 grata,
3374 5535 3473 5589 age

1905 5631 2009 5670 nos
2040 5630 2261 5683 quoque
2306 5615 2401 5666 tibi
2460 5613 2771 5682 largiamur,
2806 5613 2951 5681 quod
2991 5613 3293 5673 desideras,
3332 5626 3473 5681 quo-

1907 5708 2072 5761 modo
2104 5722 2203 5759 nos
2235 5706 2436 5759 scimus
2464 5720 2583 5758 cssc
2620 5705 2844 5773 largitos
2888 5704 3078 5758 multis
3118 5702 3472 5767 Christianis,

1902 5803 1994 5869 qui
2024 5800 2348 5853 fallebantur
2381 5798 2630 5853 similiter
2666 5817 2677 5850 :
2712 5808 2766 5853 ct
2788 5797 2968 5852 statim
2995 5797 3358 5865 jubt'tsancto
3389 5795 3466 5852 ci-
