4260 6430
819 405 921 470 511

2047 395 2334 459 MENSIS
2375 357 2810 456 (incanum.

3970 381 4082 446 διε

819 521 989 576 vitate
1020 514 1251 587 expulso
1290 522 1456 584 caput
1497 511 1790 581 amputari.
1845 509 2160 566 Ducebatur
2207 510 2394 579 itaque
2425 506 2469 563 Α

2425 506 2469 563 Δ
2501 522 2678 575 μενοι.
2700 508 2808 562 Καὶ
2827 505 3030 565 αὗτίκα
3063 504 3274 560 κελεύει
3329 503 3429 574 τῆς
3476 501 3683 562 πόλεως
3728 498 4078 570 inﬁmum

821 619 1072 683 martyra
1093 605 1405 670 lictoribus,
1427 620 1537 660 non
1567 612 1801 661 maestus
1840 618 1942 659 nec
1967 603 2188 668 timens,
2212 616 2392 672 neque

826 705 997 757 ullum
1013 697 1221 756 doloris
1230 697 1687 768 vestigium'vultu
1706 709 1888 766 prcae
1900 694 2112 758 terens,
2130 694 2229 750 sed
2245 702 2392 750 totus

825 795 985 848 laetus
1012 805 1066 848 et
1095 793 1317 857 alacris,
1339 792 1568 864 perinde
1597 806 1664 846 ac
1691 789 1737 846 si
1762 789 2158 854 abducentur,
2183 802 2296 842 non
2328 796 2392 843 ut

827 887 998 949 caput
1023 879 1076 934 ei
1107 890 1510 949 amputaretur,
1546 879 1640 934 sed
1673 879 1859 948 potius
1885 886 1947 932 ut
1972 887 2337 934 coronaretur
2370 894 2386 932 :

827 972 974 1040 quod
1005 972 1228 1042 quidem
1263 980 1385 1026 erat
1434 973 1488 1026 in
1522 970 1679 1026 callis
1717 981 2137 1026 consecuturus.
2195 970 2390 1026 Procul

825 1075 960 1129 ergo
988 1061 1261 1117 abductus
1292 1079 1320 1116 a
1346 1063 1589 1126 civitate,
1642 1063 1720 1117 sic
1744 1062 1834 1131 pie
1864 1071 2301 1126 consummatur,
2336 1070 2394 1118 et

825 1167 955 1208 vere
982 1151 1206 1208 beatum
1237 1158 1287 1209 ei
1316 1166 1478 1223 caput
1501 1163 1839 1226 amputatur.
1865 1154 1973 1210 Sed
2017 1170 2144 1210 eum
2170 1155 2391 1224 quidem

823 1243 935 1312 jam
967 1243 1235 1312 deinceps
1260 1244 1427 1299 habet
1452 1245 1677 1310 caelum,
1709 1259 1832 1314 quae
1859 1259 1969 1299 non
1993 1245 2391 1315 corrumpitur,

827 1348 1030 1389 corona
1055 1344 1318 1390 οοτοησιυ
1329 1349 1400 1390 m.

901 1603 989 1657 ιν.
1024 1601 1161 1659 Cum
1215 1614 1399 1658 autem
1449 1604 1750 1664 Cumbricii
1803 1609 1945 1664 fama
1977 1600 2392 1681 pervasisact'in

827 1707 861 1746 ο
887 1707 1019 1747 nues
1048 1702 1253 1762 partes,
1289 1703 1345 1748 et
1376 1694 1609 1749 laterent
1637 1711 1827 1751 omnes
1847 1696 2145 1753 Christiani
2173 1710 2396 1770 propter

828 1783 976 1839 illius
1002 1785 1414 1849 crudelitatem,
1445 1788 1634 1844 divino
1681 1789 1802 1844 zelo
1847 1790 2092 1861 undique
2147 1803 2395 1849 armatus

828 1873 1079 1944 Thyrsus
1162 1878 1307 1948 (erat
1361 1889 1544 1934 autem
1622 1880 1670 1936 is
1721 1897 1941 1952 quoque
1993 1885 2227 1940 honesto
2272 1887 2394 1942 loco

832 1969 1034 2036 natus),
1086 1977 1143 2023 et
1191 1971 1546 2040 proﬁciscens
1605 1989 1670 2029 ex
1730 1977 1952 2046 regione
2007 1978 2392 2051 Bithynorum,

829 2058 982 2112 venit
1003 2059 1053 2113 ei
1078 2060 1130 2114 in
1162 2073 1541 2131 conspectum,
1574 2074 1650 2130 et,
1695 2066 1875 2132 Salve,
1902 2067 2100 2138 inquit,
2126 2086 2161 2125 ο
2187 2072 2394 2142 optime

828 2165 1054 2220 praeses.
1094 2153 1230 2209 Cum
1266 2158 1314 2210 is
1352 2172 1484 2210 vero
1517 2157 1622 2226 ipsi
1651 2175 1871 2230 quoque
1905 2178 2094 2232 parem
2122 2166 2398 2222 reddidis-

830 2252 912 2295 set
942 2244 1329 2300 salutationem
1366 2264 1380 2300 :
1433 2246 1680 2314 Licetne,
1724 2251 1861 2306 dixit
1897 2253 2162 2326 Thyrsus,
2209 2257 2396 2314 dicere

827 2333 1008 2397 vobis,
1038 2337 1131 2405 qui
1165 2339 1360 2407 geritis
1389 2342 1740 2410 magistratus
1762 2386 1776 2407 ,
1816 2360 1882 2401 ea
1910 2361 2032 2415 qua:
2062 2349 2188 2417 quis
2219 2349 2396 2417 velit,

828 2440 899 2479 an
929 2427 1105 2483 solum
1134 2441 1351 2499 oportet
1397 2434 1594 2487 vestris
1634 2451 1694 2490 sc
1737 2437 1906 2507 jussis
1939 2440 2287 2508 submittere,
2340 2454 2397 2500 et

831 2532 934 2573 nec
964 2535 1152 2574 vocem
1182 2523 1403 2591 quidem
1433 2528 1663 2583 omnino
1709 2531 1962 2585 emittere
1989 2532 2012 2584 ἲ
2054 2533 2265 2590 Praeses
2295 2550 2394 2589 au-

831 2620 965 2678 tem,
991 2620 1051 2664 ut
1076 2611 1313 2677 videtur,
1345 2617 1552 2672 oblitus
1596 2622 2061 2688 quemadmodum
2100 2636 2227 2682 ante
2267 2643 2394 2682 eum

830 2714 953 2753 cum
995 2704 1164 2758 Lucio
1217 2707 1391 2774 egerit
1425 2725 1441 2760 :
1495 2707 1687 2774 Licet,
1726 2711 1940 2781 inquit;
1999 2730 2177 2786 neque
2208 2719 2302 2773 ulli
2340 2719 2393 2773 in

833 2789 986 2844 hunc
1017 2792 1162 2846 diem
1193 2794 1450 2866 adempta
1485 2797 1592 2852 l‘uit
1622 2800 1737 2856 hac
1761 2803 1986 2859 libertas
2015 2825 2028 2860 :
2065 2817 2124 2861 et
2163 2809 2398 2864 maxime

833 2882 878 2935 si
929 2898 990 2937 ea
1029 2885 1204 2952 posait
1251 2888 1458 2951 dicere,
1491 2907 1613 2960 quae
1657 2895 1712 2947 in
1758 2911 2051 2954 commune
2086 2901 2397 2958 conferant.

835 2971 1084 3043 Thyrsus
1141 2988 1378 3035 autem:
1428 2979 1712 3048 Quaenam,
1778 2987 1980 3056 inquit,
2029 2991 2401 3062 dici,possunt

834 3062 1057 3118 utilium
1095 3065 1163 3120 lii
1187 3083 1309 3136 qua:
1339 3073 1842 3140 prosuntanimaa?
1878 3075 1989 3147 Ego
2020 3079 2167 3133 enim
2191 3081 2403 3158 __vidcus

2492 597 2586 651 τὸν
2607 598 2766 667 ἅγιον
2789 593 3178 669 ἀποτμηθῆναι
3199 598 3299 670 τὴν
3320 595 3592 666 κεφαλήν,
3617 592 3821 662 Ἠγετο
3843 588 3947 646 οὖν
3968 588 4082 644 ὐπδ

2495 690 2608 744 τῶν
2636 690 2852 760 δημίων
2885 694 2915 745 6
2969 692 3204 762 μάρτυς,
3241 690 3306 743 οὓ
3346 686 3791 757 σκυθρωπάζων,
3838 683 3904 737 οὐ
3958 681 4076 735 δεε-

2494 782 2650 847 λιῶν,
2680 781 2835 835 οὐδὲν
2859 781 3170 851 κατηφείας
3192 781 3340 850 ίχνος
3363 778 3460 832 επὶ
3486 776 3588 847 τῆς
3631 775 3808 846 ὅψεως
3829 772 4080 842 6mi-

2494 893 2626 941 νων,
2652 877 2789 931 ἀλλά
2813 875 3034 946 φαιδρὸς
3049 876 3170 938 ὅλος
3190 874 3289 929 καὶ
3315 871 3574 944 εὔθυμος,
3598 871 3787 941 ὥσπερ
3806 872 3912 924 οὐκ
3934 869 4085 920 ἀπο-

2493 966 2766 1036 τμηθῆναι
2789 966 3010 1035 μάλλον,
3030 964 3170 1017 ἀλλά
3190 963 3488 1034 στεφθῆναι
3508 961 3608 1033 τὴν
3643 959 3888 1028 κεφαλὴν
3928 959 4082 1011 ἀπα·

2495 1059 2749 1127 γόμενος,
2777 1052 2950 1128 οὗπερ
2976 1058 3083 1128 ἀρα
3109 1057 3204 1110 καὶ
3233 1058 3419 1125 τυχεῖν
3447 1056 3508 1109 ιν
3555 1054 3803 1123 οὐρανοῖς
3845 1050 4078 1117 ἔμελλε.

2494 1149 2691 1222 Πόρῥω
2723 1148 2905 1202 τοίνυν
2940 1149 3043 1218 τῆς
3073 1149 3284 1211 πόλεως
3311 1145 3601 1216 ἀπαχθεὶς,
3622 1143 3797 1206 οὕτως
3827 1142 4082 1196 τελειοῦ·

2496 1259 2607 1306 ται,
2640 1242 2734 1295 καὶ
2766 1242 2866 1311 τὴν
2908 1241 3186 1311 μακαρίαν
3242 1238 3408 1301 δντως
3464 1236 3839 1307 ἀποτέμνεται
3893 1251 4085 1301 κεφα-

2496 1337 2630 1408 λῆνΐ
2653 1339 2814 1391 Ἀλλά
2835 1337 3023 1392 τοῦτον
3059 1336 3158 1405 μὶν
3189 1335 3290 1406 ήδη
3324 1331 3514 1386 λοιπὸν
3541 1324 3690 1400 εἶχεν
3741 1329 3769 1380 6
3811 1326 4080 1406 οὐρανὸς,

2499 1431 2753 1500 στεφάνῳ
2790 1447 2850 1484 τε
2884 1429 3153 1500 ἀφθάρτῳ
3189 1427 3662 1497 κατεστιμμίνον,
3694 1423 3790 1475 καὶ
3815 1419 4082 1489 ἀγγοοις

2499 1521 3046 1591 συνευφραινόμενον.

2569 1612 2640 1664 Δ⁹.
2674 1609 2959 1679 Πανταχοῦ
2984 1610 3041 1664 δι
3063 1610 3164 1678 τῆς
3207 1609 3349 1664 κατά
3378 1607 3471 1661 τὸν
3520 1605 3855 1673 Κουδρίκιον
3884 1602 4084 1671 φήμης

2496 1700 2923 1770 διαδραμούσης,
2974 1704 3068 1756 καὶ
3127 1699 3474 1771 Χριστιανῶν
3535 1698 3792 1752 ἀπάντων
3835 1694 3925 1746 διὰ
3981 1693 4084 1760 τὴν

2495 1791 2706 1845 ἐκείνου
2741 1793 3134 1862 κρυπτομένων
3165 1792 3454 1861 ὠμότητα,
3516 1789 3665 1861 ζήλῳ
3719 1785 3996 1840 πάντοθεν
4054 1786 4082 1837 6

2497 1884 2705 1954 Θόρσος
2731 1883 2859 1951 θείῳ
2879 1883 3264 1945 κσθοπλισθεὶς
3297 1882 3427 1953 (τῶν
3453 1880 3694 1949 εὐγενῶν
3714 1879 3770 1932 δὲ
3797 1879 3894 1931 κατ.
3921 1871 4082 1936 οὗτος

2493 1971 2607 2048 ἦν),
2637 1979 2734 2031 καὶ
2771 1977 2870 2046 τῆς
2890 1977 3056 2044 αὐτῆς
3081 1976 3189 2028 τῶν
3221 1974 3462 2028 Βιθυνῶν
3512 1973 3696 2043 χώρας
3723 1969 4079 2040 ὁρμώμενος.

2498 2070 2784 2138 πρόσεισιν
2818 2070 2910 2123 ἐπ’
2939 2069 3065 2138 δψιν
3099 2068 3269 2138 αὐτῷ.
3316 2071 3432 2131 καὶ,
3490 2066 3737 2138 Χαίροις,
3793 2063 3986 2132 φησὶν.
4037 2055 4082 2114 ὦ

2497 2162 2758 2233 κράτιστε
2790 2160 3032 2232 ἡγεμών.
3059 2161 3168 2214 Τοῦ
3199 2162 3255 2213 δὲ
3284 2160 3383 2230 τὴν
3425 2158 3551 2227 ἴσην
3589 2157 3684 2210 xui.
3708 2154 3878 2209 αὑτοῦ
3908 2154 4082 2223 πρόσ-

2497 2271 2656 2325 ρησιν
2687 2253 3201 2321 ἀνθ-ἀπενεγκόντος.
3239 2252 3512 2316 Ἔξεστιη,
3545 2247 3702 2302 εἶπεν
3758 2250 3786 2301 6
3841 2247 4080 2315 Θύρσος,

2495 2346 2674 2410 λέγειν
2702 2345 2836 2414 πρὸς
2873 2345 3015 2414 ὑμᾶς
3045 2344 3174 2406 τοὺς
3213 2343 3308 2396 ἰπὶ
3337 2343 3446 2396 τῶν
3503 2340 3689 2411 ἀρχῶν
3720 2341 3868 2408 ἀπερ
3897 2340 3970 2392 ἀν
3993 2354 4080 2399 τις

2496 2439 2593 2491 καὶ
2624 2437 2886 2506 βουλοιτο,
2919 2438 2950 2506 ἦ
2982 2439 3141 2507 μόνον
3170 2436 3505 2490 ὑποκύπτειν
3531 2436 3611 2489 δεῖ
3637 2437 3749 2498 τοῖς
3787 2433 4082 2504 ὑμετέροις

2498 2530 2905 2599 προστάγμασι.
2941 2528 3072 2597 μηδὲ
3109 2527 3354 2598 φθογγὴν
3380 2528 3514 2590 δλως
3546 2525 3943 2597 προϊεμένοῡς;
3975 2526 4083 2578 Καὶ

2500 2621 2529 2673 6
2548 2620 2789 2689 ἡγεμὼν,
2813 2620 2887 2682 ὡς
2912 2620 3111 2685 ἔοικεν,
3145 2619 3594 2690 ἐπιλελησμένος,
3626 2620 3774 2681 ὅπως
3803 2619 4084 2689 ἐχρήσατο

2501 2714 2605 2782 πρὸ
2630 2713 2822 2766 τούτου
2855 2715 3093 2783 Λευκίῳ,
3127 2712 3366 2778 Ἔξεστι,
3402 2715 3555 2782 φησὶ,
3587 2710 3683 2766 καὶ
3707 2712 3881 2773 οὐδεὶς
3916 2712 4079 2782 μέχρι

2500 2807 2600 2860 καὶ
2627 2807 2868 2877 τήμερον
2891 2809 2991 2877 τὴν
3033 2805 3347 2874 ἐλευθερίαν
3377 2806 3657 2876 ἀφῄρηται
3711 2804 3949 2873 ταύτην,
3987 2806 4082 2856 καὶ

2506 2898 2737 2968 μάλιστα
2765 2903 2813 2952 εί
2842 2901 2936 2952 καὶ
2956 2900 3148 2967 λόγους
3195 2899 3306 2969 ἔχει
3343 2897 3766 2960 λυσιτελοῦντας
3791 2897 3870 2968 τῷ
3911 2898 4081 2965 κοινῷ

2503 2992 2864 3061 φθέγγεσθαι.
2898 2991 3006 3044 Καὶ
3028 2992 3057 3044 6
3084 2990 3316 3061 Θόρσος,
3348 2991 3457 3044 Καὶ
3490 2990 3571 3053 τίς
3598 2989 3664 3043 ἀν
3703 2989 3914 3059 ἕτερος,
3955 2990 4081 3058 εφη,

2504 3087 2660 3150 λόγος
2695 3085 2787 3138 τοῦ
2819 3083 2916 3154 τὴν
2965 3083 3143 3152 ψυχὴν
3194 3082 3540 3150 ὠφελοῦντος
3601 3080 4080 3150 λυσιτελέστερος;

836 3161 890 3207 te
920 3155 1107 3210 multis
1145 3157 1403 3214 damnum
1436 3163 1756 3220 al'l‘erentem
1791 3167 1846 3221 in
1875 3185 1962 3233 eo,
1999 3172 2146 3240 quod
2181 3155 2265 3227 est
2315 3189 2400 3228 sa-
2429 3191 2473 3250 α
2517 3182 2518 3187 ‘

2397 3204 2400 3213 ν
2429 3191 2473 3250 C
2517 3175 2660 3246 Ἐγὼ
2691 3177 2798 3245 γὰρ
2826 3176 2972 3246 ὀρῶν
3008 3175 3234 3238 πολλοὺς
3257 3173 3335 3244 τῷ
3365 3173 3648 3244 κεφαλαίῳ
3685 3172 3997 3242 ζημιοῦντά
4023 3189 4079 3224 σε

835 3244 969 3300 lutis
996 3249 1350 3318 prmcipuum,
1385 3262 1439 3308 ct
1493 3271 1524 3309 a
1574 3267 1719 3312 recta
1766 3260 1989 3329 quidem
2039 3261 2403 3319 abducentem
2437 3244 2472 3250 ν
2505 3290 2517 3320 ς

2399 3288 2403 3318 ι
2437 3244 2472 3250 τ
2505 3244 2601 3340 τῆς
2633 3244 2905 3339 σωτηρίας
2955 3271 3051 3322 καὶ
3078 3271 3177 3338 τῆς
3220 3270 3314 3338 μὲν
3365 3268 3528 3345 ὀρθῆς
3555 3268 3871 3337 ἀφιστῶντα
3896 3266 4081 3333 δόξης.

838 3340 1114 3392 sententia
1149 3383 1163 3405 ,
1226 3343 1618 3402 miserabiliter
1667 3359 1852 3405 autem
1911 3353 2280 3410 abducentem
2335 3359 2403 3413 ad

838 3442 1083 3484 errorem
1118 3432 1546 3491 simulacrorum
1582 3457 1597 3493 :
1630 3448 1685 3495 et
1727 3443 1892 3512 plane
1921 3445 2104 3499 sciens
2151 3456 2203 3503 te
2238 3458 2404 3503 totam

840 3519 984 3588 ignis
1015 3522 1322 3590 gehennam
1352 3526 1405 3580 in
1436 3538 1590 3584 tuum
1616 3543 1800 3603 caput,
1828 3547 1924 3590 aut
1953 3537 2005 3591 in
2032 3539 2270 3593 animam
2305 3558 2407 3611 po-

840 3614 950 3666 tius
976 3617 1298 3684 accendere,
1334 3621 1462 3676 ἀυιί
1494 3626 1754 3694 expedire
1781 3643 1906 3682 cum
1935 3645 2020 3693 ea,
2050 3647 2155 3702 qua
2186 3649 2285 3702 par
2299 3644 2404 3699 est,

841 3702 1040 3760 fiducia
1076 3723 1139 3763 ac
1165 3710 1422 3769 libertate
1455 3715 1628 3771 libere
1659 3728 1840 3774 tecum
1875 3737 2036 3792 agere
2057 3765 2073 3790 ,
2117 3734 2406 3797 tecumque

841 3797 1136 3864 dissererc,
1164 3812 1219 3856 et
1249 3819 1315 3858 ex
1349 3815 1401 3862 te
1427 3809 1606 3876 scire,
1638 3826 1875 3880 quanam
1919 3817 1988 3870 de
2019 3832 2183 3873 causa
2214 3820 2408 3876 relicto

842 3891 966 3944 coeli
995 3901 1051 3945 et
1082 3902 1239 3950 terrae
1267 3907 1323 3952 et
1360 3899 1626 3956 hominun
1666 3903 1874 3976 Opiﬁce
1899 3947 1915 3970 ,
1949 3924 2114 3976 opera
2151 3927 2406 3968 manuum

843 3996 966 4048 quae
999 3981 1138 4038 facta
1167 3998 1292 4042 sunt
1323 3994 1389 4044 ab
1420 3992 1761 4064 hominibus,
1783 4001 2025 4061 statuisti
2063 4006 2245 4073 potius
2272 4007 2406 4061 ado-

845 4086 986 4137 rare,
1011 4073 1157 4144 ligno
1175 4079 1365 4136 dicens
1393 4105 1404 4137 :
1431 4083 1588 4140 Pater
1610 4103 1767 4143 meus
1788 4105 1847 4145 es
1874 4103 1953 4157 tu,
1985 4103 2044 4149 ut
2078 4096 2255 4152 dicam
2280 4114 2406 4152 cum

845 4161 1032 4219 ditiuo
1059 4168 1368 4240 Jeremia’;
1398 4186 1449 4230 et
1484 4177 1650 4247 lapidi
1681 4183 1799 4237 :Tu
1821 4200 1908 4240 me
1939 4190 2177 4255 genuisti
2209 4207 2222 4242 :
2255 4199 2311 4245 et
2341 4191 2406 4246 ad

845 4255 1043 4320 Deum,
1082 4262 1176 4329 qui
1217 4270 1266 4317 te
1302 4268 1511 4333 genuit,
1538 4277 1752 4341 tergum
1785 4286 2029 4339 vertens.
2082 4287 2138 4333 et
2180 4295 2288 4334 non
2329 4281 2408 4336 l'a-

846 4346 986 4401 ciem
1022 4358 1211 4410 tuam:
1244 4365 1300 4410 et
1327 4370 1489 4414 omne
1525 4362 1768 4418 studium
1816 4367 2126 4434 conferens,
2184 4373 2413 4428 nullam-

847 4454 955 4508 que
984 4443 1092 4495 vim
1134 4438 1223 4497 a'ut
1257 4451 1644 4507 necessitatem
1667 4460 2118 4527 przctermittens,
2147 4472 2206 4516 ut
2233 4465 2413 4518 omni-

2507 3363 2643 3432 πρὸς
2669 3363 2724 3414 δὲ
2763 3363 2862 3430 τὴν
2884 3363 2991 3415 τῶν
3014 3362 3250 3415 εἰδώλων
3270 3362 3488 3427 ἀπάτην
3520 3358 3769 3421 ἐλεεινῶς
3795 3360 4083 3426 ἀπαγόμεο

2508 3472 2618 3519 νον,
2657 3456 2750 3508 καὶ
2781 3453 3024 3524 ἀκριϐῶς
3048 3452 3204 3518 εἰδὼς
3232 3455 3316 3507 ὅτι
3341 3454 3510 3524 πυρὸς
3533 3454 3663 3523 ὃλην
3681 3454 3907 3518 γέενναν
3939 3453 4081 3505 κατά

2505 3543 2602 3613 τῆς
2660 3544 2864 3607 οἰκείας
2914 3543 3159 3613 κεφαλῆς
3239 3545 3501 3608 ἀνάπτεες
3549 3544 3582 3612 ἢ
3622 3544 3823 3611 μᾶλλον
3879 3542 4080 3614 ψυχῆς.

2508 3636 2791 3704 συμφέρον
2822 3635 3013 3706 ἔκρινα
3054 3634 3198 3704 μετά
3232 3635 3346 3703 ’τῆς
3365 3625 3378 3634 ’
3397 3634 3781 3704 προσηκούσης
3810 3634 4080 3702 ίλευθέρῳ

2508 3725 2824 3795 παρρησίας
2859 3723 3294 3794 προσενεχθῆναι
3346 3741 3449 3783 σοι,
3489 3726 3582 3777 καὶ
3611 3723 3933 3792 φιλαληθῶς
3968 3723 4079 3775 6t:-

2507 3817 2786 3888 λεχ¹ιῆναι,
2837 3819 2931 3870 καὶ
2970 3818 3159 3889 μαθεῖν
3219 3819 3344 3870 ὅτου
3411 3819 3574 3888 χάριν
3615 3818 3749 3870 Θεὸν
3798 3816 4080 3870 ἀπο“·ιπὼν

2510 3913 2744 3982 οὐρανοῦ
2775 3913 2868 3966 καὶ
2896 3913 3000 3981 γῆς
3031 3915 3125 3966 καὶ
3179 3914 3485 3984 ἀνθρώπων
3531 3914 3883 3984 δημιουργδν,
3947 3913 4079 3980 ἔργα

2509 4003 2711 4073 χειρῶν
2742 4005 2832 4055 ὑπ’
2881 4002 3181 4071 ἀνθρώπων
3230 4009 3576 4075 πεποιημένα
3605 4006 3847 4075 ᾑρετίσω
3907 4021 4077 4072 προσ-

2509 4097 2691 4146 κυνεῖν
2725 4095 2946 4164 μᾶλλον,
2978 4094 3057 4164 τῷ
3124 4093 3266 4164 ξύλῳ
3315 4095 3506 4160 εἰπὼν,
3564 4096 3643 4147 ὃτι
3685 4113 3703 4144 ι
3743 4097 3931 4162 Πατήρ
3984 4113 4080 4162 μου

2511 4179 2558 4237 εί
2580 4186 2666 4252 σὺ,
2701 4205 2717 4236 ι
2752 4187 2812 4239 τὸ
2841 4187 2934 4239 τοῦ
2983 4187 3129 4240 θείου
3181 4187 3345 4254 φάναι
3391 4187 3677 4256 Ἰερεμίου,
3702 4188 3796 4237 καὶ
3830 4187 3909 4256 τῷ
3931 4187 4081 4250 λίθῳ,

2516 4296 2535 4329 ι
2570 4279 2642 4331 ΣΞ)
2691 4278 2983 4348 ἑγέννησάς
3030 4295 3121 4346 με,
3164 4298 3182 4331 ι
3242 4280 3336 4331 καὶ
3385 4278 3638 4348 στρέφων
3689 4279 3781 4329 ἐπὶ
3835 4278 3971 4330 (εἰν
4001 4281 4086 4330 τὶν

2511 4370 2846 4440 γεννήσαντα
2903 4386 2961 4422 σε
3021 4369 3164 4423 νῶτα
3192 4372 3281 4422 καὶ
3305 4371 3366 4422 οὐ
3400 4371 3689 4440 πρόσωπόν
3742 4388 3857 4432 σου,
3909 4373 4084 4424 πᾶσάν

2510 4479 2568 4514 τε
2599 4463 2866 4530 εἰσφέρων
2897 4462 3153 4532 σπουδὴν,
3177 4464 3270 4515 καὶ
3298 4463 3450 4517 οὐδὲν
3476 4464 3599 4532 βίας
3643 4465 3675 4534 ἢ
3710 4465 3964 4532 ἀνάγκης
3997 4467 4080 4518 ὲλ.

848 4528 953 4584 bus
979 4533 1293 4591 Irominibns
1324 4540 1365 4593 si
1397 4539 1516 4597 ﬂeri
1550 4546 1744 4612 possit,
1781 4551 2134 4619 persuadeas,
2163 4561 2223 4608 ut
2257 4556 2412 4612 mala:
2443 4527 2485 4581 θ
2514 4553 2530 4604 ἳ

2396 4527 2862 4614 ablaturum-:05
2911 4555 3006 4606 καὶ
3060 4527 3270 4608 πάντας
3331 4542 3676 4624 ἀνθρώπους,
3728 4556 3775 4606 εί
3828 4556 4078 4620 δυνατὸν,

849 4624 1127 4693 opinionis
1155 4629 1266 4684 sint
1298 4640 1476 4688 tecum
1509 4639 1825 4710 participes.

924 4714 986 4769 ν.
1011 4719 1088 4771 Ad
1131 4720 1244 4776 haec
1278 4738 1484 4791 prmses
1518 4745 1532 4780 :
1565 4728 1882 4799 lmportuna
1911 4736 2028 4792 hinc
2048 4748 2104 4792 et
2136 4741 2306 4797 nimia
2337 4744 2414 4799 di-

851 4809 1013 4863 cendi
1039 4812 1286 4879 libertas,
1318 4819 1561 4874 ostendit
1604 4829 1655 4877 te
1695 4824 1944 4882 laborare
1974 4831 2167 4888 morbo
2195 4849 2412 4900 eorum,

851 4914 944 4970 qui
993 4903 1257 4958 oicuutur
1285 4905 1600 4967 Christiani.
1641 4912 2126 4975 Verumenimvero
2168 4923 2412 4980 inanium

854 4991 1050 5046 harum
1123 4996 1620 5069 interrogationum
1672 5011 1732 5057 et
1789 5021 2057 5077 nugarum
2111 5015 2416 5072 solutiones

857 5084 1015 5139 mitte
1067 5088 1134 5140 iis
1156 5128 1169 5146 .
1204 5089 1296 5157 qui
1337 5091 1534 5146 sedent
1569 5093 1625 5148 in
1656 5097 1879 5160 scholis,
1916 5102 2010 5170 qui
2043 5105 2282 5173 publicis
2307 5109 2420 5162 sci-

855 5175 984 5230 licet
1034 5186 1163 5231 sunt
1220 5182 1373 5236 curis
1425 5186 1607 5240 vacui.
1661 5187 1742 5241 illi
1793 5192 1939 5245 enim
1973 5194 2186 5264 singula
2218 5197 2413 5253 horum

856 5278 1045 5335 aperte
1077 5269 1175 5323 tibi
1211 5272 1446 5327 solvent.
1473 5277 1532 5328 In
1559 5281 1849 5347 praesentia
1873 5295 2054 5337 autem
2088 5288 2221 5340 cede
2249 5290 2416 5358 jussis

856 5356 1222 5426 imperatoris,
1255 5372 1312 5418 et
1336 5367 1624 5427 accedens.
1656 5371 1763 5426 diis
1790 5375 2055 5430 sacrifica.
2082 5378 2176 5433 Sin
2214 5356 2414 5450 minus,

858 5448 1299 5517 importunorum
1386 5455 1677 5512 verborum
1748 5473 2111 5532 opportunam
2173 5448 2420 5525 invenies

861 5551 1259 5600 tormentorum
1312 5555 1830 5609 remunerationem.
1887 5557 1981 5613 Ille
2030 5575 2225 5616 vero:
2278 5561 2416 5617 Cum

855 5629 1001 5696 sitis,
1052 5635 1250 5705 inquit,
1306 5638 1399 5695 Dei
1451 5642 1707 5712 ﬁgmenta
1761 5649 1974 5705 ratione
2021 5655 2267 5720 pra-dita,
2309 5673 2415 5726 qua

907 5816 932 5850 '
977 5819 1182 5878 larem.
1217 5825 1374 5880 1127.

2515 4647 2721 4708 πείσαι,
2755 4647 2850 4714 τῆς
2883 4646 3005 4716 ἴσης
3031 4646 3361 4711 κοινωνῆσαί
3404 4663 3486 4699 σοι
3520 4647 3865 4709 κακοδοξίας.

2589 4736 2664 4792 E'.
2728 4739 2869 4807 Πρὸς
2907 4737 3082 4791 ταῦτα
3134 4741 3161 4792 6
3206 4738 3462 4810 ἡγεμών·
3521 4739 3594 4791 Τὸ
3645 4740 3874 4808 ἀκαιρον
3931 4741 4080 4794 τοῦτο

2515 4830 2614 4900 τῆς
2647 4830 2961 4900 παρρησίας
3018 4831 3112 4882 καὶ
3167 4829 3425 4900 περιττὸν
3484 4829 3550 4884 τὰ
3599 4831 3708 4882 τῶν
3765 4832 4080 4901 λεγομένων

2515 4921 2861 4993 Χριστιανῶν
2922 4921 3180 4975 νοσοῦντα
3241 4923 3335 4974 aui
3395 4922 3452 4974 σὶ
3485 4923 3902 4992 παραδείχνυσι.
3943 4924 4081 4994 Πλὴν

2515 5016 2652 5070 ἀλλά
2683 5019 2782 5079 τὰς
2831 5015 2931 5086 μιν
2974 5015 3082 5067 τῶν
3145 5014 3392 5086 ματαίων
3457 5015 3660 5068 τούτων
3721 5016 3968 5069 πεύσεων
3995 5018 4079 5070 καὶ

2519 5107 2800 5179 φλυαριῶν
2829 5107 3103 5171 ἑπιλύσεις
3137 5108 3199 5159 εα
3227 5110 3339 5170 τοῖς
3371 5105 3462 5160 ἐπὶ
3492 5107 3681 5177 σχολῆς
3718 5107 4069 5177 καθημένοῖς,

2519 5205 2634 5256 ὅσοι
2663 5201 2906 5268 δηλονότι
2938 5202 3012 5272 μὴ
3043 5202 3162 5261 ταῖς
3193 5198 3303 5252 τῶν
3328 5198 3603 5269 δημοσίων
3645 5199 4079 5268 ἀπασχολοῦντσι

2526 5292 2833 5362 φροντίσινο
2896 5294 3094 5344 ὶκεῖνοι
3124 5291 3231 5362 γὰρ
3290 5291 3499 5345 ’ἕκαστά
3531 5308 3610 5344 σοι
3660 5289 3870 5342 τούτων
3902 5291 4080 5358 σαφῶς

2527 5386 2841 5439 ἐπιλὺσιυσι
2866 5399 2880 5414 ⁸
2916 5387 2976 5437 τὸ
3007 5385 3062 5438 δὲ
3097 5385 3189 5437 νῦν
3250 5383 3367 5456 ἐχορ
3437 5387 3550 5446 τοῖς
3588 5383 3887 5452 βασιλικοῖς
3928 5401 4081 5452 προσ-

2526 5477 2804 5541 τάγμασιν
2847 5473 3008 5541 εἷξον,
3056 5478 3147 5527 καὶ
3198 5475 3359 5528 θῦσον
3392 5474 3712 5543 προσελθὼν
3746 5476 3862 5536 τοῖς
3905 5473 4076 5535 θεοῖς·

2528 5567 2573 5615 εί
2606 5565 2659 5616 δὲ
2691 5563 2785 5632 μὴ,
2810 5563 2983 5632 λόγων
3015 5565 3258 5635 ἀκαίρων
3309 5566 3583 5635 τιμωρίας
3649 5565 3903 5636 εὑρήσεις
3937 5565 4075 5618 ἀντί-

2528 5658 2672 5709 δοτιν
2703 5655 3227 5729 ὲπεκιιροτάτην.⁹0
3248 5657 3328 5722 δὲ,
3356 5658 3582 5726 Λογικὰ,
3615 5657 3769 5727 φησὶ,
3796 5657 3932 5710 Θεοῦ
3955 5657 4078 5712 ull-
