4260 6430
814 420 919 481 515

2039 415 2319 476 MEXSIS
2357 418 2787 477 DECEMBEIL

3954 413 4062 476 516

813 530 984 592 ditur,
1040 525 1208 582 veluti
1265 540 1365 581 nos
1416 525 1656 596 irrigans
1703 525 1868 581 cﬂicit
1926 535 1987 581 ut
2029 526 2202 582 simus
2232 526 2384 581 vultu
2415 535 2495 593 Ατ

2377 543 2384 580 I
2415 535 2460 593 Α
2491 526 2916 591 καρΑωπίξουσι,
2975 523 3066 578 καὶ
3095 523 3155 576 τὸ
3183 524 3322 592 ὑπὲρ
3373 520 3540 574 αὑτοῦ
3599 520 3862 590 χεόμενον
3889 515 4059 590 αἱμα.

813 629 869 674 et
897 619 1024 673 laeto
1057 629 1113 674 et
1141 618 1334 673 alacri.

888 795 1086 852 νη.Δὰ
1105 795 1218 849 haec
1235 804 1418 849 autem
1435 794 1518 847 vir
1538 794 1629 848 ille
1652 795 1877 864 pestifer
1893 804 1948 848 et
1967 795 2384 860 exitiosus,cum

815 905 926 943 non
957 889 1187 943 haberet
1219 887 1352 956 quid
1395 895 1604 956 ageret,
1653 897 1747 940 aut
1776 887 2054 954 quomodo
2099 888 2204 941 viri
2239 889 2387 942 illius

816 979 1071 1050 generosi
1103 980 1435 1048 reprimeret
1473 976 2110 1045 loquendilibertatem,
2155 989 2210 1032 et
2241 979 2388 1034 illius

816 1070 1016 1142 linguae
1052 1072 1249 1124 vitaret
1280 1070 1466 1140 plagas
1498 1087 1510 1124 :
1537 1068 1589 1122 ei
1618 1083 1750 1123 vero
1779 1069 2120 1124 cruciaretur
2145 1072 2386 1136 animus,

817 1172 875 1218 et
909 1163 987 1216 ira
1025 1161 1295 1223 ferveret,
1325 1161 1482 1228 jubet
1508 1160 1802 1232 glandibus
1837 1163 2007 1215 aeneis
2035 1163 2156 1230 ejus
2187 1161 2390 1216 verbe-

817 1264 965 1308 ratas
1007 1254 1255 1308 maxillas
1300 1268 1406 1306 una
1453 1267 1580 1306 cum
1608 1251 1868 1305 dentibus
1912 1252 2096 1307 excuti
2137 1253 2385 1323 martyri.

820 1345 926 1400 Sed
958 1361 1084 1400 cum
1118 1345 1267 1398 hunc
1295 1349 1513 1413 quoq‘ue
1546 1345 1847 1398 sustineret
1872 1345 2180 1400 cruciatum
2211 1347 2388 1401 athlec

818 1447 896 1500 ta.
930 1440 1118 1493 eadem
1157 1452 1279 1507 qua:
1306 1440 1456 1507 prius
1478 1446 1597 1491 erat
1622 1435 1674 1492 ei
1703 1435 1888 1491 latitia
1908 1447 1965 1491 et
1988 1439 2299 1503 alacritate.
2329 1451 2386 1494 et

823 1531 876 1583 in
903 1530 1051 1583 omni
1085 1539 1331 1597 tempore
1364 1526 1722 1582 benedicebat
1753 1526 2004 1593 Domino,
2041 1541 2098 1583 et
2124 1539 2390 1599 perpetuo

823 1621 876 1674 in
909 1635 1001 1674 ore
1036 1621 1156 1690 ejus
1187 1619 1489 1674 cauebatur
1519 1620 1638 1688 ejus
1676 1618 1921 1672 laudatio
1949 1635 1964 1674 :
1996 1635 2118 1688 quae
2165 1621 2388 1690 quidem

821 1712 915 1764 irae
947 1711 1222 1766 fornacem
1253 1710 1646 1770 accendebant,
1691 1719 1746 1764 et
1781 1709 2052 1765 ﬂammam
2091 1713 2264 1783 magis
2296 1728 2382 1768 ex-

821 1802 1065 1856 citabant
1105 1802 1343 1871 praesidi.
1374 1802 1512 1868 Quid
1549 1803 1726 1872 ergo?
1763 1802 1841 1857 Ne
1883 1811 2067 1873 putes,
2111 1804 2311 1874 inquit,
2357 1821 2390 1859 ο

2491 616 2748 686 καθάπερ
2803 614 3029 685 ἀρϐεὓον
3080 615 3252 684 ἡμᾶς,
3309 611 3583 681 ἀνθηροὺς
3631 611 3730 680 τὴν
3779 610 3904 680 δψιν
3965 611 4062 663 καὶ

2487 709 2751 778 φαιδροὺς
2781 704 2922 761 εἶναι
2950 705 3382 777 παρασκευάζει.

2558 799 2633 855 Ζ’.
2663 802 2808 870 Πρὸς
2833 799 3006 854 ταῦτα
3039 805 3067 854 ὀ
3093 799 3312 868 λυμεὼν
3351 801 3556 861 ἐκεῖνος
3583 840 3596 859 .
3645 799 3744 852 οὐκ
3771 798 3911 868 ἔχων
3940 799 3969 849 ὅ
4008 812 4064 848 τι

2487 895 2584 948 καὶ
2603 893 2932 963 δράσειεν,ῆ
2965 892 3081 955 πῶς
3115 893 3316 961 ἐπίσχῃ
3373 891 3450 959 τῷ
3487 889 3721 959 γενναίῳ
3776 888 3878 958 τὴν
3915 888 4063 957 τε)ρο

2490 986 2706 1056 ρησίαν,
2735 987 2829 1037 καὶ
2857 987 2956 1046 τὰς
2997 983 3106 1038 ἀπὸ
3135 984 3234 1052 τῆς
3285 982 3533 1050 γλώττης
3564 980 3729 1034 αὑτοῦ
3785 981 4062 1050 μάστιγας

2487 1077 2762 1146 διαφύγοι,
2796 1076 3064 1144 ισφάδαζε
3101 1077 3158 1130 δὲ
3191 1080 3217 1130 ὸ
3251 1075 3444 1144 θυμὸς,
3487 1077 3582 1128 καὶ
3641 1075 3709 1127 τά
3737 1076 3836 1142 τῆς
3888 1072 4059 1140 ὀργῆς

2489 1168 2637 1237 αὐτῷ
2663 1169 2902 1240 ἧκμαζε,
2943 1167 3158 1221 κελεύει
3203 1167 3508 1237 στροϐίλοις
3541 1166 3762 1234 χαλκοῖς
3806 1162 3906 1225 τὰς
3937 1178 4058 1214 σια-

2491 1263 2652 1330 γόνας
2673 1261 2839 1316 αὑτοῦ
2869 1261 3175 1330 παιομένας
3192 1263 3376 1322 αὐτοῖς
3406 1259 3622 1313 ὀδοῦσιν
3654 1255 4059 1327 ὲκκρουσθῆναι

2492 1354 2590 1408 τοῦ
2629 1355 2932 1424 μάρτυρος.
2982 1353 3149 1406 Ἀλλά
3195 1353 3290 1404 καὶ
3345 1351 3553 1420 ταύτην
3583 1349 3924 1417 ὑπομένοντα
3962 1346 4061 1412 τὴν

2494 1447 2771 1517 τιμωρίαν
2808 1446 2901 1500 τδν
2936 1445 3198 1516 ἀθλητὴν,
3231 1447 3263 1514 ἡ
3292 1444 3430 1513 αὑτὴ
3459 1442 3753 1510 φαιδρότης
3800 1433 3912 1507 εἶχε
3965 1432 4070 1490 καὶ

2493 1539 2831 1608 γενναιότης,
2864 1537 3078 1606 εὐλόγει
3123 1535 3305 1589 τετδν
3339 1534 3547 1602 Κύριον
3573 1534 3630 1584 ιν
3659 1534 3820 1584 παντὶ
3856 1527 4060 1599 καιρῷ,

2491 1633 2584 1686 καὶ
2612 1633 2701 1685 διὰ
2721 1631 2922 1693 παντὸς
2955 1632 2988 1699 ἡ
3018 1630 3227 1692 αῐνεσις
3271 1626 3437 1679 αὑτοῦ
3465 1629 3524 1678 εν
3563 1625 3640 1693 τῷ
3702 1623 3932 1690 στόματι
3961 1621 4062 1672 αὐ-

2491 1724 2584 1778 τοῦ
2615 1724 2773 1795 ᾔδετο
2797 1739 2812 1755 ο
2842 1723 2988 1787 imp
3009 1722 3106 1774 τοῦ
3137 1719 3311 1791 θυμοῦ
3340 1720 3420 1773 ιτι
3449 1719 3548 1789 τὴν
3587 1718 3816 1784 κάμινον
3851 1713 4062 1780 ἀνῆπτε

2492 1813 2570 1884 τῷ
2601 1813 2854 1884 ἡγεμόνι,
2889 1812 2983 1863 καὶ⁵
3009 1814 3106 1880 τὴν
3125 1811 3298 1878 φλόγα
3329 1809 3531 1878 μᾶλλον
3561 1807 3826 1876 διήγειρε.
3855 1805 3919 1856 Τί
3938 1797 4052 1864 οὖνς

821 1895 1056 1965 Thyrse,
1093 1869 1211 1950 fore
1243 1906 1302 1948 ut
1325 1869 1741 1963 hucusque-tibi
1769 1869 2060 1961 sistentur,
2093 1869 2216 1966 qua:
2259 1907 2390 1954 sunt
2423 1869 2463 1929 Β
2491 1906 2503 1957 l

2380 1907 2390 1954 ι
2423 1869 2463 1929 Β
2491 1869 2790 1974 hinchic,
2820 1869 2948 1972 ε’φη,
2971 1869 3180 1971 νόμιζε,
3205 1869 3404 1970 (θύραι,
3448 1901 3528 1952 ὅτι
3558 1869 3718 1969 μὲγρι
3747 1869 3944 1949 ’τούτου
3981 1911 4062 1946 σοι

818 1989 1002 2057 gravia
1033 1997 1088 2043 et
1118 2004 1333 2058 aspera.
1375 1989 1509 2043 Nam
1544 2005 1664 2057 qua:
1708 1998 2111 2058 praecesserunt
2139 1990 2388 2060 quidem,

818 2089 976 2134 erant
1000 2095 1164 2149 parva
1194 2081 1466 2148 qua-dam,
1500 2090 1554 2134 et
1586 2095 1708 2150 qua?
1739 2091 1944 2136 temere
1986 2091 2202 2150 tempus
2232 2081 2391 2136 nobis

819 2171 1093 2240 suggessit
1120 2190 1133 2224 :
1168 2186 1288 2240 quae
1318 2180 1499 2225 autem
1542 2170 1824 2242 deincnps,
1881 2175 2134 2227 ostendet
2165 2173 2261 2228 tibi
2293 2189 2389 2228 ex-

819 2263 1116 2332 perientia.
1151 2273 1208 2318 et
1252 2266 1396 2318 scies
1440 2264 1507 2318 de
1534 2274 1756 2329 caetero,
1797 2265 1980 2334 qualia
2002 2274 2134 2320 sunt
2167 2267 2392 2334 pra'mia

819 2371 1035 2419 eorum,
1065 2355 1159 2423 qui
1196 2371 1305 2409 non
1341 2356 1628 2410 obediunt.
1683 2355 1906 2426 Martyr,
1941 2364 2126 2410 autem
2167 2374 2181 2410 :
2218 2356 2388 2427 Euge,

820 2445 1022 2513 inquit,
1063 2459 1131 2500 ue
1163 2447 1278 2499 haec
1306 2447 1539 2500 maxima
1569 2447 1726 2501 nobis
1758 2446 1900 2500 bona
1932 2447 2220 2502 invideris.
2271 2447 2392 2502 Non

823 2537 1106 2601 invidebo,
1135 2539 1335 2608 inquit,
1363 2541 1458 2593 sed
1493 2538 1581 2593 illa
1611 2539 1705 2593 tibi
1745 2554 1847 2609 pro
1885 2541 2099 2594 viribus
2126 2539 2393 2610 suppedi-

821 2629 953 2684 tabo
978 2629 1186 2685 aﬂ‘aiim
1225 2639 1280 2685 et
1310 2632 1586 2686 munifice.
1606 2631 1802 2688 Statim
1823 2643 2004 2688 autem
2026 2647 2191 2702 supra
2214 2633 2393 2702 ignem

822 2723 1182 2793 liquefactum
1221 2734 1305 2780 est
1345 2724 1652 2794 plumbum.
1688 2733 1744 2780 et
1775 2729 1950 2780 lectus
1993 2725 2096 2780 fuit
2143 2724 2395 2794 proposi-

2495 1997 2560 2049 τά
2599 1994 2750 2048 δεινά
2777 1996 3053 2064 στήσεται.
3093 1995 3172 2046 Τὰ
3207 1993 3307 2062 μὲν
3339 1996 3448 2062 γὰρ
3484 1991 3827 2060 προλαϐόντα
3889 1987 4064 2056 μικρά

2488 2103 2610 2139 τινα
2638 2080 2728 2156 ἦν,
2751 2087 2844 2137 καὶ
2867 2077 2954 2136 οἷα
2986 2087 3118 2154 ἡμῖν
3145 2087 3174 2136 ὁ
3208 2085 3397 2153 καιρὸς
3431 2083 3734 2151 εσχεδίασε,
3782 2081 3848 2132 τά
3891 2079 3936 2132 δ’
3970 2082 4055 2131 ὲν-

2489 2177 2681 2231 τεῦθεν
2712 2180 2746 2248 ἡ
2784 2177 2947 2247 πείρά
2981 2193 3064 2228 σοι
3120 2175 3308 2239 δείξει,
3356 2174 3452 2227 καὶ
3504 2176 3627 2244 είσῃ
3681 2172 3870 2225 λοιπὸν
3900 2172 4060 2225 ὁποῖα

2492 2271 2636 2326 κατά
2691 2271 2800 2324 τῶν
2849 2269 3088 2322 ἀπειθῶν
3134 2270 3203 2323 τά
3241 2258 3517 2337 ἐπίχειρα.
3558 2269 3666 2319 Καὶ
3728 2269 3756 2318 ὁ
3809 2264 4061 2335 μάρτυς,

2492 2360 2658 2431 Εὖγε,
2683 2357 2869 2416 εἶπεν
2896 2360 3034 2414 ἀλλὰ
3077 2361 3151 2430 μὴ
3179 2360 3453 2430 φθονήσῃς
3483 2360 3617 2429 ἡμίν
3643 2357 3754 2411 τῶν
3783 2359 4064 2426 μεγίστων

2490 2454 2696 2509 τούτων
2727 2452 2928 2507 καλῶν.
2968 2453 3044 2505 Οὐ
3075 2452 3346 2522 φθονήσω,
3387 2451 3516 2522 ἔφη,
3565 2449 3702 2502 ἀλλά
3738 2447 3939 2519 μᾶλλόν
3982 2463 4064 2501 σοι

2493 2550 2588 2603 καὶ
2613 2548 2683 2600 τά
2721 2545 2920 2599 δυνατά
2949 2543 3433 2614 επιδαψιλεύσομαι
3459 2559 3475 2576 ο
3535 2543 3630 2596 καὶ
3687 2542 3888 2594 αὐτίκα
3917 2539 4069 2608 μόλι-

2495 2639 2617 2700 ϐδος
2674 2637 2932 2707 ὑπεράνω
3012 2636 3184 2706 πυρὸς
3252 2637 3513 2705 ετήκετο,
3569 2637 3664 2688 καὶ
3736 2631 4058 2703 προετίθετο

2498 2729 2678 2802 κλίνη,
2715 2728 2811 2782 καὶ
2853 2729 3064 2799 πρηνὴς
3097 2729 3183 2783 ἐπ’
3204 2729 3376 2797 αὐτῆς
3404 2729 3433 2781 ὁ
3462 2728 3668 2789 δίκαιος
3697 2725 4066 2780 κατετείνατο.

825 2826 936 2881 tus,
967 2826 1024 2871 et
1067 2831 1232 2886 super
1271 2833 1396 2871 eum
1455 2832 1664 2886 pronus
1715 2828 1978 2874 extensus
2033 2818 2140 2873 fuit
2189 2820 2395 2889 justus.
2498 2824 2507 2877 1

2388 2855 2395 2873 .
2498 2822 2612 2877 Καὶ
2643 2823 2837 2874 σκόπει
2880 2838 2970 2890 μοι
2999 2819 3095 2874 τοῦ
3129 2820 3398 2890 ἡγεμόνος
3433 2817 3670 2873 ενταῦθα
3719 2818 3783 2871 τὸ
3828 2816 4070 2885 κακοῦρ-

824 2906 926 2960 Hic
953 2921 1082 2961 vero
1116 2908 1249 2962 mihi
1283 2909 1596 2972 considera,
1640 2924 1803 2979 quam
1847 2917 1996 2964 esset
2035 2925 2238 2980 prases
2295 2910 2399 2964 im-
2497 2924 2506 2939 ⁴

2386 2939 2399 2948 -
2497 2924 2597 2976 γον
2621 2909 2714 2961 καὶ
2745 2907 2981 2960 σκολιόν.
3014 2907 3221 2978 Γόητας
3257 2906 3409 2978 αὑτῷ
3449 2923 3608 2969 τινας
3671 2906 3878 2978 μεταξῦ
3922 2921 4068 2974 παρ-

825 2999 1033 3067 probus
1088 3007 1144 3052 et
1209 3015 1523 3069 perversus.
1587 2999 1810 3054 Interim
1869 3002 1935 3053 ad
1991 3015 2120 3055 eum
2173 3000 2398 3056 adducit
2501 3018 2507 3047 ι

2389 3010 2398 3054 L
2501 2997 2630 3062 ἀγει
2685 2998 2779 3048 καὶ
2811 2996 3092 3061 πιθανοὺς,
3153 2996 3495 3066 πειρώμενος
3552 2993 3765 3049 ικλύειν
3793 2995 3885 3047 τὸν
3917 2996 4071 3046 τόνον

827 3085 1097 3155 quosdam
1123 3089 1576 3156 prmstigiatores,
1604 3097 1660 3141 et
1706 3088 1800 3157 qui
1832 3098 1992 3143 erant
2023 3090 2135 3158 apti
2170 3091 2234 3143 ad
2275 3104 2399 3159 pcr-
2500 3107 2509 3125 ι

2389 3119 2399 3129 -
2500 3089 2577 3157 τῷ
2606 3088 2869 3158 μάρτυρι.
2901 3087 2970 3139 Οἵ
2998 3103 3062 3156 γε
3092 3087 3154 3158 δὴ
3186 3089 3281 3140 καὶ
3333 3087 3501 3158 ἡδέως
3534 3087 3794 3156 ὡμίλουν,
3823 3085 3918 3138 καὶ
3947 3102 4071 3137 συν-

824 3178 1190 3240 suadendum,
1243 3187 1458 3232 teutans
1499 3179 1758 3248 martyris
1804 3177 2110 3233 dissolvere
2140 3189 2198 3234 et
2233 3194 2396 3234 ener-
2421 3215 2466 3273 ο
2500 3198 2506 3230 ι

2387 3209 2466 3273 ~C
2500 3178 2786 3232 εϐούλευον
2820 3177 3061 3231 ἐνδοῦναι
3104 3179 3200 3246 τῆς
3241 3178 3440 3247 πολλῆς
3493 3177 3696 3246 ταύτης
3739 3177 4069 3236 ἐνστάσεως,

825 3283 956 3321 vare
993 3267 1360 3322 constantiam
1396 3284 1410 3321 :
1449 3268 1544 3337 qui
1596 3268 1820 3338 quidem
1876 3283 2001 3322 cum
2056 3284 2124 3323 eo
2151 3270 2396 3338 jucunde
2431 3267 2466 3273 ⁷
2503 3288 2507 3323 :

2391 3291 2396 3321 ι
2431 3267 2466 3273 ⁷
2503 3273 2595 3324 καὶ
2625 3271 2725 3339 ὀψέ
2752 3287 2883 3322 ποτε
2915 3269 3207 3337 πεισθῆναι
3237 3269 3318 3338 τῷ
3381 3270 3628 3339 ἡγεμόνι.
3661 3268 3818 3322 Οὕτω
3845 3271 3954 3339 γὰρ
3978 3270 4073 3320 καὶ

823 3358 1317 3426 eoltuquebantur.
1351 3367 1407 3410 et
1433 3358 1818 3420 consulebant,
1856 3368 1916 3411 ut
1957 3359 2167 3427 aliquid
2205 3360 2397 3414 remit-
2499 3373 2505 3389 ε

2391 3389 2397 3400 ι
2499 3358 2590 3408 τὸν
2612 3357 2961 3425 ἐπικείμενον
2995 3373 3078 3410 σοι
3104 3354 3633 3429 διαδράσεις,’φασὶ,
3679 3358 3927 3409 κίνδυ·.ον
3982 3360 4073 3408 καὶ

831 3457 970 3503 teret
998 3449 1065 3504 de
1102 3449 1204 3502 hac
1232 3447 1401 3502 nimia
1430 3448 1752 3518 pertinacia,
1800 3457 1856 3502 et
1907 3449 2132 3504 tandem
2176 3461 2399 3519 pareret
2502 3464 2513 3499 4

2391 3465 2399 3505 ι
2502 3445 2729 3512 ἀγαθῶν
2766 3447 3021 3515 μεγάλων
3068 3447 3346 3515 μεθέξεις·
3402 3446 3775 3515 συγγνώσεται
3825 3447 3882 3498 δὲ
3913 3446 4011 3497 καὶ
4047 3448 4073 3496 ὁ

830 3538 1048 3609 praesidi
1083 3539 1212 3592 :Sic
1239 3537 1406 3602 enim,
1441 3538 1728 3607 inquiunt,
1757 3545 1814 3591 et
1847 3538 2142 3593 imminens
2169 3538 2398 3610 effugies
2502 3540 2512 3584 1

2386 3555 2398 3595 ι
2502 3535 2635 3598 Θεός
2674 3552 2769 3589 σου
2811 3538 3028 3600 παντως
3053 3541 3120 3606 τῇ
3160 3530 3417 3607 ἀσθενείᾳ
3446 3539 3542 3608 τῆς
3571 3538 3807 3605 φύσεως,
3855 3539 3952 3591 καὶ
3981 3539 4068 3589 οὺ-

827 3630 1158 3699 periculum,
1191 3638 1248 3684 et
1277 3642 1601 3699 magnorum
1629 3630 1742 3683 eris
1775 3628 2042 3683 bonorum
2080 3631 2353 3700 particeps
2380 3648 2394 3685 :

827 3723 1076 3793 ignoscet
1127 3733 1312 3777 autem
1366 3721 1591 3775 omnino
1650 3720 1789 3774 Deus
1847 3729 1977 3774 tuus
2028 3720 2397 3776 imbecillitati

2500 3630 2588 3682 διν
2613 3631 2707 3683 επὶ
2733 3629 2894 3682 τοῦτο
2927 3630 3247 3699 χαλεπανεί,
3273 3628 3652 3700 φιλάνθρωπος
3678 3627 3753 3681 du
3791 3631 3866 3680 τα
3893 3627 4068 3679 πολλὰ

2503 3721 2601 3774 διαὶ
2629 3720 2889 3792 χρηστὸς,
2918 3719 2994 3783 ὡς
3017 3722 3312 3790 ἀκούομεν.

829 3823 1040 3868 natura;
1079 3821 1136 3867 et
1185 3813 1291 3868 hoc
1349 3812 1572 3868 omnino
1620 3827 1730 3867 non
1774 3827 1918 3882 agre
1963 3811 2128 3879 feret,
2168 3829 2294 3868 cum
2351 3813 2428 3870 sit
2468 3827 2662 3884 magna
2716 3829 2785 3868 ex
2837 3823 2994 3883 parte
3049 3812 3322 3884 benignus
3363 3824 3421 3870 et
3473 3815 3736 3882 clemens,
3808 3827 3870 3871 ut
3912 3817 4073 3870 audi-

833 3921 1034 3962 νιιιιυε.

900 3994 1037 4049 νιιι.
1075 3995 1283 4064 Martyr
1314 4009 1444 4050 vero
1479 4011 1492 4046 :
1527 3994 1758 4063 Propter
1793 3993 1897 4048 boc
1929 3994 2149 4063 ipsum,
2193 3995 2392 4063 inquit,

826 4086 990 4141 stabo
1020 4086 1256 4152 fortiter,
1296 4095 1350 4142 et
1394 4102 1494 4156 pro
1535 4086 1652 4155 ipso
1683 4095 1958 4141 tormenta
1994 4087 2301 4141 sustinebo.
2335 4085 2392 4141 Si

824 4180 982 4231 enim
1024 4193 1145 4243 vos,
1176 4193 1299 4232 cum
1336 4179 1536 4232 auditis
1575 4192 1852 4246 nunquam
1884 4176 2250 4250 terminauda,
2272 4191 2394 4246 qua

836 4287 933 4325 vos
964 4278 1205 4334 manent,
1237 4269 1526 4338 supplicia,
1583 4284 1931 4338 nequaquam
1978 4269 2389 4332 convertimini,

2571 3994 2653 4048 η’.
2696 3995 2802 4046 Καὶ
2830 3995 2856 4046 6
2893 3997 3136 4063 μάρτυς,
3167 3994 3246 4047 Δι’
3265 3995 3397 4048 αὐτὸ
3427 3995 3526 4065 μὲν
3553 3995 3647 4050 οὖν
3672 3997 3832 4049 τοῦτο
3850 4037 3866 4063 ,
3900 4005 4035 4068 φησί
4059 4021 4071 4038 ν

2500 4083 2756 4152 γενναίως
2792 4083 3060 4152 στήσομαι
3095 4084 3294 4152 μᾶλλον
3314 4121 3329 4142 ,
3361 4087 3453 4137 καὶ
3484 4085 3577 4146 τὰς
3609 4085 3749 4154 ὑπερ
3777 4087 3943 4139 αὐτοῦ
3974 4089 4071 4156 βα-

2500 4175 2688 4236 σάνους
2729 4174 3006 4244 ὑπομενῶ.
3044 4175 3108 4228 Εί
3148 4177 3257 4244 γὰρ
3298 4177 3452 4230 αὐτοὶ
3490 4179 3738 4239 κολάσεις
3779 4180 4070 4244 ἀτελευτή-

2499 4282 2622 4328 τους
2649 4263 2939 4328 ἀκούοντες
2963 4267 3359 4336 περιμενούσας
3388 4269 3552 4335 ὑμᾶς,
3577 4267 3803 4337 οὕμενον
3824 4271 4074 4342 οὐδαμῶς

829 4377 1014 4431 neque
1048 4361 1333 4416 declinatis
1361 4370 1612 4430 apertum
1659 4363 1856 4414 anima:
1901 4361 2206 4429 periculum
2244 4379 2257 4415 :
2294 4376 2394 4415 cur
2426 4341 2511 4405 Di

2391 4379 2394 4389 ι
2426 4341 2469 4396 Ι)
2497 4354 2923 4424 επιστρεφεσθε,
2958 4356 3076 4408 οὐδε
3107 4356 3197 4410 τὸν
3233 4361 3480 4427 προφλνῆ
3521 4359 3764 4412 κίνδυνον
3797 4363 4073 4416 ἐκκλίνετε

839 4468 946 4504 non
986 4467 1087 4521 ego
1113 4453 1233 4515 bos,
1261 4453 1356 4520 qui
1387 4461 1518 4506 sunt
1543 4453 1609 4506 ad
1636 4462 1870 4522 tempus,
1901 4467 2098 4522 magno
2134 4462 2190 4506 et
2233 4467 2399 4521 gene-

840 4558 967 4596 roso
995 4544 1177 4596 animo
1200 4542 1557 4596 sustinuerim
1577 4543 1890 4609 cruciatus,
1916 4545 2009 4610 qui
2035 4557 2262 4612 regnum
2290 4555 2402 4596 οω-

841 4635 1018 4687 lorum
1094 4633 1299 4687 habent
1371 4633 1896 4698 remunerationem,
1959 4643 2016 4688 et
2074 4635 2238 4700 bona,
2279 4649 2401 4703 quae

840 4733 972 4778 sunt
997 4735 1119 4792 post
1155 4726 1315 4778 tinem
1352 4739 1453 4777 nos
1476 4734 1793 4792 exceptura,
1817 4732 1870 4779 et
1901 4734 2164 4794 perpetuo
2192 4725 2402 4778 futura?

843 4817 947 4870 Sed
985 4816 1246 4884 quamdiu
1286 4829 1382 4868 vos
1419 4815 1653 4884 maligne
1692 4825 1870 4870 vestra
1900 4827 2094 4884 sponte
2124 4830 2220 4870 vos
2247 4831 2400 4885 gere-

843 4908 935 4969 tis,
963 4916 1152 4960 contra
1185 4915 1292 4959 tam
1320 4905 1661 4960 manifestam
1679 4906 2074 4960 contendentes
2093 4906 2402 4960 veritatem?

843 5002 982 5052 adeo
1031 5008 1089 5051 ut
1129 4998 1211 5051 vel
1261 4997 1364 5051 hoc
1413 4997 1696 5066 plumbum
1742 5007 1935 5051 vestrae
1993 4997 2212 5052 malitiae
2265 4998 2401 5051 ferat

847 5091 1325 5154 testimonium,-et
1351 5090 1551 5142 multos
1601 5087 1781 5143 tradat
1841 5088 1974 5159 igni,
2004 5090 2095 5157 qui
2138 5104 2245 5142 nou
2300 5104 2399 5157 po-

850 5191 953 5235 test
991 5181 1287 5250 exstingui,
1325 5191 1386 5233 ut
1428 5181 1767 5250 impietatem
1808 5189 2048 5235 vestram
2083 5181 2402 5235 iuuuetlica-
2439 5177 2446 5184 ’

849 5273 1010 5324 bilem
1055 5272 1242 5340 puniat
1271 5272 1325 5325 in
1356 5270 1664 5325 aeternum?
1700 5272 1876 5340 Atque
1916 5271 2006 5325 ille
2036 5271 2255 5340 quidem
2287 5272 2403 5327 hac

848 5365 1086 5427 dicebat,
1147 5363 1331 5416 divina
1401 5364 1519 5432 ejus
1581 5377 1679 5415 cor
1755 5361 2016 5430 implente
2074 5363 2270 5431 gratia.
2321 5363 2402 5416 llli

847 5471 1030 5508 autem
1071 5455 1219 5524 (vilia
1246 5456 1389 5507 enim
1418 5461 1566 5514 sunt,
1600 5453 1677 5506 ait
1704 5452 1924 5506 divinus
1952 5451 2054 5506 Job
2077 5452 2120 5516 ‘,
2153 5453 2267 5507 veri
2297 5453 2402 5507 viri

849 5551 1032 5616 verba)
1065 5564 1193 5602 eum
1223 5548 1413 5617 nugari
1451 5557 1702 5616 putantes
1733 5556 1790 5600 et
1815 5545 1965 5615 loqui
2005 5555 2210 5610 temere
2232 5584 2247 5610 ,
2293 5545 2405 5600 fer-

859 5656 985 5694 vens
1009 5641 1190 5692 adhuc
1214 5641 1495 5709 plumLum
1549 5650 1600 5692 et
1633 5637 1789 5692 valde
1823 5638 2064 5692 candens
2111 5636 2165 5692 in
2198 5637 2404 5693 nudum

914 5817 937 5844 ‘
979 5817 1075 5868 Job
1114 5835 1137 5869 τ
1171 5833 1194 5867 x
1249 5818 1331 5871 'l'i.

2497 4447 2598 4515 τῆς
2626 4447 2824 4516 ψυχῆς,
2853 4448 2907 4500 τί
2937 4447 3123 4502 παθὼν
3147 4447 3258 4517 εγὼ
3285 4457 3362 4519 μη
3393 4452 3653 4517 γενναίως
3681 4453 3777 4513 τὰς
3811 4456 4074 4520 προσκαί-

2501 4556 2629 4611 ρους
2656 4539 2857 4601 ταύτας
2888 4540 3247 4610 ὑπομείναιμι
3278 4542 3569 4611 τιμωρίας.
3602 4541 3883 4611 βασιλείαν
3914 4545 4075 4612 οὐρα·

2498 4631 2604 4684 νῶν
2636 4631 2866 4700 ἐχούσας
2899 4633 3276 4701 ἀντιμισθίαν,
3311 4633 3408 4685 καὶ
3441 4631 3617 4700 ἀγαθὰ
3650 4634 3716 4685 τὰ
3753 4633 3893 4702 μετά
3926 4634 4074 4697 τέλος

2499 4724 2645 4793 ἡμᾶς
2705 4723 3033 4794 ἑκδεξόμενα
3072 4725 3165 4778 καὶ
3201 4725 3287 4777 διὰ
3345 4727 3542 4787 παντὸς
3579 4725 3882 4794 θάλψοντας
3919 4726 4074 4778 Ἀλλὰ

2503 4819 2666 4886 μέχρι
2693 4816 2835 4880 τίνος
2866 4817 3244 4870 ἑθελοκακείτε
3264 4856 3279 4880 ,
3313 4817 3448 4888 πρὸς
3481 4818 3622 4870 οὕτω
3654 4822 3898 4888 φανερὰν
3929 4819 4071 4887 φιλο-

2499 4907 2805 4972 νεικοῦντες
2852 4909 3147 4977 ἀλήθειαν,
3198 4909 3285 4962 ινα
3332 4911 3426 4962 καὶ
3482 4910 3730 4977 μόλιϐδος
3775 4904 3931 4974 οὗτος
3978 4916 4074 4980 τῆς

2502 4999 2654 5068 ὑμῶν
2682 5001 2880 5063 κακίας
2911 5002 3211 5072 μαρτύριον
3243 4997 3310 5075 ᾖ,
3343 5003 3438 5056 aut
3469 5003 3694 5065 πολλοὺς
3723 5004 3801 5074 τῷ
3829 5003 4074 5073 ἀσϐέστῳ

2501 5091 2732 5160 παραδῷ
2765 5092 2928 5162 πυρὶ,
2961 5094 3178 5147 ἀνίατον
3207 5093 3465 5148 ἀσέϐειαν
3494 5095 3777 5159 κολάζοντι
3805 5098 4075 5163 αίωνιως,

2513 5182 2571 5236 ⁸0
2607 5183 2707 5252 μὲν
2737 5179 2828 5236 οὖν
2855 5183 3082 5239 τοιαῦτα
3112 5185 3287 5253 ἔλεγε,
3320 5185 3469 5248 θείας
3505 5186 3726 5254 χάριτος
3761 5188 4074 5258 πληρούσης

2501 5274 2667 5328 αὑτοῦ
2703 5275 2800 5344 τὴν
2818 5275 3063 5344 καρδίαν.
3084 5278 3145 5329 0i
3161 5277 3238 5341 δὲ,
3258 5295 3281 5327 ι
3304 5277 3486 5330 Φαῦλα
3507 5279 3634 5348 γὰρ,
3660 5296 3680 5330 ε
3714 5281 3876 5350 φησιν
3893 5281 3924 5332 ὁ
3940 5281 4076 5344 θεῖος

2515 5365 2654 5430 Ἰὼϐ,
2691 5385 2709 5419 ε
2739 5368 2927 5438 ἀνδρὸς
2953 5369 3210 5438 ἀληθινοῦ
3239 5374 3480 5440 ῥήματα,
3517 5391 3534 5422 ι
3565 5372 3752 5442 ληρεῖν
3778 5377 3943 5428 αὐτὸν
3969 5381 4074 5442 utn-

2506 5457 2688 5521 θέντες
2716 5460 2811 5511 καὶ
2859 5462 2980 5530 είκῆ
3010 5461 3371 5529 φθέγγεσθαι,
3399 5463 3589 5526 ζέοντα
3612 5465 3702 5516 τὸν
3728 5466 3977 5533 μόλιϐδον
4002 5469 4074 5519 ετι

2506 5549 2600 5602 καὶ
2633 5549 2890 5619 διάπυρον
2919 5552 3152 5621 ἰσχυρῶς
3187 5555 3278 5606 ἐπὶ
3312 5557 3536 5622 γυμνῶν
3563 5555 3668 5608 τῶν
3695 5557 3879 5610 νώτων
3913 5559 4074 5610 αὑτοῦ

2509 5640 2853 5709 καταχέουσι.
2888 5643 2998 5695 Καὶ
3028 5645 3054 5696 ὁ
3090 5645 3331 5714 μόλιϐδος
3381 5647 3711 5710 ἐπιπολαίως
3746 5649 3886 5702 αὐτὰ
3921 5650 4076 5702 δίεισι
