4260 6430
221 419 325 484 517

1042 415 1505 477 MARTYRIUM
1549 415 1937 489 S..TllYliSl
1982 418 2074 477 ET
2112 417 2525 478 SOCIORUM.

3382 409 3480 475 518

224 534 319 584 καὶ
346 529 565 597 κούφως
588 529 649 582 τδ
677 528 939 598 παράπαν
964 527 1119 580 οὐδὲν
1144 527 1546 595 λυμηνάμενος.
1578 526 1817 582 Ἐκεῖθ.ν
1845 537 1871 593 Α

1919 531 2038 599 ejus
2081 540 2297 600 tergum
2329 528 2643 584 eﬂ'undunt.
2676 521 2963 582 Plubbum
2994 542 3129 583 vero
3170 528 3225 583 in
3252 528 3489 598 superﬁ-

222 623 281 675 ὅέ
310 624 507 692 ἀθρόον
540 622 788 690 καθάπερ
818 638 870 673 τι
900 619 1077 687 ῥεῦμα
1110 618 1453 687 μετενεχθεὶς
1499 618 1685 688 (ἔργον
1716 621 1812 688 τῆς

226 712 326 777 σῆς
362 711 538 773 τοῦτο,
575 710 802 776 Χριστέ,
827 708 1159 776 δυνάμεως),
1198 706 1424 768 πολλοὺς
1460 710 1675 777 ἀναιρεί
1706 707 1813 759 τῶν

222 803 489 855 ἀπίστων.
526 802 588 854 '0
637 804 737 871 μὲν
781 800 874 853 οὖν
925 802 1136 869 μάρτυς
1184 798 1429 868 ἁὸλαὸης
1476 800 1575 868 τῆς
1624 798 1813 867 κλίνης

222 894 513 946 ἀνίσταται
537 910 550 921 ο
584 894 646 946 τὸ
680 892 865 962 θαῦμα
897 893 954 945 δέ
990 892 1262 963 περιδεεῖς
1297 892 1503 961 σφόδρα
1538 892 1665 951 τοὺς
1700 907 1812 945 πα-

226 986 417 1055 ρόντας
451 987 769 1057 ἐργάζεται,
806 986 947 1041 πάνυ
980 986 1038 1040 δέ
1071 987 1168 1039 καὶ
1200 988 1364 1040 αὐτὸν
1391 986 1689 1057 ἐκπλήττει
1720 987 1810 1038 τὸν

224 1080 495 1150 ἡγεμόνα-

294 1355 373 1406 Θ’.
413 1353 556 1422 Πλὴν
583 1352 723 1406 ἀλλὰ
750 1352 869 1405 δέον
896 1354 1154 1415 συνεῖναι,
1186 1352 1283 1405 καὶ
1310 1351 1392 1414 τίς
1416 1352 1444 1402 ὁ
1472 1352 1691 1404 τοιαῦτα
1722 1352 1810 1403 δυ-

223 1448 382 1508 νατὸς
418 1449 592 1498 ποιεῖν
622 1442 943 1511 ἐπιγνῶναι,
973 1446 999 1494 ὁ
1032 1445 1090 1496 δὲ
1157 1444 1352 1511 τυφλὸς
1388 1440 1454 1512 ἦν
1483 1445 1807 1514 αὐτόχρημα

223 1536 529 1596 ἐθελούσιος
550 1550 561 1562 ·
598 1552 615 1582 ι
650 1533 828 1585 Εῐδετε
851 1536 959 1600 γὰρ
985 1533 1299 1595 πλεονάκις,
1334 1552 1351 1584 ι
1383 1532 1609 1593 Ἡσαΐας
1636 1534 1769 1603 φησὶ
1791 1576 1804 1596 ,

230 1647 249 1680 ε
287 1628 380 1681 καὶ
403 1628 503 1680 οὐκ
528 1626 886 1695 ἐφυλάξασθε.
919 1626 1264 1693 ’Δνεῳγμένα
1288 1628 1357 1678 τὰ
1380 1619 1492 1678 ὦτα
1516 1627 1689 1694 ύμιὶν,
1714 1627 1808 1679 καὶ

222 1722 325 1773 οὐκ
353 1718 712 1787 εἰσηκούσατε
733 1734 746 1747 ·
782 1737 801 1769 ι
831 1719 925 1770 καὶ
950 1717 1218 1787 ὠργίζετο
1244 1722 1383 1770 κατά
1406 1718 1500 1771 τοῦ
1531 1718 1805 1786 μάρτυρος

1917 623 2000 675 cie
2047 631 2262 675 tantum
2308 632 2362 674 et
2407 621 2605 675 leviter
2632 619 2686 673 id
2718 620 3048 689 attingebat,
3093 619 3233 673 nihil
3262 621 3488 673 omnino

1915 729 2041 768 eum
2101 714 2419 768 oﬂ‘endens.
2483 713 2640 767 Illinc
2695 722 2881 765 autem
2942 721 3168 781 repente
3222 720 3484 780 tanquam

1916 802 2184 858 ﬂuentum
2238 804 2462 873 aliquod
2524 802 2807 873 proﬂuens
2881 802 3045 872 (opus
3105 813 3191 859 est
3250 802 3399 865 hoc,
3456 818 3489 854 ο

1914 896 2154 963 Christe,
2202 909 2309 954 tuae
2370 899 2614 965 virtutis)
2650 899 2922 953 interimit
2954 898 3157 953 multos
3191 914 3258 953 ex
3304 898 3487 952 incre-

1914 993 2080 1048 dulis.
2118 998 2295 1065 Atque
2322 1004 2530 1065 martyr
2556 995 2778 1063 quidem
2810 1011 2840 1049 e
2867 997 3010 1051 lecto
3039 994 3211 1065 surgit
3244 994 3445 1049 illaesus
3470 1012 3482 1045 :

1914 1086 2246 1139 miraculum
2276 1101 2409 1140 vero
2437 1086 2644 1155 ingenti
2675 1087 2873 1140 timore
2907 1086 3076 1141 allicit
3100 1103 3196 1142 eos
3224 1087 3320 1156 qui
3359 1086 3487 1139 adeo

1914 1188 2082 1241 rant;
2124 1180 2258 1248 quin
2306 1178 2473 1233 etiam
2531 1178 2709 1247 ipsum
2762 1177 3051 1247 prasidem
3099 1178 3252 1232 valde
3298 1179 3484 1232 obstu-

1915 1268 2141 1338 pefacit.

1982 1360 2073 1414 IX.
2116 1362 2382 1416 Caeterum
2418 1378 2541 1422 cum
2590 1372 2867 1431 Oporteret
2897 1361 3205 1431 intelligere
3229 1370 3284 1417 et
3313 1376 3481 1431 agno-

1912 1467 2066 1505 scere
2104 1453 2353 1520 quisnam
2403 1462 2570 1517 esset,
2618 1455 2709 1521 qui
2760 1463 2942 1521 posset
2971 1453 3086 1507 hec
3137 1451 3338 1515 facere,
3370 1453 3489 1505 erat

1912 1543 2005 1596 ille
2044 1559 2139 1597 sua
2197 1552 2391 1612 sponte
2450 1558 2577 1598 vere
2614 1543 3081 1597 caecuszYidistis
3126 1542 3271 1595 enim
3322 1556 3485 1609 sepe,

1911 1635 2088 1704 inquit
2164 1636 2348 1701 lsaias,
2402 1644 2455 1689 et
2500 1651 2608 1689 non
2657 1633 3021 1698 custodiistis;
3076 1642 3277 1702 apertae
3328 1647 3488 1685 aures

1908 1738 2149 1789 vestrae,
2188 1734 2245 1780 et
2285 1740 2391 1779 non
2454 1726 2737 1781 audivistis
2758 1728 2798 1779 '.
2853 1726 2919 1779 Et
2975 1724 3147 1795 magis
3191 1724 3362 1780 iratus
3387 1721 3490 1776 fuit

226 1812 460 1879 μᾶλλον,
498 1810 593 1862 καὶ
626 1809 832 1877 γόητα,
872 1809 961 1860 καὶ
1002 1810 1319 1878 φαρμακὸν,
1356 1808 1453 1863 καὶ
1483 1810 1551 1861 τὰ
1583 1809 1807 1862 τοιαῦτα
1843 1878 1871 1890 _

1911 1820 2159 1890 martyri,
2187 1829 2241 1872 et
2273 1834 2398 1872 eum
2449 1819 2669 1872 vocavit
2719 1818 3168 1887 praasligiatorem
3196 1826 3251 1870 et
3284 1815 3487 1870 veneti-

225 1878 434 1957 ἐκάλει.
468 1902 699 1955 Ἔπειτα
742 1903 925 1971 μέντοι
961 1903 1053 1952 καὶ
1088 1902 1440 1970 πικροτέροις
1476 1901 1637 1954 αὐτὸν
1674 1902 1808 1953 ύπέο
1839 1878 1871 1935 Ε

1912 1927 2059 1977 cum,
2093 1921 2148 1966 et
2194 1928 2314 1980 quae
2364 1921 2492 1965 sunt
2537 1910 3113 1982 hujusmodi;deinde
3160 1911 3322 1963 etiam
3356 1924 3480 1961 eum

225 1993 389 2049 εαλλε
426 1995 738 2063 τιμωρίαις.
782 1992 919 2046 Ἀλλ’
951 1994 1153 2055 ἐκεῖνος
1189 1992 1438 2061 διέμενεν
1468 1991 1548 2046 ἐτι
1579 1995 1676 2062 τὴν
1708 1994 1809 2046 αὐ-

223 2090 325 2155 τὴν
369 2087 589 2157 ἀνδρίαν
630 2086 1099 2153 ἐπιδεικνύμενος,
1124 2085 1219 2138 καὶ
1260 2086 1411 2155 φωνή
1456 2105 1535 2149 τις
1582 2088 1810 2156 ἠκούετο

223 2179 432 2231 ἀνωθεν
470 2177 913 2247 ἐπιθαῤῥύνουσα
951 2180 1109 2229 πλέον
1144 2179 1233 2230 τὸν
1268 2179 1509 2249 ἀθλητὴν
1531 2220 1545 2242 ,
1583 2182 1675 2232 καὶ
1710 2180 1808 2242 τὰς

225 2271 327 2339 μὲν
365 2271 473 2322 τῶν
516 2270 728 2323 ἁσεὸῶν
763 2270 941 2339 ψυχὰς
982 2271 1306 2340 θορυϐοῦσι,
1345 2277 1437 2324 καὶ
1476 2274 1555 2333 είς
1594 2274 1811 2341 ἀμηχα-

223 2369 345 2416 νίαν
380 2363 758 2433 ἐμϐάλλουσα,
794 2364 919 2427 τοὺς
956 2365 1206 2427 εὐσεϐεῖς
1239 2365 1297 2417 δὲ
1331 2368 1396 2434 τῇ
1432 2364 1533 2433 τῆς
1570 2366 1808 2428 πίστεως

226 2461 405 2528 πέτρᾳ
448 2457 907 2527 ἐπιστηρίζουσα,
954 2458 1049 2509 καὶ
1090 2457 1311 2509 πλείονα
1354 2460 1453 2527 τὴν
1498 2457 1808 2526 προθυμίαν

224 2551 410 2610 αὐτοῖς
446 2550 672 2601 ἐνιείσα.
707 2549 781 2600 Οὐ
816 2549 999 2616 φέρων
1028 2550 1321 2615 τοιγαροῦν
1354 2550 1453 2617 τὴν
1485 2550 1749 2619 αἰσχύνην
1781 2550 1811 2601 6

222 2640 451 2710 ἡγεμὼν
473 2679 489 2705 ,
518 2642 610 2693 τὸν
639 2640 791 2707 ἅγιον
819 2642 1019 2692 αὐτίκα
1045 2643 1111 2710 τῇ
1150 2642 1363 2710 φυλακῇ
1404 2642 1764 2711 παραπέμπει
1790 2682 1805 2707 ,

220 2734 403 2802 δεσμὰ
432 2733 705 2801 περιθεὶς,
734 2733 925 2802 χρείαν
954 2727 1094 2785 εἶναι
1128 2732 1370 2796 πλείονος
1399 2733 1568 2787 είπὼν
1595 2734 1811 2787 διασκέ-

221 2826 373 2896 ψεως
399 2828 493 2878 καὶ
518 2828 846 2895 καινοτέρων
869 2825 1148 2893 τιμωριῶν
1173 2827 1316 2879 κατὰ
1338 2826 1432 2878 τοῦ
1457 2827 1807 2896 τερατοποιοῦ

222 2917 383 2969 τοῦἰε
415 2921 509 2970 καὶ
535 2919 709 2970 δεινοῦ
737 2919 836 2985 τὴν
862 2918 1142 2972 ἀπόνοιαν.
1176 2919 1233 2969 '0
1256 2918 1313 2969 δέ
1339 2919 1669 2987 θερμότερον
1692 2920 1812 2969 τότε

224 3010 572 3077 προσέπιπτε
604 3008 680 3078 τῷ
710 3010 956 3078 Δεσπότῃ
976 3046 991 3071 ,
1024 3012 1117 3061 καὶ
1156 3010 1378 3077 μείζονα
1408 3013 1507 3080 τὴν
1540 3012 1675 3081 πρὸς
1711 3013 1809 3064 αύ-

222 3104 320 3152 τὸν
364 3100 635 3153 οἰκείωσιν
676 3100 953 3169 ἐπεζήτει,
1004 3100 1387 3170 υίοθετηθὴναί
1427 3118 1488 3153 τε
1531 3102 1681 3173 αύτῷ
1719 3104 1809 3157 διὰ

1912 2004 2289 2057 acerbioribus
2315 2003 2495 2057 aﬂ'ecit
2529 2002 2834 2072 suppliciis.
2889 2002 2994 2056 Sed
3042 2001 3137 2055 ille
3184 2001 3484 2070 permansit

1911 2108 2246 2149 conservans
2275 2095 2453 2149 adhuc
2486 2096 2736 2149 eamdem
2778 2093 2946 2148 animi
2998 2092 3401 2155 fortitudinem,
3433 2102 3487 2143 et

1912 2200 2014 2239 vox
2044 2186 2291 2254 quaadam
2322 2200 2387 2239 ex
2416 2187 2526 2239 alto
2558 2195 2641 2239 est
2668 2185 2876 2243 audita.
2911 2200 3030 2253 qua:
3064 2185 3281 2239 athleta
3314 2184 3486 2251 magis

1910 2279 2144 2333 addebat
2166 2278 2408 2333 animum
2435 2295 2447 2330 :
2473 2286 2527 2331 et
2552 2277 2843 2347 impiorum
2874 2278 3095 2347 quidem
3127 2275 3485 2347 perturbabst

1911 2371 2147 2431 animos,
2202 2370 2513 2439 dubiosque
2576 2368 2838 2422 reddebat
2880 2377 2936 2422 et
2986 2368 3309 2438 perplexas:
3368 2368 3485 2435 pius

1910 2470 2093 2514 autem
2129 2458 2250 2513 ﬁdei
2285 2468 2439 2528 petra
2481 2458 2816 2522 stabiliebat,
2851 2459 3133 2527 majusque
3163 2468 3228 2511 et'
3247 2456 3485 2510 alacrius

1911 2552 2077 2607 animi
2112 2552 2353 2606 studium
2380 2550 2664 2608 afferebat.
2693 2551 2811 2605 Non
2845 2550 3026 2605 terens
3063 2550 3247 2620 itaque
3278 2564 3481 2619 prases

1910 2644 2167 2707 dedecus,
2206 2654 2455 2697 sanctum
2495 2641 2677 2696 statim
2715 2643 2955 2696 vinctum
2994 2641 3163 2695 mittit
3211 2643 3266 2696 in
3296 2652 3486 2695 custo—

1908 2737 2077 2800 diam,
2109 2737 2295 2790 dicens
2322 2751 2457 2803 opus
2486 2750 2607 2790 esse
2630 2735 2823 2805 majori
2853 2734 3273 2797 deliberatione,
3304 2742 3361 2787 et
3383 2750 3483 2787 no-

1910 2832 1995 2884 vis
2024 2830 2311 2885 tormentis
2356 2829 2624 2883 adversus
2657 2828 2803 2883 hunc
2839 2841 3211 2882 monstrorum
3245 2826 3481 2882 είΐεοῑοι

1909 2940 2048 2988 rem,
2084 2926 2239 2993 cujus
2280 2932 2364 2977 est
2399 2922 2628 2991 insignis
2656 2923 2894 2975 amentia
2932 2932 2985 2976 et
3034 2920 3343 2974 insolentia.
3388 2920 3485 2974 llle

1910 3029 2042 3069 vero
2074 3026 2207 3069 tunc
2237 3014 2467 3068 Domino
2499 3013 2845 3083 supplicabat
2878 3013 3283 3077 vehementius,
3311 3021 3368 3067 et
3395 3028 3484 3065 ro-

1911 3109 2074 3179 gabat
2106 3116 2166 3161 ut
2209 3108 2258 3162 ei
2314 3108 2471 3162 ﬁeret
2507 3108 2894 3176 conjunctior:
2941 3105 3377 3175 precabaturque
3422 3113 3484 3159 ut

222 3195 327 3244 τοῦ
368 3192 738 3261 βαπτίσματος
774 3193 993 3262 ηὔχετο.
1021 3193 1141 3245 Ἐτι
1175 3196 1280 3263 γὰρ
1313 3193 1560 3263 ἀμύητος
1592 3190 1680 3264 ἦν,
1715 3199 1810 3248 καὶ
1837 3221 1871 3281 ς

1912 3216 2010 3270 per
2031 3199 2359 3269 baptismum
2383 3199 2735 3267 adoptaretur
2758 3198 2811 3251 in
2839 3197 3030 3251 ﬁlium.
3059 3196 3313 3251 Nondum
3335 3199 3480 3251 enim

223 3290 297 3338 τὰ.
338 3286 683 3356 Χριστιανῶν
726 3285 879 3338 οὐπω
923 3287 1323 3356 τετελεσμένος,
1369 3290 1618 3350 κακεῖνος
1660 3290 1808 3357 αὐτῷ

226 3378 563 3448 παρίσταται
597 3378 725 3446 περὶ
757 3378 927 3446 μέσας
957 3376 1175 3439 νύκτας,
1210 3379 1304 3429 καὶ
1332 3378 1496 3449 διπλῇ
1528 3378 1587 3429 τὸ
1617 3379 1809 3448 βάπτι-

228 3487 347 3538 σμα
380 3470 562 3524 δίδωσι
583 3509 598 3532 ,
634 3469 729 3523 νῦν
763 3470 863 3538 μὲν
893 3468 958 3520 δι’
988 3468 1181 3530 ὓδατος
1201 3510 1217 3532 ,
1256 3469 1373 3536 μετ’
1402 3470 1583 3536 ὀλίγον
1615 3470 1673 3521 δέ
1711 3472 1808 3524 καὶ

225 3564 320 3617 διὰ
350 3564 676 3635 μαρτυρίου,
705 3564 845 3631 ὅπερ
871 3564 937 3633 δὴ
968 3567 1060 3617 καὶ
1089 3566 1250 3628 αὐτὸς
1285 3564 1637 3620 ἐϐαπτίσατο.

305 3834 363 3889 ι’.
406 3832 579 3895 Εὐθὺς
609 3826 702 3885 οὖν
731 3832 874 3884 αἵτε
908 3831 1070 3902 θύραι
1102 3835 1201 3902 τῆς
1230 3834 1475 3904 φυλακῆς
1510 3836 1807 3904 αὐτόματοι

227 3925 596 3993 διηνοίγοντο,
634 3926 729 3976 aut
760 3923 868 3976 τῶν
901 3924 1117 3993 δεσμῶν
1150 3927 1177 3977 ὁ
1213 3929 1423 3995 μάρτυς
1460 3927 1679 3991 ἐλύετο,
1715 3933 1809 3981 καὶ

226 4016 333 4083 τῆς
372 4014 621 4084 φυλακῆς
661 4014 920 4081 ἐξελθὼν,
956 4015 1090 4082 πρός
1124 4033 1244 4067 τινα
1281 4017 1473 4069 eam
1505 4019 1675 4085 ἄνδρα
1710 4021 1809 4088 τῆς

230 4107 561 4175 Καισαρέων
610 4106 909 4175 ἐκκλησίας
966 4107 1261 4158 ἐπίσκοπον
1310 4109 1655 4174 ἀφικνεῖται,
1708 4110 1806 4176 ὃς,

224 4200 318 4252 διὰ
350 4200 473 4260 τοὺς
516 4200 578 4250 ἐκ
611 4198 717 4269 τῶν
755 4197 967 4251 ἁσεδῶν
1000 4198 1197 4267 φόϐους
1220 4239 1235 4263 ,
1280 4200 1369 4251 τόν
1402 4216 1461 4251 τε
1496 4200 1681 4271 θρόνον
1715 4204 1807 4254 καὶ

225 4281 352 4355 τὰς
394 4291 638 4354 συνάξεις
717 4291 1145 4359 ἐκτρεπόμενος,
1197 4292 1472 4359 ἀφανίζων
1513 4289 1580 4361 ἦν
1619 4293 1807 4346 ἐαυτῦν

227 4388 324 4438 καὶ
378 4386 769 4455 κρυπτόμενος.
820 4384 881 4436 '0
930 4386 1108 4435 τοίνυν
1156 4385 1452 4447 ἐπίσκοπος
1505 4380 1660 4447 οὗτος
1715 4386 1810 4439 καὶ

226 4480 401 4530 παλαι
439 4480 565 4548 περὶ
595 4476 687 4529 τοῦ
724 4475 934 4545 Θύρσου
974 4478 1067 4527 καὶ
1098 4477 1195 4543 τῆς
1234 4478 1547 4547 παρρησίας
1585 4472 1650 4547 ἦς
1683 4479 1811 4530 ἐπε-

1910 3298 2030 3343 erat
2080 3289 2357 3359 mysteriis
2404 3287 2673 3349 initiatus,
2725 3296 2781 3341 et
2815 3286 3055 3340 nondum
3086 3286 3389 3352 absolutus,
3428 3286 3482 3341 in

1911 3379 2079 3433 rebus
2107 3379 2570 3433 Christianorum.
2628 3378 2724 3431 llle
2756 3392 2889 3432 vero
2919 3378 3065 3432 circa
3114 3378 3349 3433 mediam
3382 3396 3484 3433 no-

1910 3485 2053 3527 ctem
2080 3471 2147 3525 ad
2182 3487 2307 3526 eum
2336 3471 2569 3532 accedit,
2600 3478 2657 3523 et
2686 3469 3018 3540 baptismum
3048 3471 3140 3527 dat
3167 3471 3218 3527 ei
3246 3464 3484 3542 duplici-

1910 3574 2015 3628 ter,
2066 3577 2213 3617 nunc
2243 3563 2463 3632 quidem
2515 3578 2614 3632 per
2661 3578 2897 3632 aquam,
2944 3565 3107 3633 paulo
3152 3575 3275 3634 post
3303 3578 3484 3619 autem

1908 3659 2073 3714 etiam
2125 3673 2225 3728 per
2277 3658 2625 3727 martyrium,
2672 3674 2783 3729 quo
2830 3658 3053 3728 quidem
3106 3659 3223 3728 ipse
3263 3675 3484 3731 quoque

1907 3748 2013 3802 fuit
2037 3748 2365 3817 baptizatus.

1980 3836 2049 3890 Χ.
2090 3836 2283 3891 Statim
2308 3852 2438 3905 ergo
2469 3839 2650 3906 januae
2682 3838 2920 3893 carceris
2970 3854 3071 3893 sua
3107 3847 3303 3908 sponte
3348 3847 3481 3892 sunt

1894 3942 2131 4001 apertae,
2160 3939 2216 3985 et
2248 3930 2463 3985 solutus
2494 3929 2599 3983 fuit
2621 3939 2829 3999 martyr
2856 3946 2885 3983 a
2914 3931 3148 3985 vinculis
3172 3948 3187 3997 ;
3216 3941 3270 3985 et
3299 3948 3491 4001 egres-

1903 4035 2003 4100 sus
2040 4034 2069 4073 e
2102 4032 2321 4073 carcere
2368 4017 2523 4071 venit
2553 4017 2620 4071 ad
2671 4018 2961 4087 quemdam
3012 4018 3253 4071 Pbileam
3300 4018 3480 4073 Caesa-

1909 4111 2183 4165 reensium
2208 4108 2466 4162 Ecclesia:
2495 4110 2840 4175 episcopum,
2870 4108 2963 4177 qui
2992 4118 3217 4177 propter
3243 4119 3481 4164 terrores

1909 4203 2225 4271 impiorum,
2262 4209 2316 4253 et
2346 4199 2529 4252 sedem
2581 4207 2636 4252 et
2689 4210 2865 4251 cmtus
2897 4200 3196 4265 declinans,
3238 4202 3484 4271 seipsum

1909 4293 2120 4348 celabat
2151 4300 2205 4345 et
2245 4290 2575 4344 occultabat.
2603 4288 2703 4343 Hic
2732 4304 2860 4358 ergo
2888 4290 3201 4360 episcopus,
3230 4292 3324 4362 qui
3348 4294 3482 4347 olim

1908 4388 1974 4442 de
2010 4386 2241 4456 Thyrso,
2280 4392 2336 4437 et
2371 4382 2439 4436 de
2482 4382 2602 4450 ejus
2650 4379 2902 4435 libertate
2948 4388 3005 4434 et
3052 4382 3218 4435 animi
3268 4389 3487 4454 magni-

1911 4480 2101 4533 tudine
2150 4474 2456 4536 audiverat,
2496 4488 2738 4542 eumque
2772 4472 3168 4536 admirabatur,
3200 4482 3257 4528 et
3288 4475 3342 4529 in
3384 4476 3477 4529 bo-

224 4572 445 4634 GJEa'to
501 4572 593 4622 καὶ
645 4568 862 4637 ἀνδρίας
918 4568 1173 4632 ἁκούων,
1233 4571 1324 4619 καὶ
1375 4569 1463 4621 διὰ
1530 4569 1807 4638 θαύματος
1840 4558 1871 4616 ﬂ

1911 4585 2047 4625 nore
2104 4567 2359 4629 habebat,
2417 4581 2541 4621 cum
2572 4580 2698 4619 eum
2754 4575 2886 4620 tunc
2938 4566 3077 4619 vidit
3113 4566 3181 4621 ad
3227 4584 3286 4624 se
3319 4584 3479 4625 aece-

226 4665 393 4716 αὐτὶν
426 4666 519 4714 καὶ
552 4661 713 4729 τιμῆ,
750 4660 916 4726 ἄγων,
952 4660 1137 4730 ἐπειδὴ
1173 4659 1538 4729 προσελθόντα
1570 4661 1619 4713 οἱ
1657 4678 1805 4730 τηνι-

227 4756 407 4809 καῦτα
437 4751 603 4819 εἶδεν,
634 4754 826 4805 ἐπεσεν
853 4755 927 4814 ὼς
956 4749 1102 4822 εἶχεν
1132 4752 1289 4814 εὐθὺς
1322 4754 1455 4822 πρὸς
1483 4756 1605 4815 τοὺς
1639 4754 1806 4817 πόδας

226 4849 431 4901 αὐτοῦ·
482 4847 729 4907 κακεῖνος
770 4842 1093 4913 προσπεσὼν
1135 4843 1334 4910 ὁμοίως
1377 4844 1455 4912 τῷ
1497 4845 1802 4912 ἐπισκόπῳ,

225 4936 483 4999 ἀνίστησί
518 4949 575 4984 τε
608 4933 807 4994 αὐτὸν,
843 4932 967 4993 καὶ,
1002 4932 1091 4999 Μὴ
1126 4930 1374 5001 ἅρπαζε,
1410 4936 1558 5000 τίμιε
1595 4935 1806 5005 Πάτερ,

226 5029 409 5094 ἔλεγε,
432 5026 487 5078 τὸ
520 5025 649 5093 παρ’
673 5024 829 5094 ημῶν
859 5023 1220 5092 ὀφειλόμενον.
1256 5023 1626 5093 Εὐλογηθήναι
1662 5026 1769 5096 γὰρ
1792 5068 1807 5091 ,
1846 5021 1871 5087 “,

225 5125 333 5175 οὐκ
368 5121 695 5187 εὐλογῆσαι,
730 5117 1236 5185 προσεληλύθαμεν.
1274 5117 1381 5169 Τοῦ
1419 5118 1715 5170 ἐπισκόπου
1750 5118 1807 5171 δέ

227 5216 429 5285 χρῆναι
464 5211 660 5281 μᾶλλον
693 5210 854 5262 αὐτὸν
882 5209 1119 5275 εὐλογεῖν
1146 5209 1389 5271 εἰπόντος
1410 5252 1423 5271 ,
1450 5203 1536 5260 οἷα
1565 5208 1809 5277 δοκίμιον

227 5310 435 5377 ἀρετῆς
473 5305 653 5357 ἱκανὸν
686 5305 1131 5373 παρασχόμενον,
1170 5304 1261 5354 καὶ
1295 5304 1680 5371 λαμπροτέρτν
1711 5302 1808 5370 τὴν

220 5400 430 5467 ’στολὴν
462 5398 553 5449 τοῦ
592 5396 900 5465 [Ινεύματος
937 5396 1020 5448 διὰ
1049 5398 1145 5465 τῆς
1176 5396 1281 5447 τῶν
1314 5396 1564 5465 χαλεπῶν
1600 5396 1803 5461 ὑπομο-

226 5493 329 5563 νῆς
363 5492 767 5562 ἐργασάμενον,
798 5493 827 5543 ὁ
858 5492 1067 5561 μάρτυς
1088 5530 1101 5552 ,
1137 5488 1213 5540 Δι’
1238 5488 1370 5540 αὐτὸ
1402 5489 1499 5555 μὲν
1530 5485 1623 5539 οὖν
1651 5487 1808 5538 τοῦτο

228 5589 328 5641 καὶ
364 5588 714 5652 παραγέγονα
734 5624 749 5646 ,
781 5583 883 5651 ι’ρη
904 5624 918 5647 ,
950 5570 1216 5635 ὥστεκαὶ
1252 5583 1464 5650 ἱμάτιον
1497 5580 1806 5651 ἀφθαρσίας

228 5676 582 5741 ἐιδύσασθαι,
625 5682 718 5728 καὶ
750 5676 817 5729 δι’
879 5676 1064 5739 ὓδατος
1123 5675 1280 5744 ἁγίου
1343 5676 1435 5728 καὶ
1489 5673 1803 5743 Πνεύματος

306 5856 328 5887 ⁸
368 5850 473 5910 lsa.
507 5869 695 5919 sum,
730 5853 783 5909 8.

1906 4662 2062 4726 dere,
2094 4660 2344 4727 protinus
2385 4658 2619 4726 procidit
2647 4657 2713 4710 ad
2747 4659 2867 4727 ejus
2900 4658 3085 4725 pedes.
3118 4660 3214 4714 Ille
3258 4676 3485 4730 quoque

1907 4767 2031 4806 cum
2067 4750 2321 4804 similiter
2376 4748 2707 4818 procidisset
2757 4747 2823 4800 ad
2863 4749 3028 4817 pedes
3057 4750 3320 4819 episcopi,
3348 4766 3475 4805 eum

1907 4844 2151 4913 erigit,et
2178 4842 2351 4905 :Noli,
2371 4843 2568 4909 inquit,
2596 4856 2629 4894 ο
2653 4840 2959 4893 venerande
2982 4841 3157 4903 Pater.
3185 4844 3430 4912 prmripet

1910 4935 1985 4997 id,
2032 4934 2177 5003 quod
2208 4948 2237 4986 a
2272 4933 2433 4986 nobis
2481 4931 2577 4985 tibi
2620 4931 2890 4996 debetur;
2941 4933 3271 4987 accessimus
3302 4937 3472 4998 enim,

1911 5036 1970 5079 ut
2010 5024 2446 5079 benedictionem
2477 5036 2922 5091 assequeremur,
2955 5036 3061 5074 non
3096 5031 3155 5075 ut
3185 5021 3475 5077 benedice-

1906 5132 2107 5171 remus.
2157 5116 2290 5169 Cum
2340 5114 2566 5168 dixisset
2615 5124 2795 5167 autem
2850 5114 3167 5182 episcopus,
3216 5125 3479 5183 oportere

1904 5225 2027 5263 eum
2077 5208 2424 5271 benedicere,
2470 5215 2530 5261 ut
2560 5207 2652 5275 qui
2692 5205 3014 5274 praebuisset
3050 5206 3181 5259 satis
3226 5206 3473 5276 magnam

1904 5302 2126 5355 virtutis
2172 5300 2573 5369 probationem,
2622 5305 2675 5351 et
2725 5296 3153 5365 splendidiorem
3203 5296 3482 5351 effecisset

1905 5406 2111 5450 vestem
2147 5393 2370 5463 spiritus
2408 5408 2504 5458 per
2529 5406 2845 5459 asperarum
2871 5398 2926 5443 ct
2950 5389 3251 5444 diiﬁcilium
3288 5404 3478 5443 rerum

1909 5486 2276 5548 tolerantiam,
2333 5493 2537 5553 martyr
2568 5501 2581 5537 :
2612 5484 2841 5552 Propter
2877 5483 2979 5535 hoc
3026 5484 3225 5551 ipsum,
3274 5484 3449 5552 inquit

1908 5578 2014 5633 huc
2048 5578 2271 5645 accessi,
2322 5587 2379 5630 ut
2430 5577 2689 5629 induerer
2738 5584 2884 5628 veste
2936 5575 3386 5643 incorruptionis,
3418 5586 3480 5629 et

1909 5687 2005 5741 per
2034 5686 2230 5725 aquam
2263 5680 2316 5725 et
2345 5669 2609 5739 Spiritum
2640 5676 2888 5722 sanctum
2924 5682 3295 5737 regenerarer.
3326 5667 3471 5722 Nou-
