4260 6430
805 419 911 478 499

2021 403 2302 462 ΜΕΧδίὸ
2343 401 2768 460 υΕΕΕΜΒΕΒ.

3926 385 4031 447 500

805 526 869 573 iis
893 523 984 591 qui
1017 533 1180 592 prope
1208 527 1381 581 erant,
1436 533 1597 586 quam
1632 517 1698 572 iis
1725 516 1818 586 qui
1855 525 2012 571 erant
2052 515 2190 584 apud
2225 513 2357 566 infe-
2390 522 2434 573 Α
2470 532 2487 582 ι

2348 543 2357 548 -
2390 522 2434 573 Α
2470 531 2652 582 μενος,
2679 511 2770 563 καὶ
2793 508 3004 572 διδάξας
3034 507 3201 575 ἡμᾶς,
3235 507 3332 574 τῆς
3356 501 3627 561 υἱοθεσίας
3661 497 4023 561 καταξιωθένο

805 628 914 675 ros,
944 611 1168 681 largitus
1188 619 1335 665 esset
1366 609 1847 672 resurrectionem,
1877 616 1934 661 et
1963 607 2240 661 docuisset
2263 621 2362 660 nos

805 706 857 759 in
884 706 1115 759 liliorum
1137 703 1488 773 adoptionem
1528 702 1751 768 ascitos,
1788 703 1846 756 in
1899 718 1966 757 eo
2015 696 2232 755 manum
2270 700 2363 752 Ita-

805 799 934 851 bere
981 797 1266 861 invictam,
1323 809 1378 852 et
1437 794 1710 860 coronari,
1768 794 1814 850 si
1870 792 2358 848 decertavetimus.

801 893 1042 959 (torpore
1075 904 1203 958 ergo
1233 889 1522 950 vincimur,
1551 896 1608 942 et
1630 887 1902 941 vincimus
1934 884 2155 954 spiritu.
2196 881 2361 938 Cadi-

803 997 924 1035 mus
971 982 1027 1035 in
1067 982 1370 1046 interitum,
1397 988 1454 1036 et
1493 980 1539 1034 is
1571 994 1752 1043 casus,
1804 993 1999 1047 nempe
2046 977 2262 1039 mortis,
2295 990 2362 1028 eo

803 1072 959 1124 nobis
1017 1070 1330 1135 deducitur,
1381 1079 1440 1125 ut
1471 1069 1774 1125 efﬁciamur
1813 1069 2140 1136 incorrupti,
2187 1079 2244 1120 et
2293 1067 2361 1121 ab

804 1161 1029 1214 interitu
1081 1161 1265 1215 alieni.
1322 1164 1652 1214 Aversamur
1698 1170 1937 1213 vestram
1996 1159 2356 1220 ebrietatem,

800 1273 827 1309 ιΙ
856 1254 890 1306 ti
920 1256 1024 1306 ritu
1059 1254 1345 1307 hrutorum
1378 1254 1546 1305 vitam
1573 1253 1752 1322 agitis,
1805 1261 1861 1306 et
1891 1251 2188 1321 angelicam
2214 1266 2362 1319 quaa-

801 1344 969 1396 rimus
997 1343 1382 1396 aeternitatem.
1422 1340 1542 1394 Non
1588 1349 1788 1394 terram
1829 1340 1988 1409 proni
2028 1350 2357 1408 spectamus,

798 1439 940 1488 sicut
991 1451 1206 1504 pecora,
1254 1448 1352 1487 nec
1396 1447 1521 1487 cum
1565 1433 1735 1486 simus
1786 1431 2045 1486 belluinis
2091 1433 2356 1497 moribus,

801 1528 1147 1578 nominamur
1175 1524 1450 1588 homines,
1485 1523 1580 1577 sed
1621 1524 1793 1579 erecti
1823 1523 2022 1580 caelum
2059 1525 2358 1590 intuemur,

796 1630 847 1669 vi
877 1633 999 1670 cum
1027 1618 1197 1670 simus
1223 1617 1276 1669 in
1309 1630 1564 1683 corpore,
1603 1615 1789 1683 vitam,
1830 1632 1949 1686 quae
1978 1617 2088 1671 illic
2112 1629 2215 1682 est,
2257 1633 2360 1672 an-

795 1709 1020 1772 gcltcam
1047 1709 1446 1778 amplectimur.
1498 1707 1714 1764 Scimus
1753 1711 1922 1762 animi
1958 1710 2129 1764 nostri
2158 1720 2214 1765 et
2239 1726 2361 1765 cor-

799 1800 948 1864 potis
1001 1816 1121 1854 esse
1166 1808 1492 1870 perpetuum
1536 1809 1592 1854 et
1638 1801 1980 1869 implacabile
2012 1803 2240 1866 bellum,
2267 1819 2355 1859 sa-

799 1891 1081 1960 pientique
1143 1899 1201 1945 et
1274 1890 1556 1946 moderata
1621 1901 1838 1947 utentes
1917 1895 2355 1960 ratiocinatione,

795 1997 1108 2034 :-versamnr
1147 1982 1588 2052 conjunctionem
1636 1997 1760 2037 cum
1799 1983 1905 2036 hoc
1970 1985 2183 2038 mortali
2236 2000 2357 2038 cor-

797 2089 950 2139 pore,
993 2074 1220 2142 ejusque
1253 2073 1596 2128 titillationes
1629 2082 1685 2128 et
1725 2089 1920 2129 suaves
1963 2075 2206 2131 libidinis
2243 2092 2359 2130 mo.

799 2167 974 2217 tiones
1021 2166 1240 2218 fortiter
1283 2183 1603 2220 recusamus
1645 2185 1660 2223 :
1712 2169 2045 2237 cogitatione
2091 2169 2145 2221 in
2191 2169 2358 2222 altum

794 2256 1032 2320 exsilire,
1080 2266 1134 2310 et
1179 2258 1422 2312 membra
1471 2258 1826 2323 mortiﬁcare,
1884 2273 2101 2326 semper
2137 2274 2360 2316 exerce-

799 2361 921 2396 mur
951 2360 1046 2413 per
1076 2347 1445 2413 toleiantiam,
1474 2355 1528 2403 et
1558 2364 1587 2402 a
1615 2348 1781 2403 rebus
1805 2348 2044 2417 prOpriis
2075 2348 2360 2403 abstinen-

799 2437 949 2487 lium.
1009 2434 1230 2490 Utimur
1279 2454 1410 2492 vero
1472 2455 1611 2509 pura
1683 2449 1738 2493 et
1803 2441 2092 2509 perspicua
2149 2440 2360 2495 Domini

800 2527 972 2579 nostri
1003 2529 1286 2591 memoria,
1328 2538 1382 2582 et
1431 2529 1661 2583 scaturit
1717 2528 1880 2584 nobis
1928 2545 2108 2583 sermo
2139 2532 2362 2585 minime

801 2620 1171 2686 perturbatus.
1199 2620 1259 2672 In
1295 2635 1398 2674 nos
1426 2620 1565 2674 citra
1592 2621 1762 2675 ullum
1795 2621 2246 2691 impedimentum
2275 2639 2331 2676 ra
2359 2652 2363 2656 ν

800 2711 1032 2764 tionales
1066 2717 1362 2779 operantur
1383 2711 1635 2764 virtutes.
1660 2711 1784 2767 Haec
1811 2721 1867 2766 et
1900 2713 1988 2768 bis
2023 2714 2178 2783 plura
2203 2714 2364 2769 nobis

802 2803 1032 2869 largitus
1077 2809 1160 2855 est
1206 2801 1370 2865 Deus,
1435 2816 1560 2856 cum
1600 2803 1880 2858 hominem
1923 2806 2208 2860 induisset.
2258 2808 2366 2862 Vos

798 2904 1005 2956 autem,
1043 2903 1100 2947 ut
1153 2903 1236 2948 est
1291 2894 1593 2963 probabile,
1649 2898 1869 2966 corpori
1908 2898 2043 2951 estis
2065 2898 2236 2952 dediti
2271 2908 2367 2952 :et

799 3002 924 3039 cum
959 2986 1173 3056 corpori
1211 2986 1380 3042 dediti
1437 2987 1576 3052 sitis,
1613 3003 1708 3042 eos
1757 2987 1890 3043 deos
1927 2990 2228 3059 appellatis,
2271 2992 2365 3058 qui

807 3079 1059 3132 fecerunt
1081 3078 1346 3146 probrosa
1399 3094 1564 3147 opera
1593 3079 1926 3148 ignominiae,
1957 3091 2011 3135 et
2048 3096 2238 3134 eorum
2273 3096 2368 3148 po-

2463 622 2579 666 τας,
2605 604 2872 670 ἀήττητον
2905 601 3001 670 τὴν
3029 599 3149 652 κατ’
3207 595 3373 649 αὐτοῦ
3428 596 3584 664 χεῖρα
3611 592 3820 660 φέρειν,
3871 590 4026 653 ειπερ

2462 694 2863 763 ἀγωνισόμεθα,
2892 687 3330 758 στεφανούμεθα.
3359 686 3450 753 Τῷ
3482 683 3575 736 οὖν
3610 683 3822 749 σώματι
3852 679 4028 746 ἡττώ-

2466 788 2626 859 μεθα,
2650 789 2744 838 καὶ
2777 783 3018 853 νικῶμεν
3047 781 3125 851 τῷ
3157 778 3434 854 πνεύματι
3453 792 3466 806 ο
3503 776 3775 842 πίπτομεν
3802 771 3881 832 είς
3903 768 4028 837 φθο-

2464 884 2585 951 ράν,
2617 880 2711 934 καὶ
2741 882 2820 943 είς
2855 875 3165 946 ἀφθαρσίαν
3194 869 3514 942 μεθίσταται
3559 868 3692 936 ἡμῖν
3739 865 3771 929 ἡ
3803 862 4025 951 τοιαύτη

2463 950 2690 1035 πτῶσις,
2719 972 2863 1039 λέγω
2890 970 2954 1036 δὴ
2981 967 3075 1021 τοῦ
3096 966 3350 1020 θανάτου.
3421 955 3904 1026 ’Δποστρεφόμεθα
3933 950 4025 1006 οὖν

2462 1068 2559 1136 τὴν
2592 1064 2710 1135 μεθ’
2739 1062 2893 1131 ὑμῶν
2919 1059 3018 1131 τὴν
3046 1059 3204 1129 δίκην
3223 1055 3432 1123 ἀλόγων
3458 1051 3611 1116 ζώων
3640 1048 3856 1111 ζώντων
3883 1042 4024 1136 ζωην

2462 1134 2558 1212 καὶ
2578 1134 2812 1218 δίαιταν,
2847 1154 2941 1206 καὶ
2962 1151 3061 1219 τὴν
3114 1147 3414 1217 ἀγγελικὴν
3463 1139 3834 1208 ὲπιζητοῦμεν
3859 1134 4024 1187 ἀῐδιό-

2461 1267 2618 1319 τητα.
2651 1249 2726 1302 Οὐ
2761 1246 3031 1316 βλέπομεν
3085 1241 3233 1294 κάτω
3273 1239 3351 1298 είς
3382 1235 3486 1305 γῆν
3528 1231 3728 1303 ὁμοίως
3761 1229 3872 1319 τοῖς
3900 1226 4029 1292 κτή-

2463 1318 2630 1402 νεσιν,
2649 1338 2681 1406 ἢ
2701 1339 2795 1389 καὶ
2816 1335 2891 1398 ὡς
2911 1334 2960 1387 οί
2980 1329 3272 1401 κτηνώδεις
3299 1325 3694 1394 ὀνομαζόμενοι
3723 1318 4022 1406 ἄνθρωποι·

2461 1425 2577 1478 ἀλλ’
2609 1403 2779 1492 ὖρτθιοι
2809 1424 2888 1484 είς
2917 1423 3007 1473 τὸν
3033 1417 3262 1488 ούρανδν
3288 1413 3647 1481 άνανεύομεν,
3688 1409 3823 1460 ὅπου
3868 1403 4032 1475 ἡμῶν

2459 1521 2520 1573 τὸ
2554 1517 2852 1586 πολίτευμα
2885 1513 3151 1583 ὑπάρχει·
3207 1505 3480 1576 διαγωγὴν
3533 1504 3634 1573 τὴν
3667 1500 3781 1555 ἐκεῖ
3835 1499 3926 1550 καὶ
3965 1499 4022 1549 ὲν

2465 1611 2678 1679 σώματι
2713 1611 2861 1670 ὄντες
2889 1604 3272 1674 ἀσπαζόμεθα,
3323 1599 3419 1654 καὶ
3457 1593 3839 1662 πνευματικὴν
3873 1591 4022 1642 πολι-

2460 1705 2613 1756 τείαν
2645 1699 3054 1772 ἐπανῃρήμεθα.
3095 1695 3335 1764 Οἴδαμεν
3365 1691 3456 1744 τὸν
3488 1687 3898 1744 ἀκατάλλακτον
3928 1683 4028 1746 τῆς

2461 1793 2637 1863 ψυχῆς
2664 1791 2820 1860 ἡμῶν
2843 1792 2936 1842 καὶ
2966 1786 3059 1840 τοῦ
3094 1784 3343 1852 σώματος
3373 1781 3599 1850 διηνεκῆ
3626 1779 3886 1843 πόλεμον,
3931 1773 4027 1825 καὶ

2461 1884 2705 1955 λογισμῷ
2729 1881 2961 1952 σώφρονι
2989 1878 3262 1950 χρώμενοι
3290 1877 3385 1944 τὴν
3406 1876 3539 1940 πρδς
3565 1873 3625 1924 τὸ
3647 1870 3841 1939 θνητὶν
3869 1866 4030 1917 τοῦτο

2461 1979 2620 2046 σῶμα
2675 1972 3129 2043 ἀποστρεφόμεθα
3188 1968 3468 2022 κοινωνίαν
3519 1964 3624 2016 τῶν
3687 1959 3896 2019 παθῶν,
3932 1958 4025 2010 καὶ

2457 2070 2583 2132 τοὺς
2615 2065 3026 2138 γαργαλισμοὺς
3055 2062 3223 2116 αὐτοῦ
3253 2061 3346 2112 καὶ
3383 2059 3478 2119 τὰς
3514 2053 3848 2125 ἡδυπαθείας
3881 2050 4025 2103 πάνυ

2460 2162 2718 2220 εὐείκτως
2777 2153 3216 2226 παραιτούμεθα,
3268 2151 3362 2204 καὶ
3417 2146 3738 2218 ὑπερπηδῷθ
3768 2143 3844 2211 τῷ
3875 2143 4029 2208 λογι-

2463 2250 2604 2321 σμῷ,
2632 2248 2724 2301 καὶ
2755 2243 2981 2315 νεκροῦν
3001 2246 3068 2296 τά
3100 2243 3235 2311 μέλη
3265 2239 3355 2292 διὰ
3376 2236 3675 2308 καρτερίας
3703 2235 3794 2287 καὶ
3821 2232 4028 2301 ἀποχῆς

2460 2343 2566 2394 τῶν
2597 2339 2771 2409 ἡδέων
2789 2339 2877 2391 ἀεὶ
2902 2333 3322 2404 γυμναζόμεθα.
3359 2329 3643 2397 Καθαραῖς
3678 2327 3734 2378 δὲ
3767 2326 3860 2378 καὶ
3882 2324 4031 2375 διαυ-

2462 2435 2584 2501 γίσι
2619 2433 2858 2502 μνήμαις
2885 2431 3006 2491 ταῖς
3042 2426 3179 2497 πρὸς
3205 2425 3294 2477 τὸν
3356 2421 3565 2489 Κύριον
3614 2417 3773 2489 ἡμῶν
3825 2416 4027 2484 κεχρήο

2467 2525 2629 2595 μεθα,
2663 2523 2757 2576 καὶ
2783 2521 2940 2588 λόγος
2969 2521 3100 2589 ἡμῖν
3136 2515 3375 2586 πηγάζει
3401 2513 3691 2574 ἀθόλωτος,
3726 2509 3943 2573 λογικαί
3972 2522 4030 2557 τε

2462 2620 2719 2687 δυνάμεις
2775 2613 3272 2686 ἀπαρεμποδίστως
3327 2606 3644 2677 ἐνεργοῦσιν
3722 2606 3800 2666 είς
3839 2603 4031 2671 ,ἡμᾶς

2465 2711 2650 2766 Ταῦτα
2677 2711 2774 2764 καὶ⁸
2804 2708 3026 2761 πλείονα
3059 2704 3265 2758 τούτων
3287 2702 3314 2752 ὁ
3347 2700 3578 2770 Χριστὸς
3605 2696 4034 2765 ὲνανθρωπήσας

2466 2805 2759 2874 ἐχαρίσατο
2791 2803 2944 2871 ἡμῖν.
2986 2798 3173 2867 Ὑμεῖς
3196 2797 3252 2850 δὲ
3275 2793 3729 2865 φιλοσωματείτε,
3763 2787 3855 2839 καὶ
3885 2783 4036 2852 φιλο-

2470 2893 2869 2964 σωματοῦντες,
2905 2891 3127 2951 είκότως
3173 2888 3325 2950 θεοὺς
3363 2883 3724 2953 ἀναγορεύετε
3778 2878 3900 2939 τοὺς
3948 2875 4036 2926 δεο

2468 2987 2736 3057 δρακότα;
2772 2984 2842 3036 τά
2882 2983 3054 3050 άτιμα
3085 2981 3186 3048 τῆς
3210 2974 3475 3047 αίσχύνης
3507 2975 3669 3042 ἔργα,
3708 2971 3802 3023 καὶ
3841 2965 4036 3057 εῐόωλι

2471 3077 2651 3131 αὐτῶν
2707 3077 3002 3142 στήσαντες
3059 3070 3303 3132 σέϐεσθε,
3359 3067 3455 3119 καὶ
3512 3063 3610 3131 τῆς
3637 3063 3743 3113 τῶν
3769 3056 4033 3126 οὐρανίων

804 3170 907 3221 sita
952 3169 1130 3222 colitis
1161 3169 1476 3235 simulacra,
1522 3178 1578 3224 et
1631 3171 1850 3225 alienati
1896 3173 2029 3226 estis
2077 3188 2106 3224 a
2137 3171 2367 3240 conjun-
2396 3172 2486 3245 οὲ

2358 3204 2367 3209 -
2396 3187 2437 3245 c
2470 3170 2680 3239 ἀρετῶν
2706 3164 2999 3232 συναφείας
3045 3159 3409 3231 ὴλλοτρίωσθε
3435 3197 3449 3219 ,
3500 3155 3596 3207 καὶ
3618 3145 4037 3245 ὀδυνᾶσθεικαθῖ

803 3263 986 3316 ctione
1030 3263 1294 3317 virtutum
1344 3261 1676 3328 cmlestium,
1711 3270 1767 3316 et
1806 3262 1860 3316 in
1907 3261 2026 3317 dies
2073 3262 2361 3331 angimini,

807 3371 912 3408 non
959 3354 1134 3408 solum
1190 3363 1414 3424 propter
1462 3369 1551 3408 res
1582 3353 1866 3418 adversas,
1917 3356 2012 3409 sed
2042 3357 2207 3409 etiam
2240 3369 2365 3424 pro-

807 3454 928 3514 pter
979 3445 1302 3509 insolentes,
1345 3454 1400 3500 et
1440 3461 1561 3515 qua:
1593 3445 1649 3499 in
1691 3447 1900 3500 somnis
1934 3448 2229 3514 agitantur,
2267 3448 2367 3500 hu-

801 3536 889 3602 jus
924 3534 1049 3588 vita:
1088 3533 1402 3587 felicitates.
1450 3533 1560 3586 Vos
1598 3547 1709 3586 non
1753 3532 1929 3587 solum
1969 3547 2219 3599 corpore.
2270 3531 2364 3584 sed

804 3626 967 3677 etiam
1003 3626 1183 3678 anima
1215 3625 1495 3679 morimini
1539 3624 1605 3678 ad
1639 3639 1790 3686 eum,
1816 3625 1908 3693 qui
1949 3641 2229 3692 nunquam
2276 3625 2369 3677 de-

806 3718 959 3781 sinit,
993 3718 1302 3770 interitum.
1339 3718 1451 3772 Nos
1479 3727 1661 3770 autem
1692 3732 1721 3768 a
1745 3716 1976 3770 Domino
2018 3725 2210 3770 nostro
2237 3717 2368 3770 Jesu

805 3808 1027 3862 Christo
1093 3808 1428 3872 didicimus,
1522 3808 1793 3862 viventem
1855 3807 2108 3874 spiritum
2171 3821 2370 3876 corpus

806 3917 1044 3969 quoque,
1077 3900 1221 3970 quod
1249 3901 1508 3953 omnibus
1542 3898 1818 3953 communi
1861 3897 2093 3951 solvitur
2117 3897 2366 3962 interitu,

809 4008 998 4046 rursus
1027 3994 1292 4056 animare,
1328 4003 1381 4044 et
1419 3991 1484 4044 ad
1508 3990 1976 4043 immortalitatem
1998 3989 2046 4041 ei
2076 3991 2367 4043 essentiam

812 4087 1072 4151 prtehere.
1103 4082 1223 4137 Haec
1250 4097 1378 4152 ergo
1408 4082 1652 4136 breviter
1675 4097 1797 4134 sum
1835 4089 2180 4148 perseeutus,
2224 4089 2284 4132 ut
2318 4089 2372 4132 et

813 4189 904 4230 tuo
940 4178 1151 4231 Platoni
1178 4192 1397 4245 parens,
1436 4186 1491 4228 et
1533 4191 1561 4228 a
1593 4189 1677 4228 me
1715 4174 1934 4227 discens
1969 4186 2032 4225 ea
2082 4186 2205 4239 qua:
2244 4185 2371 4222 vera

812 4278 958 4331 sunt,
987 4268 1274 4321 renunties
1304 4266 1598 4336 parricida
1630 4265 1694 4318 de
1724 4273 1818 4316 tuo
1846 4262 2144 4316 etamabili
2170 4275 2368 4330 cygno,

809 4362 898 4430 qui
939 4361 1166 4412 multum
1192 4359 1280 4412 ﬂet
1315 4368 1536 4428 propter
1573 4365 1800 4410 mortem
1826 4369 2049 4409 suorum
2079 4351 2336 4406 ﬁliorum.

879 4451 1110 4504 XXVIII.
1156 4449 1300 4502 Dixit
1327 4464 1528 4519 prases
1551 4449 1870 4517 Agricolaus
1896 4463 1910 4500 :
1947 4445 2066 4498 Non
2092 4445 2372 4513 potuimus

2471 3237 2710 3326 ἑκάστην
2737 3257 2796 3310 ού
2830 3257 2991 3326 μόνον
3021 3253 3116 3305 ἐπὶ
3151 3253 3273 3314 ταῖς
3321 3251 3596 3319 ἀτυχίαις,
3642 3243 3778 3296 ἀλλά
3818 3238 3912 3291 καὶ
3944 3237 4039 3288 ἐπὶ

2467 3353 2584 3411 ταῖς
2619 3348 2943 3420 ὑπερόγκοις
2977 3351 3071 3398 καὶ
3101 3341 3468 3413 ὀνειροπόλοις
3519 3336 3610 3391 τοῦ
3673 3335 3788 3404 βίον
3843 3329 4039 3383 τούτου

2468 3446 2763 3515 εὐτυχίαις.
2807 3441 2990 3509 ’Υμεῐς
3019 3438 3078 3490 ού
3102 3435 3261 3506 μόνον
3290 3433 3522 3502 σώματι,
3569 3426 3704 3483 ἀλλὰ
3749 3425 3841 3477 καὶ
3889 3422 4039 3515 ψυχῇ

2470 3513 2864 3606 ἀποθνήσκετε,
2894 3532 3057 3602 ἡμεῖς
3105 3528 3161 3581 δὲ
3192 3527 3308 3592 ἃμα
3356 3521 3434 3593 τῷ
3459 3521 3622 3586 ζῶντι
3649 3517 3917 3606 πνεύματι
3945 3513 4034 3563 καλ

2469 3631 2530 3684 τὸ
2550 3605 2728 3696 σῶμα,
2761 3626 2820 3677 τδ
2840 3625 2952 3684 τοῖς
2985 3622 3120 3673 πᾶσι
3151 3619 3304 3685 κοινῇ
3335 3615 3598 3682 λυόμενον
3636 3607 3833 3676 φθορᾷ,
3859 3605 4038 3696 ψυχαο

2472 3694 2765 3791 γωγεῖ-σθαι
2816 3713 2972 3776 αὖθις
3001 3712 3093 3765 καὶ
3127 3713 3207 3771 είς
3247 3705 3550 3762 ἀθανασίαν
3607 3694 4037 3791 οὑσιοποιείσθαι

2471 3788 2574 3866 ύπὸ
2609 3810 2702 3863 τοῦ
2737 3807 2942 3878 Κυρίου
2966 3805 3120 3874 ἡμῶν
3165 3797 3342 3869 Ἰησοῦ
3374 3792 3616 3866 Χριστοῦ
3656 3788 4038 3858 ἐδιδάχθημεν.

2472 3903 2656 3958 Ταῦτα
2680 3900 2859 3953 τοίνυν
2891 3901 2945 3950 ὲν
2977 3894 3222 3962 ὲπιτόμῳ
3245 3887 3541 3955 διεξῆλθον,
3563 3885 3650 3937 ῐνα
3671 3884 3763 3934 καὶ
3789 3879 3865 3949 τῷ
3889 3879 4039 3947 σοφῷ

2475 4011 2568 4047 σου
2607 3993 2855 4044 Πλάτωνι
2894 3985 3161 4046 πεισθεὶς,
3194 3982 3292 4034 καὶ
3322 3978 3453 4049 παρ’
3480 3974 3617 4043 ιμοῦ
3650 3971 3861 4041 τάληθῆ
3890 3968 4039 4020 διδα-

2473 4084 2644 4153 χθεὶς,
2679 4079 2923 4148 ἀποτάξῃ
2970 4076 3047 4145 τῷ
3083 4073 3384 4140 πατραλοῖα
3443 4069 3527 4120 Διὶ
3552 4065 3632 4132 τῷ
3673 4063 3782 4130 θεῷ
3808 4078 3924 4123 σου,
3961 4060 4038 4125 τῷ

2473 4150 2817 4242 ε-παφροδίτῳ
2849 4169 3056 4237 κύκνῳ,
3088 4166 3166 4232 τῷ
3183 4164 3352 4215 πολλᾶ
3378 4161 3618 4213 κλαίοντι
3645 4157 3738 4208 ἐπὶ
3765 4152 3844 4222 τῷ
3876 4150 4039 4202 θδνάο

2473 4282 2551 4332 τῳ
2583 4261 2693 4316 τῶν
2711 4261 2916 4314 τέκνων
2949 4256 3135 4311 αὐτοῦ.

2551 4444 2682 4497 KH'.
2729 4439 3074 4510 Ἀγρικόλαος
3109 4432 3258 4489 εἶπεν
3295 4452 3310 4468 ο
3343 4435 3454 4502 υύχ
3495 4428 3596 4486 οἷοῖ
3642 4449 3700 4483 τε
3755 4431 4026 4498 καθεστήο

811 4557 910 4596 nos
939 4543 1244 4596 divinorum
1298 4551 1350 4594 et
1383 4555 1700 4607 magnorum
1750 4554 1938 4608 regum
1987 4539 2221 4591 virtutes
2263 4534 2374 4589 dis-
2407 4515 2454 4575 υ
2486 4554 2493 4588 ε

2358 4566 2374 4574 -
2407 4515 2454 4575 D
2486 4551 2663 4604 καμεν
2690 4534 2851 4601 ἡμεῖς
2879 4530 2978 4592 τὰς
3001 4528 3110 4581 τῶν
3153 4526 3405 4596 μεγάλων
3434 4525 3527 4578 καὶ
3558 4524 3853 4576 θειοτάτων
3886 4520 4040 4591 βασι-

810 4649 1057 4696 cernere,
1119 4634 1213 4686 sed
1264 4632 1440 4685 solum
1496 4631 1561 4684 iis
1612 4630 1874 4692 credere,
1912 4644 2034 4698 qua:
2093 4630 2373 4697 jusserunt

813 4727 1209 4795 imperatores-
1234 4725 1599 4789 Quamobrem
1632 4729 1881 4777 cessante
1927 4719 2074 4774 omni
2102 4720 2375 4788 δύνει-νο-

813 4829 979 4867 canea
1013 4813 1260 4865 oratione
1289 4823 1341 4864 et
1364 4811 1652 4873 dilatione,
1685 4810 1827 4871 veni,
1871 4816 1927 4860 et
1952 4807 2058 4861 diis
2083 4805 2328 4860 sacriﬁca
2358 4843 2372 4867 ,

812 4905 1015 4973 alioqui
1101 4902 1500 4971 periclitaber's
1566 4903 1730 4954 multa
1833 4899 2140 4969 supplicia,
2255 4913 2374 4964 quae

814 5013 1091 5064 nunquam
1155 4994 1431 5048 audivisti.
1508 4993 1740 5045 Sanctus
1811 4991 1940 5044 dixit
2009 4989 2370 5043 Eustratius:

813 5087 924 5142 Cur
969 5102 1066 5140 nos
1115 5103 1248 5156 ergo
1299 5085 1472 5140 fecisti
1527 5093 1733 5137 tantum
1789 5083 1996 5136 laboris
2045 5094 2261 5150 capere,
2319 5090 2374 5132 et

817 5194 924 5231 non
967 5178 1070 5232 hoc
1120 5178 1212 5230 diu
1270 5186 1396 5231 ante
1458 5176 1714 5244 cmpisti?
1774 5175 1929 5228 Tunc
1967 5174 2121 5241 jubet
2171 5172 2371 5225 lectum

816 5268 993 5322 all'erri
1042 5268 1301 5330 ferreum,
1349 5283 1405 5322 et
1472 5269 1706 5320 multum
1753 5266 1930 5334 ignem
1978 5263 2273 5325 substerni,
2314 5272 2374 5315 nt

817 5361 931 5425 ipse
961 5361 1196 5422 arderet,
1220 5369 1274 5414 et
1299 5360 1538 5414 candens
1561 5359 1843 5419 evaderet,
1876 5369 1930 5411 et
1956 5366 2206 5412 sanctum
2238 5355 2371 5409 Ore-

816 5461 951 5502 stem
1001 5450 1234 5517 primum
1277 5452 1326 5504 ei
1379 5451 1538 5516 jubet
1589 5451 1827 5519 imponi,
1883 5460 1936 5504 et
1981 5449 2113 5502 dicit
2183 5456 2372 5500 sancto

819 5538 1129 5594 Eustratio:
1163 5540 1397 5609 Equum
1446 5550 1550 5603 est,
1607 5552 1665 5594 ut
1695 5557 1840 5600 eum.
1878 5557 1997 5610 qua:
2046 5551 2098 5593 te
2150 5549 2371 5592 manent

815 5631 1104 5700 supplicia,
1141 5633 1291 5700 prius
1328 5635 1377 5684 in
1415 5635 1539 5688 aliis
1572 5633 1744 5687 lueris
1774 5634 2199 5700 contemplatus,
2243 5640 2372 5684 tunc

811 5721 1011 5776 Iubeas
1034 5730 1391 5790 tormentum,
1420 5736 1480 5779 ut
1513 5726 1942 5780 constantiorem
1973 5724 2232 5780 ostendas
2264 5723 2371 5776 for-

819 5814 1109 5870 t'ttndinem
1194 5818 1426 5871 Sanctus
1475 5836 1603 5870 vero
1632 5820 1852 5872 Orestes
1896 5833 2017 5870 cum
2070 5818 2368 5871 adlectum

2481 4628 2620 4680 λέων
2653 4624 2854 4694 ἀρετὰς
2888 4620 3291 4687 διαγινώσκειν,
3341 4617 3477 4671 ἀλλά
3525 4617 3684 4684 μόνον
3729 4613 3899 4665 εῐκειν
3928 4615 4042 4673 τοῖς

2481 4715 2867 4786 προστάγμασι
2905 4710 3013 4762 τῶν
3045 4708 3410 4779 κρατούντων.
3453 4706 3616 4758 Ὅθεν
3645 4706 3824 4771 πάσης
3851 4719 4040 4771 περιτ-

2480 4804 2727 4871 τολογίας
2763 4802 2854 4854 καὶ
2892 4800 3160 4867 amcam;
3193 4797 3471 4867 ἀργούσης
3499 4797 3764 4858 ἀποστὰς,
3812 4791 4043 4861 προσελο

2481 4899 2590 4952 θὼν
2622 4897 2784 4949 θῦσον
2811 4898 2919 4957 τοῖς
2949 4893 3092 4955 θεοῖς
3123 4908 3137 4923 ο
3188 4894 3309 4943 ἐπεὶ
3346 4888 3667 4957 πειραθήσῃ
3705 4887 4037 4955 βασανιστη-

2484 4989 2612 5058 ρίων
2667 4985 2932 5057 ὀργάιων,
2981 4977 3055 5035 ὧν
3100 4985 3159 5034 οὔ
3216 4984 3435 5034 πώποτε
3484 4980 3752 5049 ἤκουσας.
3800 4977 3858 5028 ’0
3889 4974 4042 5039 ᾶγιος

2482 5079 2812 5148 Εὑστράτιος
2843 5072 2995 5128 εἶπεν
3031 5091 3047 5108 ο
3091 5073 3154 5124 Τί
3195 5068 3289 5126 οὖν
3324 5073 3522 5131 κόπους
3558 5068 3689 5136 ἡμῖν
3741 5061 4040 5132 παρέσχες,

2481 5172 2574 5224 καὶ
2600 5171 2672 5238 μὴ
2707 5168 2811 5238 πρὸ
2866 5165 3063 5218 πολλοῦ
3116 5164 3272 5214 τοῦτο
3319 5162 3598 5230 ιίργάσω;
3647 5156 3783 5209 Τότε
3830 5150 4043 5206 κελεύει

2481 5264 2666 5328 κλίνην
2711 5261 2937 5328 σιδηρᾶν
2961 5257 3278 5326 ἐνεχθῆναι,
3318 5257 3412 5306 καὶ
3455 5248 3878 5318 ὑποστρωθῆναι
3926 5243 4038 5311 πῦρ

2481 5355 2636 5411 πολὺ,
2691 5354 2830 5404 ὥστε
2883 5350 3050 5419 αὐτὴν
3105 5346 3556 5416 πυρακτωθεϊσαν
3618 5334 4037 5406 σπινθηρακώδη

2481 5445 2769 5512 γενέσθαι·
2803 5447 2894 5496 καί
2933 5443 3024 5493 τὸν
3060 5444 3212 5509 ᾰγιον
3252 5437 3509 5505 Ὀρέστην
3543 5433 3757 5501 πρῶτον
3787 5432 3872 5483 ιη’
3899 5429 4036 5495 αὐτῇ

2481 5536 2794 5602 ἐπιτεθῆναι
2827 5535 3113 5594 κελεύσας,
3152 5533 3299 5595 λέγει
3331 5531 3465 5596 πρὸς
3496 5526 3584 5578 τὸν
3614 5525 3770 5588 ἅγιον
3800 5522 4039 5588 Εὑστρά·

2479 5648 2592 5682 τιον
2621 5647 2633 5661 ·
2666 5629 2879 5679 Δίκαιόν
2917 5630 3029 5678 ἐστι
3052 5627 3145 5685 τὰς
3183 5623 3450 5692 μενούσας
3491 5635 3548 5670 σε
3586 5616 3860 5684 τιμωρίας
3890 5612 4038 5680 πρῶ-

2479 5738 2569 5773 τον
2596 5721 2652 5770 ἐν
2682 5719 2860 5779 ἀλλοις
2885 5716 3181 5781 θεωρῆσαι,
3202 5716 3294 5765 καὶ
3325 5712 3384 5764 τὸ
3415 5705 3716 5778 τηνικαῦτα
3746 5702 4036 5770 ὑπομεῖναι

2479 5815 2575 5878 τὴν
2607 5813 2862 5880 βάσανον,
2895 5811 2979 5865 ἵνα
3010 5809 3437 5875 εὑσταθεστέραν
3463 5805 3558 5871 τὴν
3584 5798 3878 5867 καρτερίαν
3910 5796 4039 5849 ἀνευ
