4260 6430
251 404 353 473 501

1035 408 1509 471 MARTYRIUM
1551 409 1610 471 S.
1656 409 2080 476 EUSTRATII
2122 414 2217 478 ET
2252 412 2664 473 SOCIORUM.

3398 415 3500 482 50?.

255 521 490 594 πιδείξῃ.
533 520 592 575 '0
614 520 672 575 δέ
695 520 850 589 ἀγιος
890 522 1150 593 Ὀρέστης
1168 524 1536 594 ἀπαγόμενος,
1561 524 1826 577 ἐδειλίασε
1854 528 1901 584 Α
1928 545 1937 581 ε

1819 541 1826 574 ι
1854 528 1901 584 Δ
1928 527 2329 593 adduceretur,
2366 524 2551 581 timuit
2581 540 2596 580 :
2634 534 2689 578 et
2726 532 2980 579 sanetum
3011 523 3238 580 intuens
3268 524 3501 583 Eustra-

250 615 346 666 arat
377 613 771 683 προσεσχηκὼς
792 611 871 683 τῷ
898 613 1043 684 ἀγίῳ
1076 615 1395 684 Εὐστρατίῳ
1420 611 1573 668 εἶπεν
1607 630 1621 645 °
1656 609 1826 676 Εὗξαι

256 705 402 774 ὑπὲρ
435 703 594 773 ἐμοῦ,
628 706 712 759 δτι
744 706 944 776 κάμνει
979 724 1083 777 μου
1123 709 1150 761 6
1181 706 1461 777 λογισμός.
1520 706 1580 759 'O
1606 706 1664 760 δέ
1692 706 1832 759 ἀπο·
1868 764 1869 767 η

260 797 472 861 κριθεὶς
511 793 665 851 εἷπεν
695 798 845 871 αὐτῷ
872 814 888 830 ⁸
916 799 1010 870 Μὴ
1038 800 1315 869 ὀλιγώρει,
1350 798 1544 866 ἀδελφέ
1578 798 1828 867 Ὀρέστα·

259 887 293 956 ἡ
326 886 422 940 θέα
461 887 569 959 γὰρ
592 891 754 960 μόνον
784 891 898 961 εχει
927 890 1017 946 τὸν
1048 890 1215 960 φόϐον
1244 908 1258 923 ⁶
1292 889 1545 959 αἴσθησις
1574 890 1631 944 δὲ
1660 890 1720 943 οὐ
1752 894 1827 960 μή

263 993 345 1028 σοι
386 976 634 1048 γένηται,
678 979 773 1032 ἐάν
824 979 1046 1051 θαρρῶν
1101 979 1407 1051 προσέλθῃς
1442 994 1455 1007 ·
1499 979 1831 1048 παρίσταται

259 1069 371 1137 γὰρ
425 1070 558 1138 ἡμῖν
595 1072 624 1123 6
668 1070 802 1134 Θεὸς
856 1071 1068 1142 βοηθῶν
1116 1075 1210 1127 καὶ
1272 1073 1829 1143 ἀντιλαμϐανόμενος.

258 1159 521 1227 Μέμνησο
546 1161 644 1230 τῆς
669 1163 1057 1233 γενναιότητος
1102 1163 1197 1216 τοῦ
1218 1164 1375 1232 ἀγίου
1411 1165 1704 1225 Δὺεεντίου
1742 1166 1834 1219 καὶ

254 1250 361 1305 τῶν
405 1250 609 1306 λοιπῖὖν
667 1254 859 1324 ἁγίων,
916 1256 1009 1311 καὶ
1064 1256 1139 1327 μὴ
1192 1261 1396 1326 χείρων
1442 1257 1587 1320 τινὸς
1629 1261 1830 1327 φωνῆς’

262 1346 459 1410 μικρὸν
488 1345 617 1413 γὰρ,
647 1346 842 1415 μικρὸν
871 1348 997 1400 ὅσον
1028 1348 1123 1401 καὶ
1154 1348 1394 1418 ἐκλείψει
1424 1349 1596 1402 ταῦτα
1631 1362 1645 1380 ⁶
1681 1351 1832 1419 μένει

263 1432 316 1485 δὲ
348 1436 481 1504 ἡμῖν
513 1438 571 1488 ἐν
600 1436 851 1506 οὐρανοῖς
900 1439 1173 1511 θησαυρὸς
1214 1440 1594 1511 ἀτελεύτητος.
1647 1440 1833 1495 Ταῦτα

264 1526 507 1590 ἀκούσας
572 1529 601 1582 6
675 1529 936 1601 Ὀρέστης
993 1532 1286 1604 ἐθάρσησε,
1345 1536 1437 1591 καὶ
1492 1535 1726 1606 ἀνδρείῳ
1758 1534 1835 1605 τῷ

264 1620 584 1689 φρονήματι
618 1623 938 1690 προσελθὼν
970 1625 1162 1693 ἥλατο,
1202 1626 1297 1679 καὶ
1338 1627 1469 1695 ἔστη
1511 1628 1695 1681 ἐπάνω
1743 1626 1837 1680 τοῦ

271 1714 786 1783 πεπυρακτωμένου
842 1716 1158 1786 κραϐϐἀτου
1213 1720 1428 1773 ἐκείνου
1459 1760 1474 1786 ,
1526 1720 1623 1775 καὶ
1672 1738 1842 1774 κατα-

271 1804 585 1871 σφραγίσας
632 1807 849 1872 ἑαυτὸν,
886 1810 1201 1878 παραυτίκα
1239 1811 1572 1877 ἀνακλιθεὶς,
1608 1813 1836 1885 ὴπλὼθη

259 1890 367 1958 ὅλῳ
419 1891 499 1961 τῷ
547 1893 761 1964 σώματι
814 1871 908 1951 ἐπὶ
957 1871 1053 1951 τοῦ
1126 1901 1320 1969 πυρὸς,
1350 1902 1444 1954 καὶ
1464 1871 1608 1955 οὕτω
1631 1871 1839 1973 κράξας
1872 1871 1913 1929 Β

270 1987 423 2054 φωνῇ
457 1987 693 2060 μεγάλῃ,
724 1988 918 2058 Κύριε,
981 1993 1061 2055 είς
1129 1996 1320 2064 χεῖρας
1353 2010 1448 2047 σου
1492 1995 1839 2066 παρατίθημι

262 2075 325 2127 τὸ
347 2077 567 2148 πνεῦμά
606 2097 730 2149 μου,
786 2083 1068 2153 παρέδωκε
1119 2086 1219 2155 τὴν
1250 2085 1448 2155 ψυχήν.
1488 2087 1840 2157 Ἐπεφὼνησε

264 2168 321 2219 δὲ
348 2167 492 2239 αὑτῷ
523 2172 551 2224 6
581 2170 734 2241 ᾶγιος
788 2175 1123 2245 Εὐστράτιος
1172 2178 1231 2230 τὸ
1296 2178 1490 2249 Ἀμήν.
1565 2179 1675 2233 Καὶ
1706 2182 1842 2250 μετά

263 2261 441 2312 ταῦτα
475 2266 817 2333 προσέταξεν
845 2270 872 2320 6
913 2268 1141 2338 ἡγεμὼν
1172 2270 1261 2322 τὸν
1304 2272 1460 2339 ἀγιον
1507 2272 1842 2343 Εὑστράτιον

268 2356 351 2415 εἰς
398 2354 496 2425 τὴν
557 2358 805 2429 φρουρὰν
858 2361 1257 2431 εἰσενεχθῆναι.
1295 2363 1508 2432 Ἀχθεὶς
1536 2364 1591 2417 δέ
1610 2366 1691 2428 είς
1742 2365 1842 2435 τὴν

270 2446 542 2518 φυλακὴν,
595 2451 689 2503 καὶ
716 2451 813 2514 τὰς
859 2452 1116 2522 συνήθεις
1148 2453 1226 2524 τῷ
1252 2453 1371 2524 Θεῷ
1396 2456 1726 2525 ἀναπέμψας
1755 2456 1845 2509 εὐ-

276 2538 400 2604 χὰς,
435 2540 661 2593 ἐκάλεσε
720 2544 812 2595 τὸν
861 2545 1091 2599 συνόντα
1118 2546 1269 2616 αὑτῷ
1307 2548 1545 2616 οἰκέτην,
1577 2547 1670 2600 καὶ
1699 2548 1845 2616 λέγει

267 2630 421 2699 αὖτῷ
455 2649 470 2667 ο
496 2632 653 2703 Φέρε,
716 2634 925 2704 τέκνον,
956 2636 1249 2708 διάθωμαισ
1314 2638 1521 2703 ἐλπίζω
1554 2640 1661 2711 γὰρ
1693 2640 1846 2710 κάγὼ

270 2727 340 2794 τῇ
394 2723 582 2794 aiian
632 2730 977 2799 παραστῆναι
1031 2730 1109 2799 τῷ
1172 2734 1413 2803 Δεσπότῃ
1445 2750 1549 2803 μου
1604 2734 1843 2803 Χριστῷ.

354 2818 486 2873 KG'.
523 2820 861 2891 Ἐνεχθένιτος
901 2823 957 2875 δέ
988 2823 1136 2893 αὐτῷ
1166 2824 1388 2894 χάρτου,
1416 2827 1621 2881 διέθετο
1670 2829 1847 2898 σημά-

266 2928 366 2972 νας
398 2913 453 2964 ἐν
505 2913 670 2981 αὐτῷ,
726 2914 868 2967 ὥστε
924 2917 983 2968 τὸ
1025 2916 1180 2983 ἅγιον
1248 2917 1413 2970 αὑτοῦ
1466 2918 1715 2987 λείψανον
1767 2922 1845 2982 είς

268 3004 371 3071 τὴν
428 3005 850 3074 ’Δραυρακηνῶν
930 3006 1374 3075 ἀποκομισθῆναι
1449 3010 1711 3079 πολίχνην
1754 3012 1847 3062 καὶ

272 3094 646 3161 κατατεθῆναι
692 3096 830 3150 ἐκεῖ.
892 3096 1097 3166 Μηδενὶ
1136 3096 1193 3149 δὲ
1248 3098 1449 3159 ἐξεῖναι
1514 3100 1574 3151 τὸ
1630 3100 1848 3152 σύνιλον

1939 621 2100 686 tium,
2127 620 2266 676 d7xit
2298 637 2313 673 :
2348 619 2456 675 Ora
2486 632 2584 687 pro
2618 632 2734 681 me;
2775 616 2987 673 laborat
3014 616 3164 672 enim
3192 618 3325 674 mihi
3347 622 3502 691 cogi-

1935 713 2087 768 tatio.
2134 712 2372 769 Sanetus
2413 718 2597 764 autem
2642 707 2931 777 respondit
2960 709 3275 765 Eustratius
3314 728 3327 763 :
3375 710 3501 766 Noli

1934 805 2180 858 animum
2229 801 2592 871 despondere,
2646 797 2819 852 frater
2874 797 3085 854 Oresta.
3140 799 3303 854 Solus
3353 801 3501 856 enim

1935 905 2187 964 aSpeetus
2211 895 2370 951 ail‘ert
2401 896 2655 951 timorem
2685 902 2740 947 et
2766 890 3072 946 crueiatum
3100 909 3114 957 ;
3149 894 3334 947 nullus
3366 907 3504 948 vero

1934 991 2054 1060 ejus
2080 989 2179 1043 tibi
2203 988 2380 1043 aderit
2406 1002 2622 1050 sensus,
2658 986 2703 1039 si
2733 984 2992 1039 audacter
3018 994 3071 1039 et
3096 984 3284 1039 fidenti
3319 985 3503 1039 animo

1936 1081 2255 1137 accesseris.
2285 1080 2405 1147 Ipse
2429 1080 2577 1135 enim
2606 1078 2869 1132 Dominus
2897 1076 3053 1132 adest
3079 1077 3235 1131 nobis
3257 1078 3497 1146 adjutor.

1935 1182 1993 1228 et
2051 1186 2154 1227 nos
2196 1171 2466 1226 defendit.
2533 1170 2805 1225 Memento
2888 1170 3272 1238 generositatis
3326 1171 3502 1224 sancti

1937 1264 2216 1329 Auxentii,
2269 1274 2326 1319 et
2382 1263 2717 1332 reliquorum
2773 1270 3124 1325 sanctorum;
3189 1276 3368 1330 neque
3438 1263 3506 1316 iis

1939 1356 2180 1410 videaris
2200 1355 2464 1419 deterior,
2496 1355 2613 1409 haec
2647 1354 2794 1410 enim
2826 1369 2950 1408 mox
2976 1352 3238 1407 deﬁciunt
3273 1372 3283 1406 :
3325 1362 3508 1417 manet

1938 1457 2122 1503 autem
2152 1463 2251 1503 nos
2275 1448 2587 1512 thesaurus,
2624 1448 2719 1515 qui
2744 1463 2855 1502 non
2887 1457 3065 1517 potest
3116 1446 3343 1500 auferri.
3384 1444 3510 1499 Haec

1939 1555 2067 1596 cum
2116 1549 2341 1595 sanctus
2385 1539 2685 1593 audivisset
2727 1539 2972 1601 Orestes,
3028 1537 3251 1593 audenti
3290 1545 3347 1591 et
3375 1535 3507 1593 forti

1940 1632 2123 1687 animo
2153 1632 2381 1697 insiluit,
2428 1641 2485 1686 et
2535 1630 2689 1687 stetit
2727 1646 2894 1699 supra
2936 1630 3167 1701 ignitum
3199 1629 3507 1696 grabatum,

1940 1740 2065 1780 eum
2092 1741 2154 1780 se
2182 1726 2483 1796 signasset,
2521 1735 2579 1780 et
2603 1723 2786 1779 statim
2834 1722 3187 1785 accumbens,
3240 1730 3356 1775 toto
3385 1734 3510 1775 eor-

1944 1832 2079 1887 pore
2110 1832 2170 1872 se
2193 1816 2452 1887 expandit
2488 1832 2655 1887 supra
2685 1816 2902 1885 ignem;
2929 1823 2986 1868 et
3019 1829 3211 1883 magna
3247 1828 3380 1867 voce
3405 1813 3513 1866 cla-

1942 1926 2122 1976 mans,
2156 1910 2294 1966 dixit
2327 1927 2341 1965 :
2380 1909 2612 1965 Domine
2644 1909 2773 1965 Jesu
2808 1908 3048 1969 Christe,
3086 1908 3140 1960 in
3176 1922 3371 1961 manus
3394 1915 3513 1961 tuas

1941 2007 2269 2058 commendo
2313 2000 2565 2070 spiritum
2610 2015 2829 2062 meum,
2889 2008 2947 2053 et
2994 2000 3225 2052 Domino
3270 2007 3512 2052 sanctam

1943 2109 2098 2149 suam
2135 2093 2360 2149 tradidit
2389 2093 2649 2148 animam.
2698 2092 3031 2147 Aeelamavit
3070 2102 3251 2145 autem
3290 2102 3514 2145 sanctus

1945 2181 2253 2237 Eustratius
2282 2201 2295 2235 :
2323 2183 2518 2246 Amen,
2551 2191 2608 2237 et
2630 2182 2812 2236 statim
2841 2182 3008 2251 jussit
3039 2182 3364 2249 Agricolaus
3388 2195 3516 2235 san-

1944 2283 2091 2328 ctum
2144 2275 2481 2330 Eustratium
2539 2275 2734 2329 abduci
2772 2276 2827 2329 in
2872 2273 3333 2338 eustodiam.Qui
3385 2288 3512 2326 eum

1943 2374 2239 2419 consuetas
2269 2379 2462 2434 preces
2503 2365 2615 2419 Deo
2666 2364 2959 2428 emisisset,
3003 2373 3060 2417 et
3100 2363 3387 2424 famulum,
3418 2362 3514 2431 qui

1944 2464 2213 2511 eratcum
2235 2471 2324 2517 eo,
2359 2465 2629 2516 vocasset.
2688 2456 2822 2510 dicit
2862 2456 2957 2509 ei:
2998 2456 3139 2526 Age,
3197 2455 3293 2521 ﬁli,
3320 2455 3515 2510 faciam

1950 2555 2354 2603 te3tamentum.
2381 2547 2553 2617 Spero
2585 2548 2731 2601 enim
2763 2548 2900 2613 fore,
2935 2556 2995 2602 ut
3024 2563 3125 2619 ego
3146 2564 3366 2618 quoque
3391 2563 3517 2603 cras

1949 2640 2117 2695 sistar
2140 2649 2267 2695 ante
2296 2640 2588 2695 Dominum
2617 2655 2801 2695 meum
2823 2639 3122 2696 Christum.

2017 2819 2210 2875 XXIX.
2251 2818 2453 2874 Charta
2503 2830 2687 2873 autem
2735 2819 2785 2873 ei
2838 2819 3017 2886 allata,
3068 2820 3521 2876 fecittestameu-

1950 2922 2087 2975 tum,
2126 2912 2181 2965 in
2214 2927 2283 2965 eo
2309 2910 2647 2981 signiﬁcans,
2682 2926 2740 2965 se
2784 2911 2923 2967 velle
2970 2923 3193 2968 sanctas
3222 2929 3352 2968 suas
3385 2914 3519 2968 reli-

1947 3007 2107 3076 quias
2127 3004 2312 3059 eﬂ'erri
2346 3005 2400 3058 in
2430 3004 2753 3072 oppidulum
2792 3005 3275 3070 Arabracinorum,
3319 3013 3375 3060 et
3410 3006 3521 3060 illic

1949 3095 2183 3166 deponi;
2238 3096 2445 3149 nemini
2502 3110 2633 3150 vero
2672 3095 2838 3151 licere
2877 3095 3100 3151 omnino
3136 3112 3229 3151 eas
3275 3106 3517 3167 tangere,

275 3186 545 3239 ἅπτεσθαι
608 3187 823 3253 τούτου,
874 3188 1009 3242 ἀλλὰ
1053 3188 1194 3242 σῶον
1228 3190 1358 3241 αὐτὸ
1390 3191 1755 3260 κατατεθῆναι
1790 3194 1845 3243 ἐν
1872 3209 1915 3264 C
1948 3205 1957 3241 ε

1836 3209 1915 3264 νο
1948 3190 2041 3243 sed
2069 3189 2249 3243 salvas
2282 3202 2404 3243 esse
2453 3186 2805 3256 deponendas
2863 3186 2918 3240 in
2969 3186 3112 3251 loco,
3158 3188 3252 3257 qui
3297 3196 3518 3241 vocatu:

268 3278 425 3345 τῦπῳ
473 3278 579 3330 τινὶ
614 3278 934 3348 καλουμένῳ
1010 3279 1401 3349 Ἀναλιϐόζορα
1456 3282 1571 3349 ἅμα
1627 3284 1738 3345 τοῖς
1762 3299 1849 3334 τε-

272 3369 551 3423 λτιωθεῖσι
608 3373 705 3424 σὺν
778 3370 930 3440 αὐτῷ
982 3370 1159 3438 ἀγίοις
1200 3370 1462 3441 Εύγενίῳ,
1521 3373 1845 3444 Μαρδαρίῳ.

281 3458 512 3531 Ὀρέστῃ
534 3463 624 3512 καὶ
652 3461 942 3530 Αὒξεντίῳ.
963 3461 1180 3531 Ἐπειδὴ
1201 3463 1252 3513 οί
1276 3462 1421 3529 ἇγιοι
1453 3457 1599 3517 οὗτοι
1623 3464 1835 3534 καθώρ-

276 3567 464 3603 κωσαν
512 3553 606 3605 τὸν
653 3553 808 3620 ἅγιον
870 3554 1207 3623 Εὑστράτιον
1246 3555 1334 3606 ὅτε
1389 3556 1849 3625 κατεσχέσθψαν,

276 3642 421 3694 ὥστε
476 3643 615 3711 μετὰ
646 3642 706 3694 τὸ
740 3643 1095 3713 τελειωθῆναι
1156 3644 1353 3706 αὐτοὺς
1397 3646 1531 3714 πρδς
1593 3646 1668 3713 τῷ
1712 3647 1853 3715 ἀγίῳ

274 3734 443 3787 αὑτοῦ
466 3734 704 3803 λειψάνῳ
753 3735 846 3787 καὶ
883 3735 951 3786 τὰ
987 3735 1192 3787 τούτων
1232 3735 1598 3805 κατατεθῆναι
1621 3736 1850 3805 λείψανα

275 3826 391 3881 σῶα
433 3830 525 3878 καὶ
550 3826 839 3895 ὁλόκληρα,
875 3826 970 3878 καὶ
996 3826 1056 3878 τδ
1088 3828 1145 3879 ἐν
1182 3827 1545 3895 Ἀραυράκοις
1573 3827 1629 3880 δέ
1668 3829 1853 3897 κτῆμα

275 3934 356 3987 πρ
390 3916 611 3977 σίταξεν
642 3918 720 3978 είς
766 3916 1081 3985 ἀποτροφὴν
1118 3916 1227 3968 τῶν
1257 3917 1560 3987 μελλόντων
1599 3920 1855 3987 παραμέο

277 4026 388 4061 »ειν
408 4013 471 4077 τῇ
504 4010 781 4079 ὑπηρεσία
826 4008 920 4061 τοῦ
975 4009 1282 4079 μαρτυρίου
1318 4010 1494 4061 αὐτῶν
1528 4026 1854 4078 προσκυρω-

280 4100 479 4167 θῆναι-
543 4101 642 4168 τὴν
672 4100 727 4150 δὲ
759 4099 954 4168 λοιπὴν
1016 4101 1196 4152 πᾶσαν
1238 4100 1466 4168 κινητὴν
1515 4098 1722 4165 οὐσίαν,
1758 4100 1857 4168 τὴν

282 4190 384 4258 μὲν
408 4186 661 4257 ήμίεειαν
725 4188 920 4259 πένησι
1001 4189 1419 4258 διανεμηθῆναι,
1467 4192 1562 4258 τὴν
1596 4191 1650 4243 δέ
1689 4190 1858 4260 ἀλλην

287 4285 413 4345 ταῖς
445 4283 701 4347 ἀδελφαῖς
738 4280 903 4333 αὑτοῦ
936 4281 1377 4351 παρασχεθῆναι,
1401 4282 1529 4343 τοὺς
1552 4282 1609 4335 δέ
1637 4281 1859 4349 οἰκέτας

282 4374 596 4443 ἐλευθερίας
652 4374 858 4443 τυχεῖν,
910 4372 1175 4434 λαϐόντας
1229 4374 1323 4427 καὶ
1360 4374 1777 4439 λεγᾶτα.Τοῦτο
1800 4375 1858 4427 δέ

284 4466 636 4527 διατυπώσας
669 4467 995 4533 ἐνήστευσεν
1052 4464 1179 4535 ὅλην
1225 4464 1323 4534 τὴν
1356 4466 1576 4533 ἡμέραν
1618 4466 1855 4535 ἐκείνην.

1949 3280 2329 3344 Analicosora,
2387 3279 2549 3332 simul
2602 3293 2729 3333 eum
2786 3277 3059 3332 Auxentio
3117 3287 3175 3332 et
3226 3277 3419 3332 Oreste
3466 3284 3523 3332 et

1949 3372 2218 3427 Mardario
2248 3382 2305 3427 et
2338 3370 2903 3439 Eugenio;quoniam
2948 3370 3005 3423 hi
3054 3370 3227 3425 sancti
3270 3380 3520 3425 sanetum

1952 3461 2294 3515 Eustratium
2350 3470 2700 3516 sacramento
2738 3460 3064 3531 adegerunt,
3113 3461 3379 3525 dicentes,
3439 3471 3519 3524 ut.

1953 3561 2239 3622 postquam
2290 3562 2437 3607 esset
2498 3564 2931 3617 consummatus,
2972 3567 3097 3607 eum
3160 3553 3363 3608 sanctis
3407 3554 3521 3607 suis

1953 3643 2223 3712 reliquiis,
2274 3659 2466 3699 eorum
2530 3658 2749 3713 quoque
2795 3642 3215 3712 deponerentur
3284 3644 3525 3713 reliquis:

1954 3736 2117 3790 salva
2170 3743 2227 3790 et
2272 3735 2521 3805 integrae.
2576 3734 2721 3799 Quas
2745 3747 2927 3789 autem
2957 3735 3251 3790 Arabraeis
3282 3735 3523 3789 habebat

1953 3828 2259 3893 facultates,
2310 3828 2607 3897 assignavit
2653 3828 2719 3880 ad
2774 3842 2870 3882 eos
2916 3827 3164 3891 alendos,
3214 3829 3309 3897 qui
3363 3836 3525 3882 erant

1956 3921 2304 3991 permansuri
2350 3921 2405 3973 in
2466 3919 2774 3974 ministerio
2822 3920 3069 3990 martyrii
3122 3934 3345 3985 eorum;
3390 3920 3524 3973 reli-

1956 4030 2190 4083 quorum
2211 4029 2340 4067 vero
2363 4013 2609 4066 omnium
2636 4013 2944 4073 mobilium,
2977 4011 3263 4065 dimidium
3293 4010 3521 4081 quidem

1957 4106 2237 4160 distribuit
2261 4102 2611 4174 pauperibus,
2639 4103 2800 4158 aliam
2833 4112 3015 4156 autem
3047 4110 3258 4171 partem
3286 4101 3402 4154 suis
3432 4114 3523 4155 so-

1960 4197 2171 4251 roribus
2194 4238 2209 4262 ,
2246 4196 2477 4249 famulos
2528 4210 2660 4249 vero
2718 4208 2871 4260 suos,
2907 4194 3106 4248 donata
3137 4193 3219 4247 eis
3246 4193 3522 4254 libertate,

1956 4288 2120 4359 jussit
2176 4287 2425 4356 accipere
2452 4287 2649 4356 legata.
2692 4286 2819 4339 Hac
2852 4299 2977 4339 cum
3018 4284 3376 4347 decrevisset,
3412 4291 3525 4336 toto

1961 4379 2051 4433 die
2076 4378 2342 4448 jejunavit
2367 4417 2383 4442 ,
2407 4386 2516 4432 tota
2550 4386 2734 4432 autem
2762 4385 2921 4431 nocte
2954 4374 3327 4443 perseveravit
3353 4374 3525 4429 Deum

1962 4486 2140 4537 orare,
2166 4480 2224 4524 et
2256 4472 2307 4524 ei
2343 4470 2592 4538 psallere.

361 4556 440 4610 A'.
485 4558 544 4609 Ὀ
570 4558 624 4609 δὲ
663 4554 956 4617 ἐπίσκοπος
980 4556 1077 4626 τῆς
1114 4554 1483 4609 Σεϐαστεινῶν
1543 4557 1745 4619 πόλεως
1770 4557 1847 4628 τῷ
1886 4540 1939 4599 Ῑ)
2033 4562 2043 4615 ἶ

1840 4578 1847 4606 ι
1886 4540 1939 4599 Ῑ)
2033 4561 2202 4615 XXX.
2244 4561 2547 4630 EpiSCOpus
2572 4568 2756 4615 autem
2785 4559 3023 4615 civitatis
3071 4558 3522 4624 Setastenorum,

285 4652 412 4704 τ’τε
442 4650 617 4719 χρνῗνῳ
666 4647 1151 4718 ὶποκρυπτόμενος
1178 4644 1244 4720 ἦν
1270 4648 1357 4701 διὰ
1372 4648 1862 4720 τὺνειωγμόν.”υσο

285 4762 372 4805 τις
396 4742 564 4795 ἐλθὼν
586 4746 638 4793 ἓν
665 4743 730 4810 τῇ
761 4741 916 4793 νυκτὶ
942 4742 1124 4812 ἐκείνῃ
1152 4742 1287 4810 πρὸς
1316 4742 1497 4805 αὑτὸν,
1527 4746 1621 4795 καὶ
1648 4746 1865 4813 χρήμαο

292 4836 493 4895 τανοῦέ
523 4836 633 4894 τοτς
666 4833 1049 4901 φυλάττουσιν,
1081 4833 1313 4901 ἠξίωσεν
1334 4834 1732 4904 ἐπισκέψασθαι
1769 4838 1858 4887 τδν

298 4930 457 4998 ἅγιον
478 4929 827 4997 Εὐστράτιον,
850 4923 919 4997 ἦν
944 4928 1052 4997 γὰρ
1083 4928 1321 4986 ἀκούσας
1358 4930 1482 4996 περὶ
1508 4930 1605 4996 τῆς
1670 4929 1862 4996 σοφίας

300 5022 469 5075 αὐτοῦ
495 5023 588 5074 καὶ
628 5021 830 5090 πολλῆς
880 5021 1215 5092 παρρησίας,
1254 5021 1347 5073 καὶ
1388 5021 1534 5082 ὅπως
1556 5022 1695 5090 κατῄ
1711 5040 1861 5092 ςχυνε

292 5116 387 5166 τ⁵.ν
416 5112 654 5183 ἄρχοντα
726 5110 991 5180 μετὰτῶν
1055 5110 1194 5163 θεῶν
1253 5110 1560 5175 αὑτοῦ,καὶ
1606 5111 1862 5163 εἰσελθὼν

294 5206 428 5267 ἔσω,
464 5204 553 5255 καὶ
584 5203 840 5272 ἐωρακῦς
873 5203 1057 5268 αὑτὸν,
1100 5202 1292 5255 ἔπεσεν
1324 5204 1416 5255 ἐπὶ
1448 5206 1743 5272 πρίσωπον
1770 5205 1863 5255 ἐπὶ

293 5298 398 5368 ’τὴν
426 5297 529 5365 γῆν
567 5296 663 5349 καὶ
721 5294 913 5365 ἐδεήθη
959 5294 1122 5347 αὑτοῦ
1172 5295 1428 5364 εἰρηκώς’
1468 5295 1753 5365 Μικέιριος
1790 5291 1858 5359 εἴ,

292 5392 487 5442 ’τέκνον
526 5386 845 5456 Εὖστράτιε,
879 5385 1157 5447 ὅτιοῦτως
1199 5386 1611 5454 ἐνεδυναμώθης
1650 5387 1753 5439 ὑπὸ
1772 5387 1863 5440 τοῦ

298 5478 686 5551 φιλανθρώπου
744 5479 901 5534 Θεοῦ.
957 5481 1222 5548 Μέμνησο
1249 5479 1302 5531 δέ
1335 5481 1429 5530 καὶ
1486 5479 1639 5547 ἐμοῦ.
1678 5478 1865 5547 δέομαί

300 5592 423 5627 anu.
470 5572 601 5621 Ὀδὲ
631 5570 785 5635 ἆγιος
831 5568 1164 5637 Εὑστράτιος
1198 5567 1547 5635 ἀπεκρίνατο’
1590 5567 1681 5633 Μὴ
1726 5566 1866 5616 ποίςι

297 5665 465 5723 οὕτω,
490 5664 670 5729 Πάτερ
710 5660 981 5729 πνεύματι
1013 5658 1189 5728 κύριε,
1212 5658 1325 5711 ἀλλ’
1355 5659 1433 5718 είς
1465 5658 1560 5725 τὴν
1587 5655 1867 5724 ἐπικειμέ-

300 5773 406 5824 νην
462 5770 546 5806 σοι
587 5753 743 5817 ἀξίαν
777 5751 1102 5804 ἀποϐλέπων
1159 5752 1289 5818 παρ’
1336 5749 1492 5818 ἡμῶν
1556 5748 1775 5813 ἐκδέχου
1806 5748 1865 5798 τὸ

304 5846 545 5901 τοιοῦτον
611 5844 946 5915 πληροῦσθαί
1004 5861 1083 5897 σοι
1131 5842 1307 5913 χρέος.
1360 5841 1749 5894 Καθεπθὲντων
1779 5834 1868 5890 οὖν

1961 4670 2029 4709 eo
2070 4664 2314 4722 tempore
2359 4652 2564 4705 latebat
2619 4659 2840 4720 propter
2896 4651 3370 4719 persecutionem;
3426 4648 3518 4718 qui

1965 4750 2127 4795 nuctu
2150 4738 2300 4793 venit
2338 4738 2404 4793 ad
2432 4754 2581 4803 eum,
2617 4750 2674 4794 et
2711 4739 2853 4792 datis
2887 4738 3217 4794 custodibus
3248 4738 3521 4807 pecuniis,

1963 4837 2240 4904 ingressus
2273 4840 2356 4888 est
2400 4833 2467 4885 ad
2524 4840 2771 4886 sanetum
2820 4830 3156 4885 Eustratium
3192 4844 3207 4887 :
3240 4830 3525 4885 audiverat

1963 4927 2109 4979 enim
2155 4925 2221 4978 de
2260 4937 2457 4992 magna
2484 4923 2605 4991 ejus
2633 4921 2929 4989 sapientia,
2960 4931 3016 4975 et
3048 4920 3196 4991 quod
3234 4919 3522 4988 praesidem

1962 5032 2086 5071 cum
2123 5015 2230 5071 diis
2255 5015 2371 5069 suis
2404 5013 2610 5083 pudore
2643 5011 2925 5077 all‘eeerat,
2971 5020 3027 5067 et
3074 5027 3199 5065 cum
3224 5010 3417 5065 fuisset
3446 5012 3524 5064 in-

1967 5121 2047 5163 tra
2079 5108 2408 5169 custodiam,
2450 5119 2656 5174 pronus
2685 5104 2891 5159 cecidit
2948 5106 3003 5158 in
3054 5104 3272 5164 faciem,
3314 5114 3369 5173 et
3397 5118 3524 5156 san-

1965 5212 2110 5255 ctum
2160 5197 2427 5262 adoravit,
2488 5195 2717 5250 dicens:
2755 5197 2953 5250 Beatus
3008 5210 3091 5256 es,
3138 5195 3210 5247 illi
3260 5193 3523 5255 Eustrati,

1967 5292 2110 5358 quod
2147 5290 2408 5345 Dominus
2449 5288 2589 5343 Deus
2621 5296 2822 5341 tantam
2861 5287 2959 5340 tibi
3001 5286 3214 5340 dederit
3241 5286 3520 5338 virtutem.

1966 5384 2235 5437 Memento
2280 5389 2460 5433 autem
2517 5379 2620 5432 mei
2668 5392 2910 5446 quoque,
2940 5387 2991 5431 te
3036 5391 3190 5445 rogo.
3226 5375 3527 5443 Respondit

1966 5489 2095 5529 vero
2149 5479 2371 5525 sanctus
2425 5468 2735 5523 Eustratius
2781 5486 2792 5521 :
2843 5468 2920 5521 Ne
2968 5466 3049 5521 sic
3101 5466 3301 5525 facias.
3367 5464 3528 5518 Pater

1968 5565 2289 5637 spiritualis,
2318 5563 2413 5615 sed
2452 5562 2518 5615 ad
2560 5577 2680 5613 eam
2739 5576 2859 5627 quae
2913 5570 2997 5613 est
3043 5559 3141 5611 tibi
3163 5557 3310 5621 data,
3353 5556 3529 5624 digni-

1971 5667 2135 5713 tatent
2163 5655 2454 5723 aspiciens,
2494 5662 2749 5721 exspecta
2782 5652 2885 5706 hoc
2920 5667 2949 5704 a
2995 5650 3155 5703 nobis
3186 5648 3522 5716 implendum

1974 5751 2070 5804 tibi
2094 5747 2361 5803 debitum.
2398 5746 2535 5800 Cum
2562 5745 2595 5798 ii
2634 5761 2763 5814 ergo
2794 5746 3087 5804 sedissem,
3122 5743 3261 5797 dixit
3304 5741 3527 5793 Eustra«

1973 5845 2078 5894 lius
2116 5839 2419 5909 episeopo:
2471 5836 2733 5900 Quoniau
2789 5835 2895 5890 Deo
2942 5836 3175 5895 volente,
3225 5847 3344 5885 cras
3396 5832 3524 5882 liora
