4260 6430
833 387 936 450 507

854 546 1182 561 Ἠ

2053 400 2335 464 MENSIS
2375 405 2802 472 DECEMBER.

1195 549 4050 597 _.______.._______________________________

1437 709 2068 797 ΜΑΡΤΥΡΙΟΝ
2145 715 2372 800 ΤΩΝ
2447 713 2788 803 ΑΓΙΩΝ
2862 720 3456 809 ΜΑΡΤΥΡΩΝ

1175 901 1788 1046 ΘΥΡΣΟΥ,
1871 900 2599 1054 ΑΟΥΚΙΟΥ,
2681 909 3699 1060 ΚΑΛΛΙΝΙΚΟΥ,

1517 1125 2224 1227 ,ΦΙΛΗΜΟΝΟΣ
2299 1131 2495 1215 ΚΑΙ
2567 1131 3343 1222 ΑΠΟΛΛΩΝΙΟΥ.

1295 1477 2023 1572 MARTYBIUM
2097 1483 2816 1580 SANCTOBUM
2896 1488 3568 1582 MARTYRUM

1007 1703 1855 1903 THYRSI,
2003 1706 2623 1906 LUCII,
2770 1706 3884 1897 CALLINICI,

1584 1973 2099 2050 PHILEMONIS,
2144 1973 2570 2037 APOLLONU
2611 1977 2715 2038 ET
2751 1978 3305 2054 RELIQUORUM.

1371 2133 1568 2197 (Latine
1593 2137 1721 2198 apud
1744 2135 1941 2187 Surium
1969 2138 2030 2187 ad
2051 2139 2183 2189 diem
2206 2139 2263 2188 14
2288 2140 2606 2203 Decembris;
2629 2143 2796 2194 Graece
2816 2153 2879 2193 ex
2899 2145 3010 2194 cod.
3039 2156 3133 2195 ms.
3157 2145 3313 2196 Paris.
3341 2145 3502 2209 N96.)

892 2450 932 2506 1.
957 2451 1092 2506 Cum
1110 2449 1374 2508 Dominus
1394 2452 1752 2509 nosterJesus
1771 2451 2044 2517 Christus.
2067 2453 2250 2508 carnis
2268 2451 2402 2508 inita
2429 2461 2477 2518 Α
2573 2503 2574 2508 η

2380 2468 2402 2508 I
2429 2461 2477 2518 Δ
2573 2456 2655 2512 Δ’.
2688 2455 2796 2508 Τοῦ
2826 2457 3038 2525 Κυρῖου
3072 2456 3229 2528 ἡμῶν
3270 2455 3446 2525 Ἰησοῦ
3501 2457 3742 2528 Χριστοῦ
3808 2461 4062 2531 κοινωιίᾳ

825 2545 1110 2609 societate,
1144 2544 1401 2614 benigne,
1435 2554 1496 2599 ut
1517 2545 1653 2601 dicit
1679 2546 1881 2602 Paulus
1914 2549 1960 2612 ',
1986 2547 2040 2600 in
2067 2557 2216 2602 terra
2242 2557 2394 2602 esset

830 2645 1082 2690 versatus
1117 2636 1290 2706 (misit
1321 2638 1470 2692 enim
1501 2638 1697 2691 Filium
1734 2654 1920 2701 suum,
1947 2639 2150 2693 factum
2183 2655 2251 2694 ex
2275 2655 2400 2694 mu-

825 2729 986 2791 liere,
1022 2728 1224 2782 factum
1243 2728 1345 2782 sub
1377 2728 1496 2799 lege
1526 2731 1592 2798 '),
1630 2741 1690 2784 ut
1719 2741 1774 2786 et
1805 2746 1905 2786 nos
1931 2731 1998 2786 ad
2023 2733 2270 2788 veritatis
2298 2732 2396 2786 ad-

827 2822 1059 2875 duceret
1101 2822 1438 2892 agnitionem
1488 2839 1585 2893 per
1625 2824 1870 2894 prodigia
1901 2865 1916 2889 ,
1953 2841 2050 2894 per
2083 2825 2259 2895 signa,
2300 2840 2398 2894 per

827 2913 1190 2980 apostolicum
1220 2927 1529 2966 sermonem
1559 2922 1615 2966 et
1662 2912 1965 2967 doctrinam
1993 2954 2006 2976 ,
2039 2927 2138 2982 per
2169 2913 2397 2982 praecla-

829 3020 922 3058 ros
961 3013 1019 3057 et
1055 3004 1409 3058 admirabiles
1444 3006 1614 3069 viros,
1654 3006 1750 3075 qui
1801 3016 1987 3075 postea
2037 3006 2304 3061 fuerunt:
2342 3016 2398 3062 et

828 3094 1090 3149 omnibus
1117 3095 1296 3150 modis
1326 3107 1668 3166 procuraret,
1713 3107 1774 3152 ut
1812 3114 2198 3153 revocaremur
2244 3115 2273 3154 a
2317 3116 2400 3154 νι-

828 3189 907 3240 tio
939 3202 953 3237 :
985 3187 1080 3254 qui
1145 3187 1327 3242 statim
1375 3189 1444 3242 ab
1490 3190 1650 3243 initio
1719 3200 1910 3245 nostro
1962 3192 2148 3260 generi
2194 3193 2401 3248 exstitit

826 3278 1110 3346 inimicus,
1148 3279 1261 3335 haec
1290 3281 1500 3344 videns,
1534 3291 1590 3336 et
1620 3293 1859 3337 nostram
1899 3298 2006 3337 non
2061 3283 2238 3338 ferens
2278 3300 2402 3339 cor-

829 3371 1152 3435 rectionem,
1179 3373 1352 3428 movit
1379 3372 1643 3427 adversus
1666 3390 1765 3428 nos
1799 3389 2037 3440 omnem,
2084 3385 2144 3428 ut
2170 3375 2394 3440 dicitur,

829 3464 1106 3533 lapidem;
1158 3476 1214 3520 et
1263 3482 1388 3520 cum
1439 3481 1504 3520 ex
1552 3482 1611 3521 se
1663 3484 1762 3522 nos
1810 3483 1915 3521 non
1947 3469 2396 3538 possetaggrcdi,

832 3557 1114 3625 prioribus
1156 3573 1346 3611 rursus
1402 3572 1533 3612 usus
1581 3567 1667 3613 est
1716 3560 2004 3624 machinis,
2039 3571 2093 3615 et
2127 3577 2226 3630 per
2261 3562 2398 3616 alios

830 3647 1096 3702 excitavit
1127 3648 1452 3711 seditiones,
1485 3659 1540 3703 et
1566 3650 1704 3703 bella
1737 3651 2057 3716 commovit,
2089 3661 2144 3705 et
2171 3652 2396 3707 molitus

829 3748 919 3792 est
943 3753 1106 3793 outne
1134 3755 1305 3807 genus
1336 3741 1583 3794 insidias.
1617 3741 1751 3794 Nam
1776 3757 1900 3796 cum
1924 3742 2216 3797 artiﬁciose
2245 3743 2397 3798 subi-

2499 2550 2724 2621 σαρκδς,
2756 2551 2784 2603 ὂ
2818 2567 2952 2620 φησι
2987 2549 3218 2616 Παῦλος,
3251 2552 3344 2604 ἐπὶ
3374 2551 3477 2621 γῆς
3519 2551 3916 2622 φιλανθρώπως
3947 2555 4067 2606 im-

2497 2641 2840 2714 δημήεαντος
2874 2632 3248 2708 (ἐξαπέστειλε
3312 2642 3424 2712 γὰρ
3457 2644 3485 2695 ὁ
3513 2643 3645 2704 Θεὸς
3673 2643 3764 2696 τδν
3797 2645 3926 2697 Υίδν
3967 2647 4057 2698 σὺν

2495 2729 2592 2786 τοῦ
2626 2734 2916 2800 γενόμενον
2953 2735 3018 2786 ὲκ
3058 2733 3318 2800 γυναικὸς
3365 2734 3660 2801 γενόμενον
3693 2735 3796 2787 ὑπὸ
3854 2734 4067 2804 νόμον),

2497 2823 2578 2885 είς
2606 2825 2901 2891 ἐπίγνωσίν
2939 2842 2995 2877 τε
3017 2825 3113 2894 τῆς
3147 2823 3404 2894 ἀληθείας
3457 2826 3604 2896 ἡμᾶς
3647 2827 3937 2892 ἐνάγοντος
3978 2827 4066 2879 διὰ

2496 2932 2554 2968 τε
2567 2917 2824 2986 ραστίων,
2851 2918 2939 2972 διὰ
2971 2918 3240 2988 σημείων,
3267 2919 3336 2972 δι’
3375 2919 3743 2972 ἁποττολικοῦ
3786 2918 3947 2985 λόγου
3977 2920 4074 2971 καὶ

2497 3005 2866 3074 διδαγμάτων,
2903 3007 2991 3061 διὰ
3014 3006 3124 3060 τῶν
3157 3010 3294 3076 μετὰ
3313 3007 3488 3060 ταῦτα
3522 3007 3792 3075 γενναίων
3816 3012 3909 3061 καὶ
3934 3009 4072 3061 θαυ-

2502 3099 2718 3166 μασίων
2747 3100 2959 3170 ἀνδρῶν
3000 3102 3096 3154 καὶ
3128 3103 3265 3154 πᾶσι
3306 3101 3532 3170 τρόποις
3565 3101 3666 3170 τὴν
3711 3102 3821 3154 ἀπὸ
3874 3101 4074 3164 κακίας

2498 3190 2794 3262 ἀνάκλησιν
2843 3192 3004 3262 ἡμῶν
3052 3194 3608 3263 πραγματευομένου.
3661 3195 3690 3244 6
3743 3192 3952 3246 ἄνωθεν
3992 3193 4072 3262 τῷ

2498 3282 2756 3352 ἡμετέρῳ
2785 3284 2932 3349 γένει
2962 3284 3277 3354 περιφανὴς
3305 3283 3566 3356 πολέμιος
3613 3284 4072 3352 ἀποδεδειγμένος

2497 3375 2671 3427 ταῦτα
2701 3373 2864 3443 ὸρῶν,
2901 3375 2994 3426 καὶ
3022 3373 3119 3444 τὴν
3147 3375 3304 3444 ἡμῶν
3328 3373 3594 3442 οὕμενουν
3621 3376 3923 3443 ἁνόρἽωσιν
3951 3379 4077 3427 ἀνε-

2500 3464 2750 3533 χόμενος,
2778 3465 2960 3518 πάντα
2991 3465 3156 3530 λίθον,
3188 3466 3218 3518 ὃ
3239 3466 3480 3533 λέγεται,
3508 3465 3631 3518 καθ’
3665 3465 3822 3535 ἡμῶν
3879 3467 4075 3527 ἐκίνει,

2501 3554 2596 3607 καὶ
2622 3555 2952 3625 προσϐαλεῖν
2981 3556 3194 3610 οἴκοθεν
3227 3556 3392 3619 αὐτὸς
3423 3557 3523 3609 οὐκ
3555 3557 3694 3626 ῑχων
3723 3559 3788 3625 τῇ
3823 3560 4077 3628 προτέρᾳ

2505 3650 2723 3717 μηχανῇ
2763 3649 2858 3700 καὶ
2894 3643 3053 3711 αὖθις
3078 3648 3302 3717 ἐχρῆτο,
3337 3647 3431 3700 καὶ
3477 3647 3546 3698 δι’
3593 3649 3797 3718 ἑτέρων
3855 3649 4078 3710 στάσεις

2502 3737 2710 3805 ἀνῆπτε
2743 3737 2839 3790 καὶ
2865 3737 3126 3806 πολέμοις
3151 3735 3372 3806 ἠρέθιζε
3403 3737 3498 3788 καὶ
3523 3739 3630 3789 πᾶν
3664 3732 3805 3798 εἶδος
3845 3736 4076 3788 επιϐου-

833 3831 966 3884 isset
990 3805 1235 3894 Decium,
1265 3833 1359 3900 qui
1400 3840 1531 3885 tunc
1565 3832 1826 3887 Romanis
1854 3833 2182 3902 imperabat,
2228 3835 2395 3889 vehe-
2430 3805 2474 3860 Β
2501 3828 2515 3879 ἱ

2430 3805 2474 3860 Β
2501 3828 2599 3897 λῆς
2621 3829 2988 3882 ἐπεδείκνυτο.
3008 3805 3013 3806 ν
3037 3805 3317 3881 ’Υπελθὼν
3343 3828 3453 3897 γὰρ
3480 3827 3748 3896 εὐτέχνως
3771 3827 3862 3880 τὸν
3888 3828 4078 3879 Δέκιον

833 3934 1050 3977 menter
1079 3923 1448 3978 conturbabat
1473 3923 1838 3987 Christianos,
1871 3925 2170 3990 lacerabat,
2217 3927 2400 3983 trabe-

834 4014 930 4068 bat
959 4013 1025 4068 ad
1050 4014 1282 4083 judicia,
1312 4031 1408 4069 eos
1441 4016 1692 4070 maximis
1718 4015 1960 4070 alliciens
1989 4018 2275 4087 suppliciis
2296 4059 2310 4082 ,
2343 4028 2401 4073 et

835 4113 1114 4174 postremo
1159 4107 1277 4176 ipsa
1335 4116 1531 4160 morte.
1586 4106 1760 4161 Causa
1812 4117 2020 4172 autem,
2077 4110 2222 4178 quod
2265 4125 2398 4179 non,

835 4196 1026 4250 relicto
1075 4212 1209 4250 vero
1253 4197 1383 4260 Deo,
1433 4213 1597 4252 vanas
1627 4207 1684 4250 et
1719 4199 1909 4252 inanes
1938 4199 2162 4253 deorum
2194 4199 2404 4253 abomi-

837 4291 1090 4343 uationes
1137 4298 1195 4342 ut
1243 4287 1537 4342 adorarent
1586 4289 1908 4357 persuaderi
1953 4299 2222 4358 poterant.
2283 4291 2403 4355 Quo

835 4389 1084 4450 tempore
1141 4379 1310 4434 fortes
1358 4381 1576 4448 pietatis
1623 4379 1862 4446 athleta,
1895 4381 2116 4444 Lucius,
2159 4382 2401 4450 inquam,

833 4481 892 4528 et
947 4472 1213 4542 Thyrsus,
1274 4482 1332 4528 et
1376 4473 1678 4528 Callinicus
1735 4474 1820 4543 (re
1883 4489 2013 4527 vera
2083 4474 2402 4538 Callinicus,

836 4577 1036 4632 nempe
1071 4563 1355 4633 praclarus
1375 4565 1594 4634 victor),
1622 4571 1852 4620 mortem
1883 4573 2106 4634 propter
2128 4565 2404 4620 Christum

837 4657 1152 4725 elegerunt,
1197 4657 1354 4726 prius
1405 4657 1594 4712 multis
1638 4657 1866 4713 cruciati
1907 4658 2240 4728 suppliciis:
2283 4674 2407 4727 quae

837 4745 1028 4798 omnia
1057 4754 1394 4814 superarunt
1429 4746 1716 4801 tolerantia
1744 4761 1758 4800 :
1791 4758 1848 4801 et
1877 4746 2078 4801 deinde
2107 4749 2222 4817 ipsa
2262 4761 2404 4814 quo-

835 4849 950 4905 que
978 4849 1235 4904 corpora,
1284 4844 1543 4906 tanquam
1590 4846 1841 4893 sanctum
1871 4837 2226 4899 sacriﬁcium,
2275 4852 2408 4891 con-

839 4935 1132 4982 secrarunt
1165 4927 1238 4991 ei,
1269 4943 1433 4996 quem
1469 4929 1876 4985 desiderabant.
1908 4931 2014 4984 Eos
2042 4930 2406 5000 tulitquidem

842 5019 1046 5090 inclyta
1076 5020 1224 5091 regio
1251 5021 1609 5092 Bithynorum
1644 5040 1658 5076 :
1687 5037 1812 5077 cum
1844 5033 2033 5078 essent
2057 5035 2244 5096 autem
2271 5022 2406 5078 clari

2492 3918 2559 3982 ὃς
2593 3919 2897 3988 τηνικαῦτα
2930 3921 3222 3988 Ῥωμαίων
3255 3922 3504 3991 ικράτει,
3540 3921 3706 3980 πολὺς
3742 3914 3811 3988 ἦν
3842 3920 4078 3988 Χριστι-

2501 4013 2664 4073 ανοὺς
2695 4012 2998 4081 ταράττων,
3026 4011 3372 4080 σπαράττων.
3397 4013 3476 4073 είς
3509 4013 3838 4078 δικαστήρια
3875 4012 4076 4073 ἕλκων,

2501 4101 2753 4164 κολάσεις
2781 4103 3119 4172 ἀνηκέστους
3144 4104 3327 4165 αὐτοῖς
3351 4104 3592 4170 ἐπάγων.
3627 4105 3721 4156 καὶ
3759 4103 4077 4155 τελευταῖον

2503 4194 2594 4246 τὸν
2633 4193 2887 4248 θάνατον.
2933 4195 2998 4247 'ii
3037 4194 3092 4246 δὲ
3116 4194 3286 4258 αῑτία,
3315 4196 3398 4247 ὅτι
3426 4195 3500 4263 μὴ
3545 4195 3679 4247 Θεὸν
3715 4195 3922 4263 ἀψευδῆ
3985 4195 4080 4264 μό-

2504 4301 2594 4338 νον
2628 4284 3008 4348 ἀπολιπόντες,
3031 4285 3365 4354 βδελύγμασι
3422 4287 3600 4346 κενοῖς
3661 4287 3754 4337 καὶ
3815 4285 4077 4352 ματαίοις

2505 4377 2644 4430 θεῶν
2669 4378 2892 4446 ὀνόματι
2917 4377 3376 4445 κιτεψευσμένοις
3405 4376 3527 4428 πεΞο
3540 4393 3680 4428 )νται
3705 4379 4064 4447 προσκυνεῖν·

2506 4471 2594 4523 ὅτε
2619 4470 2684 4540 δὴ
2719 4470 2814 4522 καὶ
2850 4472 2900 4520 oi
2959 4469 3184 4539 στερροὶ
3248 4469 3347 4534 τῆς
3407 4467 3693 4529 εὐσεϐείας
3750 4471 4080 4533 ἀγωνισταὶ,

2505 4560 2760 4626 Λεύκιος,
2786 4561 2952 4629 φημὶ,
2977 4561 3068 4612 καὶ
3105 4559 3314 4628 Θόρσος
3346 4554 3442 4612 καὶ
3490 4561 3517 4611 ὁ
3558 4558 3880 4620 Καλλίνικος
3910 4559 4082 4620 ὅντως

2508 4649 2838 4714 καλλίνικος,
2890 4650 2980 4702 διὰ
3004 4649 3241 4718 Χριστὸν
3272 4648 3479 4701 εἴλοντο
3517 4647 3793 4716 θνήσκειν,
3855 4647 4081 4709 πολλαῖς

2519 4743 2601 4796 δτι
2641 4743 2912 4812 πρότερον
2944 4745 3061 4803 ταῖς
3093 4740 3392 4809 τιμωρίαις
3420 4738 3820 4807 ὑποϐληθέντες
3850 4743 3946 4790 καὶ
3981 4741 4082 4791 πά-

2519 4853 2619 4897 σας
2646 4835 2816 4898 αὑτὰς
2840 4836 3086 4904 ὑπομονῇ
3118 4831 3514 4900 διελέγξαντες,
3547 4828 3669 4884 εῐτα
3695 4833 3792 4884 καὶ
3840 4833 3988 4884 αὐτὰ
4015 4832 4082 4883 τὰ

2511 4925 2739 4996 σώματα
2771 4925 2846 4988 ὼς
2873 4923 3065 4977 θυσίαν
3114 4924 3281 4991 ἁγίαν
3308 4923 3386 4992 τῷ
3436 4922 3757 4992 ποθουμένῳ
3807 4923 4084 4989 καθαγι;ὶ‹⁵

2512 5033 2721 5080 σαντες.
2754 5016 2988 5077 Τούτους
3012 5015 3199 5080 ἔνεγκε
3234 5013 3331 5082 μὲν
3355 5013 3385 5081 ἠ
3415 5011 3767 5080 περιώνυμος
3793 5011 3953 5081 χώρα.
3977 5012 4081 5063 τῶν

839 5121 898 5166 et
941 5126 1144 5182 genere
1188 5122 1244 5168 et
1283 5114 1474 5184 gloria,
1520 5115 1694 5170 multo
1730 5117 1903 5187 magis
1930 5116 2263 5170 studuerunt
2303 5115 2408 5170 sibi
2437 5133 2482 5196 ο
2513 5111 2521 5162 1

2399 5115 2408 5168 i
2437 5133 2482 5196 ο
2513 5109 2752 5162 Βιθυνῶν
2784 5123 2798 5137 ·
2823 5110 2968 5174 γένει
3000 5108 3058 5158 δὲ
3087 5107 3238 5167 ὄντες
3283 5106 3377 5156 καὶ
3421 5103 3545 5173 δόξῃ
3595 5103 3842 5172 λαμπροὶ
3903 5104 4081 5173 πολλῷ

842 5219 1036 5279 parare
1061 5206 1405 5276 splendorem
1434 5224 1502 5264 ex
1527 5209 1751 5279 pietate.

915 5380 982 5434 ll.
1011 5378 1150 5434 Cum
1177 5395 1333 5449 ergo,
1367 5397 1486 5449 quae
1513 5383 1567 5436 in
1609 5382 1952 5437 Christianos
1989 5381 2171 5447 (lebat,
2216 5396 2404 5450 perse-

846 5472 997 5527 cutio
1036 5471 1218 5525 adhuc
1265 5473 1528 5536 duraret,
1562 5483 1725 5542 atque
1757 5474 1894 5527 adeo
1925 5474 2098 5544 magis
2126 5473 2411 5544 magisque

845 5575 1156 5620 cresceret:
1202 5574 1259 5618 et
1296 5581 1392 5633 per
1444 5567 1756 5620 universum
1810 5567 1998 5621 orbem
2044 5575 2201 5622 terra:
2230 5567 2414 5622 mitte-

849 5665 1042 5709 rentur
1081 5657 1300 5711 decreta
1338 5659 1656 5727 impietatis,
1703 5670 1760 5714 et
1798 5661 2210 5730 permitteretur
2235 5659 2414 5715 omni-

923 5839 936 5867 ‘
980 5837 1066 5892 T.t
1142 5853 1220 5901 Ill,
1264 5838 1306 5889 Ι,
1385 5842 1402 5870 ³
1441 5839 1611 5895 Gala'.
1663 5857 1730 5906 tv,
1782 5842 1830 5896 4.

2519 5199 2720 5269 μᾶλλον
2752 5200 3026 5251 ἔσπευσαν
3052 5197 3149 5267 τὴν
3171 5195 3280 5248 ἀπὸ
3308 5196 3409 5264 τῆς
3462 5191 3748 5256 εὐσεϐείας
3778 5196 4081 5264 κτήσασθαι

2513 5291 2888 5362 περιφάνειαν.

2583 5384 2659 5436 B’.
2700 5385 2852 5436 Ἐπεὶ
2884 5382 2976 5435 οὖν
2999 5383 3028 5434 ὁ
3054 5381 3192 5434 κατὰ
3223 5379 3568 5452 Χριστιανῶν
3596 5379 3674 5432 ἔτι
3697 5378 3936 5446 διωγμὸς
3960 5383 4082 5432 ἑπε-

2517 5475 2732 5543 κράτει,
2769 5473 2967 5541 μᾶλλον
3015 5472 3071 5524 δὲ
3126 5473 3221 5524 καὶ
3262 5469 3466 5539 μείζων
3485 5469 3547 5522 τὸ
3594 5469 3850 5537 τηνικάδε
3896 5468 4080 5538 ᾔρετο.

2521 5565 2799 5634 πανταχοῦ
2839 5583 2896 5618 τε
2922 5566 2990 5617 τὰ
3012 5565 3109 5633 τῆς
3145 5557 3400 5626 ἀσεϐείας
3432 5564 3822 5630 κατεπέμπετο
3843 5561 4080 5628 δῦγματι

2523 5660 2618 5712 καὶ
2674 5660 2840 5712 πᾶσιν
2899 5660 3083 5728 ἐφεῖτο
3133 5655 3387 5720 κολάζειν
3422 5655 3809 5725 Χριστιανοὺς,
3853 5655 4079 5724 μάλιστα
