4260 6430
232 399 337 459 509

1048 391 1515 451 MARTYRIUM
1557 392 1613 452 s.
1659 353 1947 450 τιιγιιει
1994 392 2084 449 ΕΤ
2126 392 2539 453 SOCIORUM.

3367 396 3472 456 510

231 511 330 578 τὴν
359 504 699 576 προστασίαν
739 502 849 556 τῶν
873 500 1151 573 δημοσίων
1191 500 1336 562 τινὸς
1376 499 1799 572 ,ξπιτετραμμέ-
1834 504 1872 558 Α
1908 499 1913 551 l

1791 529 1799 537 -
1834 504 1872 558 Α
1908 499 2012 553 bus
2040 501 2233 568 punire
2257 499 2626 561 Christianos,
2678 501 2910 555 maxime
2939 503 3139 569 quibus
3176 517 3295 557 erat
3324 522 3473 557 com-

232 614 381 661 νους,
436 595 795 664 παρέστησαν
859 587 1007 645 οὗτοι
1061 587 1522 658 τυραννουμένοις
1554 589 1664 649 τοῖς
1711 588 1804 639 τοῦ

231 687 368 740 θεοῦ
396 688 607 754 νόμοις,
654 685 747 737 καὶ
774 685 889 747 τοῖς
943 683 1043 750 τῆς
1100 680 1383 739 εὐσεϐείας
1430 679 1807 747 ἀδικουμένοις

232 782 456 850 θεσμοῖς
486 776 876 847 βοηθήσοντες,
912 775 1010 828 καὶ
1038 773 1241 842 πολλὴν
1277 774 1413 841 ὅσην
1457 769 1552 824 καὶ
1605 770 1673 848 δι’
1731 763 1807 821 ὧν
1846 772 1851 773 ⁷

232 832 409 930 εἶπόν,
436 832 535 921 καὶ
572 832 655 920 ,διί
677 861 754 920 ὧν
798 832 1020 927 ἔπαθον,
1073 832 1399 935 τὴν-ῥοπὴν
1433 832 1801 926 ιπιδείὲαντο.

237 963 500 1030 Ἔρχεται
532 958 641 1029 γάρ
670 974 757 1021 τις
785 958 895 1012 ἀπὸ
930 961 1031 1026 τῆς
1064 956 1409 1024 Νικομήδους
1445 954 1536 1008 διά
1572 955 1802 1016 Νικαίας

233 1055 327 1106 ἐπὶ
352 1053 452 1122 τὴν
492 1052 849 1122 θρεψαμένην
893 1050 1091 1111 αὐτοὺς
1124 1050 1303 1113 πόλιν,
1341 1049 1463 1117 ἥτις
1499 1048 1804 1117 Καισάρεια

233 1144 299 1196 ἔκ
332 1160 475 1205 τινος
492 1126 600 1195 τῶν
623 1141 870 1194 παλαιῶν
898 1140 1143 1194 ἐκαλεῖτο
1175 1139 1493 1208 Καισάρων,
1525 1138 1804 1207 Κουμσρί-

238 1251 351 1295 νιος
381 1233 574 1301 ὄνομα,
594 1232 756 1293 ναοὺς
782 1230 1018 1283 εἰδώλων
1062 1230 1156 1281 καὶ
1193 1229 1411 1297 βωμοὺς
1464 1230 1560 1281 καὶ
1590 1228 1802 1293 θυσίας,

242 1326 337 1375 καὶ
370 1326 504 1377 εἴτι
544 1323 671 1377 ἀλλο
701 1324 918 1393 δαίμοσι
968 1323 1327 1391 χαριζόμενον
1378 1316 1466 1391 ἦν,
1491 1320 1580 1374 διὰ
1624 1307 1804 1390 πᾶσης

237 1417 559 1485 ίῖιιμελείας
581 1414 895 1484 τιθέμενος·
925 1416 1025 1466 ούκ
1067 1416 1275 1475 ἰκτῖνος
1309 1413 1366 1467 δὲ
1415 1413 1587 1466 ταῦτα
1644 1414 1805 1482 μόνον

236 1509 373 1558 ἀλλὰ
410 1509 505 1560 καὶ
534 1508 634 1576 τὴν
662 1508 841 1559 πᾶσαν
866 1506 1146 1558 κοινωνεῖν
1181 1504 1328 1575 αύτῷ
1384 1505 1482 1573 τῆς
1517 1506 1805 1571 ἀνοσιουρ-

239 1604 363 1663 γίας
396 1598 869 1667 φιλοτιμούμενος,
907 1596 1003 1649 καὶ
1054 1600 1180 1659 τοὺς
1208 1596 1307 1665 μὲν
1357 1595 1608 1656 ἀπειλαῖς
1637 1610 1806 1646 κατα-

238 1694 510 1759 πλήττων,
543 1692 665 1751 τοὺς
706 1688 762 1740 δὲ
790 1689 889 1741 καὶ
950 1688 1171 1755 ἀγαθῶν
1226 1688 1409 1740 ἐλπίσι
1459 1685 1805 1755 παρακρουό-

243 1796 423 1842 μενος.
450 1778 679 1839 Λεύκιος
708 1776 764 1828 δὲ
798 1776 908 1828 τῶν
930 1777 1069 1827 κατά
1101 1775 1202 1843 τὴν
1226 1776 1379 1826 πόλιν
1400 1774 1489 1827 διά
1539 1790 1599 1826 τε
1651 1773 1807 1826 σύνε-

1907 608 2073 646 nnssa
2112 592 2294 659 aliqua
2328 591 2654 660 praefectura
2688 593 3023 662 reipublicae,
3068 595 3363 649 astiterunt
3395 595 3472 659 hi,

1905 698 2063 751 opem
2094 682 2259 735 laturi
2298 682 2390 736 Dei
2428 682 2665 752 legibus,
2696 683 2747 735 in
2799 699 2936 751 quas
2979 685 3341 738 exercebatur
3390 694 3476 755 ty-

1905 772 2113 835 rannis,
2167 783 2223 827 et
2283 773 2505 841 pietatis
2563 787 2815 840 veraeque
2889 773 3169 842 religionis
3234 773 3474 836 ritibus,

1903 865 2108 934 quibus
2160 864 2323 918 fiebat
2360 865 2581 934 injuria,
2615 874 2671 919 et
2701 880 2801 934 per
2823 879 2908 927 ea,
2936 880 3057 933 qua:
3101 864 3381 929 dixerunt,
3419 874 3476 917 et

1903 972 2025 1025 quae
2059 957 2202 1025 passi
2236 967 2385 1020 sunt,
2441 959 2736 1026 plurimum
2788 958 3088 1027 adjumenti
3143 958 3472 1012 attulerunt.

1907 1046 2065 1102 Venit
2091 1046 2239 1102 enim
2269 1038 2491 1117 quidam
2548 1065 2613 1102 ex
2662 1047 2980 1103 Nicomedia
3014 1064 3113 1117 per
3145 1048 3381 1102 Niczeam
3408 1048 3473 1103 ad

1903 1156 2050 1206 eam,
2098 1156 2221 1210 qua:
2266 1140 2413 1209 ipsos
2476 1140 2631 1201 aluit,
2678 1140 2979 1198 civitatem.
3037 1154 3158 1208 quae
3205 1139 3349 1193 dicta
3394 1150 3478 1193 est

1902 1235 2145 1289 Caesarea
2175 1247 2205 1286 a
2233 1231 2470 1300 quodam
2519 1246 2586 1285 ex
2621 1230 2900 1285 veteribus
2927 1230 3235 1284 Caesaribus
3256 1230 3479 1284 nomine

1903 1325 2277 1387 Cumbricius,
2314 1325 2403 1387 cui
2460 1339 2669 1393 magna».
2699 1339 2845 1378 cura!
2873 1330 3029 1376 erant
3063 1322 3263 1389 templa
3300 1322 3478 1375 simu-

1903 1416 2199 1478 lacrorum,
2232 1430 2449 1482 araeque
2499 1426 2555 1468 et
2601 1415 2890 1476 sacriﬁcia,
2944 1423 3001 1467 et
3052 1413 3094 1466 si
3150 1412 3283 1481 quid
3330 1415 3479 1468 aliud

1905 1518 2025 1564 erat
2057 1518 2270 1577 gratum
2302 1505 2664 1560 daemonibus.
2694 1506 2812 1560 Non
2846 1506 2935 1559 ille
2967 1516 3150 1559 autem
3175 1505 3288 1557 hac
3309 1504 3473 1563 solus,

1904 1601 2001 1656 sed
2060 1599 2224 1652 etiam
2276 1596 2668 1661 contendebat,
2726 1606 2786 1650 ut
2845 1596 3138 1648 universus
3199 1592 3480 1647 exercitus

1909 1691 2042 1746 facti
2104 1690 2270 1758 hujus
2306 1688 2504 1742 nefarii
2543 1697 2689 1741 esset
2738 1702 2861 1741 cum
2902 1700 2969 1740 eo
3026 1686 3299 1753 particeps
3358 1700 3371 1736 :
3422 1692 3480 1736 et

1905 1783 2045 1837 alios
2081 1780 2304 1850 quidem
2338 1779 2581 1833 terrebat
2617 1778 2800 1839 minis,
2846 1778 2985 1830 alios
3017 1790 3147 1829 vero
3195 1774 3479 1842 promissis

240 1886 323 1919 σιν
352 1868 441 1919 καὶ
474 1866 722 1919 παιδείαν
753 1867 1022 1937 ἐπίσημος
1051 1866 1147 1931 ῶν,
1178 1866 1313 1919 ἀλλά
1339 1868 1431 1918 καὶ
1462 1866 1652 1932 γένους
1683 1868 1803 1916 ὲπι-
1836 1858 1877 1913 Β
1907 1892 1922 1931 ε

1798 1892 1803 1905 ·
1836 1858 1877 1913 Β
1907 1885 1963 1931 et
1992 1890 2089 1943 spe
2122 1875 2389 1928 bonorum
2424 1870 2737 1925 inducebat.
2767 1869 2968 1922 Lucius
3001 1882 3131 1919 vero
3159 1908 3171 1928 ,
3211 1866 3302 1934 qui
3336 1866 3480 1919 inter

239 1961 465 2027 φανοῦς,
492 1959 681 2030 ῶσπερ
715 1959 923 2029 ἔφημεν
951 1998 967 2023 ,
1004 1959 1097 2011 καὶ
1164 1958 1341 2019 οἰκίας
1379 1958 1490 2010 τῶν
1549 1956 1804 2026 περιϐλέ-

237 2072 415 2113 πτων,
445 2055 635 2123 ἠνιᾶτο
661 2052 849 2111 δεινῶς
893 2053 985 2103 ἐπὶ
1015 2052 1224 2115 τούτοις
1253 2054 1346 2104 καὶ
1373 2052 1519 2121 ζήλῳ
1555 2051 1682 2119 θείῳ
1708 2049 1804 2119 τὴν

236 2148 418 2215 φυλὴν
466 2145 909 2213 κατεπίμπρατο.
972 2143 1253 2198 Ἐντεῦθεν
1305 2142 1425 2195 οῦδὲ
1472 2144 1673 2212 ἡνεγκε
1709 2141 1804 2193 τοῦ

239 2236 429 2289 λοιποῦ
453 2238 549 2303 τὴν
585 2235 868 2289 εὐσέϐειαν
902 2236 1272 2289 λανθάνουσαν
1300 2234 1469 2304 ἔχειν,
1496 2235 1617 2287 οὐδὲ
1642 2234 1807 2287 κατέ-

241 2348 358 2401 χειν
386 2330 478 2381 ἐπὶ
502 2329 663 2381 πλέον
685 2329 784 2397 τὴν
807 2330 1149 2398 παρρησίαν,
1177 2328 1313 2380 ἀλλά
1339 2328 1433 2379 τὸν
1460 2328 1581 2379 τότε
1613 2327 1804 2397 καιρὸν

242 2423 684 2493 ἐπιτηδειότατον
718 2417 1030 2475 εἷναιῶστε
1084 2421 1291 2491 ταύτην
1351 2420 1519 2490 δήλην
1573 2422 1806 2490 ποιήσα-

242 2518 369 2567 σθαι
399 2515 624 2580 οἰηθεὶς.
660 2514 753 2566 καὶ
783 2514 841 2565 ὃν
868 2517 929 2565 ὲκ
965 2512 1161 2565 πολλοῦ
1188 2512 1346 2566 ὥδινε
1378 2512 1542 2579 ζῆλον
1589 2510 1807 2580 ἐμφανῆ

242 2608 586 2675 καταστῆσαι
616 2608 690 2667 ῶς
727 2602 871 2674 εἶχεν
904 2607 1067 2669 εὐθὺς
1106 2605 1181 2674 τῷ
1201 2606 1298 2675 τῆς
1351 2604 1609 2666 ἀσεϐείας
1671 2606 1810 2655 ὑπαο

242 2700 447 2768 σκιῇ
482 2699 760 2767 παραστάς
795 2714 809 2728 ⁸
854 2698 1039 2761 Ἰνατί,
1093 2714 1169 2767 φη
1206 2699 1283 2761 tu,
1339 2690 1383 2750 ὦ
1445 2696 1807 2767 Κουμὸρίκιε,

238 2791 518 2860 δυστυχῶς
544 2789 685 2841 οὕτω
716 2790 805 2842 καὶ
839 2788 1039 2851 ἀθλίως
1062 2791 1201 2843 κατά
1226 2790 1324 2858 τῆς
1370 2789 1579 2851 οἰκείας
1613 2789 1809 2859 ὁπλίζῃ

242 2880 447 2949 ψυχῆς.
484 2881 786 2949 ἀναίσθητα
807 2881 1075 2947 δαιμόνων
1102 2881 1194 2933 καὶ⁵
1224 2880 1381 2947 κωφὰ
1399 2879 1570 2949 τιμῶν
1592 2880 1807 2944 εἴδωλα,

244 2971 342 3022 καὶ
381 2973 458 3032 εἰς
491 2970 776 3021 κοινωνίαν
816 2970 1044 3032 πολλοὺς
1095 2970 1303 3039 ταύτης
1362 2970 1812 3039 παραλαμόἀνων

242 3066 343 3129 τῆς
377 3061 822 3126 κακοδαιμονίας,
864 3062 949 3114 ἵνα
979 3062 1076 3115 καὶ
1110 3062 1293 3116 αὐτῶν
1323 3061 1488 3114 λίθων
1517 3064 1609 3114 καὶ
1641 3061 1813 3125 ξύλων

1908 1967 2057 2021 cives
2080 1973 2278 2019 eratet
2302 1963 2593 2033 prudentia
2626 1969 2682 2016 et
2707 1960 2956 2014 doctrina
2998 1958 3247 2027 insignis,
3273 1968 3328 2011 et
3359 1970 3481 2010 erat

1904 2060 2071 2113 etiam
2121 2071 2320 2126 genere
2354 2056 2557 2115 clarus,
2604 2052 2747 2107 sicut
2782 2051 3042 2113 diximus,
3093 2060 3151 2103 et
3181 2065 3245 2102 ex
3282 2049 3479 2102 illustri

1906 2152 2136 2213 familia,
2169 2158 2392 2219 propter
2429 2148 2542 2201 haec
2576 2145 2731 2200 valde
2764 2144 3065 2213 angebatur
3088 2142 3295 2202 animo,
3343 2140 3483 2195 divi-

1910 2258 2093 2312 noque
2128 2242 2246 2297 zelo
2291 2242 2411 2310 ejus
2438 2237 2876 2294 inﬂammabatur
2917 2235 3156 2289 animus.
3203 2234 3341 2289 Hinc
3402 2234 3482 2287 fa-

1910 2349 2062 2392 ctum
2097 2346 2201 2401 est,
2233 2346 2293 2390 ut
2319 2335 2387 2389 de
2414 2344 2611 2389 cetero
2633 2348 2741 2386 non
2771 2330 3004 2400 amplius
3019 2329 3289 2382 occultam
3315 2326 3483 2381 habe-

1910 2442 1992 2484 ret
2049 2428 2334 2495 pietatem,
2386 2439 2569 2493 neque
2620 2422 2855 2492 amplius
2910 2420 3222 2475 contineret
3253 2418 3471 2473 dicendi

1909 2521 2220 2575 libertatem
2253 2535 2265 2570 :
2296 2516 2389 2571 sed
2424 2516 2569 2569 illam
2602 2512 2922 2568 ostendendi
2948 2510 3480 2580 opportunissimum

1911 2613 2014 2667 huc
2049 2622 2263 2680 tempus
2287 2624 2407 2663 esse
2434 2615 2601 2671 ratus,
2627 2616 2683 2661 et
2706 2607 2759 2659 in
2784 2607 2959 2659 lucem
2982 2603 3287 2673 proferendi
3308 2601 3485 2657 zelum

1909 2718 2068 2772 quem
2098 2701 2304 2770 jamdiu
2331 2699 2690 2769 parturiebat,
2718 2697 2785 2750 ad
2813 2696 3107 2765 impietatis
3139 2694 3484 2748 defensorem

1914 2794 2182 2849 continuo
2213 2790 2481 2845 accedens
2512 2807 2525 2843 :
2559 2788 2690 2853 Cur,
2725 2788 2926 2858 inquit,
2953 2803 2987 2841 0
3017 2788 3322 2849 Cumbrici,
3377 2796 3486 2840 tam

1913 2886 2117 2940 misere
2143 2893 2198 2939 et
2235 2881 2530 2936 infeliciter
2562 2881 2615 2933 iu
2648 2888 2797 2932 tuam
2823 2879 3059 2933 armaris
3087 2878 3350 2939 animam,
3377 2878 3489 2931 da:-

1912 2991 2136 3029 monum
2191 2973 2472 3027 insensilia
2504 2981 2561 3026 et
2599 2970 2764 3023 surda
2798 2969 3034 3023 adorans
3079 2969 3373 3023 simulacra
3433 2976 3490 3022 et

1916 3069 2117 3123 multos
2166 3079 2456 3121 assumens
2504 3064 2573 3117 ad
2631 3062 2952 3116 societatem
3016 3060 3269 3113 infausta:
3326 3060 3489 3130 hujus

242 3154 519 3224 ἅνθρωποι
551 3155 808 3222 φανῶμεν
840 3154 1308 3223 ἀναισθητότεροι,
1361 3154 1480 3206 δέον
1511 3154 1813 3220 ἐπιγνῶναι
1842 3190 1884 3247 c
1919 3181 1924 3214 ε

1804 3170 1813 3203 ι
1842 3190 1884 3247 c
1919 3159 2348 3230 superstitionis,
2385 3167 2444 3211 ut
2476 3158 2561 3210 vel
2610 3155 2743 3224 ipsis
2791 3153 3067 3222 lapidibus
3094 3164 3149 3207 et
3179 3153 3342 3221 lignis
3403 3152 3486 3204 vi-

247 3246 451 3313 μᾶλλον
482 3247 654 3316 ἀληυῆ
674 3244 804 3297 Θεὸν
832 3249 925 3299 καὶ
949 3246 1176 3315 Σωτῆρα
1209 3245 1305 3300 καὶ
1337 3245 1410 3315 τῷ
1440 3245 1581 3313 φωτὶ
1619 3262 1816 3315 πορευ-

245 3337 408 3399 θῆναι
435 3338 530 3406 τῆς
551 3336 829 3405 ἀληθείας,
860 3336 921 3389 τὸ
946 3335 1042 3405 τῆς
1074 3336 1279 3403 πλάνης
1306 3338 1494 3397 σκότος
1520 3336 1615 3388 καὶ
1638 3336 1817 3387 πᾶσαν

242 3432 452 3496 ταύτην
486 3427 851 3489 ἀπολιπόντας
880 3429 979 3497 τὴν
1028 3428 1398 3496 ματαιότητα;

324 3605 395 3658 Γ.
436 3604 623 3657 Ταῦτα
666 3605 803 3674 πρὸς
826 3605 915 3658 τὸν
946 3608 1189 3676 ἡγεμόνα
1220 3606 1316 3658 τοῦ
1360 3607 1591 3659 Λευκίου
1626 3609 1683 3661 ιν
1722 3610 1821 3679 ἀρ·

242 3698 370 3766 χαῑς
397 3696 476 3748 ἔτι
506 3697 594 3747 καὶ
626 3696 929 3766 προοιμίσις
989 3697 1257 3761 εἰπόντος,
1306 3700 1333 3751 ὁ
1377 3698 1567 3767 ἄφρων
1613 3702 1818 3762 ἐκεῖνος

243 3793 342 3841 καί
373 3788 604 3858 ίσχυρῶς
634 3790 884 3858 ἀνόητος,
924 3790 1140 3858 δηχθεὶς
1197 3792 1296 3861 τὴν
1341 3792 1543 3862 ψυχὴν,
1599 3796 1689 3846 καὶ
1743 3793 1819 3855 ῶς

244 3881 464 3932 ἀνόσιόν
490 3897 541 3930 τι
577 3880 671 3932 καὶ
716 3883 903 3933 σκαιὸν
952 3882 1190 3949 μισήσας
1248 3884 1345 3950 τὴν
1402 3887 1819 3953 πεπαρρησίασ-

248 3974 417 4040 μένην
477 3971 733 4038 ἀλήθειαν
766 4013 777 4033 ,
816 3974 1024 4041 πληγῆς
1074 3974 1332 4026 ἐντείνειν
1404 3975 1608 4037 εὐθέως
1674 3974 1821 4044 αὐτῷ

246 4068 392 4115 κατα
426 4063 608 4114 νώτων
636 4063 913 4127 ἐκέλευεν,
952 4067 1011 4116 ού
1041 4065 1199 4131 λόγου
1230 4069 1495 4135 πρότερον
1530 4066 1817 4133 μεταδοὺς,

245 4159 310 4207 οἰδ
341 4159 534 4221 πεῖραν
598 4155 926 4225 μεταγαγὼν
986 4159 1063 4217 είς
1124 4156 1433 4225 μετάθεσιν,
1484 4157 1595 4208 αλλ’
1649 4156 1822 4218 οὕτως

248 4248 477 4314 ἄκριτόν
510 4263 567 4297 τε
601 4248 693 4297 καὶ
720 4246 1086 4299 ἀϐασάνιστον
1111 4247 1299 4317 ῶσπερ
1322 4250 1385 4300 ἐκ
1411 4246 1630 4317 πρώτης
1664 4248 1823 4301 avex-

250 4356 445 4390 πιστοί
478 4335 613 4391 εἶναι
661 4341 759 4409 τὴν
796 4340 1097 4410 μεταϐολὴν
1160 4347 1476 4404 πιστεύσας,
1528 4342 1821 4410 τιμωρίαις

252 4431 537 4494 ἐξέδωκεν.
593 4431 651 4483 ὐ
713 4432 924 4501 μάρτυς
984 4433 1164 4484 τοίνυν
1222 4432 1389 4501 ἡδέως
1457 4435 1555 4495 τὰς
1610 4432 1821 4501 πληγὰς

1918 3251 2151 3306 deamur
2177 3250 2427 3303 homines
2452 3248 2635 3300 minus
2668 3245 2871 3300 habere
2897 3257 3093 3299 sensus
3120 3284 3135 3306 ,
3171 3258 3296 3297 cum
3326 3258 3489 3311 Opor-

1920 3352 2033 3395 teat
2058 3342 2239 3410 potius
2268 3353 2565 3407 agnoscere
2598 3338 2771 3391 Deum
2805 3351 2995 3389 verum
3041 3345 3096 3389 et
3118 3334 3487 3399 Servatorem,

1919 3444 1976 3489 et
2000 3433 2284 3487 ambulare
2329 3432 2384 3484 in
2427 3430 2551 3484 luce
2589 3428 2857 3493 veritatis,
2888 3428 3079 3482 relicto
3106 3441 3296 3481 errore
3328 3434 3486 3484 tene-

1922 3527 2147 3581 brarum
2180 3536 2232 3576 et
2263 3522 2417 3575 omni
2453 3518 2735 3573 vanitate?

1994 3617 2082 3670 Ill.
2120 3616 2245 3669 Hac
2274 3628 2397 3667 cum
2432 3612 2485 3665 in
2515 3611 2789 3679 principio
2814 3609 3045 3665 dixisset
3074 3609 3277 3663 Lucius
3298 3610 3491 3678 prmi-

1921 3708 1997 3772 di,
2032 3706 2299 3773 insipiens
2332 3703 2442 3765 ille,
2476 3713 2531 3755 et
2580 3702 2741 3769 plane
2795 3715 3007 3763 amens,
3037 3700 3219 3753 animo
3255 3716 3487 3765 morsus,

1920 3810 1974 3854 et
2006 3808 2263 3866 tanquam
2298 3794 2524 3862 impium
2560 3792 2689 3861 quid
2718 3802 2774 3847 et
2803 3793 3089 3846 sinistrum
3114 3832 3131 3856 ,
3158 3793 3331 3846 libere
3366 3808 3491 3861 pro-

1920 3894 2086 3945 latam
2132 3888 2259 3943 odio
2326 3888 2533 3940 habens
2591 3886 2903 3950 veritatem,
2953 3887 3074 3954 ejus
3122 3895 3275 3955 tergo
3304 3887 3511 3939 statim-

1916 3983 2083 4051 jussit
2109 3979 2273 4048 inﬂigi
2301 3979 2506 4048 plagas,
2536 3985 2590 4032 et
2622 3992 2723 4031 nec
2764 3992 2889 4031 eum
2937 3979 3090 4041 prius
3128 3978 3489 4043 conveniens,

1921 4078 2026 4127 nec
2071 4083 2309 4134 tentans,
2356 4085 2424 4122 an
2476 4084 2601 4122 eum
2627 4080 2809 4137 posset
2842 4084 2871 4121 a
2916 4084 3011 4122 sua
3050 4068 3337 4122 traducere
3367 4084 3491 4123 sen-

1924 4163 2132 4218 tentia:
2176 4161 2271 4215 sed
2300 4160 2507 4214 indicta
2534 4175 2695 4214 causa
2736 4168 2792 4212 et
2834 4159 2967 4213 citra
3005 4160 3167 4213 ullam
3214 4162 3498 4214 examina-

1925 4255 2151 4315 tioncm,
2200 4264 2260 4306 ut
2302 4253 2395 4320 qui
2449 4253 2700 4306 crederet
2747 4251 2948 4305 nullam
2973 4267 3096 4305 esse
3123 4268 3275 4320 spem
3312 4264 3497 4305 muta-

1924 4344 2112 4406 tionis,
2146 4344 2374 4399 tradidit
2422 4344 2811 4399 cruciandum.
2844 4344 3047 4414 Martyr
3079 4352 3264 4410 itaque
3306 4345 3494 4413 plagas

1926 4437 2050 4491 illas
2104 4437 2339 4490 libenter
2387 4437 2689 4503 accipiens,
2737 4446 2792 4489 et
2823 4446 3048 4504 propter
3079 4451 3172 4489 eas
3200 4436 3490 4489 Dominum

251 4525 472 4582 ὲκείνας
505 4523 810 4592 δεχόμενος,
843 4524 1052 4577 καὶτὸν
1086 4524 1290 4592 Κύριον
1328 4521 1414 4575 ἐπ’
1446 4524 1639 4586 αὑταῖς
1670 4523 1819 4575 εύλο⁹
1856 4530 1933 4600 D]

1809 4551 1819 4562 -
1856 4546 1897 4600 ι)
1923 4529 2185 4588 laudans,
2221 4529 2471 4582 incitavit
2504 4528 2790 4596 praesidem
2838 4527 2903 4580 ad
2961 4526 3119 4595 longe
3152 4528 3411 4596 majorem
3436 4537 3491 4582 et

250 4616 390 4683 γῶν,
431 4617 510 4679 είς
543 4617 763 4684 μείζονα
801 4616 1015 4669 πολλῶν
1039 4616 1130 4668 καὶ
1177 4615 1569 4686 χαλεπωτέραν
1620 4616 1818 4684 μανίαν

247 4711 341 4759 τὸν
371 4707 616 4775 ἡγεμόνα
676 4707 964 4777 ἠρέθιζεν*
1032 4708 1226 4776 ἀμέλει
1291 4706 1385 4758 καὶ
1447 4706 1818 4776 σφοδροτέρων

172 4870 175 4871 ν
249 4801 434 4866 ῑαυτῴ
477 4798 769 4851 καθίστατο
836 4799 1060 4866 πληγῶν
1110 4799 1316 4858 αῖτιο,·
1350 4798 1506 4850 τοῦτο
1566 4799 1675 4867 γὰρ
1730 4800 1821 4849 καὶ

247 4890 511 4957 ἠὸούλετο
540 4890 606 4940 δι’
638 4890 878 4958 αμοιὸῶν
924 4890 1140 4948 πάντως
1171 4884 1434 4954 μειζόνων
1469 4888 1766 4957 ἐπιθυμίαν
1800 4901 1814 4917 ο

247 4988 358 5046 ἕως
395 4984 445 5035 οἵ
468 5000 523 5035 τε
549 4984 729 5052 δήμιοι
758 4983 1004 5040 παίοντες
1037 4980 1260 5047 ἔκαμον,
1290 4980 1382 5033 καὶ
1403 4980 1463 5032 τὸ
1482 4980 1646 5033 αὐτοῦ
1667 4981 1823 5033 ἀπεί-

254 5094 397 5147 ρηκε
425 5077 607 5143 σῶμα,
640 5074 968 5145 κατατριὸὲς
992 5074 1091 5143 ἤδη
1119 5074 1410 5141 γενόμενον
1428 5076 1544 5137 ταῖς
1564 5076 1819 5144 πληγαῖς.

250 5168 429 5228 Αὐτὸς
453 5166 509 5217 δὲ
543 5166 639 5236 τὴν
673 5166 805 5235 πρὸς
836 5164 965 5217 Θεὸν
989 5164 1251 5217 ἀνάλυσιν
1305 5162 1528 5232 ηὔχετο,
1575 5166 1819 5233 ἐντυχεῖν

256 5260 455 5327 εκείνῳ
492 5257 697 5323 ποθῶν,
732 5258 816 5324 ἐφ’
843 5252 886 5324 ᾧ
926 5256 1297 5308 κατανεύοντα
1364 5254 1565 5324 μᾶλλον
1607 5257 1698 5307 καὶ
1731 5256 1820 5306 τὸν

254 5351 506 5419 ἡγεμόνα
538 5347 703 5417 εἶχεν,
728 5344 811 5402 οἷα
844 5352 897 5403 δὲ
927 5351 1023 5419 τὴν
1049 5348 1180 5418 πρὸς
1213 5346 1453 5400 τοιοῦτον
1508 5348 1818 5416 ἀπαγορεύ-

249 5461 386 5495 οντα
420 5443 614 5509 παλην,
643 5446 858 5512 καὶτῆς
911 5443 1119 5496 ἐκείνου
1150 5441 1401 5509 γλώττης
1460 5442 1559 5508 τὴν
1601 5445 1817 5513 παρρη-

256 5536 385 5586 σίαν
413 5536 473 5587 οὐ
510 5537 764 5602 φέροντα.
795 5534 1314 5605 Ί“οιγαροῦν,ηἚπεί
1380 5551 1482 5598 σοι,
1532 5539 1699 5606 φησιν
1728 5572 1743 5601 ,
1776 5532 1820 5591 ὦ

250 5625 481 5690 Λεύκιε,
515 5627 663 5695 φίλον
702 5629 729 5679 ό
761 5626 1007 5690 θάνατος,
1037 5629 1167 5698 φέρε
1194 5645 1288 5680 σου
1318 5632 1383 5699 τῇ
1437 5628 1703 5699 ἐπιθυμίᾳ
1730 5630 1819 5682 καὶ

252 5718 421 5783 ἡμεῖς
452 5716 819 5785 χαρισώμεδα,
851 5717 1102 5785 καθάπερ
1126 5718 1219 5768 καὶ
1247 5718 1463 5779 πολλοῖς
1498 5718 1655 5788 ίσμεν
1686 5719 1816 5769 πολ-

253 5810 416 5870 )ἁκις
445 5808 551 5861 τῶν
582 5812 777 5878 suam;
811 5811 1175 5879 πλανωμένων
1220 5809 1564 5879 Χριστιανῶν
1590 5810 1816 5879 χαρισά-

1925 4624 2236 4692 graviorem
2270 4621 2535 4674 furorem.
2582 4620 2704 4689 Ipse
2733 4630 2881 4675 certe
2911 4620 3015 4671 fuit
3045 4618 3151 4673 sibi
3183 4634 3345 4673 causa
3373 4634 3491 4672 tua-

1921 4719 2103 4784 jorum
2138 4716 2413 4781 plagarum
2443 4729 2457 4765 :
2494 4727 2617 4765 nam
2651 4711 2756 4765 hoc
2795 4710 2959 4763 etiam
3006 4709 3233 4763 omnino
3270 4710 3488 4763 volebat

1926 4814 2155 4876 propter
2206 4804 2565 4872 cupiditatem
2626 4803 2893 4871 majorum
2948 4802 3484 4865 remunerationum,

1924 4898 2100 4950 donec
2145 4904 2200 4949 et
2248 4895 2619 4964 perctttivntes
2664 4892 2893 4945 lictores
2935 4890 3135 4944 defessi
3167 4900 3373 4950 essent.
3432 4899 3488 4944 et

1924 4988 2276 5055 defatigatum
2331 4995 2473 5039 esset
2531 4984 2648 5052 ejus
2711 4998 2932 5051 corpus,
2984 4983 3127 5049 quod
3165 4982 3337 5051 plagis
3380 4983 3495 5052 jam.

1924 5077 2103 5129 fuerat
2152 5075 2473 5129 contritum.
2528 5073 2647 5140 Ipse
2695 5087 2829 5126 vero
2880 5072 3251 5139 precabatur,
3307 5082 3366 5124 ut
3421 5071 3489 5124 ad

1922 5168 2092 5222 Deum
2145 5167 2533 5229 result-eretur,
2588 5164 2739 5217 illum
2805 5162 3101 5215 convenire
3149 5162 3495 5217 desiderans.

1926 5259 2293 5324 Quamobrem
2326 5265 2663 5309 annuentem
2697 5269 2917 5323 quoque
2954 5254 3143 5307 habuit
3176 5255 3497 5321 pracsidem,

1927 5359 1987 5403 ut
2018 5352 2111 5418 qui
2142 5350 2461 5416 desperaret
2504 5362 2564 5401 se
2596 5362 2722 5401 eum
2770 5361 2928 5414 posse
2972 5349 3192 5399 vincere
3222 5345 3277 5397 in
3308 5356 3496 5398 certa-

1923 5444 2092 5507 mine,
2128 5454 2179 5494 et
2215 5441 2360 5493 illius
2389 5439 2584 5506 linguae
2612 5453 2720 5491 non
2751 5437 2919 5491 ferret
2948 5437 3282 5491 libertatem.
3337 5436 3495 5502 Quo—

1922 5532 2068 5585 uiam
2095 5546 2244 5599 ergo.
2280 5531 2481 5598 inquit,
2520 5544 2551 5581 ο
2579 5528 2736 5595 Luci,
2767 5543 2915 5583 mors
2949 5538 3033 5582 est
3066 5529 3162 5582 tibi
3194 5538 3371 5597 grata,
3393 5542 3491 5596 age

1924 5639 2028 5678 nos
2060 5637 2279 5691 quoque
2324 5622 2419 5674 tibi
2478 5621 2789 5689 largiamur.
2824 5620 2969 5689 quod
3009 5619 3311 5679 desideras,
3350 5633 3492 5687 quo-

1925 5716 2091 5769 modo
2123 5729 2222 5766 nos
2254 5714 2455 5767 scimus
2482 5728 2601 5765 esse
2639 5712 2862 5780 largitos
2906 5710 3096 5765 multis
3136 5709 3490 5774 Christianis,

1922 5810 2012 5876 qui
2043 5808 2367 5861 fallebantur
2400 5806 2649 5860 similiter
2685 5823 2695 5857 :
2730 5814 2784 5859 et
2807 5804 2986 5858 statim
3013 5803 3376 5871 juht'tsanclo
3408 5802 3484 5858 ci-
