4260 6430
255 422 361 485 513

1069 419 1539 481 MARTYRIUH
1585 422 1654 507 8..
1689 418 1973 483 THYRSI
2019 422 2113 480 ET
2158 422 2567 485 SOClUllUftl.

3395 431 3499 495 514

253 551 436 603 σματα
465 534 646 597 ὂντας,
682 534 776 587 καὶ
807 531 950 601 λόγῳ
988 535 1120 602 παρ’
1148 531 1362 586 ἐκείνου
1395 532 1817 601 τετιμημένους,
1853 536 1900 594 Α
1930 544 1935 561 ‘

1802 572 1817 597 ,
1853 536 1900 594 Α
1930 544 2028 586 vos
2059 534 2152 588 ille
2184 533 2499 601 honoravit,
2534 539 2668 593 nihil
2701 556 2797 596 vos
2835 544 3000 600 stulte
3043 544 3222 604 facere
3262 562 3483 619 oportet

251 627 365 679 οὐδ’
389 626 570 680 ότιοῦν
594 628 856 695 πράττειν
915 627 1059 695 ἡμᾶς
1116 626 1325 692 ἀλόγως
1365 624 1507 678 οὕτω
1536 627 1632 679 καὶ
1664 630 1830 680 ἀσυν-

252 732 387 781 ετως
427 720 556 787 χρὴ,
591 719 725 771 ἀλλά
756 720 936 788 κρίσει
973 718 1151 769 πάντα
1179 717 1381 769 διδόναι
1411 721 1503 770 καὶ
1534 717 1824 787 διασκὲψει
1862 795 1868 798 γ

250 808 627 879 λελογισμένῃ.
660 810 720 861 El
742 809 797 861 δὲ
830 809 991 871 αὐτὸς
1022 808 1149 877 εἰκῆ
1186 807 1367 877 βούλει
1388 810 1499 870 τοῖς
1517 809 1725 877 ἀλόγως
1748 809 1827 879 τῷ

253 900 464 969 βασιλεῖ
491 900 708 966 δόξασιν
733 902 980 963 ἔπεσθαι,
1004 900 1140 969 ἐμοῦ
1172 900 1264 953 νῦν
1294 900 1356 953 ού
1385 902 1713 969 πειθομένου
1735 900 1827 955 τὸν

250 993 686 1062 Χριστιανισμὸν
738 991 1101 1061 ἐξομόσασθαι
1123 1032 1138 1055 ,
1177 991 1238 1045 τὸ
1273 991 1694 1061 διατεταγμένον
1723 993 1825 1043 αύ-

248 1084 339 1146 τδς
363 1086 529 1145 ποίει,
571 1085 805 1154 κρίσεως
835 1085 930 1138 καὶ
958 1083 1119 1151 λόγου
1151 1084 1457 1152 φροντίζων
1489 1083 1663 1137 οὐδέν.
1711 1083 1823 1137 Καὶ

247 1175 277 1226 ό
306 1176 691 1243 Κονμϐρίκιος,
726 1176 815 1243 Τῷ
839 1175 1131 1245 προσηνῶς
1197 1192 1281 1228 σοι
1311 1174 1447 1244 τάχα
1518 1175 1821 1244 προσφέρεο

174 1311 180 1315 .
251 1265 398 1327 σθαι,
444 1267 571 1335 ἔφη,
610 1266 1007 1336 αὐθαδέστερον
1041 1262 1181 1319 εἷναί
1214 1284 1272 1321 σε
1302 1268 1821 1335 παρεσκευασαμεν.

252 1359 399 1428 Πλὴν
431 1360 570 1411 ἀλλὰ
605 1360 824 1412 συνετὸν
878 1360 1022 1429 ὀρῶν
1080 1359 1251 1423 οὕτως
1293 1376 1349 1412 σε
1396 1363 1488 1412 καὶ
1538 1360 1816 1428 ἀγχίνουν,

254 1452 512 1518 παραινῶ
537 1452 825 1518 πεισθῆναι
864 1452 969 1520 πρὸ
1006 1451 1113 1502 τῶν
1145 1452 1438 1504 κολάσεων.
1492 1452 1666 1503 Καλὸν
1713 1453 1815 1522 μὲν

251 1543 362 1609 γὰρ
392 1543 425 1609 ἡ
455 1542 585 1610 πρὸς
613 1542 674 1593 τὸ
708 1542 916 1611 βέλτιον
975 1543 1269 1613 μεταϐολὴ,
1327 1545 1421 1595 καὶ
1473 1545 1560 1597 ὅτε
1618 1546 1818 1614 δήποτε

252 1634 538 1702 γινομένη,
566 1633 701 1687 ἀλλά
732 1636 789 1687 τὸ
819 1636 959 1704 μήτε
992 1635 1157 1688 αὐτὸν
1190 1636 1377 1704 νοῆσαι
1432 1636 1492 1689 τὸ
1528 1637 1662 1700 δέω,
1696 1637 1820 1705 μήθ’

252 1723 429 1792 ἑτέρῳ
459 1724 672 1790 λέγοντι
710 1727 1025 1795 πεισθῆναι,
1082 1726 1283 1789 πολλὰς
1305 1726 1361 1778 δὲ
1389 1727 1654 1799 πρότερον
1682 1728 1819 1779 ύπο-

253 1815 514 1882 μείναντα
542 1817 829 1886 τιμωρίας,
857 1817 1047 1869 ἔπειτα
1072 1819 1131 1871 τὸ
1150 1818 1427 1886 συμφέρον
1455 1819 1816 1887 μεταμαθεῖν,

258 1908 360 1957 οὐκ
418 1903 575 1973 οἶμαι
621 1910 920 1978 παρανοίας
980 1910 1235 1961 ὑπόνοιαν
1271 1909 1576 1978 διαφυγεῖν.

256 2000 550 2068 τοιγαροῦν
582 2000 681 2068 ἤδη
714 2001 845 2067 πρὸς
877 2001 969 2054 τὸν
996 2002 1124 2054 ναὸν
1170 2004 1262 2052 καὶ
1295 2000 1543 2054 ἀποδίδου
1578 2001 1718 2064 θεοῖς
1750 2005 1817 2056 τὰ

250 2095 615 2159 νενομισμένα
646 2109 658 2121 ο
693 2094 834 2145 οὓτω
868 2096 976 2163 γὰρ
1004 2094 1228 2147 καὶτῶν
1259 2095 1635 2164 προλαϐόντων
1688 2112 1819 2163 συγ-

249 2185 478 2253 γνώμην
507 2186 674 2256 λήψῃ,
704 2188 797 2239 καὶ
831 2188 1045 2255 βασιλεῖ
1078 2189 1157 2257 τῷ
1190 2188 1412 2258 μεγάλῳ
1456 2188 1810 2261 οἰκειωοήσῃ,

247 2279 346 2329 καὶ
383 2278 502 2347 μεθ’
530 2280 683 2347 ἡμῶν
707 2279 805 2351 ἔσῃ
837 2280 925 2332 διὰ
965 2279 1082 2349 βίου
1114 2280 1445 2349 τιμώμενος.
1473 2283 1580 2333 Καὶ
1614 2282 1641 2332 ὁ
1669 2284 1809 2350 μαρ-

246 2382 376 2429 τυς·
409 2367 550 2435 Ἐγὼ
599 2370 766 2422 πάλαι
797 2372 1123 2439 διέσκεμμαι
1184 2375 1311 2440 περὶ
1369 2372 1476 2423 τῶν
1512 2374 1813 2441 παρόντων,

248 2460 346 2511 καὶ
374 2461 472 2511 οὐκ
502 2461 821 2530 ἀμελετήτῳ
849 2479 941 2532 μοι
968 2463 1472 2534 ὂλωςπροσέῦαλες
1518 2462 1641 2516 νῦν·
1694 2467 1815 2517 ἐπεὶ

248 2550 461 2613 πολλοῖς
494 2556 756 2623 πρότερον
788 2557 849 2605 τὸ
880 2556 1113 2625 πρᾶγμα
1152 2554 1441 2623 λογισμοῖς
1495 2555 1812 2624 βασανίσας,

246 2643 346 2694 καὶ
375 2644 481 2694 τῶν
513 2645 795 2714 ἡμετέρων
826 2646 1081 2711 εἰδώλων,
1123 2646 1203 2698 ἔτι
1236 2646 1291 2697 δὲ
1321 2647 1430 2698 τῶν
1482 2649 1814 2718 ἀκαθάρτων

248 2734 452 2803 βωμῶν
489 2752 547 2788 τε
570 2737 662 2789 καὶ
695 2738 895 2791 θυσιῶν
956 2740 1200 2808 ἐσχάτως
1245 2741 1645 2809 καταγελάσας,
1670 2742 1813 2796 οὕτω

246 2825 351 2894 τὴν
377 2826 551 2896 ἀληθῆ
607 2831 699 2881 καὶ
751 2830 1148 2901 καθαρωτάτην
1193 2834 1303 2884 τῶν
1340 2833 1685 2901 Χριστιανῶν
1726 2835 1815 2889 πί-

250 2933 370 2969 στιν
403 2919 645 2990 είλόμην.
674 2924 835 2974 Ὥστε
863 2923 914 2974 εἴ
945 2925 997 2975 τί
1039 2940 1121 2975 σοι
1152 2926 1302 2993 παρά
1344 2925 1440 2978 τοῦ
1485 2928 1810 2997 κρ..τοῦντος

246 3008 376 3061 καθ’
407 3011 563 3079 ἡμῶν
594 3014 1011 3084 ἐπιτέτραπται,
1038 3014 1115 3084 μὴ
1143 3014 1355 3084 ἀμέλει.

323 3280 412 3345 ς’.
447 3280 617 3341 Εὐθὺς
663 3282 755 3333 οὖν
799 3282 1024 3346 ἐκεῖνος,
1061 3284 1153 3336 καὶ
1185 3284 1349 3339 παλαι
1377 3286 1693 3353 διοιδούντος
1724 3293 1817 3345 αύ-

245 3372 329 3441 τῷ
356 3372 449 3425 τὸὗ
507 3374 699 3443 θυμοῦ,
754 3375 1069 3439 νεανίσκους
1110 3378 1265 3438 τινὰς
1318 3380 1460 3432 κατά
1510 3385 1667 3453 χεῖρα
1697 3400 1818 3451 γεν-

1927 634 1984 680 ει
2007 635 2203 680 contra
2234 628 2533 695 rationem,
2564 632 2660 685 sed
2689 634 2902 703 judicio
2924 648 2980 691 et
3007 638 3257 709 diligenti
3288 645 3498 698 exami-

1928 720 2135 773 nationi
2180 720 2363 774 omnia
2415 724 2758 791 permittere.
2809 726 2864 781 Si
2909 740 3092 784 autem
3150 735 3232 788 vis
3293 736 3405 804 ipse
3432 754 3496 793 ea

1924 812 2101 881 sequi,
2137 828 2260 881 quae
2304 812 2443 867 citra
2490 815 2655 869 ullam
2700 818 2969 874 rationem
3017 823 3234 878 decreta
3267 840 3395 881 sunt
3428 831 3496 884 ab

1926 901 2385 970 imperatoribus,
2411 920 2537 959 cum
2570 905 2702 961 mihi
2736 925 2882 966 nunc
2912 927 3020 967 non
3048 917 3119 970 sit
3146 932 3492 987 persuasum,

1926 999 1984 1044 ut
2011 992 2260 1063 abjurem
2290 994 2791 1067 Christianismum,
2843 1006 2925 1060 fac
2956 1007 3075 1075 ipse
3098 1012 3241 1078 quod
3277 1023 3363 1068 est
3396 1015 3493 1070 tibi

1925 1088 2309 1142 constitutum.
2344 1088 2696 1148 Cumbricius
2722 1110 2856 1149 vero
2880 1113 2893 1149 :
2914 1098 3092 1160 Forte,
3120 1101 3320 1172 inquit,
3346 1108 3493 1174 quod

1925 1186 2105 1233 tecum
2137 1180 2375 1251 benigne
2405 1191 2463 1237 et
2494 1183 2698 1241 leniter
2728 1204 2976 1258 agamus,
3006 1192 3131 1247 ideo
3160 1204 3209 1247 te
3240 1213 3495 1267 arrogan-

1926 1265 2123 1319 tiorem
2187 1268 2456 1326 eﬂicimus
2515 1280 2570 1325 et
2619 1274 3056 1335 insolentiorem.
3122 1283 3226 1335 Sed
3286 1265 3409 1338 cum
3443 1299 3491 1340 to

1925 1356 2139 1410 videam
2172 1359 2309 1413 adeo
2345 1362 2766 1432 intelligentem,
2795 1376 2848 1420 et
2877 1377 2984 1421 tam
3020 1372 3165 1426 acuti
3191 1384 3247 1427 et
3273 1376 3493 1432 solertis

1923 1447 2127 1515 ingenii
2159 1490 2173 1513 ,
2230 1451 2443 1507 suadeo
2496 1464 2555 1508 ut
2597 1472 2793 1524 pareas
2848 1472 3146 1529 antequam
3202 1468 3489 1523 crucieris.

1921 1537 2055 1592 Nam
2101 1542 2329 1610 pulchra
2379 1545 2603 1613 quidem
2640 1564 2727 1603 res
2759 1560 2843 1605 est
2889 1556 3121 1609 mutatio
3168 1558 3221 1611 in
3268 1561 3433 1614 mel‘u
3473 1599 3491 1627 ,

1922 1633 2367 1704 quandocunque
2412 1654 2475 1692 ea
2509 1639 2647 1695 facta
2691 1642 2875 1698 fuerit.
2924 1646 3028 1700 Sed
3079 1663 3256 1719 neque
3307 1655 3487 1722 ipsum

1926 1724 2000 1788 id,
2037 1727 2180 1793 quod
2212 1740 2450 1797 Oportet,
2485 1730 2814 1803 intelligere,
2854 1754 3033 1809 neque
3067 1742 3224 1797 alteri
3274 1745 3480 1801 dicenti

1926 1830 2119 1883 parere
2159 1833 2326 1871 :cum
2378 1822 2551 1874 multa
2609 1836 2792 1880 autem
2845 1830 3001 1899 prius
3042 1848 3237 1902 passus
3269 1838 3343 1891 sis
3376 1849 3490 1891 tor-

1639 1911 1816 1979 Χώρει
1850 1911 1891 1935 ”
1921 1922 2122 1977 menta,
2176 1914 2372 1969 deinde
2405 1918 2647 1985 abjicere
2709 1923 2784 1985 id,
2838 1928 2982 1992 quod
3030 1936 3113 1983 est
3164 1933 3319 1997 utile,
3379 1950 3484 1989 non

1919 2008 2179 2063 existimo
2224 2010 2276 2062 id
2331 2011 2575 2082 ell‘ugere
2610 2017 2978 2085 suspicionem
3028 2028 3301 2081 amentiae.
3339 2030 3485 2083 Vade

1916 2112 2046 2166 ergo
2102 2099 2213 2169 jam
2272 2101 2340 2155 ad
2392 2105 2676 2174 templum,
2743 2119 2799 2162 et
2828 2111 2935 2166 dtis
2980 2118 3143 2169 redde
3174 2133 3297 2186 qua:
3340 2123 3485 2191 justa

1917 2202 2065 2245 sunt.
2101 2193 2192 2247 Sic
2225 2195 2370 2247 enim
2422 2213 2476 2249 et
2520 2215 2739 2265 eorum,
2770 2219 2891 2271 quae
2924 2222 3352 2277 praecesserunt,
3391 2233 3484 2269 τε·

1918 2283 2065 2336 niam
2111 2288 2491 2355 consequeris,
2556 2300 2608 2344 et
2667 2308 2862 2363 magno
2924 2298 3241 2366 imperatori
3287 2306 3487 2360 evades

1918 2374 2223 2443 familiaris,
2264 2388 2319 2433 et
2351 2389 2467 2435 toto
2496 2384 2619 2437 VlliB
2647 2394 2896 2454 tempore
2930 2406 2958 2443 a
2988 2394 3148 2447 nobis
3189 2396 3243 2448 in
3276 2397 3484 2453 honore

1918 2468 2230 2523 habeberis.
2269 2471 2472 2543 Martyr
2503 2483 2687 2529 autem
2723 2494 2737 2531 :
2781 2478 2916 2547 Ego,
2964 2481 3164 2552 inquit,
3209 2487 3277 2541 de
3320 2491 3484 2546 rebus

1917 2561 2288 2629 praesentibus
2349 2563 2445 2619 diu
2503 2566 2848 2633 deliberavi,
2905 2589 3083 2643 neque
3118 2594 3203 2632 me
3250 2583 3476 2637 omnino

1915 2668 2206 2724 aggressus
2229 2672 2375 2711 nunc
2403 2673 2463 2713 es
2490 2660 2712 2716 minime
2741 2668 3482 2732 prameditatmmNamcurn

1918 2763 2032 2802 rem
2069 2751 2223 2819 prius
2254 2752 2443 2807 multis
2491 2757 2892 2812 examinassem
2942 2764 3480 2833 ratiocinationibus,

1914 2851 1970 2896 et
2004 2854 2187 2898 vestra
2220 2845 2539 2911 simulacra,
2567 2850 2957 2923 immundaque
2990 2856 3181 2913 altaria
3230 2872 3287 2915 et
3322 2868 3487 2919 sacri-

1915 2934 2038 2988 ﬁcia
2096 2951 2307 2990 summe
2357 2938 2677 3004 irrisissem,
2729 2959 2920 3011 puram
2970 2958 3027 3002 et
3082 2966 3267 3005 veram
3323 2956 3481 3010 [idem

1917 3022 2053 3092 elegi
2082 3025 2540 3081 Christianorum.
2567 3030 2934 3095 Quamobrem
2951 3040 2994 3091 si
3010 3042 3139 3109 quid
3169 3044 3265 3095 tibi
3289 3056 3482 3101 contra

1921 3387 2155 3450 animus,
2180 3390 2558 3449 adolescentes
2582 3398 2792 3465 aliquot
2821 3416 2983 3455 manu
3016 3406 3281 3470 valentes,
3311 3412 3483 3464 velte-

248 3463 458 3527 ναίους,
513 3464 755 3533 σφώρῶς
810 3464 1221 3534 ιναλλομένους,
1277 3469 1382 3535 πὺξ
1417 3472 1508 3522 τὸν
1563 3474 1815 3543 μάρτυρα
1921 3494 1930 3529 l

1803 3492 1815 3527 ι
1921 3488 2133 3532 menter
2173 3481 2522 3545 insultantes,
2567 3463 2735 3556 jussit
2787 3494 2984 3562 pugnis
3017 3497 3229 3551 caedere
3277 3507 3485 3571 marty-

248 3555 468 3608 txé'utue
494 3557 699 3619 παίειν,
748 3556 942 3611 ἔπειτα
992 3558 1181 3627 ἱμᾶσιν
1235 3560 1397 3612 αὐτὸν
1436 3564 1669 3632 ίσχυρῶς
1718 3565 1813 3618 ἀπ’
1921 3585 1930 3623 ι

1801 3570 1813 3588 ⁹
1921 3585 2058 3625 rem.
2098 3573 2303 3627 Deinde
2334 3591 2459 3630 cum
2486 3592 2613 3630 eum
2645 3580 2779 3635 loris
2811 3598 2843 3636 e
2880 3587 3112 3641 summis
3141 3591 3396 3645 manibus
3426 3603 3482 3648 et

248 3648 438 3717 ἄκρων
465 3649 661 3719 χειρῶν
690 3651 827 3718 ὁμοῦ
856 3653 950 3705 καὶ
989 3652 1165 3705 ποδῶν
1187 3655 1467 3723 διαδήσας,
1506 3657 1695 3726 βιαίως
1725 3661 1811 3727 ἔφ’
1918 3674 1930 3729 Ι

1798 3661 1811 3685 ’
1918 3661 2154 3729 pedibus
2210 3664 2429 3717 fortiter
2485 3666 2832 3736 alligassent,
2893 3676 3155 3746 utrinque
3214 3681 3480 3737 violenter

244 3740 485 3809 ἑκάτερα
533 3735 737 3804 εἷλκεν,
792 3742 931 3795 ὥστε
978 3743 1205 3813 λυθῆναι
1266 3746 1417 3817 αύτῷ
1448 3747 1557 3799 τῶν
1593 3750 1810 3820 ἄρθρων
1919 3765 1926 3807 1

1796 3767 1810 3802 ι
1919 3756 2233 3822 trahebant,
2261 3757 2402 3811 adeo
2436 3767 2496 3811 ut
2523 3762 2574 3813 ei
2622 3763 2973 3821 solverentur
3003 3784 3295 3841 compages
3347 3776 3478 3829 arti-

243 3830 344 3891 si;
372 3831 658 3901 ἁρμονίας,
691 3834 784 3884 καὶ
807 3834 887 3894 είς
916 3834 1057 3904 μέρη
1083 3836 1179 3887 καὶ
1211 3835 1347 3905 μέλη
1370 3836 1465 3889 τὸν
1497 3837 1666 3908 ἄνδρα
1695 3840 1810 3895 δια·
1914 3864 1925 3899 ι

1797 3872 1810 3883 -
1914 3848 2185 3913 culorum,
2211 3850 2663 3922 membratimque
2697 3865 2754 3908 et
2801 3830 3171 3926 particulatim
3199 3830 3244 3918 is
3270 3866 3479 3921 discer-

246 3922 578 3991 σπασθῆναι.
620 3923 678 3975 '0
703 3924 782 3985 δὲ,
839 3928 935 3977 καὶ
972 3925 1195 3978 τοιαῦτα
1246 3927 1492 3996 πάσχων,
1534 3930 1595 3983 ού
1641 3932 1807 3999 μόνον
1914 3955 1928 4008 ι

1796 3950 1807 3983 ν
1914 3949 2160 4008 peretur.
2217 3940 2313 3996 Ille
2367 3951 2549 3996 autem
2595 3922 2819 4000 etiamsi
2862 3950 2977 4004 hac
3021 3963 3325 4019 pateretur,
3369 3973 3478 4013 non

242 4012 438 4081 ὀδύνης
471 4012 621 4064 οὐδὲν
674 4015 767 4064 ἐπὶ
808 4011 902 4065 τοῦ
956 4014 1249 4082 προσώπου
1282 4016 1555 4085 σύμϐολον
1608 4022 1811 4091 ἐπεσή-
1912 4046 1924 4084 ι

1794 4049 1811 4064 ·
1903 4031 2078 4108 modo
2114 4031 2268 4084 vultu
2299 4032 2511 4087 nullum
2544 4033 2762 4103 signum
2814 4011 3167 4109 doloris-pra:
3216 4060 3275 4098 se
3314 4011 3476 4111 vtul.t,_

247 4123 460 4176 μαινεν,
518 4105 654 4157 ἀλλά
708 4109 801 4157 καὶ
837 4106 1188 4177 φαιδρότερος
1243 4109 1444 4176 μᾶλλον
1475 4111 1685 4181 ἑωρᾶτο
1714 4113 1809 4165 καὶ
1903 4101 1929 4177 ἐ

1792 4113 1809 4165 ὶ
1903 4101 2004 4177 ’βοά
2032 4124 2186 4180 visus
2209 4132 2293 4179 est
2320 4125 2501 4193 potius
2531 4101 2728 4193 laetior,
2763 4101 3198 4204 ﬂorentibusque
3233 4139 3390 4204 genis
3412 4101 3474 4194 ac

244 4198 456 4251 θάλλων
483 4199 602 4259 ταῖς
631 4200 919 4268 παρειαῖςο
952 4196 1012 4250 οὗ
1068 4200 1133 4269 δὴ
1166 4201 1328 4269 χάριν
1383 4203 1479 4272 οὐχ
1517 4203 1701 4257 ίκανδν
1728 4207 1807 4269 είς
1911 4230 1926 4284 Ι

1793 4223 1807 4269 ῖ
1911 4218 2227 4284 purpureis.
2280 4219 2399 4281 Qua
2448 4217 2518 4272 de
2570 4235 2735 4275 causa
2794 4223 2899 4279 hoc
2951 4242 3059 4278 non
3109 4196 3359 4283 hum-cere
3408 4231 3475 4285 ad

244 4292 519 4360 τιμωρίαν
546 4293 574 4344 6
598 4290 811 4360 ἀπηνὴς
842 4293 904 4343 τὸ
932 4294 1165 4363 πρᾶγμα
1193 4296 1439 4364 νομίσας,
1461 4296 1638 4361 ἄλλως
1668 4313 1725 4349 τε
1751 4298 1808 4352 δὲ
1910 4324 1926 4363 ς

1794 4302 1808 4352 ξ
1910 4309 2219 4363 cruciatum
2249 4309 2343 4363 ille
2381 4310 2610 4366 immitis
2635 4314 2940 4369 arbitratus
2965 4359 2977 4378 ,
3005 4328 3057 4371 et
3092 4318 3299 4388 alioqui
3335 4321 3476 4376 invi-

243 4388 342 4439 καὶ
372 4388 438 4455 τῇ
467 4383 787 4456 φαιδρότητι
844 4386 1050 4454 καὶ-τῷ
1082 4386 1230 4440 ἄνθει
1258 4387 1355 4440 τοῦ
1386 4388 1678 4459 προσώπου
1712 4388 1808 4459 βα·
1911 4416 1925 4455 ι

1790 4418 1808 4431 -
1911 4400 2049 4455 dens
2076 4401 2345 4455 alacritati
2378 4412 2435 4457 et
2486 4402 2609 4458 ﬂori
2659 4405 2862 4472 vultus,
2916 4383 3472 4480 martyrem-quidem

248 4478 478 4548 σκήνας,
511 4477 627 4530 λύει
657 4478 753 4545 μὲν
778 4479 868 4530 τὸν
907 4479 1160 4549 μάρτυρα
1185 4480 1293 4531 τῶν
1323 4479 1563 4550 δεσμῶν,
1602 4482 1809 4553 σιδήρῳ
1834 4508 1930 4570 ,ηε

1793 4500 1809 4533 >
1834 4543 1888 4570 ἣ
1912 4493 2077 4547 solvit
2106 4508 2135 4546 e
2172 4494 2440 4561 vinculis;
2477 4495 2602 4550 cilia
2634 4513 2765 4551 vero
2821 4508 2878 4551 et
2930 4501 3119 4553 oculos
3142 4502 3297 4570 jubet
3330 4503 3475 4557 ferro

246 4570 304 4622 δε
335 4543 405 4621 τὰ
437 4543 681 4640 βλέφαρα
733 4573 827 4622 καὶ
872 4543 999 4639 τὴν-
1029 4543 1153 4640 ὄψιν
1222 4543 1677 4626 κατακεντεῖσθαι
1834 4543 1928 4641 D;

1789 4543 1791 4550 ,
2112 4543 2132 4546 -
2185 4543 2440 4561 .----_-.-,
2481 4543 2602 4550 ----_
2645 4543 2761 4551 .-.ν
2825 4543 2878 4551 --
2932 4543 3297 4570 “sum”--.
3330 4543 3471 4557 ,νην

1789 4603 1797 4617 ·
1834 4543 2153 4641 Dconfodi.
2208 4585 2321 4641 Hoc
2372 4599 2557 4641 autem
2614 4589 2758 4642 facto
2792 4591 2964 4644 veluti
3008 4591 3192 4645 divina
3235 4599 3471 4661 quadam

247 4661 421 4715 λεύει.
477 4661 679 4713 Τούτου
724 4662 778 4716 δὲ
827 4664 1142 4731 γενομένου,
1179 4663 1324 4715 θείου
1354 4664 1516 4729 τινὸς,
1551 4665 1803 4736 καθάπερ
1910 4692 1929 4731 ε

1793 4683 1803 4717 ι
1910 4678 2137 4732 audacia
2166 4681 2410 4747 repletus
2437 4680 2704 4750 Thyrsus.
2741 4682 2951 4749 prasidi
2972 4699 3022 4735 ιη
3057 4686 3245 4751 majori
3277 4700 3475 4755 argue-

246 4755 277 4803 ὁ
323 4752 555 4821 Θύρσος,
616 4749 852 4821 θάρσους
904 4752 1304 4823 ὑποπλησθεὶς,
1364 4756 1502 4825 μετά
1559 4756 1807 4821 πλείονος
1912 4771 1928 4822 |

1784 4775 1807 4821 ς
1912 4771 1999 4824 bat
2026 4770 2308 4837 libertate,
2336 4784 2391 4825 et
2419 4772 2488 4827 iis
2512 4749 2634 4841 quae
2666 4772 2736 4825 ab
2767 4774 2859 4827 illo
2892 4749 3224 4842 patiebatur,
3271 4749 3466 4830 uteba-

142 4870 147 4873 -
250 4844 450 4925 ἧλεγχε
504 4844 704 4913 μᾶλλον
755 4844 846 4897 τὸν
896 4846 1138 4913 ἡγεμόνα
1180 4847 1278 4915 τῆς
1327 4848 1675 4917 παρρησίας,
1717 4850 1809 4902 καὶ

1788 4850 1809 4902 ἶ
1913 4872 2002 4916 tur
2033 4863 2099 4916 ad
2131 4879 2194 4918 ea
2227 4864 2529 4933 probanda,
2559 4879 2682 4933 qua:
2711 4864 2782 4918 ab
2832 4881 2898 4919 eo
2948 4867 3272 4921 dicebantur
3299 4886 3311 4920 :
3339 4869 3470 4923 Ani-

250 4930 333 4996 οἷς
368 4937 573 5005 ἔπασχε
612 4935 741 5003 παρ’
765 4937 997 5001 ἐκείνου,
1017 4937 1153 5006 πρὸς
1186 4938 1459 5004 ἀπόδειξιν
1482 4941 1680 5009 εχρῆτο
1698 4940 1807 4994 τῶν
1836 5008 1841 5012 ι
1911 4971 1932 5008 κ

1787 4959 1807 4994 ν
1836 5008 1846 5028 ,Α
1911 4970 2058 5008 mum
2097 4955 2162 5009 ad
2191 4930 2278 5010 me
2313 4930 2812 5023 attendeidicens,
2858 4974 3046 5027 quem,
3101 4962 3245 5028 quod
3301 4963 3366 5016 ad
3418 4972 3469 5018 te

250 5028 581 5095 λεγομένων,
618 5029 894 5097 Πρόσσχες
940 5029 1027 5080 ἐπ’
1070 5029 1189 5098 ἐμὲ,
1212 5030 1403 5097 λέγων,
1435 5032 1615 5083 ὅντινα
1643 5033 1704 5084 τό
1746 5050 1805 5098 γε
1840 5026 1850 5038 ’
1905 5061 1932 5114 (γ

1793 5050 1805 5085 ε
1840 5026 1850 5038 ’
1905 5046 2131 5114 quidem
2166 5048 2384 5108 attinet,
2431 5026 2927 5102 innumerabilibus
2966 5026 3238 5105 tradidisti
3280 5055 3475 5110 morti»

250 5130 331 5187 ε²ς
364 5126 422 5176 σὲ
455 5120 591 5194 ἧκον
648 5122 861 5189 μυρίοις
912 5120 1215 5188 παραδίδως
1251 5122 1520 5187 θανάτοις,
1571 5129 1663 5178 καὶ
1710 5126 1807 5195 τὴν
1912 5139 1932 5191 ι

1785 5146 1807 5179 ν
1912 5139 2051 5202 bus;
2096 5150 2150 5193 et
2199 5139 2320 5192 vide
2375 5138 2705 5192 ineﬂabilein
2746 5140 2950 5193 Christi
3002 5142 3106 5195 mei
3148 5145 3467 5212 patentiam,

249 5220 457 5284 ἄφατον
487 5212 581 5266 τοῦ
621 5212 755 5281 εμοῦ
798 5211 1032 5282 Χριστοῦ
1083 5211 1313 5283 δύναμιν
1340 5218 1611 5281 κατανόει,
1655 5219 1801 5283 ὃπως
1909 5245 1931 5299 q

1785 5237 1801 5283 ῖ
1909 5230 2379 5299 quemadmodum
2424 5245 2524 5283 nos
2586 5230 2807 5299 impleat
2859 5231 3088 5285 audacia
3148 5211 3204 5285 et
3244 5219 3467 5290 'virtuto

250 5308 401 5379 ἡμᾶς
417 5306 653 5376 θάρσους
683 5301 989 5371 ἀμπίπλησι
1008 5342 1024 5367 ,
1050 5301 1278 5372 δύναμίν
1301 5321 1360 5358 τε
1385 5306 1673 5375 οὐρανόθεν
1705 5328 1805 5362 πε-

257 5402 562 5471 ριζωννύει,
607 5400 700 5453 καὶ
746 5398 845 5468 τῆς
895 5396 1156 5465 γλυκείας
1198 5399 1365 5452 αὐτοῦ
1412 5405 1685 5455 κοινωνεῖν
1717 5405 1805 5471 ιφ-

254 5496 401 5563 ίησιν
428 5492 757 5562 ὡραιότητος
780 5507 793 5520 ·
825 5492 935 5560 ὅσῳ
983 5493 1090 5560 γὰρ
1139 5492 1401 5556 πλειόνως
1431 5509 1522 5560 μοι
1553 5495 1614 5546 τὸ
1648 5494 1807 5564 σῶμα

250 5586 511 5657 λυμαίνῃ,
543 5583 781 5653 τοσούτῳ
809 5584 903 5635 καὶ
932 5583 1155 5638 πλείονά
1183 5603 1270 5654 μοι
1326 5585 1669 5656 περιϐάλλεις
1710 5589 1809 5659 τὴν

250 5679 579 5748 εὐμορφίαν.
633 5678 715 5730 Τά
765 5677 874 5747 γὰρ
902 5678 1040 5749 ὑπερ
1090 5678 1184 5732 τοῦ
1224 5678 1489 5733 Δεσπότου
1536 5681 1805 5749 στίγματα

253 5777 457 5839 παντὸς
483 5775 809 5847 ὠραιότερον
840 5777 1042 5847 κόσμου
1096 5778 1189 5831 καὶ
1216 5776 1393 5848 ψυχας
1431 5776 1525 5828 καὶ
1577 5776 1805 5847 σώματα

1911 5336 2011 5375 nos
2045 5324 2293 5390 acciugat
2343 5321 2593 5387 coalitus;
2640 5331 2695 5375 et
2741 5322 3039 5390 permittat,
3077 5332 3135 5377 ut
3166 5325 3267 5378 sim
3304 5326 3472 5394 parti-

1910 5427 2039 5481 ceps
2098 5413 2329 5482 propria:
2389 5414 2508 5482 ejus
2554 5413 2931 5467 formositatis.
3002 5414 3136 5467 Nam
3172 5431 3282 5483 quo
3336 5416 3470 5471 mihi

1910 5520 2111 5573 corpus
2138 5505 2308 5572 magis
2334 5505 2543 5573 perdis,
2575 5520 2641 5558 co
2677 5505 2935 5573 majme’m
2976 5506 3106 5557 mihi
3136 5506 3324 5574 adjitis
3352 5510 3471 5573 pul-

1910 5596 2297 5650 chritudinem.
2333 5594 2464 5661 Quae
2494 5597 2639 5650 enim
2688 5610 2790 5663 pro
2834 5596 3065 5650 Domino
3090 5600 3470 5668 suscipiuntur

1910 5689 2184 5757 stigmata,
2208 5687 2406 5755 quovis
2436 5695 2764 5742 ornamento
2793 5689 3078 5756 pulchrius
3119 5690 3385 5743 adornant
3412 5702 3466 5745 et

1911 5780 2122 5836 animos
2150 5787 2204 5833 et
2233 5793 2464 5847 corpora
2498 5797 2512 5835 :
2551 5788 2607 5834 et
2645 5779 2869 5845 sanguis
2891 5818 2903 5834 .
2936 5778 3029 5830 nui
3059 5795 3157 5837 nm
3192 5781 3307 5834 inso
3342 5781 3463 5835 tuu-
