4260 6430
814 420 920 480 515

2040 413 2320 474 MEXSIS
2358 415 2787 474 DECEMBEH.

3953 407 4070 472 516

813 530 984 593 ditur,
1040 525 1210 581 veluti
1265 539 1365 580 nos
1416 524 1657 596 irrigans
1703 524 1870 580 edicit
1927 534 1988 580 ut
2030 524 2203 581 simus
2233 524 2384 580 vultu
2415 533 2495 591 Ατ

2415 533 2460 591 Α
2491 523 2916 588 καπλωπίζουσι,
2975 520 3066 574 καὶ
3095 521 3155 572 τὸ
3184 521 3322 589 ὑπὲρ
3373 516 3540 570 αὑτοῦ
3599 516 3862 586 χεόμενον
3889 511 4067 586 αἷμα.

813 629 870 675 et
897 619 1025 673 laeto
1057 629 1113 674 et
1141 617 1335 672 alacri.

888 795 1087 852 γιωά
1105 795 1219 849 haec
1236 803 1418 848 autem
1435 793 1519 846 vir
1539 792 1630 847 ille
1653 793 1878 862 pestifer
1894 802 1949 847 et
1968 793 2385 859 exitiosus,cum

815 905 926 944 non
959 889 1187 943 haberet
1220 886 1353 956 quid
1396 894 1605 955 ageret,
1655 895 1749 938 aut
1778 885 2056 953 quomodo
2100 887 2205 939 viri
2241 887 2388 940 illius

817 979 1072 1050 generosi
1104 979 1436 1047 reprimeret
1475 975 2112 1045 loquendi‘libertatem,
2156 986 2212 1030 et
2242 977 2390 1032 illius

817 1071 1018 1142 lingua:
1053 1071 1250 1124 vitaret
1281 1069 1467 1139 plagas
1499 1086 1512 1122 :
1538 1067 1590 1121 ei
1620 1081 1752 1121 vero
1781 1067 2122 1122 cruciaretur
2147 1069 2388 1134 animus,

818 1172 876 1218 et
910 1163 989 1216 ira
1026 1161 1176 1215 fcrve
1196 1169 1297 1223 ret,
1327 1160 1484 1227 jubet
1509 1158 1804 1231 glandibus
1839 1161 2009 1213 aeneis
2037 1161 2158 1228 ejus
2189 1159 2392 1214 verbe-

818 1263 966 1308 ratas
1008 1253 1256 1307 maxillas
1301 1267 1408 1305 una
1455 1265 1582 1305 eum
1610 1250 1870 1304 dentibus
1915 1250 2098 1305 excuti
2138 1250 2387 1321 martyri.

822 1345 927 1400 Sed
960 1361 1085 1400 cum
1120 1344 1269 1398 hunc
1296 1348 1515 1412 quoq'ue
1549 1343 1849 1396 sustineret
1875 1343 2182 1397 cruciatum
2213 1344 2390 1398 athle-

820 1447 898 1500 ta,
931 1439 1120 1493 eadem
1159 1452 1281 1506 qua:
1308 1439 1458 1506 prius
1480 1445 1599 1490 erat
1625 1434 1676 1490 ei
1706 1434 1891 1489 laetitia
1911 1445 1968 1490 et
1991 1437 2300 1500 alacritate.
2331 1447 2388 1492 et

824 1532 878 1583 in
905 1530 1052 1583 omni
1086 1538 1333 1597 tempore
1366 1525 1725 1581 benedicebat
1756 1524 2006 1591 Domino,
2044 1539 2101 1580 et
2126 1537 2392 1596 perpetuo

825 1621 878 1674 in
911 1634 1004 1674 ore
1038 1621 1157 1689 ejus
1189 1618 1491 1674 cauebatur
1521 1618 1641 1686 ejus
1680 1616 1924 1670 laudatio
1952 1633 1967 1673 :
1999 1633 2121 1686 quae
2167 1619 2390 1687 quidem

822 1712 918 1764 ire
951 1711 1224 1765 fornacem
1255 1709 1649 1768 accendebant.
1694 1717 1750 1762 et
1784 1707 2055 1763 ﬂammam
2093 1711 2267 1780 magis
2299 1726 2385 1765 ex-

823 1802 1068 1856 citabant
1107 1801 1345 1870 praesidi.
1377 1801 1514 1867 Quid
1551 1802 1729 1871 ergo?
1766 1800 1845 1855 Ne
1887 1809 2070 1870 putes,
2113 1801 2314 1871 inquit,
2359 1817 2393 1856 ο

2491 613 2748 684 καθάπερ
2803 611 3029 683 ἀρδεῦον
3081 612 3252 681 ἡμᾶς,
3309 608 3583 678 ἀνθηροὺς
3631 607 3730 677 τὴν
3781 606 3904 677 θψιν
3965 606 4070 659 καὶ

2487 707 2751 776 φαιδροὺς
2782 701 2922 759 εἶναι
2950 702 3383 773 παρασκευάζει.

2559 796 2634 853 Z'.
2664 799 2808 867 Πρὸς
2834 796 3006 851 ταῦτα
3040 801 3068 850 ὀ
3094 797 3312 865 λυμεὼν
3351 797 3558 857 ἐκεῖνος
3583 836 3598 856 .
3646 795 3746 848 οὐκ
3772 795 3911 864 ἔχων
3937 795 3969 845 ὃ
4011 808 4072 843 τε

2488 892 2584 946 καὶ
2605 890 2933 960 δράστιεν,ἢ
2966 889 3082 952 πῶς
3115 889 3318 958 ἐπίσχῃ
3373 887 3451 955 τῷ
3488 885 3722 955 γενναίῳ
3777 884 3877 954 τὴν
3915 883 4070 952 πσρ-

2491 983 2707 1054 ῥησίαν,
2736 983 2830 1034 καὶ
2857 983 2957 1043 τάς
2999 979 3108 1035 ἀπὸ
3136 980 3234 1048 τῆς
3286 978 3534 1046 γλώττης
3565 975 3730 1030 αὑτοῦ
3786 977 4069 1046 μάστιγας

2488 1075 2764 1143 διαφύγοι,
2798 1073 3066 1141 ἑσφάδαζε
3102 1074 3159 1127 δὲ
3191 1076 3218 1126 ὁ
3252 1072 3445 1141 θυμὸς,
3488 1073 3583 1124 καὶ
3641 1071 3710 1123 τὰ
3739 1071 3836 1138 τῆς
3888 1067 4067 1136 όργῆς

2490 1165 2638 1234 αὐτῷ
2664 1165 2903 1236 ἤκμαζε,
2944 1163 3159 1217 κελεύει
3204 1163 3509 1233 στροϐίλοις
3542 1161 3763 1231 χαλκοῖς
3808 1157 3906 1220 τάς
3937 1173 4066 1209 σια-

2492 1260 2654 1326 γόνας
2675 1258 2840 1312 αὑτοῦ
2871 1257 3176 1326 παιομένας
3193 1258 3378 1318 αὐτοῖς
3407 1254 3622 1308 ὀδοῦσιν
3655 1250 4064 1322 ὲκκρουσθῆναι

2494 1351 2592 1405 τοῦ
2631 1352 2934 1421 μάρτυρος.
2983 1350 3151 1403 Ἀλλὰ
3196 1349 3291 1400 καὶ
3346 1347 3554 1415 ταύτην
3585 1343 3927 1413 ὑπομένοντα
3965 1339 4067 1407 τὴν

2496 1444 2773 1514 τιμωρίαν
2810 1443 2904 1496 τὸν
2937 1441 3200 1511 ἀθλητὴν,
3233 1443 3264 1509 ἡ
3293 1440 3432 1509 αύτὴ
3461 1438 3754 1505 φαιδρότης
3801 1428 3915 1502 εἶχε
3968 1426 4078 1484 και

2495 1536 2834 1605 γενναιότης,
2866 1533 3080 1602 εὐλόγει
3125 1531 3307 1584 τετὸν
3341 1529 3549 1597 Κύριον
3575 1529 3632 1580 ὲν
3660 1529 3822 1579 παντὶ
3859 1523 4066 1594 καιρῷ,

2493 1629 2587 1682 καὶ
2615 1630 2703 1682 διὰ
2723 1628 2924 1689 παντὸς
2958 1628 2990 1695 ἡ
3021 1627 3230 1688 αῐνεσις
3273 1621 3440 1675 αὑτοῦ
3468 1623 3527 1673 ἐν
3565 1619 3643 1688 τῷ
3705 1618 3934 1686 στόματι
3964 1616 4069 1668 αὑ-

2493 1721 2586 1776 τοῦ
2617 1721 2776 1792 ᾔδετο
2799 1736 2814 1751 ·
2845 1719 2991 1783 ἀπερ
3011 1717 3109 1770 τοῦ
3139 1715 3313 1787 θυμοῦ
3342 1716 3422 1768 [rt
3451 1713 3551 1784 τὴν
3589 1713 3819 1779 κάμινον
3853 1707 4068 1776 ἀνῆπτε

2495 1810 2572 1880 τῷ
2604 1809 2857 1880 ἡγεμόνι,
2891 1808 2986 1859 καὶ
3011 1810 3108 1875 τὴν
3127 1806 3301 1874 φλόγα
3331 1803 3533 1874 μᾶλλον
3563 1802 3828 1871 διήγειρε.
3857 1799 3923 1850 Τί
3941 1793 4060 1858 οὖνς

823 1895 1059 1964 Tbyrse,
1096 1866 1213 1949 fore
1246 1905 1305 1948 ut
1328 1866 1744 1962 liucusque'tibi
1773 1866 2064 1958 sistentur,
2097 1866 2219 1964 quae
2263 1905 2392 1951 sunt
2425 1866 2466 1926 Β
2494 1903 2505 1954 1

2386 1911 2392 1951 ‘.
2425 1866 2466 1926 Β
2494 1866 2792 1971 Μήδέμῶς,
2823 1866 2951 1969 ἔνφη,
2974 1866 3183 1967 νόμιζε,
3208 1866 3406 1965 Stipes,
3450 1896 3530 1948 ὅτι
3561 1866 3722 1964 μὲγρι
3750 1866 3947 1944 *τούτου
3985 1906 4068 1941 σοι

821 1987 1005 2056 gravia
1035 1996 1090 2042 et
1121 2003 1337 2057 aspera.
1378 1987 1512 2042 Nam
1547 2003 1668 2056 quae
1712 1996 2114 2057 praecesserunt
2143 1987 2391 2057 quidem,

821 2088 979 2134 erant
1003 2094 1167 2148 parva
1197 2081 1469 2148 qua-dam.
1503 2088 1557 2132 et
1590 2093 1711 2148 qua!
1743 2089 1948 2133 temere
1989 2089 2205 2147 tempus
2235 2079 2394 2133 nobis

822 2170 1096 2240 suggessit
1123 2189 1136 2224 :
1171 2185 1292 2239 qua:
1321 2179 1502 2224 autem
1546 2169 1827 2240 deinceps,
1885 2172 2138 2225 ostendet
2169 2171 2264 2226 tibi
2297 2186 2392 2226 ex-

823 2262 1118 2332 perientia.
1155 2272 1210 2316 et
1255 2264 1400 2317 scies
1443 2262 1511 2316 de
1538 2272 1760 2328 caetero,
1801 2263 1983 2332 qualia
2005 2272 2138 2317 snnt
2170 2265 2396 2332 prmmia

823 2370 1038 2419 eorum,
1067 2354 1162 2423 qui
1200 2370 1309 2408 non
1344 2355 1632 2409 obediunt.
1687 2354 1910 2424 Martyr,
1944 2362 2129 2408 autem
2170 2371 2184 2408 :
2222 2354 2392 2424 Euge,

823 2445 1025 2513 inquit,
1066 2459 1134 2499 ne
1167 2446 1282 2499 hac
1310 2446 1542 2499 maxima
1573 2446 1729 2499 nobis
1761 2444 1903 2499 bona
1935 2444 2224 2500 invideris.
2275 2444 2396 2500 Non

827 2537 1109 2602 invidebo,
1138 2538 1340 2607 inquit,
1367 2539 1462 2592 sed
1497 2537 1585 2592 illa
1615 2538 1709 2592 tibi
1749 2552 1851 2608 pro
1889 2538 2103 2592 viribus
2130 2536 2397 2607 suppedi-

825 2629 957 2684 tabo
981 2630 1190 2685 aﬂaiim
1229 2639 1283 2686 et
1314 2631 1590 2686 muniﬁce.
1611 2630 1805 2686 Statim
1827 2642 2008 2686 autem
2030 2645 2194 2700 supra
2218 2631 2397 2699 ignem

827 2723 1186 2792 liquefactum
1225 2733 1310 2780 est
1350 2724 1655 2794 plumbum.
1691 2732 1748 2778 et
1779 2727 1954 2779 lectus
1997 2723 2101 2777 fuit
2147 2722 2399 2792 proposi-

2498 1994 2562 2046 τὰ
2602 1990 2752 2046 δεινά
2779 1993 3056 2060 στήσεται.
3095 1991 3174 2042 Τὰ
3210 1989 3309 2058 μὲν
3342 1991 3451 2057 γὰρ
3487 1986 3830 2056 προλαϐόντα
3892 1982 4069 2052 μικρά

2491 2099 2612 2136 τινα
2641 2077 2731 2152 ἦν,
2755 2083 2848 2134 καὶ
2870 2074 2958 2132 οἷα
2989 2083 3120 2150 ἡμῖν
3148 2082 3177 2132 ό
3211 2080 3400 2148 καιρὸς
3433 2078 3737 2146 ἐσχεδίασε,
3785 2077 3851 2127 τὰ
3895 2074 3940 2127 δ’
3974 2077 4061 2126 εν-

2493 2174 2684 2228 τεῦθεν
2715 2176 2749 2244 ἡ
2787 2173 2950 2243 πεϊρά
2985 2189 3068 2225 σοι
3123 2171 3311 2235 δείξει,
3359 2170 3455 2223 καὶ
3506 2171 3631 2240 είσῃ
3685 2168 3873 2220 λοιπὸν
3903 2167 4066 2219 ὁποία

2495 2268 2640 2323 κατά
2694 2267 2803 2320 τῶν
2851 2265 3092 2318 ἀπειθῶν
3137 2265 3206 2318 τὰ
3244 2262 3520 2333 ἐπίχειρα.
3561 2264 3670 2315 Καὶ
3731 2264 3760 2314 ὁ
3813 2259 4066 2330 μάρτυς,

2495 2357 2661 2427 Εὖγε,
2687 2354 2873 2413 εἶπενο
2900 2357 3038 2410 ἀλλὰ
3080 2357 3155 2425 μὴ
3182 2355 3456 2426 φθονήσῃς
3486 2355 3621 2424 ἡμίν
3648 2352 3758 2406 τῶν
3787 2353 4068 2421 μεγίστων

2493 2451 2700 2506 τούτων
2730 2449 2931 2503 καλῶν.
2972 2449 3048 2501 Οὐ
3078 2447 3350 2518 φθονήσω,
3391 2447 3519 2517 ἔφη,
3568 2445 3706 2498 ἀλλά
3741 2443 3942 2514 μᾶλλόν
3986 2459 4069 2496 σοι

2497 2547 2592 2600 καὶ
2617 2545 2686 2598 τά
2725 2542 2924 2596 δυνατά
2952 2539 3436 2610 επιδαψιλεύσομαι
3463 2555 3478 2571 ·
3538 2537 3634 2592 καὶ
3692 2537 3892 2590 αὐτίκα
3922 2535 4074 2603 μόλι-

2498 2635 2620 2697 ϐδος
2679 2634 2936 2703 ὑπεράνω
3016 2631 3187 2702 πυρὸς
3255 2632 3517 2701 δτὴκετο,
3572 2633 3668 2684 καὶ
3741 2626 4062 2698 προετίθετο

2501 2726 2681 2799 κλίνη,
2720 2725 2815 2779 καὶ
2857 2725 3068 2795 πρηνὴς
3101 2724 3187 2779 ἐπ’
3208 2724 3380 2793 αὐτῆς
3408 2725 3437 2777 ὁ
3466 2723 3674 2784 δίκαιος
3703 2721 4071 2776 κατετείνετο.

829 2826 940 2881 tus,
972 2826 1029 2872 et
1071 2831 1236 2886 super
1275 2832 1402 2871 eum
1459 2831 1668 2885 pronus
1719 2827 1982 2872 extensus
2038 2815 2144 2870 fuit
2193 2817 2399 2886 justus.
2502 2821 2511 2874 l

2393 2852 2399 2870 .
2502 2819 2616 2874 Kal.
2647 2819 2841 2871 σκόπει
2884 2834 2974 2887 μοι
3003 2816 3099 2870 τοῦ
3133 2816 3402 2887 ἡγεμόνος
3438 2812 3676 2868 ενταῦθα
3725 2813 3788 2866 τὸ
3832 2811 4075 2881 κακοῦρ-

828 2906 930 2961 llic
958 2921 1086 2961 vero
1121 2908 1254 2962 mihi
1288 2908 1600 2971 considera,
1644 2923 1807 2978 quam
1851 2916 2000 2963 esset
2039 2922 2243 2977 praeses
2300 2907 2404 2962 lm-
2501 2921 2510 2935 ·

2390 2936 2404 2946 -
2501 2921 2601 2973 γον
2624 2905 2718 2958 καὶ
2750 2903 2986 2956 σκολιόν.
3018 2903 3226 2974 Γόητας
3262 2901 3414 2973 αὐτῷ
3454 2919 3614 2965 τινας
3676 2901 3883 2973 μεταξῦ
3927 2917 4072 2969 παρα

829 2999 1038 3067 probus
1093 3007 1149 3052 et
1214 3013 1528 3069 perversus.
1591 2997 1814 3052 Interim
1873 3001 1939 3052 ad
1996 3013 2135 3053 eum
2178 2998 2403 3052 adducit
2505 3015 2511 3044 ι

2394 3008 2403 3051 t
2505 2994 2634 3058 ἀγει
2689 2994 2783 3045 καὶ
2815 2992 3097 3056 πιθανοὺς,
3157 2992 3500 3061 πειρώμενος
3556 2989 3770 3044 εκλύειν
3799 2990 3891 3043 τὸν
3922 2991 4076 3042 τόνον

832 3086 1102 3155 quosdam
1128 3088 1581 3156 praestigiatores,
1609 3096 1664 3140 et
1711 3086 1804 3155 qui
1836 3096 1996 3141 erant
2027 3088 2139 3156 apti
2175 3089 2239 3140 ad
2280 3101 2403 3157 per-
2505 3104 2514 3121 -

2394 3116 2403 3126 -
2505 3085 2581 3154 τῷ
2610 3085 2873 3155 μάρτυρι.
2907 3083 2975 3135 Οἴ
3003 3099 3066 3151 γε
3096 3082 3159 3153 δὴ
3191 3085 3287 3136 καὶ
3337 3082 3506 3153 ἡδέως
3539 3082 3800 3151 ὡμίλουν,
3828 3081 3924 3134 καὶ
3951 3097 4076 3132 συν-

830 3177 1194 3241 suadendum,
1248 3187 1464 3231 tentans
1503 3178 1762 3246 martyris
1808 3176 2115 3231 dissolvere
2145 3186 2204 3231 et
2237 3192 2401 3231 ener-
2426 3212 2471 3270 ε
2504 3194 2512 3227 t

2391 3206 2471 3270 »ε
2504 3174 2791 3228 εϐούλευον
2825 3173 3066 3228 ἐνδοῦναι
3108 3175 3205 3242 τῆς
3247 3173 3446 3242 πολλῆς
3498 3173 3702 3241 ταύτης
3745 3173 4073 3230 ἐνστάσεως,

831 3283 961 3322 vare
998 3266 1366 3321 constantiam
1401 3284 1416 3320 :
1454 3266 1549 3337 qui
1601 3266 1824 3336 quidem
1881 3281 2005 3320 cum
2061 3281 2129 3321 eo
2156 3268 2400 3336 jucunde
2436 3263 2471 3270 ⁷
2507 3284 2513 3319 :

2396 3288 2400 3318 ι
2436 3263 2471 3270 ⁷
2507 3270 2600 3320 καὶ
2629 3267 2729 3335 ὀψέ
2757 3283 2888 3318 ποτε
2920 3265 3212 3333 πεισθῆναι
3243 3264 3324 3334 τῷ
3386 3266 3634 3334 ἡγεμόνι.
3667 3263 3824 3317 Οὕτω
3850 3266 3959 3334 γὰρ
3984 3264 4078 3315 καὶ

829 3358 1322 3425 colloquebautur.
1357 3366 1412 3408 et
1439 3356 1823 3419 consulebant,
1861 3366 1922 3409 ut
1962 3356 2172 3424 aliquid
2211 3357 2402 3411 remit-
2503 3370 2511 3386 ·

2395 3386 2402 3396 -
2503 3354 2595 3405 τὸν
2617 3353 2965 3421 ιπικείμενόν
3000 3369 3082 3405 σοι
3109 3349 3639 3424 διαδράσεις,’φασὶ,
3685 3353 3932 3405 κίνδυνον
3988 3354 4077 3403 καὶ

837 3457 976 3502 teret
1004 3449 1071 3503 de
1107 3448 1209 3501 liac
1237 3447 1406 3501 nimia
1436 3446 1757 3516 pertinacia,
1805 3455 1862 3500 et
1912 3448 2138 3503 tandem
2181 3457 2404 3517 pareret
2507 3459 2519 3496 ε

2395 3458 2404 3502 t
2507 3441 2734 3508 ἀγαθῶν
2770 3443 3026 3512 μεγάλων
3073 3443 3352 3511 μεθέξεις·
3408 3442 3782 3510 συγγνώσεται
3831 3442 3889 3493 δὲ
3919 3441 4017 3492 καὶ
4052 3442 4077 3491 ό

835 3537 1054 3608 praesidi
1089 3537 1218 3591 :Sic
1244 3536 1411 3601 enim,
1447 3537 1733 3605 inquiunt,
1763 3544 1819 3589 et
1853 3536 2148 3591 imminens
2174 3536 2404 3607 elIugies
2507 3537 2517 3581 4

2391 3552 2404 3592 ι
2507 3531 2640 3594 Θεός
2679 3549 2774 3586 σου
2815 3534 3033 3596 πάντως
3059 3537 3126 3603 τῇ
3166 3524 3423 3603 ἀσθενείᾳ
3452 3535 3548 3603 τῆς
3577 3533 3814 3600 φύσεως,
3862 3533 3957 3586 καὶ
3986 3533 4073 3584 οὐ.

833 3630 1164 3699 periculum,
1197 3637 1254 3684 et
1283 3640 1607 3698 magnorum
1635 3628 1748 3681 eris
1781 3626 2048 3680 bonorum
2086 3629 2358 3697 particeps
2385 3645 2400 3682 :
2505 3628 2515 3677 ἕ

2389 3645 2400 3682 :
2505 3627 2594 3679 δὲν
2618 3627 2712 3679 ἐπὶ
2738 3625 2899 3678 τοῦτο
2933 3626 3254 3694 χαλεπανεῖ,
3279 3624 3658 3695 φιλάνθρωπος
3685 3622 3760 3676 Gn
3798 3626 3872 3675 τὰ
3899 3622 4071 3674 πολλὰ

833 3723 1082 3792 ignoscet
1133 3731 1318 3776 autem
1371 3719 1598 3774 omnino
1657 3719 1795 3773 Deus
1853 3727 1983 3773 tuus
2034 3717 2402 3774 imbecillitati
2507 3735 2515 3770 ἑ

1657 3719 1795 3773 Deus
1853 3727 1983 3773 tuus
2034 3717 2402 3774 imbecillitati
2507 3717 2606 3770 καὶ
2634 3717 2894 3788 χρηστὸς,
2924 3716 2999 3780 ὡς
3023 3718 3317 3786 ἀκούομεν.

836 3823 1046 3868 naturae
1085 3821 1141 3867 et
1191 3811 1297 3867 hoc
1355 3811 1578 3867 omnino
1627 3826 1736 3865 non
1780 3825 1924 3880 agre
1969 3809 2133 3876 leret,
2174 3826 2299 3866 cum
2356 3809 2434 3866 sit
2473 3824 2667 3880 magna
2722 3825 2790 3865 ex
2843 3820 3000 3880 parte
3055 3809 3328 3880 benignus
3369 3820 3427 3866 et
3480 3810 3742 3877 clemens,
3815 3822 3876 3866 ut
3919 3811 4078 3866 audi-

839 3920 1040 3962 νιιιιιιε.

906 3994 1044 4049 VIII.
1082 3994 1289 4063 Martyr
1320 4008 1451 4049 vero
1485 4009 1499 4046 :
1534 3993 1764 4062 Propter
1799 3991 1904 4046 boc
1936 3991 2154 4061 ipsum,
2197 3993 2398 4060 inquit,

835 4086 996 4141 stabo
1026 4085 1263 4152 fortiter,
1303 4095 1358 4140 et
1401 4101 1500 4156 pro
1542 4085 1659 4153 ipso
1690 4093 1965 4139 tormenta
2000 4085 2306 4138 sustinebo.
2341 4083 2398 4139 Si

830 4180 989 4231 enim
1031 4192 1152 4241 vos,
1183 4192 1306 4230 cum
1343 4177 1544 4230 auditis
1581 4191 1859 4244 nunquam
1891 4174 2255 4247 terminanda,
2278 4188 2399 4244 quae

843 4286 940 4324 vos
971 4277 1212 4333 manent,
1244 4268 1532 4338 supplicia,
1589 4281 1938 4336 nequaquam
1985 4267 2395 4330 convertimini,

2577 3990 2659 4044 H'.
2703 3991 2808 4042 Καὶ
2837 3992 2863 4042 ό
2901 3993 3142 4060 μάρτυς,
3173 3990 3252 4043 Δι’
3271 3991 3403 4044 αὐτὸ
3434 3991 3533 4061 μὲν
3559 3991 3653 4046 οὖν
3679 3992 3874 4058 τοῦτο,
3907 3998 4074 4063 φησὶν

2505 4079 2763 4148 γενναίως
2799 4079 3067 4148 στήσομαι
3101 4079 3301 4148 μᾶλλον
3321 4117 3336 4139 ,
3369 4083 3460 4132 καὶ
3490 4081 3582 4142 τὰς
3615 4081 3756 4151 ὑπὲρ
3785 4082 3948 4134 αὐτοῦ
3979 4083 4075 4152 βα-

2506 4172 2694 4233 σάνους
2736 4171 3012 4240 ὑπομενῶ.
3051 4170 3114 4224 Ei
3155 4173 3264 4240 γὰρ
3305 4173 3459 4224 αὐτοὶ
3497 4174 3746 4234 κολάσεις
3786 4175 4074 4240 ἀτελευτὴ-

2503 4279 2629 4324 τους
2656 4259 2946 4324 ἀκούοντες
2970 4263 3366 4332 περιμενούσας
3395 4265 3558 4330 ὑμᾶς,
3583 4262 3810 4332 οὒμενον
3830 4266 4078 4336 οὐδαμῶς

836 4376 1021 4430 neque
1055 4360 1340 4415 declinatis
1368 4368 1618 4428 apertum
1667 4361 1862 4412 anime
1908 4358 2212 4426 periculum
2250 4376 2264 4412 :
2300 4373 2400 4412 cur
2432 4337 2518 4402 Di

2396 4374 2400 4386 ι
2432 4337 2475 4393 D
2503 4350 2931 4420 λπιστριφεσθε,
2965 4351 3083 4404 οὐδὲ
3114 4352 3204 4405 τὸν
3240 4357 3487 4422 προφλνῆ
3527 4354 3771 4407 κίνδυνον
3805 4358 4078 4410 ἐκκλίνετε

846 4467 953 4504 non
993 4466 1094 4520 ego
1121 4452 1240 4514 hos,
1269 4452 1363 4518 qui
1394 4459 1525 4504 sunt
1551 4451 1616 4504 ad
1643 4459 1877 4520 tempus,
1909 4464 2105 4519 magno
2141 4459 2197 4503 et
2240 4463 2405 4517 gene-

847 4558 974 4596 roso
1003 4543 1185 4594 animo
1208 4540 1564 4594 sustinuerim
1585 4541 1898 4606 cruciatus,
1923 4541 2016 4608 qui
2041 4554 2268 4608 regnum
2296 4552 2408 4592 cce-

848 4635 1026 4686 lorum
1102 4632 1307 4685 habent
1379 4631 1904 4694 remunerationem,
1967 4639 2023 4685 et
2082 4632 2246 4696 bona,
2286 4644 2408 4700 quae

847 4733 980 4777 sunt
1004 4734 1127 4792 post
1162 4724 1323 4776 linem
1359 4737 1460 4775 nos
1484 4731 1800 4790 exceptura,
1825 4729 1878 4775 et
1908 4731 2171 4791 perpetuo
2199 4721 2409 4774 futura?

851 4817 953 4870 Sed
992 4815 1253 4884 quamdiu
1293 4827 1389 4866 vos
1426 4813 1661 4882 maligne
1699 4822 1877 4867 vestra
1907 4823 2102 4882 sponte
2132 4827 2227 4867 vos
2255 4827 2408 4882 gere-

850 4907 942 4968 tis,
970 4915 1160 4960 contra
1193 4913 1300 4959 tam
1327 4904 1668 4958 inanilestam
1687 4903 2082 4958 contendentes
2101 4902 2410 4957 veritatem?

851 5002 990 5052 adeo
1038 5007 1097 5051 ut
1137 4997 1219 5050 vel
1269 4997 1372 5050 hoc
1421 4995 1703 5065 plumbum
1749 5005 1943 5050 vestrae
2001 4995 2220 5049 malitia:
2273 4995 2409 5048 ferat

855 5090 1332 5153 testimoniumru
1358 5088 1558 5141 multos
1609 5086 1789 5141 tradat
1849 5086 1982 5158 igni,
2012 5087 2103 5155 qui
2146 5101 2254 5139 non
2308 5101 2407 5154 po-

858 5191 961 5235 test
999 5180 1294 5250 exstingui,
1333 5189 1394 5232 ut
1435 5179 1776 5248 impietatem
1817 5187 2056 5233 vestram
2091 5178 2410 5232 iiumedica-
2447 5173 2456 5178 ’

857 5273 1018 5324 liilem
1062 5272 1249 5340 puniat
1277 5272 1333 5325 in
1363 5268 1673 5324 aiternum?
1708 5271 1885 5338 Atque
1925 5268 2015 5323 ille
2044 5268 2263 5338 quidem
2295 5269 2411 5323 haec

856 5365 1094 5427 diccbat,
1155 5363 1339 5416 divina
1408 5363 1528 5432 ejus
1590 5375 1688 5413 cur
1763 5359 2024 5428 implente
2082 5360 2279 5428 gratia.
2330 5359 2411 5414 llli

855 5471 1038 5508 autem
1079 5455 1227 5524 (vilia
1254 5455 1396 5508 enim
1427 5460 1575 5513 sunt,
1608 5452 1686 5505 ait
1712 5450 1933 5504 divinus
1961 5449 2063 5504 Job
2086 5449 2129 5514 ‘,
2161 5450 2276 5504 veri
2306 5450 2410 5504 viri

856 5549 1040 5616 verba)
1073 5563 1200 5601 eum
1231 5547 1421 5616 nugari
1459 5555 1711 5614 putantes
1742 5555 1798 5598 et
1824 5544 1974 5612 loqui
2014 5552 2219 5609 temere
2240 5581 2256 5608 ,
2302 5542 2414 5597 {er-

866 5656 993 5694 vens
1017 5640 1197 5692 adhuc
1222 5641 1504 5708 plumbum
1558 5648 1610 5690 et
1643 5635 1799 5690 valde
1832 5636 2073 5690 candens
2119 5633 2174 5689 in
2206 5635 2412 5690 nudum

922 5816 945 5843 ‘
987 5817 1082 5868 Job
1122 5834 1144 5868 τ
1179 5832 1202 5866 3t
1258 5817 1340 5869 'li.

2504 4444 2605 4512 τῆς
2633 4444 2831 4513 ψυχῆς.
2861 4444 2914 4496 τί
2944 4443 3130 4498 παθὼν
3155 4442 3266 4513 ἑγὼ
3293 4452 3370 4515 μὴ
3401 4447 3660 4513 γενναίως
3689 4447 3786 4508 τὰς
3817 4451 4078 4516 προσχαί-

2509 4552 2636 4608 ρους
2663 4535 2865 4597 ταύτας
2896 4537 3254 4606 ὑπομείναιμι
3286 4537 3576 4606 τιμωρίας,
3609 4536 3892 4606 βασιλείαν
3921 4539 4078 4607 οὐρα-

2505 4628 2611 4681 νῶν
2643 4628 2874 4697 ἐχούσας
2907 4627 3284 4697 ἀντιμισθίαν,
3319 4629 3415 4680 καὶ
3448 4626 3624 4694 ἁγαθά
3657 4629 3724 4680 τά
3761 4628 3902 4697 μετά
3932 4628 4078 4691 τέλος

2507 4721 2652 4790 ἡμᾶς
2713 4719 3040 4791 ἐκδεξάμενα
3079 4722 3172 4774 καὶ
3208 4720 3294 4772 διὰ
3353 4721 3549 4782 παντὸς
3587 4719 3890 4789 θάλψοντας
3926 4721 4078 4773 Ἀλλὰ

2511 4815 2674 4882 μέχρι
2700 4813 2843 4876 τίνος
2873 4813 3252 4866 εθελοκακεττε
3272 4851 3287 4876 ,
3321 4813 3455 4883 πρὸς
3488 4813 3630 4865 οὕτω
3661 4816 3906 4883 φανεράν
3935 4813 4076 4882 φιλο.

2507 4904 2812 4969 νεικοῦντες
2860 4904 3155 4973 ἀλήθειαν,
3205 4904 3293 4957 ινα
3340 4905 3434 4957 καὶ
3489 4905 3738 4972 μόλιϐδος
3783 4898 3937 4968 οὗτος
3985 4911 4078 4975 τῆς

2510 4995 2662 5065 ὑμῶν
2690 4997 2888 5059 κακίας
2920 4998 3219 5067 μαρτύριον
3250 4992 3318 5070 ᾗ,
3351 4998 3446 5051 κει
3476 4997 3702 5061 πολλοὺς
3731 4999 3809 5069 τῷ
3836 4998 4078 5067 ἀσϐέστῳ

2509 5087 2740 5157 παραδῷ
2772 5088 2936 5158 πυρὶ,
2969 5089 3186 5142 ἀνίατον
3215 5089 3473 5143 ἀσέϐειαν
3503 5090 3786 5154 κολάζοντι
3813 5092 4079 5158 αἱωνίως,

2522 5179 2579 5233 '0
2616 5179 2716 5248 μιν
2745 5175 2836 5232 οὖν
2863 5179 3090 5234 τοιαῦτα
3120 5180 3295 5249 ἔλεγε,
3328 5181 3477 5242 θείας
3514 5181 3734 5250 χάριτος
3769 5183 4077 5253 πληρούσης

2510 5270 2676 5324 αὑτοῦ
2712 5270 2808 5341 τὴν
2826 5271 3072 5340 καρδίαν.
3093 5273 3154 5325 0i
3169 5274 3246 5337 δὲ,
3267 5291 3289 5323 ε
3313 5273 3495 5326 Φαῦλα
3515 5274 3642 5343 γὰρ,
3669 5291 3689 5325 ι
3722 5275 3886 5345 φησιν
3901 5277 3930 5327 ὁ
3947 5275 4078 5338 θεῖος

2523 5361 2663 5427 Ἰὼϐ,
2699 5381 2717 5416 ι
2747 5364 2936 5435 ἀνδρὸς
2961 5365 3219 5434 ἀληθινοῦ
3247 5370 3489 5436 ῥήματα,
3525 5387 3542 5419 i
3573 5368 3759 5438 ληρεῖν
3786 5371 3950 5422 αὑτὸν
3975 5375 4077 5437 οἰη-

2514 5455 2697 5518 θέντες
2725 5457 2820 5508 καὶ
2868 5459 2990 5526 είκῆ
3019 5456 3380 5524 φθέγγεσθαι.
3407 5458 3597 5521 ζέοντα
3621 5461 3710 5512 τὸν
3735 5461 3984 5528 μόλιϐδον
4008 5462 4077 5513 ἔτι

2515 5546 2609 5599 καὶ
2642 5545 2900 5616 διάπυρον
2927 5548 3162 5618 ἰσχυρῶς
3197 5551 3288 5601 ἐπὶ
3321 5552 3544 5618 γυμνῶν
3571 5551 3677 5603 τῶν
3703 5553 3888 5605 νώτων
3919 5554 4077 5604 αὑτοῦ

2518 5636 2862 5706 καταχέουσι.
2897 5639 3006 5690 Καὶ
3037 5641 3063 5692 ὁ
3099 5641 3340 5709 μόλιϐδος
3390 5642 3719 5705 ἐπιπολαίως
3754 5643 3894 5697 αὐτὰ
3928 5645 4077 5696 δίεισι
