4260 6430
232 382 337 446 517

1054 377 1517 440 MARTYRIUM
1561 376 1949 451 SuTllYllSl
1994 380 2086 439 ET
2123 378 2535 439 SOCIORUM.

3393 370 3492 435 518

235 498 332 548 καὶ
358 493 577 561 κούφως
600 492 661 545 τὸ
689 491 950 561 παράπαν
976 489 1130 543 οὐδὲν
1156 489 1559 558 λυμηνάμενος.
1590 488 1828 544 Ἐκεῖθ.ν
1858 500 1877 555 1

1862 500 1899 555 Α
1930 493 2050 561 ejus
2093 501 2309 561 tergum
2341 490 2655 545 eﬂ‘undunt.
2686 483 2974 543 Plulnbum
3004 502 3140 544 vero
3180 489 3236 543 in
3264 489 3501 559 superﬁ-

233 587 293 638 δέ
322 587 518 655 ἀθρόον
552 584 800 653 καθάπερ
830 600 882 635 τι
911 581 1089 650 ῥεῦμα
1123 581 1465 650 μετενεχθεὶς
1511 581 1698 650 (ἔργον
1728 583 1823 650 τῆς

237 676 338 741 σῆς
374 674 550 736 τοῦτο,
588 672 815 739 Χριστὲ,
839 670 1171 739 δυνάμεως),
1210 668 1436 731 πολλοὺς
1472 672 1687 739 ἀναιρεί
1718 670 1825 721 τῶν

234 766 501 818 ἀπίστων.
538 766 600 817 '0
649 767 749 834 μὲν
793 763 886 816 οὖν
937 764 1148 831 μάρτυς
1197 761 1440 831 ἀϐλαστὴς
1488 762 1587 830 τῆς
1636 760 1824 829 κλίνης

234 857 562 910 ἀνίσταται·
596 857 659 909 τὸ
691 855 877 925 θαῦμα
909 855 966 908 δέ
1003 855 1275 925 περιδεεῖς
1310 855 1515 923 σφόδρα
1550 855 1677 914 τοὺς
1712 869 1824 907 πα·

237 949 430 1019 ρόντας
464 950 782 1020 ἐργάζεται,
818 949 959 1003 πάνυ
992 948 1050 1002 δὲ
1082 949 1179 1001 καὶ
1211 950 1376 1002 αὐτὸν
1403 948 1701 1019 ἐκπλήττει
1732 948 1822 1000 τὸν

236 1044 507 1113 ἡγεμόνα.

307 1318 386 1369 Θ¹.
426 1316 569 1386 Πλὴν
595 1316 736 1369 ἀλλὰ
762 1314 881 1367 δέον
908 1316 1166 1377 συνεῖναι,
1198 1314 1295 1367 καὶ
1322 1314 1403 1377 τίς
1429 1314 1457 1364 ὁ
1484 1313 1704 1366 τοιαῦτα
1734 1313 1823 1365 δυ-

235 1411 395 1471 νατὸς
432 1412 603 1461 ποιεῖν
634 1405 955 1473 ἐπιγνῶναι,
986 1408 1011 1457 ὁ
1044 1407 1101 1458 δὲ
1169 1406 1364 1474 τυφλὸς
1400 1402 1467 1475 ἦν
1496 1407 1819 1476 αὐτόχρημα

236 1498 541 1559 ἐθελούσιος
563 1513 575 1525 ο
610 1514 627 1545 ι
662 1496 841 1548 Εἶδετε
864 1498 971 1563 γὰρ
998 1496 1311 1557 πλεονάκις,
1346 1514 1363 1546 ι
1395 1494 1621 1555 Ἡσαΐας
1648 1497 1781 1565 φησι
1803 1537 1817 1558 ,

242 1610 262 1643 ε
300 1591 394 1644 καὶ
416 1590 515 1642 οὐκ
540 1589 898 1658 ἐφολὰξασθε.
931 1588 1276 1656 ’Δνεῳγμένα
1300 1590 1370 1640 τὰ
1392 1581 1505 1640 ὦτα
1529 1588 1702 1656 ὐμιὶν,
1726 1588 1821 1641 καὶ

235 1686 339 1736 οὐκ
367 1681 725 1750 εἰσηκούσατε
746 1697 759 1711 ο
794 1699 813 1731 ι
844 1682 938 1733 καὶ
962 1680 1230 1749 ὠργίζετο
1256 1684 1396 1733 κατὰ
1418 1680 1513 1733 τοῦ
1544 1679 1817 1748 μάρτυρος

239 1774 473 1843 μᾶλλον,
510 1773 606 1824 καὶ
639 1772 811 1839 γόητα
832 1810 845 1833 ,
885 1772 974 1823 καὶ
1014 1773 1332 1840 φαρμακὸν,
1368 1770 1465 1825 καὶ
1495 1772 1563 1823 τὰ
1596 1770 1820 1824 τοιαῦτα

238 1840 447 1919 ἐκάλει.
482 1865 711 1917 Ἔπειτα
755 1865 937 1933 μέντοι
973 1866 1065 1915 καὶ
1101 1864 1453 1933 πικροτέραις
1489 1863 1649 1916 αὐτὸν
1687 1864 1821 1915 ύπέ-
1851 1840 1895 1896 Β

238 1956 403 2012 δαλλε
438 1958 751 2026 τιμωρίαις.
794 1955 932 2009 Ἀλλ’
964 1957 1167 2018 ἐκεῖνος
1201 1955 1451 2023 διέμενεν
1481 1954 1560 2008 ἐτι
1592 1957 1689 2023 τὴν
1721 1956 1821 2007 αὐ-

236 2053 339 2119 τὴν
381 2050 602 2119 ἀνδρίαν
643 2049 1112 2115 ἐπιδεικνύμενος,
1137 2047 1232 2101 καὶ
1273 2049 1424 2117 φωνή
1469 2066 1549 2110 τις
1594 2050 1823 2118 ἠκούετο

236 2142 446 2194 ἄνωθεν
484 2140 926 2209 ὲπιθαῤῥύνουσα
964 2144 1122 2192 πλέον
1158 2142 1246 2192 τὸν
1281 2141 1521 2211 ἀθλητὴν
1544 2182 1558 2204 ,
1596 2143 1687 2194 καὶ
1723 2142 1821 2204 τὰς

239 2234 341 2302 μέν
379 2234 487 2285 τῶν
529 2233 740 2286 ἁσεῦὦν
776 2232 954 2302 ψυχὰς
995 2233 1318 2303 θορυϐοῦσι,
1358 2238 1451 2286 καὶ
1489 2236 1569 2296 είς
1607 2236 1824 2303 ἀμηχα-

237 2332 360 2379 νίαν
392 2326 771 2396 ἐμϐάλλουσα,
807 2326 932 2389 τοὺς
969 2328 1220 2389 εύσεὸεῖς
1253 2328 1310 2379 δὲ
1344 2330 1409 2396 τῇ
1445 2326 1546 2395 τῆς
1582 2328 1820 2390 πίστεως

239 2424 419 2491 πέτρᾳ
462 2420 921 2489 ἐπιστηρίζουσα,
968 2422 1062 2471 καὶ
1102 2420 1324 2471 πλείονα
1368 2422 1466 2489 τὴν
1512 2418 1821 2488 προθυμίαν

238 2514 424 2573 αὐτοῖς
459 2512 686 2563 ἐνιεῑσα.
720 2511 795 2563 Οὐ
830 2511 1012 2578 φέρων
1042 2512 1334 2577 τοιγαροῦν
1368 2512 1465 2579 τὴν
1498 2512 1762 2580 αἰσχύνην
1794 2512 1824 2563 ὁ

237 2602 465 2674 ἡγεμὼν
487 2642 503 2667 ,
533 2604 624 2656 τὸν
653 2603 805 2670 ἅγιον
833 2604 1032 2655 αὐτίκα
1059 2606 1124 2672 τῇ
1164 2604 1376 2673 φυλακῇ
1417 2604 1777 2673 παραπέμπει
1803 2643 1819 2669 ,

235 2697 417 2765 δεσμὰ
446 2695 718 2765 περιθεὶς,
748 2695 939 2765 χρείαν
968 2689 1107 2747 εἶναι
1141 2694 1384 2758 πλείονος
1412 2695 1581 2749 εἰπὼν
1608 2696 1825 2749 διασκέ-

235 2789 386 2859 ψεως
413 2791 507 2841 καὶ
532 2791 860 2858 καινοτέρων
883 2786 1161 2856 τιμωριῶν
1187 2788 1329 2841 κατά
1351 2787 1445 2839 τοῦ
1470 2788 1821 2858 τερατοποιοῦ

237 2880 397 2933 τοῦδε
430 2884 524 2933 καὶ
550 2881 723 2933 δεινοῦ
750 2882 850 2947 τὴν
876 2880 1156 2934 ἀπόνοιαν.
1190 2881 1246 2931 '0
1270 2880 1327 2931 δὲ
1352 2881 1682 2949 θερμότερον
1706 2882 1825 2931 τότε

238 2973 587 3039 προσέπιπτε
618 2970 693 3041 τῷ
724 2973 970 3040 Δεσπότῃ
990 3008 1004 3033 ,
1038 2974 1130 3023 καὶ
1169 2972 1392 3039 μείζονα
1422 2975 1521 3042 τὴν
1554 2973 1689 3042 πρὸς
1724 2974 1822 3027 αὐ-

237 3066 334 3115 τὸν
378 3063 649 3115 οίκείωσιν
690 3062 967 3131 ἐπεζήτει,
1017 3062 1401 3132 υίοθετηθήναί
1441 3080 1501 3115 τε
1545 3064 1694 3134 αύτῷ
1733 3066 1822 3118 διὰ

1929 584 2011 637 cie
2058 593 2273 637 tantum
2320 593 2374 636 et
2418 582 2616 637 leviter
2643 580 2697 635 id
2730 581 3059 649 attingebat,
3104 580 3245 634 nihil
3273 582 3499 634 omniuo

1926 690 2052 729 eum
2113 675 2430 729 oﬂ‘endens.
2494 674 2651 728 Illinc
2707 682 2893 726 autem
2953 681 3179 742 repente
3233 681 3496 741 tanquam

1928 764 2195 819 ﬂuentum
2250 765 2473 834 aliquod
2536 763 2818 834 proﬂuens
2892 764 3057 833 (opus
3117 774 3203 819 est
3261 763 3411 825 hoc,
3467 779 3501 815 ο

1926 858 2166 925 Christe,
2213 871 2320 915 tua:
2382 860 2625 925 virtutis)
2661 860 2933 915 interimit
2965 859 3169 914 multos
3202 875 3269 913 ex
3315 859 3499 913 incre-

1925 954 2092 1009 dulis.
2130 959 2307 1025 Atque
2333 964 2541 1026 martyr
2568 955 2790 1024 quidem
2821 972 2851 1011 e
2880 957 3021 1012 lecto
3050 956 3222 1025 surgit
3255 956 3456 1009 illaesus
3482 973 3494 1007 :

1926 1047 2257 1100 miraculum
2287 1062 2421 1101 vero
2448 1047 2656 1117 ingenti
2688 1048 2885 1101 timore
2919 1047 3087 1103 allicit
3111 1064 3207 1103 eos
3236 1047 3332 1117 qui
3371 1047 3498 1100 ade-

1925 1150 2093 1203 rant;
2136 1141 2270 1209 quin
2318 1140 2485 1194 etiam
2542 1139 2720 1208 ipsum
2774 1138 3062 1208 prasidem
3111 1138 3263 1193 valde
3309 1140 3495 1193 obstu-

1927 1230 2153 1299 pelacit.

1994 1322 2085 1376 lx.
2128 1324 2395 1377 Caeterum
2430 1340 2553 1383 cum
2602 1333 2879 1393 oporteret
2909 1322 3217 1391 intelligere
3241 1331 3296 1377 et
3324 1336 3493 1391 agno—

1924 1428 2078 1467 scere
2116 1414 2365 1482 quisnam
2416 1424 2582 1478 esset,
2630 1415 2721 1483 qui
2773 1424 2954 1482 posset
2984 1414 3098 1467 haec
3149 1411 3350 1476 facere,
3382 1413 3501 1466 erat

1924 1504 2017 1558 ille
2056 1521 2152 1558 sua
2209 1514 2403 1573 sponte
2462 1520 2589 1559 vere
2625 1504 3093 1559 caicuszYidistis
3138 1503 3283 1556 enim
3335 1516 3497 1569 sape.

1923 1597 2100 1665 inquit
2176 1598 2360 1663 lsaias,
2413 1605 2467 1651 et
2512 1612 2621 1651 non
2669 1594 3033 1659 custodiistis;
3088 1603 3289 1662 aperte
3340 1607 3500 1645 aures

1921 1700 2117 1743 vestrae
2150 1729 2161 1751 ,
2200 1696 2257 1742 et
2297 1702 2403 1740 non
2466 1687 2749 1742 audivistis
2770 1688 2811 1740 '.
2865 1686 2931 1740 Et
2988 1685 3159 1755 magis
3203 1684 3374 1740 iratus
3400 1681 3502 1736 fuit

1923 1782 2171 1851 martyri,
2200 1791 2253 1833 et
2285 1796 2410 1833 eum
2461 1780 2681 1834 vocavit
2732 1779 3180 1849 praisligiatorem
3209 1787 3264 1830 et
3296 1776 3499 1831 veneti—

1925 1888 2071 1938 cum,
2106 1883 2160 1927 et
2206 1889 2326 1941 quae
2376 1882 2505 1927 sunt
2550 1870 3125 1943 bujusmodi;deinde
3172 1871 3335 1923 etiam
3368 1884 3493 1922 eum

1925 1965 2301 2018 acerbioribus
2328 1964 2508 2019 aﬂ‘ecit
2542 1963 2847 2033 suppliciis.
2902 1962 3007 2017 Sed
3055 1962 3149 2016 ille
3197 1961 3497 2031 permansit

1924 2070 2259 2111 conservans
2288 2056 2467 2110 adhuc
2499 2057 2749 2110 eamdem
2791 2054 2959 2109 animi
3010 2053 3413 2115 fortitudinem,
3446 2062 3499 2103 et

1925 2162 2027 2201 vox
2057 2147 2304 2215 quasdam
2335 2162 2400 2200 ex
2429 2148 2539 2199 alto
2572 2156 2654 2200 est
2682 2147 2889 2203 audita.
2924 2160 3042 2213 quae
3076 2146 3293 2199 athletae
3326 2145 3498 2211 magis

1923 2240 2157 2294 addebat
2179 2240 2420 2294 animum
2448 2256 2460 2291 :
2486 2248 2540 2292 et
2564 2238 2856 2308 impiorum
2887 2239 3107 2307 quidem
3140 2234 3498 2307 perturbabat

1924 2332 2160 2391 animos.
2215 2331 2525 2399 dubiosque
2589 2329 2851 2383 reddebat
2893 2338 2949 2383 et
2999 2328 3321 2399 perplexas:
3380 2328 3497 2395 pius

1924 2431 2106 2475 autem
2142 2419 2264 2474 ﬁdei
2299 2429 2452 2489 petra
2494 2419 2829 2483 stabiliebat,
2864 2419 3146 2487 majusque
3176 2428 3241 2472 et'
3260 2417 3498 2471 alacrius

1924 2513 2090 2568 animi
2125 2513 2366 2567 studium
2393 2512 2677 2569 aﬂerebat.
2706 2511 2825 2566 Non
2859 2510 3039 2566 lerens
3075 2511 3261 2580 itaque
3290 2525 3494 2580 przses

1923 2605 2181 2667 dedecus,
2220 2615 2469 2659 sanctum
2509 2602 2690 2657 statim
2728 2603 2969 2657 vinctum
3007 2601 3176 2655 mittit
3224 2604 3279 2656 in
3309 2613 3499 2656 custo-

1922 2698 2091 2762 diam,
2122 2698 2309 2751 dieens
2335 2712 2471 2764 Opus
2499 2711 2621 2751 esse
2644 2696 2836 2766 majori
2867 2694 3286 2757 deliberatione,
3317 2703 3374 2748 et
3396 2710 3497 2747 no-

1923 2793 2008 2845 vis
2037 2791 2325 2845 tormentis
2370 2790 2637 2844 adversus
2670 2789 2817 2843 hunc
2852 2801 3224 2843 monstrorum
3258 2786 3495 2842 eﬂ‘ectom

1924 2901 2061 2949 rem,
2098 2887 2253 2955 cujus
2294 2893 2378 2939 est
2413 2883 2642 2952 insignis
2670 2883 2907 2937 amentia
2945 2894 2998 2936 et
3047 2880 3356 2935 insolentia.
3400 2880 3498 2935 llle

1923 2991 2056 3031 vero
2088 2988 2221 3030 tunc
2251 2976 2481 3029 Domino
2512 2974 2859 3044 supplicabat
2892 2973 3297 3038 vehementius,
3324 2981 3381 3028 et
3408 2988 3498 3025 ro-

1925 3071 2088 3141 gabat
2120 3078 2180 3123 ut
2222 3069 2273 3123 ei
2328 3069 2484 3123 ﬁeret
2521 3068 2907 3137 conjunctior:
2954 3065 3390 3135 precabaturque
3435 3074 3497 3120 ut

238 3157 341 3207 τοῦ
382 3155 753 3224 βαπτίσματος
788 3155 1007 3225 ηὔχετο.
1035 3156 1154 3207 Ἐτι
1189 3157 1294 3225 γὰρ
1327 3155 1573 3224 ἀμύητος
1606 3151 1694 3226 ἦν,
1729 3160 1824 3209 καὶ
1851 3183 1877 3243 ί

1862 3183 1894 3243 ε
1926 3178 2024 3231 per
2046 3160 2373 3231 baptismum
2396 3160 2749 3229 adoptaretur
2772 3159 2825 3211 in
2853 3158 3044 3212 ﬁlium.
3072 3157 3327 3212 Nondum
3349 3159 3493 3212 enim

239 3252 312 3301 τὰ
354 3249 698 3318 Χριστιανῶν
740 3247 894 3300 οὔπω
937 3249 1337 3318 τετελεσμένος,
1383 3252 1633 3311 κακεῖνος
1674 3251 1822 3319 αὐτῷ

242 3341 577 3410 παρίσταται
612 3341 739 3409 περὶ
771 3340 941 3409 μέσας
971 3338 1190 3402 νύκτας,
1224 3342 1318 3392 καὶ
1347 3340 1511 3411 διπλῇ
1542 3340 1602 3391 τὸ
1632 3340 1824 3409 βάπτι-

243 3450 363 3501 σμα
395 3433 577 3487 δίδωσι
598 3471 613 3495 ,
650 3431 743 3484 νῦν
777 3432 877 3501 μέν
906 3430 973 3482 δι’
1002 3431 1195 3492 ὓδατος
1216 3471 1232 3495 ,
1270 3430 1387 3499 μετ’
1416 3432 1597 3498 ὀλίγον
1630 3432 1688 3483 δέ
1726 3433 1822 3486 καὶ

240 3527 335 3581 διὰ
365 3527 690 3597 μαρτυρίου,
719 3527 860 3594 ὅπερ
885 3526 951 3595 δὴ
983 3529 1075 3579 καὶ
1103 3527 1265 3590 αὐτδις
1300 3526 1651 3582 ἐϐαπτίσατο.

320 3797 378 3852 ι’.
422 3794 594 3858 Εὐθὺς
624 3789 717 3848 οὗν
746 3794 808 3847 αῐ
830 3810 889 3846 τε
923 3793 1085 3864 θύραι
1117 3797 1216 3865 τῆς
1245 3795 1490 3866 φυλακῆς
1525 3798 1822 3865 αὐτόματοι

243 3888 611 3957 διηνοίγοντο,
649 3889 743 3939 aut
775 3886 883 3939 τῶν
915 3886 1132 3955 δεσμῶν
1164 3890 1193 3939 ὸ
1228 3891 1437 3957 μάρτυς
1474 3888 1693 3952 ἐλύετο,
1730 3894 1823 3943 καὶ

241 3979 349 4046 τῆς
388 3978 635 4046 φυλακῆς
675 3976 935 4043 ἐξελθὼν,
971 3978 1105 4044 πρός
1138 3995 1259 4029 τινα
1296 3979 1488 4031 Φιλέαν
1520 3981 1689 4047 ἄνδρα
1725 3983 1823 4050 τῆς

246 4070 576 4139 Καισαρέων
625 4068 924 4138 ἐκκλησίας
981 4069 1275 4121 ἐπίσκοπον
1325 4071 1671 4135 ἀφικνεῖται,
1723 4072 1821 4136 ὃς,

240 4164 333 4215 διὰ
365 4163 489 4223 τοὺς
530 4163 593 4213 ὲκ
626 4161 732 4231 τῶν
769 4160 982 4214 ἀσεϐῶν
1016 4161 1212 4229 φόὁους
1236 4201 1249 4225 ,
1295 4162 1384 4213 τόν
1417 4177 1476 4212 τε
1511 4161 1696 4232 θρόνον
1730 4165 1823 4215 καὶ

240 4257 344 4318 τὰς
410 4254 654 4317 συνάξεις
732 4253 1161 4322 ἐκτρεπόμενος,
1212 4253 1487 4321 ἀφανίζων
1528 4250 1595 4323 ἧν
1635 4254 1822 4307 ἐαυτ“›ν

244 4350 340 4401 καὶ
393 4350 784 4418 κρυπτόμενος.
836 4346 896 4398 Ὀ
945 4348 1124 4397 τοίνυν
1172 4347 1468 4409 ἐπίσκοπος
1520 4341 1675 4409 οὗτος
1730 4348 1825 4400 καὶ

243 4443 416 4493 πάλαι
454 4438 703 4511 περὶτοῦ
739 4437 949 4507 Θύρσου
989 4440 1082 4489 καὶ
1113 4439 1210 4505 τῆς
1248 4440 1563 4508 παρρησίας
1600 4434 1665 4509 ἧς
1698 4440 1825 4491 ἐπε-

1924 3260 2044 3304 erat
2094 3250 2370 3320 mysteriis
2417 3248 2686 3309 initiatus,
2739 3257 2795 3302 et
2828 3247 3069 3301 nondum
3100 3247 3403 3312 absolutus,
3442 3246 3495 3301 in

1926 3341 2093 3395 rebus
2122 3340 2584 3395 Christianorum.
2642 3339 2738 3392 llle
2770 3353 2903 3393 vero
2933 3339 3079 3392 circa
3127 3339 3362 3393 mediam
3395 3356 3497 3393 no-

1925 3446 2067 3489 ctem
2094 3432 2162 3486 ad
2196 3448 2321 3487 eum
2351 3432 2583 3493 accedit,
2614 3439 2672 3484 et
2700 3430 3031 3501 baptismum
3061 3432 3154 3487 dat
3181 3431 3232 3487 ei
3259 3424 3497 3502 duplici-

1924 3535 2029 3589 ter,
2081 3538 2228 3578 nunc
2257 3524 2478 3593 quidem
2529 3539 2628 3592 per
2675 3539 2911 3593 aquam,
2958 3525 3121 3594 paulo
3165 3535 3289 3595 post
3317 3537 3497 3579 autem

1922 3621 2088 3676 etiam
2140 3634 2239 3689 per
2291 3619 2639 3688 martyrium,
2686 3634 2798 3689 quo
2844 3619 3067 3689 quidem
3120 3619 3237 3688 ipse
3277 3635 3498 3690 quoque

1921 3710 2027 3763 fuit
2051 3710 2379 3778 baptizatus.

1994 3797 2063 3851 Χ.
2105 3797 2297 3852 Statim
2323 3813 2453 3867 ergo
2484 3800 2665 3867 januai
2696 3799 2935 3853 carceris
2984 3814 3085 3854 sua
3121 3806 3317 3868 sponte
3362 3807 3495 3852 sunt

1910 3903 2145 3962 apertae,
2175 3900 2231 3946 et
2262 3891 2477 3946 solutus
2509 3890 2614 3944 fuit
2636 3900 2844 3960 martyr
2870 3906 2900 3943 a
2928 3891 3162 3945 vinculis
3186 3908 3201 3957 ;
3230 3901 3285 3945 et
3313 3908 3505 3961 egres-

1923 3996 2018 4035 sus
2054 3996 2084 4034 e
2116 3993 2335 4034 carcere
2384 3978 2538 4032 venit
2568 3978 2635 4032 ad
2686 3978 2977 4047 quemdam
3026 3979 3268 4032 Phileam
3314 3978 3495 4033 Caesa-

1918 4056 2197 4126 Ireensium
2222 4069 2481 4123 Ecclesiae
2510 4071 2855 4136 episcopum,
2885 4068 2978 4138 qui
3007 4078 3231 4137 propter
3257 4079 3496 4124 terrores

1924 4164 2240 4232 impiorum,
2277 4169 2331 4213 et
2361 4160 2545 4213 sedem
2595 4167 2651 4212 et
2703 4170 2880 4212 cintus
2912 4160 3210 4225 declinans,
3253 4161 3498 4231 seipsum

1924 4254 2135 4309 celabat
2166 4261 2220 4305 et
2260 4250 2591 4304 occultabat.
2618 4249 2719 4303 Hic
2747 4264 2875 4318 ergo
2903 4250 3215 4320 episcopus,
3245 4252 3339 4322 qui
3362 4254 3495 4306 olim

1923 4348 1989 4403 de
2024 4346 2256 4416 Thyrso,
2295 4343 2454 4398 etde
2497 4342 2617 4411 ejus
2664 4340 2916 4395 libertate
2963 4349 3020 4394 et
3066 4343 3232 4395 animi
3282 4348 3502 4414 magni-

1926 4440 2116 4494 tudine
2166 4434 2472 4497 audirent.
2511 4448 2753 4502 eumque
2788 4432 3183 4497 admirabatur,
3216 4443 3271 4488 et
3303 4435 3357 4489 in
3399 4437 3492 4489 ho-

242 4534 461 4597 6.~E:';aro
516 4535 609 4584 καὶ
660 4530 877 4599 ἀνδρίας
934 4530 1188 4594 ἀκούων,
1248 4532 1339 4581 καὶ
1390 4530 1478 4583 διὰ
1544 4519 1877 4599 θαύματοςῐ

1862 4519 2063 4586 Dnore
2120 4528 2374 4589 habebat,
2432 4541 2557 4581 cum
2588 4541 2713 4580 eum
2769 4535 2901 4579 tunc
2952 4526 3091 4579 vidit
3128 4527 3196 4581 ad
3242 4544 3301 4583 se
3334 4544 3494 4583 accc-

244 4628 410 4679 αὐτὶν
442 4628 535 4677 καὶ
567 4623 728 4692 τιμῆ,
766 4623 932 4689 ἄγων,
967 4621 1153 4692 ἐπειδὴ
1188 4621 1554 4691 προσελθόντα
1586 4622 1634 4674 oi
1672 4639 1821 4691 τηνι-

245 4718 423 4772 καῦτα
452 4714 619 4781 εἶδεν,
650 4717 842 4768 ἐπεσεν
869 4717 942 4776 ὡς
972 4711 1117 4784 εἶχεν
1148 4714 1305 4775 εὐθὺς
1337 4716 1471 4784 πρὸς
1499 4717 1620 4777 τοὺς
1655 4716 1821 4777 πόδας

243 4812 447 4863 αὐτοῦ’
497 4810 745 4868 κάκεῖνος
786 4805 1109 4875 προσπεσὼν
1150 4804 1349 4871 ὁμοίως
1392 4805 1471 4873 τῷ
1512 4806 1817 4873 ἐπισκόπῳ,

244 4898 498 4962 ἀνίστησί
534 4911 590 4947 τε
624 4895 822 4956 αὐτὸν,
858 4895 982 4956 καὶ,
1016 4894 1107 4961 Μὴ
1142 4891 1389 4963 ἅρπαζε,
1425 4898 1573 4962 τίμιε
1611 4896 1821 4966 Πάτερ,
1857 4963 1860 4966 ,

246 4992 424 5057 ἐλεγε,
447 4989 503 5041 τὸ
535 4988 665 5055 παρ’
689 4986 844 5056 ἡμῶν
875 4985 1236 5054 ὀφειλόμενον.
1273 4985 1642 5055 Εὐλογηθήναι
1677 4988 1784 5057 γὰρ
1807 5029 1822 5053 ,

243 5088 349 5138 οὐκ
384 5084 711 5149 εὐλογῆσαι,
746 5079 1251 5148 προσεληλύθαμεν.
1289 5079 1397 5131 Τοῦ
1435 5080 1731 5132 ἐπισκόπου
1766 5080 1823 5133 δὲ

246 5178 445 5248 χρῆναι
480 5173 677 5244 μᾶλλον
709 5172 870 5224 αὐτὸν
898 5172 1135 5238 εὐλογεῖν
1161 5171 1405 5232 εἰπόντος
1425 5213 1439 5233 ,
1466 5165 1552 5223 οἷα
1581 5170 1825 5239 δοκίμιον

246 5273 451 5339 ἀρετῆς
490 5268 669 5320 ίκανὸν
702 5267 1147 5335 παρασχόμενον,
1186 5266 1277 5316 καὶ
1310 5266 1696 5333 λαμπροτέραν
1727 5264 1823 5332 τὴν

239 5363 446 5429 ⁴στολὴν
478 5360 569 5412 τοῦ
608 5359 916 5428 Πνεύματος
952 5358 1036 5410 διὰ
1064 5359 1161 5427 τῆς
1192 5357 1297 5408 τῶν
1330 5358 1579 5426 χαλεπῶν
1616 5358 1820 5423 ὑπομο-

246 5455 347 5526 νῆς
379 5454 783 5525 ἐργασάμενον,
815 5455 843 5505 ό
874 5454 1083 5524 μάρτυς
1104 5492 1117 5514 ,
1153 5450 1229 5502 Δι’
1254 5450 1386 5502 αὐτὸ
1418 5452 1515 5518 μὲν
1545 5447 1639 5501 οὖν
1666 5449 1825 5499 τοῦτο

248 5552 346 5603 καὶ
381 5551 764 5615 παραγίγονα,
797 5546 899 5613 ἐφη
920 5587 935 5609 ,
966 5533 1232 5597 ὥστεκαὶ
1269 5544 1480 5613 ἱμάτιον
1514 5542 1823 5612 ἀφθαρσίας

249 5638 599 5703 ἐσδύσασθαι,
641 5644 733 5691 καὶ
767 5639 834 5691 δι’
895 5638 1081 5701 ὐδιτος
1139 5637 1296 5706 ἁγίου
1360 5638 1451 5689 καὶ
1505 5634 1819 5705 Πνεύματος

325 5819 347 5848 ⁸
386 5812 490 5871 lsa.
524 5832 711 5882 xum,
747 5816 799 5871 8.

1921 4623 2077 4686 dere,
2109 4620 2359 4688 protinus
2400 4618 2634 4687 procidit
2662 4618 2729 4671 ad
2762 4619 2883 4688 ejus
2914 4618 3101 4685 pedes.
3133 4620 3229 4673 Ille
3273 4635 3501 4689 quoque

1922 4728 2046 4767 cum
2083 4711 2337 4765 similiter
2391 4707 2721 4779 procidisset
2772 4707 2839 4760 ad
2878 4709 3043 4777 pedes
3072 4710 3335 4778 episcopi,
3364 4726 3489 4764 eum

1922 4804 2166 4875 erigit,et
2194 4803 2367 4866 :Noli,
2387 4803 2583 4870 inquit.
2612 4816 2644 4855 ο
2669 4800 2975 4854 venerande
2997 4801 3172 4862 Pater.
3200 4804 3445 4871 pratripet

1925 4896 2001 4959 id,
2048 4894 2192 4964 quod
2223 4909 2252 4947 a
2288 4894 2448 4947 nobis
2497 4891 2593 4945 tibi
2636 4892 2905 4957 debetur;
2956 4892 3286 4947 accessimus
3317 4897 3487 4957 enim,

1862 4982 1887 5047 ’,
1926 4997 1985 5041 ut
2025 4984 2462 5040 benedictionem
2493 4996 2938 5051 assequeremur,
2971 4996 3076 5034 non
3111 4991 3170 5035 ut
3200 4981 3490 5037 benedice-

1922 5093 2123 5133 retnus.
2172 5076 2305 5131 Cum
2356 5074 2582 5128 dixisset
2631 5084 2810 5127 autem
2865 5075 3183 5141 episcopus,
3231 5085 3495 5143 oportere

1919 5187 2043 5225 eum
2093 5168 2440 5231 benedicere,
2486 5176 2546 5221 ut
2576 5168 2668 5236 qui
2708 5165 3030 5235 praebuisset
3066 5165 3196 5219 satis
3241 5166 3488 5236 magnam

1920 5263 2142 5317 virtutis
2188 5260 2589 5330 probationem,
2638 5266 2692 5311 et
2740 5256 3168 5325 splendidiorem
3218 5256 3497 5311 effecisset

1921 5368 2126 5412 vestem
2164 5354 2386 5424 spiritus
2424 5368 2519 5419 per
2545 5366 2861 5419 asperarum
2887 5358 2941 5403 et
2966 5349 3267 5404 dillicilium
3303 5364 3493 5403 rerum.

1924 5448 2292 5509 tolerantiam,
2348 5454 2553 5514 martyr
2584 5461 2597 5497 :
2628 5444 2858 5512 Propter
2893 5443 2995 5496 hoc
3042 5444 3240 5511 ipsum,
3290 5444 3465 5512 inquit

1924 5540 2031 5594 huc
2063 5539 2287 5605 accessi,
2338 5547 2395 5592 ut
2446 5538 2705 5590 induerer
2753 5544 2901 5588 veste
2951 5535 3402 5603 incorruptioui‘s,
3434 5545 3495 5588 et

1925 5649 2021 5703 per
2050 5648 2246 5687 aquam
2279 5641 2332 5686 et
2361 5630 2625 5699 Spiritum
2656 5636 2905 5682 sanctum
2940 5642 3310 5697 regenerarer.
3343 5627 3487 5681 Nou-
