4260 6430
243 381 342 444 521

1112 370 1582 435 MARTYRIUM
1617 369 1682 430 S.
1723 368 2004 427 TlﬂRSl
2053 364 2147 424 ET
2190 361 2602 422 SOCllJllUPil.

3382 355 3487 418 522

236 500 414 558 θύειν,
451 499 684 567 φανερός
720 514 802 550 σοι
845 494 1161 563 γενήσεται.
1214 490 1590 561 Ἀφικομένων
1629 487 1808 542 τοίνυν
1834 491 1918 549 Δί

1834 486 2000 549 Λευὶ
2056 483 2132 536 sis
2174 479 2611 535 sacriﬁcaturus.
2691 475 2829 531 Cum
2885 475 2938 528 in
2993 476 3304 542 proximum
3361 496 3492 551 ergo

236 591 421 645 αὐτῶν
448 592 528 654 είς
554 591 647 645 τὸν
677 588 906 659 πλησίον
938 586 1087 648 ναὸν,
1112 585 1172 651 δς
1200 585 1376 654 δήπου
1406 587 1501 637 καὶ
1540 582 1819 636 Ἀπόλλω-

231 700 324 745 νος
354 681 444 752 ἣν,
467 684 495 734 6
528 684 728 751 κόμης,
763 676 954 744 Οὗτος,
972 678 1077 748 εφη
1097 676 1278 742 δείξας
1301 677 1363 729 τὸ
1387 674 1630 743 ἄγαλμα,
1659 669 1815 736 οὗτος

233 775 295 827 ὃν
326 774 579 843 τ·μῶμεν
609 773 742 835 Θεός
768 788 784 804 ·
825 771 1014 825 τοῦτον
1045 769 1428 839 ίλεωσάμενος,
1483 766 1684 834 Θύρσε,
1722 766 1815 818 καὶ

236 867 433 920 θυσίαν
464 863 876 936 προσενεγκὼν,
912 861 1153 931 φρουρόν
1182 876 1243 912 τε
1271 858 1490 928 ἀσφαλῆ
1518 843 1684 922 ἓξείς,
1722 858 1817 924 καί

234 960 334 1027 τὴν
385 958 493 1009 τῶν
543 957 721 1012 ἄλλων
762 954 902 1010 θεῶν
947 951 1233 1023 κερδήσεις
1271 950 1579 1020 εὐμένειαν.
1635 953 1743 1003 Καὶ
1788 950 1815 1000 ὁ

233 1052 472 1118 μάρτυς,
507 1050 672 1119 Ὅρα,
723 1049 878 1119 φησι,
923 1047 1048 1101 τίνα
1087 1063 1147 1100 τε
1184 1043 1444 1115 προσάξω
1470 1042 1682 1105 θυσίαν,
1721 1039 1817 1094 καὶ

236 1140 389 1200 ὅςιος
421 1138 586 1190 αὑτὸν
618 1138 937 1207 ἱλεὼσομαι.
962 1137 1072 1191 Καὶ
1088 1136 1468 1206 προσσχόντων
1500 1134 1647 1200 αὐτῷ
1680 1135 1814 1183 πάν-

237 1247 373 1290 των,
405 1234 483 1292 εἰς
513 1231 743 1301 οὐρανὸν
775 1231 982 1293 έκεῖνος
1010 1230 1198 1299 χεῖρας
1229 1229 1344 1297 ἅμα
1382 1228 1473 1279 καὶ
1505 1224 1815 1293 ὀφθαλμοὺς

240 1323 518 1391 ἀνασχὼν,
550 1324 649 1393 τὴν
677 1324 884 1388 ἄφατον
915 1321 1011 1374 τοῦ
1040 1321 1174 1374 Θεοῦ
1218 1320 1447 1386 δύναμιν
1480 1317 1812 1370 ἐκκαλεῖται.

239 1415 348 1466 Καὶ
385 1413 613 1484 βροντῆς
643 1414 841 1483 ἀθρόον
864 1414 1330 1483 καταρραγείσης,
1356 1412 1384 1462 6
1412 1408 1506 1461 τοῦ
1545 1409 1597 1462 Ἀ
1611 1408 1815 1458 πόλλωο

234 1521 327 1566 νος
354 1506 576 1575 ἀνδριὰς
599 1506 678 1567 είς
700 1506 803 1577 γῆν
830 1523 889 1559 τε
913 1507 1171 1558 πέπτωκε
1202 1504 1297 1556 καὶ
1325 1503 1403 1564 είς
1432 1502 1579 1554 κόνιν
1604 1498 1811 1553 ἐλύετο.

251 1597 641 1664 Ἐπιστραφεὶς
674 1599 853 1651 τοίνυν
892 1595 1028 1666 πρὸς
1054 1598 1182 1656 τοὺς
1217 1592 1588 1662 περιεστῶτας
1615 1593 1642 1642 ὀ
1678 1591 1814 1658 μάρ-

236 1707 354 1750 τυς,
397 1688 613 1756 Ὁρᾶτε,
662 1684 839 1750 εἶπεν,
892 1689 975 1740 δτι
1030 1687 1328 1755 πλάσματα
1385 1685 1546 1754 μόνον
1599 1684 1649 1735 oi
1690 1683 1809 1753 παρ’

237 1784 369 1851 ὑμῖν
402 1781 534 1845 θεοὶ,
568 1781 705 1851 μηδὲ
734 1781 899 1851 ψιλήν
930 1796 1051 1833 τινα
1086 1780 1179 1833 τοῦ
1216 1778 1471 1848 ἀληθινοῦ
1510 1777 1646 1830 Θεοῦ
1677 1777 1812 1829 ὑπο-

1922 573 2188 642 templum
2216 572 2463 633 ivissent,
2494 569 2642 635 quod
2670 576 2789 621 erat
2846 567 3140 635 Apollinis.
3182 569 3273 623 hic
3312 586 3495 628 comes

1919 666 2074 723 dixit.
2129 662 2423 717 ostendens
2468 659 2928 728 imaginemﬂlic
2982 671 3066 715 est
3119 661 3276 726 deus,
3328 678 3490 730 quem

1920 756 2151 809 colimus
2183 770 2196 805 :
2229 768 2354 806 cum
2401 767 2526 805 cum
2553 750 2877 821 placaveris,
2908 764 2941 803 o
2970 749 3202 822 Thyrse,
3230 763 3287 808 et
3330 755 3492 808 oblu'.

1920 848 2049 901 leris
2070 842 2681 907 sacriﬁcium,validum
2707 842 2937 897 habebis
2965 844 3249 899 custodem
3296 855 3347 899 et
3384 847 3490 900 ali«

1920 953 2079 993 orum
2115 938 2344 990 deorum
2400 934 2620 1004 parabis
2675 935 2775 988 tibi
2826 934 3289 989 benevolentiam.
3344 938 3485 991 hlar-

1921 1040 2005 1103 tyr
2024 1041 2210 1085 autem
2243 1029 2443 1089 :Vide.
2489 1027 2692 1097 inquit,
2743 1028 3022 1098 quodnam
3056 1027 3287 1082 oﬁ'eram
3322 1031 3495 1084 sacri—

1923 1124 2127 1187 ﬁcium,
2158 1133 2214 1177 et
2243 1122 2706 1192 quemadmodum
2747 1136 2873 1176 eum
2925 1124 3175 1189 placabo.
3207 1122 3342 1175 Cum
3377 1138 3498 1175 ein-

1917 1232 2012 1272 nes
2046 1231 2176 1273 vero
2227 1218 2279 1270 in
2304 1231 2428 1270 eum
2463 1215 2706 1269 animum
2753 1212 3143 1277 attendissent,
3177 1214 3267 1267 ille
3296 1229 3494 1269 manus

1916 1308 2080 1360 simul
2110 1318 2165 1361 et
2196 1308 2387 1360 oculos
2416 1308 2471 1359 in
2515 1307 2714 1361 caelum
2750 1306 2947 1358 tollens
2978 1304 3073 1358 Dei
3102 1305 3358 1358 virtutem
3406 1307 3497 1358 in-

1918 1410 2081 1453 vocat
2117 1398 2443 1452 ineffabilem
2479 1417 2492 1453 :
2526 1408 2580 1452 et
2613 1412 2738 1452 cum
2786 1398 2992 1451 tonitru
3021 1406 3249 1467 repente
3278 1399 3494 1467 erupis-

1916 1499 2019 1549 set.
2056 1492 2108 1543 in
2144 1500 2347 1543 terram
2386 1486 2592 1542 cecidit
2617 1496 2798 1540 statua
2833 1487 3126 1555 Apollinis,
3163 1497 3219 1541 et
3249 1488 3490 1540 resoluta

1914 1582 2025 1635 fuit
2070 1582 2124 1636 in
2159 1582 2425 1636 cinerem.
2474 1578 2789 1634 Conversus
2835 1593 2969 1647 ergo
3018 1588 3225 1649 martyr
3278 1579 3344 1631 ad
3398 1593 3492 1632 eos

1913 1673 2007 1741 qui
2036 1672 2515 1726 circumsistebant
2546 1688 2559 1724 :
2586 1670 2800 1732 Videte,
2830 1670 3029 1734 inquit,
3056 1670 3203 1739 quod
3240 1671 3335 1739 qui
3364 1680 3496 1723 sunt

1916 1761 2060 1831 apud
2112 1776 2211 1815 vos
2253 1761 2351 1824 dii,
2399 1770 2531 1815 sunt
2564 1762 2737 1813 solum
2780 1759 3055 1830 ﬁgmenta,
3104 1761 3197 1829 qui
3240 1776 3341 1815 nec
3381 1760 3497 1813 veri

239 1837 429 1938 μεῖναι
458 1837 651 1945 κλῆσιν
682 1837 1012 1942 δυνάμενος
1057 1874 1199 1941 Πρὸς
1241 1837 1414 1923 ταυῦτα
1450 1868 1626 1938 θυμοῦ
1657 1868 1820 1919 πνεύ-
1850 1837 1891 1894 Β

1812 1895 1820 1906 .
1850 1837 1891 1894 Β
1924 1853 2019 1907 Dei
2062 1863 2293 1922 possunt
2324 1853 2407 1907 vel
2439 1853 2611 1906 solam
2647 1846 2921 1907 sustinere
2954 1854 3381 1929 invocationem.
3412 1852 3494 1906 Ad

238 1981 338 2025 σας
371 1967 398 2016 6
428 1965 707 2029 Σιλϐανὸς,
746 1964 885 2031 Ἐγώ
919 1981 1011 2017 σου
1038 1966 1136 2027 τὰς
1168 1961 1439 2032 γοητείας,
1472 1961 1597 2031 ἔφη,
1636 1961 1819 2013 τέλεον

234 2056 509 2121 ἐκτρίψας
558 2055 773 2124 ἀφανιῶ
819 2056 914 2109 καὶ
962 2055 1142 2121 δείξω,
1190 2056 1244 2105 τί
1290 2070 1371 2105 σοι
1417 2052 1476 2105 τὸ
1513 2053 1608 2104 ἀπ’
1639 2052 1819 2103 αὐτῶν

235 2141 453 2209 δφελος.
512 2142 620 2193 Καὶ
669 2141 869 2194 αὐτίκα
920 2142 998 2202 είς
1040 2155 1095 2192 τι
1143 2139 1441 2210 μηχάνημα
1488 2137 1741 2206 σιδηροῦν
1794 2137 1822 2188 6

240 2236 460 2302 μάρτυς
508 2232 786 2303 ἐϐέϐλητο,
820 2234 911 2285 καὶ.
944 2232 1153 2301 σιδηροῖ
1184 2233 1375 2283 τοῦτον
1414 2229 1679 2291 διέξαινον
1702 2229 1825 2282 6w-

237 2341 361 2393 χες,
386 2325 480 2377 καὶ
529 2319 639 2388 ίνες
673 2324 771 2393 μὲν
816 2324 907 2377 τοῦ
938 2323 1189 2394 σώματος
1229 2322 1578 2385 ἀπεσπῶντο,
1605 2322 1660 2373 αί
1694 2322 1826 2391 σάρ-

241 2433 342 2478 κες
375 2415 430 2468 δὲ
454 2417 532 2478 είς
569 2417 674 2484 γῆν
726 2418 967 2485 συνεχεῖς
999 2414 1298 2484 κατέρρεον
1323 2429 1337 2443 ο
1385 2410 1479 2463 τεῦ
1512 2410 1568 2463 δὲ
1594 2411 1654 2463 τδ
1689 2411 1825 2478 πρό-

242 2511 257 2551 (
282 2524 426 2577 υμον
447 2509 551 2561 αὑκ
587 2507 828 2572 έξέλυον,
860 2507 997 2559 ἀλλὰ
1032 2507 1123 2561 καὶ
1151 2507 1313 2559 πλέον
1348 2503 1512 2557 αὑτοῦ
1541 2505 1632 2558 τὸν
1662 2504 1825 2573 ζῆλον

242 2598 433 2651 καὶτὸ
463 2597 669 2670 θερμὸν
702 2597 1049 2671 ἁνηρέθιζον.

329 2842 429 2897 ll".
489 2842 647 2897 Ἐπεὶ
691 2842 747 2897 δδ
803 2842 991 2898 λοιπὸν
1039 2842 1312 2898 ικλείπειν
1355 2844 1541 2917 ἐῴκει,
1582 2846 1674 2900 καὶ
1706 2847 1827 2901 οὐδὲ

259 2936 466 3006 puxpr
516 2935 903 3004 ὑπολελεῖφθαι
964 2936 1115 3007 αὐτῷ
1154 2937 1255 3006 τῆς
1306 2938 1449 3007 ζωῆς
1504 2938 1825 3007 ενομίζετο,

254 3029 471 3079 ἀνίεται
505 3028 601 3096 μὶν
646 3028 756 3081 τῶν
789 3026 1067 3097 βασάνων,
1104 3030 1602 3099 παραστησάμενος
1634 3028 1691 3081 δὲ
1733 3029 1831 3081 αύ-

1924 1946 2037 1999 Ιιατο
2066 1946 2144 1997 ira
2180 1945 2550 1998 inﬂammatus
2577 1945 2847 2015 Sylvanus
2880 1962 2893 1998 :
2935 1946 3048 2014 Ego
3101 1954 3241 2010 tuas,
3294 1946 3495 2015 inquit,

1922 2038 2223 2105 praestigias
2242 2037 2465 2090 omnino
2499 2049 2777 2091 conteram
2806 2046 2860 2091 et
2881 2036 3097 2100 delebo,
3131 2047 3187 2091 et
3211 2038 3497 2092 ostendam

1923 2141 2171 2192 quaenam
2205 2129 2539 2196 percipiatur
2568 2144 2635 2181 ex
2669 2128 2751 2182 eis
2790 2115 3021 2183 utilitas.
3073 2130 3349 2184 Continuo
3403 2146 3501 2183 au-

1925 2226 2034 2271 tem
2064 2218 2294 2286 injectus
2336 2229 2422 2271 est
2463 2228 2669 2288 martyr
2713 2219 2767 2272 in
2797 2218 3030 2274 ferream
3062 2221 3352 2288 quamdam
3379 2237 3497 2276 nia-

1921 2312 2163 2369 chinam.
2204 2322 2258 2366 et
2312 2327 2437 2365 eum
2486 2312 2619 2367 ferri
2673 2313 3059 2383 discerpebant
3115 2317 3382 2386 pectines,
3439 2326 3497 2372 et

1920 2402 2301 2456 avellebantur
2326 2403 2549 2471 quidem
2618 2404 2772 2458 librze
2800 2407 3073 2475 corporis,
3127 2422 3325 2463 carnes
3362 2424 3496 2463 vero

1924 2494 2200 2547 continua:
2227 2496 2543 2549 deﬂuebant
2576 2495 2631 2549 in
2666 2504 2863 2550 terram
2908 2516 2920 2551 :
2950 2510 3262 2567 promptum
3315 2509 3496 2555 autem

1925 2595 1981 2640 ct
2026 2587 2205 2640 alacre
2247 2588 2364 2654 ejus
2419 2587 2586 2639 animi
2642 2588 2885 2641 studium
2939 2603 3046 2641 non
3103 2589 3496 2656 dissolvebant,

1926 2676 2021 2730 sed
2046 2677 2166 2746 ejus
2191 2678 2366 2731 zelum
2397 2686 2449 2730 et
2477 2675 2731 2731 ardorem
2762 2678 2931 2745 magis
2968 2678 3284 2733 irrritabant

1995 2840 2141 2896 Xlll.
2170 2840 2327 2907 Quon
2350 2857 2437 2896 am
2472 2852 2652 2895 autem
2690 2844 2836 2896 visos
2864 2850 2983 2896 erat
3025 2840 3283 2904 deiicere,
3333 2852 3389 2896 et
3428 2857 3495 2896 ne

1929 2934 2213 2988 minimum
2241 2934 2463 3003 quidem
2492 2934 2616 2987 vita
2640 2934 2692 2987 ei
2727 2932 3022 2987 videbatur
3054 2947 3175 2988 esse
3202 2933 3495 3002 reliquum,

1930 3027 2204 3084 relaxatur
2253 3026 2475 3096 quidem
2510 3042 2541 3081 e
2575 3027 2863 3080 tormentis
2904 3043 2919 3079 :
2967 3041 3092 3080 cum
3143 3040 3268 3079 eum
3315 3036 3501 3082 autem

254 3122 351 3170 τὸν
379 3123 407 3172 6
430 3120 627 3190 κόμης,
653 3120 861 3186 Βούλει,
899 3122 1053 3189 φησὶ,
1087 3116 1357 3182 καὶαῦθις
1382 3122 1501 3190 ταῖς
1536 3120 1830 3191 προτέραις
1861 3177 1896 3191 Α
1933 3138 1936 3170 ε

1816 3138 1830 3181 ;
1861 3177 1896 3191 Α
1933 3119 2234 3173 sistendum
2269 3128 2517 3173 curasset
2551 3133 2775 3173 comes:
2804 3116 2918 3182 Vis,
2959 3118 3153 3186 inquit,
3188 3134 3378 3174 rursus
3422 3131 3498 3173 un

254 3213 501 3282 ἐπῳδαῖς
556 3229 650 3264 σου
702 3215 796 3266 καὶ
846 3214 1122 3285 γοητείαις
1167 3213 1476 3284 χρήσασθαι
1522 3213 1672 3303 ante
1720 3214 1827 3265 τῶν
1857 3210 1936 3277 “1

1816 3234 1827 3263 ρ
1857 3210 1898 3233 ν
1934 3210 2205 3291 prioribus
2233 3210 2340 3265 tuis
2388 3212 2857 3265 incantationibus
2889 3216 2946 3265 et
2980 3210 3260 3265 maleﬁciis
3307 3222 3498 3266 contra

252 3306 422 3364 θεῶν,
470 3304 554 3356 ῐνα
584 3320 666 3357 σοι
694 3303 795 3357 καὶ
823 3302 1103 3373 δευτέραις
1136 3304 1300 3358 πάλιν
1328 3308 1487 3374 ἡμεῖς
1517 3302 1829 3376 ταῖςὰμοι-

258 3400 387 3458 δαῖς
421 3394 935 3465 ἀντιχαρισώμεθας
972 3394 1164 3448 Καίτοι
1198 3396 1259 3447 τδ
1300 3399 1459 3465 σῶμα
1493 3397 1612 3451 ὅλον
1647 3399 1708 3451 τδ
1738 3400 1828 3451 σὸν

259 3489 542 3541 ἀνάλωται
577 3490 694 3549 ταῖς
726 3488 981 3556 βασάνοις
1008 3504 1021 3517 ·
1075 3487 1274 3555 μικροῦ
1297 3487 1449 3541 δὲλσε
1484 3488 1640 3559 καὶὴ
1684 3487 1830 3560 ψυχὴ

259 3579 586 3632 καταλείπει
611 3592 628 3611 ⁸
659 3579 823 3639 αὐτὸς
851 3578 928 3640 δι,
963 3576 1022 3630 δν
1048 3579 1182 3649 σέϐῃ
1216 3578 1307 3631 καὶ
1341 3578 1533 3648 βοηθὸν
1556 3578 1707 3633 εἷναί
1734 3600 1829 3633 σου

260 3672 469 3735 λέπεις,
496 3669 625 3733 Θεὸς
656 3668 761 3723 ποῦ
787 3686 802 3736 ;
826 3706 829 3709 ‹
853 3668 1014 3722 Ἀλλὰ
1068 3669 1229 3739 μέχρι
1262 3670 1406 3734 τίνος
1432 3672 1703 3740 έπιμένωι
1734 3672 1829 3743 ἔσῃ

260 3766 375 3824 τοῖς
410 3763 691 3832 ἀνονήτοις
730 3763 822 3813 καὶ
844 3762 905 3812 τὸ
938 3762 1215 3830 συμφέρον
1252 3760 1359 3829 πρὸ
1402 3761 1516 3814 τῶν
1538 3761 1831 3832 ὀφθαλμῶν

264 3871 350 3905 σοι
389 3854 641 3923 κείμενον
669 3853 727 3905 οὐ
777 3852 987 3923 θεάσῃς
1022 3852 1133 3905 Καὶ
1170 3854 1198 3904 6
1231 3852 1467 3923 μάρτυς,
1501 3852 1568 3906 Τί
1596 3853 1708 3918 δαὶ,
1734 3854 1833 3905 οὐκ

262 3945 519 4011 αἰσθάνῃ,
554 3946 710 4011 φησὶ,
736 3942 834 4011 τῆς
877 3944 933 3995 εν
965 3943 1087 4011 “sui
1130 3940 1225 3994 τοῦ
1255 3942 1491 4011 Χριστοῦ
1518 3943 1826 4014 δυνάμεως,

268 4033 639 4103 ἐπιδηλότατα
693 4049 783 4102 μοι
817 4036 1229 4101 παρισταμένης
1262 4032 1356 4085 καὶ
1386 4034 1521 4101 πρὸς
1543 4037 1837 4105 inquiri:

262 4132 523 4187 unum;
582 4125 966 4194 δνισχυούσηςς
1017 4124 1137 4186 Πῶς
1185 4128 1293 4193 γάρ
1339 4125 1406 4177 ἄν
1456 4124 1656 4193 γεῶδες
1696 4124 1840 4177 οὓτω

266 4221 429 4288 σῶμα
462 4218 555 4270 καὶ
593 4215 815 4277 ἀσθενὲς
848 4198 1030 4268 ίκανδν
1059 4208 1127 4283 ἦν
1156 4212 1503 4283 τηλικαύταις
1531 4215 1839 4268 ἁντιπεσείν

264 4309 622 4379 χαλεπότησι,
664 4306 739 4376 μὴ
765 4307 862 4372 τῆς
889 4304 1092 4358 ἄνωθεν
1121 4303 1268 4373 αὺτῷ
1300 4305 1469 4372 ῥοπῆς
1519 4301 1839 4373 ἐπιϐοηθούο

266 4415 411 4469 σηςς
451 4398 538 4459 Ὠς
587 4395 681 4450 οὖν
708 4396 948 4466 ἀκριϐῶς
973 4391 1149 4455 ἐίδὼς
1198 4396 1279 4447 ὅτι
1328 4413 1417 4463 μοι
1454 4395 1781 4463 άμετάθετος
1806 4397 1839 4465 η

1928 3303 2340 3371 deos,,ut-tibi
2370 3318 2589 3372 quoque
2633 3318 2823 3358 rursus
2875 3304 3172 3372 largiamur
3230 3305 3499 3358 secundas

1930 3380 2446 3462 reniuuerationcs?
2499 3396 2665 3465 Atqui
2726 3405 2901 3450 totum
2953 3408 3105 3450 tuum
3138 3411 3341 3466 corpus
3386 3408 3498 3452 tor-

1931 3487 2129 3542 mentis
2178 3497 2261 3541 est
2303 3497 2734 3557 consumptum:
2768 3488 3162 3557 propemodum
3221 3504 3352 3543 vero
3397 3490 3494 3543 tibi

1932 3595 2151 3647 quoque
2180 3579 2364 3635 deﬁcit
2396 3582 2599 3632 anima.
2647 3581 2766 3649 Ipse
2811 3590 3015 3643 autem,
3058 3594 3221 3649 quem
3254 3580 3411 3646 colis,
3443 3591 3499 3633 et

1931 3687 2094 3741 quem
2140 3682 2292 3726 tuum
2340 3672 2481 3726 dicis
2517 3672 2823 3739 adiutorem
2876 3686 2998 3727 esse
3026 3672 3218 3737 Deum,
3252 3673 3343 3727 ubi
3372 3675 3502 3727 est?

1935 3766 2041 3820 Sed
2075 3768 2316 3835 quandiu
2342 3767 2719 3836 perseverabis
2754 3766 2806 3819 in
2844 3766 2910 3818 iis
2940 3781 3060 3834 qua:
3092 3776 3221 3820 sunt
3264 3767 3499 3829 inutilia,

1933 3867 1989 3912 et
2045 3873 2152 3911 non
2208 3856 2421 3911 videbis
2469 3858 2620 3922 utile,
2671 3857 2815 3925 quod
2869 3866 2952 3912 est
2985 3857 3320 3926 pr0positum
3376 3870 3503 3915 ante

1936 3941 2171 3995 oculos?
2213 3942 2411 4013 Martyr
2468 3959 2598 4003 vero
2629 3962 2641 3997 :
2676 3944 2815 4009 Quid
2871 3961 2977 3997 non
3042 3948 3231 4011 sentis,
3284 3948 3498 4015 inquit,

1922 4031 2164 4093 Christi,
2212 4048 2331 4100 qua
2366 4045 2450 4089 est
2488 4052 2539 4088 in
2582 4051 2689 4099 me,
2720 4038 3003 4099 virtutem,
3036 4052 3157 4104 qua:
3189 4039 3319 4093 mihi
3351 4041 3506 4094 adest

1940 4122 2400 4189 manifestissime,
2437 4137 2493 4181 et
2528 4142 2611 4179 me
2642 4127 2909 4181 adversus
2954 4128 3053 4180 bos
3105 4129 3340 4184 insultus
3371 4147 3505 4185 eun-

1943 4213 2169 4267 ﬁrmat?
2201 4212 2489 4278 Quomodo
2533 4219 2680 4271 enim
2712 4232 2912 4286 corpus
2947 4227 3228 4273 terrenum
3272 4230 3328 4274 et
3366 4224 3504 4276 adeo

1942 4304 2295 4368 imbecillum,
2366 4315 2550 4375 posset
2602 4308 2801 4362 talibus
2874 4310 3126 4363 resistere
3195 4314 3503 4371 tormentis.

1944 4402 1987 4453 si
2054 4414 2161 4451 non
2218 4399 2267 4452 ei
2329 4414 2563 4468 superne
2612 4400 2857 4453 divinum
2913 4401 3135 4455 daretur
3192 4406 3506 4460 auxilium?

262 4489 549 4561 ὁμολογία,
594 4490 689 4541 καὶ
724 4488 798 4538 τά
832 4487 931 4556 τῆς
969 4485 1189 4555 γνώμης
1216 4487 1316 4538 οὐκ
1351 4486 1438 4550 ἂν,
1471 4488 1521 4538 εί
1549 4504 1595 4539 τι
1626 4488 1718 4538 καὶ
1744 4487 1839 4552 γέ·
1872 4490 1944 4563 D‘

1819 4513 1839 4525 -
1872 4487 2012 4563 θυι
2061 4488 2153 4556 qui
2203 4503 2330 4556 ergo
2376 4498 2524 4541 certe
2570 4489 2710 4541 scias
2756 4504 2875 4543 esse
2925 4489 3315 4545 immutabilem
3370 4496 3501 4549 mihi

264 4598 437 4646 νοιτο,
476 4579 788 4649 μεταϐάλοι,
831 4580 891 4631 τὸ
927 4577 1067 4631 κατὰ
1108 4577 1231 4629 νοῦν
1282 4578 1443 4639 ποίει,
1486 4579 1579 4629 καὶ
1614 4576 1837 4647 μηδενὸς

266 4678 515 4744 ἀπόσχου
557 4670 665 4724 τῶν
694 4671 1043 4741 δεδογμένων.
1076 4670 1209 4723 Τότε
1256 4670 1454 4739 λέϐητα
1487 4669 1707 4740 μεγέθει
1739 4670 1839 4738 μέν

267 4783 461 4835 γιστον
503 4764 921 4834 διακομισθῆναι
944 4763 1203 4825 κελεύσας
1234 4766 1262 4816 6
1299 4762 1572 4828 Σιλϐανδς,
1601 4764 1693 4815 καὶ
1720 4761 1841 4814 τοῦ·

160 4868 163 4869 ⁷
269 4878 369 4913 τον
429 4859 527 4929 μιν
583 4858 771 4919 ὓδατος
827 4856 1119 4926 πληρώσας
1171 4856 1267 4908 καὶ
1327 4855 1561 4924 ἰσχυρῶς
1611 4852 1839 4917 κρύσας,

274 4953 515 5023 σχοινίον
541 4951 598 5004 δι
624 4952 733 5003 τῶν
763 4948 857 5002 τοῦ
886 4950 1095 5019 Θύρσου
1142 4948 1317 5000 ποδῶν
1345 4948 1598 5017 ἐκδήσας,
1656 4949 1845 5017 καθίηο
1874 4969 1878 4972 “

274 5065 366 5099 σιν
407 5045 569 5097 αὐτὸν
617 5045 759 5095 κατὰ
794 5043 1055 5110 κεφαλήν.
1097 5043 1155 5094 '0
1179 5042 1248 5106 δ’,
1277 5042 1337 5093 ιν
1362 5041 1588 5110 τοιούτῳ
1618 5041 1843 5110 κινδύνῳ

272 5136 527 5207 ληφθεὶς,
560 5135 661 5187 οὐκ
699 5135 892 5203 ἠπόρει
936 5132 1030 5185 τοῦ
1084 5132 1460 5203 βοηθήσοντος.
1504 5133 1641 5186 Ἀλλ’
1678 5138 1705 5187 6
1743 5134 1842 5202 μὲν

272 5229 463 5282 ἐκάλει
492 5227 750 5295 Χριστὸν,
784 5227 923 5294 ὑπὲρ
960 5225 1022 5277 οὒ
1050 5224 1219 5276 ταῦτα
1256 5227 1350 5277 καὶ
1378 5227 1606 5295 πάσχειν
1633 5225 1806 5278 εῖλετο
1829 5242 1843 5256 ’

273 5326 306 5374 ὁ
334 5320 500 5388 λέϐης
532 5318 589 5373 δι
634 5317 831 5370 αὐτίκα
867 5318 1189 5388 ἐρρήγνυτο,
1225 5320 1317 5369 καὶ
1365 5317 1423 5370 τδ
1474 5318 1618 5387 ὕδωρ
1646 5319 1843 5387 ἐχεῖτο,

1945 4581 2371 4643 confessionem,
2406 4591 2463 4635 et
2495 4581 2642 4634 nulla
2695 4582 2908 4636 ratione
2959 4598 3141 4637 mcum
3177 4600 3337 4653 posse
3386 4591 3507 4643 ani-

1948 4688 2093 4726 mum
2133 4672 2397 4731 converti.
2453 4673 2540 4726 lac
2589 4674 2735 4742 quod
2787 4676 2881 4729 tibi
2938 4677 3113 4729 visum
3151 4678 3337 4740 fuerit,
3390 4690 3444 4734 et
3478 4700 3507 4735 a

1946 4765 2095 4817 nullo
2126 4752 2337 4817 abstine
2361 4778 2554 4819 eorum
2603 4780 2722 4830 quae
2748 4768 3020 4820 statueris.
3055 4766 3211 4823 Tunc
3245 4784 3369 4824 cum
3394 4774 3515 4842 jus-

1946 4857 2106 4911 sisset
2139 4854 2402 4924 Sylvanus
2444 4857 2733 4908 maximum
2764 4856 2945 4911 aﬁerri
2974 4859 3235 4923 'Iebetetn,
3278 4872 3330 4915 et
3381 4878 3507 4916 eum

1946 4948 2168 5017 quidem
2216 4962 2354 5015 aqua
2407 4948 2760 5015 implevisset,
2802 4960 2852 5002 et
2902 4952 3254 5005 vehementer
3309 4953 3507 5007 bullire

1944 5038 2182 5101 fecisset,
2211 5054 2241 5091 e
2270 5038 2463 5107 Tliyrsi
2486 5048 2670 5091 autem
2705 5041 2945 5107 pedibus
2977 5040 3162 5096 funem
3214 5042 3507 5113 alligasset,

1936 5148 2083 5184 eum
2128 5131 2347 5185 demisit
2396 5132 2595 5199 capite.
2645 5131 2741 5184 llle
2790 5138 2919 5186 iero
2978 5150 3044 5186 ne
3078 5135 3131 5188 in
3159 5137 3248 5188 tali
3285 5140 3506 5201 quidem

1950 5222 2195 5292 periculo
2233 5222 2584 5284 constitutus,
2616 5222 2763 5288 eguit
2793 5222 3097 5278 defensore.
3134 5226 3239 5279 Sed
3271 5228 3362 5281 ille
3385 5231 3509 5295 qui-

1950 5315 2074 5366 dem
2105 5312 2379 5367 Christum
2413 5314 2719 5382 invocabat,
2752 5330 2849 5383 pro
2882 5332 2991 5383 quo
3028 5316 3143 5371 haec
3177 5320 3285 5385 pati
3326 5320 3507 5388 elege-

276 5415 379 5467 καὶ
431 5409 669 5474 ἀϐλαϐὴς
720 5411 747 5461 ό
795 5410 1003 5479 μάρτυς
1056 5407 1305 5471 ἐσώζετο.
1355 5410 1413 5461 ’0
1459 5409 1846 5479 δικαστὴςόὖν
1953 5422 1958 5458 l

1827 5431 1846 5464 ι)
1953 5415 2070 5464 rat:
2105 5406 2255 5459 lebes
2303 5415 2483 5460 autem
2524 5406 2774 5474 protinus
2803 5418 2887 5459 est
2914 5409 3215 5474 disruptus,
3266 5418 3323 5461 et
3368 5424 3509 5479 aqua

275 5508 428 5560 οὕτω
476 5504 724 5573 φανερῶς
756 5503 859 5555 ὑπὸ
885 5503 996 5563 τοῖς
1022 5503 1272 5555 ἁπάντων
1301 5502 1597 5572 ὀφθαλμοῖς
1626 5507 1845 5574 αἰσχυν.

278 5600 418 5657 θεὶς,
448 5594 844 5663 σοϐαρωτέροις
871 5592 1026 5662 δῆθεν
1048 5591 1144 5661 τὴν
1169 5592 1429 5662 αίσχύνην
1448 5595 1849 5663 περιεκάλυπτε

281 5689 521 5756 ῥήμασι,
552 5680 709 5735 Κατὰ
738 5681 935 5735 σαυτοῦ
961 5683 1243 5750 κέχρησαι,
1280 5680 1472 5746 λέγων,
1504 5681 1703 5749 Θύρσε,
1730 5684 1851 5745 ταῖς

279 5777 586 5843 γοητείαις.
625 5776 774 5843 Ὀσῳ
808 5772 917 5841 γάρ
948 5772 1015 5825 ἃν
1056 5771 1469 5839 ἀντιτεχνᾶσθαι
1522 5771 1847 5841 σπουδάζῃς.

614 5890 881 5949 ιήιιοι..
917 5890 1031 5948 Cit.
1066 5889 1280 5950 CXVI.

1947 5506 2031 5551 est
2060 5496 2253 5561 eﬁ‘usa,
2283 5507 2338 5551 et
2363 5498 2560 5551 illusus
2589 5508 2943 5552 conservatus
2974 5499 3075 5552 luit
3120 5510 3343 5569 martyr.
3379 5502 3482 5554 Por

1948 5605 2010 5643 ro
2050 5601 2244 5643 autem
2282 5591 2447 5660 judex
2500 5602 2605 5643 tam
2653 5603 2840 5658 aperte
2891 5592 3205 5645 videntibus
3253 5594 3511 5647 omnibus

1951 5683 2159 5751 pudore
2201 5686 2451 5743 allectus.
2505 5685 2973 5752 arrogantioribus
3012 5686 3202 5755 utique
3231 5697 3285 5742 et
3315 5702 3510 5756 super-

1948 5774 2195 5831 bioribus
2226 5778 2405 5831 verbis
2440 5777 2653 5846 tegebat
2701 5776 2937 5832 dedecus
2966 5796 2980 5832 :
3015 5778 3073 5831 In
3119 5779 3376 5848 teipsum,
3422 5780 3506 5834 di-

3020 5893 3081 5951 17
