4260 6430
764 384 868 446 523

1995 376 2282 438 MENSIS
2322 377 2754 438 DECEMBER.

3917 374 4030 436 524

754 513 904 556 cens.
943 511 974 545 ο
1003 492 1229 564 Tliyi-si-,
1287 493 1458 546 uteris
1513 492 1800 564 prastigiis
1847 500 1906 547 et
1940 491 2328 547 incantationi-
2360 496 2404 552 Α

2360 496 2404 552 Α
2436 491 2559 562 ἐμοὶ
2615 489 2717 560 μὲν
2766 487 2989 543 πλείονα
3037 488 3129 540 τὸν
3184 487 3359 558 θυμὸν
3414 488 3703 553 ἀνάπτεις,
3741 489 3926 558 σαυτῷ
3968 489 4027 542 δὲ

758 593 876 643 bus.
921 587 1056 641 Nam
1093 602 1202 654 quo
1259 585 1428 655 magis
1471 594 1662 640 contra
1707 584 1914 656 aliquid
1967 584 2324 646 machinaris.

757 680 1133 749 mihiquidem
1173 678 1308 730 iram
1339 677 1509 745 magis
1541 677 1834 731 accendis:
1873 675 1928 730 in
1968 676 2200 746 teipsnm
2236 690 2330 728 ve-

756 788 812 824 ro
839 770 1120 824 acerbiora
1151 781 1433 836 comparas
1475 767 1760 836 sUpplicia.

825 862 962 916 XIV.
1013 860 1116 915 Sed
1177 868 1307 913 tunc
1353 859 1577 927 quidem
1639 873 1764 911 cum
1815 870 1965 914 esset
2007 857 2131 911 aliis
2181 856 2330 911 curis

755 963 1071 1022 occupatus,
1126 962 1421 1022 martyrem
1479 965 1669 1002 rursus
1711 949 1880 1004 tradit
1912 954 1964 1003 in
1999 950 2327 1006 custodiam.

757 1046 948 1099 Postea
995 1052 1175 1096 autem
1229 1058 1353 1096 cum
1410 1043 1705 1110 Apameam
1761 1041 2087 1095 maritimam
2137 1056 2331 1110 quam-

755 1140 878 1192 dam
925 1138 1197 1190 civitatem
1249 1149 1372 1187 cum
1421 1134 1568 1192 illius
1597 1133 1705 1187 loci
1747 1135 1977 1202 praeside
2011 1142 2154 1187 esset
2203 1147 2330 1200 pro-

756 1229 1019 1290 lecturus,
1073 1226 1305 1279 vinculis
1337 1223 1555 1294 'l‘byrso
1583 1223 1818 1293 injectis,
1867 1223 2022 1292 jubet
2069 1238 2196 1276 eum
2234 1237 2330 1289 per

753 1335 866 1380 eos,
897 1318 989 1386 qui
1025 1318 1200 1386 ipsum
1233 1315 1625 1384 sequebantur,
1661 1327 1802 1383 pone
1834 1314 1998 1367 trahi.
2033 1312 2168 1368 Cum
2203 1329 2331 1367 vero

754 1427 860 1465 non
895 1411 1082 1480 procul
1136 1418 1380 1463 essenta
1431 1408 1676 1469 civitate.
1706 1404 2012 1461 arbitratus
2062 1406 2333 1477 Sylvanus

756 1504 988 1572 primum
1039 1501 1262 1570 quidem
1320 1511 1477 1570 turpe
1523 1516 1644 1554 esse
1694 1515 1818 1554 eum
1878 1499 2330 1563 circumduverc;

754 1596 952 1649 deinde
997 1595 1158 1648 ctiam
1196 1602 1250 1646 et
1286 1593 1628 1646 vinculorum
1673 1601 1731 1645 et
1767 1591 1938 1660 longa:
1983 1590 2081 1643 viae
2111 1605 2332 1658 perpes-

756 1689 987 1747 sionem.
1044 1686 1262 1756 pietatis
1311 1683 1674 1737 constantiam
1743 1684 2014 1737 relaxasse
2069 1681 2330 1752 martyri,

757 1785 916 1836 aliam
952 1798 1146 1835 rursus
1191 1781 1238 1832 ei
1279 1778 1502 1832 adhibet
1558 1778 2013 1849 periclitationem
2048 1796 2061 1830 :
2094 1787 2149 1831 et
2204 1792 2329 1832 cum

2439 584 2777 655 πικροτέρας
2804 582 3232 646 κατασκευάζεις
3260 583 3358 645 τὰς
3387 583 3686 653 τιμωρίας.

2510 844 2604 899 1Δ’.
2649 847 2810 903 Ἀλλά
2840 849 2962 902 τότε
2990 850 3092 919 μὲν
3111 851 3326 922 ἑτέραις
3363 853 3648 924 φροντίσιν
3672 856 4029 927 ἀσχοληθείς.

2439 938 2654 1008 φυλακῇ
2705 942 2796 993 καὶ
2824 938 2982 1004 αὖθις
3010 941 3104 995 τὸν
3145 945 3403 1015 μάρτυρα
3427 946 3631 998 δίδωσι.
3675 947 3831 999 Μετά
3852 946 3959 999 ταῦ
3977 964 4034 998 ῖα

2436 1031 2494 1084 δὲ
2528 1033 2662 1100 πρὸς
2721 1034 3028 1104 Ἀπάμειαν
3072 1037 3229 1090 πόλιν
3261 1041 3379 1090 τινα
3425 1038 3863 1092 ὲπιθαλαττίδιον
3913 1040 4035 1106 ἅμα

2438 1125 2515 1192 τῷ
2547 1126 2636 1174 ἐπὶ
2672 1125 2766 1177 τοῦ
2804 1127 2972 1179 τόπου
3011 1127 3234 1200 ἄρχοντι
3268 1130 3480 1198 μέλλων
3519 1131 3802 1200 ἀπαίρειν,
3851 1133 4031 1198 δεσμὰ

2438 1215 2515 1284 τῷ
2543 1218 2739 1286 Θύρσῳ
2778 1217 3115 1288 περισαλὼν,
3157 1221 3370 1275 κελεύει
3403 1223 3492 1274 διά
3531 1225 3640 1276 τῶν
3667 1225 4033 1293 ἐφεπομένων

2439 1305 2662 1357 ὄπισθεν
2708 1307 2987 1364 ἕλκεσθαι.
3037 1312 3191 1364 Ἐπεὶ
3227 1312 3283 1365 δὲ
3314 1315 3388 1382 μὴ
3422 1314 3614 1383 «esse
3651 1316 3754 1385 ήδη
3800 1316 3904 1384 τῆς
3933 1319 4030 1367 πό-

2439 1398 2570 1459 λεως
2593 1394 2755 1468 ἦσαν,
2790 1402 3017 1469 νομίσας
3059 1403 3087 1452 ὁ
3129 1404 3386 1467 Σιλὸανὸς
3428 1407 3623 1475 πρῶτα
3656 1408 3755 1475 μὲν
3781 1410 3882 1474 τὴν
3907 1411 4030 1462 ἔιτι⁸

2441 1507 2542 1560 μον
2582 1495 2957 1563 περιαγωγὴν,
3001 1497 3192 1550 ἔπειτα
3229 1497 3411 1552 δὲκαὶ
3453 1499 3553 1570 τὴν
3595 1503 3660 1553 ἐκ
3689 1501 3786 1570 τῆς
3815 1503 3940 1555 ὁδοῦ
3971 1521 4030 1555 τε

2441 1584 2537 1637 καὶ
2568 1585 2675 1637 τῶν
2725 1585 2940 1654 δεσμῶν
2982 1590 3360 1644 κακοπάθειαν
3395 1593 3679 1647 ὑπανείναι
3710 1594 3860 1664 αὐτῷ
3894 1595 4033 1663 μάρ-

2438 1690 2561 1742 τυρι
2593 1673 2683 1726 τὸν
2714 1678 2863 1728 τόνον
2894 1677 2989 1747 τῆς
3037 1679 3340 1744 εὐσεϐείας,
3372 1685 3569 1752 πεῖραν
3616 1684 3766 1755 αὐτῷ
3791 1687 3887 1738 καὶ
3921 1687 4028 1738 πά-

2440 1767 2522 1819 λιν
2569 1768 2764 1835 ἑτέραν
2805 1774 3096 1841 προσάγει,
3133 1774 3226 1824 καὶ
3261 1772 3360 1843 τὴν
3403 1777 3627 1844 πορείαν
3662 1777 3861 1848 μικρὸν
3905 1779 4030 1829 επι-

758 1876 1060 1944 ingressum
1082 1872 1360 1942 paululum
1391 1871 1769 1935 sustinuisset,
1787 1869 2037 1940 perducit
2059 1869 2330 1940 Tliyrsutn
2363 1859 2406 1917 B
2439 1888 2440 1903 ι

2363 1859 2406 1917 Β
2439 1860 2585 1930 σχὼν
2634 1862 2964 1933 παρίστησιν
3015 1866 3106 1917 ὑπ’
3143 1865 3268 1934 ὄψιν
3317 1868 3463 1937 αὐτῷ
3492 1870 3586 1920 τὸν
3621 1870 3856 1938 Θύρσον,
3909 1875 4031 1936 καὶ,

758 1969 809 2019 iu
842 1983 1001 2021 suum
1029 1974 1401 2033 conspectum,
1435 1972 1490 2017 et
1517 1963 1662 2016 dixit
1694 1979 1707 2016 :
1741 1962 1830 2017 νει
1867 1962 1954 2016 die
1981 1973 2029 2016 te
2058 1963 2330 2016 sacriﬁca-

763 2072 972 2120 turum,
1023 2057 1164 2110 vela
1198 2055 1303 2108 vita
1339 2055 1537 2109 misere
1582 2053 1838 2109 excedcs.
1896 2055 2031 2109 Cum
2071 2055 2115 2108 is
2146 2062 2329 2108 autent

761 2153 1037 2220 prioribus
1081 2164 1427 2218 consequens
1479 2148 1720 2203 dedisset
1752 2163 2100 2217 responsum,
2139 2146 2334 2216 quiue-

760 2246 884 2298 tiam
942 2244 1358 2313 subjunxisset:
1399 2243 1512 2296 lmo
1562 2257 1692 2297 vero
1739 2252 1931 2296 vestrae
1984 2258 2105 2296 mox
2148 2257 2333 2295 erum-

760 2345 888 2405 pent
915 2338 1130 2397 animae,
1163 2337 1230 2388 ad
1261 2337 1520 2405 majorem
1547 2335 1684 2388 iram
1719 2334 1819 2403 ipsi
1856 2345 1984 2388 sunt
2016 2334 2250 2396 incitati,
2279 2344 2335 2387 et

757 2430 948 2499 jubent
999 2444 1126 2484 eum
1175 2443 1298 2481 cum
1342 2426 1516 2497 plagis
1561 2426 1703 2481 trahi
1755 2428 2049 2495 Apameam
2135 2440 2331 2494 usque.

764 2522 879 2577 illic
902 2537 1034 2576 vero
1064 2536 1188 2575 cum
1221 2521 1354 2583 suis,
1386 2520 1560 2582 aiunt,
1592 2519 1887 2588 praestigiis
1913 2518 1967 2572 in
1995 2534 2144 2572 mare
2166 2519 2334 2587 jacia-

768 2627 854 2667 tur
885 2632 894 2666 :
937 2614 990 2666 in
1041 2627 1151 2682 quo
1186 2611 1361 2665 malus
1411 2612 1548 2666 male
1601 2611 1826 2680 peribit,
1863 2619 1919 2665 et
1955 2626 2057 2665 nec
2091 2613 2334 2681 sepultu-

765 2723 875 2760 ram
919 2705 1141 2775 quidem
1193 2715 1567 2773 consequetur
1617 2713 1736 2770 post
1778 2712 2029 2757 mortem.
2083 2704 2336 2757 Nondum

765 2805 1126 2865 pervenerant
1157 2798 1210 2848 in
1269 2794 1569 2856 civitatem,
1602 2802 1659 2848 et
1696 2793 1951 2864 martyris
1983 2794 2168 2847 evenit
2199 2811 2337 2862 pne-

765 2892 953 2944 iIictio.
1002 2889 1136 2942 Nam
1174 2886 1442 2958 Sylvanus
1491 2885 1713 2955 quidem
1754 2894 1979 2955 repente
2026 2885 2128 2938 fuit
2164 2902 2306 2939 mem

769 2981 880 3035 bris
920 2981 1168 3044 solutus;
1213 2977 1567 3034 Cumbricius
1593 2985 1773 3030 autem
1827 2978 2134 3031 vehementi
2186 2976 2339 3032 l‘ebre

767 3081 1073 3140 correptus,
1128 3069 1290 3124 ambo
1354 3067 1742 3122 miserabiliter
1791 3067 1957 3122 vitam
2009 3076 2208 3137 quarto
2251 3069 2340 3123 die

771 3165 982 3216 linicre.
1016 3162 1214 3216 Fertur
1255 3175 1407 3225 vero,
1441 3170 1638 3213 terram
1678 3174 1787 3212 non
1819 3160 2109 3214 admisisse
2148 3175 2339 3214 eorum

769 3271 1016 3325 corpora,
1053 3254 1231 3307 donec
1260 3262 1466 3323 martyr
1497 3262 1776 3320 precatus,
1809 3267 1930 3306 eam
1967 3251 2341 3320 prosilientem

769 3360 823 3401 et
866 3363 922 3402 se
975 3347 1280 3400 vibrantem
1334 3345 1595 3414 placavit,
1650 3355 1705 3398 et
1746 3343 2101 3398 miserisillis
2147 3358 2345 3398 recon-

770 3442 972 3494 ciliavit

843 3531 955 3587 XV.
996 3530 1131 3586 Cum
1159 3530 1246 3584 isti
1297 3539 1403 3583 tam
1429 3528 1723 3582 infeliciter
1750 3543 1781 3582 e
1813 3529 1920 3583 vita
1956 3529 2346 3593 excessissent,

771 3634 826 3678 et
858 3639 968 3678 sum
1001 3623 1055 3676 in
1086 3633 1380 3692 martyrem
1410 3621 1717 3674 insolentiae
1744 3621 1921 3691 justas
1955 3635 2144 3690 poenas
2166 3621 2348 3675 dedis-

774 3725 914 3778 sent,
947 3715 1001 3766 in
1049 3714 1301 3768 custodia
1337 3722 1394 3766 et
1443 3713 1676 3766 vinculis
1721 3711 1970 3784 Thyrsus
2015 3713 2083 3766 ab
2133 3713 2226 3767 illo
2258 3713 2347 3767 die

774 3807 964 3876 viginti
1007 3815 1120 3858 tres
1144 3804 1261 3857 dies
1295 3804 1472 3857 fuerat
1519 3813 1894 3858 conservatus.
1945 3801 2152 3858 Deinde
2203 3804 2350 3856 venit

775 3899 996 3967 quidam
1029 3897 1172 3950 alius
1204 3911 1426 3965 praeses,
1464 3911 1574 3949 non
1606 3895 1779 3950 solius
1807 3896 1948 3964 ejus,
1983 3911 2146 3964 quam
2197 3898 2349 3964 prior

777 3989 1031 4052 habebat,
1063 3987 1370 4056 potestatis,
1412 3987 1507 4040 scd
1541 4001 1754 4041 morum
1811 3988 1977 4042 etiam
2015 4002 2343 4041 successor:

778 4082 868 4149 qui
918 4079 1148 4132 barbara
1195 4077 1378 4147 lingua
1431 4077 1825 4131 nominabatur
1873 4077 2110 4131 Bandus.
2146 4077 2194 4131 ls
2225 4093 2348 4131 cum

781 4176 1016 4228 venisset
1046 4174 1361 4241 Apameam,
1394 4182 1449 4226 et
1477 4170 1534 4224 in
1569 4171 1751 4225 medio
1775 4172 2076 4234 concionis,
2097 4188 2219 4242 qua:
2247 4173 2349 4241 ipsi

778 4277 898 4321 erat
936 4273 1287 4335 congregata,
1321 4259 1724 4327 constituisset,
1755 4274 1813 4318 et
1849 4279 1970 4332 quae
2002 4265 2072 4318 de
2111 4265 2351 4334 impera-

785 4369 901 4410 tore
939 4354 1046 4409 dici
1097 4355 1294 4416 solent,
1368 4354 1618 4419 dixisset,
1668 4362 1921 4407 scrutaris
1966 4353 2167 4409 deinde
2231 4369 2353 4424 quae

787 4451 925 4501 facta
959 4447 1261 4501 luerantab
1296 4447 1360 4499 iis
1392 4446 1485 4512 qui
1517 4446 1694 4514 ipsum
1726 4456 2150 4515 pracesserunt,
2180 4456 2238 4502 et
2264 4463 2353 4502 ac-

2439 1953 2508 2004 "H
2540 1951 2749 2016 θύσειν,
2779 1954 2985 2023 ἔλεγεν,
3029 1957 3173 2021 εἰπὲ,
3217 1957 3249 2029 ἢ
3290 1959 3384 2012 τοῦ
3419 1961 3519 2028 ζῇν
3551 1961 3751 2024 ἀθλίως
3780 1964 4030 2015 ἀπαλλα-

2437 2046 2602 2118 γήσῃ.
2651 2045 2755 2099 Τοῦ
2798 2050 2855 2101 δὲ
2899 2054 2981 2102 κα
3027 2050 3233 2120 ταύτην
3268 2051 3564 2106 ἀκόλουθον
3590 2056 3691 2125 τὴν
3726 2056 4031 2126 ἀπόκρισιν

2438 2141 2554 2201 ταῖς
2594 2142 3000 2208 προλαὸούσαις
3032 2145 3432 2214 ποιησαμένου,
3467 2147 3791 2210 ἐπειπόντος
3823 2148 3881 2199 δὲ
3933 2150 4028 2200 καὶ

2437 2235 2522 2314 ὅτι
2551 2234 2768 2289 Μᾶλλον
2793 2238 2948 2304 ὑμεῖς
2979 2239 3102 2291 ὅσον
3137 2237 3292 2290 οὓπω
3329 2241 3424 2301 τάς
3455 2241 3632 2309 ψυχάς
3658 2240 4026 2312 ἀπορρήξετε,

2438 2330 2516 2389 εἰς
2551 2327 2773 2396 μείζονα
2828 2328 2920 2380 τὸν
2965 2327 3137 2398 θυμὸν
3177 2329 3333 2383 αὐτοὶ
3375 2330 3733 2401 διηγείροντο,
3774 2336 3870 2386 καὶ
3911 2351 4029 2386 συν·

2442 2421 2668 2474 ἔπεσθαι
2693 2421 2830 2490 μετά
2859 2422 3086 2492 πληγῶν
3112 2421 3267 2484 αὖθις
3317 2423 3480 2495 ἄχρις
3526 2425 3831 2494 Ἀπαμείας
3865 2428 4032 2479 αὑτὸν

2441 2513 2756 2566 κελεύουσιν
2784 2531 2796 2544 ⁸
2817 2516 3029 2569 Ἐκεῑσε
3051 2516 3109 2568 δὲ
3141 2516 3333 2580 αὑταῖς
3361 2517 3639 2588 γοητείαις
3676 2520 4027 2590 ἀπερρίφθιυ,

2442 2609 2596 2675 φησὶ,
2637 2610 2776 2659 κατά
2818 2609 2917 2676 τῆς
2965 2607 3258 2679 Θαλάττης,
3294 2613 3353 2663 ἐν
3481 2611 3669 2674 κακῶς
3715 2613 4030 2677 ἀπολεῖται,

2446 2701 2581 2769 μηδὲ
2625 2703 2805 2771 ταφῆς
2847 2703 2977 2771 γοῦν
3023 2720 3169 2766 τινος
3217 2704 3357 2774 μετά
3402 2705 3636 2758 θάνατον
3684 2707 4029 2776 ἀξιούμενος.

2444 2792 2614 2846 οὔπω
2663 2797 2797 2865 πρὸς
2827 2797 2928 2865 τὴν
2973 2799 3130 2848 πόλιν
3182 2797 3346 2868 ἦσαν,
3401 2802 3494 2852 καὶ
3540 2803 3573 2871 ἡ
3616 2801 3709 2852 τοῦ
3749 2803 4030 2871 μάρτυρος

2445 2887 2689 2951 ἐξέὅαινε
2746 2890 3076 2961 πρόρρησις.
3139 2892 3394 2954 Σιλῆανὺς
3461 2894 3559 2962 μὲν
3613 2899 3720 2962 γὰρ
3770 2898 4034 2965 παρεθε“·ς

2445 2978 2639 3049 ἀθρόον
2700 2980 2767 3032 τὰ
2818 2982 2977 3051 μέλη,
3031 2983 3405 3052 Κουμὸρέκιος
3459 2985 3516 3037 δὲ
3573 2985 3793 3054 πυρετῷ
3847 2987 4034 3055 λάσρῳ

2445 3068 2692 3137 ληφθεὶς.
2733 3067 2982 3130 ἐλεεινῶς
3016 3069 3186 3138 ἄμφω
3223 3072 3314 3123 τὸν
3362 3070 3476 3136 βίον
3512 3077 3824 3141 τεταρταῖοι
3873 3078 4036 3126 κατέ-

2445 3159 2632 3212 ὶυσαν.
2669 3157 2752 3211 Τά
2780 3157 3004 3228 σώματι
3036 3159 3092 3212 δὲ
3136 3161 3319 3214 αὐτῶν
3351 3161 3507 3229 λόγος
3531 3161 3644 3232 ἔχει
3684 3166 3784 3233 τὴν
3818 3169 3924 3235 γῆν
3958 3168 4034 3236 μὴ

2450 3251 2795 3320 προσίεσθαι,
2823 3251 2948 3313 ἕως,
2992 3269 3044 3317 π,
3069 3254 3435 3322 οσευξάμενος
3457 3257 3492 3310 ,ὁ
3527 3257 3760 3326 μάρτυς,
3789 3259 4034 3327 ἐπράῦνέ

2448 3360 2507 3395 τε
2547 3345 2718 3414 αὐτὴν
2765 3342 3148 3414 παλλομένην,
3206 3349 3440 3402 καὶτοῖς
3500 3346 3754 3412 ἐλεεινοῖς
3800 3351 4035 3412 ἐκείνοις

2449 3434 2774 3501 κατήλλαξε.

2520 3527 2619 3579 lla".
2661 3527 2878 3581 Τούτων
2899 3528 2956 3582 δὲ
2985 3529 3128 3582 οὓτω
3154 3529 3435 3602 δυστυχῶς
3461 3535 3554 3586 τ’»ν
3582 3533 3696 3603 βίον
3725 3551 4031 3606 καταστρε-

2447 3619 2686 3688 ψάντων,
2745 3620 2840 3673 καὶ
2884 3621 3043 3687 ἀξίαν
3084 3622 3183 3692 τῆς
3226 3626 3308 3687 είς
3335 3625 3428 3677 τὸν
3460 3626 3711 3697 μάρτυρα
3739 3631 4032 3697 παροινίας

2448 3711 2765 3764 δεδωκότων
2807 3712 2904 3781 τὴν
2939 3713 3117 3782 δίκην,
3166 3715 3275 3768 ὑπὸ
3327 3716 3544 3787 φυλακῇ
3605 3719 3701 3770 καὶ
3747 3719 3967 3789 δεσμοῖς
4005 3725 4037 3773 ὁ

2449 3803 2657 3874 θύρσος
2708 3805 2898 3874 τρίτην
2936 3805 2998 3869 ἐξ
3049 3809 3264 3859 ἐκείνου
3316 3811 3412 3861 καὶ
3463 3812 3722 3882 εἰκοστὴν
3761 3817 4031 3885 τετήρητο

2451 3897 2549 3966 τὴν
2599 3896 2840 3966 ἡμέραν.
2889 3893 3019 3950 Εἶτα
3064 3900 3357 3966 ἐφίσταταί
3405 3917 3491 3964 τις
3545 3906 3772 3972 ἡγεμὼν
3822 3909 4032 3974 ἔτερος,

2450 3989 2512 4040 ού
2551 3990 2650 4057 τῆς
2683 3988 2931 4052 ἐξουσίας
2963 3991 3058 4042 τοῦ
3092 3994 3360 4063 προτέρου
3413 3997 3601 4065 μόνης,
3639 3998 3776 4050 ἀλλά
3820 4005 3913 4052 καὶ
3939 4002 4031 4053 του

2451 4079 2656 4150 τρόπον
2686 4081 2948 4150 διάδοχος,
2977 4082 3241 4155 βαρῦάρῳ
3282 4087 3508 4159 γλώσσῃ
3539 4089 3741 4154 Βᾶνδος
3771 4093 4029 4162 όιομαζό-

2457 4188 2638 4241 μενος.
2679 4166 2877 4239 Οὗτος,
2919 4175 3019 4245 τὴν
3067 4177 3359 4247 Ἀπαμέων
3407 4181 3754 4247 καταλαϐὼν,
3791 4186 3888 4239 ἐπὶ
3936 4189 4032 4254 τῆς

2455 4258 2838 4331 ἀθροισθείσης
2881 4277 2939 4314 τε
2976 4262 3106 4327 θέας
3152 4265 3304 4337 αὐτῷ
3337 4269 3427 4320 καὶ
3460 4275 3824 4341 πανηγύρεως
3857 4292 4031 4329 κατα-

2460 4351 2611 4415 στὰς,
2657 4355 2752 4405 καὶ
2802 4354 2870 4405 τὰ
2900 4355 3107 4426 συνήθη
3144 4361 3277 4428 περὶ
3314 4361 3408 4412 τοῦ
3437 4361 3702 4431 βασιλέως
3723 4367 4033 4433 διεξελθὼν,

2459 4439 2581 4496 εἶτα
2631 4447 2724 4498 καὶ
2777 4446 2880 4510 τάς
2907 4447 3017 4500 τῶν
3071 4450 3177 4519 πρὸ
3217 4451 3397 4509 αὑτοῦ
3437 4456 3665 4524 πράξεις
3706 4463 4034 4530 ἀνερευνῶν,

785 4553 834 4592 ta
867 4539 1087 4591 illorum
1120 4537 1426 4605 perlegens,
1467 4535 1660 4590 incidit
1693 4536 1746 4588 in
1774 4551 1838 4589 ea
1867 4551 1987 4605 qua!
2020 4536 2086 4591 de
2118 4551 2355 4609 martyre
2391 4553 2431 4604 ι)
2461 4555 2467 4590 :

2349 4557 2355 4590 ε
2391 4553 2431 4604 ι)
2461 4538 2556 4591 καὶ
2583 4538 2650 4591 τά
2685 4538 2910 4592 ἐκείνων
2937 4539 3110 4594 ἐπιὼν
3145 4543 3536 4614 ὑπομνήματα,
3575 4551 3895 4620 ὲντυγκάνει
3924 4560 4031 4620 τοῖς

786 4630 994 4699 Thyrso
1023 4629 1242 4684 decreta
1276 4630 1515 4681 fuerant.
1543 4628 1608 4682 Et
1639 4644 1761 4682 cum
1790 4629 1988 4698 partim
2022 4629 2242 4698 quidem
2289 4646 2355 4684 ex

782 4723 942 4784 actis,
977 4721 1171 4790 partim
1210 4730 1392 4774 autem
1434 4736 1496 4773 ex
1545 4721 2033 4775 circumstantibus
2062 4725 2244 4775 omnia
2275 4723 2359 4776 di-

787 4815 1029 4874 dicisset,
1064 4813 1341 4881 publicum
1377 4812 1429 4863 in
1456 4811 1601 4863 diem
1633 4821 1952 4879 sequentem
1987 4812 2038 4866 ei
2085 4811 2356 4865 theatrum

785 4915 1080 4975 congregat
1119 4923 1134 4958 :
1170 4913 1226 4958 ct
1264 4920 1386 4959 cum
1422 4904 1846 4958 examinandum
1895 4905 2164 4974 Thyrsum
2235 4924 2363 4975 pro-

786 5003 1032 5052 duxisset
1079 5000 1131 5052 in
1164 4998 1406 5054 medium
1435 5017 1447 5052 :
1483 5000 1563 5050 ‘l'u
1595 5014 1676 5061 es,
1724 4998 1922 5067 inquit,
1956 4999 2220 5071 Tliyrsus,
2266 5003 2359 5072 qui

792 5094 1182 5160 imperatorum
1248 5085 1398 5163 jussa
1449 5093 1777 5146 contumelia
1827 5091 2013 5156 alneis,
2045 5103 2098 5147 ct
2131 5094 2184 5148 in
2216 5110 2279 5148 ea
2313 5106 2362 5150 te

791 5184 1087 5237 insolenter
1134 5184 1301 5253 geris,
1355 5194 1411 5237 et
1456 5185 1635 5254 magni
1703 5184 1791 5238 dei
1836 5185 2104 5254 Apollinis
2161 5186 2365 5240 contri-

789 5276 912 5328 visti
944 5273 1224 5330 statuam?
1249 5275 1342 5329 Ille
1371 5291 1502 5328 vero
1539 5294 1551 5329 :
1588 5275 1700 5344 Ego
1728 5289 1871 5340 sum,
1907 5277 2105 5346 inquit,
2136 5280 2229 5348 qui
2253 5296 2363 5333 non

791 5382 955 5436 parco
996 5368 1197 5435 iniquis
1229 5368 1450 5431 edictis,
1479 5383 1658 5437 neque
1691 5368 1951 5437 operibus
1983 5387 2239 5424 manuum
2269 5374 2366 5427 ho-

795 5461 1000 5511 minum
1041 5459 1222 5513 otl'ero
1251 5459 1584 5513 sacriﬁcium
1622 5478 1635 5514 :
1700 5461 1793 5514 sed
1819 5461 1917 5514 soli
1949 5461 2167 5515 Christo
2197 5465 2366 5516 sacri-

797 5551 899 5600 lico
930 5548 1260 5602 sai-riﬁcium
1286 5549 1483 5610 laudis,
1514 5561 1571 5603 et
1605 5566 1728 5604 cum
1757 5567 1946 5604 verum
1984 5552 2152 5605 Deum
2190 5556 2367 5607 nomi-

796 5656 885 5692 no.
917 5640 1012 5692 Iiic
1060 5649 1240 5693 autem
1270 5641 1522 5696 similiter
1570 5658 1798 5712 nugaris,
1844 5655 2007 5712 atque
2035 5645 2247 5713 judices
2273 5648 2363 5715 qui

797 5742 1204 5799 praecesserant,
1227 5743 1282 5788 et
1310 5744 1508 5804 putans
1534 5751 1590 5790 se
1624 5752 1783 5805 posse
1814 5738 1976 5791 minis
1999 5748 2363 5804 terrereeum,

797 5830 888 5894 qui
927 5827 1120 5883 terreri
1156 5843 1264 5882 non
1317 5837 1574 5897 poterat;
1607 5831 1685 5884 'l'u
1721 5830 1972 5897 fortasse,
2006 5833 2204 5900 inquit.
2242 5833 2367 5888 ideo

2464 4633 2591 4701 περὶ
2621 4632 2715 4684 τοῦ
2749 4635 3027 4704 μάρτυρος
3056 4635 3272 4705 Θύρσου
3302 4638 3699 4711 ἑψηφισμένοις
3721 4665 3732 4677 ο
3758 4649 3852 4701 καὶ
3881 4650 4032 4703 τοῦτο

2464 4727 2562 4792 μὲν
2586 4726 2691 4776 ἀπὸ
2728 4724 2836 4778 τῶν
2879 4727 3315 4798 ὑπομνημάτων,
3349 4735 3509 4787 τοῦτο
3555 4736 3612 4790 δὲ
3650 4740 3745 4791 καὶ
3793 4743 3900 4794 ἀπὸ
3928 4746 4031 4795 τῶν

2463 4817 2844 4906 περ.εστώτων
2890 4821 3069 4874 πάντα
3109 4826 3466 4894 καταμαθὼν,
3513 4829 3775 4899 δημόσιον
3813 4838 3894 4898 είς
3927 4837 4029 4906 ίτὴν

2462 4905 2585 4974 ἑξῆς
2615 4909 2764 4975 αύτῷ
2786 4908 3014 4980 θέατρον
3039 4912 3404 4982 συναθροίζει,
3438 4918 3532 4969 καὶ
3559 4920 3724 4987 μέσον
3744 4923 3822 4984 είς
3853 4905 4032 4989 ἐξέτα.

2466 5014 2549 5048 σιν
2579 4999 2671 5049 τὸν
2702 4996 2909 5068 Θύρσον
2939 5000 3301 5069 παραγαγὼν,
3330 5005 3404 5057 Σὺ
3437 5001 3490 5058 ei
3533 5007 3765 5078 Θύρσος,
3804 5011 3975 5080 εἶπεν,
4009 5021 4035 5068 ὁ

2463 5090 2542 5150 είς
2572 5093 2638 5142 τὰ
2689 5089 2798 5142 τῶν
2835 5091 3254 5163 αὐτοκρατόρων
3288 5100 3688 5169 προστάγματα
3719 5105 4033 5177 ἐξυσρςζων,

2465 5184 2560 5273 καὶ
2610 5183 2671 5236 τὸ
2721 5183 2812 5237 τοῦ
2875 5187 3117 5252 μεγάλου
3164 5188 3289 5241 θεοῦ
3352 5191 3688 5260 Ἀπόλλωνος
3744 5205 4036 5273 συντρίψας

2464 5272 2726 5343 ἄγαλμα;
2780 5275 2888 5327 Καὶ
2951 5277 3033 5343 ὃς,
3090 5279 3231 5344 Ἐγώ
3279 5281 3416 5350 είμι,
3449 5283 3578 5355 ἔφη,
3626 5290 3655 5340 δ
3700 5272 4035 5365 παρανόμοις

2465 5366 2731 5436 δόγμασιν
2783 5370 3052 5434 ἀπειθῶν,
3105 5372 3198 5424 καὶ
3242 5373 3378 5442 μηδὲ
3427 5378 3635 5446 χειρῶν
3683 5382 4034 5453 ἀνθρωπίνων

2466 5459 2650 5528 ἔργοις
2693 5460 2886 5514 θυσίαν
2925 5471 3247 5534 προσάγων,
3286 5469 3426 5524 ἀλλά
3459 5473 3605 5543 μόνῳ
3639 5475 3783 5529 Θύων
3820 5480 4033 5551 Χριστῷ

2467 5553 2660 5606 θυσίαν
2691 5555 2973 5620 αἰνέσεως,
3005 5560 3100 5610 καὶ
3121 5560 3311 5614 τοῦτον
3341 5564 3547 5636 ἀψευδῆ
3583 5567 3714 5622 Θεὸν
3732 5572 4030 5642 ὀνομάζω-ι.

2479 5643 2536 5696 '0
2580 5645 2637 5696 at
2684 5648 2775 5699 καὶ
2810 5648 2971 5710 αὐτὸς
3024 5651 3186 5716 ὃμοια
3216 5658 3328 5715 τοῖς
3374 5657 3706 5726 προλαῦοὖσι
3741 5662 3925 5735 ληρῶν
3967 5669 4033 5723 δι-

2468 5741 2716 5805 κασταῖς,
2763 5741 2860 5794 καὶ
2906 5744 3161 5809 ἀπειλαίς
3208 5749 3445 5818 φοϐῆσαι
3497 5753 3673 5810 δοκῶν
3703 5759 3795 5812 τὸν
3834 5762 4033 5835 ἀπτόηο

2474 5850 2589 5906 τονὶ
2623 5835 3038 5909 Παραπλησέου,
3077 5840 3201 5912 ἔφη,
3257 5844 3614 5918 δικαστηρίου
3671 5854 3785 5918 τοῖς
3838 5857 4030 5926 προλσο
