4260 6430
220 427 331 491 525
376 492 379 497 ,

1123 427 1585 490 MABTYRIUM
1625 430 1684 493 S.
1729 430 2013 491 THYRSI
2048 431 2143 491 ET
2179 430 2594 491 SOCIORUM.

3398 424 3502 487 526

220 543 380 597 ϐοῦσι
409 543 504 596 καὶ
529 546 597 598 τά
619 542 717 596 νῦν
743 542 995 613 οἰόμενος
1023 545 1429 613 ὲπιτεύξεσθαι,
1447 546 1538 599 καὶ
1563 545 1809 600 άνεκτῶν
1842 551 1882 608 Α

1842 551 2105 608 Asecure
2156 545 2443 617 magniﬁce
2496 543 2760 614 loqueris,
2816 539 2963 611 quod
3014 546 3173 610 putes
3218 547 3271 599 te
3320 538 3495 595 simile

220 637 366 690 οῦτω
414 635 725 707 τιμωριῶν,
778 635 952 699 ἀδεῶς
1002 636 1513 709 μεγαλορρημονεῖς
1562 638 1656 690 καὶ
1706 638 1811 691 ima

223 728 465 799 θράσους
522 726 593 780 τά
654 727 1021 796 παραστάντα
1073 727 1276 796 λέγεις.
1349 728 1489 781 Ἀλλ’
1540 728 1695 781 οὐδέν
1752 746 1810 782 σε

220 818 399 871 ταῦτα
445 819 739 888 όνησουσιν
791 818 1049 889 οῦδαμῶς
1095 819 1175 881 είς
1207 820 1405 887 πεῖραν
1449 819 1672 872 ἐλθόντα
1704 814 1817 873 τῶν

224 910 360 978 παρ’
400 908 559 980 ἡμῶν
592 910 890 964 κολάσεων.
924 911 1017 963 Διδ
1061 910 1173 964 τῶν
1208 912 1455 980 ματαίων
1478 910 1653 981 λόγών
1687 912 1813 982 ἀφέ-

228 1018 410 1069 μενος,
436 999 599 1054 θῦσον
631 1002 947 1071 προσελθὼν
971 1004 1085 1064 τοῖς
1116 1002 1291 1065 θεοῖς’
1326 1004 1374 1057 εί
1404 1003 1449 1056 δ’
1476 1002 1594 1069 οὖν,
1622 1005 1812 1058 παθὼν

218 1096 367 1166 εἴσῃ,
400 1096 495 1147 καὶ
529 1095 667 1164 ταχὺ
710 1094 929 1147 πάντων
966 1094 1204 1166 ἱπιλήσῃ
1245 1094 1353 1147 τῶν
1402 1095 1810 1164 προλαϐόντων.

221 1187 336 1241 Καὶ
387 1188 415 1239 ὁ
457 1185 693 1255 μάρτυς,
742 1182 899 1248 Οἶδα,
951 1187 1136 1257 φησὶν,
1181 1188 1330 1248 ὅπως
1380 1187 1536 1257 ὑμῶν
1576 1188 1811 1253 ἕκαστος

221 1278 471 1349 ὠμότητι
504 1281 598 1332 καὶ
628 1280 853 1351 ἀσεϐείᾳ
885 1279 1108 1347 νικῆσαι
1138 1281 1493 1348 φιλονεικεῖτε
1522 1282 1648 1343 τοὺς
1677 1299 1810 1350 προ-

220 1373 515 1435 λαϐόντας.
555 1372 698 1426 Ἀλλ’
743 1374 867 1441 ἐμοὶ
899 1371 1225 1442 πεποίθησις
1265 1373 1321 1424 ὲν
1352 1371 1575 1442 Χριστῷ
1608 1373 1691 1425 ὅτι
1719 1374 1812 1425 καὶ

221 1468 325 1528 τὰς
392 1465 666 1534 ὑμετέρας
728 1462 1026 1526 επιϐουλὰς
1084 1463 1323 1534 εὐχερῶς
1385 1464 1807 1535 ὑπερϐήσομαι,

221 1558 320 1611 καὶ
363 1557 458 1610 τὸν
500 1557 591 1609 τοῦ
643 1558 950 1627 μαρτυρίου
984 1557 1253 1625 στέφανον
1302 1556 1666 1627 ἀναϐήσομαι.
1701 1560 1812 1611 Καὶ

228 1650 377 1702 οὕτω
410 1650 509 1719 μὲν
542 1650 569 1701 6
598 1648 904 1717 θαυμάσιος
933 1648 1197 1718 ἀθλητής.

292 1741 408 1806 lq'.
448 1741 553 1792 ἰ”ιν
617 1738 671 1791 δὲ
708 1739 881 1792 κοινὸν
926 1738 1118 1809 ἐχθρὸν
1172 1739 1347 1792 ταῦτα
1400 1737 1660 1807 ἐθραττεν
1727 1740 1807 1790 ἰσ-

220 1831 424 1899 χυρῶς,
486 1831 583 1882 καὶ
615 1830 801 1899 φέρειν
830 1832 888 1881 εν
920 1828 996 1899 τῷ
1042 1829 1289 1899 μάρτυρι
1346 1829 1807 1898 λαμπρυνομένην

218 1926 320 1993 τὴν
351 1924 635 1976 εὐσέϐειαν
665 1923 767 1975 οὐκ
794 1921 1060 1991 ἠνείχετο·
1108 1921 1240 1974 ἀλλὰ
1274 1920 1353 1989 τῷ
1388 1921 1616 1990 ἡγεμόνι
1639 1936 1804 1989 προσ-

216 2016 393 2068 ελθὼν
423 2014 665 2082 ἀφανῶς,
720 2011 1025 2082 σύμϐουλος
1078 2012 1231 2082 αὐτῷ
1288 2013 1529 2081 γίνεται,
1591 2014 1685 2064 καὶ
1715 2007 1801 2065 οἷα

219 2107 494 2177 πρότερον
539 2106 904 2177 ὑπεϐεϐλήκει
965 2106 1044 2175 τῷ
1080 2105 1186 2174 πρὸ
1238 2105 1426 2171 αὐτοῦ,
1463 2106 1567 2159 κᾶν
1618 2108 1650 2174 ὴ
1686 2106 1802 2158 θεία

217 2198 404 2267 ψῆφος
434 2198 641 2251 ἄνωθεν
688 2200 887 2267 ἑπέσχε
942 2198 1040 2267 τὴν
1080 2197 1329 2263 ἔκϐασιν,
1365 2198 1593 2251 τοιαῦτα
1622 2215 1681 2265 γε
1709 2201 1802 2250 καὶ

214 2291 398 2359 τοῦτῳ
427 2290 520 2343 νῦν
566 2291 879 2360 ὑποτίθησι.
913 2291 1021 2344 Kal
1060 2290 1219 2358 γνοὺς
1251 2290 1456 2343 ἐκεῖθεν
1488 2293 1514 2343 ό
1541 2290 1802 2361 δ.καστὴ;

214 2381 299 2444 ὼς
351 2382 435 2453 εἴη
471 2399 529 2435 τε
584 2389 952 2452 πονηρότατος
1004 2381 1033 2433 ό
1064 2383 1120 2435 ἐν
1150 2384 1262 2445 τοῖς
1323 2382 1507 2436 ῦδασιν
1554 2382 1798 2451 ὄλεθρος,

220 2474 319 2525 καὶ
351 2473 426 2536 ὼς
459 2472 712 2525 ἐντεῦθεν
767 2472 860 2525 δύο
918 2472 1088 2525 πάλιν
1144 2473 1435 2541 συμϐαίνει
1467 2474 1535 2525 τά
1567 2473 1799 2542 χαλεπὰ,

221 2566 357 2618 αὐτό
389 2582 447 2617 τε
482 2566 542 2618 τὸ
570 2565 906 2636 μαρτυρικδν
954 2565 1114 2635 σῶμα
1159 2566 1336 2635 ταφῆς
1368 2567 1663 2635 ἀπορῆσαι,
1709 2568 1802 2620 καὶ

219 2658 588 2725 Χριστιανοὺς
650 2659 944 2727 ὑπομεῖναι
974 2660 1234 2727 τοιαύτην
1274 2659 1498 2728 ζημίαν,
1532 2658 1804 2726 λειψάνων

214 2752 370 2802 οῦτω
403 2750 803 2819 στερουμένους
851 2750 1219 2820 κοινωφελῶν,
1252 2750 1556 2821 περιδήσας
1603 2750 1801 2804 πάντο-

219 2842 319 2893 θεν
342 2842 597 2910 ἀσφαλῶς
616 2846 708 2896 καὶ
743 2848 821 2907 εἰς
851 2845 1055 2897 σάκκον
1098 2845 1259 2897 αὐτὸν
1294 2842 1574 2915 ἐμϐαλὼν,
1610 2844 1802 2913 ἀφίησι

220 2934 369 2984 κατὰ
391 2932 490 3001 τῆς
547 2933 849 3001 Θαλάσσης,
884 2936 1177 3005 τριάκοντα
1233 2936 1568 3004 προσωτέρω
1594 2935 1688 2988 τοῦ
1723 2939 1804 2989 αὶ-

224 3023 419 3088 γιαλοῦ
446 3024 702 3086 σταδίοις.
775 3025 911 3077 Ἀλλ’
937 3023 1257 3077 ὲνεδύσαντο
1280 3024 1378 3076 καὶ
1408 3025 1501 3077 νῦν
1537 3028 1805 3095 αἰσλύνίιν

220 3111 323 3163 καὶ
353 3112 620 3180 ἐντροπὴν
646 3112 908 3182 ἄντικρυς
943 3112 991 3164 οί
1040 3112 1657 3182 μεγαλορρημονοῦντες
1710 3116 1807 3166 ἐπ’

1916 656 2063 695 nunc
2085 655 2303 709 quoque
2330 639 2643 694 habiturum
2676 650 2795 691 esse
2814 635 3106 704 judicium,
3137 642 3191 687 et
3218 632 3497 687 cruciatus

1914 733 2053 787 adeo
2079 732 2412 796 tolerabiles,
2443 740 2497 784 et
2524 730 2779 783 audacter
2806 742 2870 782 ac
2920 726 3260 782 conﬁdenter
3306 725 3501 792 loque-

1919 826 2015 879 ris.
2074 823 2179 878 Sed
2218 824 2332 879 hac
2384 833 2436 877 te
2473 821 2609 875 nihil
2654 821 2947 888 iuvabunt,
2993 834 3119 873 cum
3170 828 3492 872 nostrorum

1917 924 2312 971 tormentorum
2344 914 2538 969 feceris
2582 912 2905 981 perieulum.
2947 908 3313 976 Quamobrem
3339 907 3496 961 vanis

1916 1008 2124 1061 relictis
2168 1005 2536 1068 sermonibus,
2592 1004 2791 1058 accede
2834 1012 2890 1057 et
2938 1003 3044 1057 diis
3095 1001 3364 1057 sacriﬁea.
3399 1001 3492 1058 Sin

1916 1101 2119 1160 minus,
2154 1114 2276 1152 eum
2314 1113 2507 1165 passus
2551 1098 2741 1161 lueris,
2775 1105 2833 1151 et
2874 1096 3103 1150 fortasse
3151 1094 3295 1148 obliv
3324 1095 3495 1148 sccris

1919 1189 2166 1242 omnium
2218 1186 2669 1253 praecedentium.
2718 1186 2922 1256 Martyr
2960 1195 3139 1238 autem
3181 1202 3193 1238 :
3226 1184 3374 1249 Scio,
3401 1184 3491 1237 in-

1912 1283 2055 1351 quit,
2154 1291 2599 1348 unumquemque
2676 1286 2919 1330 vestrum
2992 1274 3347 1328 contendere.
3433 1285 3493 1327 ut

1916 1372 2291 1441 praecl-dentes
2322 1370 2651 1423 crudelitate
2700 1376 2755 1421 et
2788 1368 3069 1437 impietate
3104 1374 3347 1433 superet.
3385 1365 3489 1418 Sel

1916 1477 2034 1515 mea
2063 1471 2146 1514 est
2193 1459 2244 1513 in
2273 1459 2493 1514 Christo
2524 1458 2746 1519 ﬁducia,
2784 1457 2902 1511 fore
2934 1466 2996 1510 ut
3042 1467 3098 1511 et
3144 1465 3357 1510 vestros
3395 1456 3489 1507 in-

1916 1556 2094 1609 sultus
2123 1553 2282 1607 facile
2314 1552 2483 1607 feram
2532 1567 2592 1604 ac
2619 1565 2897 1619 superem,
2920 1559 2980 1603 et
3010 1549 3265 1618 martyris
3289 1561 3490 1600 corona

1914 1646 2017 1699 sim
2053 1643 2367 1697 redimitus.
2422 1643 2489 1697 Et
2517 1642 2595 1695 sic
2639 1641 2860 1709 quidem
2894 1639 3238 1693 admirabilis
3266 1638 3489 1690 athleta.

1985 1734 2123 1789 XVI.
2160 1734 2281 1788 Haec
2311 1733 2532 1803 quidem
2564 1732 2721 1785 valde
2748 1730 3156 1786 conturbabant
3201 1738 3255 1783 et
3285 1744 3494 1796 punge-

1917 1827 2046 1881 bunt
2077 1842 2423 1881 communem
2467 1826 2774 1888 inimicum,
2807 1839 2909 1878 nec
2941 1823 3085 1877 terre
3128 1830 3341 1891 poterat
3372 1820 3489 1889 pie-

1911 1932 2075 1975 tatem
2113 1920 2552 1989 resplendenteni
2587 1920 2638 1972 in
2670 1929 2909 1988 martyre
2943 1933 2955 1969 :
2997 1913 3091 1971 sed
3140 1914 3206 1968 ad
3239 1928 3364 1967 eum
3406 1912 3488 1967 la-

1908 2025 2087 2070 tenter
2111 2014 2401 2075 accedens,
2451 2014 2501 2068 ei
2555 2013 2816 2074 consulit,
2840 2023 2897 2067 et
2923 2010 3110 2079 qualia
3140 2008 3189 2061 ei
3224 2008 3317 2075 qui
3356 2022 3483 2060 eum

1906 2110 2286 2170 praeceSsei-at,
2345 2113 2712 2171 suggesserat,
2758 2098 2975 2153 etiamsi
3006 2097 3191 2152 divina
3218 2111 3248 2149 e
3275 2098 3489 2164 superis

1906 2193 2173 2245 sententia
2224 2203 2483 2245 eventum
2551 2192 2930 2260 prohibuerat,
2962 2190 3090 2242 talia
3150 2187 3281 2241 huic
3314 2195 3488 2239 ‘uune

1906 2284 2190 2353 suggerit:
2229 2292 2283 2338 et
2315 2284 2464 2337 hunc
2496 2298 2619 2337 cum
2656 2281 2937 2336 Statuisset
2962 2282 3150 2351 judex,
3187 2273 3305 2333 esse
3330 2277 3489 2333 labo-

1908 2376 2293 2438 riosissimum,
2328 2377 2419 2445 qui
2457 2376 2508 2429 in
2537 2374 2694 2445 aquis
2726 2374 3019 2443 accipitur,
3052 2371 3344 2425 interitum
3374 2386 3388 2421 :
3432 2376 3488 2419 et

1908 2469 2035 2521 hinc
2095 2484 2283 2522 rursus
2340 2468 2450 2521 duo
2504 2468 2823 2534 contingere
2893 2464 3237 2534 gravissima,
3287 2474 3488 2528 nempe

1904 2561 2119 2629 qquet
2142 2560 2394 2630 martyris
2416 2575 2622 2627 corpus
2652 2567 2834 2612 careat
2878 2556 3181 2627 sepultura,
3234 2564 3289 2607 et
3331 2554 3457 2607 ϐίη-ι

1906 2654 2064 2707 stiani
2108 2654 2209 2707 huc
2260 2654 2517 2707 damnum
2550 2655 2845 2721 patiantur,
2884 2660 2943 2703 ut
2977 2651 3068 2718 qui
3098 2649 3177 2702 sic
3201 2648 3490 2717 priventur

1908 2748 2155 2817 reliquiis
2186 2748 2240 2801 in
2290 2761 2579 2806 commune
2607 2746 2840 2800 utilibus
2873 2762 2885 2797 :
2923 2759 3047 2797 cum
3087 2757 3214 2796 eum
3247 2751 3367 2795 tuto
3421 2756 3486 2794 ex

1905 2844 2055 2895 omni
2106 2850 2259 2907 parte
2301 2841 2542 2909 ligasset,
2581 2850 2637 2892 et
2688 2840 2741 2892 in
2773 2852 2989 2891 saccum
3038 2836 3374 2896 immisisset.
3406 2836 3491 2889 di-

1908 2932 2075 2985 mittit
2112 2933 2164 2984 itt
2199 2947 2350 2985 mare
2390 2931 2607 2999 triginta
2650 2930 2842 2983 stadiis
2877 2944 2906 2983 a
2936 2931 3149 2982 littore.
3185 2928 3292 2982 Sed
3337 2929 3489 2998 igno-

1911 3025 2135 3077 miniam
2182 3040 2388 3084 rursus,
2436 3033 2491 3077 et
2528 3023 2767 3076 dedecus
2814 3036 3007 3075 rursus
3051 3029 3237 3088 aperte
3288 3021 3487 3074 indue-

1911 3126 2059 3179 runt,
2103 3116 2195 3185 qui
2234 3115 2517 3184 magniﬁce
2548 3122 2601 3167 et
2649 3115 2802 3186 clare
2838 3113 3102 3166 adversus
3140 3127 3266 3166 eum
3302 3112 3491 3180 loque-

225 3200 414 3262 αὐτοι,
448 3203 540 3252 καὶ
598 3200 854 3270 διακενῆς
906 3198 1170 3269 ὤφθησαν
1201 3200 1645 3271 βουλευσάμενοι.
1702 3204 1806 3255 Τοῦ
1836 3220 1877 3277 c

1802 3205 1877 3277 ἑο
1913 3206 2134 3270 bantur,
2173 3215 2228 3259 et
2276 3206 2549 3259 incassum
2604 3205 2703 3257 tisi
2757 3210 2886 3257 sunt
2918 3204 3209 3256 consilium
3251 3203 3484 3270 cepisse.

228 3295 443 3345 σάκκου
500 3297 606 3361 γαρ
670 3293 1017 3363 παραχρῆμα
1075 3294 1465 3364 διαρῤαγέντος
1492 3297 1651 3365 χορὸς
1681 3296 1804 3348 λευ-

223 3386 481 3455 χειμονοῦ
499 3404 623 3437 ιτων
654 3387 882 3455 ἀνδρῶν,
903 3386 948 3437 ὦ
969 3386 1061 3439 τοῦ
1092 3386 1401 3456 θαύματοςί
1428 3389 1519 3440 τὶν
1552 3388 1808 3460 μάρτυρα

225 3476 571 3547 ὑπεδέχοντο,
624 3481 719 3530 καὶ
782 3477 975 3547 ὥσπερ
1022 3480 1109 3531 διὰ
1168 3480 1335 3547 ξηροῦ
1386 3480 1688 3543 πεζεύοντα
1712 3483 1804 3536 τοῦ

224 3569 486 3638 ἐδάφους,
519 3570 610 3621 επὶ
634 3571 734 3640 τὴν
766 3571 963 3639 χέρσον
1006 3571 1167 3633 εὐθὺς
1228 3571 1460 3642 ἤγαγον.
1496 3574 1669 3627 Τοῦτο
1696 3576 1806 3627 τοί⁹

224 3678 326 3713 νυν
358 3659 558 3722 ἰδόντες
584 3663 633 3711 οί
667 3660 760 3712 τὸν
808 3660 977 3730 άνδρα
1009 3663 1154 3713 κατὰ
1187 3660 1281 3713 τοῦ
1317 3662 1481 3732 βυθοῦ
1521 3665 1802 3733 ῥίψαντες,

226 3753 529 3823 ὑπότρομοι
574 3755 669 3805 καὶ
704 3752 972 3822 περιδεεῖς
1005 3752 1206 3806 αὐτίκα
1253 3754 1388 3823 πρὸς
1438 3756 1530 3807 τὸν
1562 3758 1805 3827 ηγεμόνα

227 3860 294 3899 τε
352 3844 601 3913 φοιτῶσι,
652 3847 747 3898 καὶ
792 3845 854 3898 τὸ
884 3847 1109 3913 γεγονὸς
1156 3846 1615 3915 ἀπαγγέλλουσιν.
1664 3850 1723 3901 Ὀ
1750 3849 1804 3902 δὲ

223 3940 385 4007 παρὰ
414 3937 505 3989 τὴν
558 3937 805 4003 αἰγιαλὸν
858 3937 985 4002 ὀξὺς
1012 3937 1261 4007 ηιρχεται,
1295 3939 1477 4005 φόνιόν
1500 3956 1553 3991 τι
1589 3940 1805 4009 βλέπων

227 4030 327 4081 καὶ
359 4028 586 4097 μαν.κόν
611 4043 623 4057 ·
654 4028 748 4079 καὶ
792 4027 981 4098 ἐπειδὴ
1046 4030 1207 4098 μόνον
1241 4030 1510 4099 ἑστηκότα
1542 4032 1632 4083 τὸν
1668 4032 1803 4103 μάρο

224 4137 368 4189 τνρα
401 4118 685 4181 ἐθεάσατο,
717 4114 793 4170 Ἦ
836 4136 942 4171 που
994 4121 1225 4191 χαλεπαί
1282 4122 1424 4183 τινες
1457 4123 1593 4173 εἰσιν
1629 4124 1803 4191 ὑμῶν,

229 4210 407 4275 εἶπεν,
436 4213 492 4263 αἱ
541 4212 746 4280 ἐπῳδαὶ
777 4227 834 4262 τε
871 4212 965 4263 καὶ
1008 4211 1385 4281 γοητεῖαι,-δι’
1418 4206 1492 4265 ὧν
1537 4215 1682 4266 οὕτω
1712 4217 1807 4267 καὶ

223 4306 532 4368 Θάλασσαν,
564 4302 638 4366 ὡς
685 4303 817 4373 ὁρῶ,
854 4302 1139 4372 χαλινοῦτε
1187 4304 1280 4355 καὶ
1311 4306 1590 4375 στοιχείων
1615 4306 1806 4375 φύσεις

230 4396 626 4461 άτοϐιάζεσθε.
669 4394 814 4464 Πλὴν
870 4394 987 4450 ἀλλ’
1047 4395 1338 4465 όνήσουσιν
1393 4395 1521 4465 ὑμῖν
1561 4390 1720 4450 αὗται
1746 4397 1804 4449 τὺ

235 4490 504 4559 παράπαν
529 4488 704 4553 οὐδὲν,
745 4489 829 4540 ὅτι
882 4488 958 4557 μὴ
1006 4488 1106 4540 καὶ
1163 4487 1417 4550 κολάσεις
1449 4487 1705 4552 πλείονας
1728 4490 1803 4543 οἶ-

1911 3299 2045 3353 Nam
2082 3315 2204 3352 cum
2255 3308 2480 3365 repente
2529 3311 2719 3352 saccus
2754 3304 2897 3350 esset
2927 3293 3230 3363 disruptus,
3285 3296 3488 3349 chorus

1909 3390 2152 3443 virorum
2184 3390 2595 3443 candidatorum
2618 3390 2636 3455 (
2661 3403 2692 3440 ο
2722 3386 3318 3456 ιιιὶηιουιυιιιῐ)οεεὶρὶι
3344 3402 3486 3439 mar-

1914 3489 2084 3551 tyrem
2122 3497 2132 3532 :
2168 3490 2224 3532 et
2260 3488 2517 3547 tauquam
2549 3493 2647 3546 per
2676 3477 2883 3530 siceum
2916 3477 3336 3545 ingredientem,
3368 3494 3487 3529 rur-

1911 3583 2005 3623 sus
2032 3568 2377 3621 deduxerunt
2410 3567 2463 3619 in
2495 3575 2713 3620 terram.
2744 3564 2880 3621 Cum
2914 3566 3017 3620 hoc
3040 3580 3171 3636 ergo
3196 3567 3483 3630 vidissent,

1908 3660 2004 3730 qui
2031 3675 2153 3715 eum
2187 3660 2239 3713 in
2276 3658 2602 3727 profundum
2625 3658 2887 3727 jeeerant,
2918 3668 3137 3726 repente
3165 3660 3487 3714 tremebun-

1908 3752 1965 3806 di
1996 3761 2049 3806 et
2083 3751 2282 3806 timore
2314 3751 2520 3813 allecti,
2554 3750 2786 3804 veniunt
2817 3749 2881 3802 ad
2913 3750 3229 3818 praesidem,
3259 3763 3313 3806 et
3338 3756 3481 3821 quod

1908 3844 2113 3898 laetum
2143 3844 2341 3906 fuerat,
2383 3844 2723 3897 renuntiant.
2761 3842 2856 3897 ille
2886 3853 3067 3897 autem
3095 3845 3205 3897 cito
3242 3844 3391 3900 venit
3416 3846 3482 3898 ad

1911 3938 2087 4003 littus,
2117 3938 2326 3993 furioso
2365 3949 2419 3993 et
2446 3938 2648 3993 eaedem
2679 3938 2917 4007 spirante
2952 3939 3104 3992 vultu
3139 3938 3381 4003 intuens,
3432 3952 3487 3991 ιιι

1912 4047 2037 4086 eum
2068 4031 2242 4086 solum
2291 4040 2523 4086 stantem
2559 4032 2782 4084 vidisset
2828 4041 3121 4100 martyrem
3150 4048 3165 4085 :
3199 4031 3359 4087 Certe
3386 4035 3485 4087 uii-

1892 4120 1985 4177 ‘ra:
2039 4133 2170 4177 sunt
2209 4134 2401 4177 vestrae
2474 4124 2758 4193 praistigire
2807 4136 2861 4177 et
2921 4125 3337 4189 incantationes,
3388 4142 3486 4195 per

1911 4226 2046 4279 quas
2071 4213 2149 4265 sic
2170 4211 2336 4265 etiam
2369 4226 2539 4272 mare,
2573 4220 2632 4265 ut
2662 4213 2842 4275 video,
2877 4212 3132 4276 frenatis,
3162 4224 3218 4267 et
3245 4215 3486 4269 elemen-

1913 4312 2089 4356 torum
2123 4312 2332 4355 naturu:
2360 4302 2467 4355 vim
2498 4303 2723 4357 alIertis.
2758 4302 2863 4357 Sed
2895 4318 2974 4357 e.e
3014 4305 3167 4359 vobis
3202 4307 3341 4361 nihil
3369 4324 3487 4360 om-

1909 4394 2042 4449 nino
2081 4395 2418 4463 proderunt;
2465 4393 2577 4448 imo
2630 4410 2762 4448 vero
2822 4397 3007 4464 plures
3043 4396 3316 4452 cruciatus
3349 4399 3486 4453 εει»-

1910 4496 2057 4544 rent.
2102 4497 2156 4540 et
2194 4486 2411 4540 tandem
2465 4488 2916 4543 vio'entissimam
2964 4499 3196 4543 mortem
3232 4492 3486 4546 concilia-

235 4595 413 4641 σουσι,
449 4578 542 4629 καὶ
572 4576 723 4638 τέλος
779 4576 1011 4629 θάνατον
1061 4574 1451 4646 προξενήσουσι
1480 4577 1805 4646 βιαιότατον.
1840 4560 1887 4616 ί)

1798 4620 1805 4631 .
1840 4560 1887 4616 Ῑ)
1917 4580 2075 4634 bunt.
2127 4579 2329 4651 Iartyr
2365 4588 2548 4633 autem
2594 4597 2607 4632 :
2645 4579 2943 4649 Quousque
2971 4596 3081 4637 non
3152 4582 3480 4647 intueberis,

237 4674 393 4723 Καὶὸ
426 4673 666 4739 μάρτυςο
719 4668 899 4737 Μέχρι
956 4666 1103 4729 τίνος
1140 4667 1205 4719 οὐ
1259 4666 1597 4736 διαϐλέψεις,
1632 4668 1807 4732 ἄθλιε,

234 4762 567 4830 τυφλώττων
589 4760 855 4829 ἀκριϐῶς,
884 4762 979 4811 καὶ
1022 4759 1165 4822 θεοῖς
1192 4760 1356 4829 ὃμοια
1408 4761 1634 4831 πάσχων
1700 4764 1812 4824 τοῖς

238 4859 353 4916 σοῖς
378 4872 392 4920 ς
433 4855 571 4905 Ποία
599 4855 708 4921 γὰρ
735 4852 917 4921 ἐπῳδὴ
948 4852 1107 4903 τοῦτο
1132 4853 1228 4903 καὶ.
1256 4852 1499 4920 γοητεία,
1528 4854 1586 4904 τὸ
1616 4854 1712 4904 καὶ
1744 4856 1811 4907 τὰ

236 4949 486 5015 στοιχεῖα
520 4944 681 4999 δοῦλα
713 4946 888 4996 ποιεῖν
905 4944 1000 4996 καὶ
1025 4944 1103 5011 τῷ
1124 4943 1389 5013 θελήματι
1423 4947 1569 5015 μόνῳ
1599 4946 1812 5015 λαμϐά-

236 5060 352 5095 νειν
396 5041 618 5092 εἴκοντα
646 5054 661 5102 ;
698 5037 794 5100 Τίς
816 5037 872 5090 δὲ
900 5036 1009 5089 τῶν
1075 5038 1207 5106 παρ’
1236 5038 1364 5106 ὑμῖν
1388 5036 1810 5107 θαυματοποιῶν
1835 5025 1849 5056 ’“

235 5138 271 5195 ἢ
312 5134 403 5195 οὒς
434 5134 593 5203 ὑμεῖς
623 5133 774 5195 θεοὺς
809 5130 1124 5199 ἐνομίσατε,
1160 5124 1237 5183 ὧν
1267 5132 1322 5183 αἱ
1366 5133 1614 5199 γοητεῖαι
1653 5133 1745 5183 καὶ
1777 5134 1809 5202 ἡ

236 5230 449 5295 ἀπάτη,
475 5221 548 5278 ὧν
573 5228 628 5280 αἱ
659 5223 953 5293 φαντασίαι
973 5224 1067 5275 xal
1092 5222 1284 5291 δολερὰ
1314 5222 1489 5275 πάντα
1513 5223 1813 5292 πλάσματα

239 5324 336 5375 καὶ
369 5319 737 5388 τεχνάσματα,
806 5315 886 5378 τίς
914 5316 1139 5368 ἑκείνων
1165 5314 1405 5367 τοιοῦτον
1435 5314 1573 5376 ὅλως
1622 5315 1813 5385 εἰργά-

239 5431 396 5472 σατο,
457 5413 539 5463 ἵνα
592 5410 862 5463 καὶκατὰ
914 5406 1076 5477 βυθοῦ
1144 5407 1468 5476 Ιόιειιτὸμενος
1521 5408 1811 5477 ἄνθρωπος

238 5510 432 5578 χερσὶν
461 5502 711 5569 ἀγγέλων
739 5501 1083 5570 ὑποδεχθείη,
1111 5501 1207 5552 καὶ
1240 5500 1478 5568 πεζεύσῃ
1510 5498 1808 5559 θάλασσαν,

238 5603 338 5655 κιί
373 5598 507 5665 πρὸς
538 5595 635 5662 τὴν
660 5595 889 5663 ἠπειρον
935 5591 1191 5654 ἀϐλαϐῶς
1232 5590 1372 5661 ἔχων
1401 5590 1736 5659 διασωθεὶη;

310 5689 410 5743 IZ'.
443 5688 583 5758 Πρὸς
611 5686 784 5739 ταῦτα
813 5686 977 5737 πάλιν
1026 5687 1053 5737 ό
1108 5684 1330 5754 ἡγεμών
1358 5700 1371 5714 ο
1409 5684 1468 5735 Εἰ
1498 5686 1590 5736 καὶ
1617 5685 1815 5737 δύσκο-

238 5789 333 5839 λον
358 5784 602 5852 ἀτεχνῶς
630 5781 689 5833 τὸ
714 5780 803 5833 τὸν
830 5778 980 5844 άπαξ
1016 5780 1212 5832 ἁλόντα
1247 5780 1313 5847 τῇ
1338 5776 1446 5829 τῶν
1470 5778 1811 5846 Χριστιανῶν

246 5879 441 5946 ἀπάτῃ
488 5872 581 5927 τοῦ
628 5873 726 5944 ζῇν
783 5870 1094 5935 ἀπαλλάξαι
1164 5871 1222 5925 ὃν
1250 5869 1315 5924 ἄν
1339 5886 1423 5933 τις
1450 5871 1543 5922 καὶ
1571 5868 1812 5940 βούλοιτο

1910 4671 2113 4741 inquit,
2149 4680 2203 4725 tu
2244 4673 2337 4740 qui
2372 4687 2431 4725 es
2461 4680 2649 4741 aperte
2688 4674 3004 4739 metiens,
3035 4684 3093 4730 et
3116 4675 3224 4731 diis
3255 4678 3363 4732 tuis
3386 4693 3482 4747 pa-

1914 4763 2055 4815 tiens
2106 4763 2343 4815 similia?
2398 4762 2531 4816 Nam
2581 4764 2927 4832 cujusmodi,
2991 4766 3190 4834 inquit,
3239 4777 3365 4822 sunt
3402 4769 3484 4823 hre

1914 4853 2199 4922 praestigiae
2235 4864 2289 4906 et
2329 4854 2649 4917 incantatio,
2700 4870 2858 4908 serva
2892 4855 3073 4911 facere
3105 4857 3393 4918 elemnta.
3429 4870 3483 4911 et

1910 4959 1975 4999 ea
2004 4948 2252 5014 accipere
2283 4946 2529 5000 cedentia
2559 4947 2867 5002 voluntati?
2893 4947 3026 5013 Quis
3052 4960 3231 5003 autem
3266 4966 3479 5014 eorum,

1910 5035 2005 5103 qui
2061 5044 2189 5087 sunt
2237 5035 2378 5105 apud
2427 5050 2521 5089 vos
2581 5037 3060 5105 prastigiatorum,
3135 5052 3231 5094 aut
3290 5056 3481 5095 eorum

1914 5144 2052 5197 quos
2082 5143 2177 5182 vos
2227 5128 2358 5182 deos
2387 5144 2508 5185 esse
2537 5131 2850 5193 censuistis,
2885 5147 3120 5200 quorum
3156 5144 3285 5187 sunt
3337 5149 3481 5201 prte-

1913 5222 2086 5291 sligia:
2112 5229 2166 5276 et
2185 5221 2454 5290 deceptio,
2479 5238 2711 5291 quorum
2737 5224 2986 5290 speciosa
3010 5237 3064 5278 et
3089 5223 3278 5278 dolosa
3300 5227 3482 5279 omnia

1916 5315 2168 5386 ﬁgmenta
2200 5327 2253 5368 et
2283 5316 2514 5369 artiﬁcia
2540 5333 2555 5369 :
2586 5316 2711 5384 quis
2742 5330 2932 5369 eorum
2964 5317 3191 5370 omnino
3217 5320 3325 5372 tale
3348 5320 3480 5387 quid

1914 5408 2063 5473 fecit,
2102 5418 2160 5460 ut
2198 5408 2363 5461 homo
2411 5408 2503 5477 qui
2530 5409 2737 5477 jaeitur
2768 5409 2819 5461 in
2858 5409 3215 5477 profundum,
3262 5414 3485 5479 angelo-

1918 5516 2036 5553 rum
2087 5501 2336 5554 manibus
2364 5501 2693 5569 suscipiatur
2731 5510 2784 5555 et
2824 5502 2990 5569 pedes
3022 5517 3169 5556 mare
3202 5506 3486 5558 tramittit—

1914 5600 2014 5655 tat,
2045 5592 2349 5659 illxsusque
2384 5602 2437 5646 et
2466 5608 2654 5661 sospes
2687 5594 2739 5647 in
2775 5604 2971 5647 terram
3001 5595 3225 5648 veniat?

1987 5684 2149 5738 XVII.
2180 5685 2258 5738 Ad
2293 5687 2406 5738 haec
2432 5701 2631 5753 praeses
2659 5705 2671 5740 :
2709 5687 2932 5740 Etiamsi
2966 5688 3039 5740 sit
3060 5688 3215 5756 plane
3239 5687 3478 5754 diﬁicile,

1915 5776 1985 5835 ei,
2016 5776 2107 5845 qui
2133 5785 2324 5845 captus
2354 5784 2440 5828 est
2471 5792 2655 5830 errore
2674 5776 3131 5840 Christianorum,
3181 5781 3346 5832 vitam
3374 5784 3484 5834 eri-

1920 5885 2053 5939 pere
2104 5885 2170 5924 co
2218 5870 2400 5935 modo,
2452 5885 2560 5939 quo
2607 5871 2731 5941 quis
2783 5872 2971 5935 vellet,
3023 5882 3243 5943 propter
3273 5888 3335 5932 ea
3364 5888 3483 5944 qua
