4260 6430
296 405 403 466 5⁵29

1144 416 1611 478 ΜᾸΗΤΥΠΙΟΜ
1651 422 1708 479 S.
1749 422 2029 482 THYRSI
2070 425 2162 484 ΕΤ
2211 426 2603 490 SOCIURUM

3435 442 3538 503 530

293 516 541 584 ἡγεμὼν,
576 510 666 572 οἷα
708 523 799 573 τὶν
849 529 1099 589 γενναῖον
1151 528 1249 598 ήδη
1280 530 1495 598 Θύρσον
1552 531 1711 597 ἐλὼν,
1772 536 1868 586 καὶ
1900 546 1975 594 At

1853 536 1868 584 ἱ
1900 546 1938 594 Α
1971 552 2111 595 sum.
2148 550 2202 593 et
2241 545 2422 597 statim
2463 561 2585 599 cum
2630 564 2696 602 eo
2722 551 2878 604 laztus
2900 552 2965 606 ad
3004 555 3265 624 templum
3306 559 3535 615 accedit.

294 606 494 657 αὐτίκα
546 608 753 676 χαίρων
782 609 878 662 σὺν
906 613 1054 682 αὐτῷ
1086 616 1220 684 πρδις
1255 618 1345 668 τὸν
1381 620 1506 670 ναὸν
1531 622 1864 688 ἀφικνεῖται,

293 699 415 760 καὶ,
467 698 661 763 Θῦσον,
691 701 866 769 ἔλεγε,
912 706 1091 772 μόνον,
1143 709 1263 759 ἐπεὶ
1290 709 1401 775 ἐγώ
1434 727 1515 764 σοι
1545 713 1735 765 τούτου
1768 717 1858 780 ἑγ-

294 792 501 859 τυητὴς
525 793 819 861 ἀξιόχρεως
869 799 942 856 di;
970 798 1147 861 οὐδείς
1168 814 1249 849 σοι
1280 802 1529 867 μηνίσειε
1558 802 1668 855 τῶν
1703 804 1861 858 θεῶν.

297 880 669 952 Προσσχόντος
691 887 871 938 τοίνυν
900 888 993 940 τοῦ
1056 888 1352 960 μάρτυρος,
1402 892 1498 944 καί
1562 881 1687 946 τινᾶ
1732 898 1869 964 πρδις

296 975 394 1024 τὸν
424 974 596 1044 ἀληθῆ
642 976 775 1029 Θεὸν
803 980 966 1051 εὐχὴν
986 982 1331 1049 ὑπειπόντος,
1355 985 1556 1055 ἀθρόον
1590 990 1783 1058 χρῆμά
1814 1008 1866 1044 τι

301 1065 532 1133 σεισμοῦ
592 1068 825 1137 φοϐεροῦ
860 1074 1222 1143 κατασκῆψαν
1281 1077 1559 1146 συντρίϐει
1608 1080 1707 1149 μὲν
1736 1081 1869 1135 αὐτὸ

300 1157 365 1209 τὸ
392 1158 484 1209 τοῦ
526 1161 647 1220 Διὸς
686 1161 911 1231 ἄγαλμα
949 1165 1041 1217 καί
1070 1168 1149 1230 είς
1171 1167 1365 1237 ἔδαφος
1392 1174 1666 1242 κατασπᾷ,
1701 1189 1870 1226 κατα-

298 1250 437 1301 σείει
463 1250 519 1302 δὲ
552 1250 630 1317 τῷ
664 1253 815 1320 φόϐῳ
870 1256 967 1319 τᾶς
992 1256 1101 1310 τῶν
1128 1261 1376 1315 ἀπίστων
1404 1264 1604 1331 ψυχὰς,
1643 1268 1737 1319 καὶ
1767 1268 1867 1336 τὴν

304 1341 501 1393 θυσίαν
533 1344 913 1409 ἀπολιπόντες,
977 1351 1025 1401 oi
1061 1351 1156 1419 μὲν
1315 1356 1493 1408 ποδῶν
1524 1352 1668 1426 εἶχον
1702 1358 1866 1426 ἔφευ-

297 1450 417 1497 γον.
454 1435 614 1503 μόνος
665 1437 720 1488 δὲ
745 1439 885 1490 κατά
917 1438 1008 1491 τδν
1048 1442 1176 1494 ναὸν
1209 1443 1453 1516 ἀθλητής
1522 1448 1863 1503 ὑπελείπετο.

303 1528 493 1589 Συνεὶς
525 1524 621 1581 οὖν
675 1529 774 1599 τὴν
806 1531 1021 1600 ἀπάτην
1050 1535 1078 1585 ὀ
1122 1534 1369 1604 ἡγεμὼν,
1402 1539 1579 1608 ἑαυτῷ
1612 1542 1713 1610 μὲν
1765 1544 1866 1611 τῆς

300 1618 708 1687 φιλανθρωπίας
740 1621 928 1691 ὥσπερ
962 1624 1053 1675 καὶ
1086 1626 1185 1692 τῆς
1212 1628 1585 1699 χρηστότητος
1616 1634 1865 1701 ἐπεμέμ·

298 1726 451 1773 φετο.
474 1711 723 1778 ἡγρίαινε
760 1713 814 1763 δὲ
845 1713 1045 1779 μᾶλλον
1074 1715 1211 1765 κατά
1242 1715 1334 1768 τοῦ
1399 1718 1701 1788 μάρτυρος,
1766 1722 1862 1775 ate

296 1800 675 1869 ἡπατημένος,
729 1802 825 1853 καὶ
890 1802 947 1853 οὗ
1015 1804 1175 1870 μιένον
1218 1806 1279 1857 οὐ
1337 1809 1551 1873 πείσας,
1590 1810 1723 1864 ἀλλά
1767 1816 1861 1864 καὶ

296 1890 563 1960 αίσχύνην
592 1890 763 1954 οὕτως
801 1894 1039 1962 ὀφλήσας
1095 1898 1390 1965 περιφανῆ,
1451 1900 1544 1951 καὶ
1583 1900 1669 1953 διὰ
1704 1903 1862 1957 τοῦτο

302 1982 484 2050 πικρῷ
523 1981 739 2054 Θανάτῳ
775 1986 1054 2055 μετελθεῖν
1106 1988 1331 2042 ἔσπευδε
1386 1996 1473 2043 τὸν
1508 1995 1597 2045 καὶ
1625 1997 1740 2046 κατ’
1765 1998 1861 2048 αὔ-

299 2072 396 2124 τοῦ
458 2077 553 2127 καὶ
614 2078 752 2131 κατά
808 2080 915 2132 τῶν
978 2080 1186 2135 ἐκείνου
1224 2083 1362 2135 θεῶν
1392 2086 1603 2153 χηλεπά
1645 2087 1863 2141 τοιαῦτα

299 2165 646 2235 ἐξυϐρικότα.

368 2256 469 2312 ΙΘ’.
504 2257 670 2322 Εἰδὼς
686 2261 861 2313 τοίνυν
891 2263 966 2325 ώς
1000 2265 1162 2331 ἔργον
1195 2267 1343 2336 αὗτῷ
1365 2268 1576 2336 γένοιτο
1602 2274 1659 2324 τὸ
1682 2274 1862 2325 ἐπίτα-

295 2364 433 2413 γμα,
452 2350 545 2401 καὶ
562 2352 641 2403 ὅτι
674 2351 881 2422 πύργος
906 2353 1249 2427 ᾠκοδομήθη,
1275 2359 1342 2411 τά
1358 2377 1414 2411 τε
1444 2362 1606 2431 θηρία
1623 2362 1699 2430 τῷ
1721 2364 1864 2435 λιμῷ

295 2440 625 2511 παρωξύνθη
660 2443 758 2514 τὴν
788 2446 1107 2515 ἀγριότητα.
1140 2452 1234 2500 καὶ
1259 2452 1379 2503 οὐδὲ
1405 2452 1607 2521 λιθίνης
1641 2456 1704 2507 ἂν
1727 2457 1857 2508 ἀπό·

298 2544 509 2596 σχοιντο
525 2531 761 2597 φύσεως,
785 2535 1043 2605 βληθῆναι
1071 2540 1209 2591 κατά
1241 2542 1405 2603 μέσον
1438 2543 1622 2594 αὐτῶν
1650 2545 1860 2598 κελεύει

293 2629 387 2669 τιν
411 2620 669 2689 ἀθλητήν.
688 2622 908 2691 Ἠφίετο
938 2623 1032 2679 οὖν
1057 2628 1214 2696 μόνος
1244 2630 1423 2692 αὐτοῖς
1457 2632 1485 2683 ὁ
1508 2632 1737 2700 μάρτυς,
1765 2654 1864 2702 μυ·

300 2710 432 2777 ρίων
463 2711 659 2775 ἔξωθεν
684 2714 975 2786 ὀφθαλμῶν
1017 2720 1190 2771 πάντα
1228 2719 1554 2789 βλεπόντων.
1598 2725 1737 2776 Ἀλλ’
1761 2727 1861 2779 οὐκ

298 2797 366 2870 ἢν
403 2802 583 2869 μόνος,
630 2806 765 2859 ἀλλά
822 2825 906 2871 τις
962 2809 1169 2864 ἀνωθεν
1231 2814 1378 2883 αὐτῷ
1417 2816 1510 2867 καὶ
1554 2817 1673 2869 θεία
1706 2820 1863 2887 χάρις

300 2896 501 2965 παρῆν,
528 2896 649 2963 ἥτις
679 2900 771 2950 καὶ
829 2900 946 2968 μεθ’
985 2892 1188 2971 ετέρων
1219 2904 1386 2970 τριῶν
1412 2906 1642 2973 ὁρᾶσθαι
1675 2909 1862 2962 τοῦτον

299 2986 494 3037 ἐποίει.
553 2989 889 3053 Περιστάντα
934 2992 1113 3045 τοίνυν
1166 2995 1326 3048 αὐτὸν
1358 2996 1544 3067 κύκλῳ
1578 3001 1644 3051 τά
1677 2998 1859 3068 θηρία,

299 3076 474 3144 πρᾶόν
494 3094 546 3130 τι
580 3081 672 3131 καὶ
712 3081 921 3151 ἥμερον
955 3086 1277 3149 δνητένιζον·
1306 3088 1402 3141 καὶ
1432 3090 1728 3159 προσφιλὲς
1765 3092 1861 3143 τὸν

301 3168 577 3237 μάρτυρα
617 3172 977 3239 τεριέσαινον,
1042 3174 1230 3245 ὥσπερ
1262 3180 1327 3230 εκ
1372 3181 1567 3233 πολλοῦ
1606 3183 1863 3252 χειροήθη
1889 3202 1933 3264 C

299 3264 395 3311 καὶ
428 3261 659 3313 τιθασσά
690 3265 781 3314 καὶ
830 3264 1038 3335 συνήθη
1080 3268 1256 3336 τούτῳ
1287 3272 1650 3339 γεγενημένα.
1692 3272 1862 3334 Αὐτὸς

296 3352 351 3403 δὲ
408 3354 594 3420 χεῖρας
643 3356 722 3415 εἰς
771 3356 999 3422 οὐρανὸν
1054 3357 1324 3426 ἀνασχὼν,
1380 3361 1702 3431 Εὑχαριστῶ
1758 3381 1862 3431 σοι,

300 3443 470 3507 Κύριε
507 3445 681 3510 Ἰησοῦ
744 3446 963 3514 Χριστὲ,
1006 3443 1181 3511 εἶπεν,
1235 3454 1317 3503 ὅτι
1356 3452 1611 3515 ἑδόξασας
1643 3455 1701 3505 εν
1744 3456 1867 3521 ἐμοὶ

296 3530 357 3579 τὸ
380 3528 721 3598 ἀγιονδνομά
750 3546 866 3593 σου,
910 3532 1003 3583 καὶ
1032 3533 1462 3603 ἐθαυμάστωσας
1501 3540 1567 3590 τά
1589 3540 1715 3608 ὲλέη
1749 3557 1863 3604 σου,

299 3620 547 3685 στόματά
598 3637 688 3688 μοι
741 3622 997 3690 φιμώσεις
1028 3623 1231 3693 θηρῶν,
1258 3626 1511 3695 καθάπερ
1532 3628 1752 3697 Δανιὴλ.
1786 3630 1864 3698 τῷ

301 3710 379 3775 σῷ
405 3710 715 3777 θεράποντι.
751 3714 921 3774 Αὐτὸς
954 3710 1046 3766 οὖν
1087 3717 1114 3765 ὁ
1142 3719 1234 3767 καὶ
1291 3718 1407 3769 τότε
1437 3720 1528 3771 καὶ
1560 3720 1652 3770 νῦν
1688 3737 1861 3789 τταρι⁹

293 3798 458 3861 666w,-
492 3798 632 3851 οὕτω
656 3799 949 3868 διενεργὼν
976 3802 1042 3855 τά
1063 3804 1339 3871 παράδοξα
1360 3807 1669 3875 εὐδόκησον,
1708 3810 1860 3876 βασι-

293 3892 410 3952 λεῦ,
443 3895 536 3943 καὶ
586 3895 742 3945 ταυτὶ
772 3896 839 3945 τά
879 3895 1049 3961 ἄγρια
1098 3895 1213 3957 ζῶα
1265 3898 1481 3966 ἀοράτῳ
1515 3915 1608 3951 σου
1662 3900 1757 3951 καὶ
1782 3916 1862 3953 τε·

296 3982 601 4052 λεσιουργῴ
632 3984 864 4052 νεύματι
894 3987 973 4046 είς
995 3984 1091 4045 τὰς
1127 3986 1377 4055 συνήθεις
1429 3988 1657 4041 ἕκαστον
1686 3992 1866 4060 χωρῆ-

298 4090 387 4123 σαι
420 4074 723 4141 διατριϐὰς,
769 4075 879 4126 τῶν
934 4076 1221 4144 παρόντων
1254 4079 1444 4147 μηδενὶ
1474 4081 1855 4150 λυμηνάμενα.

294 4165 482 4216 Ταῦτα
542 4167 980 4233 προσευξάμενος
1022 4168 1100 4235 τῷ
1137 4169 1278 4239 Θεῷ,
1325 4173 1460 4239 πρὸς
1521 4176 1645 4233 τοὺς
1693 4175 1863 4241 θήρας

295 4254 674 4321 ἐπιστραφεὶς,
714 4253 801 4304 Ἐν
830 4254 1077 4321 ὀνόματι,
1107 4260 1257 4323 φησί,
1284 4257 1376 4308 τοῦ
1432 4258 1681 4327 ἀληθινοῦ
1704 4260 1860 4322 Θεοῦ,

294 4346 519 4397 ἐπάνιτε
565 4346 721 4396 πάλιν
776 4346 898 4397 ὅθεν
948 4346 1181 4406 ἕκαστον
1218 4348 1533 4417 ἐληλύθατε,
1568 4352 1701 4418 μηδὲ
1734 4354 1863 4421 μίαν

298 4435 490 4502 μηδενὶ
540 4434 739 4503 βλάϐην
790 4437 1153 4503 ἐπαγαγόντα.
1233 4440 1440 4491 Λύτίκα
1485 4441 1612 4507 γοῦν
1660 4444 1710 4494 οί
1767 4443 1863 4511 μὲν

1968 638 2021 683 et
2066 632 2239 684 solum
2294 636 2426 689 dicit
2458 638 2553 691 ei:
2597 638 2872 696 Sacrilica.
2927 643 3038 713 Ego
3084 646 3230 699 enim
3284 662 3403 700 sum
3442 648 3535 701 libi

1972 720 2131 787 hujus
2175 726 2249 776 rei
2290 726 2575 796 lidejussor
2607 731 2855 800 idoneus,
2890 738 3033 803 qnml
3071 739 3164 790 tibi
3194 741 3369 793 nuliut-
3405 742 3536 793 den-

1968 828 2085 865 rum
2140 814 2422 872 irascetur.
2468 820 2603 875 Cum
2652 837 2781 890 ergo
2844 838 3085 881 attentus
3117 842 3259 883 esset
3310 842 3533 901 martyr,

1967 912 2020 955 et
2048 903 2111 956 ad
2148 920 2332 960 verum
2368 910 2533 963 Deum
2574 913 2834 982 quasdam
2885 916 3114 973 fudisset
3165 936 3356 988 preces
3384 963 3396 981 ,
3454 939 3538 975 re—

1966 1003 2128 1061 pente
2151 998 2317 1052 veluti
2348 1001 2567 1067 quidam
2607 1005 2865 1059 terribilis
2920 1009 3135 1063 irruens
3169 1021 3532 1070 teri-:cmotns.

1965 1088 2198 1140 conterit
2226 1089 2446 1157 quidem
2500 1092 2667 1161 ipsam
2722 1096 2872 1151 Iovis
2931 1099 3238 1169 imaginem,
3293 1114 3348 1157 et
3386 1105 3532 1159 htnni

1965 1173 2190 1244 dejicit;
2247 1187 2392 1233 metu
2434 1190 2614 1235 autem
2660 1184 2911 1240 labefecit
2946 1188 3160 1244 animos
3202 1192 3531 1253 infidelium.

1967 1268 2058 1335 qui
2102 1269 2294 1323 relicto
2341 1273 2628 1336 sacrificio,
2673 1276 2932 1346 fugerunt
2970 1296 3131 1347 quam
3185 1292 3411 1350 potuere
3438 1301 3530 1339 ce-

1966 1358 2209 1422 lerrime,
2272 1360 2324 1414 in
2382 1364 2580 1432 templo
2637 1382 2766 1420 vero
2820 1372 3082 1423 remansit
3132 1374 3281 1427 solus
3306 1375 3529 1428 athleta.

1966 1444 2103 1499 Cum
2162 1448 2342 1518 itaque
2396 1452 2638 1508 fraudem
2691 1457 3050 1515 intellexisset
3105 1478 3323 1530 praeses,
3378 1450 3530 1516 suam

1966 1537 2183 1605 quidem
2217 1544 2507 1597 accusabat
2541 1545 2933 1616 benignitatem
2958 1562 3013 1604 et
3034 1554 3376 1607 clementiam
3408 1573 3420 1607 :
3453 1558 3533 1609 ef-

1968 1629 2247 1683 ferebatur
2280 1644 2458 1687 autem
2484 1638 2744 1690 adversus
2785 1651 3101 1711 martyrem,
3133 1653 3192 1695 nt
3216 1647 3306 1711 qui
3340 1647 3534 1701 fuisset

1966 1720 2248 1788 demptus,
2302 1734 2356 1776 et
2440 1742 2545 1779 non
2596 1730 2772 1781 solum
2839 1748 2946 1784 non
3006 1735 3380 1800 persuasisset.
3438 1737 3531 1789 sed

1965 1813 2127 1865 etiam
2207 1824 2314 1867 tam
2385 1816 2577 1885 insigni
2632 1818 2861 1873 allectus
2916 1835 3061 1877 esset
3098 1825 3394 1893 ignominia
3432 1847 3441 1857 ·
3477 1838 3533 1882 et

1970 1902 2087 1955 ideo
2136 1904 2330 1957 acerba
2389 1916 2561 1959 morte
2598 1923 2721 1962 eum
2775 1911 2988 1965 allicere
3033 1916 3305 1975 studebat,
3359 1918 3532 1985 quiet

1968 1997 2142 2064 ipsum
2167 2008 2219 2051 et
2252 1998 2395 2052 illius
2430 2000 2557 2055 deos
2594 2012 2701 2057 tam
2742 2005 2884 2073 gravi
2920 2006 3188 2061 affecisset
3239 2009 3456 2077 injuria.

2044 2266 2157 2320 XX.
2180 2248 2313 2321 Cum
2339 2283 2470 2336 ergo
2492 2271 2651 2323 sciret
2676 2312 2690 2333 ,
2748 2273 2889 2339 quod
2922 2279 3156 2337 jnsserat
3189 2276 3371 2328 statim
3396 2274 3527 2329 elle-

1964 2367 2111 2409 etnm
2158 2358 2345 2423 fuisse,
2396 2370 2452 2413 et
2478 2370 2682 2414 turrem
2708 2361 2872 2416 fuisse
2908 2365 3249 2429 aedificatam,
3290 2376 3344 2420 et
3386 2367 3528 2422 fame

1962 2462 2082 2500 esse
2132 2448 2393 2501 irritatam
2442 2449 2741 2504 bestiarum
2791 2453 3083 2511 feritatem.
3148 2465 3205 2508 ut
3252 2472 3350 2510 nec
3383 2473 3413 2510 a
3450 2459 3525 2510 la-

1964 2534 2121 2601 pidea
2143 2536 2359 2603 quidem
2393 2538 2781 2592 abstinuissent
2809 2550 3019 2600 natura.
3054 2544 3219 2611 jubet
3267 2546 3526 2598 athletam

1964 2626 2151 2694 prnjici
2205 2627 2257 2679 in
2290 2627 2528 2681 medium
2560 2643 2769 2683 earum.
2810 2631 2972 2685 Solus
3001 2649 3131 2698 ergo
3183 2634 3283 2688 fuit
3324 2648 3529 2706 martyr

1962 2714 2237 2781 dimissus,
2283 2717 2416 2771 foris
2451 2720 2623 2774 oculis
2674 2722 3163 2778 innumerabilibus
3220 2729 3400 2780 omnia
3449 2732 3529 2779 vi—

1962 2805 2240 2861 dentibus.
2274 2808 2542 2863 Caeterum
2578 2828 2685 2865 non
2716 2824 2835 2866 erat
2861 2816 3031 2879 solus,
3060 2816 3170 2868 sed
3202 2817 3448 2885 quaedam
3475 2821 3524 2873 ei

1962 2895 2146 2951 divina
2179 2914 2209 2951 a
2240 2902 2454 2967 superis
2488 2902 2677 2955 aderat
2725 2904 2919 2970 gratia,
2949 2920 3068 2973 qua
3117 2908 3335 2975 quidem
3366 2908 3528 2962 facie-

1962 2988 2076 3053 bat,
2107 3000 2164 3043 ut
2194 2991 2471 3045 videretur
2523 2995 2570 3047 is
2599 3010 2721 3048 cum
2751 2996 2927 3049 tribus
2951 2999 3091 3050 aliis.
3124 2999 3256 3052 Cum
3282 3015 3406 3053 eum
3440 3016 3525 3054 er-

1965 3095 2033 3150 go
2094 3082 2147 3135 in
2197 3083 2383 3135 orbem
2426 3084 2916 3140 circumdedissent
2966 3086 3172 3148 bestiae,
3212 3091 3419 3158 placide
3472 3102 3528 3146 et

1968 3183 2247 3225 mansuete
2286 3189 2410 3226 eum
2444 3174 2805 3241 aspiciebant,
2835 3186 2891 3229 et
2919 3181 3139 3246 martyri
3167 3184 3337 3233 amice
3370 3182 3526 3233 blan-

1967 3263 2277 3327 diebantur,
2337 3266 2565 3333 perinde
2594 3282 2657 3320 ac
2681 3267 2728 3319 si
2763 3268 2871 3336 jam
2901 3268 2993 3321 diu
3036 3270 3267 3324 fuissent
3314 3272 3527 3325 cicures

1965 3361 2342 3414 etmansuetaa,
2366 3365 2418 3407 et
2437 3356 2485 3407 ei
2508 3355 2819 3411 familiares.
2842 3358 2961 3427 Ipse
2979 3370 3160 3413 autem
3191 3361 3443 3416 matribus
3474 3364 3525 3415 in

1967 3443 2136 3495 altum
2180 3445 2453 3499 sublatis:
2489 3448 2600 3514 Ago
2628 3448 2747 3511 tibi,
2784 3449 2982 3517 inquit,
3026 3451 3249 3518 gratias,
3296 3451 3524 3514 Domine

1965 3534 2091 3588 Jesu
2110 3536 2346 3601 Christe,
2370 3537 2513 3605 quod
2534 3539 2691 3591 inme
2708 3550 2858 3593 tuum
2882 3556 3086 3594 nomen
3114 3554 3361 3596 sanctum
3392 3543 3525 3597 effe-

1966 3626 2084 3678 cisti
2124 3627 2421 3694 gloriosum
2453 3638 2508 3681 ct
2544 3628 2775 3682 eﬂecisti
2809 3629 3159 3684 admirabiles
3176 3641 3295 3685 tuas
3315 3632 3527 3687 miseri-

1965 3717 2205 3778 cordias,
2229 3718 2521 3771 bestiarum
2550 3735 2642 3771 ora
2671 3721 2979 3785 obstruens,
2998 3722 3136 3775 sicut
3160 3724 3287 3775 olitn
3321 3724 3522 3778 Danieli

1968 3816 2060 3861 tuo
2087 3807 2305 3862 famulo.
2325 3808 2405 3862 Tu
2432 3826 2585 3880 ergo,
2620 3810 2714 3879 qui
2751 3820 2808 3865 et
2837 3820 2967 3865 tunc
2992 3821 3047 3865 et
3078 3828 3227 3867 nunc
3254 3814 3388 3867 facis
3438 3830 3523 3868 res

1968 3906 2073 3951 tam
2096 3900 2463 3964 admirabiles,
2487 3911 2541 3955 et
2575 3912 2681 3953 tam
2715 3912 2911 3970 praeter
2926 3903 3261 3971 opinionem,
3291 3903 3463 3967 edice,
3492 3922 3526 3959 o

1967 4003 2079 4053 rex,
2114 3990 2318 4044 efﬁcaci
2368 4002 2461 4045 tuo
2496 4000 2657 4053 nutu,
2686 3994 2778 4061 qui
2814 3993 2916 4047 sub
2945 4004 3227 4062 aspectum
3275 4011 3381 4049 non
3436 4012 3524 4049 ca-

1930 4079 2064 4141 ‘dit,
2097 4090 2155 4132 ut
2202 4081 2281 4133 hae
2330 4081 2457 4135 ferte
2505 4092 2746 4149 agrestes
2793 4083 3019 4137 redeant
3073 4099 3410 4152 unaquaque
3471 4088 3521 4137 in

1964 4184 2059 4222 sua
2085 4170 2408 4233 habitacula,
2425 4187 2491 4223 ex
2518 4174 2583 4224 iis
2603 4172 2693 4239 qui
2714 4172 2932 4238 adsunt,
2952 4173 3519 4228 neminemlaedentes.

1965 4257 2089 4313 Haec
2114 4274 2234 4311 cum
2253 4260 2419 4313 Deum
2434 4271 2578 4315 esset
2601 4273 2874 4329 premitus,
2895 4262 2959 4315 ad
2982 4264 3192 4317 bestias
3205 4280 3518 4318 conversus:

1965 4348 2022 4402 In
2044 4350 2280 4414 nomine,
2307 4351 2501 4418 inquit,
2529 4351 2641 4405 veri
2663 4352 3129 4415 Dei,,revertimini
3151 4372 3359 4417 rursus,
3381 4358 3522 4408 unde

1966 4454 2301 4506 unmquaque
2331 4452 2574 4502 venerat,
2637 4443 2839 4499 nemini
2900 4445 3157 4498 damnum
3208 4446 3518 4500 afferentes.

292 4528 463 4595 θῆρες
486 4525 687 4593 ὥρμων
710 4541 725 4557 ⁶
762 4528 868 4578 τῶν
914 4528 969 4578 δὲ
1000 4532 1436 4598 περιεστηκότων
1470 4530 1578 4584 δέει
1631 4533 1861 4600 ληφθέν-
1888 4538 1941 4598 D
1970 4529 1974 4580 l

1837 4564 1861 4574 ο
1888 4538 1941 4598 ι)
1970 4528 2218 4583 Protinus
2267 4547 2396 4600 ergo
2441 4533 2625 4587 bestia:
2669 4535 2888 4601 quidem
2938 4538 3316 4604 erumpebant.
3383 4536 3517 4590 Cum

295 4638 441 4682 των,
491 4619 585 4670 καὶ
635 4618 794 4670 ἄλλου
837 4619 1095 4687 ἀλλαχόσε
1158 4620 1440 4687 διαφυγεῖν
1493 4624 1857 4694 ὡρμημένων,

298 4711 481 4759 ἐκεῖνα
507 4707 693 4776 δρόμῳ
720 4708 899 4776 πολλῷ
936 4710 1070 4776 πρὸς
1117 4708 1215 4780 τὴν
1254 4709 1384 4781 ὓλην
1432 4712 1645 4782 ἐχώρει,
1680 4718 1774 4767 καὶ
1800 4718 1859 4767 τὸ

299 4800 486 4867 θαῦμα
540 4801 767 4862 πολλοὺς
821 4803 1130 4869 ἐπηγάγετο
1185 4802 1292 4855 τῶν
1332 4803 1591 4867 ἀπίστων,
1653 4808 1741 4857 καὶ
1785 4807 1859 4876 τῷ

298 4888 520 4961 Χριστῷ
549 4907 611 4959 με
623 4892 709 4959 pl;
742 4892 1121 4960 προσετίθετο.

369 4980 451 5033 ις’.
488 4984 651 5045 Γνοὺς
673 4983 728 5035 δὲ
748 4984 920 5035 ταῦτα
953 4985 979 5035 ὁ
1006 4986 1252 5054 ἡγεμὼν,
1278 4991 1334 5042 ἐν
1367 4991 1557 5061 ἀπόρῳ
1584 4985 1651 5059 ἦν
1682 4991 1776 5043 τοῦ
1807 4992 1877 5043 τίλ

294 5074 615 5142 χρὴποιείν,
683 5076 778 5126 καὶ
824 5078 939 5137 πῶς
998 5080 1065 5129 ἀν
1121 5080 1286 5143 ἀξίως
1344 5082 1507 5133 αὐτὸν
1564 5083 1854 5147 ἀμύναιτο.

293 5164 393 5213 Διά
414 5178 495 5214 τοι
549 5164 705 5216 τοῦτο
739 5167 833 5219 καὶ
901 5167 1073 5234 δεσμά
1122 5170 1365 5236 περιθεὶς
1401 5173 1549 5243 αὐτῷ
1584 5175 1722 5226 κατά
1751 5176 1857 5226 πᾶν

297 5256 463 5322 μέρος
485 5256 576 5306 τοῦ
611 5256 879 5323 σώματος,
912 5260 971 5311 τὸ
994 5261 1091 5327 μὲν
1110 5259 1340 5330 νῦνξχον
1369 5266 1449 5325 είς
1486 5264 1856 5335 δεσμωτήριον

293 5344 576 5408 ἐμϐάλλει,
608 5347 754 5410 tm;
810 5348 864 5398 δὲ
897 5350 1115 5419 ημερῶι
1143 5352 1337 5415 ὀλίγων
1370 5356 1446 5415 είς
1487 5354 1855 5409 Ἀπολλωνίαν

293 5436 521 5487 ἀπιέναι
548 5436 777 5503 μέλλων,
820 5440 970 5501 πόλις
998 5442 1055 5492 δὲ
1089 5443 1225 5511 αὕτη
1275 5446 1333 5495 οὐ
1362 5445 1496 5495 πολὺ
1516 5447 1855 5514 Καισαρείας

292 5525 593 5591 ἀπέχουσα,
625 5528 830 5580 κελεύει
869 5535 957 5581 καὶ
984 5533 1074 5583 τὸν
1125 5532 1333 5601 Θύρσον
1364 5534 1466 5585 ὑπὸ
1498 5535 1853 5603 στρατιώταις

1963 4634 2092 4673 vero
2142 4621 2303 4680 timor
2352 4624 2637 4677 invasisset
2678 4641 2774 4679 eos
2814 4626 2907 4695 qui
2953 4628 3412 4690 circumstabant,
3465 4644 3520 4684 et

1961 4713 2051 4765 alii
2092 4714 2198 4766 alio
2248 4714 2431 4783 fugere
2475 4716 2905 4783 contenderent,
2957 4718 3060 4772 illa:
3126 4736 3319 4790 magno
3356 4738 3517 4775 cursu

1963 4803 2255 4857 tendebant
2287 4805 2351 4856 ad
2383 4805 2605 4873 sylvam.
2637 4804 2957 4860 Miraculum
2992 4816 3174 4862 autem
3203 4811 3403 4863 multos
3432 4812 3518 4861 in-

1960 4892 2115 4946 duxit
2158 4896 2484 4951 infidelium.
2504 4898 2596 4963 qui
2624 4896 2825 4952 Christi
2864 4901 3002 4967 parti
3030 4916 3087 4954 se
3117 4903 3509 4969 adiunxerunt.

2030 4984 2145 5037 XX.
2170 4985 2304 5038 Cum
2333 5001 2510 5039 autem
2552 4998 2665 5040 haec
2695 4990 3038 5056 cognovisset
3071 5006 3287 5058 pra:scs,
3323 4995 3374 5045 in
3407 4994 3515 5046 du-

1958 5076 2049 5129 bio
2080 5086 2219 5138 erat,
2253 5078 2513 5145 quidnam
2569 5091 2715 5132 esset
2740 5081 2841 5133 sibi
2885 5080 3215 5147 faciendum,
3248 5094 3513 5153 etqn'etn-

1957 5167 2248 5221 admodum
2287 5183 2411 5221 eum
2470 5170 2832 5224 ulcisceretur
2858 5188 2953 5237 pro
2989 5174 3219 5227 meritis.
3264 5176 3518 5245 Propter-

1956 5274 2020 5313 ea
2051 5260 2307 5313 omnibus
2358 5264 2601 5329 corporis
2626 5262 2871 5330 partibus
2922 5265 2971 5315 ei
3018 5264 3231 5333 injectis
3264 5268 3512 5329 vinculis,

1958 5350 2013 5401 in
2071 5350 2356 5417 praesentia
2417 5351 2633 5419 quidem
2695 5370 2821 5409 eum
2865 5356 3086 5423 conjicit
3118 5358 3173 5411 in
3219 5374 3512 5413 carcerem.

1957 5441 2093 5495 Cum
2128 5455 2255 5495 vero
2283 5440 2423 5495 intra
2448 5459 2647 5511 paucos
2672 5445 2791 5500 dies
2817 5447 3068 5500 abiturus
3104 5457 3250 5502 esset
3297 5450 3514 5518 Apollo~

1957 5535 2103 5588 niam
2122 5536 2204 5602 (ea
2226 5545 2409 5590 autem
2426 5537 2741 5592 civitasnon
2764 5542 2951 5607 procul
2977 5543 3132 5595 abest
3164 5558 3193 5594 a
3222 5543 3511 5610 Casarcai.

293 5617 591 5685 συρόμενον
641 5618 885 5672 ἕπεσθαι.
938 5620 1197 5683 Ἐπιστὰς
1246 5626 1423 5676 τοίνυν
1451 5629 1515 5694 τῇ
1551 5628 1723 5691 πόλει,
1760 5630 1852 5679 καὶ
1951 5628 1969 5696 j

1833 5630 1852 5679 ‘t
1951 5628 2104 5696 jntet
2160 5628 2427 5698 Thyrsim:
2484 5632 2637 5699 sequi
2696 5637 3310 5689 tractumamilitibus.
3378 5637 3512 5690 Cum

295 5705 437 5756 κατὰ
462 5705 687 5774 γνώμην
717 5708 786 5761 τά
812 5711 928 5762 ἐκεῖ
953 5711 1290 5780 διαθέμενος,
1315 5715 1501 5785 ἐπειδὴ
1529 5718 1620 5769 καὶ
1637 5721 1761 5780 τοὺς
1796 5721 1851 5770 εν

293 5797 434 5862 αὐτῇ
494 5798 698 5858 πάντας
762 5801 1017 5869 τρόπαιον
1055 5804 1240 5859 θέσθαι
1269 5808 1365 5875 τῆς
1400 5808 1651 5872 ἀσεϐείας
1685 5809 1848 5878 ἠϐού-

1956 5722 2189 5773 venisset
2220 5736 2351 5788 ergo
2372 5722 2427 5773 in
2464 5723 2763 5789 civitatem,
2783 5732 2839 5777 et
2866 5740 2951 5778 res
2991 5727 3101 5779 illic
3125 5728 3429 5781 ordinasset
3450 5743 3515 5781 ex

1954 5813 2241 5877 sententia,
2274 5813 2528 5881 quoniam
2574 5815 2638 5867 dc
2678 5817 2931 5871 omnibus
2973 5834 3091 5886 qurc
3148 5820 3197 5872 in
3230 5833 3289 5872 ea
3335 5831 3513 5881 crint,
