  <div class='ocr_page' id='page_1' title='image "/cluster/home/n/w/nwhite01/storage/ocr_20150623/116/nnc1.0046980156/306.png"; bbox 0 0 4260 6430; ppageno 0'>
   <div class='ocr_carea' id='block_1_1' title="bbox 278 387 388 452">
    <p class='ocr_par' dir='ltr' id='par_1_1' title="bbox 278 387 388 452">
     <span class='ocr_line' id='line_1_1' title="bbox 278 387 388 452; baseline 0.018 -2"><span class='ocrx_word' id='word_1_1' title='bbox 278 387 388 452; x_wconf 84' lang='grc'><strong>533</strong></span> 
     </span>
    </p>
   </div>
   <div class='ocr_carea' id='block_1_2' title="bbox 1157 404 2615 483">
    <p class='ocr_par' dir='ltr' id='par_1_2' title="bbox 1157 404 2615 483">
     <span class='ocr_line' id='line_1_2' title="bbox 1157 404 2615 483; baseline 0.015 -21"><span class='ocrx_word' id='word_1_2' title='bbox 1157 404 1624 469; x_wconf 68' lang='lat' dir='ltr'><strong>MARTYRIUM</strong></span> <span class='ocrx_word' id='word_1_3' title='bbox 1672 412 1729 471; x_wconf 85' lang='lat' dir='ltr'><strong>S.</strong></span> <span class='ocrx_word' id='word_1_4' title='bbox 1773 412 2056 475; x_wconf 66' lang='lat' dir='ltr'><strong>TllYltSI</strong></span> <span class='ocrx_word' id='word_1_5' title='bbox 2096 417 2189 478; x_wconf 83' lang='lat' dir='ltr'><strong>ET</strong></span> <span class='ocrx_word' id='word_1_6' title='bbox 2228 418 2615 483; x_wconf 82' lang='lat' dir='ltr'><strong>SOCIORUM</strong></span> 
     </span>
    </p>
   </div>
   <div class='ocr_carea' id='block_1_3' title="bbox 3431 440 3530 500">
    <p class='ocr_par' dir='ltr' id='par_1_3' title="bbox 3431 440 3530 500">
     <span class='ocr_line' id='line_1_3' title="bbox 3431 440 3530 500; baseline -0.01 0"><span class='ocrx_word' id='word_1_7' title='bbox 3431 440 3530 500; x_wconf 79' lang='grc'><strong>534</strong></span> 
     </span>
    </p>
   </div>
   <div class='ocr_carea' id='block_1_4' title="bbox 274 504 1956 619">
    <p class='ocr_par' dir='ltr' id='par_1_4' title="bbox 274 504 1923 619">
     <span class='ocr_line' id='line_1_4' title="bbox 274 504 1923 619; baseline 0.016 -66"><span class='ocrx_word' id='word_1_8' title='bbox 274 504 408 619; x_wconf 52' lang='grc' dir='ltr'>οὐχ-</span> <span class='ocrx_word' id='word_1_9' title='bbox 434 505 640 619; x_wconf 55' lang='grc' dir='ltr'>ὄπὶλων,</span> <span class='ocrx_word' id='word_1_10' title='bbox 702 510 764 562; x_wconf 86' lang='grc' dir='ltr'><strong>ού</strong></span> <span class='ocrx_word' id='word_1_11' title='bbox 832 512 1020 582; x_wconf 74' lang='grc' dir='ltr'>ξίφους</span> <span class='ocrx_word' id='word_1_12' title='bbox 1074 517 1161 568; x_wconf 68' lang='grc' dir='ltr'><strong>ἐπ’</strong></span> <span class='ocrx_word' id='word_1_13' title='bbox 1211 520 1424 575; x_wconf 82' lang='grc' dir='ltr'>αὐτῶν.</span> <span class='ocrx_word' id='word_1_14' title='bbox 1451 522 1685 592; x_wconf 77' lang='grc' dir='ltr'>δεηθεὶς,</span> <span class='ocrx_word' id='word_1_15' title='bbox 1716 524 1854 577; x_wconf 70' lang='grc' dir='ltr'>ἀλλὰ</span> <span class='ocrx_word' id='word_1_16' title='bbox 1888 540 1923 583; x_wconf 79' lang='grc' dir='ltr'><strong>Α</strong></span> 
     </span>
    </p>
   </div>
   <div class='ocr_carea' id='block_1_5' title="bbox 1846 504 3528 619">
    <p class='ocr_par' dir='ltr' id='par_1_5' title="bbox 1846 533 3528 619">
     <span class='ocr_line' id='line_1_5' title="bbox 1846 533 3528 619; baseline 0.018 -42"><span class='ocrx_word' id='word_1_17' title='bbox 1846 545 1854 577; x_wconf 78' lang='grc' dir='ltr'><strong>ι</strong></span> <span class='ocrx_word' id='word_1_18' title='bbox 1888 540 1923 583; x_wconf 80' lang='grc' dir='ltr'><strong>Α</strong></span> <span class='ocrx_word' id='word_1_19' title='bbox 1963 544 2070 585; x_wconf 90' lang='lat' dir='ltr'><strong>non</strong></span> <span class='ocrx_word' id='word_1_20' title='bbox 2098 533 2288 598; x_wconf 82' lang='lat' dir='ltr'><strong>armis,</strong></span> <span class='ocrx_word' id='word_1_21' title='bbox 2337 552 2445 591; x_wconf 87' lang='lat' dir='ltr'><strong>non</strong></span> <span class='ocrx_word' id='word_1_22' title='bbox 2481 553 2612 592; x_wconf 77' lang='lat' dir='ltr'><strong>ense</strong></span> <span class='ocrx_word' id='word_1_23' title='bbox 2652 540 2917 597; x_wconf 86' lang='lat' dir='ltr'><strong>adversus</strong></span> <span class='ocrx_word' id='word_1_24' title='bbox 2960 560 3087 599; x_wconf 87' lang='lat' dir='ltr'><strong>eum</strong></span> <span class='ocrx_word' id='word_1_25' title='bbox 3123 546 3397 619; x_wconf 86' lang='lat' dir='ltr'><strong>indigens,</strong></span> <span class='ocrx_word' id='word_1_26' title='bbox 3435 555 3528 608; x_wconf 84' lang='lat' dir='ltr'><strong>sed</strong></span> 
     </span>
    </p>
   </div>
   <div class='ocr_carea' id='block_1_6' title="bbox 275 593 1855 680">
    <p class='ocr_par' dir='ltr' id='par_1_6' title="bbox 275 593 1855 680">
     <span class='ocr_line' id='line_1_6' title="bbox 275 593 1855 680; baseline 0.015 -34"><span class='ocrx_word' id='word_1_27' title='bbox 275 593 419 665; x_wconf 82' lang='grc' dir='ltr'>ψιλῷ</span> <span class='ocrx_word' id='word_1_28' title='bbox 451 598 660 667; x_wconf 79' lang='grc' dir='ltr'>ῥήματι</span> <span class='ocrx_word' id='word_1_29' title='bbox 709 602 859 671; x_wconf 76' lang='grc' dir='ltr'>μόνῳ</span> <span class='ocrx_word' id='word_1_30' title='bbox 887 606 981 657; x_wconf 80' lang='grc' dir='ltr'>καὶ</span> <span class='ocrx_word' id='word_1_31' title='bbox 1014 607 1205 674; x_wconf 78' lang='grc' dir='ltr'><strong>κλήσει</strong></span> <span class='ocrx_word' id='word_1_32' title='bbox 1268 611 1534 680; x_wconf 77' lang='grc' dir='ltr'><strong>Χριστοῦ,</strong></span> <span class='ocrx_word' id='word_1_33' title='bbox 1558 618 1653 668; x_wconf 74' lang='grc' dir='ltr'>καὶ</span> <span class='ocrx_word' id='word_1_34' title='bbox 1679 616 1855 670; x_wconf 82' lang='grc' dir='ltr'>ταῦτα</span> 
     </span>
    </p>
   </div>
   <div class='ocr_carea' id='block_1_7' title="bbox 280 689 1860 771">
    <p class='ocr_par' dir='ltr' id='par_1_7' title="bbox 280 689 1860 771">
     <span class='ocr_line' id='line_1_7' title="bbox 280 689 1860 771; baseline 0.015 -34"><span class='ocrx_word' id='word_1_35' title='bbox 280 689 518 757; x_wconf 73' lang='grc' dir='ltr'>σταυρὸν</span> <span class='ocrx_word' id='word_1_36' title='bbox 538 690 749 745; x_wconf 67' lang='grc' dir='ltr'>ἐκείνου</span> <span class='ocrx_word' id='word_1_37' title='bbox 774 697 868 748; x_wconf 73' lang='grc' dir='ltr'>καὶ</span> <span class='ocrx_word' id='word_1_38' title='bbox 894 697 1122 752; x_wconf 87' lang='grc' dir='ltr'>θάνατον</span> <span class='ocrx_word' id='word_1_39' title='bbox 1146 701 1562 771; x_wconf 77' lang='grc' dir='ltr'>ὑπομείναντος.</span> <span class='ocrx_word' id='word_1_40' title='bbox 1586 707 1647 759; x_wconf 82' lang='lat' dir='ltr'><strong>El</strong></span> <span class='ocrx_word' id='word_1_41' title='bbox 1674 708 1860 771; x_wconf 82' lang='grc' dir='ltr'>τοίνυν</span> 
     </span>
    </p>
   </div>
   <div class='ocr_carea' id='block_1_8' title="bbox 276 780 1853 867">
    <p class='ocr_par' dir='ltr' id='par_1_8' title="bbox 276 780 1853 867">
     <span class='ocr_line' id='line_1_8' title="bbox 276 780 1853 867; baseline 0.015 -37"><span class='ocrx_word' id='word_1_42' title='bbox 276 781 344 845; x_wconf 76' lang='grc' dir='ltr'>τῇ</span> <span class='ocrx_word' id='word_1_43' title='bbox 381 780 626 852; x_wconf 65' lang='grc' dir='ltr'><strong>ιῖιμετέρει⁵</strong></span> <span class='ocrx_word' id='word_1_44' title='bbox 684 784 835 838; x_wconf 88' lang='grc' dir='ltr'><strong>δοκεῖ</strong></span> <span class='ocrx_word' id='word_1_45' title='bbox 866 790 1107 861; x_wconf 67' lang='grc' dir='ltr'>ἐξουσία,</span> <span class='ocrx_word' id='word_1_46' title='bbox 1156 795 1554 863; x_wconf 73' lang='grc' dir='ltr'><strong>προσελθόντες</strong></span> <span class='ocrx_word' id='word_1_47' title='bbox 1592 799 1699 853; x_wconf 68' lang='grc' dir='ltr'>κᾶν</span> <span class='ocrx_word' id='word_1_48' title='bbox 1721 800 1853 867; x_wconf 80' lang='grc' dir='ltr'>γοῦν</span> 
     </span>
    </p>
   </div>
   <div class='ocr_carea' id='block_1_9' title="bbox 290 868 1854 960">
    <p class='ocr_par' dir='ltr' id='par_1_9' title="bbox 290 868 1854 960">
     <span class='ocr_line' id='line_1_9' title="bbox 290 868 1854 960; baseline 0.019 -41"><span class='ocrx_word' id='word_1_49' title='bbox 290 868 569 960; x_wconf 66' lang='grc' dir='ltr'>Ἡρακλέα</span> <span class='ocrx_word' id='word_1_50' title='bbox 599 875 694 930; x_wconf 76' lang='grc' dir='ltr'><strong>τὸν</strong></span> <span class='ocrx_word' id='word_1_51' title='bbox 740 878 1094 946; x_wconf 71' lang='grc' dir='ltr'>Ἀλεξίκακον</span> <span class='ocrx_word' id='word_1_52' title='bbox 1122 886 1248 940; x_wconf 83' lang='grc' dir='ltr'>θεὸν</span> <span class='ocrx_word' id='word_1_53' title='bbox 1287 888 1707 960; x_wconf 77' lang='grc' dir='ltr'><strong>ἀναστήσωμεν,</strong></span> <span class='ocrx_word' id='word_1_54' title='bbox 1757 896 1854 947; x_wconf 76' lang='grc' dir='ltr'>καὶ</span> 
     </span>
    </p>
   </div>
   <div class='ocr_carea' id='block_1_10' title="bbox 276 959 1855 1053">
    <p class='ocr_par' dir='ltr' id='par_1_10' title="bbox 276 959 1855 1053">
     <span class='ocr_line' id='line_1_10' title="bbox 276 959 1855 1053; baseline 0.015 -40"><span class='ocrx_word' id='word_1_55' title='bbox 276 959 583 1032; x_wconf 77' lang='grc' dir='ltr'>δεηθῶμεν,</span> <span class='ocrx_word' id='word_1_56' title='bbox 615 967 935 1025; x_wconf 82' lang='grc' dir='ltr'>αίδεσθέντα</span> <span class='ocrx_word' id='word_1_57' title='bbox 958 974 1027 1027; x_wconf 82' lang='grc' dir='ltr'><strong>τά</strong></span> <span class='ocrx_word' id='word_1_58' title='bbox 1049 976 1217 1030; x_wconf 82' lang='grc' dir='ltr'>πάλαι</span> <span class='ocrx_word' id='word_1_59' title='bbox 1244 980 1373 1049; x_wconf 78' lang='grc' dir='ltr'>περὶ</span> <span class='ocrx_word' id='word_1_60' title='bbox 1420 959 1595 1034; x_wconf 13' lang='grc' dir='ltr'>αύτοῦί</span> <span class='ocrx_word' id='word_1_61' title='bbox 1624 983 1855 1053; x_wconf 80' lang='grc' dir='ltr'>θρυλούο</span> 
     </span>
    </p>
   </div>
   <div class='ocr_carea' id='block_1_11' title="bbox 278 1067 1853 1145">
    <p class='ocr_par' dir='ltr' id='par_1_11' title="bbox 278 1067 1853 1145">
     <span class='ocr_line' id='line_1_11' title="bbox 278 1067 1853 1145; baseline 0.015 -40"><span class='ocrx_word' id='word_1_62' title='bbox 278 1071 445 1122; x_wconf 85' lang='grc' dir='ltr'>μενα,</span> <span class='ocrx_word' id='word_1_63' title='bbox 510 1067 859 1133; x_wconf 60' lang='grc' dir='ltr'>παραστῆναι</span> <span class='ocrx_word' id='word_1_64' title='bbox 915 1072 1374 1141; x_wconf 77' lang='grc' dir='ltr'><strong>τυραννουμένοις</strong></span> <span class='ocrx_word' id='word_1_65' title='bbox 1423 1073 1503 1144; x_wconf 82' lang='grc' dir='ltr'>τῷ</span> <span class='ocrx_word' id='word_1_66' title='bbox 1561 1076 1730 1145; x_wconf 81' lang='grc' dir='ltr'>πατρὶ</span> <span class='ocrx_word' id='word_1_67' title='bbox 1770 1079 1853 1130; x_wconf 75' lang='grc' dir='ltr'><strong>Διὶ</strong></span> 
     </span>
    </p>
   </div>
   <div class='ocr_carea' id='block_1_12' title="bbox 276 1148 1851 1237">
    <p class='ocr_par' dir='ltr' id='par_1_12' title="bbox 276 1148 1851 1237">
     <span class='ocr_line' id='line_1_12' title="bbox 276 1148 1851 1237; baseline 0.013 -39"><span class='ocrx_word' id='word_1_68' title='bbox 276 1148 464 1220; x_wconf 78' lang='grc' dir='ltr'>καὶτῷ</span> <span class='ocrx_word' id='word_1_69' title='bbox 500 1151 632 1222; x_wconf 82' lang='grc' dir='ltr'>θείῳ</span> <span class='ocrx_word' id='word_1_70' title='bbox 690 1155 1023 1214; x_wconf 73' lang='grc' dir='ltr'>Ἀπόλλω-η’</span> <span class='ocrx_word' id='word_1_71' title='bbox 1074 1156 1221 1216; x_wconf 75' lang='grc' dir='ltr'>οὗτοι</span> <span class='ocrx_word' id='word_1_72' title='bbox 1261 1165 1369 1235; x_wconf 69' lang='grc' dir='ltr'>γὰρ</span> <span class='ocrx_word' id='word_1_73' title='bbox 1426 1167 1531 1219; x_wconf 76' lang='grc' dir='ltr'><strong>ὑπὸ</strong></span> <span class='ocrx_word' id='word_1_74' title='bbox 1566 1168 1723 1237; x_wconf 77' lang='grc' dir='ltr'>βαθεῖ</span> <span class='ocrx_word' id='word_1_75' title='bbox 1777 1170 1851 1237; x_wconf 80' lang='grc' dir='ltr'>τῷ</span> 
     </span>
    </p>
   </div>
   <div class='ocr_carea' id='block_1_13' title="bbox 276 1239 1851 1328">
    <p class='ocr_par' dir='ltr' id='par_1_13' title="bbox 276 1239 1851 1328">
     <span class='ocr_line' id='line_1_13' title="bbox 276 1239 1851 1328; baseline 0.014 -37"><span class='ocrx_word' id='word_1_76' title='bbox 276 1239 433 1311; x_wconf 75' lang='grc' dir='ltr'>ὕπνῳ</span> <span class='ocrx_word' id='word_1_77' title='bbox 464 1245 752 1300; x_wconf 73' lang='grc' dir='ltr'><strong>καθεύδειν</strong></span> <span class='ocrx_word' id='word_1_78' title='bbox 813 1250 1072 1305; x_wconf 82' lang='grc' dir='ltr'>δοκοῦσι·</span> <span class='ocrx_word' id='word_1_79' title='bbox 1110 1257 1200 1307; x_wconf 80' lang='grc' dir='ltr'>καὶ</span> <span class='ocrx_word' id='word_1_80' title='bbox 1252 1259 1851 1328; x_wconf 73' lang='grc' dir='ltr'><strong>τεσσαρεσκαιδέκατον</strong></span> 
     </span>
    </p>
   </div>
   <div class='ocr_carea' id='block_1_14' title="bbox 278 1326 1257 1416">
    <p class='ocr_par' dir='ltr' id='par_1_14' title="bbox 278 1326 1257 1416">
     <span class='ocr_line' id='line_1_14' title="bbox 278 1326 1257 1416; baseline 0.018 -33"><span class='ocrx_word' id='word_1_81' title='bbox 278 1326 441 1386; x_wconf 75' lang='grc' dir='ltr'>ἆθλον</span> <span class='ocrx_word' id='word_1_82' title='bbox 465 1335 653 1391; x_wconf 79' lang='grc' dir='ltr'>τοῦτον</span> <span class='ocrx_word' id='word_1_83' title='bbox 672 1341 821 1411; x_wconf 88' lang='grc' dir='ltr'><strong>αύτῷ</strong></span> <span class='ocrx_word' id='word_1_84' title='bbox 844 1344 1257 1416; x_wconf 78' lang='grc' dir='ltr'>ἀναγράψομεν.</span> 
     </span>
    </p>
   </div>
   <div class='ocr_carea' id='block_1_15' title="bbox 352 1426 1833 1515">
    <p class='ocr_par' dir='ltr' id='par_1_15' title="bbox 352 1426 1833 1515">
     <span class='ocr_line' id='line_1_15' title="bbox 352 1426 1833 1515; baseline 0.015 -39"><span class='ocrx_word' id='word_1_85' title='bbox 352 1426 478 1479; x_wconf 78' lang='lat' dir='ltr'><strong>KB’.</strong></span> <span class='ocrx_word' id='word_1_86' title='bbox 528 1427 605 1483; x_wconf 71' lang='grc' dir='ltr'><strong>Οὐ</strong></span> <span class='ocrx_word' id='word_1_87' title='bbox 643 1432 874 1487; x_wconf 86' lang='grc' dir='ltr'>συνιδὼν</span> <span class='ocrx_word' id='word_1_88' title='bbox 916 1437 1096 1490; x_wconf 81' lang='grc' dir='ltr'>τοίνυν</span> <span class='ocrx_word' id='word_1_89' title='bbox 1132 1441 1231 1510; x_wconf 81' lang='grc' dir='ltr'>τὴν</span> <span class='ocrx_word' id='word_1_90' title='bbox 1290 1444 1490 1513; x_wconf 80' lang='grc' dir='ltr'>χλεύην</span> <span class='ocrx_word' id='word_1_91' title='bbox 1520 1445 1546 1497; x_wconf 83' lang='grc' dir='ltr'>ὁ</span> <span class='ocrx_word' id='word_1_92' title='bbox 1586 1445 1833 1515; x_wconf 80' lang='grc' dir='ltr'>ἡγεμὼν,</span> 
     </span>
    </p>
   </div>
   <div class='ocr_carea' id='block_1_16' title="bbox 304 1515 1853 1606">
    <p class='ocr_par' dir='ltr' id='par_1_16' title="bbox 304 1515 1853 1606">
     <span class='ocr_line' id='line_1_16' title="bbox 304 1515 1853 1606; baseline 0.017 -40"><span class='ocrx_word' id='word_1_93' title='bbox 304 1515 379 1577; x_wconf 79' lang='grc' dir='ltr'>Ως</span> <span class='ocrx_word' id='word_1_94' title='bbox 411 1516 503 1570; x_wconf 76' lang='grc' dir='ltr'>οὖν</span> <span class='ocrx_word' id='word_1_95' title='bbox 533 1522 691 1589; x_wconf 75' lang='grc' dir='ltr'>ἐμοῦ,</span> <span class='ocrx_word' id='word_1_96' title='bbox 725 1524 852 1594; x_wconf 73' lang='grc' dir='ltr'>ἔφη,</span> <span class='ocrx_word' id='word_1_97' title='bbox 889 1529 1141 1599; x_wconf 83' lang='grc' dir='ltr'>πονήρως</span> <span class='ocrx_word' id='word_1_98' title='bbox 1175 1531 1302 1601; x_wconf 75' lang='grc' dir='ltr'>ἄρτι</span> <span class='ocrx_word' id='word_1_99' title='bbox 1329 1533 1681 1606; x_wconf 69' lang='grc' dir='ltr'><strong>διακειμένου</strong></span> <span class='ocrx_word' id='word_1_100' title='bbox 1707 1578 1721 1601; x_wconf 91' lang='grc'><strong>,</strong></span> <span class='ocrx_word' id='word_1_101' title='bbox 1754 1542 1853 1592; x_wconf 67' lang='grc' dir='ltr'>καὶ</span> 
     </span>
    </p>
   </div>
   <div class='ocr_carea' id='block_1_17' title="bbox 274 1607 1848 1699">
    <p class='ocr_par' dir='ltr' id='par_1_17' title="bbox 274 1607 1848 1699">
     <span class='ocr_line' id='line_1_17' title="bbox 274 1607 1848 1699; baseline 0.018 -42"><span class='ocrx_word' id='word_1_102' title='bbox 274 1607 525 1671; x_wconf 77' lang='grc' dir='ltr'><strong>ἀσθενῶς</strong></span> <span class='ocrx_word' id='word_1_103' title='bbox 557 1610 796 1681; x_wconf 71' lang='grc' dir='ltr'>ἔχοντος,</span> <span class='ocrx_word' id='word_1_104' title='bbox 850 1620 1139 1688; x_wconf 74' lang='grc' dir='ltr'>πορευθεὶς</span> <span class='ocrx_word' id='word_1_105' title='bbox 1168 1624 1329 1686; x_wconf 75' lang='grc' dir='ltr'>αὐτὸς</span> <span class='ocrx_word' id='word_1_106' title='bbox 1361 1625 1589 1681; x_wconf 84' lang='grc' dir='ltr'>ίλέωσαί</span> <span class='ocrx_word' id='word_1_107' title='bbox 1620 1646 1677 1682; x_wconf 84' lang='grc' dir='ltr'><strong>τε</strong></span> <span class='ocrx_word' id='word_1_108' title='bbox 1716 1632 1848 1699; x_wconf 76' lang='grc' dir='ltr'>ἡμῖν</span> 
     </span>
    </p>
   </div>
   <div class='ocr_carea' id='block_1_18' title="bbox 272 1700 1847 1791">
    <p class='ocr_par' dir='ltr' id='par_1_18' title="bbox 272 1700 1847 1791">
     <span class='ocr_line' id='line_1_18' title="bbox 272 1700 1847 1791; baseline 0.018 -43"><span class='ocrx_word' id='word_1_109' title='bbox 272 1700 401 1762; x_wconf 65' lang='grc' dir='ltr'>τοὺς</span> <span class='ocrx_word' id='word_1_110' title='bbox 437 1701 616 1766; x_wconf 77' lang='grc' dir='ltr'>θεοὺς,</span> <span class='ocrx_word' id='word_1_111' title='bbox 653 1708 746 1758; x_wconf 79' lang='grc' dir='ltr'>καὶ</span> <span class='ocrx_word' id='word_1_112' title='bbox 778 1710 920 1763; x_wconf 81' lang='grc' dir='ltr'>κατὰ</span> <span class='ocrx_word' id='word_1_113' title='bbox 947 1712 1041 1764; x_wconf 80' lang='grc' dir='ltr'>τοῦ</span> <span class='ocrx_word' id='word_1_114' title='bbox 1078 1718 1441 1783; x_wconf 88' lang='grc' dir='ltr'>τερατοποιοῦ</span> <span class='ocrx_word' id='word_1_115' title='bbox 1470 1719 1662 1773; x_wconf 90' lang='grc' dir='ltr'>τούτου</span> <span class='ocrx_word' id='word_1_116' title='bbox 1698 1723 1847 1791; x_wconf 79' lang='grc' dir='ltr'>Θύρσ-</span> 
     </span>
    </p>
   </div>
   <div class='ocr_carea' id='block_1_19' title="bbox 276 1796 1848 1874">
    <p class='ocr_par' dir='ltr' id='par_1_19' title="bbox 276 1796 1848 1874">
     <span class='ocr_line' id='line_1_19' title="bbox 276 1796 1848 1874; baseline 0.016 -32"><span class='ocrx_word' id='word_1_117' title='bbox 276 1808 375 1843; x_wconf 89' lang='grc' dir='ltr'>σου</span> <span class='ocrx_word' id='word_1_118' title='bbox 426 1796 628 1865; x_wconf 77' lang='grc' dir='ltr'>σπουδῇ</span> <span class='ocrx_word' id='word_1_119' title='bbox 673 1797 1055 1871; x_wconf 86' lang='grc' dir='ltr'>διανάστησον.</span> <span class='ocrx_word' id='word_1_120' title='bbox 1104 1806 1216 1860; x_wconf 79' lang='grc' dir='ltr'><strong>Καὶ</strong></span> <span class='ocrx_word' id='word_1_121' title='bbox 1244 1808 1274 1861; x_wconf 81' lang='grc'>6</span> <span class='ocrx_word' id='word_1_122' title='bbox 1305 1809 1645 1874; x_wconf 76' lang='grc' dir='ltr'>Καλλίνικος,</span> <span class='ocrx_word' id='word_1_123' title='bbox 1686 1814 1848 1867; x_wconf 65' lang='grc' dir='ltr'>Ἀλλά</span> 
     </span>
    </p>
   </div>
   <div class='ocr_carea' id='block_1_20' title="bbox 1963 624 3530 707">
    <p class='ocr_par' dir='ltr' id='par_1_20' title="bbox 1963 624 3530 707">
     <span class='ocr_line' id='line_1_20' title="bbox 1963 624 3530 707; baseline 0.012 -32"><span class='ocrx_word' id='word_1_124' title='bbox 1963 624 2081 677; x_wconf 91' lang='lat' dir='ltr'><strong>solo</strong></span> <span class='ocrx_word' id='word_1_125' title='bbox 2106 625 2272 679; x_wconf 89' lang='lat' dir='ltr'><strong>verbo</strong></span> <span class='ocrx_word' id='word_1_126' title='bbox 2304 628 2452 681; x_wconf 91' lang='lat' dir='ltr'><strong>nudo</strong></span> <span class='ocrx_word' id='word_1_127' title='bbox 2484 638 2539 684; x_wconf 90' lang='lat' dir='ltr'><strong>et</strong></span> <span class='ocrx_word' id='word_1_128' title='bbox 2561 628 2763 684; x_wconf 83' lang='lat' dir='ltr'><strong>Christi</strong></span> <span class='ocrx_word' id='word_1_129' title='bbox 2795 631 3182 690; x_wconf 75' lang='lat' dir='ltr'><strong>invocatione:</strong></span> <span class='ocrx_word' id='word_1_130' title='bbox 3218 638 3381 707; x_wconf 84' lang='lat' dir='ltr'><strong>idque</strong></span> <span class='ocrx_word' id='word_1_131' title='bbox 3408 658 3530 695; x_wconf 89' lang='lat' dir='ltr'><strong>cum</strong></span> 
     </span>
    </p>
   </div>
   <div class='ocr_carea' id='block_1_21' title="bbox 1963 712 3533 796">
    <p class='ocr_par' dir='ltr' id='par_1_21' title="bbox 1963 712 3533 796">
     <span class='ocr_line' id='line_1_21' title="bbox 1963 712 3533 796; baseline 0.011 -30"><span class='ocrx_word' id='word_1_132' title='bbox 1963 712 2055 767; x_wconf 90' lang='lat' dir='ltr'><strong>ille</strong></span> <span class='ocrx_word' id='word_1_133' title='bbox 2088 730 2305 770; x_wconf 84' lang='lat' dir='ltr'><strong>crucem</strong></span> <span class='ocrx_word' id='word_1_134' title='bbox 2330 728 2385 773; x_wconf 89' lang='lat' dir='ltr'><strong>et</strong></span> <span class='ocrx_word' id='word_1_135' title='bbox 2420 730 2653 775; x_wconf 90' lang='lat' dir='ltr'><strong>mortem</strong></span> <span class='ocrx_word' id='word_1_136' title='bbox 2696 722 3043 778; x_wconf 70' lang='lat' dir='ltr'><strong>sustinuerit.</strong></span> <span class='ocrx_word' id='word_1_137' title='bbox 3074 727 3130 780; x_wconf 88' lang='lat' dir='ltr'><strong>Si</strong></span> <span class='ocrx_word' id='word_1_138' title='bbox 3176 744 3307 796; x_wconf 84' lang='lat' dir='ltr'><strong>ergo</strong></span> <span class='ocrx_word' id='word_1_139' title='bbox 3338 740 3533 784; x_wconf 75' lang='lat' dir='ltr'><strong>vestra-</strong></span> 
     </span>
    </p>
   </div>
   <div class='ocr_carea' id='block_1_22' title="bbox 1964 807 3531 882">
    <p class='ocr_par' dir='ltr' id='par_1_22' title="bbox 1964 807 3531 882">
     <span class='ocr_line' id='line_1_22' title="bbox 1964 807 3531 882; baseline 0.009 -22"><span class='ocrx_word' id='word_1_140' title='bbox 1964 807 2183 861; x_wconf 84' lang='lat' dir='ltr'><strong>vidctur</strong></span> <span class='ocrx_word' id='word_1_141' title='bbox 2212 814 2492 877; x_wconf 65' lang='lat' dir='ltr'><strong>potentiae,</strong></span> <span class='ocrx_word' id='word_1_142' title='bbox 2527 814 2875 876; x_wconf 82' lang='lat' dir='ltr'><strong>accedamus,</strong></span> <span class='ocrx_word' id='word_1_143' title='bbox 2928 826 2990 870; x_wconf 87' lang='lat' dir='ltr'><strong>et</strong></span> <span class='ocrx_word' id='word_1_144' title='bbox 3018 815 3332 882; x_wconf 74' lang='lat' dir='ltr'><strong>Herculem.</strong></span> <span class='ocrx_word' id='word_1_145' title='bbox 3370 821 3531 876; x_wconf 88' lang='lat' dir='ltr'><strong>deum</strong></span> 
     </span>
    </p>
   </div>
   <div class='ocr_carea' id='block_1_23' title="bbox 1961 900 3533 981">
    <p class='ocr_par' dir='ltr' id='par_1_23' title="bbox 1961 900 3533 981">
     <span class='ocr_line' id='line_1_23' title="bbox 1961 900 3533 981; baseline 0.011 -30"><span class='ocrx_word' id='word_1_146' title='bbox 1961 900 2053 966; x_wconf 83' lang='lat' dir='ltr'><strong>qui</strong></span> <span class='ocrx_word' id='word_1_147' title='bbox 2098 902 2150 953; x_wconf 91' lang='lat' dir='ltr'><strong>in</strong></span> <span class='ocrx_word' id='word_1_148' title='bbox 2205 902 2363 957; x_wconf 88' lang='lat' dir='ltr'><strong>malis</strong></span> <span class='ocrx_word' id='word_1_149' title='bbox 2397 902 2499 957; x_wconf 81' lang='lat' dir='ltr'><strong>fort</strong></span> <span class='ocrx_word' id='word_1_150' title='bbox 2525 920 2710 973; x_wconf 88' lang='lat' dir='ltr'><strong>opem,</strong></span> <span class='ocrx_word' id='word_1_151' title='bbox 2742 906 3042 976; x_wconf 78' lang='lat' dir='ltr'><strong>erigamus,</strong></span> <span class='ocrx_word' id='word_1_152' title='bbox 3074 920 3129 964; x_wconf 91' lang='lat' dir='ltr'><strong>et</strong></span> <span class='ocrx_word' id='word_1_153' title='bbox 3164 928 3443 981; x_wconf 83' lang='lat' dir='ltr'><strong>rogemus,</strong></span> <span class='ocrx_word' id='word_1_154' title='bbox 3473 928 3533 969; x_wconf 91' lang='lat' dir='ltr'><strong>ut</strong></span> 
     </span>
    </p>
   </div>
   <div class='ocr_carea' id='block_1_24' title="bbox 1961 992 3532 1071">
    <p class='ocr_par' dir='ltr' id='par_1_24' title="bbox 1961 992 3532 1071">
     <span class='ocr_line' id='line_1_24' title="bbox 1961 992 3532 1071; baseline 0.011 -28"><span class='ocrx_word' id='word_1_155' title='bbox 1961 992 2263 1059; x_wconf 90' lang='lat' dir='ltr'><strong>respiciens</strong></span> <span class='ocrx_word' id='word_1_156' title='bbox 2291 1008 2377 1055; x_wconf 89' lang='lat' dir='ltr'><strong>ea,</strong></span> <span class='ocrx_word' id='word_1_157' title='bbox 2410 1011 2532 1064; x_wconf 68' lang='lat' dir='ltr'><strong>qua:</strong></span> <span class='ocrx_word' id='word_1_158' title='bbox 2565 998 2674 1066; x_wconf 86' lang='lat' dir='ltr'><strong>jam</strong></span> <span class='ocrx_word' id='word_1_159' title='bbox 2712 998 2843 1052; x_wconf 92' lang='lat' dir='ltr'><strong>olim</strong></span> <span class='ocrx_word' id='word_1_160' title='bbox 2874 998 2939 1054; x_wconf 92' lang='lat' dir='ltr'><strong>de</strong></span> <span class='ocrx_word' id='word_1_161' title='bbox 2968 1003 3088 1070; x_wconf 87' lang='lat' dir='ltr'><strong>ipso</strong></span> <span class='ocrx_word' id='word_1_162' title='bbox 3122 1002 3532 1071; x_wconf 85' lang='lat' dir='ltr'><strong>jactantur,&#39;ad-</strong></span> 
     </span>
    </p>
   </div>
   <div class='ocr_carea' id='block_1_25' title="bbox 1960 1082 3529 1163">
    <p class='ocr_par' dir='ltr' id='par_1_25' title="bbox 1960 1082 3529 1163">
     <span class='ocr_line' id='line_1_25' title="bbox 1960 1082 3529 1163; baseline 0.008 -27"><span class='ocrx_word' id='word_1_163' title='bbox 1960 1083 2031 1136; x_wconf 91' lang='lat' dir='ltr'><strong>sit</strong></span> <span class='ocrx_word' id='word_1_164' title='bbox 2067 1082 2357 1152; x_wconf 78' lang='lat' dir='ltr'><strong>tyrannide</strong></span> <span class='ocrx_word' id='word_1_165' title='bbox 2395 1086 2674 1155; x_wconf 75' lang='lat' dir='ltr'><strong>oppressis</strong></span> <span class='ocrx_word' id='word_1_166' title='bbox 2705 1087 2823 1142; x_wconf 84' lang='lat' dir='ltr'><strong>Jovi</strong></span> <span class='ocrx_word' id='word_1_167' title='bbox 2850 1092 2991 1159; x_wconf 89' lang='lat' dir='ltr'><strong>patri</strong></span> <span class='ocrx_word' id='word_1_168' title='bbox 3031 1102 3088 1145; x_wconf 86' lang='lat' dir='ltr'><strong>et</strong></span> <span class='ocrx_word' id='word_1_169' title='bbox 3120 1091 3311 1147; x_wconf 77' lang='lat' dir='ltr'><strong>divino</strong></span> <span class='ocrx_word' id='word_1_170' title='bbox 3365 1095 3529 1163; x_wconf 84' lang='lat' dir='ltr'><strong>Apol—</strong></span> 
     </span>
    </p>
   </div>
   <div class='ocr_carea' id='block_1_26' title="bbox 1961 1176 3502 1258">
    <p class='ocr_par' dir='ltr' id='par_1_26' title="bbox 1961 1176 3502 1258">
     <span class='ocr_line' id='line_1_26' title="bbox 1961 1176 3502 1258; baseline 0.008 -29"><span class='ocrx_word' id='word_1_171' title='bbox 1961 1176 2055 1229; x_wconf 84' lang='lat' dir='ltr'><strong>lini</strong></span> <span class='ocrx_word' id='word_1_172' title='bbox 2088 1176 2145 1246; x_wconf 92' lang='lat' dir='ltr'><strong>(ii</strong></span> <span class='ocrx_word' id='word_1_173' title='bbox 2168 1178 2315 1231; x_wconf 88' lang='lat' dir='ltr'><strong>enim</strong></span> <span class='ocrx_word' id='word_1_174' title='bbox 2346 1179 2608 1233; x_wconf 89' lang='lat' dir='ltr'><strong>videntur</strong></span> <span class='ocrx_word' id='word_1_175' title='bbox 2663 1182 2905 1237; x_wconf 86' lang='lat' dir='ltr'><strong>dormire</strong></span> <span class='ocrx_word' id='word_1_176' title='bbox 2958 1187 3109 1255; x_wconf 91' lang='lat' dir='ltr'><strong>gravi</strong></span> <span class='ocrx_word' id='word_1_177' title='bbox 3167 1202 3362 1242; x_wconf 85' lang='lat' dir='ltr'><strong>somno</strong></span> <span class='ocrx_word' id='word_1_178' title='bbox 3432 1205 3502 1258; x_wconf 93' lang='lat' dir='ltr'><strong>op</strong></span> 
     </span>
    </p>
   </div>
   <div class='ocr_carea' id='block_1_27' title="bbox 1958 1271 3530 1342">
    <p class='ocr_par' dir='ltr' id='par_1_27' title="bbox 1958 1271 3530 1342">
     <span class='ocr_line' id='line_1_27' title="bbox 1958 1271 3530 1342; baseline 0.009 -21"><span class='ocrx_word' id='word_1_179' title='bbox 1958 1271 2154 1337; x_wconf 85' lang='lat' dir='ltr'><strong>pressi)</strong></span> <span class='ocrx_word' id='word_1_180' title='bbox 2179 1282 2234 1323; x_wconf 90' lang='lat' dir='ltr'><strong>et</strong></span> <span class='ocrx_word' id='word_1_181' title='bbox 2266 1271 2368 1325; x_wconf 89' lang='lat' dir='ltr'><strong>hoc</strong></span> <span class='ocrx_word' id='word_1_182' title='bbox 2396 1273 2444 1325; x_wconf 92' lang='lat' dir='ltr'><strong>ei</strong></span> <span class='ocrx_word' id='word_1_183' title='bbox 2472 1285 2726 1342; x_wconf 89' lang='lat' dir='ltr'><strong>quartum</strong></span> <span class='ocrx_word' id='word_1_184' title='bbox 2745 1274 3015 1330; x_wconf 81' lang='lat' dir='ltr'><strong>decimum</strong></span> <span class='ocrx_word' id='word_1_185' title='bbox 3050 1289 3326 1333; x_wconf 74' lang='lat' dir='ltr'><strong>certamen</strong></span> <span class='ocrx_word' id='word_1_186' title='bbox 3357 1283 3530 1335; x_wconf 87' lang='lat' dir='ltr'><strong>ascri-</strong></span> 
     </span>
    </p>
   </div>
   <div class='ocr_carea' id='block_1_28' title="bbox 1958 1364 2171 1416">
    <p class='ocr_par' dir='ltr' id='par_1_28' title="bbox 1958 1364 2171 1416">
     <span class='ocr_line' id='line_1_28' title="bbox 1958 1364 2171 1416; baseline 0.005 -1"><span class='ocrx_word' id='word_1_187' title='bbox 1958 1364 2171 1416; x_wconf 81' lang='lat' dir='ltr'><strong>bemus.</strong></span> 
     </span>
    </p>
   </div>
   <div class='ocr_carea' id='block_1_29' title="bbox 2028 1452 3528 1534">
    <p class='ocr_par' dir='ltr' id='par_1_29' title="bbox 2028 1452 3528 1534">
     <span class='ocr_line' id='line_1_29' title="bbox 2028 1452 3528 1534; baseline 0.007 -28"><span class='ocrx_word' id='word_1_188' title='bbox 2028 1452 2191 1508; x_wconf 81' lang='lat' dir='ltr'><strong>XXII.</strong></span> <span class='ocrx_word' id='word_1_189' title='bbox 2232 1455 2551 1511; x_wconf 87' lang='lat' dir='ltr'><strong>Irrisiouem</strong></span> <span class='ocrx_word' id='word_1_190' title='bbox 2587 1470 2767 1514; x_wconf 89' lang='lat' dir='ltr'><strong>autem</strong></span> <span class='ocrx_word' id='word_1_191' title='bbox 2803 1478 2910 1515; x_wconf 91' lang='lat' dir='ltr'><strong>non</strong></span> <span class='ocrx_word' id='word_1_192' title='bbox 2938 1462 3250 1533; x_wconf 88' lang='lat' dir='ltr'><strong>intelligens</strong></span> <span class='ocrx_word' id='word_1_193' title='bbox 3280 1482 3483 1534; x_wconf 67' lang='lat' dir='ltr'><strong>praeses</strong></span> <span class='ocrx_word' id='word_1_194' title='bbox 3517 1482 3528 1517; x_wconf 89' lang='lat'><strong>:</strong></span> 
     </span>
    </p>
   </div>
   <div class='ocr_carea' id='block_1_30' title="bbox 1954 1544 3527 1619">
    <p class='ocr_par' dir='ltr' id='par_1_30' title="bbox 1954 1544 3527 1619">
     <span class='ocr_line' id='line_1_30' title="bbox 1954 1544 3527 1619; baseline 0.006 -19"><span class='ocrx_word' id='word_1_195' title='bbox 1954 1544 2090 1600; x_wconf 90' lang='lat' dir='ltr'><strong>Cum</strong></span> <span class='ocrx_word' id='word_1_196' title='bbox 2124 1562 2276 1618; x_wconf 88' lang='lat' dir='ltr'><strong>ergo,</strong></span> <span class='ocrx_word' id='word_1_197' title='bbox 2312 1550 2509 1617; x_wconf 77' lang='lat' dir='ltr'><strong>inquit,</strong></span> <span class='ocrx_word' id='word_1_198' title='bbox 2539 1567 2624 1606; x_wconf 91' lang='lat' dir='ltr'><strong>me</strong></span> <span class='ocrx_word' id='word_1_199' title='bbox 2648 1553 2789 1607; x_wconf 83' lang='lat' dir='ltr'><strong>male</strong></span> <span class='ocrx_word' id='word_1_200' title='bbox 2825 1553 3081 1619; x_wconf 89' lang='lat' dir='ltr'><strong>habeam,</strong></span> <span class='ocrx_word' id='word_1_201' title='bbox 3106 1564 3159 1610; x_wconf 90' lang='lat' dir='ltr'><strong>et</strong></span> <span class='ocrx_word' id='word_1_202' title='bbox 3190 1556 3289 1611; x_wconf 89' lang='lat' dir='ltr'><strong>sim</strong></span> <span class='ocrx_word' id='word_1_203' title='bbox 3313 1557 3527 1610; x_wconf 84' lang='lat' dir='ltr'><strong>inﬁrma</strong></span> 
     </span>
    </p>
   </div>
   <div class='ocr_carea' id='block_1_31' title="bbox 1956 1638 3531 1715">
    <p class='ocr_par' dir='ltr' id='par_1_31' title="bbox 1956 1638 3531 1715">
     <span class='ocr_line' id='line_1_31' title="bbox 1956 1638 3531 1715; baseline 0.004 -23"><span class='ocrx_word' id='word_1_204' title='bbox 1956 1638 2289 1701; x_wconf 85' lang='lat' dir='ltr'><strong>valetudine,</strong></span> <span class='ocrx_word' id='word_1_205' title='bbox 2328 1642 2463 1696; x_wconf 82' lang='lat' dir='ltr'><strong>vade</strong></span> <span class='ocrx_word' id='word_1_206' title='bbox 2500 1643 2638 1712; x_wconf 91' lang='lat' dir='ltr'><strong>ipse,</strong></span> <span class='ocrx_word' id='word_1_207' title='bbox 2672 1654 2728 1699; x_wconf 90' lang='lat' dir='ltr'><strong>et</strong></span> <span class='ocrx_word' id='word_1_208' title='bbox 2755 1645 2914 1699; x_wconf 91' lang='lat' dir='ltr'><strong>nobis</strong></span> <span class='ocrx_word' id='word_1_209' title='bbox 2956 1648 3107 1715; x_wconf 91' lang='lat' dir='ltr'><strong>placa</strong></span> <span class='ocrx_word' id='word_1_210' title='bbox 3168 1647 3323 1709; x_wconf 87' lang='lat' dir='ltr'><strong>deos,</strong></span> <span class='ocrx_word' id='word_1_211' title='bbox 3348 1658 3405 1701; x_wconf 89' lang='lat' dir='ltr'><strong>et</strong></span> <span class='ocrx_word' id='word_1_212' title='bbox 3434 1648 3531 1700; x_wconf 87' lang='lat' dir='ltr'><strong>ad-</strong></span> 
     </span>
    </p>
   </div>
   <div class='ocr_carea' id='block_1_32' title="bbox 1955 1736 3527 1809">
    <p class='ocr_par' dir='ltr' id='par_1_32' title="bbox 1955 1736 3527 1809">
     <span class='ocr_line' id='line_1_32' title="bbox 1955 1736 3527 1809; baseline 0.006 -25"><span class='ocrx_word' id='word_1_213' title='bbox 1955 1747 2173 1787; x_wconf 90' lang='lat' dir='ltr'><strong>versum</strong></span> <span class='ocrx_word' id='word_1_214' title='bbox 2228 1736 2603 1806; x_wconf 76' lang='lat' dir='ltr'><strong>prodigiorum</strong></span> <span class='ocrx_word' id='word_1_215' title='bbox 2658 1736 2975 1800; x_wconf 70' lang='lat' dir='ltr'><strong>effectorem</strong></span> <span class='ocrx_word' id='word_1_216' title='bbox 3055 1739 3200 1793; x_wconf 93' lang='lat' dir='ltr'><strong>hunc</strong></span> <span class='ocrx_word' id='word_1_217' title='bbox 3254 1740 3527 1809; x_wconf 76' lang='lat' dir='ltr'><strong>Thyrsutn</strong></span> 
     </span>
    </p>
   </div>
   <div class='ocr_carea' id='block_1_33' title="bbox 1956 1824 3527 1892">
    <p class='ocr_par' dir='ltr' id='par_1_33' title="bbox 1956 1824 3527 1892">
     <span class='ocr_line' id='line_1_33' title="bbox 1956 1824 3527 1892; baseline 0.004 -14"><span class='ocrx_word' id='word_1_218' title='bbox 1956 1824 2068 1879; x_wconf 88' lang='lat' dir='ltr'><strong>cito</strong></span> <span class='ocrx_word' id='word_1_219' title='bbox 2096 1839 2192 1879; x_wconf 88' lang='lat' dir='ltr'><strong>eos</strong></span> <span class='ocrx_word' id='word_1_220' title='bbox 2220 1827 2421 1881; x_wconf 83' lang='lat' dir='ltr'><strong>excita.</strong></span> <span class='ocrx_word' id='word_1_221' title='bbox 2455 1827 2753 1883; x_wconf 86' lang='lat' dir='ltr'><strong>Callinicus</strong></span> <span class='ocrx_word' id='word_1_222' title='bbox 2786 1845 2916 1883; x_wconf 90' lang='lat' dir='ltr'><strong>vero</strong></span> <span class='ocrx_word' id='word_1_223' title='bbox 2945 1847 2959 1889; x_wconf 84' lang='lat'><strong>;</strong></span> <span class='ocrx_word' id='word_1_224' title='bbox 3001 1829 3107 1884; x_wconf 84' lang='lat' dir='ltr'><strong>Sed</strong></span> <span class='ocrx_word' id='word_1_225' title='bbox 3140 1830 3399 1892; x_wconf 84' lang='lat' dir='ltr'><strong>arbitror,</strong></span> <span class='ocrx_word' id='word_1_226' title='bbox 3444 1833 3527 1884; x_wconf 87' lang='lat' dir='ltr'><strong>iu-</strong></span> 
     </span>
    </p>
   </div>
   <div class='ocr_carea' id='block_1_34' title="bbox 274 1882 1956 1994">
    <p class='ocr_par' dir='ltr' id='par_1_34' title="bbox 274 1882 1927 1987">
     <span class='ocr_line' id='line_1_34' title="bbox 274 1882 1927 1987; baseline 0.019 -57"><span class='ocrx_word' id='word_1_227' title='bbox 274 1885 505 1987; x_wconf 54' lang='grc' dir='ltr'>νομίζω,</span> <span class='ocrx_word' id='word_1_228' title='bbox 558 1882 701 1955; x_wconf 74' lang='grc' dir='ltr'>εἷπε,</span> <span class='ocrx_word' id='word_1_229' title='bbox 762 1893 1031 1965; x_wconf 76' lang='grc' dir='ltr'><strong>μεγίστην</strong></span> <span class='ocrx_word' id='word_1_230' title='bbox 1065 1894 1204 1951; x_wconf 78' lang='grc' dir='ltr'>εἷναι</span> <span class='ocrx_word' id='word_1_231' title='bbox 1235 1901 1329 1953; x_wconf 82' lang='grc' dir='ltr'><strong>τοῦ</strong></span> <span class='ocrx_word' id='word_1_232' title='bbox 1376 1904 1850 1976; x_wconf 75' lang='grc' dir='ltr'>καταδεδληκότος</span> <span class='ocrx_word' id='word_1_233' title='bbox 1888 1882 1927 1937; x_wconf 76' lang='grc' dir='ltr'><strong><em>Β</em></strong></span> 
     </span>
    </p>
   </div>
   <div class='ocr_carea' id='block_1_35' title="bbox 1844 1882 3526 1994">
    <p class='ocr_par' dir='ltr' id='par_1_35' title="bbox 1844 1882 3526 1994">
     <span class='ocr_line' id='line_1_35' title="bbox 1844 1882 3526 1994; baseline 0.004 -23"><span class='ocrx_word' id='word_1_234' title='bbox 1844 1928 1850 1971; x_wconf 78' lang='lat'><strong>’.</strong></span> <span class='ocrx_word' id='word_1_235' title='bbox 1888 1882 1927 1937; x_wconf 75' lang='grc' dir='ltr'><strong><em>Β</em></strong></span> <span class='ocrx_word' id='word_1_236' title='bbox 1958 1917 2102 1985; x_wconf 92' lang='lat' dir='ltr'><strong>quit,</strong></span> <span class='ocrx_word' id='word_1_237' title='bbox 2138 1932 2261 1972; x_wconf 88' lang='lat' dir='ltr'><strong>esse</strong></span> <span class='ocrx_word' id='word_1_238' title='bbox 2299 1919 2588 1973; x_wconf 81' lang='lat' dir='ltr'><strong>maximam</strong></span> <span class='ocrx_word' id='word_1_239' title='bbox 2626 1922 2925 1990; x_wconf 72' lang='lat' dir='ltr'><strong>potentiam</strong></span> <span class='ocrx_word' id='word_1_240' title='bbox 2954 1922 3071 1984; x_wconf 82' lang='lat' dir='ltr'><strong>Dei,</strong></span> <span class='ocrx_word' id='word_1_241' title='bbox 3112 1922 3203 1990; x_wconf 89' lang='lat' dir='ltr'><strong>qui</strong></span> <span class='ocrx_word' id='word_1_242' title='bbox 3242 1939 3339 1976; x_wconf 78' lang='lat' dir='ltr'><strong>eos</strong></span> <span class='ocrx_word' id='word_1_243' title='bbox 3380 1925 3526 1994; x_wconf 82' lang='lat' dir='ltr'><strong>deje-</strong></span> 
     </span>
    </p>
   </div>
   <div class='ocr_carea' id='block_1_36' title="bbox 271 1977 1847 2064">
    <p class='ocr_par' dir='ltr' id='par_1_36' title="bbox 271 1977 1847 2064">
     <span class='ocr_line' id='line_1_36' title="bbox 271 1977 1847 2064; baseline 0.016 -37"><span class='ocrx_word' id='word_1_244' title='bbox 271 1977 402 2029; x_wconf 83' lang='grc' dir='ltr'>Οεοῧ</span> <span class='ocrx_word' id='word_1_245' title='bbox 436 1980 534 2050; x_wconf 85' lang='grc' dir='ltr'>τὴν</span> <span class='ocrx_word' id='word_1_246' title='bbox 583 1983 851 2053; x_wconf 79' lang='grc' dir='ltr'>δύναμιν,</span> <span class='ocrx_word' id='word_1_247' title='bbox 885 1990 981 2041; x_wconf 76' lang='grc' dir='ltr'><strong>καὶ</strong></span> <span class='ocrx_word' id='word_1_248' title='bbox 1012 1989 1234 2044; x_wconf 83' lang='grc' dir='ltr'>δέδοικα</span> <span class='ocrx_word' id='word_1_249' title='bbox 1260 1993 1335 2056; x_wconf 85' lang='grc' dir='ltr'>ὼς</span> <span class='ocrx_word' id='word_1_250' title='bbox 1367 1995 1487 2047; x_wconf 78' lang='grc' dir='ltr'>οὐδὲ</span> <span class='ocrx_word' id='word_1_251' title='bbox 1527 1999 1716 2064; x_wconf 84' lang='grc' dir='ltr'>σφίσιν</span> <span class='ocrx_word' id='word_1_252' title='bbox 1738 2001 1847 2052; x_wconf 75' lang='grc' dir='ltr'>αύ-</span> 
     </span>
    </p>
   </div>
   <div class='ocr_carea' id='block_1_37' title="bbox 270 2072 1853 2164">
    <p class='ocr_par' dir='ltr' id='par_1_37' title="bbox 270 2072 1853 2164">
     <span class='ocr_line' id='line_1_37' title="bbox 270 2072 1853 2164; baseline 0.017 -45"><span class='ocrx_word' id='word_1_253' title='bbox 270 2072 388 2128; x_wconf 83' lang='grc' dir='ltr'><strong>τοῖς</strong></span> <span class='ocrx_word' id='word_1_254' title='bbox 438 2072 717 2142; x_wconf 65' lang='grc' dir='ltr'>ἐπαμῦναι</span> <span class='ocrx_word' id='word_1_255' title='bbox 762 2077 1106 2149; x_wconf 79' lang='grc' dir='ltr'>δυνήσονται.</span> <span class='ocrx_word' id='word_1_256' title='bbox 1169 2084 1436 2140; x_wconf 78' lang='grc' dir='ltr'>Ἐνταῦθα</span> <span class='ocrx_word' id='word_1_257' title='bbox 1490 2091 1706 2158; x_wconf 86' lang='grc' dir='ltr'>συνίησι</span> <span class='ocrx_word' id='word_1_258' title='bbox 1756 2093 1853 2164; x_wconf 82' lang='grc' dir='ltr'><strong>τὴν</strong></span> 
     </span>
    </p>
   </div>
   <div class='ocr_carea' id='block_1_38' title="bbox 272 2166 1849 2249">
    <p class='ocr_par' dir='ltr' id='par_1_38' title="bbox 272 2166 1849 2249">
     <span class='ocr_line' id='line_1_38' title="bbox 272 2166 1849 2249; baseline 0.014 -34"><span class='ocrx_word' id='word_1_259' title='bbox 272 2166 491 2233; x_wconf 78' lang='grc' dir='ltr'>ἀπάτην</span> <span class='ocrx_word' id='word_1_260' title='bbox 578 2168 605 2219; x_wconf 81' lang='grc' dir='ltr'>ὀ</span> <span class='ocrx_word' id='word_1_261' title='bbox 650 2170 897 2238; x_wconf 75' lang='grc' dir='ltr'>ἡγεμὼν,</span> <span class='ocrx_word' id='word_1_262' title='bbox 971 2172 1306 2236; x_wconf 70' lang='grc' dir='ltr'>καὶ,Ἦπου</span> <span class='ocrx_word' id='word_1_263' title='bbox 1370 2181 1457 2245; x_wconf 87' lang='grc' dir='ltr'>σὺ,</span> <span class='ocrx_word' id='word_1_264' title='bbox 1540 2183 1849 2249; x_wconf 82' lang='grc' dir='ltr'>Καλλίνικε,</span> 
     </span>
    </p>
   </div>
   <div class='ocr_carea' id='block_1_39' title="bbox 275 2258 1848 2339">
    <p class='ocr_par' dir='ltr' id='par_1_39' title="bbox 275 2258 1848 2339">
     <span class='ocr_line' id='line_1_39' title="bbox 275 2258 1848 2339; baseline 0.017 -34"><span class='ocrx_word' id='word_1_265' title='bbox 275 2258 435 2324; x_wconf 70' lang='grc' dir='ltr'>φησὶ,</span> <span class='ocrx_word' id='word_1_266' title='bbox 466 2262 582 2322; x_wconf 83' lang='grc' dir='ltr'>ταῖς</span> <span class='ocrx_word' id='word_1_267' title='bbox 609 2262 704 2314; x_wconf 78' lang='grc' dir='ltr'>τοῦ</span> <span class='ocrx_word' id='word_1_268' title='bbox 736 2264 937 2333; x_wconf 83' lang='grc' dir='ltr'>μιαροῦ</span> <span class='ocrx_word' id='word_1_269' title='bbox 965 2266 1156 2320; x_wconf 82' lang='grc' dir='ltr'>τούτου</span> <span class='ocrx_word' id='word_1_270' title='bbox 1187 2273 1466 2339; x_wconf 78' lang='grc' dir='ltr'>γοητείαις</span> <span class='ocrx_word' id='word_1_271' title='bbox 1502 2274 1707 2339; x_wconf 80' lang='grc' dir='ltr'>ἑάλως;</span> <span class='ocrx_word' id='word_1_272' title='bbox 1734 2278 1848 2330; x_wconf 84' lang='grc' dir='ltr'><strong>Κά-</strong></span> 
     </span>
    </p>
   </div>
   <div class='ocr_carea' id='block_1_40' title="bbox 276 2353 1851 2435">
    <p class='ocr_par' dir='ltr' id='par_1_40' title="bbox 276 2353 1851 2435">
     <span class='ocr_line' id='line_1_40' title="bbox 276 2353 1851 2435; baseline 0.014 -34"><span class='ocrx_word' id='word_1_273' title='bbox 276 2353 458 2414; x_wconf 81' lang='grc' dir='ltr'>κείνος</span> <span class='ocrx_word' id='word_1_274' title='bbox 504 2353 625 2407; x_wconf 74' lang='grc' dir='ltr'>οὐδὲ</span> <span class='ocrx_word' id='word_1_275' title='bbox 656 2355 998 2424; x_wconf 76' lang='grc' dir='ltr'>φθέγξασθαί</span> <span class='ocrx_word' id='word_1_276' title='bbox 1046 2379 1096 2414; x_wconf 88' lang='grc' dir='ltr'><strong>τι</strong></span> <span class='ocrx_word' id='word_1_277' title='bbox 1138 2364 1301 2416; x_wconf 69' lang='grc' dir='ltr'>πλέον</span> <span class='ocrx_word' id='word_1_278' title='bbox 1330 2366 1493 2418; x_wconf 73' lang='grc' dir='ltr'>αὑτὸν</span> <span class='ocrx_word' id='word_1_279' title='bbox 1546 2368 1851 2435; x_wconf 70' lang='grc' dir='ltr'>ἀναμείνας</span> 
     </span>
    </p>
   </div>
   <div class='ocr_carea' id='block_1_41' title="bbox 278 2447 1851 2531">
    <p class='ocr_par' dir='ltr' id='par_1_41' title="bbox 278 2447 1851 2531">
     <span class='ocr_line' id='line_1_41' title="bbox 278 2447 1851 2531; baseline 0.013 -35"><span class='ocrx_word' id='word_1_280' title='bbox 278 2447 428 2509; x_wconf 65' lang='grc' dir='ltr'>(οὐδὲ</span> <span class='ocrx_word' id='word_1_281' title='bbox 471 2448 580 2519; x_wconf 72' lang='grc' dir='ltr'>γὰρ</span> <span class='ocrx_word' id='word_1_282' title='bbox 629 2450 1073 2519; x_wconf 70' lang='grc' dir='ltr'>ἐπικρύπτεσθαι</span> <span class='ocrx_word' id='word_1_283' title='bbox 1131 2458 1191 2510; x_wconf 86' lang='grc' dir='ltr'>τὸ</span> <span class='ocrx_word' id='word_1_284' title='bbox 1244 2457 1432 2511; x_wconf 89' lang='grc' dir='ltr'>λοιπὸν</span> <span class='ocrx_word' id='word_1_285' title='bbox 1463 2462 1710 2529; x_wconf 75' lang='grc' dir='ltr'>ἠνείχετο</span> <span class='ocrx_word' id='word_1_286' title='bbox 1754 2463 1851 2531; x_wconf 81' lang='grc' dir='ltr'>τὴν</span> 
     </span>
    </p>
   </div>
   <div class='ocr_carea' id='block_1_42' title="bbox 276 2536 1849 2623">
    <p class='ocr_par' dir='ltr' id='par_1_42' title="bbox 276 2536 1849 2623">
     <span class='ocr_line' id='line_1_42' title="bbox 276 2536 1849 2623; baseline 0.014 -37"><span class='ocrx_word' id='word_1_287' title='bbox 276 2536 585 2608; x_wconf 75' lang='grc' dir='ltr'>εὐσέϐειαν)</span> <span class='ocrx_word' id='word_1_288' title='bbox 626 2542 707 2604; x_wconf 82' lang='grc' dir='ltr'><strong>είς</strong></span> <span class='ocrx_word' id='word_1_289' title='bbox 732 2558 792 2594; x_wconf 85' lang='grc' dir='ltr'><strong>τε</strong></span> <span class='ocrx_word' id='word_1_290' title='bbox 824 2544 1097 2611; x_wconf 79' lang='grc' dir='ltr'>δωμάτιον</span> <span class='ocrx_word' id='word_1_291' title='bbox 1132 2547 1292 2608; x_wconf 68' lang='grc' dir='ltr'>εὐθὺς</span> <span class='ocrx_word' id='word_1_292' title='bbox 1322 2552 1397 2610; x_wconf 83' lang='grc' dir='ltr'>ὡς</span> <span class='ocrx_word' id='word_1_293' title='bbox 1427 2548 1573 2622; x_wconf 83' lang='grc' dir='ltr'>εἶχεν</span> <span class='ocrx_word' id='word_1_294' title='bbox 1610 2555 1849 2623; x_wconf 79' lang='grc' dir='ltr'>ἀποδραο</span> 
     </span>
    </p>
   </div>
   <div class='ocr_carea' id='block_1_43' title="bbox 281 2627 1850 2715">
    <p class='ocr_par' dir='ltr' id='par_1_43' title="bbox 281 2627 1850 2715">
     <span class='ocr_line' id='line_1_43' title="bbox 281 2627 1850 2715; baseline 0.014 -38"><span class='ocrx_word' id='word_1_295' title='bbox 281 2627 424 2693; x_wconf 81' lang='grc' dir='ltr'>μῶν,</span> <span class='ocrx_word' id='word_1_296' title='bbox 448 2630 693 2700; x_wconf 79' lang='grc' dir='ltr'>κείρεται</span> <span class='ocrx_word' id='word_1_297' title='bbox 721 2633 821 2698; x_wconf 79' lang='grc' dir='ltr'>τὰς</span> <span class='ocrx_word' id='word_1_298' title='bbox 843 2636 934 2688; x_wconf 71' lang='grc' dir='ltr'><strong>επὶ</strong></span> <span class='ocrx_word' id='word_1_299' title='bbox 964 2640 1029 2707; x_wconf 76' lang='grc' dir='ltr'>τῇ</span> <span class='ocrx_word' id='word_1_300' title='bbox 1062 2640 1268 2708; x_wconf 78' lang='grc' dir='ltr'>κεφαλῇ</span> <span class='ocrx_word' id='word_1_301' title='bbox 1309 2643 1521 2711; x_wconf 83' lang='grc' dir='ltr'>τρίχας,</span> <span class='ocrx_word' id='word_1_302' title='bbox 1549 2650 1850 2715; x_wconf 72' lang='grc' dir='ltr'>περιαιρςί-</span> 
     </span>
    </p>
   </div>
   <div class='ocr_carea' id='block_1_44' title="bbox 278 2726 1850 2807">
    <p class='ocr_par' dir='ltr' id='par_1_44' title="bbox 278 2726 1850 2807">
     <span class='ocr_line' id='line_1_44' title="bbox 278 2726 1850 2807; baseline 0.012 -33"><span class='ocrx_word' id='word_1_303' title='bbox 278 2741 371 2776; x_wconf 78' lang='grc' dir='ltr'><strong>ται</strong></span> <span class='ocrx_word' id='word_1_304' title='bbox 407 2726 498 2777; x_wconf 70' lang='grc' dir='ltr'>τὸν</span> <span class='ocrx_word' id='word_1_305' title='bbox 532 2726 791 2794; x_wconf 85' lang='grc' dir='ltr'>πώγωνα,</span> <span class='ocrx_word' id='word_1_306' title='bbox 844 2730 1139 2784; x_wconf 79' lang='grc' dir='ltr'>ἀποδύεται</span> <span class='ocrx_word' id='word_1_307' title='bbox 1170 2734 1238 2785; x_wconf 83' lang='grc' dir='ltr'>τὰ</span> <span class='ocrx_word' id='word_1_308' title='bbox 1286 2734 1497 2801; x_wconf 79' lang='grc' dir='ltr'>ἱμάτια,</span> <span class='ocrx_word' id='word_1_309' title='bbox 1540 2744 1631 2790; x_wconf 72' lang='grc' dir='ltr'>καὶ</span> <span class='ocrx_word' id='word_1_310' title='bbox 1659 2740 1850 2807; x_wconf 73' lang='grc' dir='ltr'>ἑλόμε-</span> 
     </span>
    </p>
   </div>
   <div class='ocr_carea' id='block_1_45' title="bbox 280 2816 1847 2897">
    <p class='ocr_par' dir='ltr' id='par_1_45' title="bbox 280 2816 1847 2897">
     <span class='ocr_line' id='line_1_45' title="bbox 280 2816 1847 2897; baseline 0.015 -31"><span class='ocrx_word' id='word_1_311' title='bbox 280 2831 372 2875; x_wconf 85' lang='grc' dir='ltr'>νος</span> <span class='ocrx_word' id='word_1_312' title='bbox 421 2816 560 2869; x_wconf 77' lang='grc' dir='ltr'>αύτὰ</span> <span class='ocrx_word' id='word_1_313' title='bbox 599 2820 719 2880; x_wconf 77' lang='grc' dir='ltr'>ταῖς</span> <span class='ocrx_word' id='word_1_314' title='bbox 761 2820 918 2888; x_wconf 77' lang='grc' dir='ltr'>χερσὶ</span> <span class='ocrx_word' id='word_1_315' title='bbox 946 2821 1170 2891; x_wconf 76' lang='grc' dir='ltr'>κομίζει</span> <span class='ocrx_word' id='word_1_316' title='bbox 1201 2822 1362 2891; x_wconf 76' lang='grc' dir='ltr'>μέχρι</span> <span class='ocrx_word' id='word_1_317' title='bbox 1411 2823 1505 2878; x_wconf 79' lang='grc' dir='ltr'>τοῦ</span> <span class='ocrx_word' id='word_1_318' title='bbox 1555 2828 1847 2897; x_wconf 75' lang='grc' dir='ltr'>ἡγεμόνος,</span> 
     </span>
    </p>
   </div>
   <div class='ocr_carea' id='block_1_46' title="bbox 280 2907 1850 2987">
    <p class='ocr_par' dir='ltr' id='par_1_46' title="bbox 280 2907 1850 2987">
     <span class='ocr_line' id='line_1_46' title="bbox 280 2907 1850 2987; baseline 0.013 -32"><span class='ocrx_word' id='word_1_319' title='bbox 280 2907 376 2958; x_wconf 75' lang='grc' dir='ltr'>καὶ</span> <span class='ocrx_word' id='word_1_320' title='bbox 409 2909 515 2977; x_wconf 84' lang='grc' dir='ltr'>πρὸ</span> <span class='ocrx_word' id='word_1_321' title='bbox 545 2909 653 2962; x_wconf 89' lang='grc' dir='ltr'><strong>τῶν</strong></span> <span class='ocrx_word' id='word_1_322' title='bbox 684 2910 895 2964; x_wconf 61' lang='grc' dir='ltr'>ἐκείνου</span> <span class='ocrx_word' id='word_1_323' title='bbox 926 2912 1099 2965; x_wconf 87' lang='grc' dir='ltr'>ταῦτα</span> <span class='ocrx_word' id='word_1_324' title='bbox 1130 2914 1305 2967; x_wconf 85' lang='grc' dir='ltr'>ποδῶν</span> <span class='ocrx_word' id='word_1_325' title='bbox 1321 2918 1656 2987; x_wconf 78' lang='grc' dir='ltr'>ἀπορρίψας,</span> <span class='ocrx_word' id='word_1_326' title='bbox 1689 2921 1850 2986; x_wconf 80' lang='grc' dir='ltr'>Δέξαι</span> 
     </span>
    </p>
   </div>
   <div class='ocr_carea' id='block_1_47' title="bbox 284 2999 1848 3085">
    <p class='ocr_par' dir='ltr' id='par_1_47' title="bbox 284 2999 1848 3085">
     <span class='ocr_line' id='line_1_47' title="bbox 284 2999 1848 3085; baseline 0.009 -32"><span class='ocrx_word' id='word_1_327' title='bbox 284 3018 390 3069; x_wconf 83' lang='grc' dir='ltr'><strong>μου</strong></span> <span class='ocrx_word' id='word_1_328' title='bbox 418 3001 515 3064; x_wconf 74' lang='grc' dir='ltr'><strong>τὰς</strong></span> <span class='ocrx_word' id='word_1_329' title='bbox 548 3003 763 3073; x_wconf 84' lang='grc' dir='ltr'>τρίχας,</span> <span class='ocrx_word' id='word_1_330' title='bbox 809 2999 855 3057; x_wconf 81' lang='grc' dir='ltr'>ὦ</span> <span class='ocrx_word' id='word_1_331' title='bbox 892 3005 1137 3075; x_wconf 76' lang='grc' dir='ltr'>ἡγεμὼν,</span> <span class='ocrx_word' id='word_1_332' title='bbox 1186 3008 1316 3078; x_wconf 67' lang='grc' dir='ltr'>εφη,</span> <span class='ocrx_word' id='word_1_333' title='bbox 1365 3012 1461 3063; x_wconf 77' lang='grc' dir='ltr'>καὶ</span> <span class='ocrx_word' id='word_1_334' title='bbox 1497 3014 1595 3080; x_wconf 84' lang='grc' dir='ltr'><strong>τὴν</strong></span> <span class='ocrx_word' id='word_1_335' title='bbox 1630 3016 1848 3085; x_wconf 85' lang='grc' dir='ltr'>στολὴν,</span> 
     </span>
    </p>
   </div>
   <div class='ocr_carea' id='block_1_48' title="bbox 280 3094 1852 3175">
    <p class='ocr_par' dir='ltr' id='par_1_48' title="bbox 280 3094 1852 3175">
     <span class='ocr_line' id='line_1_48' title="bbox 280 3094 1852 3175; baseline 0.008 -28"><span class='ocrx_word' id='word_1_336' title='bbox 280 3096 349 3156; x_wconf 81' lang='grc' dir='ltr'>ἃς</span> <span class='ocrx_word' id='word_1_337' title='bbox 398 3094 659 3163; x_wconf 81' lang='grc' dir='ltr'>θυμάτων</span> <span class='ocrx_word' id='word_1_338' title='bbox 717 3097 914 3149; x_wconf 90' lang='grc' dir='ltr'>κνίσσα</span> <span class='ocrx_word' id='word_1_339' title='bbox 972 3098 1067 3149; x_wconf 59' lang='grc' dir='ltr'><strong>καὶ⁸</strong></span> <span class='ocrx_word' id='word_1_340' title='bbox 1124 3100 1331 3161; x_wconf 77' lang='grc' dir='ltr'>καπνὸς</span> <span class='ocrx_word' id='word_1_341' title='bbox 1372 3106 1468 3153; x_wconf 82' lang='grc' dir='ltr'>καὶ</span> <span class='ocrx_word' id='word_1_342' title='bbox 1515 3106 1852 3175; x_wconf 77' lang='grc' dir='ltr'>χειμάρρους</span> 
     </span>
    </p>
   </div>
   <div class='ocr_carea' id='block_1_49' title="bbox 1956 2011 3521 2083">
    <p class='ocr_par' dir='ltr' id='par_1_49' title="bbox 1956 2011 3521 2083">
     <span class='ocr_line' id='line_1_49' title="bbox 1956 2011 3521 2083; baseline 0.003 -18"><span class='ocrx_word' id='word_1_343' title='bbox 1956 2011 2054 2069; x_wconf 90' lang='lat' dir='ltr'><strong>cit.</strong></span> <span class='ocrx_word' id='word_1_344' title='bbox 2102 2018 2157 2065; x_wconf 91' lang='lat' dir='ltr'><strong>et</strong></span> <span class='ocrx_word' id='word_1_345' title='bbox 2197 2026 2392 2065; x_wconf 90' lang='lat' dir='ltr'><strong>vereor</strong></span> <span class='ocrx_word' id='word_1_346' title='bbox 2412 2028 2481 2067; x_wconf 91' lang='lat' dir='ltr'><strong>ne</strong></span> <span class='ocrx_word' id='word_1_347' title='bbox 2507 2013 2609 2067; x_wconf 85' lang='lat' dir='ltr'><strong>sibi</strong></span> <span class='ocrx_word' id='word_1_348' title='bbox 2648 2014 2869 2083; x_wconf 88' lang='lat' dir='ltr'><strong>quidem</strong></span> <span class='ocrx_word' id='word_1_349' title='bbox 2926 2014 3059 2083; x_wconf 88' lang='lat' dir='ltr'><strong>ipsis</strong></span> <span class='ocrx_word' id='word_1_350' title='bbox 3100 2014 3309 2082; x_wconf 88' lang='lat' dir='ltr'><strong>possint</strong></span> <span class='ocrx_word' id='word_1_351' title='bbox 3362 2032 3521 2080; x_wconf 86' lang='lat' dir='ltr'><strong>opem</strong></span> 
     </span>
    </p>
   </div>
   <div class='ocr_carea' id='block_1_50' title="bbox 1957 2101 3523 2174">
    <p class='ocr_par' dir='ltr' id='par_1_50' title="bbox 1957 2101 3523 2174">
     <span class='ocr_line' id='line_1_50' title="bbox 1957 2101 3523 2174; baseline 0.003 -20"><span class='ocrx_word' id='word_1_352' title='bbox 1957 2101 2118 2155; x_wconf 78' lang='lat' dir='ltr'><strong>ferre.</strong></span> <span class='ocrx_word' id='word_1_353' title='bbox 2149 2101 2305 2157; x_wconf 84' lang='lat' dir='ltr'><strong>Tunc</strong></span> <span class='ocrx_word' id='word_1_354' title='bbox 2335 2118 2535 2171; x_wconf 65' lang='lat' dir='ltr'><strong>praeses</strong></span> <span class='ocrx_word' id='word_1_355' title='bbox 2570 2103 2751 2157; x_wconf 85' lang='lat' dir='ltr'><strong>dolum</strong></span> <span class='ocrx_word' id='word_1_356' title='bbox 2808 2104 3067 2174; x_wconf 74' lang='lat' dir='ltr'><strong>intelligit</strong></span> <span class='ocrx_word' id='word_1_357' title='bbox 3104 2121 3117 2157; x_wconf 89' lang='lat'><strong>:</strong></span> <span class='ocrx_word' id='word_1_358' title='bbox 3154 2116 3207 2158; x_wconf 89' lang='lat' dir='ltr'><strong>et</strong></span> <span class='ocrx_word' id='word_1_359' title='bbox 3245 2122 3258 2157; x_wconf 91' lang='lat'><strong>:</strong></span> <span class='ocrx_word' id='word_1_360' title='bbox 3292 2105 3431 2158; x_wconf 87' lang='lat' dir='ltr'><strong>Num</strong></span> <span class='ocrx_word' id='word_1_361' title='bbox 3468 2117 3523 2159; x_wconf 89' lang='lat' dir='ltr'><strong>tu</strong></span> 
     </span>
    </p>
   </div>
   <div class='ocr_carea' id='block_1_51' title="bbox 1954 2195 3522 2265">
    <p class='ocr_par' dir='ltr' id='par_1_51' title="bbox 1954 2195 3522 2265">
     <span class='ocr_line' id='line_1_51' title="bbox 1954 2195 3522 2265; baseline 0.003 -20"><span class='ocrx_word' id='word_1_362' title='bbox 1954 2208 2197 2261; x_wconf 85' lang='lat' dir='ltr'><strong>quoque,</strong></span> <span class='ocrx_word' id='word_1_363' title='bbox 2248 2195 2448 2263; x_wconf 88' lang='lat' dir='ltr'><strong>inquit,</strong></span> <span class='ocrx_word' id='word_1_364' title='bbox 2484 2211 2516 2249; x_wconf 94' lang='grc' dir='ltr'>ο</span> <span class='ocrx_word' id='word_1_365' title='bbox 2552 2196 2836 2261; x_wconf 88' lang='lat' dir='ltr'><strong>Callinice,</strong></span> <span class='ocrx_word' id='word_1_366' title='bbox 2892 2198 2994 2251; x_wconf 90' lang='lat' dir='ltr'><strong>viri</strong></span> <span class='ocrx_word' id='word_1_367' title='bbox 3064 2199 3228 2265; x_wconf 91' lang='lat' dir='ltr'><strong>hujus</strong></span> <span class='ocrx_word' id='word_1_368' title='bbox 3268 2199 3522 2253; x_wconf 76' lang='lat' dir='ltr'><strong>scelerati</strong></span> 
     </span>
    </p>
   </div>
   <div class='ocr_carea' id='block_1_52' title="bbox 1954 2288 3527 2357">
    <p class='ocr_par' dir='ltr' id='par_1_52' title="bbox 1954 2288 3527 2357">
     <span class='ocr_line' id='line_1_52' title="bbox 1954 2288 3527 2357; baseline 0.003 -19"><span class='ocrx_word' id='word_1_369' title='bbox 1954 2294 2149 2353; x_wconf 88' lang='lat' dir='ltr'><strong>captus</strong></span> <span class='ocrx_word' id='word_1_370' title='bbox 2206 2301 2268 2340; x_wconf 91' lang='lat' dir='ltr'><strong>es</strong></span> <span class='ocrx_word' id='word_1_371' title='bbox 2312 2288 2601 2357; x_wconf 70' lang='lat' dir='ltr'><strong>praestigiis</strong></span> <span class='ocrx_word' id='word_1_372' title='bbox 2639 2288 2663 2341; x_wconf 81' lang='lat'><strong>?</strong></span> <span class='ocrx_word' id='word_1_373' title='bbox 2712 2288 2808 2342; x_wconf 90' lang='lat' dir='ltr'><strong>Ille</strong></span> <span class='ocrx_word' id='word_1_374' title='bbox 2865 2299 3071 2349; x_wconf 84' lang='lat' dir='ltr'><strong>autem,</strong></span> <span class='ocrx_word' id='word_1_375' title='bbox 3124 2306 3247 2344; x_wconf 91' lang='lat' dir='ltr'><strong>cum</strong></span> <span class='ocrx_word' id='word_1_376' title='bbox 3291 2307 3358 2344; x_wconf 93' lang='lat' dir='ltr'><strong>ne</strong></span> <span class='ocrx_word' id='word_1_377' title='bbox 3402 2307 3527 2345; x_wconf 89' lang='lat' dir='ltr'><strong>eum</strong></span> 
     </span>
    </p>
   </div>
   <div class='ocr_carea' id='block_1_53' title="bbox 1953 2377 3530 2452">
    <p class='ocr_par' dir='ltr' id='par_1_53' title="bbox 1953 2377 3530 2452">
     <span class='ocr_line' id='line_1_53' title="bbox 1953 2377 3530 2452; baseline 0.005 -22"><span class='ocrx_word' id='word_1_378' title='bbox 1953 2377 2174 2446; x_wconf 88' lang='lat' dir='ltr'><strong>quidem</strong></span> <span class='ocrx_word' id='word_1_379' title='bbox 2205 2378 2441 2448; x_wconf 87' lang='lat' dir='ltr'><strong>amplius</strong></span> <span class='ocrx_word' id='word_1_380' title='bbox 2479 2380 2629 2449; x_wconf 89' lang='lat' dir='ltr'><strong>loqui</strong></span> <span class='ocrx_word' id='word_1_381' title='bbox 2659 2382 3054 2450; x_wconf 85' lang='lat' dir='ltr'><strong>sustinuisset(</strong></span> <span class='ocrx_word' id='word_1_382' title='bbox 3090 2399 3269 2452; x_wconf 88' lang='lat' dir='ltr'><strong>neque</strong></span> <span class='ocrx_word' id='word_1_383' title='bbox 3296 2384 3442 2437; x_wconf 80' lang='lat' dir='ltr'><strong>enim</strong></span> <span class='ocrx_word' id='word_1_384' title='bbox 3462 2385 3530 2439; x_wconf 89' lang='lat' dir='ltr'><strong>de</strong></span> 
     </span>
    </p>
   </div>
   <div class='ocr_carea' id='block_1_54' title="bbox 1952 2472 3528 2544">
    <p class='ocr_par' dir='ltr' id='par_1_54' title="bbox 1952 2472 3528 2544">
     <span class='ocr_line' id='line_1_54' title="bbox 1952 2472 3528 2544; baseline 0.003 -19"><span class='ocrx_word' id='word_1_385' title='bbox 1952 2481 2152 2525; x_wconf 55' lang='lat' dir='ltr'><strong>extero</strong></span> <span class='ocrx_word' id='word_1_386' title='bbox 2194 2472 2451 2538; x_wconf 86' lang='lat' dir='ltr'><strong>pietatem</strong></span> <span class='ocrx_word' id='word_1_387' title='bbox 2509 2474 2679 2527; x_wconf 89' lang='lat' dir='ltr'><strong>celari</strong></span> <span class='ocrx_word' id='word_1_388' title='bbox 2722 2475 3080 2544; x_wconf 86' lang='lat' dir='ltr'><strong>patiebatur)</strong></span> <span class='ocrx_word' id='word_1_389' title='bbox 3124 2477 3306 2530; x_wconf 85' lang='lat' dir='ltr'><strong>statim</strong></span> <span class='ocrx_word' id='word_1_390' title='bbox 3332 2492 3528 2530; x_wconf 82' lang='lat' dir='ltr'><strong>excur-</strong></span> 
     </span>
    </p>
   </div>
   <div class='ocr_carea' id='block_1_55' title="bbox 1956 2563 3534 2637">
    <p class='ocr_par' dir='ltr' id='par_1_55' title="bbox 1956 2563 3534 2637">
     <span class='ocr_line' id='line_1_55' title="bbox 1956 2563 3534 2637; baseline 0.006 -24"><span class='ocrx_word' id='word_1_391' title='bbox 1956 2578 2085 2615; x_wconf 81' lang='lat' dir='ltr'><strong>rens</strong></span> <span class='ocrx_word' id='word_1_392' title='bbox 2119 2563 2172 2615; x_wconf 90' lang='lat' dir='ltr'><strong>in</strong></span> <span class='ocrx_word' id='word_1_393' title='bbox 2200 2563 2615 2628; x_wconf 83' lang='lat' dir='ltr'><strong>domunculam,</strong></span> <span class='ocrx_word' id='word_1_394' title='bbox 2644 2566 2836 2620; x_wconf 87' lang='lat' dir='ltr'><strong>tondet</strong></span> <span class='ocrx_word' id='word_1_395' title='bbox 2866 2568 3119 2636; x_wconf 89' lang='lat' dir='ltr'><strong>capillos,</strong></span> <span class='ocrx_word' id='word_1_396' title='bbox 3155 2568 3383 2637; x_wconf 87' lang='lat' dir='ltr'><strong>deponit</strong></span> <span class='ocrx_word' id='word_1_397' title='bbox 3406 2568 3534 2623; x_wconf 74' lang='lat' dir='ltr'><strong>bar-</strong></span> 
     </span>
    </p>
   </div>
   <div class='ocr_carea' id='block_1_56' title="bbox 1954 2654 3530 2728">
    <p class='ocr_par' dir='ltr' id='par_1_56' title="bbox 1954 2654 3530 2728">
     <span class='ocr_line' id='line_1_56' title="bbox 1954 2654 3530 2728; baseline 0.006 -21"><span class='ocrx_word' id='word_1_398' title='bbox 1954 2654 2099 2716; x_wconf 82' lang='lat' dir='ltr'><strong>bam,</strong></span> <span class='ocrx_word' id='word_1_399' title='bbox 2123 2655 2277 2708; x_wconf 89' lang='lat' dir='ltr'><strong>exuit</strong></span> <span class='ocrx_word' id='word_1_400' title='bbox 2296 2666 2479 2710; x_wconf 78' lang='lat' dir='ltr'><strong>vestes</strong></span> <span class='ocrx_word' id='word_1_401' title='bbox 2508 2676 2521 2711; x_wconf 92' lang='lat'><strong>:</strong></span> <span class='ocrx_word' id='word_1_402' title='bbox 2548 2665 2751 2713; x_wconf 90' lang='lat' dir='ltr'><strong>etcum</strong></span> <span class='ocrx_word' id='word_1_403' title='bbox 2770 2674 2865 2713; x_wconf 85' lang='lat' dir='ltr'><strong>eas</strong></span> <span class='ocrx_word' id='word_1_404' title='bbox 2893 2661 3206 2715; x_wconf 88' lang='lat' dir='ltr'><strong>sustulisset</strong></span> <span class='ocrx_word' id='word_1_405' title='bbox 3253 2662 3530 2728; x_wconf 86' lang='lat' dir='ltr'><strong>manibus,</strong></span> 
     </span>
    </p>
   </div>
   <div class='ocr_carea' id='block_1_57' title="bbox 1955 2750 3535 2822">
    <p class='ocr_par' dir='ltr' id='par_1_57' title="bbox 1955 2750 3535 2822">
     <span class='ocr_line' id='line_1_57' title="bbox 1955 2750 3535 2822; baseline 0.008 -25"><span class='ocrx_word' id='word_1_406' title='bbox 1955 2756 2135 2815; x_wconf 77' lang='lat' dir='ltr'><strong>portat</strong></span> <span class='ocrx_word' id='word_1_407' title='bbox 2186 2763 2359 2817; x_wconf 88' lang='lat' dir='ltr'><strong>usque</strong></span> <span class='ocrx_word' id='word_1_408' title='bbox 2406 2750 2472 2803; x_wconf 70' lang='grc' dir='ltr'>αἰ]</span> <span class='ocrx_word' id='word_1_409' title='bbox 2530 2750 2841 2819; x_wconf 70' lang='lat' dir='ltr'><strong>praesidem,</strong></span> <span class='ocrx_word' id='word_1_410' title='bbox 2877 2763 3090 2806; x_wconf 89' lang='lat' dir='ltr'><strong>etcum</strong></span> <span class='ocrx_word' id='word_1_411' title='bbox 3154 2754 3273 2807; x_wconf 88' lang='lat' dir='ltr'><strong>illas</strong></span> <span class='ocrx_word' id='word_1_412' title='bbox 3311 2756 3535 2822; x_wconf 84' lang='lat' dir='ltr'><strong>jecissct</strong></span> 
     </span>
    </p>
   </div>
   <div class='ocr_carea' id='block_1_58' title="bbox 1954 2836 3531 2913">
    <p class='ocr_par' dir='ltr' id='par_1_58' title="bbox 1954 2836 3531 2913">
     <span class='ocr_line' id='line_1_58' title="bbox 1954 2836 3531 2913; baseline 0.006 -24"><span class='ocrx_word' id='word_1_413' title='bbox 1954 2847 2081 2891; x_wconf 84' lang='lat' dir='ltr'><strong>ante</strong></span> <span class='ocrx_word' id='word_1_414' title='bbox 2125 2836 2291 2904; x_wconf 87' lang='lat' dir='ltr'><strong>pedes</strong></span> <span class='ocrx_word' id='word_1_415' title='bbox 2335 2854 2348 2891; x_wconf 92' lang='lat'><strong>:</strong></span> <span class='ocrx_word' id='word_1_416' title='bbox 2386 2839 2609 2909; x_wconf 78' lang='lat' dir='ltr'><strong>Accipe,</strong></span> <span class='ocrx_word' id='word_1_417' title='bbox 2644 2840 2843 2910; x_wconf 88' lang='lat' dir='ltr'><strong>inquit,</strong></span> <span class='ocrx_word' id='word_1_418' title='bbox 2880 2842 3017 2909; x_wconf 91' lang='lat' dir='ltr'><strong>pilos</strong></span> <span class='ocrx_word' id='word_1_419' title='bbox 3055 2858 3227 2905; x_wconf 87' lang='lat' dir='ltr'><strong>meos,</strong></span> <span class='ocrx_word' id='word_1_420' title='bbox 3254 2858 3531 2913; x_wconf 69' lang='lat' dir='ltr'><strong>opratses,</strong></span> 
     </span>
    </p>
   </div>
   <div class='ocr_carea' id='block_1_59' title="bbox 1953 2928 3535 2997">
    <p class='ocr_par' dir='ltr' id='par_1_59' title="bbox 1953 2928 3535 2997">
     <span class='ocr_line' id='line_1_59' title="bbox 1953 2928 3535 2997; baseline 0.004 -16"><span class='ocrx_word' id='word_1_421' title='bbox 1953 2937 2010 2981; x_wconf 88' lang='lat' dir='ltr'><strong>et</strong></span> <span class='ocrx_word' id='word_1_422' title='bbox 2043 2937 2255 2981; x_wconf 80' lang='lat' dir='ltr'><strong>vestem</strong></span> <span class='ocrx_word' id='word_1_423' title='bbox 2312 2944 2434 2997; x_wconf 68' lang='lat' dir='ltr'><strong>quae</strong></span> <span class='ocrx_word' id='word_1_424' title='bbox 2477 2928 2640 2983; x_wconf 91' lang='lat' dir='ltr'><strong>nidor</strong></span> <span class='ocrx_word' id='word_1_425' title='bbox 2668 2932 3096 2997; x_wconf 73' lang='lat' dir='ltr'><strong>sacriﬁciorum,</strong></span> <span class='ocrx_word' id='word_1_426' title='bbox 3130 2943 3185 2987; x_wconf 91' lang='lat' dir='ltr'><strong>et</strong></span> <span class='ocrx_word' id='word_1_427' title='bbox 3235 2934 3442 2995; x_wconf 81' lang='lat' dir='ltr'><strong>fumus,</strong></span> <span class='ocrx_word' id='word_1_428' title='bbox 3480 2944 3535 2987; x_wconf 91' lang='lat' dir='ltr'><strong>et</strong></span> 
     </span>
    </p>
   </div>
   <div class='ocr_carea' id='block_1_60' title="bbox 1957 3021 3531 3094">
    <p class='ocr_par' dir='ltr' id='par_1_60' title="bbox 1957 3021 3531 3094">
     <span class='ocr_line' id='line_1_60' title="bbox 1957 3021 3531 3094; baseline 0.005 -21"><span class='ocrx_word' id='word_1_429' title='bbox 1957 3031 2173 3075; x_wconf 86' lang='lat' dir='ltr'><strong>torrens</strong></span> <span class='ocrx_word' id='word_1_430' title='bbox 2196 3021 2562 3090; x_wconf 78' lang='lat' dir='ltr'><strong>sanguinis,et</strong></span> <span class='ocrx_word' id='word_1_431' title='bbox 2590 3023 2849 3093; x_wconf 88' lang='lat' dir='ltr'><strong>mysteria</strong></span> <span class='ocrx_word' id='word_1_432' title='bbox 2872 3024 3179 3079; x_wconf 75' lang='lat' dir='ltr'><strong>daemonum</strong></span> <span class='ocrx_word' id='word_1_433' title='bbox 3198 3026 3531 3094; x_wconf 87' lang='lat' dir='ltr'><strong>polluerunt.</strong></span> 
     </span>
    </p>
   </div>
   <div class='ocr_carea' id='block_1_61' title="bbox 1954 3111 3532 3185">
    <p class='ocr_par' dir='ltr' id='par_1_61' title="bbox 1954 3111 3532 3185">
     <span class='ocr_line' id='line_1_61' title="bbox 1954 3111 3532 3185; baseline 0.003 -20"><span class='ocrx_word' id='word_1_434' title='bbox 1954 3111 2088 3165; x_wconf 88' lang='lat' dir='ltr'><strong>Nam</strong></span> <span class='ocrx_word' id='word_1_435' title='bbox 2115 3126 2241 3166; x_wconf 90' lang='lat' dir='ltr'><strong>cum</strong></span> <span class='ocrx_word' id='word_1_436' title='bbox 2287 3113 2368 3167; x_wconf 89' lang='lat' dir='ltr'><strong>eis</strong></span> <span class='ocrx_word' id='word_1_437' title='bbox 2400 3128 2622 3183; x_wconf 86' lang='lat' dir='ltr'><strong>quoque</strong></span> <span class='ocrx_word' id='word_1_438' title='bbox 2661 3115 2903 3184; x_wconf 89' lang='lat' dir='ltr'><strong>priorem</strong></span> <span class='ocrx_word' id='word_1_439' title='bbox 2938 3117 3138 3185; x_wconf 86' lang='lat' dir='ltr'><strong>abjicio</strong></span> <span class='ocrx_word' id='word_1_440' title='bbox 3170 3133 3440 3179; x_wconf 84' lang='lat' dir='ltr'><strong>errorem,</strong></span> <span class='ocrx_word' id='word_1_441' title='bbox 3476 3128 3532 3170; x_wconf 89' lang='lat' dir='ltr'><strong>ut</strong></span> 
     </span>
    </p>
   </div>
   <div class='ocr_carea' id='block_1_62' title="bbox 280 3189 1962 3283">
    <p class='ocr_par' dir='ltr' id='par_1_62' title="bbox 280 3189 1962 3271">
     <span class='ocr_line' id='line_1_62' title="bbox 280 3189 1962 3271; baseline 0.007 -31"><span class='ocrx_word' id='word_1_442' title='bbox 280 3189 557 3256; x_wconf 80' lang='grc' dir='ltr'>αἱμάτων,</span> <span class='ocrx_word' id='word_1_443' title='bbox 588 3190 681 3243; x_wconf 69' lang='grc' dir='ltr'>καὶ</span> <span class='ocrx_word' id='word_1_444' title='bbox 706 3190 921 3244; x_wconf 72' lang='grc' dir='ltr'>τελεταὶ</span> <span class='ocrx_word' id='word_1_445' title='bbox 948 3190 1219 3261; x_wconf 84' lang='grc' dir='ltr'>δαιμόνων</span> <span class='ocrx_word' id='word_1_446' title='bbox 1268 3194 1557 3262; x_wconf 79' lang='grc' dir='ltr'>ἐμόλυναν.</span> <span class='ocrx_word' id='word_1_447' title='bbox 1612 3198 1855 3256; x_wconf 86' lang='grc' dir='ltr'>Συναπο-</span> <span class='ocrx_word' id='word_1_448' title='bbox 1879 3214 1924 3271; x_wconf 80' lang='lat' dir='ltr'><strong>c</strong></span> <span class='ocrx_word' id='word_1_449' title='bbox 1958 3227 1962 3251; x_wconf 76' lang='lat' dir='ltr'><strong>t</strong></span> 
     </span>
    </p>
   </div>
   <div class='ocr_carea' id='block_1_63' title="bbox 1851 3189 3533 3283">
    <p class='ocr_par' dir='ltr' id='par_1_63' title="bbox 1851 3203 3533 3283">
     <span class='ocr_line' id='line_1_63' title="bbox 1851 3203 3533 3283; baseline 0.006 -29"><span class='ocrx_word' id='word_1_450' title='bbox 1851 3214 1924 3271; x_wconf 67' lang='grc' dir='ltr'><strong>με</strong></span> <span class='ocrx_word' id='word_1_451' title='bbox 1958 3203 2052 3271; x_wconf 92' lang='lat' dir='ltr'><strong>qui</strong></span> <span class='ocrx_word' id='word_1_452' title='bbox 2074 3219 2270 3257; x_wconf 87' lang='lat' dir='ltr'><strong>novam</strong></span> <span class='ocrx_word' id='word_1_453' title='bbox 2294 3205 2515 3260; x_wconf 81' lang='lat' dir='ltr'><strong>vivendi</strong></span> <span class='ocrx_word' id='word_1_454' title='bbox 2539 3205 2770 3261; x_wconf 80' lang='lat' dir='ltr'><strong>formam</strong></span> <span class='ocrx_word' id='word_1_455' title='bbox 2797 3208 3129 3283; x_wconf 81' lang='lat' dir='ltr'><strong>acceperim,</strong></span> <span class='ocrx_word' id='word_1_456' title='bbox 3155 3211 3335 3279; x_wconf 85' lang='lat' dir='ltr'><strong>etjam</strong></span> <span class='ocrx_word' id='word_1_457' title='bbox 3359 3210 3533 3264; x_wconf 78' lang='lat' dir='ltr'><strong>Iactus</strong></span> 
     </span>
    </p>
   </div>
   <div class='ocr_carea' id='block_1_64' title="bbox 280 3280 1855 3359">
    <p class='ocr_par' dir='ltr' id='par_1_64' title="bbox 280 3280 1855 3359">
     <span class='ocr_line' id='line_1_64' title="bbox 280 3280 1855 3359; baseline 0.009 -28"><span class='ocrx_word' id='word_1_458' title='bbox 280 3280 556 3349; x_wconf 77' lang='grc' dir='ltr'>ϐάλλομαι</span> <span class='ocrx_word' id='word_1_459' title='bbox 604 3282 714 3352; x_wconf 82' lang='grc' dir='ltr'>γὰρ</span> <span class='ocrx_word' id='word_1_460' title='bbox 762 3282 947 3344; x_wconf 75' lang='grc' dir='ltr'>αὐτοῖς</span> <span class='ocrx_word' id='word_1_461' title='bbox 994 3284 1088 3335; x_wconf 71' lang='grc' dir='ltr'>καὶ</span> <span class='ocrx_word' id='word_1_462' title='bbox 1150 3285 1249 3352; x_wconf 79' lang='grc' dir='ltr'><strong>τὴν</strong></span> <span class='ocrx_word' id='word_1_463' title='bbox 1289 3287 1569 3356; x_wconf 68' lang='grc' dir='ltr'>προτέραν</span> <span class='ocrx_word' id='word_1_464' title='bbox 1614 3292 1855 3359; x_wconf 84' lang='grc' dir='ltr'>άπάτην,</span> 
     </span>
    </p>
   </div>
   <div class='ocr_carea' id='block_1_65' title="bbox 284 3370 1860 3451">
    <p class='ocr_par' dir='ltr' id='par_1_65' title="bbox 284 3370 1860 3451">
     <span class='ocr_line' id='line_1_65' title="bbox 284 3370 1860 3451; baseline 0.007 -27"><span class='ocrx_word' id='word_1_465' title='bbox 284 3374 569 3441; x_wconf 70' lang='grc' dir='ltr'>τυοηφόραν</span> <span class='ocrx_word' id='word_1_466' title='bbox 603 3371 667 3440; x_wconf 62' lang='grc' dir='ltr'><strong>(ί)</strong></span> <span class='ocrx_word' id='word_1_467' title='bbox 710 3370 903 3441; x_wconf 78' lang='grc' dir='ltr'>καινὴν</span> <span class='ocrx_word' id='word_1_468' title='bbox 954 3370 1347 3443; x_wconf 73' lang='grc' dir='ltr'>ἀλλαξάμενος,</span> <span class='ocrx_word' id='word_1_469' title='bbox 1399 3379 1490 3429; x_wconf 77' lang='grc' dir='ltr'>καὶ</span> <span class='ocrx_word' id='word_1_470' title='bbox 1537 3378 1860 3451; x_wconf 70' lang='grc' dir='ltr'>Χριστιανὸς</span> 
     </span>
    </p>
   </div>
   <div class='ocr_carea' id='block_1_66' title="bbox 281 3465 796 3534">
    <p class='ocr_par' dir='ltr' id='par_1_66' title="bbox 281 3465 796 3534">
     <span class='ocr_line' id='line_1_66' title="bbox 281 3465 796 3534; baseline 0 -18"><span class='ocrx_word' id='word_1_471' title='bbox 281 3466 382 3534; x_wconf 60' lang='grc' dir='ltr'>ἤδη</span> <span class='ocrx_word' id='word_1_472' title='bbox 414 3480 609 3532; x_wconf 88' lang='grc' dir='ltr'>γεγενη</span> <span class='ocrx_word' id='word_1_473' title='bbox 622 3465 717 3516; x_wconf 80' lang='grc' dir='ltr'>μέν</span> <span class='ocrx_word' id='word_1_474' title='bbox 749 3480 796 3525; x_wconf 89' lang='grc' dir='ltr'><strong>ς.</strong></span> 
     </span>
    </p>
   </div>
   <div class='ocr_carea' id='block_1_67' title="bbox 356 3556 1860 3635">
    <p class='ocr_par' dir='ltr' id='par_1_67' title="bbox 356 3556 1860 3635">
     <span class='ocr_line' id='line_1_67' title="bbox 356 3556 1860 3635; baseline 0.008 -28"><span class='ocrx_word' id='word_1_475' title='bbox 356 3556 484 3610; x_wconf 72' lang='grc' dir='ltr'><strong>ΚΡ.</strong></span> <span class='ocrx_word' id='word_1_476' title='bbox 533 3557 591 3609; x_wconf 92' lang='grc'><strong>’0</strong></span> <span class='ocrx_word' id='word_1_477' title='bbox 625 3556 853 3627; x_wconf 79' lang='grc' dir='ltr'>ἡγεμὼν</span> <span class='ocrx_word' id='word_1_478' title='bbox 891 3558 986 3612; x_wconf 81' lang='grc' dir='ltr'>οὖν</span> <span class='ocrx_word' id='word_1_479' title='bbox 1011 3558 1111 3625; x_wconf 81' lang='grc' dir='ltr'>τὴν</span> <span class='ocrx_word' id='word_1_480' title='bbox 1136 3560 1341 3630; x_wconf 72' lang='grc' dir='ltr'>ἀθρόαν</span> <span class='ocrx_word' id='word_1_481' title='bbox 1374 3564 1684 3635; x_wconf 76' lang='grc' dir='ltr'>μεταϐολὴν</span> <span class='ocrx_word' id='word_1_482' title='bbox 1717 3568 1860 3619; x_wconf 81' lang='grc' dir='ltr'>ὲκεί-</span> 
     </span>
    </p>
   </div>
   <div class='ocr_carea' id='block_1_68' title="bbox 284 3650 1859 3729">
    <p class='ocr_par' dir='ltr' id='par_1_68' title="bbox 284 3650 1859 3729">
     <span class='ocr_line' id='line_1_68' title="bbox 284 3650 1859 3729; baseline 0.009 -30"><span class='ocrx_word' id='word_1_483' title='bbox 284 3667 382 3719; x_wconf 90' lang='grc' dir='ltr'><strong>νην</strong></span> <span class='ocrx_word' id='word_1_484' title='bbox 416 3650 817 3717; x_wconf 77' lang='grc' dir='ltr'>καταπλαγεὶς,</span> <span class='ocrx_word' id='word_1_485' title='bbox 847 3650 913 3702; x_wconf 85' lang='grc' dir='ltr'>Τί</span> <span class='ocrx_word' id='word_1_486' title='bbox 938 3651 1015 3709; x_wconf 81' lang='grc' dir='ltr'>δὲ,</span> <span class='ocrx_word' id='word_1_487' title='bbox 1056 3653 1369 3717; x_wconf 82' lang='grc' dir='ltr'>Καλλίνικε,</span> <span class='ocrx_word' id='word_1_488' title='bbox 1402 3659 1557 3729; x_wconf 78' lang='grc' dir='ltr'>φησὶ,</span> <span class='ocrx_word' id='word_1_489' title='bbox 1604 3661 1859 3713; x_wconf 75' lang='grc' dir='ltr'>τοσοῦτον</span> 
     </span>
    </p>
   </div>
   <div class='ocr_carea' id='block_1_69' title="bbox 286 3742 1859 3816">
    <p class='ocr_par' dir='ltr' id='par_1_69' title="bbox 286 3742 1859 3816">
     <span class='ocr_line' id='line_1_69' title="bbox 286 3742 1859 3816; baseline 0.006 -23"><span class='ocrx_word' id='word_1_490' title='bbox 286 3744 342 3794; x_wconf 84' lang='lat' dir='ltr'><strong>al</strong></span> <span class='ocrx_word' id='word_1_491' title='bbox 374 3742 471 3795; x_wconf 83' lang='grc' dir='ltr'>τοῦ</span> <span class='ocrx_word' id='word_1_492' title='bbox 501 3746 693 3812; x_wconf 76' lang='grc' dir='ltr'>γόητος</span> <span class='ocrx_word' id='word_1_493' title='bbox 748 3743 961 3796; x_wconf 62' lang='grc' dir='ltr'>ἐκείνου</span> <span class='ocrx_word' id='word_1_494' title='bbox 1020 3743 1249 3813; x_wconf 86' lang='grc' dir='ltr'>ίσχυσαν</span> <span class='ocrx_word' id='word_1_495' title='bbox 1288 3749 1589 3816; x_wconf 85' lang='grc' dir='ltr'>τερατεῖαι,</span> <span class='ocrx_word' id='word_1_496' title='bbox 1639 3751 1717 3812; x_wconf 84' lang='grc' dir='ltr'>ὡς</span> <span class='ocrx_word' id='word_1_497' title='bbox 1764 3754 1859 3803; x_wconf 70' lang='grc' dir='ltr'>καὶ</span> 
     </span>
    </p>
   </div>
   <div class='ocr_carea' id='block_1_70' title="bbox 286 3835 1852 3907">
    <p class='ocr_par' dir='ltr' id='par_1_70' title="bbox 286 3835 1852 3907">
     <span class='ocr_line' id='line_1_70' title="bbox 286 3835 1852 3907; baseline 0.003 -19"><span class='ocrx_word' id='word_1_498' title='bbox 286 3839 346 3889; x_wconf 84' lang='grc' dir='ltr'>σὲ</span> <span class='ocrx_word' id='word_1_499' title='bbox 377 3836 479 3904; x_wconf 67' lang='grc' dir='ltr'>τὴν</span> <span class='ocrx_word' id='word_1_500' title='bbox 507 3836 770 3901; x_wconf 86' lang='grc' dir='ltr'>γενναίαν</span> <span class='ocrx_word' id='word_1_501' title='bbox 797 3835 1001 3906; x_wconf 79' lang='grc' dir='ltr'>ψυχὴν,</span> <span class='ocrx_word' id='word_1_502' title='bbox 1054 3838 1145 3888; x_wconf 87' lang='grc' dir='ltr'>τὸν</span> <span class='ocrx_word' id='word_1_503' title='bbox 1177 3836 1490 3907; x_wconf 78' lang='grc' dir='ltr'>θεράποντα</span> <span class='ocrx_word' id='word_1_504' title='bbox 1519 3840 1629 3893; x_wconf 90' lang='grc' dir='ltr'><strong>τῶν</strong></span> <span class='ocrx_word' id='word_1_505' title='bbox 1675 3842 1814 3894; x_wconf 86' lang='grc' dir='ltr'>θεῶν</span> <span class='ocrx_word' id='word_1_506' title='bbox 1840 3886 1852 3906; x_wconf 84' lang='grc'><strong>,</strong></span> 
     </span>
    </p>
   </div>
   <div class='ocr_carea' id='block_1_71' title="bbox 286 3926 1859 4000">
    <p class='ocr_par' dir='ltr' id='par_1_71' title="bbox 286 3926 1859 4000">
     <span class='ocr_line' id='line_1_71' title="bbox 286 3926 1859 4000; baseline 0.003 -21"><span class='ocrx_word' id='word_1_507' title='bbox 286 3929 383 3979; x_wconf 71' lang='grc' dir='ltr'><strong>τὸν</strong></span> <span class='ocrx_word' id='word_1_508' title='bbox 415 3927 706 3995; x_wconf 83' lang='grc' dir='ltr'>ὑποφήτην</span> <span class='ocrx_word' id='word_1_509' title='bbox 735 3926 962 3978; x_wconf 73' lang='grc' dir='ltr'>εκείνων</span> <span class='ocrx_word' id='word_1_510' title='bbox 984 3964 999 3988; x_wconf 92' lang='grc'><strong>,</strong></span> <span class='ocrx_word' id='word_1_511' title='bbox 1030 3927 1122 3979; x_wconf 83' lang='grc' dir='ltr'>τὸν</span> <span class='ocrx_word' id='word_1_512' title='bbox 1158 3928 1307 3997; x_wconf 70' lang='grc' dir='ltr'>ίεράα</span> <span class='ocrx_word' id='word_1_513' title='bbox 1351 3930 1443 3983; x_wconf 82' lang='grc' dir='ltr'>τὸν</span> <span class='ocrx_word' id='word_1_514' title='bbox 1485 3931 1691 3999; x_wconf 84' lang='grc' dir='ltr'>πολλῆς</span> <span class='ocrx_word' id='word_1_515' title='bbox 1729 3933 1859 4000; x_wconf 82' lang='grc' dir='ltr'>παρ’</span> 
     </span>
    </p>
   </div>
   <div class='ocr_carea' id='block_1_72' title="bbox 1965 3296 2461 3357">
    <p class='ocr_par' dir='ltr' id='par_1_72' title="bbox 1965 3296 2461 3357">
     <span class='ocr_line' id='line_1_72' title="bbox 1965 3296 2461 3357; baseline 0.01 -7"><span class='ocrx_word' id='word_1_516' title='bbox 1965 3296 2068 3350; x_wconf 84' lang='lat' dir='ltr'><strong>sim</strong></span> <span class='ocrx_word' id='word_1_517' title='bbox 2099 3296 2461 3357; x_wconf 85' lang='lat' dir='ltr'><strong>Christianus.</strong></span> 
     </span>
    </p>
   </div>
   <div class='ocr_carea' id='block_1_73' title="bbox 2039 3566 3536 3635">
    <p class='ocr_par' dir='ltr' id='par_1_73' title="bbox 2039 3566 3536 3635">
     <span class='ocr_line' id='line_1_73' title="bbox 2039 3566 3536 3635; baseline 0 -14"><span class='ocrx_word' id='word_1_518' title='bbox 2039 3566 2227 3622; x_wconf 77' lang='lat' dir='ltr'><strong>XXIII.</strong></span> <span class='ocrx_word' id='word_1_519' title='bbox 2271 3566 2695 3620; x_wconf 72' lang='lat' dir='ltr'><strong>Praesesantem</strong></span> <span class='ocrx_word' id='word_1_520' title='bbox 2738 3566 2826 3619; x_wconf 88' lang='lat' dir='ltr'><strong>illa</strong></span> <span class='ocrx_word' id='word_1_521' title='bbox 2880 3566 3163 3633; x_wconf 72' lang='lat' dir='ltr'><strong>repentium</strong></span> <span class='ocrx_word' id='word_1_522' title='bbox 3222 3568 3536 3635; x_wconf 77' lang='lat' dir='ltr'><strong>obstupefa-</strong></span> 
     </span>
    </p>
   </div>
   <div class='ocr_carea' id='block_1_74' title="bbox 1966 3656 3532 3725">
    <p class='ocr_par' dir='ltr' id='par_1_74' title="bbox 1966 3656 3532 3725">
     <span class='ocr_line' id='line_1_74' title="bbox 1966 3656 3532 3725; baseline -0.003 -11"><span class='ocrx_word' id='word_1_523' title='bbox 1966 3670 2089 3714; x_wconf 90' lang='lat' dir='ltr'><strong>ctus</strong></span> <span class='ocrx_word' id='word_1_524' title='bbox 2176 3658 2477 3712; x_wconf 89' lang='lat' dir='ltr'><strong>mutatione</strong></span> <span class='ocrx_word' id='word_1_525' title='bbox 2515 3676 2527 3712; x_wconf 92' lang='lat'>:</span> <span class='ocrx_word' id='word_1_526' title='bbox 2562 3656 2704 3722; x_wconf 87' lang='lat' dir='ltr'><strong>Quid</strong></span> <span class='ocrx_word' id='word_1_527' title='bbox 2779 3672 2933 3718; x_wconf 87' lang='lat' dir='ltr'><strong>vero,</strong></span> <span class='ocrx_word' id='word_1_528' title='bbox 2994 3658 3193 3725; x_wconf 88' lang='lat' dir='ltr'><strong>inquit,</strong></span> <span class='ocrx_word' id='word_1_529' title='bbox 3248 3656 3532 3715; x_wconf 78' lang='lat' dir='ltr'><strong>Callinice.</strong></span> 
     </span>
    </p>
   </div>
   <div class='ocr_carea' id='block_1_75' title="bbox 1969 3746 3535 3817">
    <p class='ocr_par' dir='ltr' id='par_1_75' title="bbox 1969 3746 3535 3817">
     <span class='ocr_line' id='line_1_75' title="bbox 1969 3746 3535 3817; baseline -0.001 -14"><span class='ocrx_word' id='word_1_530' title='bbox 1969 3759 2179 3803; x_wconf 85' lang='lat' dir='ltr'><strong>tantum</strong></span> <span class='ocrx_word' id='word_1_531' title='bbox 2209 3746 2358 3802; x_wconf 91' lang='lat' dir='ltr'><strong>illius</strong></span> <span class='ocrx_word' id='word_1_532' title='bbox 2381 3749 2794 3817; x_wconf 69' lang='lat' dir='ltr'><strong>praestigiatoris</strong></span> <span class='ocrx_word' id='word_1_533' title='bbox 2826 3748 3119 3802; x_wconf 82' lang='lat' dir='ltr'><strong>valuerunt</strong></span> <span class='ocrx_word' id='word_1_534' title='bbox 3168 3748 3435 3816; x_wconf 75' lang='lat' dir='ltr'><strong>prodigia,</strong></span> <span class='ocrx_word' id='word_1_535' title='bbox 3474 3761 3535 3801; x_wconf 83' lang='lat' dir='ltr'><strong>ut.</strong></span> 
     </span>
    </p>
   </div>
   <div class='ocr_carea' id='block_1_76' title="bbox 1970 3840 3536 3910">
    <p class='ocr_par' dir='ltr' id='par_1_76' title="bbox 1970 3840 3536 3910">
     <span class='ocr_line' id='line_1_76' title="bbox 1970 3840 3536 3910; baseline -0.001 -15"><span class='ocrx_word' id='word_1_536' title='bbox 1970 3850 2021 3895; x_wconf 86' lang='lat' dir='ltr'><strong>te</strong></span> <span class='ocrx_word' id='word_1_537' title='bbox 2045 3854 2366 3910; x_wconf 82' lang='lat' dir='ltr'><strong>generosam</strong></span> <span class='ocrx_word' id='word_1_538' title='bbox 2391 3842 2651 3902; x_wconf 91' lang='lat' dir='ltr'><strong>animam,</strong></span> <span class='ocrx_word' id='word_1_539' title='bbox 2684 3840 2998 3894; x_wconf 90' lang='lat' dir='ltr'><strong>ministrum</strong></span> <span class='ocrx_word' id='word_1_540' title='bbox 3014 3842 3271 3902; x_wconf 90' lang='lat' dir='ltr'><strong>deorum,</strong></span> <span class='ocrx_word' id='word_1_541' title='bbox 3292 3840 3536 3894; x_wconf 80' lang='lat' dir='ltr'><strong>illorum—</strong></span> 
     </span>
    </p>
   </div>
   <div class='ocr_carea' id='block_1_77' title="bbox 1967 3933 3533 4003">
    <p class='ocr_par' dir='ltr' id='par_1_77' title="bbox 1967 3933 3533 4003">
     <span class='ocr_line' id='line_1_77' title="bbox 1967 3933 3533 4003; baseline 0.002 -17"><span class='ocrx_word' id='word_1_542' title='bbox 1967 3949 2073 4001; x_wconf 83' lang='lat' dir='ltr'><strong>que</strong></span> <span class='ocrx_word' id='word_1_543' title='bbox 2107 3933 2433 4001; x_wconf 79' lang='lat' dir='ltr'><strong>iutrepetem</strong></span> <span class='ocrx_word' id='word_1_544' title='bbox 2453 3940 2508 3988; x_wconf 91' lang='lat' dir='ltr'><strong>et</strong></span> <span class='ocrx_word' id='word_1_545' title='bbox 2534 3934 2898 3999; x_wconf 86' lang='lat' dir='ltr'><strong>sacerdotem,</strong></span> <span class='ocrx_word' id='word_1_546' title='bbox 2929 3934 3023 4001; x_wconf 90' lang='lat' dir='ltr'><strong>qui</strong></span> <span class='ocrx_word' id='word_1_547' title='bbox 3055 3933 3125 3988; x_wconf 90' lang='lat' dir='ltr'><strong>ab</strong></span> <span class='ocrx_word' id='word_1_548' title='bbox 3153 3933 3262 3988; x_wconf 88' lang='lat' dir='ltr'><strong>illis</strong></span> <span class='ocrx_word' id='word_1_549' title='bbox 3283 3950 3533 4003; x_wconf 90' lang='lat' dir='ltr'><strong>magnam</strong></span> 
     </span>
    </p>
   </div>
   <div class='ocr_carea' id='block_1_78' title="bbox 206 4016 1888 4095">
    <p class='ocr_par' dir='ltr' id='par_1_78' title="bbox 206 4016 1862 4091">
     <span class='ocr_line' id='line_1_78' title="bbox 206 4016 1862 4091; baseline 0.002 -20"><span class='ocrx_word' id='word_1_550' title='bbox 206 4082 209 4083; x_wconf 18' lang='grc' dir='ltr'><em>ν</em></span> <span class='ocrx_word' id='word_1_551' title='bbox 291 4018 474 4071; x_wconf 77' lang='grc' dir='ltr'>αὐτῶν</span> <span class='ocrx_word' id='word_1_552' title='bbox 513 4018 854 4087; x_wconf 79' lang='grc' dir='ltr'>τυγχάνοντα</span> <span class='ocrx_word' id='word_1_553' title='bbox 905 4016 1218 4085; x_wconf 81' lang='grc' dir='ltr'>εὐμενείας,</span> <span class='ocrx_word' id='word_1_554' title='bbox 1265 4020 1364 4087; x_wconf 86' lang='grc' dir='ltr'>τῆς</span> <span class='ocrx_word' id='word_1_555' title='bbox 1403 4023 1636 4091; x_wconf 84' lang='grc' dir='ltr'>πατρίου</span> <span class='ocrx_word' id='word_1_556' title='bbox 1691 4040 1862 4091; x_wconf 68' lang='grc' dir='ltr'>μετα-</span> 
     </span>
    </p>
   </div>
   <div class='ocr_carea' id='block_1_79' title="bbox 1855 4016 3537 4095">
    <p class='ocr_par' dir='ltr' id='par_1_79' title="bbox 1855 4024 3537 4095">
     <span class='ocr_line' id='line_1_79' title="bbox 1855 4024 3537 4095; baseline 0 -15"><span class='ocrx_word' id='word_1_557' title='bbox 1855 4055 1862 4066; x_wconf 74' lang='grc' dir='ltr'><strong>ι</strong></span> <span class='ocrx_word' id='word_1_558' title='bbox 1936 4074 1941 4080; x_wconf 95' lang='grc'><strong>.</strong></span> <span class='ocrx_word' id='word_1_559' title='bbox 1970 4025 2280 4095; x_wconf 79' lang='lat' dir='ltr'><strong>assequeris</strong></span> <span class='ocrx_word' id='word_1_560' title='bbox 2314 4025 2775 4088; x_wconf 85' lang='lat' dir='ltr'><strong>benevolentiam,</strong></span> <span class='ocrx_word' id='word_1_561' title='bbox 2808 4024 3139 4080; x_wconf 81' lang='lat' dir='ltr'><strong>abduxerim</strong></span> <span class='ocrx_word' id='word_1_562' title='bbox 3166 4042 3195 4078; x_wconf 92' lang='lat' dir='ltr'><strong>a</strong></span> <span class='ocrx_word' id='word_1_563' title='bbox 3251 4027 3427 4094; x_wconf 87' lang='lat' dir='ltr'><strong>patria</strong></span> <span class='ocrx_word' id='word_1_564' title='bbox 3451 4042 3537 4080; x_wconf 88' lang='lat' dir='ltr'><strong>re-</strong></span> 
     </span>
    </p>
   </div>
   <div class='ocr_carea' id='block_1_80' title="bbox 288 4111 1970 4185">
    <p class='ocr_par' dir='ltr' id='par_1_80' title="bbox 288 4111 1862 4180">
     <span class='ocr_line' id='line_1_80' title="bbox 288 4111 1862 4180; baseline 0.001 -16"><span class='ocrx_word' id='word_1_565' title='bbox 288 4116 489 4179; x_wconf 74' lang='grc' dir='ltr'>στῆσαι</span> <span class='ocrx_word' id='word_1_566' title='bbox 525 4111 865 4179; x_wconf 71' lang='grc' dir='ltr'>θρησκείας,</span> <span class='ocrx_word' id='word_1_567' title='bbox 896 4111 992 4164; x_wconf 76' lang='grc' dir='ltr'>καὶ</span> <span class='ocrx_word' id='word_1_568' title='bbox 1024 4113 1105 4173; x_wconf 88' lang='grc' dir='ltr'><strong>είς</strong></span> <span class='ocrx_word' id='word_1_569' title='bbox 1140 4113 1379 4180; x_wconf 74' lang='grc' dir='ltr'>ἐσχάτην</span> <span class='ocrx_word' id='word_1_570' title='bbox 1427 4114 1707 4167; x_wconf 77' lang='grc' dir='ltr'>ἀπώλειαν</span> <span class='ocrx_word' id='word_1_571' title='bbox 1740 4117 1862 4166; x_wconf 59' lang='grc' dir='ltr'>ἐπι-</span> 
     </span>
    </p>
   </div>
   <div class='ocr_carea' id='block_1_81' title="bbox 1854 4111 3536 4185">
    <p class='ocr_par' dir='ltr' id='par_1_81' title="bbox 1854 4117 3536 4185">
     <span class='ocr_line' id='line_1_81' title="bbox 1854 4117 3536 4185; baseline -0.001 -15"><span class='ocrx_word' id='word_1_572' title='bbox 1854 4144 1862 4155; x_wconf 93' lang='lat'><strong><em>-</em></strong></span> <span class='ocrx_word' id='word_1_573' title='bbox 1971 4119 2193 4185; x_wconf 80' lang='lat' dir='ltr'><strong>ligione,</strong></span> <span class='ocrx_word' id='word_1_574' title='bbox 2238 4129 2293 4171; x_wconf 89' lang='lat' dir='ltr'><strong>et</strong></span> <span class='ocrx_word' id='word_1_575' title='bbox 2349 4117 2414 4170; x_wconf 90' lang='lat' dir='ltr'><strong>ad</strong></span> <span class='ocrx_word' id='word_1_576' title='bbox 2462 4128 2766 4170; x_wconf 89' lang='lat' dir='ltr'><strong>extremum</strong></span> <span class='ocrx_word' id='word_1_577' title='bbox 2831 4118 3160 4171; x_wconf 86' lang='lat' dir='ltr'><strong>attraxerint</strong></span> <span class='ocrx_word' id='word_1_578' title='bbox 3193 4117 3536 4171; x_wconf 86' lang='lat' dir='ltr'><strong>interitum?</strong></span> 
     </span>
    </p>
   </div>
   <div class='ocr_carea' id='block_1_82' title="bbox 285 4202 1967 4276">
    <p class='ocr_par' dir='ltr' id='par_1_82' title="bbox 285 4202 1858 4272">
     <span class='ocr_line' id='line_1_82' title="bbox 285 4202 1858 4272; baseline -0.001 -16"><span class='ocrx_word' id='word_1_579' title='bbox 285 4204 604 4257; x_wconf 75' lang='grc' dir='ltr'>σπάσασοαι</span> <span class='ocrx_word' id='word_1_580' title='bbox 642 4220 655 4266; x_wconf 91' lang='grc'><strong>;</strong></span> <span class='ocrx_word' id='word_1_581' title='bbox 716 4203 825 4255; x_wconf 81' lang='grc' dir='ltr'><strong>Καὶ</strong></span> <span class='ocrx_word' id='word_1_582' title='bbox 877 4205 904 4256; x_wconf 83' lang='grc' dir='ltr'><strong>ὁ</strong></span> <span class='ocrx_word' id='word_1_583' title='bbox 956 4202 1304 4267; x_wconf 80' lang='grc' dir='ltr'>Καλλίνικος,</span> <span class='ocrx_word' id='word_1_584' title='bbox 1351 4202 1444 4255; x_wconf 86' lang='grc' dir='ltr'>Ἐκ</span> <span class='ocrx_word' id='word_1_585' title='bbox 1484 4204 1695 4256; x_wconf 82' lang='grc' dir='ltr'>πολλῶν</span> <span class='ocrx_word' id='word_1_586' title='bbox 1741 4206 1858 4272; x_wconf 81' lang='grc' dir='ltr'>μὲν,</span> 
     </span>
    </p>
   </div>
   <div class='ocr_carea' id='block_1_83' title="bbox 1852 4202 3534 4276">
    <p class='ocr_par' dir='ltr' id='par_1_83' title="bbox 1852 4207 3534 4276">
     <span class='ocr_line' id='line_1_83' title="bbox 1852 4207 3534 4276; baseline -0.004 -11"><span class='ocrx_word' id='word_1_587' title='bbox 1852 4246 1858 4265; x_wconf 78' lang='lat'><em>.</em></span> <span class='ocrx_word' id='word_1_588' title='bbox 1968 4209 2266 4261; x_wconf 71' lang='lat' dir='ltr'><strong>Callinicus</strong></span> <span class='ocrx_word' id='word_1_589' title='bbox 2297 4223 2424 4262; x_wconf 77' lang='lat' dir='ltr'><strong>vero</strong></span> <span class='ocrx_word' id='word_1_590' title='bbox 2460 4224 2473 4259; x_wconf 89' lang='lat'><strong>:</strong></span> <span class='ocrx_word' id='word_1_591' title='bbox 2506 4208 2581 4260; x_wconf 80' lang='lat' dir='ltr'><strong>Ex</strong></span> <span class='ocrx_word' id='word_1_592' title='bbox 2621 4208 2811 4260; x_wconf 86' lang='lat' dir='ltr'><strong>multis</strong></span> <span class='ocrx_word' id='word_1_593' title='bbox 2858 4207 3105 4275; x_wconf 88' lang='lat' dir='ltr'><strong>quidem,</strong></span> <span class='ocrx_word' id='word_1_594' title='bbox 3150 4208 3344 4276; x_wconf 89' lang='lat' dir='ltr'><strong>inquit,</strong></span> <span class='ocrx_word' id='word_1_595' title='bbox 3370 4209 3534 4261; x_wconf 89' lang='lat' dir='ltr'><strong>etiam</strong></span> 
     </span>
    </p>
   </div>
   <div class='ocr_carea' id='block_1_84' title="bbox 288 4294 1970 4369">
    <p class='ocr_par' dir='ltr' id='par_1_84' title="bbox 288 4294 1863 4365">
     <span class='ocr_line' id='line_1_84' title="bbox 288 4294 1863 4365; baseline 0.01 -22"><span class='ocrx_word' id='word_1_596' title='bbox 288 4302 450 4363; x_wconf 68' lang='grc' dir='ltr'>φησὶ,</span> <span class='ocrx_word' id='word_1_597' title='bbox 500 4296 816 4364; x_wconf 82' lang='grc' dir='ltr'>πέπεισμαι</span> <span class='ocrx_word' id='word_1_598' title='bbox 854 4294 950 4347; x_wconf 76' lang='grc' dir='ltr'>καὶ</span> <span class='ocrx_word' id='word_1_599' title='bbox 1002 4294 1203 4357; x_wconf 76' lang='grc' dir='ltr'>ἄλλων,</span> <span class='ocrx_word' id='word_1_600' title='bbox 1263 4294 1497 4363; x_wconf 85' lang='grc' dir='ltr'>μάλιστα</span> <span class='ocrx_word' id='word_1_601' title='bbox 1545 4296 1602 4348; x_wconf 73' lang='grc' dir='ltr'>δέ</span> <span class='ocrx_word' id='word_1_602' title='bbox 1639 4314 1727 4365; x_wconf 83' lang='grc' dir='ltr'><strong>μοι</strong></span> <span class='ocrx_word' id='word_1_603' title='bbox 1763 4297 1863 4361; x_wconf 83' lang='grc' dir='ltr'><strong>τῆς</strong></span> 
     </span>
    </p>
   </div>
   <div class='ocr_carea' id='block_1_85' title="bbox 1856 4294 3538 4369">
    <p class='ocr_par' dir='ltr' id='par_1_85' title="bbox 1856 4300 3538 4369">
     <span class='ocr_line' id='line_1_85' title="bbox 1856 4300 3538 4369; baseline -0.005 -13"><span class='ocrx_word' id='word_1_604' title='bbox 1856 4314 1863 4356; x_wconf 82' lang='lat'><strong>.&#39;</strong></span> <span class='ocrx_word' id='word_1_605' title='bbox 1971 4302 2094 4355; x_wconf 83' lang='lat' dir='ltr'><strong>aliis</strong></span> <span class='ocrx_word' id='word_1_606' title='bbox 2125 4317 2242 4355; x_wconf 90' lang='lat' dir='ltr'><strong>sum</strong></span> <span class='ocrx_word' id='word_1_607' title='bbox 2274 4315 2587 4369; x_wconf 81' lang='lat' dir='ltr'><strong>persuasus.</strong></span> <span class='ocrx_word' id='word_1_608' title='bbox 2616 4300 2849 4353; x_wconf 79' lang='lat' dir='ltr'><strong>maxime</strong></span> <span class='ocrx_word' id='word_1_609' title='bbox 2878 4309 3065 4353; x_wconf 86' lang='lat' dir='ltr'><strong>autem</strong></span> <span class='ocrx_word' id='word_1_610' title='bbox 3106 4300 3229 4353; x_wconf 90' lang='lat' dir='ltr'><strong>talis</strong></span> <span class='ocrx_word' id='word_1_611' title='bbox 3279 4303 3538 4352; x_wconf 80' lang='lat' dir='ltr'><strong>mutatio-</strong></span> 
     </span>
    </p>
   </div>
   <div class='ocr_carea' id='block_1_86' title="bbox 286 4384 1968 4461">
    <p class='ocr_par' dir='ltr' id='par_1_86' title="bbox 286 4384 1876 4457">
     <span class='ocr_line' id='line_1_86' title="bbox 286 4384 1876 4457; baseline -0.003 -15"><span class='ocrx_word' id='word_1_612' title='bbox 286 4389 547 4456; x_wconf 76' lang='grc' dir='ltr'>τοιαύτης</span> <span class='ocrx_word' id='word_1_613' title='bbox 613 4386 920 4457; x_wconf 73' lang='grc' dir='ltr'>μεταῦολῆς</span> <span class='ocrx_word' id='word_1_614' title='bbox 966 4388 994 4440; x_wconf 85' lang='grc' dir='ltr'><strong>δ</strong></span> <span class='ocrx_word' id='word_1_615' title='bbox 1064 4384 1347 4455; x_wconf 81' lang='grc' dir='ltr'>Ἡρακλῆς</span> <span class='ocrx_word' id='word_1_616' title='bbox 1432 4386 1596 4449; x_wconf 71' lang='grc' dir='ltr'>αὐτὸς</span> <span class='ocrx_word' id='word_1_617' title='bbox 1658 4388 1876 4451; x_wconf 59' lang='grc' dir='ltr'>αἴτιος,</span> 
     </span>
    </p>
   </div>
   <div class='ocr_carea' id='block_1_87' title="bbox 1859 4384 3541 4461">
    <p class='ocr_par' dir='ltr' id='par_1_87' title="bbox 1859 4390 3541 4461">
     <span class='ocr_line' id='line_1_87' title="bbox 1859 4390 3541 4461; baseline -0.002 -14"><span class='ocrx_word' id='word_1_618' title='bbox 1859 4432 1876 4447; x_wconf 53' lang='grc' dir='ltr'>μ</span> <span class='ocrx_word' id='word_1_619' title='bbox 1972 4396 2059 4448; x_wconf 90' lang='lat' dir='ltr'><strong>nis</strong></span> <span class='ocrx_word' id='word_1_620' title='bbox 2082 4408 2246 4447; x_wconf 82' lang='lat' dir='ltr'><strong>causa</strong></span> <span class='ocrx_word' id='word_1_621' title='bbox 2280 4402 2365 4447; x_wconf 84' lang='lat' dir='ltr'><strong>est</strong></span> <span class='ocrx_word' id='word_1_622' title='bbox 2400 4393 2518 4461; x_wconf 80' lang='lat' dir='ltr'><strong>ipse</strong></span> <span class='ocrx_word' id='word_1_623' title='bbox 2556 4390 2838 4456; x_wconf 85' lang='lat' dir='ltr'><strong>Hercules,</strong></span> <span class='ocrx_word' id='word_1_624' title='bbox 2864 4391 2959 4459; x_wconf 90' lang='lat' dir='ltr'><strong>qui</strong></span> <span class='ocrx_word' id='word_1_625' title='bbox 2994 4400 3074 4444; x_wconf 87' lang='lat' dir='ltr'><strong>tot</strong></span> <span class='ocrx_word' id='word_1_626' title='bbox 3116 4391 3339 4459; x_wconf 89' lang='lat' dir='ltr'><strong>quidem</strong></span> <span class='ocrx_word' id='word_1_627' title='bbox 3364 4399 3541 4445; x_wconf 87' lang='lat' dir='ltr'><strong>certa-</strong></span> 
     </span>
    </p>
   </div>
   <div class='ocr_carea' id='block_1_88' title="bbox 287 4475 1969 4552">
    <p class='ocr_par' dir='ltr' id='par_1_88' title="bbox 287 4475 1863 4548">
     <span class='ocr_line' id='line_1_88' title="bbox 287 4475 1863 4548; baseline -0.004 -13"><span class='ocrx_word' id='word_1_628' title='bbox 287 4482 581 4542; x_wconf 80' lang='grc' dir='ltr'>τοσούτους</span> <span class='ocrx_word' id='word_1_629' title='bbox 652 4482 752 4548; x_wconf 72' lang='grc' dir='ltr'>μὲν</span> <span class='ocrx_word' id='word_1_630' title='bbox 802 4476 1022 4541; x_wconf 71' lang='grc' dir='ltr'>ἄθλους,</span> <span class='ocrx_word' id='word_1_631' title='bbox 1060 4477 1135 4539; x_wconf 87' lang='grc' dir='ltr'>ὡς</span> <span class='ocrx_word' id='word_1_632' title='bbox 1186 4476 1235 4527; x_wconf 91' lang='grc' dir='ltr'>οί</span> <span class='ocrx_word' id='word_1_633' title='bbox 1288 4477 1415 4544; x_wconf 82' lang='grc' dir='ltr'>περὶ</span> <span class='ocrx_word' id='word_1_634' title='bbox 1469 4475 1636 4528; x_wconf 80' lang='grc' dir='ltr'>αὐτοῦ</span> <span class='ocrx_word' id='word_1_635' title='bbox 1691 4476 1863 4541; x_wconf 65' lang='lat' dir='ltr'><strong>tam,</strong></span> 
     </span>
    </p>
   </div>
   <div class='ocr_carea' id='block_1_89' title="bbox 1860 4475 3542 4552">
    <p class='ocr_par' dir='ltr' id='par_1_89' title="bbox 1860 4483 3542 4552">
     <span class='ocr_line' id='line_1_89' title="bbox 1860 4483 3542 4552; baseline -0.005 -11"><span class='ocrx_word' id='word_1_636' title='bbox 1860 4519 1863 4535; x_wconf 71' lang='grc' dir='ltr'><strong>ι</strong></span> <span class='ocrx_word' id='word_1_637' title='bbox 1973 4488 2146 4548; x_wconf 85' lang='lat' dir='ltr'><strong>mina,</strong></span> <span class='ocrx_word' id='word_1_638' title='bbox 2174 4498 2232 4539; x_wconf 92' lang='lat' dir='ltr'><strong>ut</strong></span> <span class='ocrx_word' id='word_1_639' title='bbox 2257 4486 2324 4539; x_wconf 90' lang='lat' dir='ltr'><strong>de</strong></span> <span class='ocrx_word' id='word_1_640' title='bbox 2357 4501 2423 4540; x_wconf 89' lang='lat' dir='ltr'><strong>eo</strong></span> <span class='ocrx_word' id='word_1_641' title='bbox 2454 4495 2679 4537; x_wconf 85' lang='lat' dir='ltr'><strong>narrant</strong></span> <span class='ocrx_word' id='word_1_642' title='bbox 2709 4483 2927 4545; x_wconf 71' lang='lat' dir='ltr'><strong>fabulae,</strong></span> <span class='ocrx_word' id='word_1_643' title='bbox 2962 4483 3234 4552; x_wconf 79' lang='lat' dir='ltr'><strong>perfecit;</strong></span> <span class='ocrx_word' id='word_1_644' title='bbox 3272 4497 3418 4535; x_wconf 88' lang='lat' dir='ltr'><strong>nunc</strong></span> <span class='ocrx_word' id='word_1_645' title='bbox 3446 4498 3542 4535; x_wconf 52' lang='grc' dir='ltr'>ιιι..</span> 
     </span>
    </p>
   </div>
   <div class='ocr_carea' id='block_1_90' title="bbox 290 4563 1972 4645">
    <p class='ocr_par' dir='ltr' id='par_1_90' title="bbox 290 4563 1941 4639">
     <span class='ocr_line' id='line_1_90' title="bbox 290 4563 1941 4639; baseline -0.003 -16"><span class='ocrx_word' id='word_1_646' title='bbox 290 4568 575 4639; x_wconf 88' lang='grc' dir='ltr'>πανταχοῦ</span> <span class='ocrx_word' id='word_1_647' title='bbox 628 4565 911 4629; x_wconf 86' lang='grc' dir='ltr'>διανύσας,</span> <span class='ocrx_word' id='word_1_648' title='bbox 963 4563 1061 4619; x_wconf 80' lang='grc' dir='ltr'>νῦν</span> <span class='ocrx_word' id='word_1_649' title='bbox 1107 4566 1165 4618; x_wconf 66' lang='grc' dir='ltr'>δὲ</span> <span class='ocrx_word' id='word_1_650' title='bbox 1227 4563 1364 4632; x_wconf 64' lang='grc' dir='ltr'>μηδὲ</span> <span class='ocrx_word' id='word_1_651' title='bbox 1421 4564 1559 4632; x_wconf 84' lang='grc' dir='ltr'>πρὸς</span> <span class='ocrx_word' id='word_1_652' title='bbox 1601 4564 1759 4633; x_wconf 77' lang='grc' dir='ltr'>ψιλόν</span> <span class='ocrx_word' id='word_1_653' title='bbox 1803 4583 1864 4618; x_wconf 86' lang='grc' dir='ltr'><strong>τε</strong></span> <span class='ocrx_word' id='word_1_654' title='bbox 1903 4572 1941 4625; x_wconf 89' lang='lat' dir='ltr'><strong>D</strong></span> 
     </span>
    </p>
   </div>
   <div class='ocr_carea' id='block_1_91' title="bbox 1857 4563 3539 4645">
    <p class='ocr_par' dir='ltr' id='par_1_91' title="bbox 1857 4572 3539 4645">
     <span class='ocr_line' id='line_1_91' title="bbox 1857 4572 3539 4645; baseline -0.004 -13"><span class='ocrx_word' id='word_1_655' title='bbox 1857 4585 1864 4617; x_wconf 68' lang='grc' dir='ltr'>ι</span> <span class='ocrx_word' id='word_1_656' title='bbox 1903 4572 1941 4625; x_wconf 83' lang='grc' dir='ltr'>ὓ</span> <span class='ocrx_word' id='word_1_657' title='bbox 1972 4589 2080 4633; x_wconf 87' lang='lat' dir='ltr'><strong>tem</strong></span> <span class='ocrx_word' id='word_1_658' title='bbox 2110 4593 2178 4631; x_wconf 89' lang='lat' dir='ltr'><strong>ne</strong></span> <span class='ocrx_word' id='word_1_659' title='bbox 2206 4577 2356 4630; x_wconf 88' lang='lat' dir='ltr'><strong>nudo</strong></span> <span class='ocrx_word' id='word_1_660' title='bbox 2383 4575 2608 4645; x_wconf 88' lang='lat' dir='ltr'><strong>quidem</strong></span> <span class='ocrx_word' id='word_1_661' title='bbox 2641 4574 2743 4627; x_wconf 90' lang='lat' dir='ltr'><strong>viri</strong></span> <span class='ocrx_word' id='word_1_662' title='bbox 2775 4574 2948 4628; x_wconf 90' lang='lat' dir='ltr'><strong>verbo</strong></span> <span class='ocrx_word' id='word_1_663' title='bbox 3003 4573 3230 4637; x_wconf 84' lang='lat' dir='ltr'><strong>restitit,</strong></span> <span class='ocrx_word' id='word_1_664' title='bbox 3270 4573 3366 4627; x_wconf 88' lang='lat' dir='ltr'><strong>sed</strong></span> <span class='ocrx_word' id='word_1_665' title='bbox 3400 4574 3539 4628; x_wconf 74' lang='lat' dir='ltr'><strong>adeo</strong></span> 
     </span>
    </p>
   </div>
   <div class='ocr_carea' id='block_1_92' title="bbox 294 4656 1976 4734">
    <p class='ocr_par' dir='ltr' id='par_1_92' title="bbox 294 4656 1976 4734">
     <span class='ocr_line' id='line_1_92' title="bbox 294 4656 1976 4734; baseline -0.004 -18"><span class='ocrx_word' id='word_1_666' title='bbox 294 4666 450 4734; x_wconf 69' lang='grc' dir='ltr'>ῥῆμα</span> <span class='ocrx_word' id='word_1_667' title='bbox 474 4661 630 4716; x_wconf 80' lang='grc' dir='ltr'>τοῦδε</span> <span class='ocrx_word' id='word_1_668' title='bbox 663 4659 760 4713; x_wconf 76' lang='grc' dir='ltr'>τοῦ</span> <span class='ocrx_word' id='word_1_669' title='bbox 791 4659 987 4730; x_wconf 79' lang='grc' dir='ltr'>ἀνδρὸς</span> <span class='ocrx_word' id='word_1_670' title='bbox 1017 4657 1311 4727; x_wconf 76' lang='grc' dir='ltr'>ἀντισχὼν,</span> <span class='ocrx_word' id='word_1_671' title='bbox 1352 4657 1466 4710; x_wconf 78' lang='grc' dir='ltr'>ἀλλ’</span> <span class='ocrx_word' id='word_1_672' title='bbox 1494 4656 1695 4721; x_wconf 80' lang='grc' dir='ltr'>ἀθλίως</span> <span class='ocrx_word' id='word_1_673' title='bbox 1723 4658 1866 4711; x_wconf 77' lang='grc' dir='ltr'>οὕτω</span> <span class='ocrx_word' id='word_1_674' title='bbox 1968 4686 1976 4721; x_wconf 76' lang='grc' dir='ltr'>ι</span> 
     </span>
    </p>
   </div>
   <div class='ocr_carea' id='block_1_93' title="bbox 1856 4656 3538 4734">
    <p class='ocr_par' dir='ltr' id='par_1_93' title="bbox 1856 4665 3538 4734">
     <span class='ocr_line' id='line_1_93' title="bbox 1856 4665 3538 4734; baseline -0.003 -13"><span class='ocrx_word' id='word_1_675' title='bbox 1856 4678 1866 4710; x_wconf 74' lang='grc' dir='ltr'><strong>ι</strong></span> <span class='ocrx_word' id='word_1_676' title='bbox 1968 4669 2167 4722; x_wconf 83' lang='lat' dir='ltr'><strong>misere</strong></span> <span class='ocrx_word' id='word_1_677' title='bbox 2198 4667 2420 4730; x_wconf 81' lang='lat' dir='ltr'><strong>cecidit,</strong></span> <span class='ocrx_word' id='word_1_678' title='bbox 2448 4676 2506 4720; x_wconf 88' lang='lat' dir='ltr'><strong>et</strong></span> <span class='ocrx_word' id='word_1_679' title='bbox 2532 4665 2775 4719; x_wconf 75' lang='lat' dir='ltr'><strong>ostendit</strong></span> <span class='ocrx_word' id='word_1_680' title='bbox 2804 4680 2927 4719; x_wconf 84' lang='lat' dir='ltr'><strong>esse</strong></span> <span class='ocrx_word' id='word_1_681' title='bbox 2975 4665 3251 4734; x_wconf 88' lang='lat' dir='ltr'><strong>jucundas</strong></span> <span class='ocrx_word' id='word_1_682' title='bbox 3303 4665 3538 4725; x_wconf 77' lang='lat' dir='ltr'><strong>fabulas,</strong></span> 
     </span>
    </p>
   </div>
   <div class='ocr_carea' id='block_1_94' title="bbox 292 4749 1974 4828">
    <p class='ocr_par' dir='ltr' id='par_1_94' title="bbox 292 4749 1974 4821">
     <span class='ocr_line' id='line_1_94' title="bbox 292 4749 1974 4821; baseline -0.005 -11"><span class='ocrx_word' id='word_1_683' title='bbox 292 4754 645 4818; x_wconf 83' lang='grc' dir='ltr'>γαταπεσὼν,</span> <span class='ocrx_word' id='word_1_684' title='bbox 697 4754 792 4807; x_wconf 81' lang='grc' dir='ltr'>καὶ</span> <span class='ocrx_word' id='word_1_685' title='bbox 850 4752 1034 4817; x_wconf 75' lang='grc' dir='ltr'>δείξας</span> <span class='ocrx_word' id='word_1_686' title='bbox 1074 4751 1156 4814; x_wconf 82' lang='grc' dir='ltr'>ὡς</span> <span class='ocrx_word' id='word_1_687' title='bbox 1189 4751 1299 4821; x_wconf 72' lang='grc' dir='ltr'><strong>ἄρα</strong></span> <span class='ocrx_word' id='word_1_688' title='bbox 1334 4751 1465 4821; x_wconf 81' lang='grc' dir='ltr'>ἡδὺς</span> <span class='ocrx_word' id='word_1_689' title='bbox 1512 4749 1703 4821; x_wconf 80' lang='grc' dir='ltr'>μῦθος,</span> <span class='ocrx_word' id='word_1_690' title='bbox 1766 4753 1867 4803; x_wconf 86' lang='grc' dir='ltr'>ὅσα</span> <span class='ocrx_word' id='word_1_691' title='bbox 1968 4781 1974 4810; x_wconf 65' lang='grc' dir='ltr'><strong>ε</strong></span> 
     </span>
    </p>
   </div>
   <div class='ocr_carea' id='block_1_95' title="bbox 1854 4749 3536 4828">
    <p class='ocr_par' dir='ltr' id='par_1_95' title="bbox 1854 4754 3536 4828">
     <span class='ocr_line' id='line_1_95' title="bbox 1854 4754 3536 4828; baseline -0.003 -14"><span class='ocrx_word' id='word_1_692' title='bbox 1854 4770 1867 4803; x_wconf 91' lang='grc' dir='ltr'><strong>ι</strong></span> <span class='ocrx_word' id='word_1_693' title='bbox 1968 4775 2093 4828; x_wconf 70' lang='lat' dir='ltr'><strong>qua</strong></span> <span class='ocrx_word' id='word_1_694' title='bbox 2120 4760 2187 4813; x_wconf 77' lang='lat' dir='ltr'><strong>de</strong></span> <span class='ocrx_word' id='word_1_695' title='bbox 2210 4759 2329 4827; x_wconf 83' lang='lat' dir='ltr'><strong>ipso</strong></span> <span class='ocrx_word' id='word_1_696' title='bbox 2354 4765 2413 4811; x_wconf 88' lang='lat' dir='ltr'><strong>et</strong></span> <span class='ocrx_word' id='word_1_697' title='bbox 2428 4756 2549 4811; x_wconf 86' lang='lat' dir='ltr'><strong>aliis</strong></span> <span class='ocrx_word' id='word_1_698' title='bbox 2575 4755 2904 4826; x_wconf 77' lang='lat' dir='ltr'><strong>diisjactata</strong></span> <span class='ocrx_word' id='word_1_699' title='bbox 2948 4764 3079 4811; x_wconf 86' lang='lat' dir='ltr'><strong>sunt</strong></span> <span class='ocrx_word' id='word_1_700' title='bbox 3105 4756 3174 4809; x_wconf 85' lang='lat' dir='ltr'><strong>ab</strong></span> <span class='ocrx_word' id='word_1_701' title='bbox 3201 4754 3536 4809; x_wconf 87' lang='lat' dir='ltr'><strong>hominibus.</strong></span> 
     </span>
    </p>
   </div>
   <div class='ocr_carea' id='block_1_96' title="bbox 179 4839 1867 4914">
    <p class='ocr_par' dir='ltr' id='par_1_96' title="bbox 179 4839 1867 4914">
     <span class='ocr_line' id='line_1_96' title="bbox 179 4839 1867 4914; baseline -0.002 -18"><span class='ocrx_word' id='word_1_702' title='bbox 179 4864 184 4867; x_wconf 93' lang='grc'><strong>·</strong></span> <span class='ocrx_word' id='word_1_703' title='bbox 291 4848 423 4914; x_wconf 72' lang='grc' dir='ltr'>περὶ</span> <span class='ocrx_word' id='word_1_704' title='bbox 454 4843 621 4898; x_wconf 78' lang='grc' dir='ltr'>αὑτοῦ</span> <span class='ocrx_word' id='word_1_705' title='bbox 660 4858 721 4894; x_wconf 88' lang='grc' dir='ltr'><strong>τε</strong></span> <span class='ocrx_word' id='word_1_706' title='bbox 759 4842 857 4894; x_wconf 75' lang='grc' dir='ltr'>καὶ</span> <span class='ocrx_word' id='word_1_707' title='bbox 897 4840 1004 4893; x_wconf 87' lang='grc' dir='ltr'><strong>τῶν</strong></span> <span class='ocrx_word' id='word_1_708' title='bbox 1025 4839 1201 4893; x_wconf 74' lang='grc' dir='ltr'>ἄλλων</span> <span class='ocrx_word' id='word_1_709' title='bbox 1247 4839 1387 4892; x_wconf 85' lang='grc' dir='ltr'>θεῶν</span> <span class='ocrx_word' id='word_1_710' title='bbox 1417 4842 1531 4903; x_wconf 79' lang='grc' dir='ltr'>τοῖς</span> <span class='ocrx_word' id='word_1_711' title='bbox 1558 4840 1867 4910; x_wconf 75' lang='grc' dir='ltr'>ἀνθρώποις</span> 
     </span>
    </p>
   </div>
   <div class='ocr_carea' id='block_1_97' title="bbox 290 4927 1893 5011">
    <p class='ocr_par' dir='ltr' id='par_1_97' title="bbox 290 4927 1893 5011">
     <span class='ocr_line' id='line_1_97' title="bbox 290 4927 1893 5011; baseline -0.004 -21"><span class='ocrx_word' id='word_1_712' title='bbox 290 4935 737 5005; x_wconf 85' lang='grc' dir='ltr'>διατεθρύληται.</span> <span class='ocrx_word' id='word_1_713' title='bbox 773 4932 943 4997; x_wconf 78' lang='grc' dir='ltr'>Αὖθις</span> <span class='ocrx_word' id='word_1_714' title='bbox 970 4927 1064 4986; x_wconf 80' lang='grc' dir='ltr'>οὖν</span> <span class='ocrx_word' id='word_1_715' title='bbox 1096 4934 1127 4985; x_wconf 76' lang='grc' dir='ltr'><strong>δ</strong></span> <span class='ocrx_word' id='word_1_716' title='bbox 1155 4930 1401 5001; x_wconf 84' lang='grc' dir='ltr'>ἡγεμὼν,</span> <span class='ocrx_word' id='word_1_717' title='bbox 1425 4933 1714 5001; x_wconf 74' lang='grc' dir='ltr'>Οὐδαμῶς,</span> <span class='ocrx_word' id='word_1_718' title='bbox 1739 4933 1893 5011; x_wconf 41' lang='grc' dir='ltr'>ἐφηη</span> 
     </span>
    </p>
   </div>
   <div class='ocr_carea' id='block_1_98' title="bbox 292 5019 1864 5093">
    <p class='ocr_par' dir='ltr' id='par_1_98' title="bbox 292 5019 1864 5093">
     <span class='ocr_line' id='line_1_98' title="bbox 292 5019 1864 5093; baseline -0.004 -15"><span class='ocrx_word' id='word_1_719' title='bbox 292 5024 410 5079; x_wconf 82' lang='grc' dir='ltr'>ἀλλ’</span> <span class='ocrx_word' id='word_1_720' title='bbox 461 5025 490 5076; x_wconf 80' lang='grc' dir='ltr'>ὁ</span> <span class='ocrx_word' id='word_1_721' title='bbox 542 5024 642 5093; x_wconf 82' lang='grc' dir='ltr'>τῆς</span> <span class='ocrx_word' id='word_1_722' title='bbox 684 5020 895 5075; x_wconf 69' lang='grc' dir='ltr'>εκείνου</span> <span class='ocrx_word' id='word_1_723' title='bbox 939 5020 1199 5090; x_wconf 78' lang='grc' dir='ltr'>γοητείας</span> <span class='ocrx_word' id='word_1_724' title='bbox 1258 5019 1355 5070; x_wconf 75' lang='grc' dir='ltr'>καὶ</span> <span class='ocrx_word' id='word_1_725' title='bbox 1400 5019 1509 5073; x_wconf 90' lang='grc' dir='ltr'><strong>τῶν</strong></span> <span class='ocrx_word' id='word_1_726' title='bbox 1548 5021 1755 5089; x_wconf 87' lang='grc' dir='ltr'>ὁμοίων</span> <span class='ocrx_word' id='word_1_727' title='bbox 1805 5038 1864 5072; x_wconf 80' lang='grc' dir='ltr'><strong>σε</strong></span> 
     </span>
    </p>
   </div>
   <div class='ocr_carea' id='block_1_99' title="bbox 292 5112 1868 5184">
    <p class='ocr_par' dir='ltr' id='par_1_99' title="bbox 292 5112 1868 5184">
     <span class='ocr_line' id='line_1_99' title="bbox 292 5112 1868 5184; baseline -0.002 -16"><span class='ocrx_word' id='word_1_728' title='bbox 292 5119 542 5184; x_wconf 80' lang='grc' dir='ltr'>τεράτων</span> <span class='ocrx_word' id='word_1_729' title='bbox 567 5120 855 5169; x_wconf 75' lang='grc' dir='ltr'>ἀνέπεισεν</span> <span class='ocrx_word' id='word_1_730' title='bbox 878 5114 1041 5183; x_wconf 70' lang='grc' dir='ltr'>ῑρως,</span> <span class='ocrx_word' id='word_1_731' title='bbox 1071 5114 1318 5182; x_wconf 84' lang='grc' dir='ltr'>οίόμενον</span> <span class='ocrx_word' id='word_1_732' title='bbox 1356 5112 1422 5165; x_wconf 70' lang='grc' dir='ltr'><strong>τὰ</strong></span> <span class='ocrx_word' id='word_1_733' title='bbox 1464 5112 1552 5163; x_wconf 88' lang='grc' dir='ltr'><strong>ίσα</strong></span> <span class='ocrx_word' id='word_1_734' title='bbox 1581 5113 1673 5165; x_wconf 80' lang='grc' dir='ltr'>καὶ</span> <span class='ocrx_word' id='word_1_735' title='bbox 1703 5114 1868 5165; x_wconf 78' lang='grc' dir='ltr'>αὑτὸν</span> 
     </span>
    </p>
   </div>
   <div class='ocr_carea' id='block_1_100' title="bbox 295 5204 1869 5277">
    <p class='ocr_par' dir='ltr' id='par_1_100' title="bbox 295 5204 1869 5277">
     <span class='ocr_line' id='line_1_100' title="bbox 295 5204 1869 5277; baseline -0.005 -13"><span class='ocrx_word' id='word_1_736' title='bbox 295 5208 734 5264; x_wconf 74' lang='grc' dir='ltr'>ἐπιδείκνυσθαι.</span> <span class='ocrx_word' id='word_1_737' title='bbox 801 5207 947 5277; x_wconf 79' lang='grc' dir='ltr'>Πλὴν</span> <span class='ocrx_word' id='word_1_738' title='bbox 1002 5204 1128 5259; x_wconf 75' lang='grc' dir='ltr'>οὔτε</span> <span class='ocrx_word' id='word_1_739' title='bbox 1171 5204 1264 5259; x_wconf 79' lang='grc' dir='ltr'>τὸν</span> <span class='ocrx_word' id='word_1_740' title='bbox 1314 5205 1488 5275; x_wconf 82' lang='grc' dir='ltr'>γόητα</span> <span class='ocrx_word' id='word_1_741' title='bbox 1526 5206 1622 5257; x_wconf 79' lang='grc' dir='ltr'>καὶ</span> <span class='ocrx_word' id='word_1_742' title='bbox 1670 5204 1869 5258; x_wconf 86' lang='grc' dir='ltr'>πλάνον</span> 
     </span>
    </p>
   </div>
   <div class='ocr_carea' id='block_1_101' title="bbox 297 5297 1872 5370">
    <p class='ocr_par' dir='ltr' id='par_1_101' title="bbox 297 5297 1872 5370">
     <span class='ocr_line' id='line_1_101' title="bbox 297 5297 1872 5370; baseline -0.004 -15"><span class='ocrx_word' id='word_1_743' title='bbox 297 5306 533 5362; x_wconf 77' lang='grc' dir='ltr'>ἐκεῖνον.</span> <span class='ocrx_word' id='word_1_744' title='bbox 562 5302 690 5355; x_wconf 81' lang='grc' dir='ltr'>οὔτε</span> <span class='ocrx_word' id='word_1_745' title='bbox 718 5318 779 5354; x_wconf 87' lang='grc' dir='ltr'><strong>σε</strong></span> <span class='ocrx_word' id='word_1_746' title='bbox 809 5300 981 5354; x_wconf 71' lang='grc' dir='ltr'>ταῦτα</span> <span class='ocrx_word' id='word_1_747' title='bbox 1006 5301 1273 5370; x_wconf 84' lang='grc' dir='ltr'>ὀνήσειεν,</span> <span class='ocrx_word' id='word_1_748' title='bbox 1302 5301 1350 5351; x_wconf 85' lang='grc' dir='ltr'><strong>εί</strong></span> <span class='ocrx_word' id='word_1_749' title='bbox 1381 5299 1457 5367; x_wconf 76' lang='grc' dir='ltr'>μὴ</span> <span class='ocrx_word' id='word_1_750' title='bbox 1481 5297 1675 5350; x_wconf 82' lang='grc' dir='ltr'>θᾶττον</span> <span class='ocrx_word' id='word_1_751' title='bbox 1706 5314 1872 5367; x_wconf 86' lang='grc' dir='ltr'>μετα-</span> 
     </span>
    </p>
   </div>
   <div class='ocr_carea' id='block_1_102' title="bbox 298 5388 1872 5461">
    <p class='ocr_par' dir='ltr' id='par_1_102' title="bbox 298 5388 1872 5461">
     <span class='ocr_line' id='line_1_102' title="bbox 298 5388 1872 5461; baseline -0.005 -13"><span class='ocrx_word' id='word_1_752' title='bbox 298 5395 483 5449; x_wconf 79' lang='grc' dir='ltr'>ϐαλὼν</span> <span class='ocrx_word' id='word_1_753' title='bbox 533 5395 618 5461; x_wconf 68' lang='grc' dir='ltr'><strong>ἐφ’</strong></span> <span class='ocrx_word' id='word_1_754' title='bbox 662 5389 743 5456; x_wconf 73' lang='grc' dir='ltr'><strong>οἷς</strong></span> <span class='ocrx_word' id='word_1_755' title='bbox 797 5392 1235 5461; x_wconf 70' lang='grc' dir='ltr'>ἐπλημμέλησας</span> <span class='ocrx_word' id='word_1_756' title='bbox 1291 5391 1390 5452; x_wconf 78' lang='grc' dir='ltr'>τὰς</span> <span class='ocrx_word' id='word_1_757' title='bbox 1445 5388 1715 5460; x_wconf 58' lang='grc' dir='ltr'>προήρας</span> <span class='ocrx_word' id='word_1_758' title='bbox 1781 5389 1872 5441; x_wconf 77' lang='grc' dir='ltr'>καὶ</span> 
     </span>
    </p>
   </div>
   <div class='ocr_carea' id='block_1_103' title="bbox 297 5485 1152 5559">
    <p class='ocr_par' dir='ltr' id='par_1_103' title="bbox 297 5485 1152 5559">
     <span class='ocr_line' id='line_1_103' title="bbox 297 5485 1152 5559; baseline -0.005 -19"><span class='ocrx_word' id='word_1_759' title='bbox 297 5488 471 5559; x_wconf 80' lang='grc' dir='ltr'>τιμὰς</span> <span class='ocrx_word' id='word_1_760' title='bbox 497 5490 611 5550; x_wconf 85' lang='grc' dir='ltr'>τοῖς</span> <span class='ocrx_word' id='word_1_761' title='bbox 646 5487 789 5549; x_wconf 84' lang='grc' dir='ltr'>θεοῖς</span> <span class='ocrx_word' id='word_1_762' title='bbox 818 5485 1094 5555; x_wconf 79' lang='grc' dir='ltr'>άποδῲης.</span> <span class='ocrx_word' id='word_1_763' title='bbox 1148 5555 1152 5559; x_wconf 26' lang='grc'>.</span> 
     </span>
    </p>
   </div>
   <div class='ocr_carea' id='block_1_104' title="bbox 375 5572 1871 5646">
    <p class='ocr_par' dir='ltr' id='par_1_104' title="bbox 375 5572 1871 5646">
     <span class='ocr_line' id='line_1_104' title="bbox 375 5572 1871 5646; baseline -0.003 -14"><span class='ocrx_word' id='word_1_764' title='bbox 375 5580 502 5633; x_wconf 75' lang='lat' dir='ltr'><strong>KA’.</strong></span> <span class='ocrx_word' id='word_1_765' title='bbox 552 5579 611 5631; x_wconf 91' lang='lat'><strong>&#39;0</strong></span> <span class='ocrx_word' id='word_1_766' title='bbox 650 5578 707 5632; x_wconf 68' lang='grc' dir='ltr'>δὲ</span> <span class='ocrx_word' id='word_1_767' title='bbox 762 5578 861 5646; x_wconf 79' lang='grc' dir='ltr'><strong>τὴν</strong></span> <span class='ocrx_word' id='word_1_768' title='bbox 915 5577 1012 5631; x_wconf 81' lang='grc' dir='ltr'>τοῦ</span> <span class='ocrx_word' id='word_1_769' title='bbox 1058 5577 1327 5646; x_wconf 74' lang='grc' dir='ltr'>ἡγεμόνος</span> <span class='ocrx_word' id='word_1_770' title='bbox 1384 5575 1570 5628; x_wconf 74' lang='grc' dir='ltr'>ἄνοιαν</span> <span class='ocrx_word' id='word_1_771' title='bbox 1621 5572 1871 5643; x_wconf 78' lang='grc' dir='ltr'>φανερῶς</span> 
     </span>
    </p>
   </div>
   <div class='ocr_carea' id='block_1_105' title="bbox 301 5666 1875 5742">
    <p class='ocr_par' dir='ltr' id='par_1_105' title="bbox 301 5666 1875 5742">
     <span class='ocr_line' id='line_1_105' title="bbox 301 5666 1875 5742; baseline -0.007 -15"><span class='ocrx_word' id='word_1_772' title='bbox 301 5671 527 5740; x_wconf 64' lang='grc' dir='ltr'>ἐλέγξαι</span> <span class='ocrx_word' id='word_1_773' title='bbox 556 5670 887 5742; x_wconf 85' lang='grc' dir='ltr'>βουλόμενος</span> <span class='ocrx_word' id='word_1_774' title='bbox 921 5670 1062 5741; x_wconf 68' lang='grc' dir='ltr'>(ᾔδει</span> <span class='ocrx_word' id='word_1_775' title='bbox 1092 5669 1229 5739; x_wconf 77' lang='grc' dir='ltr'>γάρ,</span> <span class='ocrx_word' id='word_1_776' title='bbox 1268 5668 1385 5739; x_wconf 71' lang='grc' dir='ltr'>ᾔδει</span> <span class='ocrx_word' id='word_1_777' title='bbox 1436 5667 1623 5735; x_wconf 82' lang='grc' dir='ltr'>σαφῶς</span> <span class='ocrx_word' id='word_1_778' title='bbox 1666 5666 1747 5717; x_wconf 88' lang='grc' dir='ltr'>ὃτι</span> <span class='ocrx_word' id='word_1_779' title='bbox 1784 5666 1875 5717; x_wconf 77' lang='grc' dir='ltr'>καὶ</span> 
     </span>
    </p>
   </div>
   <div class='ocr_carea' id='block_1_106' title="bbox 294 5757 1875 5834">
    <p class='ocr_par' dir='ltr' id='par_1_106' title="bbox 294 5757 1875 5834">
     <span class='ocr_line' id='line_1_106' title="bbox 294 5757 1875 5834; baseline -0.007 -15"><span class='ocrx_word' id='word_1_780' title='bbox 294 5765 454 5834; x_wconf 83' lang='grc' dir='ltr'><strong>αὐτῷ</strong></span> <span class='ocrx_word' id='word_1_781' title='bbox 486 5766 761 5834; x_wconf 67' lang='grc' dir='ltr'>παρέσται</span> <span class='ocrx_word' id='word_1_782' title='bbox 792 5763 1013 5826; x_wconf 78' lang='grc' dir='ltr'>πάντως</span> <span class='ocrx_word' id='word_1_783' title='bbox 1042 5764 1071 5816; x_wconf 80' lang='grc' dir='ltr'>ὁ</span> <span class='ocrx_word' id='word_1_784' title='bbox 1096 5759 1193 5814; x_wconf 81' lang='grc' dir='ltr'><strong>τοῦ</strong></span> <span class='ocrx_word' id='word_1_785' title='bbox 1220 5760 1437 5831; x_wconf 77' lang='grc' dir='ltr'>Θύρσου</span> <span class='ocrx_word' id='word_1_786' title='bbox 1478 5758 1613 5821; x_wconf 81' lang='grc' dir='ltr'>Θεὸς</span> <span class='ocrx_word' id='word_1_787' title='bbox 1662 5758 1759 5810; x_wconf 75' lang='grc' dir='ltr'>καὶ</span> <span class='ocrx_word' id='word_1_788' title='bbox 1805 5757 1875 5809; x_wconf 78' lang='grc' dir='ltr'>τὰ</span> 
     </span>
    </p>
   </div>
   <div class='ocr_carea' id='block_1_107' title="bbox 302 5841 1875 5928">
    <p class='ocr_par' dir='ltr' id='par_1_107' title="bbox 302 5841 1875 5928">
     <span class='ocr_line' id='line_1_107' title="bbox 302 5841 1875 5928; baseline -0.005 -15"><span class='ocrx_word' id='word_1_789' title='bbox 302 5860 484 5914; x_wconf 79' lang='grc' dir='ltr'>οἰκεῖα</span> <span class='ocrx_word' id='word_1_790' title='bbox 526 5857 613 5911; x_wconf 67' lang='grc' dir='ltr'><strong>ἐπ’</strong></span> <span class='ocrx_word' id='word_1_791' title='bbox 657 5855 808 5928; x_wconf 75' lang='grc' dir='ltr'>αὐτῷ</span> <span class='ocrx_word' id='word_1_792' title='bbox 831 5855 999 5921; x_wconf 77' lang='grc' dir='ltr'>δείξει</span> <span class='ocrx_word' id='word_1_793' title='bbox 1031 5852 1344 5926; x_wconf 84' lang='grc' dir='ltr'>τεράστια),</span> <span class='ocrx_word' id='word_1_794' title='bbox 1395 5852 1569 5918; x_wconf 79' lang='grc' dir='ltr'>Ἐπεὶ,</span> <span class='ocrx_word' id='word_1_795' title='bbox 1602 5850 1793 5921; x_wconf 63' lang='grc' dir='ltr'>φησιν,</span> <span class='ocrx_word' id='word_1_796' title='bbox 1830 5841 1875 5905; x_wconf 81' lang='grc' dir='ltr'><strong>ὧ</strong></span> 
     </span>
    </p>
   </div>
   <div class='ocr_carea' id='block_1_108' title="bbox 1971 4846 3537 4918">
    <p class='ocr_par' dir='ltr' id='par_1_108' title="bbox 1971 4846 3537 4918">
     <span class='ocr_line' id='line_1_108' title="bbox 1971 4846 3537 4918; baseline -0.005 -13"><span class='ocrx_word' id='word_1_797' title='bbox 1971 4852 2184 4905; x_wconf 82' lang='lat' dir='ltr'><strong>Rursus</strong></span> <span class='ocrx_word' id='word_1_798' title='bbox 2244 4858 2429 4903; x_wconf 88' lang='lat' dir='ltr'><strong>autem</strong></span> <span class='ocrx_word' id='word_1_799' title='bbox 2480 4862 2683 4918; x_wconf 68' lang='lat' dir='ltr'><strong>prteses</strong></span> <span class='ocrx_word' id='word_1_800' title='bbox 2718 4848 3141 4915; x_wconf 86' lang='lat' dir='ltr'><strong>:Nequaquam,</strong></span> <span class='ocrx_word' id='word_1_801' title='bbox 3207 4846 3408 4914; x_wconf 89' lang='lat' dir='ltr'><strong>inquit,</strong></span> <span class='ocrx_word' id='word_1_802' title='bbox 3443 4847 3537 4897; x_wconf 78' lang='lat' dir='ltr'><strong>sed</strong></span> 
     </span>
    </p>
   </div>
   <div class='ocr_carea' id='block_1_109' title="bbox 1972 4934 3542 5009">
    <p class='ocr_par' dir='ltr' id='par_1_109' title="bbox 1972 4934 3542 5009">
     <span class='ocr_line' id='line_1_109' title="bbox 1972 4934 3542 5009; baseline -0.006 -15"><span class='ocrx_word' id='word_1_803' title='bbox 1972 4942 2123 4994; x_wconf 91' lang='lat' dir='ltr'><strong>illius</strong></span> <span class='ocrx_word' id='word_1_804' title='bbox 2150 4938 2548 5009; x_wconf 67' lang='lat' dir='ltr'><strong>praestigiarum</strong></span> <span class='ocrx_word' id='word_1_805' title='bbox 2585 4946 2643 4992; x_wconf 89' lang='lat' dir='ltr'><strong>et</strong></span> <span class='ocrx_word' id='word_1_806' title='bbox 2687 4936 2950 4990; x_wconf 86' lang='lat' dir='ltr'><strong>similium</strong></span> <span class='ocrx_word' id='word_1_807' title='bbox 2985 4934 3361 5003; x_wconf 89' lang='lat' dir='ltr'><strong>prodigiorum</strong></span> <span class='ocrx_word' id='word_1_808' title='bbox 3386 4947 3542 4986; x_wconf 84' lang='lat' dir='ltr'><strong>amor</strong></span> 
     </span>
    </p>
   </div>
   <div class='ocr_carea' id='block_1_110' title="bbox 1974 5025 3541 5100">
    <p class='ocr_par' dir='ltr' id='par_1_110' title="bbox 1974 5025 3541 5100">
     <span class='ocr_line' id='line_1_110' title="bbox 1974 5025 3541 5100; baseline -0.007 -14"><span class='ocrx_word' id='word_1_809' title='bbox 1974 5032 2026 5086; x_wconf 86' lang='lat' dir='ltr'><strong>id</strong></span> <span class='ocrx_word' id='word_1_810' title='bbox 2076 5032 2171 5085; x_wconf 93' lang='lat' dir='ltr'><strong>tibi</strong></span> <span class='ocrx_word' id='word_1_811' title='bbox 2228 5030 2521 5100; x_wconf 71' lang='lat' dir='ltr'><strong>persuasit,</strong></span> <span class='ocrx_word' id='word_1_812' title='bbox 2569 5028 2972 5082; x_wconf 85' lang='lat' dir='ltr'><strong>existimantem</strong></span> <span class='ocrx_word' id='word_1_813' title='bbox 3019 5025 3257 5092; x_wconf 88' lang='lat' dir='ltr'><strong>teipsum</strong></span> <span class='ocrx_word' id='word_1_814' title='bbox 3321 5037 3541 5091; x_wconf 92' lang='lat' dir='ltr'><strong>quoque</strong></span> 
     </span>
    </p>
   </div>
   <div class='ocr_carea' id='block_1_111' title="bbox 1972 5113 3537 5191">
    <p class='ocr_par' dir='ltr' id='par_1_111' title="bbox 1972 5113 3537 5191">
     <span class='ocr_line' id='line_1_111' title="bbox 1972 5113 3537 5191; baseline -0.008 -15"><span class='ocrx_word' id='word_1_815' title='bbox 1972 5136 2133 5191; x_wconf 81' lang='lat' dir='ltr'><strong>posse</strong></span> <span class='ocrx_word' id='word_1_816' title='bbox 2179 5121 2362 5175; x_wconf 82' lang='lat' dir='ltr'><strong>facere</strong></span> <span class='ocrx_word' id='word_1_817' title='bbox 2417 5119 2640 5172; x_wconf 85' lang='lat' dir='ltr'><strong>similia.</strong></span> <span class='ocrx_word' id='word_1_818' title='bbox 2694 5116 2800 5172; x_wconf 84' lang='lat' dir='ltr'><strong>Sed</strong></span> <span class='ocrx_word' id='word_1_819' title='bbox 2864 5130 3042 5184; x_wconf 88' lang='lat' dir='ltr'><strong>neque</strong></span> <span class='ocrx_word' id='word_1_820' title='bbox 3086 5113 3537 5183; x_wconf 65' lang='lat' dir='ltr'><strong>prrstigiatorem</strong></span> 
     </span>
    </p>
   </div>
   <div class='ocr_carea' id='block_1_112' title="bbox 1973 5204 3539 5280">
    <p class='ocr_par' dir='ltr' id='par_1_112' title="bbox 1973 5204 3539 5280">
     <span class='ocr_line' id='line_1_112' title="bbox 1973 5204 3539 5280; baseline -0.008 -13"><span class='ocrx_word' id='word_1_821' title='bbox 1973 5215 2125 5267; x_wconf 90' lang='lat' dir='ltr'><strong>illum</strong></span> <span class='ocrx_word' id='word_1_822' title='bbox 2171 5222 2227 5267; x_wconf 89' lang='lat' dir='ltr'><strong>et</strong></span> <span class='ocrx_word' id='word_1_823' title='bbox 2275 5213 2516 5280; x_wconf 86' lang='lat' dir='ltr'><strong>planum,</strong></span> <span class='ocrx_word' id='word_1_824' title='bbox 2572 5224 2747 5277; x_wconf 88' lang='lat' dir='ltr'><strong>neque</strong></span> <span class='ocrx_word' id='word_1_825' title='bbox 2800 5209 2914 5261; x_wconf 63' lang='lat' dir='ltr'><strong>hac</strong></span> <span class='ocrx_word' id='word_1_826' title='bbox 2956 5216 3006 5260; x_wconf 87' lang='lat' dir='ltr'><strong>te</strong></span> <span class='ocrx_word' id='word_1_827' title='bbox 3045 5206 3311 5275; x_wconf 69' lang='lat' dir='ltr'><strong>iuverint,</strong></span> <span class='ocrx_word' id='word_1_828' title='bbox 3352 5204 3454 5255; x_wconf 90' lang='lat' dir='ltr'><strong>nisi</strong></span> <span class='ocrx_word' id='word_1_829' title='bbox 3488 5215 3539 5254; x_wconf 88' lang='lat' dir='ltr'><strong>te</strong></span> 
     </span>
    </p>
   </div>
   <div class='ocr_carea' id='block_1_113' title="bbox 1975 5297 3542 5372">
    <p class='ocr_par' dir='ltr' id='par_1_113' title="bbox 1975 5297 3542 5372">
     <span class='ocr_line' id='line_1_113' title="bbox 1975 5297 3542 5372; baseline -0.006 -13"><span class='ocrx_word' id='word_1_830' title='bbox 1975 5314 2195 5359; x_wconf 89' lang='lat' dir='ltr'><strong>tuorum</strong></span> <span class='ocrx_word' id='word_1_831' title='bbox 2232 5304 2495 5372; x_wconf 72' lang='lat' dir='ltr'><strong>paeniteat</strong></span> <span class='ocrx_word' id='word_1_832' title='bbox 2544 5302 2895 5360; x_wconf 89' lang='lat' dir='ltr'><strong>delictorum,</strong></span> <span class='ocrx_word' id='word_1_833' title='bbox 2936 5306 2992 5353; x_wconf 88' lang='lat' dir='ltr'><strong>ct</strong></span> <span class='ocrx_word' id='word_1_834' title='bbox 3020 5298 3281 5364; x_wconf 80' lang='lat' dir='ltr'><strong>pristinos</strong></span> <span class='ocrx_word' id='word_1_835' title='bbox 3307 5297 3542 5351; x_wconf 81' lang='lat' dir='ltr'><strong>honores</strong></span> 
     </span>
    </p>
   </div>
   <div class='ocr_carea' id='block_1_114' title="bbox 1975 5394 2639 5451">
    <p class='ocr_par' dir='ltr' id='par_1_114' title="bbox 1975 5394 2639 5451">
     <span class='ocr_line' id='line_1_114' title="bbox 1975 5394 2639 5451; baseline -0.008 0"><span class='ocrx_word' id='word_1_836' title='bbox 1975 5412 2166 5451; x_wconf 87' lang='lat' dir='ltr'><strong>rursus</strong></span> <span class='ocrx_word' id='word_1_837' title='bbox 2190 5396 2293 5449; x_wconf 78' lang='lat' dir='ltr'><strong>dits</strong></span> <span class='ocrx_word' id='word_1_838' title='bbox 2315 5394 2639 5449; x_wconf 72' lang='lat' dir='ltr'><strong>reddideris.</strong></span> 
     </span>
    </p>
   </div>
   <div class='ocr_carea' id='block_1_115' title="bbox 2048 5565 3541 5637">
    <p class='ocr_par' dir='ltr' id='par_1_115' title="bbox 2048 5565 3541 5637">
     <span class='ocr_line' id='line_1_115' title="bbox 2048 5565 3541 5637; baseline -0.005 -13"><span class='ocrx_word' id='word_1_839' title='bbox 2048 5570 2234 5624; x_wconf 84' lang='lat' dir='ltr'><strong>XXIV.</strong></span> <span class='ocrx_word' id='word_1_840' title='bbox 2275 5568 2365 5621; x_wconf 88' lang='lat' dir='ltr'><strong>Ille</strong></span> <span class='ocrx_word' id='word_1_841' title='bbox 2407 5584 2539 5622; x_wconf 87' lang='lat' dir='ltr'><strong>vero</strong></span> <span class='ocrx_word' id='word_1_842' title='bbox 2569 5568 2754 5621; x_wconf 80' lang='lat' dir='ltr'><strong>volens</strong></span> <span class='ocrx_word' id='word_1_843' title='bbox 2796 5576 2984 5637; x_wconf 86' lang='lat' dir='ltr'><strong>aperte</strong></span> <span class='ocrx_word' id='word_1_844' title='bbox 3012 5566 3341 5620; x_wconf 85' lang='lat' dir='ltr'><strong>convincere</strong></span> <span class='ocrx_word' id='word_1_845' title='bbox 3391 5565 3541 5633; x_wconf 87' lang='lat' dir='ltr'><strong>igno-</strong></span> 
     </span>
    </p>
   </div>
   <div class='ocr_carea' id='block_1_116' title="bbox 1979 5655 3541 5729">
    <p class='ocr_par' dir='ltr' id='par_1_116' title="bbox 1979 5655 3541 5729">
     <span class='ocr_line' id='line_1_116' title="bbox 1979 5655 3541 5729; baseline -0.008 -13"><span class='ocrx_word' id='word_1_846' title='bbox 1979 5665 2211 5716; x_wconf 79' lang='lat' dir='ltr'><strong>rantiam</strong></span> <span class='ocrx_word' id='word_1_847' title='bbox 2246 5661 2495 5729; x_wconf 77' lang='lat' dir='ltr'><strong>pnesidis</strong></span> <span class='ocrx_word' id='word_1_848' title='bbox 2552 5659 2784 5723; x_wconf 85' lang='lat' dir='ltr'><strong>(sciebat</strong></span> <span class='ocrx_word' id='word_1_849' title='bbox 2829 5658 2978 5711; x_wconf 89' lang='lat' dir='ltr'><strong>enim</strong></span> <span class='ocrx_word' id='word_1_850' title='bbox 3015 5667 3223 5725; x_wconf 84' lang='lat' dir='ltr'><strong>aperte,</strong></span> <span class='ocrx_word' id='word_1_851' title='bbox 3254 5656 3460 5708; x_wconf 74' lang='lat' dir='ltr'><strong>scit-hat</strong></span> <span class='ocrx_word' id='word_1_852' title='bbox 3494 5655 3541 5705; x_wconf 90' lang='lat' dir='ltr'><strong>ci</strong></span> 
     </span>
    </p>
   </div>
   <div class='ocr_carea' id='block_1_117' title="bbox 1977 5749 3545 5822">
    <p class='ocr_par' dir='ltr' id='par_1_117' title="bbox 1977 5749 3545 5822">
     <span class='ocr_line' id='line_1_117' title="bbox 1977 5749 3545 5822; baseline -0.006 -15"><span class='ocrx_word' id='word_1_853' title='bbox 1977 5766 2198 5822; x_wconf 84' lang='lat' dir='ltr'><strong>quoque</strong></span> <span class='ocrx_word' id='word_1_854' title='bbox 2254 5753 2572 5807; x_wconf 76' lang='lat' dir='ltr'><strong>adiuturum</strong></span> <span class='ocrx_word' id='word_1_855' title='bbox 2632 5750 2828 5821; x_wconf 84' lang='lat' dir='ltr'><strong>Tbyrsi</strong></span> <span class='ocrx_word' id='word_1_856' title='bbox 2882 5749 3087 5814; x_wconf 88' lang='lat' dir='ltr'><strong>Deum,</strong></span> <span class='ocrx_word' id='word_1_857' title='bbox 3128 5758 3183 5801; x_wconf 85' lang='lat' dir='ltr'><strong>et</strong></span> <span class='ocrx_word' id='word_1_858' title='bbox 3213 5764 3311 5801; x_wconf 89' lang='lat' dir='ltr'><strong>sua</strong></span> <span class='ocrx_word' id='word_1_859' title='bbox 3342 5750 3545 5799; x_wconf 88' lang='lat' dir='ltr'><strong>incum</strong></span> 
     </span>
    </p>
   </div>
   <div class='ocr_carea' id='block_1_118' title="bbox 1977 5844 3541 5917">
    <p class='ocr_par' dir='ltr' id='par_1_118' title="bbox 1977 5844 3541 5917">
     <span class='ocr_line' id='line_1_118' title="bbox 1977 5844 3541 5917; baseline -0.006 -14"><span class='ocrx_word' id='word_1_860' title='bbox 1977 5856 2329 5903; x_wconf 84' lang='lat' dir='ltr'><strong>ostensurum</strong></span> <span class='ocrx_word' id='word_1_861' title='bbox 2368 5844 2638 5917; x_wconf 85' lang='lat' dir='ltr'><strong>prodigia)</strong></span> <span class='ocrx_word' id='word_1_862' title='bbox 2668 5862 2680 5898; x_wconf 90' lang='lat'><strong>:</strong></span> <span class='ocrx_word' id='word_1_863' title='bbox 2714 5844 3227 5913; x_wconf 80' lang='lat' dir='ltr'><strong>Quonam,inquit,</strong></span> <span class='ocrx_word' id='word_1_864' title='bbox 3261 5858 3293 5896; x_wconf 86' lang='grc' dir='ltr'><strong>ο</strong></span> <span class='ocrx_word' id='word_1_865' title='bbox 3317 5855 3541 5911; x_wconf 69' lang='lat' dir='ltr'><strong>prtcses.</strong></span> 
     </span>
    </p>
   </div>
  </div>
