  <div class='ocr_page' id='page_1' title='image "/cluster/home/n/w/nwhite01/storage/ocr_20150623/116/nnc1.0046980156/307.png"; bbox 0 0 4252 6440; ppageno 0'>
   <div class='ocr_carea' id='block_1_1' title="bbox 781 384 884 443">
    <p class='ocr_par' dir='ltr' id='par_1_1' title="bbox 781 384 884 443">
     <span class='ocr_line' id='line_1_1' title="bbox 781 384 884 443; baseline -0.019 -3"><span class='ocrx_word' id='word_1_1' title='bbox 781 384 884 443; x_wconf 64' lang='grc'><strong>535</strong></span> 
     </span>
    </p>
   </div>
   <div class='ocr_carea' id='block_1_2' title="bbox 2005 390 2768 458">
    <p class='ocr_par' dir='ltr' id='par_1_2' title="bbox 2005 390 2768 458">
     <span class='ocr_line' id='line_1_2' title="bbox 2005 390 2768 458; baseline 0.013 -11"><span class='ocrx_word' id='word_1_2' title='bbox 2005 390 2290 450; x_wconf 67' lang='grc' dir='ltr'><strong>ΜΕΝδΙδ</strong></span> <span class='ocrx_word' id='word_1_3' title='bbox 2336 393 2768 458; x_wconf 72' lang='lat' dir='ltr'><strong>DECEMBER.</strong></span> 
     </span>
    </p>
   </div>
   <div class='ocr_carea' id='block_1_3' title="bbox 3919 387 4026 453">
    <p class='ocr_par' dir='ltr' id='par_1_3' title="bbox 3919 387 4026 453">
     <span class='ocr_line' id='line_1_3' title="bbox 3919 387 4026 453; baseline -0.037 0"><span class='ocrx_word' id='word_1_4' title='bbox 3919 387 4026 453; x_wconf 85' lang='lat'><strong>536</strong></span> 
     </span>
    </p>
   </div>
   <div class='ocr_carea' id='block_1_4' title="bbox 781 493 2460 570">
    <p class='ocr_par' dir='ltr' id='par_1_4' title="bbox 781 493 2460 566">
     <span class='ocr_line' id='line_1_4' title="bbox 781 493 2460 566; baseline 0.005 -22"><span class='ocrx_word' id='word_1_5' title='bbox 781 509 887 544; x_wconf 78' lang='lat' dir='ltr'><strong>non</strong></span> <span class='ocrx_word' id='word_1_6' title='bbox 923 503 1065 547; x_wconf 86' lang='lat' dir='ltr'><strong>recte</strong></span> <span class='ocrx_word' id='word_1_7' title='bbox 1099 493 1194 547; x_wconf 84' lang='lat' dir='ltr'><strong>tibi</strong></span> <span class='ocrx_word' id='word_1_8' title='bbox 1248 509 1304 550; x_wconf 85' lang='lat' dir='ltr'><strong>se</strong></span> <span class='ocrx_word' id='word_1_9' title='bbox 1342 494 1509 550; x_wconf 99' lang='lat' dir='ltr'><strong>habet</strong></span> <span class='ocrx_word' id='word_1_10' title='bbox 1560 511 1785 564; x_wconf 90' lang='lat' dir='ltr'><strong>corpus,</strong></span> <span class='ocrx_word' id='word_1_11' title='bbox 1818 508 1873 550; x_wconf 90' lang='lat' dir='ltr'><strong>et</strong></span> <span class='ocrx_word' id='word_1_12' title='bbox 1919 506 2080 566; x_wconf 86' lang='lat' dir='ltr'><strong>putas</strong></span> <span class='ocrx_word' id='word_1_13' title='bbox 2109 513 2195 552; x_wconf 88' lang='lat' dir='ltr'><strong>me</strong></span> <span class='ocrx_word' id='word_1_14' title='bbox 2247 498 2344 552; x_wconf 86' lang='lat' dir='ltr'><strong>de-</strong></span> <span class='ocrx_word' id='word_1_15' title='bbox 2380 505 2422 558; x_wconf 83' lang='grc' dir='ltr'><strong>Α</strong></span> <span class='ocrx_word' id='word_1_16' title='bbox 2455 518 2460 530; x_wconf 92' lang='grc'><strong>·</strong></span> 
     </span>
    </p>
   </div>
   <div class='ocr_carea' id='block_1_5' title="bbox 2347 493 4026 570">
    <p class='ocr_par' dir='ltr' id='par_1_5' title="bbox 2380 496 4026 570">
     <span class='ocr_line' id='line_1_5' title="bbox 2380 496 4026 570; baseline -0.005 -12"><span class='ocrx_word' id='word_1_17' title='bbox 2380 505 2422 558; x_wconf 84' lang='grc' dir='ltr'><strong>Α</strong></span> <span class='ocrx_word' id='word_1_18' title='bbox 2455 501 2703 569; x_wconf 85' lang='grc' dir='ltr'><strong>ἡγεμὼν.</strong></span> <span class='ocrx_word' id='word_1_19' title='bbox 2739 501 3044 570; x_wconf 79' lang='grc' dir='ltr'><strong>ἀνωμάλως</strong></span> <span class='ocrx_word' id='word_1_20' title='bbox 3077 502 3190 570; x_wconf 78' lang='grc' dir='ltr'><strong>ἔχει</strong></span> <span class='ocrx_word' id='word_1_21' title='bbox 3237 519 3317 554; x_wconf 89' lang='grc' dir='ltr'><strong>σοι</strong></span> <span class='ocrx_word' id='word_1_22' title='bbox 3358 502 3425 554; x_wconf 78' lang='grc' dir='ltr'><strong>τὰ</strong></span> <span class='ocrx_word' id='word_1_23' title='bbox 3472 499 3568 552; x_wconf 80' lang='grc' dir='ltr'><strong>τοὸ</strong></span> <span class='ocrx_word' id='word_1_24' title='bbox 3622 499 3896 566; x_wconf 67' lang='grc' dir='ltr'><strong>σώματος,</strong></span> <span class='ocrx_word' id='word_1_25' title='bbox 3922 496 4026 550; x_wconf 82' lang='grc' dir='ltr'><strong>οίει</strong></span> 
     </span>
    </p>
   </div>
   <div class='ocr_carea' id='block_1_6' title="bbox 780 585 2345 656">
    <p class='ocr_par' dir='ltr' id='par_1_6' title="bbox 780 585 2345 656">
     <span class='ocr_line' id='line_1_6' title="bbox 780 585 2345 656; baseline 0.006 -21"><span class='ocrx_word' id='word_1_26' title='bbox 780 597 997 652; x_wconf 79' lang='lat' dir='ltr'><strong>ceptum</strong></span> <span class='ocrx_word' id='word_1_27' title='bbox 1053 601 1174 640; x_wconf 88' lang='lat' dir='ltr'><strong>esse</strong></span> <span class='ocrx_word' id='word_1_28' title='bbox 1222 585 1496 656; x_wconf 77' lang='lat' dir='ltr'><strong>ﬁgmentis</strong></span> <span class='ocrx_word' id='word_1_29' title='bbox 1549 599 1604 643; x_wconf 89' lang='lat' dir='ltr'><strong>et</strong></span> <span class='ocrx_word' id='word_1_30' title='bbox 1639 588 1772 643; x_wconf 83' lang='lat' dir='ltr'><strong>visis</strong></span> <span class='ocrx_word' id='word_1_31' title='bbox 1825 607 1838 643; x_wconf 92' lang='lat'><strong>:</strong></span> <span class='ocrx_word' id='word_1_32' title='bbox 1894 590 2244 652; x_wconf 87' lang='lat' dir='ltr'><strong>accedamus.</strong></span> <span class='ocrx_word' id='word_1_33' title='bbox 2301 592 2345 645; x_wconf 91' lang='lat' dir='ltr'><strong>si</strong></span> 
     </span>
    </p>
   </div>
   <div class='ocr_carea' id='block_1_7' title="bbox 780 677 2349 749">
    <p class='ocr_par' dir='ltr' id='par_1_7' title="bbox 780 677 2349 749">
     <span class='ocr_line' id='line_1_7' title="bbox 780 677 2349 749; baseline 0.007 -26"><span class='ocrx_word' id='word_1_34' title='bbox 780 678 1014 736; x_wconf 78' lang='lat' dir='ltr'><strong>\‘ldcllll&#39;,</strong></span> <span class='ocrx_word' id='word_1_35' title='bbox 1047 677 1110 729; x_wconf 91' lang='lat' dir='ltr'><strong>ad</strong></span> <span class='ocrx_word' id='word_1_36' title='bbox 1140 692 1394 745; x_wconf 79' lang='lat' dir='ltr'><strong>magnum</strong></span> <span class='ocrx_word' id='word_1_37' title='bbox 1445 678 1842 749; x_wconf 61' lang='lat' dir='ltr'><strong>Esculapium,</strong></span> <span class='ocrx_word' id='word_1_38' title='bbox 1894 691 1949 735; x_wconf 90' lang='lat' dir='ltr'><strong>et</strong></span> <span class='ocrx_word' id='word_1_39' title='bbox 1983 683 2349 736; x_wconf 80' lang='lat' dir='ltr'><strong>communiter</strong></span> 
     </span>
    </p>
   </div>
   <div class='ocr_carea' id='block_1_8' title="bbox 778 767 2345 839">
    <p class='ocr_par' dir='ltr' id='par_1_8' title="bbox 778 767 2345 839">
     <span class='ocr_line' id='line_1_8' title="bbox 778 767 2345 839; baseline 0.008 -23"><span class='ocrx_word' id='word_1_40' title='bbox 778 767 1153 829; x_wconf 72' lang='lat' dir='ltr'><strong>tlltSCCl&#39;elllUS.</strong></span> <span class='ocrx_word' id='word_1_41' title='bbox 1216 780 1268 824; x_wconf 93' lang='lat' dir='ltr'><strong>ut</strong></span> <span class='ocrx_word' id='word_1_42' title='bbox 1304 771 1556 824; x_wconf 87' lang='lat' dir='ltr'><strong>morbum</strong></span> <span class='ocrx_word' id='word_1_43' title='bbox 1627 774 1726 826; x_wconf 90' lang='lat' dir='ltr'><strong>tibi</strong></span> <span class='ocrx_word' id='word_1_44' title='bbox 1754 774 1932 839; x_wconf 86' lang='lat' dir='ltr'><strong>sedet,</strong></span> <span class='ocrx_word' id='word_1_45' title='bbox 1988 785 2044 829; x_wconf 92' lang='lat' dir='ltr'><strong>et</strong></span> <span class='ocrx_word' id='word_1_46' title='bbox 2097 775 2345 829; x_wconf 89' lang='lat' dir='ltr'><strong>libereta</strong></span> 
     </span>
    </p>
   </div>
   <div class='ocr_carea' id='block_1_9' title="bbox 777 859 2346 935">
    <p class='ocr_par' dir='ltr' id='par_1_9' title="bbox 777 859 2346 935">
     <span class='ocr_line' id='line_1_9' title="bbox 777 859 2346 935; baseline 0.008 -28"><span class='ocrx_word' id='word_1_47' title='bbox 777 859 1060 911; x_wconf 71' lang='lat' dir='ltr'><strong>doloribus</strong></span> <span class='ocrx_word' id='word_1_48' title='bbox 1093 877 1104 912; x_wconf 93' lang='lat'><strong>:</strong></span> <span class='ocrx_word' id='word_1_49' title='bbox 1135 870 1189 914; x_wconf 88' lang='lat' dir='ltr'><strong>et</strong></span> <span class='ocrx_word' id='word_1_50' title='bbox 1227 871 1356 916; x_wconf 91' lang='lat' dir='ltr'><strong>tunc</strong></span> <span class='ocrx_word' id='word_1_51' title='bbox 1388 863 1532 916; x_wconf 62' lang='lat' dir='ltr'><strong>scies</strong></span> <span class='ocrx_word' id='word_1_52' title='bbox 1562 866 1697 917; x_wconf 85' lang='lat' dir='ltr'><strong>nihil</strong></span> <span class='ocrx_word' id='word_1_53' title='bbox 1728 866 1956 919; x_wconf 85' lang='lat' dir='ltr'><strong>omnino</strong></span> <span class='ocrx_word' id='word_1_54' title='bbox 1989 866 2212 935; x_wconf 81' lang='lat' dir='ltr'><strong>ﬁngere,</strong></span> <span class='ocrx_word' id='word_1_55' title='bbox 2244 882 2346 920; x_wconf 86' lang='lat' dir='ltr'><strong>nec</strong></span> 
     </span>
    </p>
   </div>
   <div class='ocr_carea' id='block_1_10' title="bbox 779 950 2346 1025">
    <p class='ocr_par' dir='ltr' id='par_1_10' title="bbox 779 950 2346 1025">
     <span class='ocr_line' id='line_1_10' title="bbox 779 950 2346 1025; baseline 0.009 -27"><span class='ocrx_word' id='word_1_56' title='bbox 779 950 983 1001; x_wconf 66' lang='lat' dir='ltr'><strong>\‘isione</strong></span> <span class='ocrx_word' id='word_1_57' title='bbox 1009 952 1308 1020; x_wconf 88' lang='lat' dir='ltr'><strong>quidquam</strong></span> <span class='ocrx_word' id='word_1_58' title='bbox 1341 955 1759 1023; x_wconf 80' lang='lat' dir='ltr'><strong>apprehendere</strong></span> <span class='ocrx_word' id='word_1_59' title='bbox 1808 958 1939 1009; x_wconf 87' lang='lat' dir='ltr'><strong>mihi</strong></span> <span class='ocrx_word' id='word_1_60' title='bbox 1977 973 2217 1025; x_wconf 81' lang='lat' dir='ltr'><strong>unquam</strong></span> <span class='ocrx_word' id='word_1_61' title='bbox 2247 974 2346 1012; x_wconf 87' lang='lat' dir='ltr'><strong>ve-</strong></span> 
     </span>
    </p>
   </div>
   <div class='ocr_carea' id='block_1_11' title="bbox 781 1041 2345 1115">
    <p class='ocr_par' dir='ltr' id='par_1_11' title="bbox 781 1041 2345 1115">
     <span class='ocr_line' id='line_1_11' title="bbox 781 1041 2345 1115; baseline 0.009 -24"><span class='ocrx_word' id='word_1_62' title='bbox 781 1041 923 1094; x_wconf 74' lang='lat' dir='ltr'><strong>nisse</strong></span> <span class='ocrx_word' id='word_1_63' title='bbox 950 1043 1002 1094; x_wconf 94' lang='lat' dir='ltr'><strong>iu</strong></span> <span class='ocrx_word' id='word_1_64' title='bbox 1031 1053 1282 1097; x_wconf 80' lang='lat' dir='ltr'><strong>mentem.</strong></span> <span class='ocrx_word' id='word_1_65' title='bbox 1314 1045 1516 1099; x_wconf 87' lang='lat' dir='ltr'><strong>Eorum</strong></span> <span class='ocrx_word' id='word_1_66' title='bbox 1543 1062 1692 1115; x_wconf 78' lang='lat' dir='ltr'><strong>ergo,</strong></span> <span class='ocrx_word' id='word_1_67' title='bbox 1721 1064 1842 1115; x_wconf 71' lang='lat' dir='ltr'><strong>qua:</strong></span> <span class='ocrx_word' id='word_1_68' title='bbox 1883 1048 2230 1113; x_wconf 76' lang='lat' dir='ltr'><strong>dicebantur,</strong></span> <span class='ocrx_word' id='word_1_69' title='bbox 2255 1051 2345 1105; x_wconf 89' lang='lat' dir='ltr'><strong>ille</strong></span> 
     </span>
    </p>
   </div>
   <div class='ocr_carea' id='block_1_12' title="bbox 781 1131 2342 1206">
    <p class='ocr_par' dir='ltr' id='par_1_12' title="bbox 781 1131 2342 1206">
     <span class='ocr_line' id='line_1_12' title="bbox 781 1131 2342 1206; baseline 0.008 -24"><span class='ocrx_word' id='word_1_70' title='bbox 781 1131 999 1185; x_wconf 89' lang='lat' dir='ltr'><strong>modum</strong></span> <span class='ocrx_word' id='word_1_71' title='bbox 1032 1149 1137 1186; x_wconf 92' lang='lat' dir='ltr'><strong>non</strong></span> <span class='ocrx_word' id='word_1_72' title='bbox 1195 1135 1524 1204; x_wconf 76' lang='lat' dir='ltr'><strong>intelligens,</strong></span> <span class='ocrx_word' id='word_1_73' title='bbox 1556 1139 1651 1190; x_wconf 90' lang='lat' dir='ltr'><strong>sed</strong></span> <span class='ocrx_word' id='word_1_74' title='bbox 1705 1139 1818 1192; x_wconf 84' lang='lat' dir='ltr'><strong>haec</strong></span> <span class='ocrx_word' id='word_1_75' title='bbox 1848 1139 2172 1206; x_wconf 79' lang='lat' dir='ltr'><strong>simpliciter</strong></span> <span class='ocrx_word' id='word_1_76' title='bbox 2199 1140 2342 1194; x_wconf 89' lang='lat' dir='ltr'><strong>dicta</strong></span> 
     </span>
    </p>
   </div>
   <div class='ocr_carea' id='block_1_13' title="bbox 779 1225 2344 1299">
    <p class='ocr_par' dir='ltr' id='par_1_13' title="bbox 779 1225 2344 1299">
     <span class='ocr_line' id='line_1_13' title="bbox 779 1225 2344 1299; baseline 0.008 -23"><span class='ocrx_word' id='word_1_77' title='bbox 779 1239 896 1276; x_wconf 81' lang='lat' dir='ltr'><strong>esse</strong></span> <span class='ocrx_word' id='word_1_78' title='bbox 927 1225 1222 1289; x_wconf 86' lang='lat' dir='ltr'><strong>arbitrans,</strong></span> <span class='ocrx_word' id='word_1_79' title='bbox 1276 1238 1332 1281; x_wconf 88' lang='lat' dir='ltr'><strong>et</strong></span> <span class='ocrx_word' id='word_1_80' title='bbox 1358 1229 1466 1297; x_wconf 87' lang='lat' dir='ltr'><strong>jam</strong></span> <span class='ocrx_word' id='word_1_81' title='bbox 1500 1228 1825 1283; x_wconf 80' lang='lat' dir='ltr'><strong>Callinicum</strong></span> <span class='ocrx_word' id='word_1_82' title='bbox 1858 1234 2036 1299; x_wconf 89' lang='lat' dir='ltr'><strong>aliqua</strong></span> <span class='ocrx_word' id='word_1_83' title='bbox 2079 1233 2201 1286; x_wconf 91' lang='lat' dir='ltr'><strong>duci</strong></span> <span class='ocrx_word' id='word_1_84' title='bbox 2229 1248 2344 1299; x_wconf 75' lang='lat' dir='ltr'><strong>pm-</strong></span> 
     </span>
    </p>
   </div>
   <div class='ocr_carea' id='block_1_14' title="bbox 775 1316 2343 1393">
    <p class='ocr_par' dir='ltr' id='par_1_14' title="bbox 775 1316 2343 1393">
     <span class='ocr_line' id='line_1_14' title="bbox 775 1316 2343 1393; baseline 0.01 -28"><span class='ocrx_word' id='word_1_85' title='bbox 775 1316 1027 1379; x_wconf 86' lang='lat' dir='ltr'><strong>uitentia,</strong></span> <span class='ocrx_word' id='word_1_86' title='bbox 1063 1335 1186 1370; x_wconf 91' lang='lat' dir='ltr'><strong>eum</strong></span> <span class='ocrx_word' id='word_1_87' title='bbox 1224 1322 1406 1373; x_wconf 77' lang='lat' dir='ltr'><strong>statim</strong></span> <span class='ocrx_word' id='word_1_88' title='bbox 1455 1338 1763 1387; x_wconf 80' lang='lat' dir='ltr'><strong>assumens,</strong></span> <span class='ocrx_word' id='word_1_89' title='bbox 1829 1324 1984 1378; x_wconf 58' lang='lat' dir='ltr'><strong>ltetus</strong></span> <span class='ocrx_word' id='word_1_90' title='bbox 2016 1327 2254 1393; x_wconf 80' lang='lat' dir='ltr'><strong>perrexit</strong></span> <span class='ocrx_word' id='word_1_91' title='bbox 2276 1327 2343 1381; x_wconf 88' lang='lat' dir='ltr'><strong>ad</strong></span> 
     </span>
    </p>
   </div>
   <div class='ocr_carea' id='block_1_15' title="bbox 780 1411 2344 1484">
    <p class='ocr_par' dir='ltr' id='par_1_15' title="bbox 780 1411 2344 1484">
     <span class='ocr_line' id='line_1_15' title="bbox 780 1411 2344 1484; baseline 0.01 -27"><span class='ocrx_word' id='word_1_92' title='bbox 780 1411 1059 1477; x_wconf 72' lang='lat' dir='ltr'><strong>templum.</strong></span> <span class='ocrx_word' id='word_1_93' title='bbox 1084 1411 1377 1481; x_wconf 83' lang='lat' dir='ltr'><strong>Postquam</strong></span> <span class='ocrx_word' id='word_1_94' title='bbox 1398 1425 1579 1467; x_wconf 88' lang='lat' dir='ltr'><strong>autem</strong></span> <span class='ocrx_word' id='word_1_95' title='bbox 1607 1413 1836 1484; x_wconf 80' lang='lat' dir='ltr'><strong>ingressi</strong></span> <span class='ocrx_word' id='word_1_96' title='bbox 1855 1426 1982 1469; x_wconf 79' lang='lat' dir='ltr'><strong>sunt</strong></span> <span class='ocrx_word' id='word_1_97' title='bbox 2008 1418 2344 1473; x_wconf 81' lang='lat' dir='ltr'><strong>exsecranda</strong></span> 
     </span>
    </p>
   </div>
   <div class='ocr_carea' id='block_1_16' title="bbox 778 1503 2343 1570">
    <p class='ocr_par' dir='ltr' id='par_1_16' title="bbox 778 1503 2343 1570">
     <span class='ocr_line' id='line_1_16' title="bbox 778 1503 2343 1570; baseline 0.009 -18"><span class='ocrx_word' id='word_1_98' title='bbox 778 1503 866 1553; x_wconf 75' lang='lat' dir='ltr'><strong>illa</strong></span> <span class='ocrx_word' id='word_1_99' title='bbox 903 1503 1085 1570; x_wconf 77' lang='lat' dir='ltr'><strong>adyta,</strong></span> <span class='ocrx_word' id='word_1_100' title='bbox 1119 1515 1299 1558; x_wconf 87' lang='lat' dir='ltr'><strong>mente</strong></span> <span class='ocrx_word' id='word_1_101' title='bbox 1327 1514 1538 1560; x_wconf 85' lang='lat' dir='ltr'><strong>attenta</strong></span> <span class='ocrx_word' id='word_1_102' title='bbox 1579 1505 1876 1562; x_wconf 90' lang='lat' dir='ltr'><strong>Callinicus</strong></span> <span class='ocrx_word' id='word_1_103' title='bbox 1909 1527 1920 1562; x_wconf 88' lang='lat'>:</span> <span class='ocrx_word' id='word_1_104' title='bbox 1955 1510 2184 1563; x_wconf 92' lang='lat' dir='ltr'><strong>Domine</strong></span> <span class='ocrx_word' id='word_1_105' title='bbox 2209 1511 2343 1567; x_wconf 85' lang='lat' dir='ltr'><strong>Jcsu</strong></span> 
     </span>
    </p>
   </div>
   <div class='ocr_carea' id='block_1_17' title="bbox 774 1595 2341 1673">
    <p class='ocr_par' dir='ltr' id='par_1_17' title="bbox 774 1595 2341 1673">
     <span class='ocr_line' id='line_1_17' title="bbox 774 1595 2341 1673; baseline 0.006 -25"><span class='ocrx_word' id='word_1_106' title='bbox 774 1595 1010 1659; x_wconf 84' lang='lat' dir='ltr'><strong>Christe,</strong></span> <span class='ocrx_word' id='word_1_107' title='bbox 1043 1598 1238 1665; x_wconf 85' lang='lat' dir='ltr'><strong>inquit,</strong></span> <span class='ocrx_word' id='word_1_108' title='bbox 1277 1598 1371 1668; x_wconf 92' lang='lat' dir='ltr'><strong>qui</strong></span> <span class='ocrx_word' id='word_1_109' title='bbox 1401 1615 1496 1667; x_wconf 89' lang='lat' dir='ltr'><strong>per</strong></span> <span class='ocrx_word' id='word_1_110' title='bbox 1560 1599 1824 1653; x_wconf 81' lang='lat' dir='ltr'><strong>famulum</strong></span> <span class='ocrx_word' id='word_1_111' title='bbox 1885 1610 2035 1654; x_wconf 91' lang='lat' dir='ltr'><strong>tuum</strong></span> <span class='ocrx_word' id='word_1_112' title='bbox 2070 1601 2341 1673; x_wconf 86' lang='lat' dir='ltr'><strong>Thyrsqu</strong></span> 
     </span>
    </p>
   </div>
   <div class='ocr_carea' id='block_1_18' title="bbox 775 1690 2342 1763">
    <p class='ocr_par' dir='ltr' id='par_1_18' title="bbox 775 1690 2342 1763">
     <span class='ocr_line' id='line_1_18' title="bbox 775 1690 2342 1763; baseline 0.008 -26"><span class='ocrx_word' id='word_1_113' title='bbox 775 1707 802 1737; x_wconf 79' lang='lat' dir='ltr'><strong>:l</strong></span> <span class='ocrx_word' id='word_1_114' title='bbox 844 1704 928 1740; x_wconf 89' lang='lat' dir='ltr'><strong>me</strong></span> <span class='ocrx_word' id='word_1_115' title='bbox 959 1690 1176 1756; x_wconf 80' lang='lat' dir='ltr'><strong>agnitus</strong></span> <span class='ocrx_word' id='word_1_116' title='bbox 1222 1690 1369 1744; x_wconf 70' lang='lat' dir='ltr'><strong>fuisti</strong></span> <span class='ocrx_word' id='word_1_117' title='bbox 1411 1707 1577 1745; x_wconf 86' lang='lat' dir='ltr'><strong>verus</strong></span> <span class='ocrx_word' id='word_1_118' title='bbox 1615 1692 1779 1754; x_wconf 86' lang='lat' dir='ltr'><strong>Dens,</strong></span> <span class='ocrx_word' id='word_1_119' title='bbox 1814 1694 1906 1761; x_wconf 91' lang='lat' dir='ltr'><strong>qui</strong></span> <span class='ocrx_word' id='word_1_120' title='bbox 1943 1709 2050 1759; x_wconf 91' lang='lat' dir='ltr'><strong>me,</strong></span> <span class='ocrx_word' id='word_1_121' title='bbox 2092 1696 2186 1763; x_wconf 90' lang='lat' dir='ltr'><strong>qui</strong></span> <span class='ocrx_word' id='word_1_122' title='bbox 2217 1696 2342 1748; x_wconf 85' lang='lat' dir='ltr'><strong>mil-</strong></span> 
     </span>
    </p>
   </div>
   <div class='ocr_carea' id='block_1_19' title="bbox 776 1780 2340 1857">
    <p class='ocr_par' dir='ltr' id='par_1_19' title="bbox 776 1780 2340 1857">
     <span class='ocr_line' id='line_1_19' title="bbox 776 1780 2340 1857; baseline 0.005 -25"><span class='ocrx_word' id='word_1_123' title='bbox 776 1780 879 1834; x_wconf 83' lang='lat' dir='ltr'><strong>lies</strong></span> <span class='ocrx_word' id='word_1_124' title='bbox 917 1792 964 1833; x_wconf 85' lang='lat' dir='ltr'><strong>te</strong></span> <span class='ocrx_word' id='word_1_125' title='bbox 999 1782 1228 1844; x_wconf 78' lang='lat' dir='ltr'><strong>offendi,</strong></span> <span class='ocrx_word' id='word_1_126' title='bbox 1277 1792 1332 1836; x_wconf 91' lang='lat' dir='ltr'><strong>et</strong></span> <span class='ocrx_word' id='word_1_127' title='bbox 1381 1783 1552 1854; x_wconf 76' lang='lat' dir='ltr'><strong>legem</strong></span> <span class='ocrx_word' id='word_1_128' title='bbox 1594 1792 1738 1838; x_wconf 88' lang='lat' dir='ltr'><strong>tuam</strong></span> <span class='ocrx_word' id='word_1_129' title='bbox 1784 1801 1904 1838; x_wconf 88' lang='lat' dir='ltr'><strong>sum</strong></span> <span class='ocrx_word' id='word_1_130' title='bbox 1943 1794 2340 1857; x_wconf 78' lang='lat' dir='ltr'><strong>transgressus,</strong></span> 
     </span>
    </p>
   </div>
   <div class='ocr_carea' id='block_1_20' title="bbox 777 1876 2339 1945">
    <p class='ocr_par' dir='ltr' id='par_1_20' title="bbox 777 1876 2339 1945">
     <span class='ocr_line' id='line_1_20' title="bbox 777 1876 2339 1945; baseline 0.005 -21"><span class='ocrx_word' id='word_1_131' title='bbox 777 1889 883 1925; x_wconf 82' lang='lat' dir='ltr'><strong>non</strong></span> <span class='ocrx_word' id='word_1_132' title='bbox 920 1876 1188 1942; x_wconf 77' lang='lat' dir='ltr'><strong>repulisti,</strong></span> <span class='ocrx_word' id='word_1_133' title='bbox 1221 1885 1278 1929; x_wconf 91' lang='lat' dir='ltr'><strong>tu</strong></span> <span class='ocrx_word' id='word_1_134' title='bbox 1318 1892 1538 1945; x_wconf 92' lang='lat' dir='ltr'><strong>quoque</strong></span> <span class='ocrx_word' id='word_1_135' title='bbox 1591 1893 1754 1945; x_wconf 75' lang='lat' dir='ltr'><strong>surge</strong></span> <span class='ocrx_word' id='word_1_136' title='bbox 1801 1894 1948 1932; x_wconf 90' lang='lat' dir='ltr'><strong>nunc</strong></span> <span class='ocrx_word' id='word_1_137' title='bbox 1982 1880 2047 1931; x_wconf 90' lang='lat' dir='ltr'><strong>ad</strong></span> <span class='ocrx_word' id='word_1_138' title='bbox 2074 1880 2339 1932; x_wconf 73' lang='lat' dir='ltr'><strong>auxilium</strong></span> 
     </span>
    </p>
   </div>
   <div class='ocr_carea' id='block_1_21' title="bbox 777 1969 2340 2040">
    <p class='ocr_par' dir='ltr' id='par_1_21' title="bbox 777 1969 2340 2040">
     <span class='ocr_line' id='line_1_21' title="bbox 777 1969 2340 2040; baseline 0.006 -23"><span class='ocrx_word' id='word_1_139' title='bbox 777 1981 979 2029; x_wconf 88' lang='lat' dir='ltr'><strong>meum,</strong></span> <span class='ocrx_word' id='word_1_140' title='bbox 1009 1978 1061 2020; x_wconf 87' lang='lat' dir='ltr'><strong>et</strong></span> <span class='ocrx_word' id='word_1_141' title='bbox 1095 1969 1148 2020; x_wconf 93' lang='lat' dir='ltr'><strong>in</strong></span> <span class='ocrx_word' id='word_1_142' title='bbox 1183 1984 1268 2022; x_wconf 90' lang='lat' dir='ltr'><strong>me</strong></span> <span class='ocrx_word' id='word_1_143' title='bbox 1315 1985 1536 2038; x_wconf 87' lang='lat' dir='ltr'><strong>quoque</strong></span> <span class='ocrx_word' id='word_1_144' title='bbox 1580 1987 1776 2025; x_wconf 85' lang='lat' dir='ltr'><strong>rursus</strong></span> <span class='ocrx_word' id='word_1_145' title='bbox 1808 1981 1955 2025; x_wconf 89' lang='lat' dir='ltr'><strong>tuam</strong></span> <span class='ocrx_word' id='word_1_146' title='bbox 1983 1971 2211 2026; x_wconf 86' lang='lat' dir='ltr'><strong>ostende</strong></span> <span class='ocrx_word' id='word_1_147' title='bbox 2245 1987 2340 2040; x_wconf 83' lang='lat' dir='ltr'><strong>po-</strong></span> 
     </span>
    </p>
   </div>
   <div class='ocr_carea' id='block_1_22' title="bbox 777 2060 2341 2133">
    <p class='ocr_par' dir='ltr' id='par_1_22' title="bbox 777 2060 2341 2133">
     <span class='ocr_line' id='line_1_22' title="bbox 777 2060 2341 2133; baseline 0.004 -22"><span class='ocrx_word' id='word_1_148' title='bbox 777 2060 1022 2113; x_wconf 83' lang='lat' dir='ltr'><strong>tentiam.</strong></span> <span class='ocrx_word' id='word_1_149' title='bbox 1060 2060 1180 2115; x_wconf 70' lang='lat' dir='ltr'><strong>llaec</strong></span> <span class='ocrx_word' id='word_1_150' title='bbox 1212 2063 1444 2125; x_wconf 90' lang='lat' dir='ltr'><strong>dicebat,</strong></span> <span class='ocrx_word' id='word_1_151' title='bbox 1476 2071 1530 2117; x_wconf 90' lang='lat' dir='ltr'><strong>et</strong></span> <span class='ocrx_word' id='word_1_152' title='bbox 1557 2078 1686 2118; x_wconf 89' lang='lat' dir='ltr'><strong>ecce</strong></span> <span class='ocrx_word' id='word_1_153' title='bbox 1719 2079 1820 2117; x_wconf 77' lang='lat' dir='ltr'><strong>vox</strong></span> <span class='ocrx_word' id='word_1_154' title='bbox 1851 2065 2101 2133; x_wconf 67' lang='lat' dir='ltr'><strong>quasdam</strong></span> <span class='ocrx_word' id='word_1_155' title='bbox 2128 2079 2195 2119; x_wconf 81' lang='lat' dir='ltr'><strong>ex</strong></span> <span class='ocrx_word' id='word_1_156' title='bbox 2232 2064 2341 2118; x_wconf 83' lang='lat' dir='ltr'><strong>alto</strong></span> 
     </span>
    </p>
   </div>
   <div class='ocr_carea' id='block_1_23' title="bbox 774 2152 2338 2226">
    <p class='ocr_par' dir='ltr' id='par_1_23' title="bbox 774 2152 2338 2226">
     <span class='ocr_line' id='line_1_23' title="bbox 774 2152 2338 2226; baseline 0.003 -22"><span class='ocrx_word' id='word_1_157' title='bbox 774 2152 1120 2218; x_wconf 81' lang='lat' dir='ltr'><strong>audiebatur,</strong></span> <span class='ocrx_word' id='word_1_158' title='bbox 1157 2170 1278 2222; x_wconf 65' lang='lat' dir='ltr'><strong>quae</strong></span> <span class='ocrx_word' id='word_1_159' title='bbox 1315 2165 1370 2209; x_wconf 89' lang='lat' dir='ltr'><strong>et</strong></span> <span class='ocrx_word' id='word_1_160' title='bbox 1393 2157 1512 2226; x_wconf 86' lang='lat' dir='ltr'><strong>ejus</strong></span> <span class='ocrx_word' id='word_1_161' title='bbox 1555 2157 1740 2209; x_wconf 91' lang='lat' dir='ltr'><strong>animo</strong></span> <span class='ocrx_word' id='word_1_162' title='bbox 1770 2156 2004 2210; x_wconf 82' lang='lat' dir='ltr'><strong>addebat</strong></span> <span class='ocrx_word' id='word_1_163' title='bbox 2030 2155 2338 2219; x_wconf 86' lang='lat' dir='ltr'><strong>audaciam,</strong></span> 
     </span>
    </p>
   </div>
   <div class='ocr_carea' id='block_1_24' title="bbox 773 2247 2340 2318">
    <p class='ocr_par' dir='ltr' id='par_1_24' title="bbox 773 2247 2340 2318">
     <span class='ocr_line' id='line_1_24' title="bbox 773 2247 2340 2318; baseline 0.003 -20"><span class='ocrx_word' id='word_1_164' title='bbox 773 2256 829 2298; x_wconf 87' lang='lat' dir='ltr'><strong>et</strong></span> <span class='ocrx_word' id='word_1_165' title='bbox 855 2247 1130 2300; x_wconf 75' lang='lat' dir='ltr'><strong>excitabat</strong></span> <span class='ocrx_word' id='word_1_166' title='bbox 1161 2247 1226 2300; x_wconf 86' lang='lat' dir='ltr'><strong>ad</strong></span> <span class='ocrx_word' id='word_1_167' title='bbox 1280 2248 1529 2302; x_wconf 85' lang='lat' dir='ltr'><strong>bravium</strong></span> <span class='ocrx_word' id='word_1_168' title='bbox 1582 2265 1836 2318; x_wconf 67' lang='lat' dir='ltr'><strong>superna:</strong></span> <span class='ocrx_word' id='word_1_169' title='bbox 1888 2250 2215 2304; x_wconf 86' lang='lat' dir='ltr'><strong>vocationis.</strong></span> <span class='ocrx_word' id='word_1_170' title='bbox 2244 2249 2340 2303; x_wconf 82' lang='lat' dir='ltr'><strong>ille</strong></span> 
     </span>
    </p>
   </div>
   <div class='ocr_carea' id='block_1_25' title="bbox 774 2343 2341 2411">
    <p class='ocr_par' dir='ltr' id='par_1_25' title="bbox 774 2343 2341 2411">
     <span class='ocr_line' id='line_1_25' title="bbox 774 2343 2341 2411; baseline 0.005 -21"><span class='ocrx_word' id='word_1_171' title='bbox 774 2347 978 2402; x_wconf 84' lang='lat' dir='ltr'><strong>autem,</strong></span> <span class='ocrx_word' id='word_1_172' title='bbox 1005 2355 1126 2394; x_wconf 87' lang='lat' dir='ltr'><strong>cum</strong></span> <span class='ocrx_word' id='word_1_173' title='bbox 1153 2357 1215 2393; x_wconf 84' lang='lat' dir='ltr'><strong>ex</strong></span> <span class='ocrx_word' id='word_1_174' title='bbox 1244 2358 1311 2395; x_wconf 88' lang='lat' dir='ltr'><strong>eo</strong></span> <span class='ocrx_word' id='word_1_175' title='bbox 1333 2351 1480 2396; x_wconf 87' lang='lat' dir='ltr'><strong>esset</strong></span> <span class='ocrx_word' id='word_1_176' title='bbox 1508 2344 1748 2411; x_wconf 89' lang='lat' dir='ltr'><strong>repletus</strong></span> <span class='ocrx_word' id='word_1_177' title='bbox 1773 2343 2024 2408; x_wconf 89' lang='lat' dir='ltr'><strong>audacia,</strong></span> <span class='ocrx_word' id='word_1_178' title='bbox 2055 2353 2110 2398; x_wconf 91' lang='lat' dir='ltr'><strong>et</strong></span> <span class='ocrx_word' id='word_1_179' title='bbox 2140 2360 2341 2398; x_wconf 78' lang='lat' dir='ltr'><strong>nomen</strong></span> 
     </span>
    </p>
   </div>
   <div class='ocr_carea' id='block_1_26' title="bbox 775 2430 2313 2492">
    <p class='ocr_par' dir='ltr' id='par_1_26' title="bbox 775 2430 2313 2492">
     <span class='ocr_line' id='line_1_26' title="bbox 775 2430 2313 2492; baseline 0.005 -12"><span class='ocrx_word' id='word_1_180' title='bbox 775 2430 978 2482; x_wconf 80' lang='lat' dir='ltr'><strong>Christi</strong></span> <span class='ocrx_word' id='word_1_181' title='bbox 1010 2443 1155 2486; x_wconf 82' lang='lat' dir='ltr'><strong>esset</strong></span> <span class='ocrx_word' id='word_1_182' title='bbox 1188 2432 1406 2492; x_wconf 68' lang='lat' dir='ltr'><strong>effatus.</strong></span> <span class='ocrx_word' id='word_1_183' title='bbox 1459 2434 1820 2490; x_wconf 77' lang='lat' dir='ltr'><strong>vehementer</strong></span> <span class='ocrx_word' id='word_1_184' title='bbox 1853 2447 1909 2490; x_wconf 90' lang='lat' dir='ltr'><strong>et</strong></span> <span class='ocrx_word' id='word_1_185' title='bbox 1938 2436 2228 2490; x_wconf 83' lang='lat' dir='ltr'><strong>minaciter</strong></span> <span class='ocrx_word' id='word_1_186' title='bbox 2261 2437 2313 2488; x_wconf 92' lang='lat' dir='ltr'><strong>in</strong></span> 
     </span>
    </p>
   </div>
   <div class='ocr_carea' id='block_1_27' title="bbox 777 2524 2336 2598">
    <p class='ocr_par' dir='ltr' id='par_1_27' title="bbox 777 2524 2336 2598">
     <span class='ocr_line' id='line_1_27' title="bbox 777 2524 2336 2598; baseline 0.002 -22"><span class='ocrx_word' id='word_1_187' title='bbox 777 2535 967 2591; x_wconf 82' lang='lat' dir='ltr'><strong>crepat</strong></span> <span class='ocrx_word' id='word_1_188' title='bbox 997 2524 1357 2579; x_wconf 80' lang='lat' dir='ltr'><strong>simulacrum</strong></span> <span class='ocrx_word' id='word_1_189' title='bbox 1414 2525 1740 2598; x_wconf 65' lang='lat' dir='ltr'><strong>IEsculapii.</strong></span> <span class='ocrx_word' id='word_1_190' title='bbox 1772 2529 1943 2583; x_wconf 90' lang='lat' dir='ltr'><strong>Tanta</strong></span> <span class='ocrx_word' id='word_1_191' title='bbox 1995 2544 2125 2582; x_wconf 74' lang='lat' dir='ltr'><strong>vero</strong></span> <span class='ocrx_word' id='word_1_192' title='bbox 2157 2538 2336 2582; x_wconf 80' lang='lat' dir='ltr'><strong>statua</strong></span> 
     </span>
    </p>
   </div>
   <div class='ocr_carea' id='block_1_28' title="bbox 779 2618 2342 2688">
    <p class='ocr_par' dir='ltr' id='par_1_28' title="bbox 779 2618 2342 2688">
     <span class='ocr_line' id='line_1_28' title="bbox 779 2618 2342 2688; baseline 0.005 -22"><span class='ocrx_word' id='word_1_193' title='bbox 779 2630 1002 2680; x_wconf 70' lang='lat' dir='ltr'><strong>parvam</strong></span> <span class='ocrx_word' id='word_1_194' title='bbox 1036 2633 1143 2669; x_wconf 86' lang='lat' dir='ltr'><strong>non</strong></span> <span class='ocrx_word' id='word_1_195' title='bbox 1175 2618 1298 2670; x_wconf 86' lang='lat' dir='ltr'><strong>tulit</strong></span> <span class='ocrx_word' id='word_1_196' title='bbox 1351 2619 1808 2688; x_wconf 84' lang='lat' dir='ltr'><strong>increpationetn,</strong></span> <span class='ocrx_word' id='word_1_197' title='bbox 1840 2623 1934 2675; x_wconf 89' lang='lat' dir='ltr'><strong>sed</strong></span> <span class='ocrx_word' id='word_1_198' title='bbox 1979 2620 2162 2675; x_wconf 89' lang='lat' dir='ltr'><strong>statim</strong></span> <span class='ocrx_word' id='word_1_199' title='bbox 2195 2621 2342 2674; x_wconf 88' lang='lat' dir='ltr'><strong>cadit</strong></span> 
     </span>
    </p>
   </div>
   <div class='ocr_carea' id='block_1_29' title="bbox 777 2706 2341 2781">
    <p class='ocr_par' dir='ltr' id='par_1_29' title="bbox 777 2706 2341 2781">
     <span class='ocr_line' id='line_1_29' title="bbox 777 2706 2341 2781; baseline 0.006 -24"><span class='ocrx_word' id='word_1_200' title='bbox 777 2706 841 2757; x_wconf 82' lang='lat' dir='ltr'><strong>ad</strong></span> <span class='ocrx_word' id='word_1_201' title='bbox 889 2708 1040 2762; x_wconf 89' lang='lat' dir='ltr'><strong>illius</strong></span> <span class='ocrx_word' id='word_1_202' title='bbox 1091 2707 1277 2776; x_wconf 82' lang='lat' dir='ltr'><strong>pedes.</strong></span> <span class='ocrx_word' id='word_1_203' title='bbox 1326 2711 1554 2778; x_wconf 84' lang='lat' dir='ltr'><strong>perinde</strong></span> <span class='ocrx_word' id='word_1_204' title='bbox 1583 2728 1648 2766; x_wconf 86' lang='lat' dir='ltr'><strong>ac</strong></span> <span class='ocrx_word' id='word_1_205' title='bbox 1691 2713 1734 2767; x_wconf 92' lang='lat' dir='ltr'><strong>si</strong></span> <span class='ocrx_word' id='word_1_206' title='bbox 1766 2713 2015 2781; x_wconf 65' lang='lat' dir='ltr'><strong>quazdam</strong></span> <span class='ocrx_word' id='word_1_207' title='bbox 2068 2728 2261 2766; x_wconf 87' lang='lat' dir='ltr'><strong>manus</strong></span> <span class='ocrx_word' id='word_1_208' title='bbox 2291 2713 2341 2766; x_wconf 92' lang='lat' dir='ltr'><strong>ci</strong></span> 
     </span>
    </p>
   </div>
   <div class='ocr_carea' id='block_1_30' title="bbox 778 2798 2344 2873">
    <p class='ocr_par' dir='ltr' id='par_1_30' title="bbox 778 2798 2344 2873">
     <span class='ocr_line' id='line_1_30' title="bbox 778 2798 2344 2873; baseline 0.003 -23"><span class='ocrx_word' id='word_1_209' title='bbox 778 2798 888 2852; x_wconf 68' lang='lat' dir='ltr'><strong>vim</strong></span> <span class='ocrx_word' id='word_1_210' title='bbox 921 2801 1214 2855; x_wconf 85' lang='lat' dir='ltr'><strong>attulisset.</strong></span> <span class='ocrx_word' id='word_1_211' title='bbox 1242 2803 1320 2854; x_wconf 87' lang='lat' dir='ltr'><strong>Ad</strong></span> <span class='ocrx_word' id='word_1_212' title='bbox 1355 2804 1640 2871; x_wconf 69' lang='lat' dir='ltr'><strong>prtcsitlem</strong></span> <span class='ocrx_word' id='word_1_213' title='bbox 1667 2806 1848 2873; x_wconf 89' lang='lat' dir='ltr'><strong>itaque</strong></span> <span class='ocrx_word' id='word_1_214' title='bbox 1883 2806 2103 2858; x_wconf 80' lang='lat' dir='ltr'><strong>intuens</strong></span> <span class='ocrx_word' id='word_1_215' title='bbox 2123 2805 2344 2859; x_wconf 71' lang='lat' dir='ltr'><strong>Callini-</strong></span> 
     </span>
    </p>
   </div>
   <div class='ocr_carea' id='block_1_31' title="bbox 778 2891 2341 2966">
    <p class='ocr_par' dir='ltr' id='par_1_31' title="bbox 778 2891 2341 2966">
     <span class='ocr_line' id='line_1_31' title="bbox 778 2891 2341 2966; baseline 0.004 -22"><span class='ocrx_word' id='word_1_216' title='bbox 778 2908 874 2945; x_wconf 87' lang='lat' dir='ltr'><strong>eus</strong></span> <span class='ocrx_word' id='word_1_217' title='bbox 909 2909 921 2943; x_wconf 93' lang='lat'>:</span> <span class='ocrx_word' id='word_1_218' title='bbox 959 2891 1078 2954; x_wconf 84' lang='lat' dir='ltr'><strong>llic,</strong></span> <span class='ocrx_word' id='word_1_219' title='bbox 1104 2892 1302 2961; x_wconf 89' lang='lat' dir='ltr'><strong>inquit,</strong></span> <span class='ocrx_word' id='word_1_220' title='bbox 1339 2910 1448 2947; x_wconf 88' lang='lat' dir='ltr'><strong>non</strong></span> <span class='ocrx_word' id='word_1_221' title='bbox 1483 2895 1687 2962; x_wconf 88' lang='lat' dir='ltr'><strong>poterit</strong></span> <span class='ocrx_word' id='word_1_222' title='bbox 1719 2895 1940 2964; x_wconf 89' lang='lat' dir='ltr'><strong>quidem</strong></span> <span class='ocrx_word' id='word_1_223' title='bbox 1967 2912 2209 2966; x_wconf 74' lang='lat' dir='ltr'><strong>surgere,</strong></span> <span class='ocrx_word' id='word_1_224' title='bbox 2238 2899 2341 2950; x_wconf 87' lang='lat' dir='ltr'><strong>nisi</strong></span> 
     </span>
    </p>
   </div>
   <div class='ocr_carea' id='block_1_32' title="bbox 777 2986 2344 3058">
    <p class='ocr_par' dir='ltr' id='par_1_32' title="bbox 777 2986 2344 3058">
     <span class='ocr_line' id='line_1_32' title="bbox 777 2986 2344 3058; baseline 0.003 -21"><span class='ocrx_word' id='word_1_225' title='bbox 777 2986 826 3037; x_wconf 85' lang='lat' dir='ltr'><strong>ei</strong></span> <span class='ocrx_word' id='word_1_226' title='bbox 863 2999 1076 3037; x_wconf 86' lang='lat' dir='ltr'><strong>manum</strong></span> <span class='ocrx_word' id='word_1_227' title='bbox 1117 2986 1415 3052; x_wconf 72' lang='lat' dir='ltr'><strong>przebneris</strong></span> <span class='ocrx_word' id='word_1_228' title='bbox 1438 2987 1764 3056; x_wconf 89' lang='lat' dir='ltr'><strong>adjntricem</strong></span> <span class='ocrx_word' id='word_1_229' title='bbox 1804 3005 1818 3052; x_wconf 90' lang='lat'><strong><em>;</em></strong></span> <span class='ocrx_word' id='word_1_230' title='bbox 1848 2988 2070 3057; x_wconf 81' lang='lat' dir='ltr'><strong>adspice</strong></span> <span class='ocrx_word' id='word_1_231' title='bbox 2101 3004 2255 3058; x_wconf 73' lang='lat' dir='ltr'><strong>ergo,</strong></span> <span class='ocrx_word' id='word_1_232' title='bbox 2290 2999 2344 3042; x_wconf 92' lang='lat' dir='ltr'><strong>et</strong></span> 
     </span>
    </p>
   </div>
   <div class='ocr_carea' id='block_1_33' title="bbox 778 3080 2346 3150">
    <p class='ocr_par' dir='ltr' id='par_1_33' title="bbox 778 3080 2346 3150">
     <span class='ocr_line' id='line_1_33' title="bbox 778 3080 2346 3150; baseline 0.004 -22"><span class='ocrx_word' id='word_1_233' title='bbox 778 3091 1045 3145; x_wconf 72' lang='lat' dir='ltr'><strong>cognosce</strong></span> <span class='ocrx_word' id='word_1_234' title='bbox 1091 3093 1198 3131; x_wconf 91' lang='lat' dir='ltr'><strong>non</strong></span> <span class='ocrx_word' id='word_1_235' title='bbox 1242 3095 1363 3134; x_wconf 84' lang='lat' dir='ltr'><strong>esse</strong></span> <span class='ocrx_word' id='word_1_236' title='bbox 1408 3080 1708 3150; x_wconf 68' lang='lat' dir='ltr'><strong>praestigias</strong></span> <span class='ocrx_word' id='word_1_237' title='bbox 1748 3095 1846 3134; x_wconf 89' lang='lat' dir='ltr'><strong>nec</strong></span> <span class='ocrx_word' id='word_1_238' title='bbox 1875 3091 2073 3146; x_wconf 89' lang='lat' dir='ltr'><strong>artem,</strong></span> <span class='ocrx_word' id='word_1_239' title='bbox 2103 3097 2222 3149; x_wconf 73' lang='lat' dir='ltr'><strong>quae</strong></span> <span class='ocrx_word' id='word_1_240' title='bbox 2249 3080 2346 3134; x_wconf 81' lang='lat' dir='ltr'><strong>ad-</strong></span> 
     </span>
    </p>
   </div>
   <div class='ocr_carea' id='block_1_34' title="bbox 2450 591 4023 662">
    <p class='ocr_par' dir='ltr' id='par_1_34' title="bbox 2450 591 4023 662">
     <span class='ocr_line' id='line_1_34' title="bbox 2450 591 4023 662; baseline -0.002 -18"><span class='ocrx_word' id='word_1_241' title='bbox 2450 592 2508 644; x_wconf 81' lang='grc' dir='ltr'><strong>δὲ</strong></span> <span class='ocrx_word' id='word_1_242' title='bbox 2539 592 2685 660; x_wconf 76' lang='grc' dir='ltr'><strong>κάμὲ</strong></span> <span class='ocrx_word' id='word_1_243' title='bbox 2723 593 3010 662; x_wconf 78' lang='grc' dir='ltr'><strong>πλάσμασι</strong></span> <span class='ocrx_word' id='word_1_244' title='bbox 3036 610 3179 645; x_wconf 88' lang='grc' dir='ltr'><strong>τισιν</strong></span> <span class='ocrx_word' id='word_1_245' title='bbox 3207 594 3528 662; x_wconf 61' lang='grc' dir='ltr'><strong>⁴ίγπαιτιῑγσθαι</strong></span> <span class='ocrx_word' id='word_1_246' title='bbox 3557 593 3652 643; x_wconf 70' lang='grc' dir='ltr'><strong>καὶ</strong></span> <span class='ocrx_word' id='word_1_247' title='bbox 3678 591 4023 658; x_wconf 73' lang='grc' dir='ltr'><strong>φαντασίαις,</strong></span> 
     </span>
    </p>
   </div>
   <div class='ocr_carea' id='block_1_35' title="bbox 2452 681 4028 755">
    <p class='ocr_par' dir='ltr' id='par_1_35' title="bbox 2452 681 4028 755">
     <span class='ocr_line' id='line_1_35' title="bbox 2452 681 4028 755; baseline -0.003 -18"><span class='ocrx_word' id='word_1_248' title='bbox 2452 685 2870 754; x_wconf 71' lang='grc' dir='ltr'><strong>προσέλθωμεν,</strong></span> <span class='ocrx_word' id='word_1_249' title='bbox 2906 687 2955 738; x_wconf 82' lang='grc' dir='ltr'><strong>εί</strong></span> <span class='ocrx_word' id='word_1_250' title='bbox 2988 686 3155 748; x_wconf 83' lang='grc' dir='ltr'><strong>δοκεῖ,</strong></span> <span class='ocrx_word' id='word_1_251' title='bbox 3204 685 3285 753; x_wconf 83' lang='grc' dir='ltr'><strong>τῷ</strong></span> <span class='ocrx_word' id='word_1_252' title='bbox 3319 685 3544 755; x_wconf 78' lang='grc' dir='ltr'><strong>μεγάλῳ</strong></span> <span class='ocrx_word' id='word_1_253' title='bbox 3575 681 3911 751; x_wconf 78' lang='grc' dir='ltr'><strong>Ἀσκληπιῷ,</strong></span> <span class='ocrx_word' id='word_1_254' title='bbox 3931 682 4028 733; x_wconf 78' lang='grc' dir='ltr'><strong>καὶ</strong></span> 
     </span>
    </p>
   </div>
   <div class='ocr_carea' id='block_1_36' title="bbox 2449 772 4029 849">
    <p class='ocr_par' dir='ltr' id='par_1_36' title="bbox 2449 772 4029 849">
     <span class='ocr_line' id='line_1_36' title="bbox 2449 772 4029 849; baseline -0.004 -20"><span class='ocrx_word' id='word_1_255' title='bbox 2449 780 2603 847; x_wconf 76' lang='grc' dir='ltr'><strong>κοινῇ</strong></span> <span class='ocrx_word' id='word_1_256' title='bbox 2642 779 3040 849; x_wconf 83' lang='grc' dir='ltr'><strong>λιπαρήσωμεν</strong></span> <span class='ocrx_word' id='word_1_257' title='bbox 3072 777 3212 830; x_wconf 82' lang='grc' dir='ltr'><strong>ὥστε</strong></span> <span class='ocrx_word' id='word_1_258' title='bbox 3249 777 3516 845; x_wconf 74' lang='grc' dir='ltr'><strong>κοιμῆσαι</strong></span> <span class='ocrx_word' id='word_1_259' title='bbox 3563 791 3646 827; x_wconf 81' lang='grc' dir='ltr'><strong>σοι</strong></span> <span class='ocrx_word' id='word_1_260' title='bbox 3691 773 3752 826; x_wconf 83' lang='grc' dir='ltr'><strong>τὸ</strong></span> <span class='ocrx_word' id='word_1_261' title='bbox 3806 772 3977 834; x_wconf 74' lang='grc' dir='ltr'><strong>πάθος</strong></span> <span class='ocrx_word' id='word_1_262' title='bbox 4008 809 4029 837; x_wconf 83' lang='grc'><em>,</em></span> 
     </span>
    </p>
   </div>
   <div class='ocr_carea' id='block_1_37' title="bbox 2449 865 4025 938">
    <p class='ocr_par' dir='ltr' id='par_1_37' title="bbox 2449 865 4025 938">
     <span class='ocr_line' id='line_1_37' title="bbox 2449 865 4025 938; baseline -0.004 -14"><span class='ocrx_word' id='word_1_263' title='bbox 2449 873 2544 924; x_wconf 77' lang='grc' dir='ltr'><strong>καὶ</strong></span> <span class='ocrx_word' id='word_1_264' title='bbox 2571 871 2678 923; x_wconf 84' lang='grc' dir='ltr'><strong>τῶν</strong></span> <span class='ocrx_word' id='word_1_265' title='bbox 2702 872 2904 924; x_wconf 80' lang='grc' dir='ltr'><strong>ὀδυνῶν</strong></span> <span class='ocrx_word' id='word_1_266' title='bbox 2933 871 3267 938; x_wconf 74' lang='grc' dir='ltr'><strong>ἀπαλλάξαι,</strong></span> <span class='ocrx_word' id='word_1_267' title='bbox 3319 872 3415 925; x_wconf 74' lang='grc' dir='ltr'><strong>καὶ</strong></span> <span class='ocrx_word' id='word_1_268' title='bbox 3447 869 3702 938; x_wconf 80' lang='grc' dir='ltr'><strong>τηνικάδε</strong></span> <span class='ocrx_word' id='word_1_269' title='bbox 3751 868 3877 937; x_wconf 76' lang='grc' dir='ltr'><strong>εἴσῃ</strong></span> <span class='ocrx_word' id='word_1_270' title='bbox 3929 865 4025 918; x_wconf 82' lang='grc' dir='ltr'><strong>καὶ</strong></span> 
     </span>
    </p>
   </div>
   <div class='ocr_carea' id='block_1_38' title="bbox 2450 958 4024 1033">
    <p class='ocr_par' dir='ltr' id='par_1_38' title="bbox 2450 958 4024 1033">
     <span class='ocr_line' id='line_1_38' title="bbox 2450 958 4024 1033; baseline -0.006 -17"><span class='ocrx_word' id='word_1_271' title='bbox 2450 966 2578 1033; x_wconf 58' lang='grc' dir='ltr'><strong>περὶ</strong></span> <span class='ocrx_word' id='word_1_272' title='bbox 2607 963 2744 1031; x_wconf 74' lang='grc' dir='ltr'><strong>ἐμοῦ</strong></span> <span class='ocrx_word' id='word_1_273' title='bbox 2780 965 3005 1024; x_wconf 83' lang='grc' dir='ltr'><strong>πάντως</strong></span> <span class='ocrx_word' id='word_1_274' title='bbox 3038 965 3114 1025; x_wconf 85' lang='grc' dir='ltr'><strong>ὡς</strong></span> <span class='ocrx_word' id='word_1_275' title='bbox 3146 963 3300 1015; x_wconf 75' lang='grc' dir='ltr'><strong>οὐδέν</strong></span> <span class='ocrx_word' id='word_1_276' title='bbox 3343 979 3432 1031; x_wconf 88' lang='grc' dir='ltr'><strong>μοι</strong></span> <span class='ocrx_word' id='word_1_277' title='bbox 3467 958 3780 1013; x_wconf 71' lang='grc' dir='ltr'><strong>πλάσασθαι</strong></span> <span class='ocrx_word' id='word_1_278' title='bbox 3813 960 3845 1026; x_wconf 77' lang='grc' dir='ltr'><strong>ἡ</strong></span> <span class='ocrx_word' id='word_1_279' title='bbox 3878 975 4024 1022; x_wconf 79' lang='grc' dir='ltr'><strong>φαν-</strong></span> 
     </span>
    </p>
   </div>
   <div class='ocr_carea' id='block_1_39' title="bbox 2447 1051 4024 1126">
    <p class='ocr_par' dir='ltr' id='par_1_39' title="bbox 2447 1051 4024 1126">
     <span class='ocr_line' id='line_1_39' title="bbox 2447 1051 4024 1126; baseline -0.006 -18"><span class='ocrx_word' id='word_1_280' title='bbox 2447 1056 2718 1126; x_wconf 80' lang='grc' dir='ltr'><strong>τασθῆναι</strong></span> <span class='ocrx_word' id='word_1_281' title='bbox 2750 1055 2996 1108; x_wconf 83' lang='grc' dir='ltr'><strong>τοιοῦτον</strong></span> <span class='ocrx_word' id='word_1_282' title='bbox 3026 1055 3231 1124; x_wconf 75' lang='grc' dir='ltr'><strong>ἐπῆλθέ</strong></span> <span class='ocrx_word' id='word_1_283' title='bbox 3261 1071 3416 1108; x_wconf 88' lang='grc' dir='ltr'><strong>ποτε.</strong></span> <span class='ocrx_word' id='word_1_284' title='bbox 3475 1055 3582 1107; x_wconf 84' lang='grc' dir='ltr'><strong>Τὸν</strong></span> <span class='ocrx_word' id='word_1_285' title='bbox 3612 1053 3817 1122; x_wconf 77' lang='grc' dir='ltr'><strong>τρόπον</strong></span> <span class='ocrx_word' id='word_1_286' title='bbox 3844 1051 4024 1103; x_wconf 78' lang='grc' dir='ltr'><strong>τοίνυν</strong></span> 
     </span>
    </p>
   </div>
   <div class='ocr_carea' id='block_1_40' title="bbox 2447 1142 4022 1216">
    <p class='ocr_par' dir='ltr' id='par_1_40' title="bbox 2447 1142 4022 1216">
     <span class='ocr_line' id='line_1_40' title="bbox 2447 1142 4022 1216; baseline -0.007 -15"><span class='ocrx_word' id='word_1_287' title='bbox 2447 1151 2656 1211; x_wconf 74' lang='grc' dir='ltr'><strong>ἐκεῖνος</strong></span> <span class='ocrx_word' id='word_1_288' title='bbox 2683 1148 2794 1201; x_wconf 85' lang='grc' dir='ltr'><strong>τῶν</strong></span> <span class='ocrx_word' id='word_1_289' title='bbox 2831 1148 3149 1216; x_wconf 72' lang='grc' dir='ltr'><strong>λεγομένων</strong></span> <span class='ocrx_word' id='word_1_290' title='bbox 3196 1148 3260 1199; x_wconf 90' lang='grc' dir='ltr'><strong>οὐ</strong></span> <span class='ocrx_word' id='word_1_291' title='bbox 3315 1145 3568 1211; x_wconf 85' lang='grc' dir='ltr'><strong>συνιδὼν,</strong></span> <span class='ocrx_word' id='word_1_292' title='bbox 3614 1142 3750 1196; x_wconf 77' lang='grc' dir='ltr'><strong>ἀλλὰ</strong></span> <span class='ocrx_word' id='word_1_293' title='bbox 3796 1142 4022 1210; x_wconf 76' lang='grc' dir='ltr'><strong>νομίσας</strong></span> 
     </span>
    </p>
   </div>
   <div class='ocr_carea' id='block_1_41' title="bbox 2445 1230 4021 1309">
    <p class='ocr_par' dir='ltr' id='par_1_41' title="bbox 2445 1230 4021 1309">
     <span class='ocr_line' id='line_1_41' title="bbox 2445 1230 4021 1309; baseline -0.007 -17"><span class='ocrx_word' id='word_1_294' title='bbox 2445 1239 2637 1301; x_wconf 80' lang='grc' dir='ltr'><strong>ἁπλῶς</strong></span> <span class='ocrx_word' id='word_1_295' title='bbox 2681 1239 2856 1291; x_wconf 86' lang='grc' dir='ltr'><strong>ταῦτα</strong></span> <span class='ocrx_word' id='word_1_296' title='bbox 2908 1230 3182 1309; x_wconf 66' lang='grc' dir='ltr'><strong>είρῆσθαι</strong></span> <span class='ocrx_word' id='word_1_297' title='bbox 3218 1236 3587 1307; x_wconf 77' lang='grc' dir='ltr'><strong>(μεταμέλειά</strong></span> <span class='ocrx_word' id='word_1_298' title='bbox 3635 1251 3720 1296; x_wconf 90' lang='grc' dir='ltr'><strong>τις</strong></span> <span class='ocrx_word' id='word_1_299' title='bbox 3773 1235 3872 1303; x_wconf 68' lang='grc' dir='ltr'><strong>ἤδη</strong></span> <span class='ocrx_word' id='word_1_300' title='bbox 3931 1232 4021 1282; x_wconf 70' lang='grc' dir='ltr'><strong>τὸν</strong></span> 
     </span>
    </p>
   </div>
   <div class='ocr_carea' id='block_1_42' title="bbox 2451 1325 4022 1401">
    <p class='ocr_par' dir='ltr' id='par_1_42' title="bbox 2451 1325 4022 1401">
     <span class='ocr_line' id='line_1_42' title="bbox 2451 1325 4022 1401; baseline -0.008 -15"><span class='ocrx_word' id='word_1_301' title='bbox 2451 1333 2782 1387; x_wconf 75' lang='grc' dir='ltr'><strong>Καλλίνικον</strong></span> <span class='ocrx_word' id='word_1_302' title='bbox 2810 1330 2972 1401; x_wconf 75' lang='grc' dir='ltr'><strong>ἔχει),</strong></span> <span class='ocrx_word' id='word_1_303' title='bbox 3005 1329 3342 1401; x_wconf 79' lang='grc' dir='ltr'><strong>παραλαόὼν</strong></span> <span class='ocrx_word' id='word_1_304' title='bbox 3365 1329 3567 1391; x_wconf 73' lang='grc' dir='ltr'><strong>εὐθέως</strong></span> <span class='ocrx_word' id='word_1_305' title='bbox 3599 1327 3786 1389; x_wconf 63' lang='grc' dir='ltr'><strong>αὐτὸν,</strong></span> <span class='ocrx_word' id='word_1_306' title='bbox 3818 1325 4022 1394; x_wconf 75' lang='grc' dir='ltr'><strong>χαίρων</strong></span> 
     </span>
    </p>
   </div>
   <div class='ocr_carea' id='block_1_43' title="bbox 2449 1417 4021 1494">
    <p class='ocr_par' dir='ltr' id='par_1_43' title="bbox 2449 1417 4021 1494">
     <span class='ocr_line' id='line_1_43' title="bbox 2449 1417 4021 1494; baseline -0.006 -20"><span class='ocrx_word' id='word_1_307' title='bbox 2449 1423 2650 1494; x_wconf 79' lang='grc' dir='ltr'>ἐχώρει</span> <span class='ocrx_word' id='word_1_308' title='bbox 2682 1425 2821 1491; x_wconf 82' lang='grc' dir='ltr'><strong>πρὸς</strong></span> <span class='ocrx_word' id='word_1_309' title='bbox 2853 1425 2945 1475; x_wconf 82' lang='grc' dir='ltr'><strong>τὸν</strong></span> <span class='ocrx_word' id='word_1_310' title='bbox 2977 1423 3127 1486; x_wconf 78' lang='grc' dir='ltr'><strong>ναόν,</strong></span> <span class='ocrx_word' id='word_1_311' title='bbox 3159 1421 3313 1475; x_wconf 79' lang='grc' dir='ltr'><strong>Ἐπεὶ</strong></span> <span class='ocrx_word' id='word_1_312' title='bbox 3337 1421 3394 1474; x_wconf 77' lang='grc' dir='ltr'><strong>δὲ</strong></span> <span class='ocrx_word' id='word_1_313' title='bbox 3425 1419 3534 1472; x_wconf 82' lang='grc' dir='ltr'><strong>τῶν</strong></span> <span class='ocrx_word' id='word_1_314' title='bbox 3558 1418 3772 1490; x_wconf 78' lang='grc' dir='ltr'><strong>μιαρῶν</strong></span> <span class='ocrx_word' id='word_1_315' title='bbox 3793 1417 4021 1470; x_wconf 79' lang='grc' dir='ltr'><strong>ἐκείνων</strong></span> 
     </span>
    </p>
   </div>
   <div class='ocr_carea' id='block_1_44' title="bbox 2449 1507 4018 1582">
    <p class='ocr_par' dir='ltr' id='par_1_44' title="bbox 2449 1507 4018 1582">
     <span class='ocr_line' id='line_1_44' title="bbox 2449 1507 4018 1582; baseline -0.006 -14"><span class='ocrx_word' id='word_1_316' title='bbox 2449 1517 2663 1568; x_wconf 84' lang='grc' dir='ltr'><strong>ἀδύτων</strong></span> <span class='ocrx_word' id='word_1_317' title='bbox 2715 1515 2867 1577; x_wconf 75' lang='grc' dir='ltr'><strong>ἐντὸς</strong></span> <span class='ocrx_word' id='word_1_318' title='bbox 2928 1515 3201 1581; x_wconf 72' lang='grc' dir='ltr'><strong>ἐγένοντο,</strong></span> <span class='ocrx_word' id='word_1_319' title='bbox 3239 1511 3532 1582; x_wconf 82' lang='grc' dir='ltr'><strong>προσσχὼν</strong></span> <span class='ocrx_word' id='word_1_320' title='bbox 3588 1514 3615 1563; x_wconf 90' lang='grc' dir='ltr'>ὀ</span> <span class='ocrx_word' id='word_1_321' title='bbox 3676 1507 4018 1568; x_wconf 77' lang='grc' dir='ltr'><strong>Καλλίνικος,</strong></span> 
     </span>
    </p>
   </div>
   <div class='ocr_carea' id='block_1_45' title="bbox 2446 1603 4022 1682">
    <p class='ocr_par' dir='ltr' id='par_1_45' title="bbox 2446 1603 4022 1682">
     <span class='ocr_line' id='line_1_45' title="bbox 2446 1603 4022 1682; baseline -0.005 -20"><span class='ocrx_word' id='word_1_322' title='bbox 2446 1611 2622 1679; x_wconf 83' lang='grc' dir='ltr'><strong>Κύριε</strong></span> <span class='ocrx_word' id='word_1_323' title='bbox 2669 1610 2846 1679; x_wconf 82' lang='grc' dir='ltr'><strong>Ἰησοῦ</strong></span> <span class='ocrx_word' id='word_1_324' title='bbox 2885 1609 3110 1682; x_wconf 78' lang='grc' dir='ltr'><strong>Χριστὲ,</strong></span> <span class='ocrx_word' id='word_1_325' title='bbox 3165 1611 3193 1661; x_wconf 82' lang='grc' dir='ltr'>ὁ</span> <span class='ocrx_word' id='word_1_326' title='bbox 3243 1608 3334 1662; x_wconf 81' lang='grc' dir='ltr'><strong>διὰ</strong></span> <span class='ocrx_word' id='word_1_327' title='bbox 3387 1606 3483 1660; x_wconf 83' lang='grc' dir='ltr'><strong>τοῦ</strong></span> <span class='ocrx_word' id='word_1_328' title='bbox 3540 1604 3635 1658; x_wconf 78' lang='grc' dir='ltr'><strong>σοῦ</strong></span> <span class='ocrx_word' id='word_1_329' title='bbox 3688 1603 4022 1672; x_wconf 82' lang='grc' dir='ltr'><strong>θεράποντος</strong></span> 
     </span>
    </p>
   </div>
   <div class='ocr_carea' id='block_1_46' title="bbox 2448 1695 4024 1774">
    <p class='ocr_par' dir='ltr' id='par_1_46' title="bbox 2448 1695 4024 1774">
     <span class='ocr_line' id='line_1_46' title="bbox 2448 1695 4024 1774; baseline -0.008 -18"><span class='ocrx_word' id='word_1_330' title='bbox 2448 1704 2661 1774; x_wconf 82' lang='grc' dir='ltr'><strong>Θύρσου</strong></span> <span class='ocrx_word' id='word_1_331' title='bbox 2695 1702 2932 1772; x_wconf 80' lang='grc' dir='ltr'><strong>ἀψευδὴς</strong></span> <span class='ocrx_word' id='word_1_332' title='bbox 2961 1700 3322 1769; x_wconf 59' lang='grc' dir='ltr'><strong>ἐπιγνωτθξίς</strong></span> <span class='ocrx_word' id='word_1_333' title='bbox 3372 1716 3461 1769; x_wconf 90' lang='grc' dir='ltr'><strong>μοι</strong></span> <span class='ocrx_word' id='word_1_334' title='bbox 3501 1699 3653 1761; x_wconf 82' lang='grc' dir='ltr'><strong>Θεὸς,</strong></span> <span class='ocrx_word' id='word_1_335' title='bbox 3703 1699 3730 1750; x_wconf 80' lang='grc' dir='ltr'>ὁ</span> <span class='ocrx_word' id='word_1_336' title='bbox 3783 1695 3877 1746; x_wconf 78' lang='grc' dir='ltr'><strong>καὶ</strong></span> <span class='ocrx_word' id='word_1_337' title='bbox 3926 1710 4024 1761; x_wconf 84' lang='grc' dir='ltr'><strong>μυ-</strong></span> 
     </span>
    </p>
   </div>
   <div class='ocr_carea' id='block_1_47' title="bbox 2377 1789 4020 1895">
    <p class='ocr_par' dir='ltr' id='par_1_47' title="bbox 2377 1789 4020 1895">
     <span class='ocr_line' id='line_1_47' title="bbox 2377 1789 4020 1895; baseline -0.009 -43"><span class='ocrx_word' id='word_1_338' title='bbox 2377 1842 2417 1895; x_wconf 75' lang='lat' dir='ltr'><strong>B</strong></span> <span class='ocrx_word' id='word_1_339' title='bbox 2449 1802 2635 1868; x_wconf 86' lang='grc' dir='ltr'><strong>ριάκις</strong></span> <span class='ocrx_word' id='word_1_340' title='bbox 2688 1801 2768 1860; x_wconf 84' lang='grc' dir='ltr'><strong>είς</strong></span> <span class='ocrx_word' id='word_1_341' title='bbox 2815 1798 2874 1850; x_wconf 78' lang='grc' dir='ltr'><strong>σὲ</strong></span> <span class='ocrx_word' id='word_1_342' title='bbox 2912 1795 3354 1866; x_wconf 76' lang='grc' dir='ltr'><strong>παρηνομηκότα</strong></span> <span class='ocrx_word' id='word_1_343' title='bbox 3413 1809 3477 1862; x_wconf 90' lang='grc' dir='ltr'><strong>με</strong></span> <span class='ocrx_word' id='word_1_344' title='bbox 3533 1790 3606 1862; x_wconf 83' lang='grc' dir='ltr'><strong>μὴ</strong></span> <span class='ocrx_word' id='word_1_345' title='bbox 3639 1789 4020 1856; x_wconf 81' lang='grc' dir='ltr'><strong>ἀπωσάμενος,</strong></span> 
     </span>
    </p>
   </div>
   <div class='ocr_carea' id='block_1_48' title="bbox 2445 1884 4021 1962">
    <p class='ocr_par' dir='ltr' id='par_1_48' title="bbox 2445 1884 4021 1962">
     <span class='ocr_line' id='line_1_48' title="bbox 2445 1884 4021 1962; baseline -0.01 -16"><span class='ocrx_word' id='word_1_346' title='bbox 2445 1892 2608 1955; x_wconf 76' lang='grc' dir='ltr'><strong>αὐτὸς</strong></span> <span class='ocrx_word' id='word_1_347' title='bbox 2639 1891 2907 1962; x_wconf 81' lang='grc' dir='ltr'><strong>ἀνάστηθι</strong></span> <span class='ocrx_word' id='word_1_348' title='bbox 2938 1890 3032 1943; x_wconf 67' lang='grc' dir='ltr'><strong>καὶ</strong></span> <span class='ocrx_word' id='word_1_349' title='bbox 3062 1889 3158 1941; x_wconf 82' lang='grc' dir='ltr'><strong>νῦν</strong></span> <span class='ocrx_word' id='word_1_350' title='bbox 3200 1890 3281 1951; x_wconf 87' lang='grc' dir='ltr'><strong>είς</strong></span> <span class='ocrx_word' id='word_1_351' title='bbox 3310 1887 3408 1954; x_wconf 82' lang='grc' dir='ltr'><strong>τὴν</strong></span> <span class='ocrx_word' id='word_1_352' title='bbox 3450 1885 3707 1954; x_wconf 80' lang='grc' dir='ltr'><strong>βοήθειάν</strong></span> <span class='ocrx_word' id='word_1_353' title='bbox 3750 1900 3878 1950; x_wconf 83' lang='grc' dir='ltr'><strong>μου,</strong></span> <span class='ocrx_word' id='word_1_354' title='bbox 3929 1884 4021 1932; x_wconf 75' lang='grc' dir='ltr'><strong>καὶ</strong></span> 
     </span>
    </p>
   </div>
   <div class='ocr_carea' id='block_1_49' title="bbox 2443 1972 4022 2057">
    <p class='ocr_par' dir='ltr' id='par_1_49' title="bbox 2443 1972 4022 2057">
     <span class='ocr_line' id='line_1_49' title="bbox 2443 1972 4022 2057; baseline -0.01 -18"><span class='ocrx_word' id='word_1_355' title='bbox 2443 1987 2618 2051; x_wconf 82' lang='grc' dir='ltr'><strong>δεῖξον</strong></span> <span class='ocrx_word' id='word_1_356' title='bbox 2653 1986 2752 2038; x_wconf 75' lang='grc' dir='ltr'><strong>καλ</strong></span> <span class='ocrx_word' id='word_1_357' title='bbox 2781 1988 2841 2038; x_wconf 82' lang='grc' dir='ltr'><strong>ὲν</strong></span> <span class='ocrx_word' id='word_1_358' title='bbox 2871 1987 2997 2057; x_wconf 72' lang='grc' dir='ltr'><strong>ἐμοὶ</strong></span> <span class='ocrx_word' id='word_1_359' title='bbox 3040 1985 3202 2040; x_wconf 79' lang='grc' dir='ltr'><strong>πάλιν</strong></span> <span class='ocrx_word' id='word_1_360' title='bbox 3234 1983 3332 2052; x_wconf 80' lang='grc' dir='ltr'><strong>τὴν</strong></span> <span class='ocrx_word' id='word_1_361' title='bbox 3385 1980 3706 2033; x_wconf 74' lang='grc' dir='ltr'><strong>δυναστείαν</strong></span> <span class='ocrx_word' id='word_1_362' title='bbox 3739 1994 3857 2027; x_wconf 83' lang='grc' dir='ltr'><strong>σου.</strong></span> <span class='ocrx_word' id='word_1_363' title='bbox 3913 1972 4022 2026; x_wconf 63' lang='grc' dir='ltr'><strong>Καὶ</strong></span> 
     </span>
    </p>
   </div>
   <div class='ocr_carea' id='block_1_50' title="bbox 2448 2068 4021 2149">
    <p class='ocr_par' dir='ltr' id='par_1_50' title="bbox 2448 2068 4021 2149">
     <span class='ocr_line' id='line_1_50' title="bbox 2448 2068 4021 2149; baseline -0.009 -17"><span class='ocrx_word' id='word_1_364' title='bbox 2448 2081 2559 2134; x_wconf 82' lang='grc' dir='ltr'><strong>ίδοὺ</strong></span> <span class='ocrx_word' id='word_1_365' title='bbox 2613 2080 2770 2149; x_wconf 84' lang='grc' dir='ltr'><strong>φωνή</strong></span> <span class='ocrx_word' id='word_1_366' title='bbox 2816 2097 2902 2141; x_wconf 88' lang='grc' dir='ltr'><strong>τις</strong></span> <span class='ocrx_word' id='word_1_367' title='bbox 2957 2077 3188 2145; x_wconf 74' lang='grc' dir='ltr'><strong>ἠκούετο</strong></span> <span class='ocrx_word' id='word_1_368' title='bbox 3221 2075 3430 2130; x_wconf 73' lang='grc' dir='ltr'><strong>ἄνωθεν</strong></span> <span class='ocrx_word' id='word_1_369' title='bbox 3480 2068 3924 2141; x_wconf 71' lang='grc' dir='ltr'><strong>ὲπιθαρῤύνουσᾶ.</strong></span> <span class='ocrx_word' id='word_1_370' title='bbox 3961 2081 4021 2118; x_wconf 79' lang='grc' dir='ltr'><strong>τε</strong></span> 
     </span>
    </p>
   </div>
   <div class='ocr_carea' id='block_1_51' title="bbox 2445 2164 4019 2246">
    <p class='ocr_par' dir='ltr' id='par_1_51' title="bbox 2445 2164 4019 2246">
     <span class='ocr_line' id='line_1_51' title="bbox 2445 2164 4019 2246; baseline -0.01 -17"><span class='ocrx_word' id='word_1_371' title='bbox 2445 2177 2610 2229; x_wconf 73' lang='grc' dir='ltr'><strong>αὑτοῦ</strong></span> <span class='ocrx_word' id='word_1_372' title='bbox 2647 2176 2748 2245; x_wconf 81' lang='grc' dir='ltr'><strong>τὴν</strong></span> <span class='ocrx_word' id='word_1_373' title='bbox 2774 2174 2958 2246; x_wconf 80' lang='grc' dir='ltr'><strong>ψυχὴν</strong></span> <span class='ocrx_word' id='word_1_374' title='bbox 2987 2174 3085 2226; x_wconf 75' lang='grc' dir='ltr'><strong>καὶ</strong></span> <span class='ocrx_word' id='word_1_375' title='bbox 3117 2174 3196 2235; x_wconf 83' lang='grc' dir='ltr'><strong>είς</strong></span> <span class='ocrx_word' id='word_1_376' title='bbox 3228 2171 3288 2224; x_wconf 76' lang='grc' dir='ltr'><strong>τὸ</strong></span> <span class='ocrx_word' id='word_1_377' title='bbox 3317 2169 3576 2241; x_wconf 78' lang='grc' dir='ltr'><strong>βραϐεῖον</strong></span> <span class='ocrx_word' id='word_1_378' title='bbox 3613 2168 3713 2235; x_wconf 77' lang='grc' dir='ltr'><strong>τῆς</strong></span> <span class='ocrx_word' id='word_1_379' title='bbox 3745 2167 3858 2219; x_wconf 72' lang='grc' dir='ltr'><strong>ἂνω</strong></span> <span class='ocrx_word' id='word_1_380' title='bbox 3889 2164 4019 2232; x_wconf 79' lang='grc' dir='ltr'><strong>κλήο</strong></span> 
     </span>
    </p>
   </div>
   <div class='ocr_carea' id='block_1_52' title="bbox 2446 2258 4020 2337">
    <p class='ocr_par' dir='ltr' id='par_1_52' title="bbox 2446 2258 4020 2337">
     <span class='ocr_line' id='line_1_52' title="bbox 2446 2258 4020 2337; baseline -0.008 -18"><span class='ocrx_word' id='word_1_381' title='bbox 2446 2285 2582 2331; x_wconf 81' lang='grc' dir='ltr'><strong>σεως</strong></span> <span class='ocrx_word' id='word_1_382' title='bbox 2606 2268 2971 2337; x_wconf 85' lang='grc' dir='ltr'><strong>διεγείρονσα.</strong></span> <span class='ocrx_word' id='word_1_383' title='bbox 3007 2265 3067 2318; x_wconf 90' lang='lat'><strong>&#39;0</strong></span> <span class='ocrx_word' id='word_1_384' title='bbox 3089 2265 3145 2318; x_wconf 83' lang='grc' dir='ltr'><strong>δὲ</strong></span> <span class='ocrx_word' id='word_1_385' title='bbox 3179 2264 3418 2334; x_wconf 68' lang='grc' dir='ltr'><strong>θάρρους</strong></span> <span class='ocrx_word' id='word_1_386' title='bbox 3448 2258 3700 2313; x_wconf 75' lang='grc' dir='ltr'><strong>ἐντεῦθεν</strong></span> <span class='ocrx_word' id='word_1_387' title='bbox 3729 2259 4020 2325; x_wconf 83' lang='grc' dir='ltr'><strong>γενόμενος</strong></span> 
     </span>
    </p>
   </div>
   <div class='ocr_carea' id='block_1_53' title="bbox 2444 2349 4022 2428">
    <p class='ocr_par' dir='ltr' id='par_1_53' title="bbox 2444 2349 4022 2428">
     <span class='ocr_line' id='line_1_53' title="bbox 2444 2349 4022 2428; baseline -0.009 -15"><span class='ocrx_word' id='word_1_388' title='bbox 2444 2363 2718 2428; x_wconf 72' lang='grc' dir='ltr'><strong>ἔμπλεως,</strong></span> <span class='ocrx_word' id='word_1_389' title='bbox 2773 2361 2868 2414; x_wconf 77' lang='grc' dir='ltr'><strong>καὶ</strong></span> <span class='ocrx_word' id='word_1_390' title='bbox 2919 2358 2981 2413; x_wconf 84' lang='grc' dir='ltr'><strong>τδ</strong></span> <span class='ocrx_word' id='word_1_391' title='bbox 3032 2357 3128 2412; x_wconf 79' lang='grc' dir='ltr'><strong>τοῦ</strong></span> <span class='ocrx_word' id='word_1_392' title='bbox 3165 2357 3374 2426; x_wconf 80' lang='grc' dir='ltr'><strong>Κυρίου</strong></span> <span class='ocrx_word' id='word_1_393' title='bbox 3410 2354 3584 2422; x_wconf 72' lang='grc' dir='ltr'><strong>ὄνομα</strong></span> <span class='ocrx_word' id='word_1_394' title='bbox 3625 2351 3890 2414; x_wconf 72' lang='grc' dir='ltr'><strong>ἐπειπὼν,</strong></span> <span class='ocrx_word' id='word_1_395' title='bbox 3945 2349 4022 2417; x_wconf 77' lang='grc' dir='ltr'><strong>τῷ</strong></span> 
     </span>
    </p>
   </div>
   <div class='ocr_carea' id='block_1_54' title="bbox 2444 2444 4021 2521">
    <p class='ocr_par' dir='ltr' id='par_1_54' title="bbox 2444 2444 4021 2521">
     <span class='ocr_line' id='line_1_54' title="bbox 2444 2444 4021 2521; baseline -0.006 -16"><span class='ocrx_word' id='word_1_396' title='bbox 2444 2453 2538 2505; x_wconf 83' lang='grc' dir='ltr'><strong>τοῦ</strong></span> <span class='ocrx_word' id='word_1_397' title='bbox 2573 2453 2905 2521; x_wconf 80' lang='grc' dir='ltr'><strong>’Λσκληπιοῦ</strong></span> <span class='ocrx_word' id='word_1_398' title='bbox 2945 2452 3153 2521; x_wconf 82' lang='grc' dir='ltr'><strong>είδώλῳ</strong></span> <span class='ocrx_word' id='word_1_399' title='bbox 3187 2449 3417 2520; x_wconf 78' lang='grc' dir='ltr'><strong>σφοδρόν</strong></span> <span class='ocrx_word' id='word_1_400' title='bbox 3447 2466 3501 2500; x_wconf 92' lang='grc' dir='ltr'><strong>τι</strong></span> <span class='ocrx_word' id='word_1_401' title='bbox 3535 2449 3630 2499; x_wconf 76' lang='grc' dir='ltr'><strong>καὶ</strong></span> <span class='ocrx_word' id='word_1_402' title='bbox 3662 2444 4021 2514; x_wconf 79' lang='grc' dir='ltr'><strong>ἀπειλητικὸν</strong></span> 
     </span>
    </p>
   </div>
   <div class='ocr_carea' id='block_1_55' title="bbox 2444 2539 4019 2615">
    <p class='ocr_par' dir='ltr' id='par_1_55' title="bbox 2444 2539 4019 2615">
     <span class='ocr_line' id='line_1_55' title="bbox 2444 2539 4019 2615; baseline -0.008 -16"><span class='ocrx_word' id='word_1_403' title='bbox 2444 2549 2697 2615; x_wconf 72' lang='grc' dir='ltr'><strong>ἐπιτιμᾷ.</strong></span> <span class='ocrx_word' id='word_1_404' title='bbox 2723 2547 2832 2598; x_wconf 74' lang='grc' dir='ltr'><strong>Καὶ</strong></span> <span class='ocrx_word' id='word_1_405' title='bbox 2877 2549 2902 2598; x_wconf 85' lang='grc' dir='ltr'>ὁ</span> <span class='ocrx_word' id='word_1_406' title='bbox 2951 2544 3268 2613; x_wconf 64' lang='grc' dir='ltr'><strong>τηλικοῦτος</strong></span> <span class='ocrx_word' id='word_1_407' title='bbox 3299 2543 3518 2612; x_wconf 79' lang='grc' dir='ltr'><strong>ἀνδριὰς</strong></span> <span class='ocrx_word' id='word_1_408' title='bbox 3556 2543 3764 2601; x_wconf 72' lang='grc' dir='ltr'><strong>ἐκεῖνος</strong></span> <span class='ocrx_word' id='word_1_409' title='bbox 3815 2539 4019 2606; x_wconf 79' lang='grc' dir='ltr'><strong>μικρὰν</strong></span> 
     </span>
    </p>
   </div>
   <div class='ocr_carea' id='block_1_56' title="bbox 2444 2629 4021 2706">
    <p class='ocr_par' dir='ltr' id='par_1_56' title="bbox 2444 2629 4021 2706">
     <span class='ocr_line' id='line_1_56' title="bbox 2444 2629 4021 2706; baseline -0.006 -18"><span class='ocrx_word' id='word_1_410' title='bbox 2444 2639 2543 2688; x_wconf 77' lang='grc' dir='ltr'><strong>οὐκ</strong></span> <span class='ocrx_word' id='word_1_411' title='bbox 2566 2641 2794 2706; x_wconf 75' lang='grc' dir='ltr'><strong>ἡνεγκεν</strong></span> <span class='ocrx_word' id='word_1_412' title='bbox 2823 2637 3169 2705; x_wconf 67' lang='grc' dir='ltr'><strong>ἐπιτίμησιν,</strong></span> <span class='ocrx_word' id='word_1_413' title='bbox 3195 2633 3309 2685; x_wconf 73' lang='grc' dir='ltr'><strong>ἀλλ’</strong></span> <span class='ocrx_word' id='word_1_414' title='bbox 3335 2633 3502 2696; x_wconf 77' lang='grc' dir='ltr'><strong>ὀξέως</strong></span> <span class='ocrx_word' id='word_1_415' title='bbox 3533 2633 3638 2700; x_wconf 74' lang='grc' dir='ltr'><strong>πρὸ</strong></span> <span class='ocrx_word' id='word_1_416' title='bbox 3662 2630 3772 2682; x_wconf 82' lang='grc' dir='ltr'><strong>τῶν</strong></span> <span class='ocrx_word' id='word_1_417' title='bbox 3809 2629 4021 2680; x_wconf 74' lang='grc' dir='ltr'><strong>ἐκείνου</strong></span> 
     </span>
    </p>
   </div>
   <div class='ocr_carea' id='block_1_57' title="bbox 2449 2722 4020 2795">
    <p class='ocr_par' dir='ltr' id='par_1_57' title="bbox 2449 2722 4020 2795">
     <span class='ocr_line' id='line_1_57' title="bbox 2449 2722 4020 2795; baseline -0.005 -15"><span class='ocrx_word' id='word_1_418' title='bbox 2449 2730 2630 2780; x_wconf 71' lang='grc' dir='ltr'><strong>ποδῶν</strong></span> <span class='ocrx_word' id='word_1_419' title='bbox 2659 2730 2995 2780; x_wconf 80' lang='grc' dir='ltr'><strong>καταπίπτει</strong></span> <span class='ocrx_word' id='word_1_420' title='bbox 3030 2727 3222 2795; x_wconf 84' lang='grc' dir='ltr'><strong>ὥσπερ</strong></span> <span class='ocrx_word' id='word_1_421' title='bbox 3281 2742 3364 2786; x_wconf 90' lang='grc' dir='ltr'><strong>τις</strong></span> <span class='ocrx_word' id='word_1_422' title='bbox 3408 2723 3750 2793; x_wconf 83' lang='grc' dir='ltr'><strong>βιασαμένης</strong></span> <span class='ocrx_word' id='word_1_423' title='bbox 3809 2722 4020 2789; x_wconf 80' lang='grc' dir='ltr'><strong>χειρός.</strong></span> 
     </span>
    </p>
   </div>
   <div class='ocr_carea' id='block_1_58' title="bbox 2447 2815 4017 2890">
    <p class='ocr_par' dir='ltr' id='par_1_58' title="bbox 2447 2815 4017 2890">
     <span class='ocr_line' id='line_1_58' title="bbox 2447 2815 4017 2890; baseline -0.007 -17"><span class='ocrx_word' id='word_1_424' title='bbox 2447 2822 2591 2889; x_wconf 77' lang='grc' dir='ltr'><strong>Πρὸς</strong></span> <span class='ocrx_word' id='word_1_425' title='bbox 2651 2820 2743 2874; x_wconf 80' lang='grc' dir='ltr'><strong>τὸν</strong></span> <span class='ocrx_word' id='word_1_426' title='bbox 2796 2822 3042 2890; x_wconf 84' lang='grc' dir='ltr'><strong>ἠγέμονα</strong></span> <span class='ocrx_word' id='word_1_427' title='bbox 3111 2819 3293 2871; x_wconf 83' lang='grc' dir='ltr'><strong>τοίνυν</strong></span> <span class='ocrx_word' id='word_1_428' title='bbox 3353 2816 3620 2870; x_wconf 78' lang='grc' dir='ltr'><strong>ἀπιδὼνὸ</strong></span> <span class='ocrx_word' id='word_1_429' title='bbox 3669 2815 4017 2873; x_wconf 68' lang='grc' dir='ltr'><strong>Καλλίνικος,</strong></span> 
     </span>
    </p>
   </div>
   <div class='ocr_carea' id='block_1_59' title="bbox 2446 2909 4016 2982">
    <p class='ocr_par' dir='ltr' id='par_1_59' title="bbox 2446 2909 4016 2982">
     <span class='ocr_line' id='line_1_59' title="bbox 2446 2909 4016 2982; baseline -0.008 -15"><span class='ocrx_word' id='word_1_430' title='bbox 2446 2909 2640 2978; x_wconf 67' lang='grc' dir='ltr'><strong>Οὗτος,</strong></span> <span class='ocrx_word' id='word_1_431' title='bbox 2676 2918 2868 2982; x_wconf 81' lang='grc' dir='ltr'><strong>φησὶν,</strong></span> <span class='ocrx_word' id='word_1_432' title='bbox 2906 2912 3027 2965; x_wconf 79' lang='grc' dir='ltr'><strong>οὐδὲ</strong></span> <span class='ocrx_word' id='word_1_433' title='bbox 3066 2910 3366 2978; x_wconf 81' lang='grc' dir='ltr'><strong>ἀναστῆναι</strong></span> <span class='ocrx_word' id='word_1_434' title='bbox 3388 2910 3612 2969; x_wconf 76' lang='grc' dir='ltr'><strong>δυνατὸς</strong></span> <span class='ocrx_word' id='word_1_435' title='bbox 3655 2910 3832 2968; x_wconf 83' lang='grc' dir='ltr'><strong>ἔσται,</strong></span> <span class='ocrx_word' id='word_1_436' title='bbox 3863 2910 3906 2956; x_wconf 84' lang='grc' dir='ltr'><strong>εί</strong></span> <span class='ocrx_word' id='word_1_437' title='bbox 3946 2909 4016 2971; x_wconf 77' lang='grc' dir='ltr'><strong>μή</strong></span> 
     </span>
    </p>
   </div>
   <div class='ocr_carea' id='block_1_60' title="bbox 2446 3001 4017 3075">
    <p class='ocr_par' dir='ltr' id='par_1_60' title="bbox 2446 3001 4017 3075">
     <span class='ocr_line' id='line_1_60' title="bbox 2446 3001 4017 3075; baseline -0.009 -16"><span class='ocrx_word' id='word_1_438' title='bbox 2446 3025 2548 3060; x_wconf 86' lang='grc' dir='ltr'><strong>που</strong></span> <span class='ocrx_word' id='word_1_439' title='bbox 2582 3005 2775 3075; x_wconf 83' lang='grc' dir='ltr'><strong>βοηθὸν</strong></span> <span class='ocrx_word' id='word_1_440' title='bbox 2802 3005 2964 3066; x_wconf 76' lang='grc' dir='ltr'><strong>αὐτὸς</strong></span> <span class='ocrx_word' id='word_1_441' title='bbox 3004 3007 3160 3074; x_wconf 86' lang='grc' dir='ltr'><strong>χεῖρα</strong></span> <span class='ocrx_word' id='word_1_442' title='bbox 3202 3003 3435 3072; x_wconf 77' lang='grc' dir='ltr'><strong>ὀρέξεις.</strong></span> <span class='ocrx_word' id='word_1_443' title='bbox 3468 3001 3764 3067; x_wconf 72' lang='grc' dir='ltr'><strong>Διὰὁλεψον</strong></span> <span class='ocrx_word' id='word_1_444' title='bbox 3792 3014 4017 3065; x_wconf 79' lang='grc' dir='ltr'><strong>τοιγαρο</strong></span> 
     </span>
    </p>
   </div>
   <div class='ocr_carea' id='block_1_61' title="bbox 2446 3088 4015 3160">
    <p class='ocr_par' dir='ltr' id='par_1_61' title="bbox 2446 3088 4015 3160">
     <span class='ocr_line' id='line_1_61' title="bbox 2446 3088 4015 3160; baseline -0.01 -12"><span class='ocrx_word' id='word_1_445' title='bbox 2446 3095 2654 3148; x_wconf 77' lang='grc' dir='ltr'><strong>οὖνκαὶ</strong></span> <span class='ocrx_word' id='word_1_446' title='bbox 2674 3093 2844 3160; x_wconf 81' lang='grc' dir='ltr'><strong>γνῶθι</strong></span> <span class='ocrx_word' id='word_1_447' title='bbox 2862 3094 2936 3154; x_wconf 78' lang='grc' dir='ltr'><strong>ὡς</strong></span> <span class='ocrx_word' id='word_1_448' title='bbox 2962 3094 3022 3143; x_wconf 84' lang='grc' dir='ltr'><strong>οὺ</strong></span> <span class='ocrx_word' id='word_1_449' title='bbox 3049 3093 3273 3160; x_wconf 81' lang='grc' dir='ltr'><strong>γοητεία</strong></span> <span class='ocrx_word' id='word_1_450' title='bbox 3304 3092 3369 3142; x_wconf 78' lang='grc' dir='ltr'><strong>τὰ</strong></span> <span class='ocrx_word' id='word_1_451' title='bbox 3399 3107 3466 3140; x_wconf 77' lang='grc' dir='ltr'><strong>πα</strong></span> <span class='ocrx_word' id='word_1_452' title='bbox 3480 3091 3639 3156; x_wconf 64' lang='grc' dir='ltr'><strong>ρῦντα</strong></span> <span class='ocrx_word' id='word_1_453' title='bbox 3684 3089 3777 3140; x_wconf 75' lang='grc' dir='ltr'><strong>καὶ</strong></span> <span class='ocrx_word' id='word_1_454' title='bbox 3827 3088 4015 3154; x_wconf 79' lang='grc' dir='ltr'><strong>τέχνη,</strong></span> 
     </span>
    </p>
   </div>
   <div class='ocr_carea' id='block_1_62' title="bbox 779 3170 2458 3255">
    <p class='ocr_par' dir='ltr' id='par_1_62' title="bbox 779 3170 2458 3244">
     <span class='ocr_line' id='line_1_62' title="bbox 779 3170 2458 3244; baseline 0.003 -22"><span class='ocrx_word' id='word_1_455' title='bbox 779 3181 906 3223; x_wconf 86' lang='lat' dir='ltr'><strong>sunt</strong></span> <span class='ocrx_word' id='word_1_456' title='bbox 936 3210 949 3232; x_wconf 92' lang='lat'><strong>,</strong></span> <span class='ocrx_word' id='word_1_457' title='bbox 983 3170 1079 3224; x_wconf 90' lang='lat' dir='ltr'><strong>sed</strong></span> <span class='ocrx_word' id='word_1_458' title='bbox 1115 3172 1279 3225; x_wconf 90' lang='lat' dir='ltr'><strong>Deum</strong></span> <span class='ocrx_word' id='word_1_459' title='bbox 1321 3173 1557 3239; x_wconf 83' lang='lat' dir='ltr'><strong>aliquem</strong></span> <span class='ocrx_word' id='word_1_460' title='bbox 1592 3173 1644 3225; x_wconf 93' lang='lat' dir='ltr'><strong>in</strong></span> <span class='ocrx_word' id='word_1_461' title='bbox 1694 3189 1778 3225; x_wconf 91' lang='lat' dir='ltr'><strong>me</strong></span> <span class='ocrx_word' id='word_1_462' title='bbox 1801 3175 2042 3241; x_wconf 89' lang='lat' dir='ltr'><strong>operari,</strong></span> <span class='ocrx_word' id='word_1_463' title='bbox 2078 3175 2169 3241; x_wconf 89' lang='lat' dir='ltr'><strong>qui</strong></span> <span class='ocrx_word' id='word_1_464' title='bbox 2200 3175 2249 3225; x_wconf 93' lang='lat' dir='ltr'><strong>in</strong></span> <span class='ocrx_word' id='word_1_465' title='bbox 2289 3183 2339 3226; x_wconf 91' lang='lat' dir='ltr'><strong>te</strong></span> <span class='ocrx_word' id='word_1_466' title='bbox 2366 3181 2412 3244; x_wconf 71' lang='grc' dir='ltr'>ο</span> <span class='ocrx_word' id='word_1_467' title='bbox 2449 3208 2458 3240; x_wconf 60' lang='grc' dir='ltr'>ε</span> 
     </span>
    </p>
   </div>
   <div class='ocr_carea' id='block_1_63' title="bbox 2338 3170 4017 3255">
    <p class='ocr_par' dir='ltr' id='par_1_63' title="bbox 2338 3180 4017 3255">
     <span class='ocr_line' id='line_1_63' title="bbox 2338 3180 4017 3255; baseline -0.009 -10"><span class='ocrx_word' id='word_1_468' title='bbox 2338 3181 2412 3244; x_wconf 46' lang='grc' dir='ltr'><strong>κο</strong></span> <span class='ocrx_word' id='word_1_469' title='bbox 2449 3189 2584 3241; x_wconf 79' lang='grc' dir='ltr'><strong>ἀλλὰ</strong></span> <span class='ocrx_word' id='word_1_470' title='bbox 2627 3203 2711 3248; x_wconf 86' lang='grc' dir='ltr'><strong>τις</strong></span> <span class='ocrx_word' id='word_1_471' title='bbox 2754 3187 2974 3255; x_wconf 79' lang='grc' dir='ltr'><strong>ἐνεργεῖ</strong></span> <span class='ocrx_word' id='word_1_472' title='bbox 3022 3184 3154 3246; x_wconf 78' lang='grc' dir='ltr'><strong>Θεὸς</strong></span> <span class='ocrx_word' id='word_1_473' title='bbox 3185 3186 3242 3235; x_wconf 83' lang='grc' dir='ltr'><strong>ὲν</strong></span> <span class='ocrx_word' id='word_1_474' title='bbox 3274 3185 3419 3253; x_wconf 75' lang='grc' dir='ltr'><strong>ἐμοὶ,</strong></span> <span class='ocrx_word' id='word_1_475' title='bbox 3447 3183 3514 3234; x_wconf 72' lang='grc' dir='ltr'><strong>τὰ</strong></span> <span class='ocrx_word' id='word_1_476' title='bbox 3545 3183 3635 3234; x_wconf 84' lang='grc' dir='ltr'><strong>ίσα</strong></span> <span class='ocrx_word' id='word_1_477' title='bbox 3674 3180 3769 3232; x_wconf 76' lang='grc' dir='ltr'><strong>καὶ</strong></span> <span class='ocrx_word' id='word_1_478' title='bbox 3802 3181 3894 3231; x_wconf 71' lang='grc' dir='ltr'><strong>ἐπὶ</strong></span> <span class='ocrx_word' id='word_1_479' title='bbox 3933 3180 4017 3230; x_wconf 81' lang='grc' dir='ltr'><strong>σοὶ</strong></span> 
     </span>
    </p>
   </div>
   <div class='ocr_carea' id='block_1_64' title="bbox 778 3261 2343 3330">
    <p class='ocr_par' dir='ltr' id='par_1_64' title="bbox 778 3261 2343 3330">
     <span class='ocr_line' id='line_1_64' title="bbox 778 3261 2343 3330; baseline 0.003 -18"><span class='ocrx_word' id='word_1_480' title='bbox 778 3277 996 3330; x_wconf 87' lang='lat' dir='ltr'><strong>quoque</strong></span> <span class='ocrx_word' id='word_1_481' title='bbox 1030 3271 1207 3329; x_wconf 87' lang='lat' dir='ltr'><strong>potest</strong></span> <span class='ocrx_word' id='word_1_482' title='bbox 1239 3263 1427 3316; x_wconf 90' lang='lat' dir='ltr'><strong>eadem</strong></span> <span class='ocrx_word' id='word_1_483' title='bbox 1463 3261 1640 3314; x_wconf 80' lang='lat' dir='ltr'><strong>facere</strong></span> <span class='ocrx_word' id='word_1_484' title='bbox 1696 3264 1977 3324; x_wconf 83' lang='lat' dir='ltr'><strong>miracula,</strong></span> <span class='ocrx_word' id='word_1_485' title='bbox 2036 3264 2080 3316; x_wconf 92' lang='lat' dir='ltr'><strong>si</strong></span> <span class='ocrx_word' id='word_1_486' title='bbox 2132 3272 2343 3316; x_wconf 89' lang='lat' dir='ltr'><strong>tantum</strong></span> 
     </span>
    </p>
   </div>
   <div class='ocr_carea' id='block_1_65' title="bbox 780 3353 2348 3423">
    <p class='ocr_par' dir='ltr' id='par_1_65' title="bbox 780 3353 2348 3423">
     <span class='ocr_line' id='line_1_65' title="bbox 780 3353 2348 3423; baseline 0.004 -20"><span class='ocrx_word' id='word_1_487' title='bbox 780 3353 832 3405; x_wconf 89' lang='lat' dir='ltr'><strong>in</strong></span> <span class='ocrx_word' id='word_1_488' title='bbox 868 3369 990 3406; x_wconf 86' lang='lat' dir='ltr'><strong>eum</strong></span> <span class='ocrx_word' id='word_1_489' title='bbox 1024 3355 1344 3407; x_wconf 79' lang='lat' dir='ltr'><strong>credideris.</strong></span> <span class='ocrx_word' id='word_1_490' title='bbox 1378 3355 1572 3407; x_wconf 80' lang='lat' dir='ltr'><strong>Animo</strong></span> <span class='ocrx_word' id='word_1_491' title='bbox 1603 3372 1730 3422; x_wconf 74' lang='lat' dir='ltr'><strong>ergo</strong></span> <span class='ocrx_word' id='word_1_492' title='bbox 1759 3355 1914 3408; x_wconf 74' lang='lat' dir='ltr'><strong>valde</strong></span> <span class='ocrx_word' id='word_1_493' title='bbox 1962 3356 2157 3409; x_wconf 82' lang='lat' dir='ltr'><strong>anxius</strong></span> <span class='ocrx_word' id='word_1_494' title='bbox 2215 3371 2348 3423; x_wconf 72' lang='lat' dir='ltr'><strong>pra:-</strong></span> 
     </span>
    </p>
   </div>
   <div class='ocr_carea' id='block_1_66' title="bbox 780 3446 2346 3518">
    <p class='ocr_par' dir='ltr' id='par_1_66' title="bbox 780 3446 2346 3518">
     <span class='ocr_line' id='line_1_66' title="bbox 780 3446 2346 3518; baseline 0.002 -19"><span class='ocrx_word' id='word_1_495' title='bbox 780 3463 887 3505; x_wconf 73' lang='lat' dir='ltr'><strong>svs,</strong></span> <span class='ocrx_word' id='word_1_496' title='bbox 922 3446 1067 3514; x_wconf 84' lang='lat' dir='ltr'><strong>quod</strong></span> <span class='ocrx_word' id='word_1_497' title='bbox 1101 3453 1208 3514; x_wconf 88' lang='lat' dir='ltr'><strong>jam</strong></span> <span class='ocrx_word' id='word_1_498' title='bbox 1238 3449 1409 3514; x_wconf 90' lang='lat' dir='ltr'><strong>ipsius</strong></span> <span class='ocrx_word' id='word_1_499' title='bbox 1451 3463 1667 3516; x_wconf 86' lang='lat' dir='ltr'><strong>quoque</strong></span> <span class='ocrx_word' id='word_1_500' title='bbox 1709 3450 1952 3501; x_wconf 78' lang='lat' dir='ltr'><strong>Cailinici</strong></span> <span class='ocrx_word' id='word_1_501' title='bbox 2019 3449 2346 3518; x_wconf 79' lang='lat' dir='ltr'><strong>lecissctja-</strong></span> 
     </span>
    </p>
   </div>
   <div class='ocr_carea' id='block_1_67' title="bbox 790 3541 2239 3608">
    <p class='ocr_par' dir='ltr' id='par_1_67' title="bbox 790 3541 2239 3608">
     <span class='ocr_line' id='line_1_67' title="bbox 790 3541 2239 3608; baseline -0.001 -14"><span class='ocrx_word' id='word_1_502' title='bbox 790 3551 1027 3603; x_wconf 82' lang='lat' dir='ltr'><strong>etnram,</strong></span> <span class='ocrx_word' id='word_1_503' title='bbox 1053 3552 1182 3593; x_wconf 90' lang='lat' dir='ltr'><strong>tunc</strong></span> <span class='ocrx_word' id='word_1_504' title='bbox 1231 3541 1452 3608; x_wconf 82' lang='lat' dir='ltr'><strong>quidem</strong></span> <span class='ocrx_word' id='word_1_505' title='bbox 1487 3555 1610 3594; x_wconf 91' lang='lat' dir='ltr'><strong>eum</strong></span> <span class='ocrx_word' id='word_1_506' title='bbox 1643 3541 1876 3594; x_wconf 90' lang='lat' dir='ltr'><strong>includit</strong></span> <span class='ocrx_word' id='word_1_507' title='bbox 1904 3542 1956 3594; x_wconf 91' lang='lat' dir='ltr'><strong>in</strong></span> <span class='ocrx_word' id='word_1_508' title='bbox 1993 3557 2239 3595; x_wconf 89' lang='lat' dir='ltr'><strong>carcere.</strong></span> 
     </span>
    </p>
   </div>
   <div class='ocr_carea' id='block_1_68' title="bbox 857 3632 2344 3702">
    <p class='ocr_par' dir='ltr' id='par_1_68' title="bbox 857 3632 2344 3702">
     <span class='ocr_line' id='line_1_68' title="bbox 857 3632 2344 3702; baseline 0.001 -17"><span class='ocrx_word' id='word_1_509' title='bbox 857 3632 1018 3686; x_wconf 72' lang='lat' dir='ltr'><strong>XXV.</strong></span> <span class='ocrx_word' id='word_1_510' title='bbox 1051 3633 1186 3686; x_wconf 86' lang='lat' dir='ltr'><strong>Cum</strong></span> <span class='ocrx_word' id='word_1_511' title='bbox 1250 3647 1407 3686; x_wconf 88' lang='lat' dir='ltr'><strong>mane</strong></span> <span class='ocrx_word' id='word_1_512' title='bbox 1445 3643 1628 3687; x_wconf 89' lang='lat' dir='ltr'><strong>autem</strong></span> <span class='ocrx_word' id='word_1_513' title='bbox 1679 3634 2040 3696; x_wconf 66' lang='lat' dir='ltr'><strong>surrexisset,</strong></span> <span class='ocrx_word' id='word_1_514' title='bbox 2085 3633 2344 3702; x_wconf 91' lang='lat' dir='ltr'><strong>quoniam</strong></span> 
     </span>
    </p>
   </div>
   <div class='ocr_carea' id='block_1_69' title="bbox 784 3724 2348 3794">
    <p class='ocr_par' dir='ltr' id='par_1_69' title="bbox 784 3724 2348 3794">
     <span class='ocr_line' id='line_1_69' title="bbox 784 3724 2348 3794; baseline 0.001 -17"><span class='ocrx_word' id='word_1_515' title='bbox 784 3726 961 3788; x_wconf 87' lang='lat' dir='ltr'><strong>malis,</strong></span> <span class='ocrx_word' id='word_1_516' title='bbox 1011 3741 1132 3794; x_wconf 64' lang='lat' dir='ltr'><strong>quae</strong></span> <span class='ocrx_word' id='word_1_517' title='bbox 1165 3724 1569 3794; x_wconf 60' lang='lat' dir='ltr'><strong>inlligerentur,</strong></span> <span class='ocrx_word' id='word_1_518' title='bbox 1611 3742 1736 3780; x_wconf 89' lang='lat' dir='ltr'><strong>eum</strong></span> <span class='ocrx_word' id='word_1_519' title='bbox 1767 3737 1991 3780; x_wconf 77' lang='lat' dir='ltr'><strong>noverat</strong></span> <span class='ocrx_word' id='word_1_520' title='bbox 2018 3726 2134 3779; x_wconf 79' lang='lat' dir='ltr'><strong>fore</strong></span> <span class='ocrx_word' id='word_1_521' title='bbox 2181 3741 2348 3793; x_wconf 87' lang='lat' dir='ltr'><strong>supe-</strong></span> 
     </span>
    </p>
   </div>
   <div class='ocr_carea' id='block_1_70' title="bbox 782 3817 2345 3886">
    <p class='ocr_par' dir='ltr' id='par_1_70' title="bbox 782 3817 2345 3886">
     <span class='ocr_line' id='line_1_70' title="bbox 782 3817 2345 3886; baseline 0 -16"><span class='ocrx_word' id='word_1_522' title='bbox 782 3817 1007 3881; x_wconf 82' lang='lat' dir='ltr'><strong>riorem,</strong></span> <span class='ocrx_word' id='word_1_523' title='bbox 1043 3828 1101 3871; x_wconf 95' lang='lat' dir='ltr'><strong>ut</strong></span> <span class='ocrx_word' id='word_1_524' title='bbox 1131 3818 1224 3885; x_wconf 91' lang='lat' dir='ltr'><strong>qui</strong></span> <span class='ocrx_word' id='word_1_525' title='bbox 1282 3817 1473 3886; x_wconf 80' lang='lat' dir='ltr'><strong>Thyrsi</strong></span> <span class='ocrx_word' id='word_1_526' title='bbox 1530 3828 1676 3872; x_wconf 88' lang='lat' dir='ltr'><strong>esset</strong></span> <span class='ocrx_word' id='word_1_527' title='bbox 1732 3819 2035 3882; x_wconf 76' lang='lat' dir='ltr'><strong>annulator,</strong></span> <span class='ocrx_word' id='word_1_528' title='bbox 2069 3819 2121 3871; x_wconf 91' lang='lat' dir='ltr'><strong>in</strong></span> <span class='ocrx_word' id='word_1_529' title='bbox 2154 3820 2345 3870; x_wconf 85' lang='lat' dir='ltr'><strong>ambos</strong></span> 
     </span>
    </p>
   </div>
   <div class='ocr_carea' id='block_1_71' title="bbox 782 3909 2345 3978">
    <p class='ocr_par' dir='ltr' id='par_1_71' title="bbox 782 3909 2345 3978">
     <span class='ocr_line' id='line_1_71' title="bbox 782 3909 2345 3978; baseline 0.002 -18"><span class='ocrx_word' id='word_1_530' title='bbox 782 3910 947 3962; x_wconf 86' lang='lat' dir='ltr'><strong>talem</strong></span> <span class='ocrx_word' id='word_1_531' title='bbox 994 3909 1315 3978; x_wconf 82' lang='lat' dir='ltr'><strong>pronuntiat</strong></span> <span class='ocrx_word' id='word_1_532' title='bbox 1357 3910 1683 3962; x_wconf 71' lang='lat' dir='ltr'><strong>sententiam</strong></span> <span class='ocrx_word' id='word_1_533' title='bbox 1719 3928 1730 3963; x_wconf 94' lang='lat'>:</span> <span class='ocrx_word' id='word_1_534' title='bbox 1766 3909 1920 3962; x_wconf 92' lang='lat' dir='ltr'><strong>lllmn</strong></span> <span class='ocrx_word' id='word_1_535' title='bbox 1962 3909 2204 3978; x_wconf 88' lang='lat' dir='ltr'><strong>quidem,</strong></span> <span class='ocrx_word' id='word_1_536' title='bbox 2260 3909 2345 3963; x_wconf 85' lang='lat' dir='ltr'><strong>iti-</strong></span> 
     </span>
    </p>
   </div>
   <div class='ocr_carea' id='block_1_72' title="bbox 782 4003 2344 4072">
    <p class='ocr_par' dir='ltr' id='par_1_72' title="bbox 782 4003 2344 4072">
     <span class='ocr_line' id='line_1_72' title="bbox 782 4003 2344 4072; baseline -0.001 -17"><span class='ocrx_word' id='word_1_537' title='bbox 782 4004 923 4072; x_wconf 89' lang='lat' dir='ltr'><strong>quit,</strong></span> <span class='ocrx_word' id='word_1_538' title='bbox 979 4003 1070 4071; x_wconf 89' lang='lat' dir='ltr'><strong>qui</strong></span> <span class='ocrx_word' id='word_1_539' title='bbox 1121 4017 1230 4055; x_wconf 84' lang='lat' dir='ltr'><strong>sea</strong></span> <span class='ocrx_word' id='word_1_540' title='bbox 1284 4003 1510 4056; x_wconf 89' lang='lat' dir='ltr'><strong>deorum</strong></span> <span class='ocrx_word' id='word_1_541' title='bbox 1570 4004 1796 4071; x_wconf 90' lang='lat' dir='ltr'><strong>abrupit</strong></span> <span class='ocrx_word' id='word_1_542' title='bbox 1847 4005 2234 4071; x_wconf 83' lang='lat' dir='ltr'><strong>conjunctione</strong></span> <span class='ocrx_word' id='word_1_543' title='bbox 2288 4011 2344 4055; x_wconf 88' lang='lat' dir='ltr'><strong>et</strong></span> 
     </span>
    </p>
   </div>
   <div class='ocr_carea' id='block_1_73' title="bbox 783 4095 2344 4165">
    <p class='ocr_par' dir='ltr' id='par_1_73' title="bbox 783 4095 2344 4165">
     <span class='ocr_line' id='line_1_73' title="bbox 783 4095 2344 4165; baseline 0.002 -19"><span class='ocrx_word' id='word_1_544' title='bbox 783 4095 1176 4160; x_wconf 79' lang='lat' dir='ltr'><strong>familiaritate,</strong></span> <span class='ocrx_word' id='word_1_545' title='bbox 1221 4103 1276 4148; x_wconf 88' lang='lat' dir='ltr'><strong>et</strong></span> <span class='ocrx_word' id='word_1_546' title='bbox 1309 4096 1503 4149; x_wconf 92' lang='lat' dir='ltr'><strong>horum</strong></span> <span class='ocrx_word' id='word_1_547' title='bbox 1555 4096 1879 4149; x_wconf 91' lang='lat' dir='ltr'><strong>miserorum</strong></span> <span class='ocrx_word' id='word_1_548' title='bbox 1940 4095 2143 4158; x_wconf 80' lang='lat' dir='ltr'><strong>fraudi,</strong></span> <span class='ocrx_word' id='word_1_549' title='bbox 2203 4111 2344 4165; x_wconf 86' lang='lat' dir='ltr'><strong>quos</strong></span> 
     </span>
    </p>
   </div>
   <div class='ocr_carea' id='block_1_74' title="bbox 781 4189 2342 4261">
    <p class='ocr_par' dir='ltr' id='par_1_74' title="bbox 781 4189 2342 4261">
     <span class='ocr_line' id='line_1_74' title="bbox 781 4189 2342 4261; baseline 0.002 -19"><span class='ocrx_word' id='word_1_550' title='bbox 781 4189 1124 4243; x_wconf 85' lang='lat' dir='ltr'><strong>Christianos</strong></span> <span class='ocrx_word' id='word_1_551' title='bbox 1153 4199 1372 4252; x_wconf 80' lang='lat' dir='ltr'><strong>vocant,</strong></span> <span class='ocrx_word' id='word_1_552' title='bbox 1422 4205 1477 4242; x_wconf 91' lang='lat' dir='ltr'><strong>se</strong></span> <span class='ocrx_word' id='word_1_553' title='bbox 1524 4189 1794 4259; x_wconf 80' lang='lat' dir='ltr'><strong>adjunxit,</strong></span> <span class='ocrx_word' id='word_1_554' title='bbox 1829 4190 2149 4244; x_wconf 89' lang='lat' dir='ltr'><strong>Callinicum</strong></span> <span class='ocrx_word' id='word_1_555' title='bbox 2175 4192 2342 4261; x_wconf 85' lang='lat' dir='ltr'><strong>jubeo</strong></span> 
     </span>
    </p>
   </div>
   <div class='ocr_carea' id='block_1_75' title="bbox 780 4271 2342 4354">
    <p class='ocr_par' dir='ltr' id='par_1_75' title="bbox 780 4271 2342 4354">
     <span class='ocr_line' id='line_1_75' title="bbox 780 4271 2342 4354; baseline 0.001 -17"><span class='ocrx_word' id='word_1_556' title='bbox 780 4299 912 4337; x_wconf 86' lang='lat' dir='ltr'><strong>ense</strong></span> <span class='ocrx_word' id='word_1_557' title='bbox 947 4293 1176 4336; x_wconf 89' lang='lat' dir='ltr'><strong>mortem</strong></span> <span class='ocrx_word' id='word_1_558' title='bbox 1207 4283 1431 4347; x_wconf 85' lang='lat' dir='ltr'><strong>subire;</strong></span> <span class='ocrx_word' id='word_1_559' title='bbox 1471 4271 1741 4354; x_wconf 72' lang='lat' dir='ltr'><strong>Thyrsutn</strong></span> <span class='ocrx_word' id='word_1_560' title='bbox 1801 4300 1951 4346; x_wconf 72' lang='lat' dir='ltr'><strong>vero,</strong></span> <span class='ocrx_word' id='word_1_561' title='bbox 2014 4285 2107 4354; x_wconf 87' lang='lat' dir='ltr'><strong>qui</strong></span> <span class='ocrx_word' id='word_1_562' title='bbox 2159 4286 2342 4338; x_wconf 92' lang='lat' dir='ltr'><strong>multis</strong></span> 
     </span>
    </p>
   </div>
   <div class='ocr_carea' id='block_1_76' title="bbox 779 4376 2343 4445">
    <p class='ocr_par' dir='ltr' id='par_1_76' title="bbox 779 4376 2343 4445">
     <span class='ocr_line' id='line_1_76' title="bbox 779 4376 2343 4445; baseline 0.001 -19"><span class='ocrx_word' id='word_1_563' title='bbox 779 4377 1043 4444; x_wconf 70' lang='lat' dir='ltr'><strong>gloriatur</strong></span> <span class='ocrx_word' id='word_1_564' title='bbox 1095 4376 1377 4443; x_wconf 75' lang='lat' dir='ltr'><strong>prodigiis.</strong></span> <span class='ocrx_word' id='word_1_565' title='bbox 1429 4385 1482 4428; x_wconf 90' lang='lat' dir='ltr'><strong>et</strong></span> <span class='ocrx_word' id='word_1_566' title='bbox 1533 4377 1624 4445; x_wconf 94' lang='lat' dir='ltr'><strong>qui</strong></span> <span class='ocrx_word' id='word_1_567' title='bbox 1685 4379 1848 4429; x_wconf 81' lang='lat' dir='ltr'><strong>etiam</strong></span> <span class='ocrx_word' id='word_1_568' title='bbox 1912 4379 2248 4442; x_wconf 81' lang='lat' dir='ltr'><strong>procuravit,</strong></span> <span class='ocrx_word' id='word_1_569' title='bbox 2285 4387 2343 4428; x_wconf 92' lang='lat' dir='ltr'><strong>ut</strong></span> 
     </span>
    </p>
   </div>
   <div class='ocr_carea' id='block_1_77' title="bbox 782 4468 2342 4536">
    <p class='ocr_par' dir='ltr' id='par_1_77' title="bbox 782 4468 2342 4536">
     <span class='ocr_line' id='line_1_77' title="bbox 782 4468 2342 4536; baseline 0.001 -17"><span class='ocrx_word' id='word_1_570' title='bbox 782 4468 949 4521; x_wconf 86' lang='lat' dir='ltr'><strong>miser</strong></span> <span class='ocrx_word' id='word_1_571' title='bbox 1003 4479 1408 4535; x_wconf 74' lang='lat' dir='ltr'><strong>perrerteretur</strong></span> <span class='ocrx_word' id='word_1_572' title='bbox 1454 4468 1774 4526; x_wconf 84' lang='lat' dir='ltr'><strong>Callinicus.</strong></span> <span class='ocrx_word' id='word_1_573' title='bbox 1821 4469 1875 4521; x_wconf 91' lang='lat' dir='ltr'><strong>in</strong></span> <span class='ocrx_word' id='word_1_574' title='bbox 1936 4469 2226 4536; x_wconf 81' lang='lat' dir='ltr'><strong>quamdam</strong></span> <span class='ocrx_word' id='word_1_575' title='bbox 2277 4469 2342 4521; x_wconf 91' lang='lat' dir='ltr'><strong>li-</strong></span> 
     </span>
    </p>
   </div>
   <div class='ocr_carea' id='block_1_78' title="bbox 2452 3271 4017 3348">
    <p class='ocr_par' dir='ltr' id='par_1_78' title="bbox 2452 3271 4017 3348">
     <span class='ocr_line' id='line_1_78' title="bbox 2452 3271 4017 3348; baseline -0.008 -16"><span class='ocrx_word' id='word_1_576' title='bbox 2452 3279 2948 3348; x_wconf 63' lang='grc' dir='ltr'><strong>θλυματουργῆσαι</strong></span> <span class='ocrx_word' id='word_1_577' title='bbox 2983 3277 3305 3344; x_wconf 80' lang='grc' dir='ltr'><strong>δυνάμενος,</strong></span> <span class='ocrx_word' id='word_1_578' title='bbox 3350 3275 3508 3343; x_wconf 81' lang='grc' dir='ltr'><strong>μόνον</strong></span> <span class='ocrx_word' id='word_1_579' title='bbox 3536 3275 3583 3325; x_wconf 85' lang='grc' dir='ltr'><strong>εί</strong></span> <span class='ocrx_word' id='word_1_580' title='bbox 3613 3271 3697 3323; x_wconf 76' lang='grc' dir='ltr'><strong>ἐπ’</strong></span> <span class='ocrx_word' id='word_1_581' title='bbox 3721 3271 3884 3323; x_wconf 80' lang='grc' dir='ltr'><strong>αὑτὸν</strong></span> <span class='ocrx_word' id='word_1_582' title='bbox 3924 3287 4017 3320; x_wconf 83' lang='grc' dir='ltr'><strong>πι-</strong></span> 
     </span>
    </p>
   </div>
   <div class='ocr_carea' id='block_1_79' title="bbox 2453 3363 4016 3439">
    <p class='ocr_par' dir='ltr' id='par_1_79' title="bbox 2453 3363 4016 3439">
     <span class='ocr_line' id='line_1_79' title="bbox 2453 3363 4016 3439; baseline -0.01 -13"><span class='ocrx_word' id='word_1_583' title='bbox 2453 3373 2760 3432; x_wconf 79' lang='grc' dir='ltr'><strong>στεύσειας.</strong></span> <span class='ocrx_word' id='word_1_584' title='bbox 2797 3369 3009 3439; x_wconf 76' lang='grc' dir='ltr'><strong>Σφόδρα</strong></span> <span class='ocrx_word' id='word_1_585' title='bbox 3061 3367 3193 3436; x_wconf 80' lang='grc' dir='ltr'><strong>γοῦν</strong></span> <span class='ocrx_word' id='word_1_586' title='bbox 3235 3367 3526 3434; x_wconf 78' lang='grc' dir='ltr'><strong>ἀθυμήσας</strong></span> <span class='ocrx_word' id='word_1_587' title='bbox 3571 3367 3598 3415; x_wconf 82' lang='grc' dir='ltr'>ὁ</span> <span class='ocrx_word' id='word_1_588' title='bbox 3645 3363 3888 3432; x_wconf 73' lang='grc' dir='ltr'><strong>ἡγεμὼν,</strong></span> <span class='ocrx_word' id='word_1_589' title='bbox 3933 3365 4016 3413; x_wconf 66' lang='grc' dir='ltr'><strong>δη</strong></span> 
     </span>
    </p>
   </div>
   <div class='ocr_carea' id='block_1_80' title="bbox 2451 3454 4018 3532">
    <p class='ocr_par' dir='ltr' id='par_1_80' title="bbox 2451 3454 4018 3532">
     <span class='ocr_line' id='line_1_80' title="bbox 2451 3454 4018 3532; baseline -0.009 -14"><span class='ocrx_word' id='word_1_590' title='bbox 2451 3467 2545 3518; x_wconf 68' lang='grc' dir='ltr'><strong>κα)⁸</strong></span> <span class='ocrx_word' id='word_1_591' title='bbox 2577 3465 2740 3516; x_wconf 65' lang='grc' dir='ltr'><strong>αὑτὸν</strong></span> <span class='ocrx_word' id='word_1_592' title='bbox 2770 3463 2868 3532; x_wconf 76' lang='grc' dir='ltr'><strong>ἤδη</strong></span> <span class='ocrx_word' id='word_1_593' title='bbox 2900 3464 2991 3513; x_wconf 69' lang='grc' dir='ltr'><strong>τὸν</strong></span> <span class='ocrx_word' id='word_1_594' title='bbox 3026 3460 3350 3512; x_wconf 70' lang='grc' dir='ltr'><strong>Καλλίνικον</strong></span> <span class='ocrx_word' id='word_1_595' title='bbox 3394 3458 3686 3524; x_wconf 49' lang='grc' dir='ltr'><strong>ἐζημίωτο,</strong></span> <span class='ocrx_word' id='word_1_596' title='bbox 3714 3454 4018 3523; x_wconf 67' lang='grc' dir='ltr'><strong>τηνικαῦτα</strong></span> 
     </span>
    </p>
   </div>
   <div class='ocr_carea' id='block_1_81' title="bbox 2453 3553 3477 3628">
    <p class='ocr_par' dir='ltr' id='par_1_81' title="bbox 2453 3553 3477 3628">
     <span class='ocr_line' id='line_1_81' title="bbox 2453 3553 3477 3628; baseline -0.007 -18"><span class='ocrx_word' id='word_1_597' title='bbox 2453 3558 2552 3628; x_wconf 66' lang='grc' dir='ltr'><strong>μιν</strong></span> <span class='ocrx_word' id='word_1_598' title='bbox 2585 3559 2778 3626; x_wconf 79' lang='grc' dir='ltr'><strong>εἱρκτῇ</strong></span> <span class='ocrx_word' id='word_1_599' title='bbox 2820 3555 3134 3608; x_wconf 73' lang='grc' dir='ltr'><strong>κατακλείει</strong></span> <span class='ocrx_word' id='word_1_600' title='bbox 3168 3554 3258 3603; x_wconf 66' lang='grc' dir='ltr'><strong>τὸν</strong></span> <span class='ocrx_word' id='word_1_601' title='bbox 3287 3553 3477 3619; x_wconf 81' lang='grc' dir='ltr'><strong>ἄνδρα.</strong></span> 
     </span>
    </p>
   </div>
   <div class='ocr_carea' id='block_1_82' title="bbox 2521 3640 4017 3707">
    <p class='ocr_par' dir='ltr' id='par_1_82' title="bbox 2521 3640 4017 3707">
     <span class='ocr_line' id='line_1_82' title="bbox 2521 3640 4017 3707; baseline -0.009 -5"><span class='ocrx_word' id='word_1_602' title='bbox 2521 3648 2648 3702; x_wconf 63' lang='lat' dir='ltr'><strong>Kl&quot;.</strong></span> <span class='ocrx_word' id='word_1_603' title='bbox 2684 3647 2892 3700; x_wconf 76' lang='grc' dir='ltr'><strong>Ἐωθεν</strong></span> <span class='ocrx_word' id='word_1_604' title='bbox 2925 3648 2980 3698; x_wconf 77' lang='grc' dir='ltr'><strong>δὲ</strong></span> <span class='ocrx_word' id='word_1_605' title='bbox 3013 3645 3274 3707; x_wconf 80' lang='grc' dir='ltr'><strong>ἀναστὰς,</strong></span> <span class='ocrx_word' id='word_1_606' title='bbox 3310 3647 3429 3696; x_wconf 79' lang='grc' dir='ltr'><strong>ἐπεὶ</strong></span> <span class='ocrx_word' id='word_1_607' title='bbox 3469 3642 3652 3696; x_wconf 83' lang='grc' dir='ltr'><strong>κακῶν</strong></span> <span class='ocrx_word' id='word_1_608' title='bbox 3697 3640 4017 3707; x_wconf 72' lang='grc' dir='ltr'><strong>ἐπαγωγαῖς</strong></span> 
     </span>
    </p>
   </div>
   <div class='ocr_carea' id='block_1_83' title="bbox 2451 3730 4012 3810">
    <p class='ocr_par' dir='ltr' id='par_1_83' title="bbox 2451 3730 4012 3810">
     <span class='ocr_line' id='line_1_83' title="bbox 2451 3730 4012 3810; baseline -0.009 -15"><span class='ocrx_word' id='word_1_609' title='bbox 2451 3742 2753 3810; x_wconf 81' lang='grc' dir='ltr'><strong>ἁχείρωτον</strong></span> <span class='ocrx_word' id='word_1_610' title='bbox 2809 3739 2974 3790; x_wconf 73' lang='grc' dir='ltr'><strong>αὑτὸν</strong></span> <span class='ocrx_word' id='word_1_611' title='bbox 3030 3740 3300 3805; x_wconf 68' lang='grc' dir='ltr'><strong>ἑπόμενον</strong></span> <span class='ocrx_word' id='word_1_612' title='bbox 3336 3738 3450 3805; x_wconf 72' lang='grc' dir='ltr'><strong>ᾔδει</strong></span> <span class='ocrx_word' id='word_1_613' title='bbox 3494 3731 3580 3786; x_wconf 80' lang='grc' dir='ltr'><strong>οἷα</strong></span> <span class='ocrx_word' id='word_1_614' title='bbox 3612 3734 3864 3801; x_wconf 78' lang='grc' dir='ltr'><strong>ζηλωτὴν</strong></span> <span class='ocrx_word' id='word_1_615' title='bbox 3917 3730 4012 3782; x_wconf 72' lang='grc' dir='ltr'>τοῦ</span> 
     </span>
    </p>
   </div>
   <div class='ocr_carea' id='block_1_84' title="bbox 2448 3824 4017 3903">
    <p class='ocr_par' dir='ltr' id='par_1_84' title="bbox 2448 3824 4017 3903">
     <span class='ocr_line' id='line_1_84' title="bbox 2448 3824 4017 3903; baseline -0.01 -16"><span class='ocrx_word' id='word_1_616' title='bbox 2448 3835 2658 3903; x_wconf 76' lang='grc' dir='ltr'><strong>Θύρσου</strong></span> <span class='ocrx_word' id='word_1_617' title='bbox 2685 3832 3006 3900; x_wconf 78' lang='grc' dir='ltr'><strong>γενόμενον,</strong></span> <span class='ocrx_word' id='word_1_618' title='bbox 3041 3829 3298 3898; x_wconf 76' lang='grc' dir='ltr'><strong>τοιαύτην</strong></span> <span class='ocrx_word' id='word_1_619' title='bbox 3332 3829 3452 3880; x_wconf 86' lang='grc' dir='ltr'><strong>κατ’</strong></span> <span class='ocrx_word' id='word_1_620' title='bbox 3490 3827 3818 3897; x_wconf 79' lang='grc' dir='ltr'><strong>ἀμφοτέρων</strong></span> <span class='ocrx_word' id='word_1_621' title='bbox 3854 3824 4017 3889; x_wconf 65' lang='grc' dir='ltr'><strong>ἐκφέ-</strong></span> 
     </span>
    </p>
   </div>
   <div class='ocr_carea' id='block_1_85' title="bbox 2451 3917 4014 3997">
    <p class='ocr_par' dir='ltr' id='par_1_85' title="bbox 2451 3917 4014 3997">
     <span class='ocr_line' id='line_1_85' title="bbox 2451 3917 4014 3997; baseline -0.009 -18"><span class='ocrx_word' id='word_1_622' title='bbox 2451 3946 2535 3997; x_wconf 85' lang='grc' dir='ltr'><strong>ρει</strong></span> <span class='ocrx_word' id='word_1_623' title='bbox 2576 3927 2668 3996; x_wconf 77' lang='grc' dir='ltr'><strong>τὴν</strong></span> <span class='ocrx_word' id='word_1_624' title='bbox 2705 3925 2882 3993; x_wconf 78' lang='grc' dir='ltr'>ψῆφον</span> <span class='ocrx_word' id='word_1_625' title='bbox 2917 3941 2930 3955; x_wconf 90' lang='grc'><strong>·</strong></span> <span class='ocrx_word' id='word_1_626' title='bbox 2970 3923 3075 3975; x_wconf 79' lang='grc' dir='ltr'><strong>Τὸν</strong></span> <span class='ocrx_word' id='word_1_627' title='bbox 3114 3924 3211 3992; x_wconf 67' lang='grc' dir='ltr'><strong>μὲν</strong></span> <span class='ocrx_word' id='word_1_628' title='bbox 3260 3924 3674 3992; x_wconf 67' lang='grc' dir='ltr'><strong>ἀπορραγέντα,</strong></span> <span class='ocrx_word' id='word_1_629' title='bbox 3701 3918 3859 3986; x_wconf 75' lang='grc' dir='ltr'><strong>φησὶ,</strong></span> <span class='ocrx_word' id='word_1_630' title='bbox 3904 3917 4014 3984; x_wconf 75' lang='grc' dir='ltr'><strong>πρὸ</strong></span> 
     </span>
    </p>
   </div>
   <div class='ocr_carea' id='block_1_86' title="bbox 2452 4009 4016 4086">
    <p class='ocr_par' dir='ltr' id='par_1_86' title="bbox 2452 4009 4016 4086">
     <span class='ocr_line' id='line_1_86' title="bbox 2452 4009 4016 4086; baseline -0.008 -17"><span class='ocrx_word' id='word_1_631' title='bbox 2452 4016 2652 4086; x_wconf 80' lang='grc' dir='ltr'><strong>μικροῦ</strong></span> <span class='ocrx_word' id='word_1_632' title='bbox 2668 4017 2764 4084; x_wconf 79' lang='grc' dir='ltr'><strong>τῆς</strong></span> <span class='ocrx_word' id='word_1_633' title='bbox 2789 4016 2898 4066; x_wconf 83' lang='grc' dir='ltr'><strong>τῶν</strong></span> <span class='ocrx_word' id='word_1_634' title='bbox 2937 4015 3073 4065; x_wconf 68' lang='grc' dir='ltr'><strong>θεῶν</strong></span> <span class='ocrx_word' id='word_1_635' title='bbox 3100 4015 3448 4074; x_wconf 79' lang='grc' dir='ltr'><strong>οἱκειὼσεως,</strong></span> <span class='ocrx_word' id='word_1_636' title='bbox 3473 4015 3565 4064; x_wconf 76' lang='grc' dir='ltr'><strong>καὶ</strong></span> <span class='ocrx_word' id='word_1_637' title='bbox 3591 4015 3658 4079; x_wconf 80' lang='grc' dir='ltr'><strong>τῇ</strong></span> <span class='ocrx_word' id='word_1_638' title='bbox 3680 4012 3788 4062; x_wconf 83' lang='grc' dir='ltr'><strong>τῶν</strong></span> <span class='ocrx_word' id='word_1_639' title='bbox 3815 4009 4016 4060; x_wconf 82' lang='grc' dir='ltr'><strong>ἀθλίων</strong></span> 
     </span>
    </p>
   </div>
   <div class='ocr_carea' id='block_1_87' title="bbox 2448 4102 4017 4179">
    <p class='ocr_par' dir='ltr' id='par_1_87' title="bbox 2448 4102 4017 4179">
     <span class='ocr_line' id='line_1_87' title="bbox 2448 4102 4017 4179; baseline -0.005 -19"><span class='ocrx_word' id='word_1_640' title='bbox 2448 4111 2652 4162; x_wconf 84' lang='grc' dir='ltr'><strong>τούτων</strong></span> <span class='ocrx_word' id='word_1_641' title='bbox 2681 4109 2867 4179; x_wconf 81' lang='grc' dir='ltr'><strong>ἀπάτῃ</strong></span> <span class='ocrx_word' id='word_1_642' title='bbox 2896 4106 2987 4169; x_wconf 85' lang='grc' dir='ltr'><strong>οὒς</strong></span> <span class='ocrx_word' id='word_1_643' title='bbox 3016 4105 3372 4174; x_wconf 78' lang='grc' dir='ltr'><strong>Χριστιανοὺς</strong></span> <span class='ocrx_word' id='word_1_644' title='bbox 3399 4102 4017 4172; x_wconf 75' lang='grc' dir='ltr'><strong>καλοῦσι,προστεθὲντα</strong></span> 
     </span>
    </p>
   </div>
   <div class='ocr_carea' id='block_1_88' title="bbox 2454 4196 4015 4266">
    <p class='ocr_par' dir='ltr' id='par_1_88' title="bbox 2454 4196 4015 4266">
     <span class='ocr_line' id='line_1_88' title="bbox 2454 4196 4015 4266; baseline -0.006 -13"><span class='ocrx_word' id='word_1_645' title='bbox 2454 4202 2778 4254; x_wconf 81' lang='grc' dir='ltr'><strong>Καλλίνικον</strong></span> <span class='ocrx_word' id='word_1_646' title='bbox 2819 4201 2910 4251; x_wconf 86' lang='grc' dir='ltr'><strong>τὸν</strong></span> <span class='ocrx_word' id='word_1_647' title='bbox 2984 4199 3070 4252; x_wconf 74' lang='grc' dir='ltr'><strong>διὰ</strong></span> <span class='ocrx_word' id='word_1_648' title='bbox 3138 4199 3329 4266; x_wconf 68' lang='grc' dir='ltr'><strong>ξίφους</strong></span> <span class='ocrx_word' id='word_1_649' title='bbox 3392 4197 3622 4250; x_wconf 78' lang='grc' dir='ltr'><strong>θάνατον</strong></span> <span class='ocrx_word' id='word_1_650' title='bbox 3710 4196 4015 4263; x_wconf 77' lang='grc' dir='ltr'><strong>ὑποστῆναι</strong></span> 
     </span>
    </p>
   </div>
   <div class='ocr_carea' id='block_1_89' title="bbox 2452 4287 4016 4361">
    <p class='ocr_par' dir='ltr' id='par_1_89' title="bbox 2452 4287 4016 4361">
     <span class='ocr_line' id='line_1_89' title="bbox 2452 4287 4016 4361; baseline -0.005 -17"><span class='ocrx_word' id='word_1_651' title='bbox 2452 4296 2659 4346; x_wconf 83' lang='grc' dir='ltr'><strong>κ;λεύω</strong></span> <span class='ocrx_word' id='word_1_652' title='bbox 2681 4310 2693 4323; x_wconf 85' lang='grc'><em>’</em></span> <span class='ocrx_word' id='word_1_653' title='bbox 2728 4294 2822 4345; x_wconf 65' lang='grc' dir='ltr'><strong>τὸν</strong></span> <span class='ocrx_word' id='word_1_654' title='bbox 2861 4293 2917 4344; x_wconf 84' lang='grc' dir='ltr'><em>δέ</em></span> <span class='ocrx_word' id='word_1_655' title='bbox 2947 4308 3006 4358; x_wconf 88' lang='grc' dir='ltr'><strong>γε</strong></span> <span class='ocrx_word' id='word_1_656' title='bbox 3052 4291 3272 4351; x_wconf 80' lang='grc' dir='ltr'><strong>πολλαῖς</strong></span> <span class='ocrx_word' id='word_1_657' title='bbox 3304 4291 3616 4361; x_wconf 84' lang='grc' dir='ltr'><strong>τερατείαις</strong></span> <span class='ocrx_word' id='word_1_658' title='bbox 3651 4287 4016 4356; x_wconf 76' lang='grc' dir='ltr'><strong>ὲπισεμνυνό-</strong></span> 
     </span>
    </p>
   </div>
   <div class='ocr_carea' id='block_1_90' title="bbox 2452 4379 4016 4454">
    <p class='ocr_par' dir='ltr' id='par_1_90' title="bbox 2452 4379 4016 4454">
     <span class='ocr_line' id='line_1_90' title="bbox 2452 4379 4016 4454; baseline -0.006 -17"><span class='ocrx_word' id='word_1_659' title='bbox 2452 4402 2612 4454; x_wconf 83' lang='grc' dir='ltr'><strong>μενον</strong></span> <span class='ocrx_word' id='word_1_660' title='bbox 2643 4384 2874 4450; x_wconf 84' lang='grc' dir='ltr'><strong>Θύρσον,</strong></span> <span class='ocrx_word' id='word_1_661' title='bbox 2916 4383 2972 4444; x_wconf 83' lang='grc' dir='ltr'><strong>ὃς</strong></span> <span class='ocrx_word' id='word_1_662' title='bbox 3005 4383 3196 4451; x_wconf 76' lang='grc' dir='ltr'><strong>καὶτῷ</strong></span> <span class='ocrx_word' id='word_1_663' title='bbox 3222 4381 3440 4451; x_wconf 85' lang='grc' dir='ltr'><strong>δειλαίῳ</strong></span> <span class='ocrx_word' id='word_1_664' title='bbox 3482 4380 3658 4449; x_wconf 83' lang='grc' dir='ltr'><strong>τούτῳ</strong></span> <span class='ocrx_word' id='word_1_665' title='bbox 3701 4379 4016 4446; x_wconf 82' lang='grc' dir='ltr'><strong>Καλλινίκῳ</strong></span> 
     </span>
    </p>
   </div>
   <div class='ocr_carea' id='block_1_91' title="bbox 2448 4473 4017 4544">
    <p class='ocr_par' dir='ltr' id='par_1_91' title="bbox 2448 4473 4017 4544">
     <span class='ocr_line' id='line_1_91' title="bbox 2448 4473 4017 4544; baseline -0.005 -14"><span class='ocrx_word' id='word_1_666' title='bbox 2448 4480 2546 4544; x_wconf 77' lang='grc' dir='ltr'><strong>τὴν</strong></span> <span class='ocrx_word' id='word_1_667' title='bbox 2596 4478 2931 4544; x_wconf 72' lang='grc' dir='ltr'><strong>διαστροφὴν</strong></span> <span class='ocrx_word' id='word_1_668' title='bbox 2985 4475 3435 4544; x_wconf 73' lang='grc' dir='ltr'><strong>ιμνηστεύσατο,</strong></span> <span class='ocrx_word' id='word_1_669' title='bbox 3485 4477 3567 4537; x_wconf 82' lang='grc' dir='ltr'><strong>είς</strong></span> <span class='ocrx_word' id='word_1_670' title='bbox 3621 4492 3744 4527; x_wconf 89' lang='grc' dir='ltr'><strong>τινα</strong></span> <span class='ocrx_word' id='word_1_671' title='bbox 3799 4473 4017 4540; x_wconf 82' lang='grc' dir='ltr'><strong>γυμνὴν</strong></span> 
     </span>
    </p>
   </div>
   <div class='ocr_carea' id='block_1_92' title="bbox 776 4552 2455 4640">
    <p class='ocr_par' dir='ltr' id='par_1_92' title="bbox 776 4552 2455 4629">
     <span class='ocr_line' id='line_1_92' title="bbox 776 4552 2455 4629; baseline -0.002 -18"><span class='ocrx_word' id='word_1_672' title='bbox 776 4577 968 4628; x_wconf 77' lang='lat' dir='ltr'><strong>gneam</strong></span> <span class='ocrx_word' id='word_1_673' title='bbox 1028 4562 1283 4629; x_wconf 83' lang='lat' dir='ltr'><strong>injectum</strong></span> <span class='ocrx_word' id='word_1_674' title='bbox 1378 4574 1632 4628; x_wconf 87' lang='lat' dir='ltr'><strong>capsam,</strong></span> <span class='ocrx_word' id='word_1_675' title='bbox 1715 4576 1838 4613; x_wconf 91' lang='lat' dir='ltr'><strong>cum</strong></span> <span class='ocrx_word' id='word_1_676' title='bbox 1894 4577 1956 4612; x_wconf 84' lang='lat' dir='ltr'><strong>ea</strong></span> <span class='ocrx_word' id='word_1_677' title='bbox 2027 4552 2455 4623; x_wconf 54' lang='lat' dir='ltr'><strong>acutissimaD,</strong></span> 
     </span>
    </p>
   </div>
   <div class='ocr_carea' id='block_1_93' title="bbox 2337 4552 4016 4640">
    <p class='ocr_par' dir='ltr' id='par_1_93' title="bbox 2337 4552 4016 4640">
     <span class='ocr_line' id='line_1_93' title="bbox 2337 4552 4016 4640; baseline -0.005 -16"><span class='ocrx_word' id='word_1_678' title='bbox 2337 4552 2422 4614; x_wconf 78' lang='lat' dir='ltr'><strong>ID</strong></span> <span class='ocrx_word' id='word_1_679' title='bbox 2450 4571 2794 4640; x_wconf 71' lang='grc' dir='ltr'><strong>ἐμϐληθέντα</strong></span> <span class='ocrx_word' id='word_1_680' title='bbox 2832 4569 3007 4639; x_wconf 82' lang='grc' dir='ltr'><strong>θήκην</strong></span> <span class='ocrx_word' id='word_1_681' title='bbox 3053 4568 3296 4635; x_wconf 79' lang='grc' dir='ltr'><strong>ὀξυτάτῳ</strong></span> <span class='ocrx_word' id='word_1_682' title='bbox 3342 4569 3438 4620; x_wconf 66' lang='grc' dir='ltr'><strong>σὺν</strong></span> <span class='ocrx_word' id='word_1_683' title='bbox 3486 4569 3623 4636; x_wconf 80' lang='grc' dir='ltr'><strong>αὐτῇ</strong></span> <span class='ocrx_word' id='word_1_684' title='bbox 3685 4567 4016 4631; x_wconf 76' lang='grc' dir='ltr'><strong>διακοπῆναι</strong></span> 
     </span>
    </p>
   </div>
   <div class='ocr_carea' id='block_1_94' title="bbox 775 4653 2341 4722">
    <p class='ocr_par' dir='ltr' id='par_1_94' title="bbox 775 4653 2341 4722">
     <span class='ocr_line' id='line_1_94' title="bbox 775 4653 2341 4722; baseline -0.001 -15"><span class='ocrx_word' id='word_1_685' title='bbox 775 4671 927 4707; x_wconf 85' lang='lat' dir='ltr'><strong>serra</strong></span> <span class='ocrx_word' id='word_1_686' title='bbox 957 4653 1264 4707; x_wconf 89' lang='lat' dir='ltr'><strong>minutatim</strong></span> <span class='ocrx_word' id='word_1_687' title='bbox 1295 4653 1575 4713; x_wconf 87' lang='lat' dir='ltr'><strong>dissecari,</strong></span> <span class='ocrx_word' id='word_1_688' title='bbox 1611 4664 1667 4705; x_wconf 93' lang='lat' dir='ltr'><strong>ut</strong></span> <span class='ocrx_word' id='word_1_689' title='bbox 1695 4654 1916 4720; x_wconf 70' lang='lat' dir='ltr'><strong>prolixae</strong></span> <span class='ocrx_word' id='word_1_690' title='bbox 1949 4654 2091 4706; x_wconf 92' lang='lat' dir='ltr'><strong>illius</strong></span> <span class='ocrx_word' id='word_1_691' title='bbox 2139 4656 2341 4722; x_wconf 86' lang='lat' dir='ltr'><strong>decep-</strong></span> 
     </span>
    </p>
   </div>
   <div class='ocr_carea' id='block_1_95' title="bbox 779 4746 2339 4815">
    <p class='ocr_par' dir='ltr' id='par_1_95' title="bbox 779 4746 2339 4815">
     <span class='ocr_line' id='line_1_95' title="bbox 779 4746 2339 4815; baseline -0.001 -16"><span class='ocrx_word' id='word_1_692' title='bbox 779 4748 945 4800; x_wconf 81' lang='lat' dir='ltr'><strong>tiortis</strong></span> <span class='ocrx_word' id='word_1_693' title='bbox 988 4755 1043 4799; x_wconf 90' lang='lat' dir='ltr'><strong>et</strong></span> <span class='ocrx_word' id='word_1_694' title='bbox 1088 4746 1486 4815; x_wconf 69' lang='lat' dir='ltr'><strong>praestigiarum</strong></span> <span class='ocrx_word' id='word_1_695' title='bbox 1516 4785 1528 4804; x_wconf 86' lang='lat'><strong>,</strong></span> <span class='ocrx_word' id='word_1_696' title='bbox 1583 4746 1773 4813; x_wconf 79' lang='lat' dir='ltr'><strong>dignas</strong></span> <span class='ocrx_word' id='word_1_697' title='bbox 1823 4748 1986 4798; x_wconf 89' lang='lat' dir='ltr'><strong>etiam</strong></span> <span class='ocrx_word' id='word_1_698' title='bbox 2035 4755 2156 4814; x_wconf 76' lang='lat' dir='ltr'><strong>post</strong></span> <span class='ocrx_word' id='word_1_699' title='bbox 2198 4762 2339 4798; x_wconf 85' lang='lat' dir='ltr'><strong>mor-</strong></span> 
     </span>
    </p>
   </div>
   <div class='ocr_carea' id='block_1_96' title="bbox 779 4834 2337 4903">
    <p class='ocr_par' dir='ltr' id='par_1_96' title="bbox 779 4834 2337 4903">
     <span class='ocr_line' id='line_1_96' title="bbox 779 4834 2337 4903; baseline 0 -16"><span class='ocrx_word' id='word_1_700' title='bbox 779 4851 883 4888; x_wconf 78' lang='lat' dir='ltr'><strong>tem</strong></span> <span class='ocrx_word' id='word_1_701' title='bbox 948 4836 1063 4888; x_wconf 87' lang='lat' dir='ltr'><strong>luat</strong></span> <span class='ocrx_word' id='word_1_702' title='bbox 1128 4851 1336 4903; x_wconf 70' lang='lat' dir='ltr'><strong>pmnns.</strong></span> <span class='ocrx_word' id='word_1_703' title='bbox 1412 4835 1590 4902; x_wconf 84' lang='lat' dir='ltr'><strong>Atque</strong></span> <span class='ocrx_word' id='word_1_704' title='bbox 1653 4836 1745 4889; x_wconf 89' lang='lat' dir='ltr'><strong>ille</strong></span> <span class='ocrx_word' id='word_1_705' title='bbox 1810 4836 2031 4903; x_wconf 87' lang='lat' dir='ltr'><strong>quidem</strong></span> <span class='ocrx_word' id='word_1_706' title='bbox 2095 4852 2218 4890; x_wconf 87' lang='lat' dir='ltr'><strong>eum</strong></span> <span class='ocrx_word' id='word_1_707' title='bbox 2286 4834 2337 4888; x_wconf 82' lang='lat' dir='ltr'><strong>in</strong></span> 
     </span>
    </p>
   </div>
   <div class='ocr_carea' id='block_1_97' title="bbox 776 4924 2340 4994">
    <p class='ocr_par' dir='ltr' id='par_1_97' title="bbox 776 4924 2340 4994">
     <span class='ocr_line' id='line_1_97' title="bbox 776 4924 2340 4994; baseline 0.001 -18"><span class='ocrx_word' id='word_1_708' title='bbox 776 4936 1039 4993; x_wconf 76' lang='lat' dir='ltr'><strong>martyres</strong></span> <span class='ocrx_word' id='word_1_709' title='bbox 1075 4924 1216 4977; x_wconf 89' lang='lat' dir='ltr'><strong>banc</strong></span> <span class='ocrx_word' id='word_1_710' title='bbox 1278 4925 1491 4977; x_wconf 81' lang='lat' dir='ltr'><strong>tulisset</strong></span> <span class='ocrx_word' id='word_1_711' title='bbox 1521 4926 1874 4985; x_wconf 83' lang='lat' dir='ltr'><strong>sententiain,</strong></span> <span class='ocrx_word' id='word_1_712' title='bbox 1927 4942 2120 4980; x_wconf 86' lang='lat' dir='ltr'><strong>rursus</strong></span> <span class='ocrx_word' id='word_1_713' title='bbox 2171 4928 2340 4994; x_wconf 74' lang='lat' dir='ltr'><strong>Cthil.</strong></span> 
     </span>
    </p>
   </div>
   <div class='ocr_carea' id='block_1_98' title="bbox 776 5017 2332 5087">
    <p class='ocr_par' dir='ltr' id='par_1_98' title="bbox 776 5017 2332 5087">
     <span class='ocr_line' id='line_1_98' title="bbox 776 5017 2332 5087; baseline 0.003 -20"><span class='ocrx_word' id='word_1_714' title='bbox 776 5034 971 5070; x_wconf 73' lang='lat' dir='ltr'><strong>vacaie</strong></span> <span class='ocrx_word' id='word_1_715' title='bbox 1026 5018 1090 5070; x_wconf 88' lang='lat' dir='ltr'><strong>iis</strong></span> <span class='ocrx_word' id='word_1_716' title='bbox 1119 5033 1234 5084; x_wconf 64' lang='lat' dir='ltr'><strong>quae</strong></span> <span class='ocrx_word' id='word_1_717' title='bbox 1270 5032 1326 5069; x_wconf 88' lang='lat' dir='ltr'><strong>se</strong></span> <span class='ocrx_word' id='word_1_718' title='bbox 1349 5017 1412 5069; x_wconf 90' lang='lat' dir='ltr'><strong>ad</strong></span> <span class='ocrx_word' id='word_1_719' title='bbox 1452 5033 1672 5070; x_wconf 90' lang='lat' dir='ltr'><strong>manum</strong></span> <span class='ocrx_word' id='word_1_720' title='bbox 1705 5018 2031 5080; x_wconf 73' lang='lat' dir='ltr'><strong>oll‘erebant,</strong></span> <span class='ocrx_word' id='word_1_721' title='bbox 2079 5021 2332 5087; x_wconf 71' lang='lat' dir='ltr'><strong>negotiis.</strong></span> 
     </span>
    </p>
   </div>
   <div class='ocr_carea' id='block_1_99' title="bbox 774 5095 2335 5174">
    <p class='ocr_par' dir='ltr' id='par_1_99' title="bbox 774 5095 2335 5174">
     <span class='ocr_line' id='line_1_99' title="bbox 774 5095 2335 5174; baseline -0.002 -14"><span class='ocrx_word' id='word_1_722' title='bbox 774 5109 909 5160; x_wconf 74' lang='lat' dir='ltr'><strong>(lum</strong></span> <span class='ocrx_word' id='word_1_723' title='bbox 947 5121 1043 5159; x_wconf 88' lang='lat' dir='ltr'><strong>eos</strong></span> <span class='ocrx_word' id='word_1_724' title='bbox 1098 5095 1279 5160; x_wconf 77' lang='lat' dir='ltr'><strong>autem</strong></span> <span class='ocrx_word' id='word_1_725' title='bbox 1337 5108 1680 5174; x_wconf 84' lang='lat' dir='ltr'><strong>accepissent</strong></span> <span class='ocrx_word' id='word_1_726' title='bbox 1733 5109 1954 5166; x_wconf 82' lang='lat' dir='ltr'><strong>milites.</strong></span> <span class='ocrx_word' id='word_1_727' title='bbox 2009 5110 2335 5161; x_wconf 79' lang='lat' dir='ltr'><strong>Callinicmn</strong></span> 
     </span>
    </p>
   </div>
   <div class='ocr_carea' id='block_1_100' title="bbox 775 5198 2340 5267">
    <p class='ocr_par' dir='ltr' id='par_1_100' title="bbox 775 5198 2340 5267">
     <span class='ocr_line' id='line_1_100' title="bbox 775 5198 2340 5267; baseline 0.003 -18"><span class='ocrx_word' id='word_1_728' title='bbox 775 5201 1051 5267; x_wconf 87' lang='lat' dir='ltr'><strong>quideme</strong></span> <span class='ocrx_word' id='word_1_729' title='bbox 1080 5198 1198 5252; x_wconf 80' lang='lat' dir='ltr'><strong>loro</strong></span> <span class='ocrx_word' id='word_1_730' title='bbox 1228 5199 1512 5262; x_wconf 90' lang='lat' dir='ltr'><strong>eductum,</strong></span> <span class='ocrx_word' id='word_1_731' title='bbox 1554 5214 1678 5252; x_wconf 86' lang='lat' dir='ltr'><strong>cum</strong></span> <span class='ocrx_word' id='word_1_732' title='bbox 1738 5207 1951 5267; x_wconf 87' lang='lat' dir='ltr'><strong>tempus</strong></span> <span class='ocrx_word' id='word_1_733' title='bbox 2006 5200 2256 5266; x_wconf 75' lang='lat' dir='ltr'><strong>petiisset</strong></span> <span class='ocrx_word' id='word_1_734' title='bbox 2285 5210 2340 5253; x_wconf 86' lang='lat' dir='ltr'><strong>et</strong></span> 
     </span>
    </p>
   </div>
   <div class='ocr_carea' id='block_1_101' title="bbox 775 5292 2336 5361">
    <p class='ocr_par' dir='ltr' id='par_1_101' title="bbox 775 5292 2336 5361">
     <span class='ocr_line' id='line_1_101' title="bbox 775 5292 2336 5361; baseline 0 -15"><span class='ocrx_word' id='word_1_735' title='bbox 775 5292 1078 5361; x_wconf 84' lang='lat' dir='ltr'><strong>accepisset</strong></span> <span class='ocrx_word' id='word_1_736' title='bbox 1134 5293 1488 5360; x_wconf 83' lang='lat' dir='ltr'><strong>precationis.</strong></span> <span class='ocrx_word' id='word_1_737' title='bbox 1550 5309 1645 5361; x_wconf 90' lang='lat' dir='ltr'><strong>per</strong></span> <span class='ocrx_word' id='word_1_738' title='bbox 1692 5308 1877 5348; x_wconf 88' lang='lat' dir='ltr'><strong>ensem</strong></span> <span class='ocrx_word' id='word_1_739' title='bbox 1920 5294 2066 5348; x_wconf 77' lang='lat' dir='ltr'><strong>illata</strong></span> <span class='ocrx_word' id='word_1_740' title='bbox 2135 5293 2336 5346; x_wconf 83' lang='lat' dir='ltr'><strong>deinde</strong></span> 
     </span>
    </p>
   </div>
   <div class='ocr_carea' id='block_1_102' title="bbox 777 5403 949 5439">
    <p class='ocr_par' dir='ltr' id='par_1_102' title="bbox 777 5403 949 5439">
     <span class='ocr_line' id='line_1_102' title="bbox 777 5403 949 5439; baseline 0.006 -1"><span class='ocrx_word' id='word_1_741' title='bbox 777 5403 949 5439; x_wconf 79' lang='lat' dir='ltr'><strong>lllOl&#39;lC</strong></span> 
     </span>
    </p>
   </div>
   <div class='ocr_carea' id='block_1_103' title="bbox 774 5478 2333 5547">
    <p class='ocr_par' dir='ltr' id='par_1_103' title="bbox 774 5478 2333 5547">
     <span class='ocr_line' id='line_1_103' title="bbox 774 5478 2333 5547; baseline -0.003 -14"><span class='ocrx_word' id='word_1_742' title='bbox 774 5495 898 5533; x_wconf 88' lang='lat' dir='ltr'><strong>cum</strong></span> <span class='ocrx_word' id='word_1_743' title='bbox 939 5481 990 5531; x_wconf 92' lang='lat' dir='ltr'><strong>in</strong></span> <span class='ocrx_word' id='word_1_744' title='bbox 1023 5478 1312 5547; x_wconf 80' lang='lat' dir='ltr'><strong>quamdam</strong></span> <span class='ocrx_word' id='word_1_745' title='bbox 1351 5480 1655 5531; x_wconf 83' lang='lat' dir='ltr'><strong>machinam</strong></span> <span class='ocrx_word' id='word_1_746' title='bbox 1690 5480 2044 5530; x_wconf 82' lang='lat' dir='ltr'><strong>iimnisissent</strong></span> <span class='ocrx_word' id='word_1_747' title='bbox 2082 5478 2333 5546; x_wconf 74' lang='lat' dir='ltr'><strong>ligttenltt,</strong></span> 
     </span>
    </p>
   </div>
   <div class='ocr_carea' id='block_1_104' title="bbox 776 5571 2336 5641">
    <p class='ocr_par' dir='ltr' id='par_1_104' title="bbox 776 5571 2336 5641">
     <span class='ocr_line' id='line_1_104' title="bbox 776 5571 2336 5641; baseline 0.002 -20"><span class='ocrx_word' id='word_1_748' title='bbox 776 5586 832 5624; x_wconf 77' lang='lat' dir='ltr'><strong>ut</strong></span> <span class='ocrx_word' id='word_1_749' title='bbox 871 5573 1116 5639; x_wconf 82' lang='lat' dir='ltr'><strong>improbe</strong></span> <span class='ocrx_word' id='word_1_750' title='bbox 1158 5573 1398 5641; x_wconf 84' lang='lat' dir='ltr'><strong>jusserat</strong></span> <span class='ocrx_word' id='word_1_751' title='bbox 1450 5587 1671 5638; x_wconf 68' lang='lat' dir='ltr'><strong>pnnses,</strong></span> <span class='ocrx_word' id='word_1_752' title='bbox 1710 5573 1924 5624; x_wconf 83' lang='lat' dir='ltr'><strong>cuidam</strong></span> <span class='ocrx_word' id='word_1_753' title='bbox 1961 5571 2119 5625; x_wconf 75' lang='lat' dir='ltr'><strong>Vitali</strong></span> <span class='ocrx_word' id='word_1_754' title='bbox 2149 5583 2202 5625; x_wconf 84' lang='lat' dir='ltr'><strong>et</strong></span> <span class='ocrx_word' id='word_1_755' title='bbox 2240 5573 2336 5626; x_wconf 87' lang='lat' dir='ltr'><strong>Sa-</strong></span> 
     </span>
    </p>
   </div>
   <div class='ocr_carea' id='block_1_105' title="bbox 776 5665 2332 5732">
    <p class='ocr_par' dir='ltr' id='par_1_105' title="bbox 776 5665 2332 5732">
     <span class='ocr_line' id='line_1_105' title="bbox 776 5665 2332 5732; baseline 0.002 -16"><span class='ocrx_word' id='word_1_756' title='bbox 776 5667 903 5716; x_wconf 70' lang='lat' dir='ltr'><strong>liinzi</strong></span> <span class='ocrx_word' id='word_1_757' title='bbox 931 5665 1157 5716; x_wconf 68' lang='lat' dir='ltr'><strong>mandati</strong></span> <span class='ocrx_word' id='word_1_758' title='bbox 1196 5702 1209 5724; x_wconf 93' lang='lat'><strong>,</strong></span> <span class='ocrx_word' id='word_1_759' title='bbox 1241 5674 1292 5715; x_wconf 89' lang='lat' dir='ltr'><strong>ut</strong></span> <span class='ocrx_word' id='word_1_760' title='bbox 1315 5673 1644 5717; x_wconf 69' lang='lat' dir='ltr'><strong>tormentum</strong></span> <span class='ocrx_word' id='word_1_761' title='bbox 1668 5675 2056 5732; x_wconf 65' lang='lat' dir='ltr'><strong>exsequantur.</strong></span> <span class='ocrx_word' id='word_1_762' title='bbox 2082 5666 2332 5730; x_wconf 88' lang='lat' dir='ltr'><strong>Quicum</strong></span> 
     </span>
    </p>
   </div>
   <div class='ocr_carea' id='block_1_106' title="bbox 773 5753 2332 5822">
    <p class='ocr_par' dir='ltr' id='par_1_106' title="bbox 773 5753 2332 5822">
     <span class='ocr_line' id='line_1_106' title="bbox 773 5753 2332 5822; baseline 0.001 -14"><span class='ocrx_word' id='word_1_763' title='bbox 773 5771 990 5808; x_wconf 77' lang='lat' dir='ltr'><strong>smsum</strong></span> <span class='ocrx_word' id='word_1_764' title='bbox 1026 5771 1232 5807; x_wconf 73' lang='lat' dir='ltr'><strong>serram</strong></span> <span class='ocrx_word' id='word_1_765' title='bbox 1274 5753 1490 5806; x_wconf 83' lang='lat' dir='ltr'><strong>trahere</strong></span> <span class='ocrx_word' id='word_1_766' title='bbox 1521 5754 1970 5821; x_wconf 80' lang='lat' dir='ltr'><strong>aggrederentur,</strong></span> <span class='ocrx_word' id='word_1_767' title='bbox 2006 5771 2068 5808; x_wconf 90' lang='lat' dir='ltr'><strong>ea</strong></span> <span class='ocrx_word' id='word_1_768' title='bbox 2111 5756 2332 5822; x_wconf 89' lang='lat' dir='ltr'><strong>quidem</strong></span> 
     </span>
    </p>
   </div>
   <div class='ocr_carea' id='block_1_107' title="bbox 774 5845 2332 5914">
    <p class='ocr_par' dir='ltr' id='par_1_107' title="bbox 774 5845 2332 5914">
     <span class='ocr_line' id='line_1_107' title="bbox 774 5845 2332 5914; baseline 0.003 -14"><span class='ocrx_word' id='word_1_769' title='bbox 774 5848 855 5900; x_wconf 75' lang='lat' dir='ltr'><strong>eis</strong></span> <span class='ocrx_word' id='word_1_770' title='bbox 899 5849 1183 5901; x_wconf 69' lang='lat' dir='ltr'><strong>Hdt-batur</strong></span> <span class='ocrx_word' id='word_1_771' title='bbox 1219 5845 1370 5900; x_wconf 77' lang='lat' dir='ltr'><strong>\alde</strong></span> <span class='ocrx_word' id='word_1_772' title='bbox 1407 5845 1588 5914; x_wconf 72' lang='lat' dir='ltr'><strong>gratis</strong></span> <span class='ocrx_word' id='word_1_773' title='bbox 1613 5854 1666 5900; x_wconf 83' lang='lat' dir='ltr'><strong>et</strong></span> <span class='ocrx_word' id='word_1_774' title='bbox 1692 5847 1860 5901; x_wconf 87' lang='lat' dir='ltr'><strong>ductu</strong></span> <span class='ocrx_word' id='word_1_775' title='bbox 1893 5847 2149 5912; x_wconf 83' lang='lat' dir='ltr'><strong>dillicilis,</strong></span> <span class='ocrx_word' id='word_1_776' title='bbox 2174 5848 2228 5903; x_wconf 91' lang='lat' dir='ltr'><strong>in</strong></span> <span class='ocrx_word' id='word_1_777' title='bbox 2264 5849 2332 5904; x_wconf 90' lang='lat' dir='ltr'><strong>li-</strong></span> 
     </span>
    </p>
   </div>
   <div class='ocr_carea' id='block_1_108' title="bbox 1013 5385 2390 5440">
    <p class='ocr_par' dir='ltr' id='par_1_108' title="bbox 1013 5385 2390 5440">
     <span class='ocr_line' id='line_1_108' title="bbox 1013 5385 2390 5440; baseline -0.003 0"><span class='ocrx_word' id='word_1_778' title='bbox 1013 5397 1417 5440; x_wconf 80' lang='lat' dir='ltr'><strong>consummant.</strong></span> <span class='ocrx_word' id='word_1_779' title='bbox 1477 5385 1816 5439; x_wconf 86' lang='lat' dir='ltr'><strong>Generosum</strong></span> <span class='ocrx_word' id='word_1_780' title='bbox 1884 5401 2009 5438; x_wconf 84' lang='lat' dir='ltr'><strong>Vt&#39;I&#39;O</strong></span> <span class='ocrx_word' id='word_1_781' title='bbox 2070 5386 2334 5438; x_wconf 74' lang='lat' dir='ltr'><strong>&#39;l&#39;hvrsum</strong></span> <span class='ocrx_word' id='word_1_782' title='bbox 2384 5392 2390 5397; x_wconf 89' lang='lat'>&#39;</span> 
     </span>
    </p>
   </div>
   <div class='ocr_carea' id='block_1_109' title="bbox 2447 4658 4012 4728">
    <p class='ocr_par' dir='ltr' id='par_1_109' title="bbox 2447 4658 4012 4728">
     <span class='ocr_line' id='line_1_109' title="bbox 2447 4658 4012 4728; baseline -0.005 -16"><span class='ocrx_word' id='word_1_783' title='bbox 2447 4663 2527 4723; x_wconf 85' lang='grc' dir='ltr'><strong>είς</strong></span> <span class='ocrx_word' id='word_1_784' title='bbox 2551 4661 2692 4712; x_wconf 78' lang='grc' dir='ltr'><strong>λεπὰ</strong></span> <span class='ocrx_word' id='word_1_785' title='bbox 2720 4661 2922 4728; x_wconf 81' lang='grc' dir='ltr'><strong>πρίονι,</strong></span> <span class='ocrx_word' id='word_1_786' title='bbox 2955 4660 3029 4718; x_wconf 84' lang='grc' dir='ltr'><strong>ὡς</strong></span> <span class='ocrx_word' id='word_1_787' title='bbox 3063 4658 3129 4709; x_wconf 81' lang='grc' dir='ltr'><strong>ἂν</strong></span> <span class='ocrx_word' id='word_1_788' title='bbox 3157 4661 3254 4725; x_wconf 81' lang='grc' dir='ltr'><strong>τῆς</strong></span> <span class='ocrx_word' id='word_1_789' title='bbox 3294 4659 3516 4725; x_wconf 80' lang='grc' dir='ltr'><strong>μακρᾶς</strong></span> <span class='ocrx_word' id='word_1_790' title='bbox 3549 4659 3764 4724; x_wconf 70' lang='grc' dir='ltr'><strong>ὲκείνης</strong></span> <span class='ocrx_word' id='word_1_791' title='bbox 3791 4658 4012 4722; x_wconf 69' lang='grc' dir='ltr'><strong>ἀπάτης</strong></span> 
     </span>
    </p>
   </div>
   <div class='ocr_carea' id='block_1_110' title="bbox 2447 4747 4015 4817">
    <p class='ocr_par' dir='ltr' id='par_1_110' title="bbox 2447 4747 4015 4817">
     <span class='ocr_line' id='line_1_110' title="bbox 2447 4747 4015 4817; baseline -0.003 -15"><span class='ocrx_word' id='word_1_792' title='bbox 2447 4754 2539 4802; x_wconf 83' lang='grc' dir='ltr'><strong>καί</strong></span> <span class='ocrx_word' id='word_1_793' title='bbox 2569 4750 2825 4817; x_wconf 84' lang='grc' dir='ltr'><strong>γοητείας</strong></span> <span class='ocrx_word' id='word_1_794' title='bbox 2851 4749 3009 4811; x_wconf 82' lang='grc' dir='ltr'><strong>ἀξίαν</strong></span> <span class='ocrx_word' id='word_1_795' title='bbox 3042 4749 3135 4800; x_wconf 78' lang='grc' dir='ltr'><strong>καὶ</strong></span> <span class='ocrx_word' id='word_1_796' title='bbox 3181 4749 3318 4814; x_wconf 77' lang='grc' dir='ltr'><strong>μετὰ</strong></span> <span class='ocrx_word' id='word_1_797' title='bbox 3360 4747 3618 4816; x_wconf 85' lang='grc' dir='ltr'><strong>τελευτὴν</strong></span> <span class='ocrx_word' id='word_1_798' title='bbox 3650 4749 3863 4816; x_wconf 69' lang='grc' dir='ltr'><strong>ὑπόσχῃ</strong></span> <span class='ocrx_word' id='word_1_799' title='bbox 3917 4753 4015 4813; x_wconf 82' lang='grc' dir='ltr'><strong>τὴν</strong></span> 
     </span>
    </p>
   </div>
   <div class='ocr_carea' id='block_1_111' title="bbox 2446 4837 4016 4909">
    <p class='ocr_par' dir='ltr' id='par_1_111' title="bbox 2446 4837 4016 4909">
     <span class='ocr_line' id='line_1_111' title="bbox 2446 4837 4016 4909; baseline -0.002 -16"><span class='ocrx_word' id='word_1_800' title='bbox 2446 4842 2624 4901; x_wconf 80' lang='grc' dir='ltr'><strong>δίκην.</strong></span> <span class='ocrx_word' id='word_1_801' title='bbox 2691 4843 2750 4894; x_wconf 89' lang='lat'><strong>&#39;0</strong></span> <span class='ocrx_word' id='word_1_802' title='bbox 2810 4842 2907 4908; x_wconf 83' lang='grc' dir='ltr'><strong>μὲν</strong></span> <span class='ocrx_word' id='word_1_803' title='bbox 2965 4837 3058 4892; x_wconf 63' lang='grc' dir='ltr'><strong>οἷν</strong></span> <span class='ocrx_word' id='word_1_804' title='bbox 3101 4840 3326 4892; x_wconf 80' lang='grc' dir='ltr'><strong>τοιαῦτα</strong></span> <span class='ocrx_word' id='word_1_805' title='bbox 3367 4841 3506 4892; x_wconf 74' lang='grc' dir='ltr'><strong>κατὰ</strong></span> <span class='ocrx_word' id='word_1_806' title='bbox 3560 4840 3668 4891; x_wconf 78' lang='grc' dir='ltr'><strong>τῶν</strong></span> <span class='ocrx_word' id='word_1_807' title='bbox 3717 4842 4016 4909; x_wconf 77' lang='grc' dir='ltr'><strong>μαρτύρων</strong></span> 
     </span>
    </p>
   </div>
   <div class='ocr_carea' id='block_1_112' title="bbox 2447 4933 4013 5002">
    <p class='ocr_par' dir='ltr' id='par_1_112' title="bbox 2447 4933 4013 5002">
     <span class='ocr_line' id='line_1_112' title="bbox 2447 4933 4013 5002; baseline -0.002 -17"><span class='ocrx_word' id='word_1_808' title='bbox 2447 4935 2890 5002; x_wconf 69' lang='grc' dir='ltr'><strong>ἀποφηνάμενος,</strong></span> <span class='ocrx_word' id='word_1_809' title='bbox 2924 4934 3030 4986; x_wconf 77' lang='grc' dir='ltr'><strong>τῶν</strong></span> <span class='ocrx_word' id='word_1_810' title='bbox 3061 4938 3117 4985; x_wconf 83' lang='grc' dir='ltr'><strong>ἐν</strong></span> <span class='ocrx_word' id='word_1_811' title='bbox 3149 4934 3303 5002; x_wconf 78' lang='grc' dir='ltr'><strong>χερσὶ</strong></span> <span class='ocrx_word' id='word_1_812' title='bbox 3329 4934 3677 5001; x_wconf 71' lang='grc' dir='ltr'><strong>πραγμάτοιν</strong></span> <span class='ocrx_word' id='word_1_813' title='bbox 3709 4933 4013 5001; x_wconf 77' lang='grc' dir='ltr'><strong>φροντίδων</strong></span> 
     </span>
    </p>
   </div>
   <div class='ocr_carea' id='block_1_113' title="bbox 2444 5023 4014 5094">
    <p class='ocr_par' dir='ltr' id='par_1_113' title="bbox 2444 5023 4014 5094">
     <span class='ocr_line' id='line_1_113' title="bbox 2444 5023 4014 5094; baseline -0.001 -19"><span class='ocrx_word' id='word_1_814' title='bbox 2444 5029 2667 5094; x_wconf 71' lang='grc' dir='ltr'><strong>ἥπτετο.</strong></span> <span class='ocrx_word' id='word_1_815' title='bbox 2699 5026 3115 5093; x_wconf 61' lang='grc' dir='ltr'><strong>Παραλαϐόντες</strong></span> <span class='ocrx_word' id='word_1_816' title='bbox 3141 5026 3195 5076; x_wconf 84' lang='grc' dir='ltr'><strong>δὲ</strong></span> <span class='ocrx_word' id='word_1_817' title='bbox 3239 5025 3436 5086; x_wconf 72' lang='grc' dir='ltr'><strong>αὐτοὺς</strong></span> <span class='ocrx_word' id='word_1_818' title='bbox 3465 5026 3513 5076; x_wconf 78' lang='grc' dir='ltr'><strong>οι</strong></span> <span class='ocrx_word' id='word_1_819' title='bbox 3547 5025 3883 5092; x_wconf 81' lang='grc' dir='ltr'><strong>στρατιῶται</strong></span> <span class='ocrx_word' id='word_1_820' title='bbox 3918 5023 4014 5074; x_wconf 74' lang='grc' dir='ltr'><strong>τὸν</strong></span> 
     </span>
    </p>
   </div>
   <div class='ocr_carea' id='block_1_114' title="bbox 2448 5117 3733 5186">
    <p class='ocr_par' dir='ltr' id='par_1_114' title="bbox 2448 5117 3733 5186">
     <span class='ocr_line' id='line_1_114' title="bbox 2448 5117 3733 5186; baseline -0.002 -16"><span class='ocrx_word' id='word_1_821' title='bbox 2448 5123 2547 5186; x_wconf 77' lang='grc' dir='ltr'><strong>μὲν</strong></span> <span class='ocrx_word' id='word_1_822' title='bbox 2591 5119 2916 5169; x_wconf 66' lang='grc' dir='ltr'><strong>Καλλίνικον</strong></span> <span class='ocrx_word' id='word_1_823' title='bbox 2961 5117 3324 5183; x_wconf 75' lang='grc' dir='ltr'><strong>ἐξαγαγόντες</strong></span> <span class='ocrx_word' id='word_1_824' title='bbox 3353 5119 3452 5186; x_wconf 77' lang='grc' dir='ltr'><strong>τῆς</strong></span> <span class='ocrx_word' id='word_1_825' title='bbox 3484 5119 3690 5186; x_wconf 78' lang='grc' dir='ltr'><strong>ἀγορᾶς</strong></span> <span class='ocrx_word' id='word_1_826' title='bbox 3721 5157 3733 5175; x_wconf 90' lang='grc'><strong>.</strong></span> 
     </span>
    </p>
   </div>
   <div class='ocr_carea' id='block_1_115' title="bbox 2447 5203 4013 5279">
    <p class='ocr_par' dir='ltr' id='par_1_115' title="bbox 2447 5203 4013 5279">
     <span class='ocr_line' id='line_1_115' title="bbox 2447 5203 4013 5279; baseline -0.001 -18"><span class='ocrx_word' id='word_1_827' title='bbox 2447 5214 2538 5279; x_wconf 59' lang='grc' dir='ltr'><strong>μὲν</strong></span> <span class='ocrx_word' id='word_1_828' title='bbox 2572 5212 2874 5279; x_wconf 77' lang='grc' dir='ltr'><strong>αἰτήσαντα</strong></span> <span class='ocrx_word' id='word_1_829' title='bbox 2904 5209 3214 5279; x_wconf 80' lang='grc' dir='ltr'><strong>προσευχῆς</strong></span> <span class='ocrx_word' id='word_1_830' title='bbox 3241 5209 3334 5260; x_wconf 83' lang='grc' dir='ltr'>καί</span> <span class='ocrx_word' id='word_1_831' title='bbox 3367 5211 3622 5271; x_wconf 75' lang='grc' dir='ltr'><strong>λαϐόντα,</strong></span> <span class='ocrx_word' id='word_1_832' title='bbox 3655 5203 3771 5260; x_wconf 77' lang='grc' dir='ltr'><strong>εἷτα</strong></span> <span class='ocrx_word' id='word_1_833' title='bbox 3803 5211 3898 5261; x_wconf 77' lang='grc' dir='ltr'><strong>καὶ</strong></span> <span class='ocrx_word' id='word_1_834' title='bbox 3935 5210 4013 5278; x_wconf 77' lang='grc' dir='ltr'><strong>τῷ</strong></span> 
     </span>
    </p>
   </div>
   <div class='ocr_carea' id='block_1_116' title="bbox 2438 5301 4011 5370">
    <p class='ocr_par' dir='ltr' id='par_1_116' title="bbox 2438 5301 4011 5370">
     <span class='ocr_line' id='line_1_116' title="bbox 2438 5301 4011 5370; baseline -0.003 -16"><span class='ocrx_word' id='word_1_835' title='bbox 2438 5305 2526 5354; x_wconf 70' lang='grc' dir='ltr'><strong>δά</strong></span> <span class='ocrx_word' id='word_1_836' title='bbox 2556 5304 2738 5369; x_wconf 74' lang='grc' dir='ltr'><strong>ξίφους</strong></span> <span class='ocrx_word' id='word_1_837' title='bbox 2764 5302 2976 5370; x_wconf 62' lang='grc' dir='ltr'><strong>θανάτῳ</strong></span> <span class='ocrx_word' id='word_1_838' title='bbox 2996 5301 3283 5352; x_wconf 74' lang='grc' dir='ltr'><strong>τελειοῦσι·</strong></span> <span class='ocrx_word' id='word_1_839' title='bbox 3315 5302 3525 5368; x_wconf 84' lang='grc' dir='ltr'><strong>Θύρσον</strong></span> <span class='ocrx_word' id='word_1_840' title='bbox 3561 5302 3616 5354; x_wconf 78' lang='grc' dir='ltr'><strong>δὲ</strong></span> <span class='ocrx_word' id='word_1_841' title='bbox 3647 5302 3739 5353; x_wconf 84' lang='grc' dir='ltr'><strong>τὸν</strong></span> <span class='ocrx_word' id='word_1_842' title='bbox 3759 5309 4011 5367; x_wconf 57' lang='grc' dir='ltr'><strong>γενναιον</strong></span> 
     </span>
    </p>
   </div>
   <div class='ocr_carea' id='block_1_117' title="bbox 3768 5129 4014 5168">
    <p class='ocr_par' dir='ltr' id='par_1_117' title="bbox 3768 5129 4014 5168">
     <span class='ocr_line' id='line_1_117' title="bbox 3768 5129 4014 5168; baseline 0.004 -2"><span class='ocrx_word' id='word_1_843' title='bbox 3768 5129 3860 5167; x_wconf 85' lang='grc' dir='ltr'><strong>και</strong></span> <span class='ocrx_word' id='word_1_844' title='bbox 3893 5135 4014 5168; x_wconf 64' lang='grc' dir='ltr'><strong>καις</strong></span> 
     </span>
    </p>
   </div>
   <div class='ocr_carea' id='block_1_118' title="bbox 2440 5394 4010 5463">
    <p class='ocr_par' dir='ltr' id='par_1_118' title="bbox 2440 5394 4010 5463">
     <span class='ocr_line' id='line_1_118' title="bbox 2440 5394 4010 5463; baseline 0.024 -18"><span class='ocrx_word' id='word_1_845' title='bbox 2440 5396 2520 5456; x_wconf 77' lang='grc' dir='ltr'><strong>εἰς</strong></span> <span class='ocrx_word' id='word_1_846' title='bbox 2554 5413 2605 5445; x_wconf 88' lang='grc' dir='ltr'><strong>τι</strong></span> <span class='ocrx_word' id='word_1_847' title='bbox 2641 5398 2850 5463; x_wconf 71' lang='grc' dir='ltr'><strong>μηχάντ</strong></span> <span class='ocrx_word' id='word_1_848' title='bbox 2868 5413 2941 5462; x_wconf 85' lang='grc' dir='ltr'><strong>μα</strong></span> <span class='ocrx_word' id='word_1_849' title='bbox 2979 5397 3186 5461; x_wconf 71' lang='grc' dir='ltr'><strong>γυμνὸν</strong></span> <span class='ocrx_word' id='word_1_850' title='bbox 3211 5394 3542 5462; x_wconf 61' lang='grc' dir='ltr'><strong>έίλιδτιίλδνττες</strong></span> <span class='ocrx_word' id='word_1_851' title='bbox 3575 5395 3650 5455; x_wconf 70' lang='grc' dir='ltr'>ὡς</span> <span class='ocrx_word' id='word_1_852' title='bbox 3674 5394 3734 5446; x_wconf 69' lang='grc' dir='ltr'>τὸ</span> <span class='ocrx_word' id='word_1_853' title='bbox 3771 5394 4010 5462; x_wconf 44' lang='grc' dir='ltr'><strong>πθνηρὼ</strong></span> 
     </span>
    </p>
   </div>
   <div class='ocr_carea' id='block_1_119' title="bbox 2439 5485 4011 5554">
    <p class='ocr_par' dir='ltr' id='par_1_119' title="bbox 2439 5485 4011 5554">
     <span class='ocr_line' id='line_1_119' title="bbox 2439 5485 4011 5554; baseline 0 -18"><span class='ocrx_word' id='word_1_854' title='bbox 2439 5489 2715 5552; x_wconf 71' lang='grc' dir='ltr'><strong>ἐπίταγμα</strong></span> <span class='ocrx_word' id='word_1_855' title='bbox 2787 5487 3021 5553; x_wconf 68' lang='lat' dir='ltr'><strong>Ritu).qu</strong></span> <span class='ocrx_word' id='word_1_856' title='bbox 3093 5487 3200 5535; x_wconf 77' lang='grc' dir='ltr'><strong>τινὶ</strong></span> <span class='ocrx_word' id='word_1_857' title='bbox 3244 5487 3339 5537; x_wconf 69' lang='grc' dir='ltr'><strong>καὶ</strong></span> <span class='ocrx_word' id='word_1_858' title='bbox 3382 5485 3720 5554; x_wconf 70' lang='grc' dir='ltr'><strong>Σαδίνῳτὴν</strong></span> <span class='ocrx_word' id='word_1_859' title='bbox 3775 5486 4011 5551; x_wconf 74' lang='grc' dir='ltr'><strong>βάσανον</strong></span> 
     </span>
    </p>
   </div>
   <div class='ocr_carea' id='block_1_120' title="bbox 2438 5576 4016 5647">
    <p class='ocr_par' dir='ltr' id='par_1_120' title="bbox 2438 5576 4016 5647">
     <span class='ocr_line' id='line_1_120' title="bbox 2438 5576 4016 5647; baseline -0.001 -16"><span class='ocrx_word' id='word_1_860' title='bbox 2438 5580 2857 5646; x_wconf 73' lang='grc' dir='ltr'><strong>ἐπιτρέπουσιν.</strong></span> <span class='ocrx_word' id='word_1_861' title='bbox 2912 5576 3012 5630; x_wconf 80' lang='grc' dir='ltr'><strong>Ὠν</strong></span> <span class='ocrx_word' id='word_1_862' title='bbox 3064 5578 3274 5630; x_wconf 81' lang='grc' dir='ltr'><strong>ἄνωθεν</strong></span> <span class='ocrx_word' id='word_1_863' title='bbox 3337 5579 3520 5630; x_wconf 78' lang='grc' dir='ltr'><strong>ἕλκειν</strong></span> <span class='ocrx_word' id='word_1_864' title='bbox 3583 5581 4016 5647; x_wconf 75' lang='grc' dir='ltr'><strong>ἐπιχειρούντων</strong></span> 
     </span>
    </p>
   </div>
   <div class='ocr_carea' id='block_1_121' title="bbox 2438 5663 4007 5737">
    <p class='ocr_par' dir='ltr' id='par_1_121' title="bbox 2438 5663 4007 5737">
     <span class='ocr_line' id='line_1_121' title="bbox 2438 5663 4007 5737; baseline 0.001 -18"><span class='ocrx_word' id='word_1_865' title='bbox 2438 5669 2529 5719; x_wconf 82' lang='grc' dir='ltr'><strong>τὸν</strong></span> <span class='ocrx_word' id='word_1_866' title='bbox 2570 5668 2769 5737; x_wconf 86' lang='grc' dir='ltr'><strong>πρίονα</strong></span> <span class='ocrx_word' id='word_1_867' title='bbox 2800 5707 2814 5730; x_wconf 85' lang='grc'><em>,</em></span> <span class='ocrx_word' id='word_1_868' title='bbox 2852 5667 3021 5737; x_wconf 81' lang='grc' dir='ltr'><strong>βαρὺς</strong></span> <span class='ocrx_word' id='word_1_869' title='bbox 3064 5670 3162 5733; x_wconf 80' lang='grc' dir='ltr'><strong>μὲν</strong></span> <span class='ocrx_word' id='word_1_870' title='bbox 3191 5663 3347 5730; x_wconf 78' lang='grc' dir='ltr'><strong>οὗτος</strong></span> <span class='ocrx_word' id='word_1_871' title='bbox 3376 5669 3562 5730; x_wconf 83' lang='grc' dir='ltr'><strong>αὐτοῖς</strong></span> <span class='ocrx_word' id='word_1_872' title='bbox 3593 5669 3767 5720; x_wconf 74' lang='grc' dir='ltr'><strong>ἐδόκει</strong></span> <span class='ocrx_word' id='word_1_873' title='bbox 3804 5669 4007 5737; x_wconf 84' lang='grc' dir='ltr'><strong>κομιδῆ</strong></span> 
     </span>
    </p>
   </div>
   <div class='ocr_carea' id='block_1_122' title="bbox 2438 5760 4010 5831">
    <p class='ocr_par' dir='ltr' id='par_1_122' title="bbox 2438 5760 4010 5831">
     <span class='ocr_line' id='line_1_122' title="bbox 2438 5760 4010 5831; baseline 0.001 -18"><span class='ocrx_word' id='word_1_874' title='bbox 2438 5762 2530 5814; x_wconf 81' lang='grc' dir='ltr'><strong>καὶ</strong></span> <span class='ocrx_word' id='word_1_875' title='bbox 2557 5761 2900 5827; x_wconf 66' lang='grc' dir='ltr'><strong>δυσάγωγος,</strong></span> <span class='ocrx_word' id='word_1_876' title='bbox 2935 5760 3135 5827; x_wconf 81' lang='grc' dir='ltr'><strong>κοῦφος</strong></span> <span class='ocrx_word' id='word_1_877' title='bbox 3160 5761 3215 5814; x_wconf 84' lang='grc' dir='ltr'><strong>δὲ</strong></span> <span class='ocrx_word' id='word_1_878' title='bbox 3244 5761 3393 5831; x_wconf 86' lang='grc' dir='ltr'><strong>ὅμως</strong></span> <span class='ocrx_word' id='word_1_879' title='bbox 3421 5765 3562 5816; x_wconf 71' lang='grc' dir='ltr'><strong>κατὰ</strong></span> <span class='ocrx_word' id='word_1_880' title='bbox 3594 5761 3689 5815; x_wconf 80' lang='grc' dir='ltr'><strong>τοῦ</strong></span> <span class='ocrx_word' id='word_1_881' title='bbox 3727 5763 3886 5826; x_wconf 78' lang='grc' dir='ltr'><strong>ξύλου</strong></span> <span class='ocrx_word' id='word_1_882' title='bbox 3913 5764 4010 5814; x_wconf 82' lang='grc' dir='ltr'><strong>καὶ</strong></span> 
     </span>
    </p>
   </div>
   <div class='ocr_carea' id='block_1_123' title="bbox 2440 5851 4016 5925">
    <p class='ocr_par' dir='ltr' id='par_1_123' title="bbox 2440 5851 4016 5925">
     <span class='ocr_line' id='line_1_123' title="bbox 2440 5851 4016 5925; baseline 0.001 -22"><span class='ocrx_word' id='word_1_883' title='bbox 2440 5854 2711 5925; x_wconf 75' lang='grc' dir='ltr'><strong>μετέωρος</strong></span> <span class='ocrx_word' id='word_1_884' title='bbox 2742 5853 2937 5923; x_wconf 73' lang='grc' dir='ltr'><strong>ἦρχετο</strong></span> <span class='ocrx_word' id='word_1_885' title='bbox 2965 5867 2977 5880; x_wconf 94' lang='grc'><strong>·</strong></span> <span class='ocrx_word' id='word_1_886' title='bbox 3003 5851 3140 5904; x_wconf 81' lang='grc' dir='ltr'><strong>ὥστε</strong></span> <span class='ocrx_word' id='word_1_887' title='bbox 3171 5852 3298 5915; x_wconf 77' lang='grc' dir='ltr'><strong>τοὺς</strong></span> <span class='ocrx_word' id='word_1_888' title='bbox 3361 5855 3463 5922; x_wconf 80' lang='grc' dir='ltr'><strong>μὲν</strong></span> <span class='ocrx_word' id='word_1_889' title='bbox 3498 5855 3727 5920; x_wconf 76' lang='grc' dir='ltr'><strong>κάμνειν</strong></span> <span class='ocrx_word' id='word_1_890' title='bbox 3765 5856 3836 5922; x_wconf 67' lang='grc' dir='ltr'><strong>τῷ</strong></span> <span class='ocrx_word' id='word_1_891' title='bbox 3859 5853 4016 5923; x_wconf 67' lang='grc' dir='ltr'><strong>ἄχθει</strong></span> 
     </span>
    </p>
   </div>
  </div>
