4252 6440
759 404 864 468 539

1981 398 2268 463 MENSIS
2302 396 2743 460 DECEMBER.

3907 393 4015 460 540

756 523 864 576 huc
894 517 1280 591 persistebant,
1315 533 1492 587 neque
1519 517 1820 590 quidquam
1866 518 1991 574 illos
2038 517 2337 574 contnrba-
2367 517 2410 568 Δ

2367 517 2410 568 Δ
2440 511 2616 580 αὐτῆς
2669 512 2920 583 εἴχοντο,
2972 513 3066 565 καὶ
3116 511 3271 566 οὐδὲν
3323 511 3435 566 τῶν
3485 512 3772 584 παρόντων
3817 513 4017 575 αὐτοὺς

752 613 845 667 bat
873 627 1064 666 eorum
1091 628 1211 679 quae
1237 611 1480 666 aderant.

831 703 1068 757 XXVIII.
1102 702 1333 769 Quidam
1360 712 1567 767 autem,
1597 703 1815 758 nomine
1841 701 2065 773 quidem
2109 700 2331 771 Apollo-

756 796 902 856 nius,
925 794 1119 848 ordine
1176 808 1305 847 vero
1354 793 1547 857 lector,
1605 810 1728 848 cum
1758 795 1985 849 vidisset
2035 803 2331 847 tormento-

759 900 879 938 rum
911 884 1140 938 Iormam
1188 893 1243 938 et
1288 885 1718 950 multitudinem,
1783 888 1981 940 timore
2022 885 2330 954 completur

754 977 876 1045 ejus
903 977 1140 1038 animus,
1192 985 1249 1030 et
1279 978 1600 1032 dissolvitur
1666 987 1978 1048 promptum
2011 979 2126 1048 ejus
2159 977 2327 1031 animi

753 1069 1020 1122 studium.
1043 1068 1181 1123 Cum
1208 1079 1388 1124 autem
1409 1071 1608 1138 duplex
1659 1087 1784 1126 eum
1809 1072 2097 1126 invasisset
2130 1080 2327 1133 metus,

758 1177 899 1217 unus
931 1162 1156 1232 quidem
1184 1165 1587 1218 imminentium
1615 1165 2034 1236 suppliciorum,
2075 1166 2212 1219 alter
2233 1179 2330 1218 au-

755 1263 868 1306 tem
898 1253 1229 1324 abneganda:
1251 1255 1569 1324 impietatis,
1599 1257 1831 1310 mediam
1865 1258 2007 1309 inter
2035 1265 2330 1324 utrumque

757 1343 1088 1412 ingreditur,
1124 1356 1183 1398 ut
1231 1360 1411 1413 neque
1458 1346 1698 1398 animam
1766 1344 1920 1399 daret
1967 1345 2328 1406 diemontbus,

755 1450 936 1505 neque
981 1451 1182 1505 corpus
1227 1437 1536 1496 lictoribus,
1577 1435 1671 1489 sed
1715 1450 1781 1489 ex
1815 1451 1973 1505 :equo
2017 1445 2072 1490 et
2111 1437 2329 1490 illorum

757 1527 1028 1595 eﬂugeret
1062 1526 1356 1588 sacriﬁcia,
1388 1538 1442 1580 et
1475 1527 1672 1579 horum
1722 1526 2018 1581 cruciatus.
2060 1526 2333 1592 Quemad-

756 1619 980 1672 modum
1031 1631 1236 1681 autem,
1265 1621 1376 1690 jam
1435 1628 1622 1689 parata
1677 1628 1761 1673 est
1794 1619 2076 1674 declarare
2131 1619 2328 1672 oratio.

759 1710 890 1763 Erat
914 1710 1000 1764 vir
1027 1711 1246 1778 quidam
1283 1720 1432 1765 stans
1468 1726 1635 1778 prope
1663 1710 1834 1773 illum,
1872 1711 2137 1780 religione
2163 1711 2333 1779 genti-

753 1802 841 1862 lis,
874 1803 1096 1856 nomine
1125 1811 1308 1856 autem
1346 1802 1647 1862 Philemon,
1683 1814 1798 1856 arte
1831 1804 2054 1867 tibicen,
2083 1805 2175 1873 qui
2212 1819 2334 1873 pro-

2439 602 2718 672 ἐθορύϐει.

2516 698 2651 749 κιιν.
2695 696 2787 760 Εἷς
2817 699 2876 751 δέ
2903 716 2988 761 τις
3013 700 3114 769 τήν
3145 697 3342 767 κλῆσιν
3377 698 3475 768 μὶν
3509 697 3891 759 Ἀπολλώνιος,
3919 697 4021 763 τὴν

2439 791 2596 854 τάξιν
2642 791 2697 844 δὲ
2741 791 3120 861 ἀναγνώστης,
3167 791 3236 844 τά
3286 807 3346 843 τε
3397 789 3512 858 εἴδη
3552 790 3645 842 καὶ
3681 789 3865 856 πλήθη
3911 788 4019 841 τῶν

2441 882 2884 953 βασανιστηρίων
2938 885 3085 945 ίδὼν,
3146 883 3316 951 φόϐου
3367 885 3467 950 τὴν
3494 881 3676 952 ψυχὴν
3715 880 4019 951 πληροῦται

2441 980 2536 1031 καὶ
2581 976 2680 1045 τὴν
2724 976 3037 1047 προθυμίαν
3075 976 3330 1029 ἐκλύεται
3364 990 3378 1006 ’
3425 976 3588 1045 διττῷ
3621 975 3678 1027 δὲ
3729 976 3881 1044 φόϐῳ
3914 992 4014 1026 κα·

2441 1069 2807 1138 τειλημμένος
2847 1069 2923 1135 τῷ
2969 1069 3071 1138 μὲν
3118 1067 3364 1137 προστὰς
3405 1066 3802 1137 ἑπηρτημένας
3847 1064 4018 1136 βασά-

2441 1179 2588 1224 νους,
2623 1161 2699 1228 τῷ
2723 1161 2778 1212 δὲ
2809 1161 2947 1230 πρὸς
2973 1161 3073 1224 τὴν
3119 1159 3223 1229 τῆς
3253 1157 3541 1220 εὐσεϐείας
3576 1158 3810 1227 ἀρνησιν
3842 1155 4018 1226 μέσην

2441 1256 2774 1326 ἀμφοτέρων
2806 1256 3092 1324 τρέπεται,
3125 1255 3200 1316 ὡς
3242 1256 3381 1326 μήτε
3425 1255 3524 1325 τὴν
3551 1254 3734 1324 ψυχὴν
3759 1256 3867 1314 τοῖς
3900 1253 4017 1304 δαί-

2443 1365 2570 1415 μοσι
2607 1351 2746 1417 μήτε
2775 1348 2836 1401 τὸ
2875 1348 3038 1416 σῶμα
3065 1351 3180 1411 τοῖς
3217 1347 3436 1416 δημίοις
3473 1346 3745 1410 ἐκδοῦναι,
3781 1344 3898 1397 ἀλλ’
3929 1343 4016 1395 ἐπ’

2441 1439 2565 1503 ίσης
2601 1440 2699 1491 καὶ
2739 1440 2838 1502 τὰς
2881 1440 3090 1492 τούτων
3137 1439 3331 1502 θυσίας
3371 1440 3466 1490 καὶ
3499 1443 3598 1501 τὰς
3632 1440 3760 1507 παρ’
3791 1437 4016 1490 ἐκείνων

2440 1532 2714 1601 τιμωρίας
2737 1531 3042 1598 διαφυγεῖν.
3067 1531 3140 1583 Τὸ
3166 1531 3224 1584 δὲ
3257 1532 3406 1592 ὅπως
3436 1530 3464 1582 ὁ
3495 1529 3652 1597 λόγος
3697 1530 3799 1599 ήδη
3822 1526 4017 1596 δηλοῦν

2439 1625 2679 1691 ἕτοιμος.
2712 1622 3011 1692 Ἐτύγχανὲ
3045 1641 3127 1685 τις
3155 1623 3298 1692 ἀνὴρ
3335 1623 3565 1690 πλησίον
3606 1624 3819 1675 ἐκείνου
3844 1619 4015 1682 ἑστὼς

2442 1719 2645 1787 Ἕλλην
2672 1719 2734 1771 τὸ
2761 1719 2951 1782 σέϐας,
2981 1718 3080 1787 τὴν
3118 1718 3312 1787 κλῆσιν
3351 1717 3633 1786 Φιλήμων.
3687 1713 3788 1781 τὴν
3818 1712 4016 1781 τέχνην

2440 1811 2684 1880 αὐλητής
2707 1827 2721 1843 ⁸
2774 1811 2832 1872 ὃς
2873 1811 2963 1865 διά
2995 1811 3202 1880 ταύτην
3233 1811 3483 1863 ἐκαλεῖτο
3516 1809 3616 1878 μὲν
3650 1809 3764 1869 τοῖς
3811 1807 4013 1873 ιπιχω-

756 1901 880 1959 pter
904 1907 1025 1946 eam
1067 1893 1134 1946 ab
1162 1893 1230 1946 iis
1253 1892 1474 1960 quidem
1505 1893 1599 1961 qui
1626 1893 1950 1948 habitabant
1997 1895 2053 1948 in
2083 1872 2326 1964 regione,
2364 1872 2402 1927 η

2364 1872 2402 1927 n
2438 1872 2580 1974 ρίοιέ
2621 1872 2912 1975 έοραύλης
2939 1921 2953 1934 ·
2997 1872 3195 1973 ἔτερπε
3239 1903 3296 1956 δὲ
3347 1901 3444 1955 καὶ
3486 1872 3771 1970 ’Ᾰρῤιανον
3816 1872 4016 1950 ὁπόταν

757 1986 1060 2039 vocabatur
1109 1985 1436 2041 Cboranles.
1483 1986 1800 2041 Delectabat
1851 2002 1981 2041 vero
2017 1989 2061 2042 is
2108 2002 2328 2057 quoque

754 2076 1072 2142 Arrianum,
1114 2079 1337 2148 quando
1391 2079 1672 2149 paululum
1733 2079 1947 2134 laxatus
1976 2095 2006 2134 a
2038 2081 2209 2142 curis,
2240 2095 2328 2134 as-

757 2169 994 2236 piciebat
1014 2171 1078 2224 ad
1107 2173 1460 2240 voluptatem.
1490 2170 1626 2226 Cum
1668 2188 1794 2226 eum
1814 2183 1994 2227 autem
2048 2187 2218 2240 prope
2244 2176 2328 2225 vi-

763 2260 936 2315 disset
987 2262 1328 2331 Apollonius,
1397 2263 1648 2328 advocat,
1698 2274 1754 2318 et
1783 2264 2072 2333 pollicetur
2114 2263 2164 2317 ei
2189 2279 2328 2333 qua-

758 2362 884 2405 tuor
917 2367 1136 2417 aureos,
1189 2355 1232 2408 si
1264 2371 1362 2424 pro
1394 2357 1487 2410 illo
1540 2355 1828 2419 sacrificet,
1862 2364 1917 2410 et
1949 2370 2075 2409 eum
2103 2356 2326 2426 quidem

757 2443 955 2496 liberet
985 2458 1014 2496 a
1049 2446 1357 2509 tormentis,
1408 2461 1503 2501 eos
1537 2461 1667 2499 vero
1719 2447 1813 2514 qui
1850 2447 2130 2512 videbant,
2166 2455 2222 2500 et
2250 2447 2333 2516 ip-

754 2546 877 2583 sum
904 2533 1197 2586 Arrianum
1231 2532 1528 2601 deciperet,
1551 2533 1738 2588 dicens
1758 2551 1815 2589 se
1838 2534 2208 2603 Apollonium.
2227 2535 2331 2590 Pa-

757 2631 842 2677 ret
875 2623 961 2678 his
985 2624 1266 2677 Philemon
1297 2643 1310 2688 ;
1335 2635 1391 2678 et
1419 2625 1564 2678 illius
1591 2626 1812 2693 quidem
1840 2635 2046 2680 vestem
2073 2627 2326 2694 induens,

754 2721 812 2766 et
836 2713 1066 2777 vultum,
1116 2713 1297 2783 quoad
1325 2715 1444 2783 ejus
1480 2714 1595 2768 ﬁeri
1648 2715 1846 2784 potuit.
1883 2716 2157 2785 operiens,
2199 2733 2331 2787 per-

764 2806 917 2859 venit
957 2807 1023 2860 ad
1057 2808 1388 2861 sacriﬁcium
1424 2825 1438 2870 ;
1475 2807 1618 2861 Deus
1651 2817 1836 2861 autem
1891 2819 2030 2873 erat,
2085 2810 2179 2878 qui
2217 2809 2332 2863 haec

760 2896 1089 2966 procurabant
1122 2897 1542 2957 admirabiliter,
1587 2909 1642 2952 et
1694 2898 2072 2953 Philemonem
2107 2900 2328 2968 quidem

759 2989 824 3041 ad
853 3003 912 3043 se
941 2989 1251 3044 attrahebat
1275 3005 1371 3058 per
1409 2990 1797 3056 Apollonium;
1823 3006 1919 3059 per
1953 2991 2329 3045 Philemonem

757 3091 941 3133 autem
970 3082 1261 3149 Apollonio
1305 3083 1517 3135 texebat
1573 3095 1835 3136 coronam
1865 3083 2134 3153 martyrii,
2171 3094 2227 3138 et
2251 3087 2330 3139 sic

2436 1996 2537 2050 καὶ
2567 1991 2724 2057 οὗτος
2758 1996 2935 2067 μικρά
2975 1995 3084 2048 τῶν
3118 1995 3422 2066 φροντίδων
3453 1994 3771 2054 ἀπολυθείς.
3807 1991 4014 2044 Τοῦτον

2433 2087 2604 2155 ἐγγὺς
2635 2086 2763 2141 ίδὼν
2794 2087 3158 2150 Ἀπολλώνιος
3195 2086 3355 2139 καλεῖ
3394 2102 3453 2138 τε
3502 2085 3638 2156 πρὸς
3674 2085 3870 2138 ἑαυτὸν
3920 2085 4016 2135 καὶ

2434 2179 2781 2247 ὑπισχνεῖται
2813 2176 3053 2247 χρυσοῦς
3081 2177 3385 2245 τέσσαρας,
3413 2177 3461 2226 εί
3513 2176 3630 2227 ἀντ’
3665 2174 3879 2227 ἑκείνου
3915 2173 4016 2242 τὴν

2440 2269 2634 2323 θυσίαν
2693 2270 2960 2333 ὑπέλθοι,
3025 2269 3124 2322 καὶ
3181 2267 3374 2321 τοῦτον
3449 2266 3548 2336 μὲν
3601 2265 3712 2319 τῶν
3763 2265 4014 2334 βασάνων

2435 2362 2662 2433 ῥύσαιτο
2688 2403 2702 2424 ,
2737 2361 2869 2424 τοὺς
2903 2359 3148 2431 ὁρῶντας
3179 2359 3237 2412 δὲ
3272 2357 3368 2412 καὶ
3397 2359 3563 2412 αὑτὸν
3614 2359 3909 2428 ’Λρῥιανδν
3938 2357 4014 2416 ώς

2433 2456 2595 2516 αὐτὸς
2643 2454 2726 2522 εἴη
2775 2452 3170 2514 Ἀπολλώνιος,
3214 2451 3696 2520 παρακρούσαιτο.
3751 2450 4008 2502 Πείθεται

2431 2545 2646 2609 τούτοις
2670 2545 2954 2614 Φιλήμων,
2981 2545 3075 2598 καὶ
3112 2544 3212 2615 τήν
3252 2545 3471 2597 ἐκείνου
3519 2541 3717 2611 στολὴν
3752 2542 4009 2609 μετενδὺς

2433 2636 2529 2687 καὶ
2579 2636 2642 2688 τὸ
2694 2635 2992 2704 πρόσωπον
3049 2635 3126 2697 ώς
3182 2634 3313 2704 ἐνῆν
3359 2632 3755 2701 καλυψάμενος
3807 2632 4003 2700 ἐχώρει

2435 2727 2576 2797 πρὶς
2610 2726 2708 2797 τὴν
2745 2727 2964 2780 θυσίαν.
2993 2726 3128 2790 Θεὸς
3157 2727 3214 2780 δι
3247 2726 3358 2796 ἀρα
3392 2721 3460 2798 ἦν
3484 2728 3511 2779 ό
3539 2723 3713 2778 ταῦτα
3744 2741 4008 2794 πραγμα-

2433 2817 2734 2888 τευόμενος
2767 2817 3109 2886 παραδόξως.
3141 2817 3239 2870 καὶ
3265 2818 3542 2888 Φιλήμονα
3577 2816 3677 2886 μὲν
3708 2816 3777 2868 δι’
3823 2816 4013 2868 Ἀπολ-

2432 2911 2626 2964 λωνίου
2661 2911 2796 2980 πρὸς
2833 2912 3029 2964 ἑαυτὸν
3060 2911 3469 2980 ἐπισπώμενος,
3500 2911 3589 2964 διὰ
3617 2910 3924 2979 Φιλήμονος
3956 2909 4012 2962 δι

2445 3001 2790 3069 ’Δπολλωνίῳ
2826 3001 2922 3054 τοῦ
2958 3001 3267 3072 μαρτυρίου
3322 3000 3542 3053 πλέκων
3578 3000 3670 3052 τὸν
3717 3000 4009 3068 στέφανον,

2433 3093 2529 3145 καὶ
2569 3093 2711 3147 οὕτω
2753 3094 3013 3163 ἀφορμὰς
3064 3093 3134 3146 δι’
3169 3093 3422 3165 ἀλλήλων
3457 3093 3795 3163 ἀμφοτέροις
3833 3092 4012 3152 διδους

761 3188 854 3240 per
895 3188 956 3226 se
1008 3173 1239 3227 invicem
1281 3174 1418 3229 dans
1462 3175 1731 3228 ambobus
1778 3178 2144 3240 occasionem,
2191 3188 2249 3230 ut
2279 3178 2327 3232 ei
2356 3201 2440 3263 ci

1606 3175 1731 3228 )bus
1778 3178 2144 3240 occasionem,
2191 3188 2249 3230 ut
2279 3178 2327 3232 ei
2356 3204 2399 3263 ο
2432 3183 2533 3252 τῆς
2565 3183 2702 3253 πρὸς
2735 3183 2900 3236 αὑτὸν
2929 3184 3285 3247 οίκειώσεως.

759 3261 1058 3316 familiares
1088 3262 1405 3318 evaderent.

834 3352 1024 3406 XXIX.
1076 3354 1210 3408 Nam
1234 3369 1357 3408 cum
1389 3355 1767 3411 Philemonem
1795 3365 1924 3411 tunc
1945 3358 2329 3422 illuminasset,

761 3455 838 3509 et,
874 3457 932 3499 ut
962 3461 1086 3501 cum
1120 3455 1272 3500 veste
1305 3447 1546 3500 animum
1574 3464 1797 3517 quoque
1825 3459 2087 3514 mutaret,
2115 3451 2329 3504 eiecis-

763 3547 868 3601 set,
922 3539 1051 3592 l'ecit
1102 3549 1162 3591 ut
1191 3539 1293 3594 hoc
1347 3539 1527 3608 ipsum
1585 3551 1753 3606 esset,
1808 3541 1955 3610 quod
2010 3543 2326 3596 simulabat.

767 3630 899 3682 bam
921 3644 1044 3681 cum
1075 3645 1132 3684 se
1149 3630 1367 3692 quidem
1389 3631 1544 3699 signo
1568 3633 1749 3686 crucis
1774 3632 2042 3702 signasset
2073 3642 2329 3700 tanquam

762 3721 1126 3783 Christianus,
1166 3722 1296 3775 utin
1335 3722 1438 3776 hoc
1465 3737 1684 3791 quoque
1732 3723 2048 3778 ostenderet
2109 3726 2327 3794 Apollo.

766 3815 941 3874 nium,
997 3814 1272 3882 prolectus
1304 3826 1386 3868 est
1414 3824 1560 3869 recta
1595 3815 1660 3869 ad
1699 3816 1875 3884 ipsum
1902 3817 2206 3886 praesidem.
2238 3818 2331 3873 Ille

765 3917 945 3959 autem
982 3921 1107 3958 cum
1136 3920 1262 3959 eum
1296 3906 1544 3969 vidisset,
1573 3920 1672 3960 eos
1699 3907 1792 3975 qui
1817 3907 2045 3962 aderant
2087 3911 2329 3977 rogabat,

763 3997 1013 4062 quisnam
1062 4007 1226 4050 esset.
1261 3996 1398 4050 Cum
1431 3998 1507 4050 illi
1548 4013 1681 4051 vero
1722 3997 2030 4053 dixissent:
2068 3999 2164 4054 Est
2209 4003 2333 4070 qni-

763 4089 888 4140 dem
938 4103 1102 4151 unus,
1133 4096 1191 4140 ut
1221 4087 1458 4152 videtur,
1516 4103 1582 4141 ex
1626 4088 1954 4143 Christianis
1987 4108 2001 4143 :
2035 4091 2125 4145 ille
2147 4102 2329 4147 autem

758 4182 1012 4250 iussisset
1064 4180 1210 4234 illico
1258 4195 1384 4234 eum
1440 4179 1770 4244 sacriﬁcare,
1831 4189 1960 4236 tunc
2021 4183 2328 4249 Philemon,

765 4286 949 4329 mente
979 4274 1194 4328 facilius
1223 4283 1429 4328 mutata
1488 4279 1651 4340 quam
1692 4284 1864 4336 veste,
1900 4283 1955 4328 ct
2014 4275 2241 4344 perinde
2267 4292 2333 4331 ac

765 4366 1038 4420 reveritus
1074 4374 1220 4420 esset
1247 4365 1300 4420 id
1348 4364 1495 4434 quod
1552 4364 1890 4430 imitabatur,
1925 4375 2020 4420 aut
2045 4367 2228 4436 potius
2255 4369 2330 4431 ei,

765 4462 910 4529 quod
962 4467 1045 4512 est
1081 4458 1273 4523 videri,
1329 4467 1390 4513 ut
1418 4465 1566 4511 esset
1617 4459 1785 4513 etiam
1846 4457 2159 4528 adiecisset,
2187 4460 2331 4513 clara

2507 3367 2634 3419 κεν.
2674 3365 3102 3436 Περιαστράψας
3136 3364 3245 3434 γὰρ
3274 3366 3397 3419 τότε
3430 3365 3694 3435 Φιλήμονι
3735 3365 4014 3432 φωτισμὸν

2434 3459 2528 3511 καὶ
2580 3458 2773 3528 ὥσπερ
2821 3458 2940 3527 ἀμα
2991 3460 3057 3528 τῇ
3093 3457 3253 3526 στολῇ
3302 3457 3400 3509 καὶ
3444 3457 3543 3526 τὴν
3573 3456 3752 3526 ψυχὴν
3778 3457 4012 3526 ἀμεῖψαι

2435 3551 2870 3620 παρασκευάσας
2898 3551 3063 3603 ταὺτὸ
3094 3546 3234 3602 εἶναι
3268 3549 3590 3619 πεποίηκεν,
3617 3549 3756 3616 ὅπερ
3780 3548 3892 3619 ἀρα
3921 3549 4012 3599 καὶ

2437 3644 2788 3710 ὑπεκρίνετοο
2829 3642 3283 3711 σφραγισάμενος
3314 3641 3413 3708 μὲν
3434 3641 3540 3709 γὰρ
3566 3634 3653 3691 οἶα
3685 3638 4014 3708 Χριστιανὸς

2436 3733 2514 3803 τῷ
2550 3733 2648 3786 τοῦ
2688 3732 2926 3804 σταυροῦ
2958 3734 3213 3802 σημείῳ,
3249 3734 3338 3785 ἵνα
3372 3735 3473 3785 κάν
3503 3730 3680 3799 τούτῳ
3721 3731 3874 3800 δείξῃ
3921 3733 4014 3782 τὸν

2446 3824 2811 3878 Ἀπολλώνιον
2832 3865 2847 3888 ,
2883 3823 3018 3893 παρ’
3050 3825 3213 3877 αὐτὴν
3243 3822 3446 3884 εὐθέως
3474 3823 3566 3875 τὸν
3599 3823 3848 3892 ήγεμόνα
3882 3821 4013 3892 ἐχώ-

2437 3935 2540 3989 ρει.
2580 3915 2645 3972 Ὀ
2671 3917 2727 3970 δὲ
2759 3917 2851 3969 τὸν
2897 3916 3066 3987 ἀνδρα
3116 3915 3242 3968 ἰδὼν
3268 3955 3283 3979 ,
3329 3915 3414 3978 τίς
3455 3911 3609 3974 οὗτος
3646 3915 3839 3984 ἠρώτα
3884 3916 4010 3976 τοὺς

2435 4007 2820 4078 παρεστῶτας.
2849 4006 2941 4070 Ὠς
2962 4006 3020 4060 δὲ
3054 4007 3103 4059 οί
3137 4007 3258 4074 μὲν,
3292 4005 3415 4058 Τῶν
3445 4004 3812 4073 Χριστιανῶν,
3837 4002 4009 4072 εἷπον,

2434 4102 2624 4172 ῶσπερ
2679 4103 2880 4165 ἔοικεν,
2915 4096 3018 4167 εἷς,
3064 4104 3091 4154 ὁ
3143 4102 3199 4154 δὲ
3260 4101 3410 4153 θύειν
3463 4101 3629 4154 αὑτὸν
3665 4101 4009 4170 παραχρῆμα

2433 4193 2698 4246 ἐπέταττε
2731 4233 2745 4256 ,
2780 4192 2902 4246 τότε
2939 4191 3002 4261 δὴ
3038 4193 3158 4245 τότε
3196 4191 3457 4260 Φιλήμων
3492 4193 3624 4260 ῥᾷον
3654 4190 3684 4258 ή
3716 4191 3776 4242 τὸ
3805 4189 4011 4258 ἔνδυμα

2434 4285 2533 4354 τὴν
2560 4285 2790 4354 γνώμην
2821 4284 3150 4356 μεταϐαλὼν
3187 4285 3284 4336 καὶ
3323 4282 3514 4353 ῶσπερ
3546 4283 3576 4335 ὃ
3605 4285 3862 4350 ὲμιμείτο
3882 4282 4008 4334 δυσο

2436 4374 2678 4444 ωπηθεὶς
2733 4375 2766 4446 ἢ
2813 4376 2874 4426 τὸ
2922 4374 3104 4426 δοκεῖν
3177 4372 3384 4442 μᾶλλον
3446 4370 3542 4422 καὶ
3588 4369 3724 4422 αὐτὸ
3760 4369 3820 4421 τὸ
3871 4364 4010 4422 εἷναι

2438 4465 2722 4534 προσθεὶς,
2781 4463 3015 4534 λαμπρᾷ
3068 4462 3145 4523 ὡς
3200 4458 3346 4531 εἶχεν
3399 4459 3670 4527 ἀνέκραγε
3704 4461 3768 4527 τῇ
3823 4461 4010 4528 φωνῇ·

764 4566 921 4611 voce,
953 4557 1218 4617 quantum
1259 4556 1494 4618 poterat,
1549 4548 1821 4603 clamabat
1853 4567 1869 4604 :
1900 4549 2019 4604 Non
2058 4551 2328 4605 sacriﬁco.
2361 4543 2412 4602 D
2439 4571 2443 4601 ι

2361 4543 2514 4612 Ι)οὑ
2571 4557 2705 4620 θύω,
2764 4554 3096 4625 Χριστιανὸς
3141 4555 3252 4626 γάρ
3301 4537 3440 4622 εἶμι,
3500 4549 3743 4621 Χριστοῦ
3805 4549 4010 4613 δοῦλος.

764 4642 896 4695 Sum
923 4642 1068 4693 enim
1096 4640 1467 4703 Christianus,
1501 4639 1708 4695 Christi
1739 4655 1953 4707 servus,
1995 4642 2201 4697 Christi
2235 4643 2329 4696 Dei

765 4735 896 4787 vivi.
917 4735 1120 4789 Praeses
1148 4745 1330 4787 autem
1361 4750 1375 4786 :
1409 4733 1529 4788 Non
1556 4733 1739 4788 vidisti
1768 4735 1929 4803 paulo
1952 4744 2100 4799 ante,
2127 4735 2328 4804 inquit,

765 4825 948 4893 qualia
973 4834 1029 4879 et
1062 4840 1223 4894 quam
1252 4825 1424 4879 multa
1456 4825 1702 4894 perpessi
1756 4826 2024 4895 supplicia
2055 4827 2242 4880 Asclas
2277 4835 2334 4881 et

769 4919 1057 4981 Leonides,
1085 4918 1282 4973 deinde
1309 4918 1475 4973 etiam
1514 4927 1691 4972 morte
1739 4917 1890 4972 fuere
1932 4920 2281 4973 condemnati
2311 4921 2335 4972 ’ί

769 5010 882 5066 lloc
921 5011 1118 5077 ipsum,
1153 5010 1350 5078 inquit,
1389 5009 1493 5063 fuit
1523 5009 1655 5062 mihi
1685 5011 1926 5072 occasio,
1962 5025 2084 5078 quae
2113 5025 2198 5064 me
2232 5012 2330 5064 im-

766 5100 995 5170 pulitad
1051 5101 1391 5170 martyrium,
1425 5100 1572 5170 quod
1621 5103 1809 5156 Asclas
1853 5112 1908 5156 et
1937 5102 2206 5158 Leonides
2253 5105 2334 5158 sic

769 5191 931 5259 paulo
970 5199 1097 5244 ante
1135 5190 1490 5246 decertaruut
1541 5202 1764 5262 propter
1793 5192 2098 5258 Christum,
2141 5205 2197 5249 et
2223 5210 2334 5248 ma—

769 5284 912 5335 xime
943 5282 1245 5336 tolerantiz
1276 5282 1403 5337 hinc
1448 5283 1670 5352 percepi
1703 5282 2033 5348 doctrinam,
2080 5293 2137 5338 et
2165 5300 2333 5355 argu-

771 5383 1014 5430 mentum
1048 5374 1405 5429 fortitudinis.
1441 5376 1506 5428 Et
1531 5376 1732 5444 alioqui
1761 5377 2082 5430 miraculum
2108 5377 2254 5446 quod
2280 5375 2335 5432 in

774 5467 863 5519 illa
893 5468 1014 5520 navi
1045 5477 1135 5520 tua
1191 5467 1267 5521 illi
1300 5482 1475 5535 nuper
1527 5466 1912 5530 ostenderunt,
1962 5484 2147 5537 quam,
2210 5484 2334 5522 cum

774 5575 871 5628 per
911 5559 1148 5612 medium
1212 5559 1453 5613 ﬂuminis
1505 5559 1716 5613 alveum
1748 5560 2004 5623 terretur,
2051 5561 2333 5624 sisterunt,

773 5666 913 5720 quos
937 5667 1046 5705 non
1079 5651 1377 5715 induxerit,
1413 5662 1474 5706 ut
1498 5666 1556 5707 se
1606 5661 1802 5721 parent
1827 5655 1892 5706 ad
1921 5653 2333 5722 suscipiendum

772 5746 1050 5794 certamen
1099 5755 1197 5809 pro
1259 5741 1511 5810 pietate?
1572 5738 1710 5795 Cum
1781 5740 2097 5810 desperaret
2151 5744 2337 5812 itaque

773 5842 971 5895 praess
1029 5843 1086 5884 se
1139 5844 1295 5898 posse
1333 5829 1482 5884 illum
1535 5844 1564 5883 a
1590 5845 1687 5884 sua
1722 5830 2005 5887 traducere
2040 5834 2334 5899 sententia,

2438 4648 2680 4720 Χριστοῦ
2713 4648 2807 4701 τοῦ
2846 4647 3048 4711 ζῶντος
3098 4645 3257 4699 Θεοῦ.
3301 4646 3411 4698 Καὶ
3436 4644 3465 4696 ὁ
3499 4642 3753 4712 ἡγεμὼν,
3779 4643 3856 4694 Οὐ
3909 4643 4014 4714 πρὸ

2441 4736 2643 4807 μικροῦ
2670 4734 2950 4805 ἑώρακας,
2983 4730 3160 4797 εἷπεν,
3211 4733 3419 4803 ήλίκων
3463 4733 3559 4785 καὶ
3601 4731 3748 4784 ὅσων
3789 4730 3840 4781 oi
3887 4731 4014 4800 περὶ

2451 4830 2690 4884 ’Δσκλᾶν
2725 4829 2821 4882 καὶ
2851 4827 3124 4896 Λεωνίδην
3149 4825 3507 4897 πειραθέντες
3549 4823 3851 4884 κολάσεων,
3892 4817 4013 4876 εἶτα

2440 4924 2538 4975 καὶ
2584 4922 2815 4976 θάνατον
2871 4919 3314 4989 κατεκρίθησαν;
3352 4918 3412 4971 Ὀ
3459 4917 3538 4981 δὲ,
3573 4915 3717 4969 Αὐτὸ
3765 4917 3866 4985 μὲν
3921 4911 4015 4970 οὖν

2441 5014 2623 5079 τοῦτο,
2657 5014 2787 5083 ἔφη,
2833 5013 2928 5066 καὶ
2976 5010 3205 5083 ἀφορμὴ
3249 5010 3346 5063 τοῦ
3381 5009 3687 5080 μαρτυρίου
3721 5026 3812 5078 μοι
3856 5009 4016 5077 γέγο-

2441 5122 2548 5158 νεν’
2586 5107 2668 5158 ὅτι
2702 5108 2795 5159 καὶ
2828 5105 3064 5167 ’Δσκλᾶς
3085 5104 3180 5155 καὶ
3202 5103 3478 5170 Λεωνίδης
3502 5101 3650 5154 οὕτω
3673 5100 3781 5170 πρὸ
3816 5099 4015 5170 μικροῦ

2442 5197 2533 5250 διά
2577 5197 2813 5265 Χριστὸν
2856 5198 3220 5266 ⁴Ιιιγωνίσαντο,
3274 5195 3373 5248 καὶ
3430 5193 3699 5263 μεγίστης
3735 5191 4013 5261 ὑπομονῆς

2443 5287 2695 5340 ἐντεῦθεν
2749 5288 3068 5358 ὲδρεψάμην
3142 5285 3496 5339 διδασκαλίαν
3558 5285 3654 5336 καὶ
3717 5283 4015 5354 καρτερίας

2444 5379 2725 5433 ὑπόθεσιν,
2753 5379 2973 5441 Ἀλλως
3002 5396 3062 5431 τε
3089 5379 3183 5432 καὶ
3219 5379 3279 5428 τὸ
3315 5377 3504 5445 θαῦμα
3535 5375 3564 5428 δ
3599 5375 3734 5441 περὶ
3780 5375 3884 5441 τὴν
3916 5374 4015 5443 σὴν

2444 5474 2646 5524 ἐκεῖνοι
2683 5470 2817 5523 ναῦν
2855 5470 3207 5533 ἐπεδείξαντο
3242 5469 3552 5538 φερομένην
3583 5467 3758 5532 αὐτὴν
3787 5466 3877 5518 διὰ
3922 5464 4017 5517 τοῦ

2445 5563 2695 5632 ποταμοῦ
2731 5563 2873 5616 κατὰ
2926 5562 3092 5632 μέσον
3125 5563 3217 5614 τὸν
3275 5562 3442 5630 πόρον
3499 5559 3825 5628 στήσαντες,
3865 5556 4018 5618 τίνας

2443 5655 2545 5706 οὐκ
2580 5653 2645 5707 ἂν
2674 5652 3048 5705 ἀποδύσασθαι
3076 5651 3208 5718 πρὸς
3237 5651 3328 5703 τὸν
3359 5648 3521 5703 αὑτὸν
3555 5648 3696 5718 ὑπὲρ
3733 5648 4017 5711 εὐσεϐείας

2446 5745 2634 5812 ἀγῶνα
2685 5743 3165 5814 παρασκευάσειες
3203 5743 3555 5798 Μεταπεῖσαι
3610 5739 3796 5793 τοίνυν
3843 5737 4018 5801 οὕτως

2451 5836 2615 5887 αὐτὸν
2640 5833 3006 5904 ἀπαγορεύων
3031 5835 3056 5887 ὁ
3083 5833 3472 5906 ἡγεμὼν,πρδς
3491 5834 3621 5896 τοὺς
3645 5830 4017 5903 περιεστῶτας
