4252 6440
288 419 383 483 541
1188 425 1659 488 ΜΑΒΤΥΒῘΗΜ
1691 427 1755 489 8.
1796 429 1967 489 THY]

1866 430 2084 490 FIYRSI
2129 432 2224 491 ΕΤ
2261 432 2672 495 SOCIORUM.
3444 436 3545 499 5i!

281 533 673 606 ἐπιστραφείς,
708 533 1126 604 Μεταπέμψατέ
1159 553 1273 606 μοι,
1317 556 1476 608 φησι,
1507 542 1599 592 τὸν
1630 538 1854 611 Χοραύ·
1884 547 1926 601 Α
1959 543 1960 593 ζ

1884 547 1926 601 Α
1959 540 2109 607 Mihi,
2168 541 2368 611 inquit,
2420 548 2684 599 accersite
2738 544 3068 602 Cboraulem
3112 549 3536 608 Philemonem:

278 631 383 698 λην
407 628 685 696 Φιλήμονα
711 640 731 654 ο
761 626 894 688 ῖσως
919 625 1026 678 ὑπὸ
1051 626 1157 680 τῶν
1180 628 1361 681 αὐλῶν
1394 629 1607 683 ἑκείνου
1639 632 1731 683 καὶ
1760 633 1858 701 τῆς

1962 630 2195 687 fortasse
2232 634 2491 687 tibiarum
2543 635 2760 689 illarmn
2812 638 3107 693 dulcedine
3137 640 3423 697 tlelinitns.
3458 642 3539 695 fa-

277 719 535 787 σειρῆνος
584 716 723 788 πρὸς
775 716 970 785 ήδονάς
1022 719 1232 781 ἀνεθεὶς
1279 720 1426 790 ῥᾴων
1474 722 1543 775 ἂν
1586 722 1729 775 οὕτω
1760 724 1859 794 τὴν

1961 723 2122 779 cilius
2181 726 2505 789 mutabitur,
2561 728 2821 795 ignorans
2860 732 3085 785 omnino
3138 734 3359 792 stultus,
3394 734 3539 788 hunc

279 812 584 881 μεταϐολὴν
642 812 876 878 γένοιτο·
922 814 1136 878 ἀγνοῶν
1182 816 1402 877 πάντως
1439 816 1465 867 ὁ
1501 816 1727 880 μάταιος
1776 820 1857 871 ὅτι

1853 839 1857 868 μ
1963 816 2140 883 ipsum
2182 832 2304 872 esse
2330 819 2734 883 Philemonem,
2767 831 2824 876 et
2848 821 3040 876 eadem
3073 825 3257 893 lingua
3289 834 3532 879 utentem

280 904 450 966 αὐτὸς
502 897 665 966 οὗτος
723 902 986 972 Φιλήμων
1053 900 1122 974 ἦν
1173 908 1269 958 καὶ
1331 910 1397 976 τῇ
1458 909 1597 978 αὐτῇ
1641 902 1855 980 γλώττῃ

1959 910 2065 962 nisi
2092 910 2239 978 quod
2289 912 2438 976 prius
2478 913 2703 980 quidem
2740 915 2855 985 lyra
2908 927 2962 969 et
3001 917 3167 979 tibiis,
3197 930 3327 973 tunc
3352 930 3534 973 autem

273 995 580 1066 χρώμενος,
612 996 759 1065 πλὴν
802 997 929 1049 ὅσον
976 997 1246 1069 πρότερον
1300 1000 1399 1068 μὲν
1434 998 1540 1052 ὑπὸ
1570 1000 1731 1071 λύρᾳ⁹
1762 1004 1856 1055 καὶ

1091 1015 1246 1069 τερον
1300 1000 1399 1068 μὲν
1434 998 1540 1052 ὑπὸ
1570 1000 1731 1071 λύρᾳ⁹
1762 1004 1856 1055 καὶ
1958 1002 2145 1055 divino
2179 1004 2505 1072 loquebatur
2539 1006 2770 1075 Spiritu.

276 1087 492 1151 αὐλοῖς,
521 1088 642 1141 τότε
669 1088 725 1141 δὲ
757 1088 1040 1158 Πνεύματι
1078 1089 1206 1158 θείῳ
1237 1091 1637 1160 φθεγγόμενος.

348 1180 429 1232 Λ’.
458 1179 649 1247 Πάσης
681 1180 863 1233 τοίνυν
904 1181 1096 1251 σχεδον
1135 1184 1235 1249 τῆς
1272 1185 1405 1252 περὶ
1435 1186 1597 1238 αὐτον
1645 1186 1853 1250 τάξεως
2020 1181 2027 1234 ἶ

1837 1204 1853 1248 ;
2020 1180 2189 1235 XXX.
2226 1182 2363 1237 Cum
2411 1199 2542 1253 ergo
2587 1195 2697 1238 tota
2729 1185 2841 1239 fere
2864 1189 3061 1242 cohors
3091 1188 3217 1260 ejus
3251 1196 3516 1262 apparito-

277 1270 373 1320 τὸν
431 1270 605 1338 δῆμον
656 1272 1057 1342 περιελθούσης
1116 1276 1212 1327 καὶ
1282 1276 1521 1344 οὐδαμοῦ
1576 1279 1855 1348 Φιλήμονα

1853 1320 1855 1328 ,
1957 1290 2077 1327 rum
2109 1275 2287 1329 obiret
2318 1278 2602 1345 populum,
2657 1288 2713 1332 et
2740 1296 3009 1349 nusquam
3069 1296 3252 1351 posset
3287 1290 3532 1343 invenire

274 1361 603 1431 δννηθεσης
628 1364 834 1433 εὑρεῖν,
882 1368 911 1418 ό
938 1364 1192 1433 ἡγεμὼν,
1244 1368 1350 1419 Τὸν
1377 1369 1609 1437 ἀδελφὸν
1642 1372 1852 1424 ἐκείνου

1956 1368 2330 1422 Philemonem
2360 1387 2373 1424 :
2409 1369 2577 1435 Illius,
2600 1372 2796 1438 inquit,
2824 1376 2995 1427 lrater
3027 1373 3214 1428 Theon
3241 1388 3323 1429 est
3348 1393 3532 1431 accer-

278 1454 500 1515 Θέωνα,
529 1454 657 1525 ἔφη,
694 1458 1085 1527 μετακλητέον,
1123 1460 1217 1512 καὶ
1249 1460 1414 1523 αὐτὸς
1468 1462 1593 1514 ἔνθα
1636 1462 1853 1523 πάντως
1954 1480 1957 1511 :

1840 1481 1853 1522 ;
1954 1459 2179 1513 sendus.
2209 1460 2329 1528 ipse
2383 1463 2527 1515 enim
2559 1466 2785 1516 omnino
2838 1466 3077 1525 dorebil,
3126 1470 3218 1520 ubi
3263 1470 3519 1522 ςὶιΡΙιίίρ.

276 1546 539 1617 Φ;).ήμων
581 1548 698 1601 ἐστὶ
750 1550 977 1614 διδάξει.
1034 1550 1187 1603 Ἐπεὶ
1216 1552 1274 1604 δὲ
1306 1553 1399 1605 καὶ
1430 1554 1581 1607 Θέων
1618 1556 1852 1625 πάρεστι

1849 1596 1852 1606 ,
1957 1566 2103 1603 mon.
2131 1549 2267 1605 Cum
2299 1563 2480 1607 autem
2511 1553 2777 1608 adfuisset
2797 1554 3010 1617 Theon,
3035 1557 3127 1610 ille
3156 1560 3293 1613 nihil
3321 1562 3528 1621 θοίνης.

282 1643 452 1709 μηδὲν
477 1644 687 1705 έκεῖνος
718 1643 873 1705 εἰδὼς
901 1686 914 1707 ,
957 1641 1069 1707 οἷος
1105 1646 1191 1715 εἴη
1222 1649 1425 1708 σκοπὸς
1457 1648 1535 1718 τῷ
1559 1650 1850 1719 Φιλήμονι,
1955 1661 1961 1691 ⁴

1955 1643 2131 1709 qualis
2162 1653 2307 1697 esset
2364 1659 2563 1712 scopns
2595 1646 2935 1701 Philemonis
2970 1666 2983 1701 :
3022 1647 3116 1700 ilic
3186 1658 3292 1710 est,
3334 1652 3529 1721 inquit.

279 1730 469 1796 nat“,
524 1731 670 1799 εἶπε,
700 1738 981 1806 Φιλήμων,
1030 1739 1215 1804 δείξας
1252 1741 1341 1793 τὸν
1387 1742 1637 1810 ἀδελφόν.
1674 1743 1852 1805 Εὐθὺς
1928 1735 1958 1789 -ἰ

1849 1762 1852 1771 ι
1928 1735 2261 1801 Philemon,
2308 1740 2606 1793 ostendens
2651 1739 2898 1793 fratrem.
2974 1741 3170 1795 Statim
3197 1759 3331 1811 ergo
3363 1746 3528 1815 jussit

276 1827 376 1877 οὖν
400 1828 427 1878 ό
450 1829 678 1897 ἡγεμὼν
707 1830 1114 1884 ἀνακαλύπτειν
1146 1835 1311 1886 αὑτοῦ
1340 1834 1437 1904 τὴν
1464 1836 1585 1904 ὄψιν
1612 1837 1849 1902 ἐκέλευε,
1887 1879 1925 1932 Β
1954 1846 1955 1849 “

1887 1879 1925 1932 Β
1954 1842 2157 1896 przses
2209 1844 2334 1883 cum
2397 1832 2613 1898 aperire
2650 1831 2865 1891 faciem,
2908 1844 2963 1885 et
2994 1849 3117 1885 cum
3152 1835 3399 1897 vidisset,
3438 1854 3528 1890 ve-

278 1920 379 1971 καὶ
412 1919 575 1972 ίδόντι
617 1922 782 1991 γελᾷν
836 1924 935 1991 μὲν
984 1923 1137 1992 αρτῴ
1174 1926 1335 1996 ἐπῄει
1382 1928 1617 1996 τερπνόν
1658 1946 1709 1980 τι
1754 1932 1847 1983 καὶ
1888 1919 1957 1973 ul

1845 1971 1847 1980 ,
1888 1919 1925 1932 “’
1954 1922 2235 1975 hementer
2251 1921 2471 1989 quidem
2491 1923 2657 1989 carpit
2678 1933 2735 1976 et
2758 1922 2977 1991 profuse
3012 1923 3217 1988 ridere,
3246 1927 3524 1982 arbitrans

280 2014 476 2064 ἄνετον
504 2013 791 2082 νομίσαντι
840 2016 1061 2077 πάντως
1098 2017 1177 2079 είς
1224 2018 1440 2085 γέλωτα
1477 2004 1632 2073 τοῦτο
1659 2022 1848 2075 θέσθαι
1952 2014 1959 2067 Ῑ

1846 2063 1848 2071 ,
1952 2014 2325 2069 Philemonem
2368 2013 2473 2066 hoc
2500 2016 2724 2069 omnino
2768 2016 2951 2071 facere
3006 2028 3064 2072 ut
3118 2019 3323 2074 rideret
3370 2021 3525 2075 Chri-

281 2103 634 2169 Χριστιανῶν
667 2104 761 2155 τὸν
794 2106 1071 2175 Φιλήμονα
1109 2109 1199 2159 καὶ
1252 2111 1404 2177 παρά
1454 2111 1613 2163 τοῦτο
1657 2117 1749 2165 καὶ
1791 2115 1849 2166 τὸ
1950 2122 1960 2160 ε

1950 2107 2158 2161 stianos
2193 2116 2287 2161 :et
2337 2106 2457 2160 ideo
2492 2108 2634 2161 illam
2665 2125 2790 2163 eum
2825 2110 3072 2166 induisse
3128 2128 3439 2182 personam,
3472 2124 3528 2167 ut

275 2195 625 2260 προσωπεῖον
659 2195 837 2248 ἐκεῖνο
866 2196 1280 2265 περιϐαλέσθαι,
1305 2199 1390 2251 ἵνα
1422 2203 1515 2253 καὶ
1548 2201 1727 2265 ἄλλοις
1745 2220 1847 2255 πα·
1950 2217 1954 2251 :

1844 2234 1847 2245 .
1950 2199 2085 2253 alios
2115 2215 2332 2267 quoque
2364 2202 2694 2255 moveretatl
2732 2203 2922 2256 risum.
2974 2203 3181 2261 Deinde
3215 2207 3368 2261 illum
3397 2209 3523 2277 qui-

282 2286 402 2353 ρείη
434 2286 621 2356 γελᾷν.
659 2281 793 2340 Εἶτα
839 2287 902 2339 τὸ
947 2288 1045 2353 μὲν
1088 2284 1272 2358 δρᾶμα
1304 2292 1392 2342 καὶ
1420 2293 1520 2361 τὴν
1559 2293 1848 2363 ὑπόκρισιν
1949 2308 1961 2343 ι

1949 2290 2072 2343 dem
2104 2292 2263 2361 jussit
2320 2302 2500 2346 actum
2565 2292 2845 2361 deponere
2884 2304 2939 2349 et
2968 2297 3402 2357 simulationem.
3437 2316 3527 2355 ac-

278 2379 647 2448 ἀπορρίπτειν
694 2381 981 2447 ἐπέτῖατε,
1026 2383 1393 2451 προσελθόντα
1435 2385 1491 2436 δὲ
1529 2387 1622 2437 σὺν
1656 2388 1848 2455 ἐκείνῳ
1949 2402 1957 2434 t

1843 2408 1848 2432 ι
1949 2384 2234 2437 cedentem
2274 2401 2404 2438 vero
2426 2402 2551 2439 cum
2585 2387 2678 2439 illo
2705 2387 3044 2443 sacrificare.
3079 2391 3374 2459 Postquam
3424 2410 3522 2447 au-

280 2471 455 2524 θύειν.
498 2469 651 2524 Ἐπεὶ
678 2472 737 2525 δὲ
760 2474 1021 2541 Φιλήμων
1052 2477 1362 2528 τούναντίον
1405 2478 1611 2545 ἔφασκε
1646 2478 1848 2546 μᾶλλον
1951 2484 1959 2527 1

1845 2501 1848 2516 ν
1951 2483 2057 2528 tcni
2094 2487 2281 2529 contra
2317 2477 2453 2529 dixit
2492 2478 2799 2543 Philemon,
2832 2495 2890 2534 se
2922 2480 3143 2536 Christo
3175 2484 3398 2553 quidem
3434 2502 3524 2539 re-

275 2564 358 2631 τῷ
391 2566 487 2632 μὲν
514 2565 735 2634 Χριστῷ
766 2566 1049 2636 λατρεύειν
1078 2571 1197 2631 ταῖς
1231 2568 1530 2635 ἀληθείαις,
1567 2573 1636 2622 τὰ
1666 2570 1720 2622 δὲ
1746 2572 1849 2624 τῶν
1949 2583 1954 2593 ‘

1842 2590 1849 2618 ν
1949 2583 2077 2620 vera
2108 2568 2335 2629 servire,
2371 2569 2516 2622 illius
2552 2578 2734 2623 autem
2771 2570 2903 2626 deos
2938 2572 3139 2627 habere
3177 2590 3275 2643 pro
3305 2577 3435 2628 ludo
3468 2588 3521 2631 ct

279 2657 491 2709 ἑγείνου
520 2657 660 2710 θεῶν
698 2660 755 2709 ὲν
786 2659 974 2729 παιδιᾷ
1020 2662 1113 2711 καὶ
1147 2661 1344 2727 γέλωτι
1379 2664 1647 2726 τίθεσθαι,
1682 2666 1846 2735 πολλή
1950 2674 1958 2710 1

1950 2658 2217 2711 ridiculo:
2247 2659 2487 2725 judicent
2546 2676 2772 2726 magnus
2832 2662 3029 2716 invasit
3057 2674 3251 2732 stupor
3282 2675 3335 2719 et
3363 2664 3525 2720 dub?-

274 2749 539 2817 ἔκπληξις
583 2746 695 2816 εἷχε
737 2753 830 2803 καὶ
860 2753 1063 2819 ἀπορία
1083 2754 1171 2805 τὸν
1202 2755 1482 2824 δικαστήν.
1540 2756 1849 2825 Ἐμσλὲψας

1846 2776 1849 2813 ς
1954 2751 2103 2802 tatio.
2144 2751 2366 2804 lutuens
2430 2758 2611 2821 itaque
2646 2753 3044 2818 Philemonem,
3080 2757 3181 2810 Per
3208 2758 3402 2826 ipsam,
3442 2760 3525 2810 in-

272 2839 369 2889 οἰν
404 2839 535 2907 πρὸς
594 2839 897 2908 Φιλήμονα,
940 2844 1083 2912 Πρὸς
1125 2846 1316 2913 αὐτῆς,
1368 2845 1497 2915 ἔφη,
1530 2846 1627 2913 τῆς
1664 2848 1849 2913 ὑγείας
1949 2873 1951 2885 ε

1845 2867 1849 2905 ς
1949 2844 2089 2912 quit,
2144 2844 2516 2897 Romanorum
2545 2846 2799 2909 salutem,
2851 2863 3055 2902 verane
3129 2859 3259 2903 sunt
3312 2866 3432 2918 qua:
3473 2851 3524 2904 in

284 2930 581 2998 Ῥωμαίων
626 2931 804 3001 ἀληθῆ
857 2935 925 2985 τὰ
972 2938 1238 3005 παρόντα,
1283 2938 1542 3007 Φιλῆμον,
1685 2940 1847 3011 χλεύη
1952 2951 1963 3003 |

1846 3000 1847 3005 η
1952 2934 2259 3003 praesentia,
2305 2951 2337 2987 ο
2372 2936 2674 2999 Philemon,
2716 2954 2743 2990 a
2783 2949 2833 2991 te
2890 2937 3044 3001 fiunt,
3094 2955 3161 2992 an
3212 2952 3525 3007 comparata

273 3023 617 3091 Χριστιανῶν
651 3028 745 3077 καὶ
785 3029 1039 3096 μυκτήρς
1090 3029 1147 3082 Ὀ
1175 3031 1253 3093 δὲ,
1291 3033 1363 3083 Οὐ
1393 3033 1492 3098 τὴν
1525 3034 1713 3101 ὑγείαν
1739 3038 1849 3105 ἐγὼ
1950 3047 1952 3075 ³

1846 3062 1849 3082 ,
1950 3026 2379 3080 atlirridenduni
2433 3037 2487 3080 et
2524 3028 2913 3083 ludificamlum
2975 3030 3373 3084 Christianos?
3432 3033 3525 3087 Ille

270 3118 375 3182 τὴν
420 3114 725 3185 Ῥωμαίων,
762 3118 875 3170 ἀλλ’
903 3121 1071 3190 αὐτὴν
1104 3123 1330 3192 ὄμνυμι,
1390 3127 1515 3197 ἔφη,
1551 3127 1650 3197 τὴν
1680 3132 1845 3198 ἐμαυ-

1843 3160 1845 3167 ,
1952 3133 2103 3183 vero,
2161 3120 2277 3173 Non
2337 3120 2733 3181 Romanorum,
2802 3122 3003 3190 inquit,
3059 3138 3180 3190 ego,
3223 3123 3319 3177 sed
3347 3139 3522 3177 meam

273 3208 370 3259 τοῦ
409 3212 687 3278 σωτηρίαν
735 3214 828 3265 καὶ
873 3214 963 3267 τὸν
1003 3215 1136 3284 ὲμᾌν
1171 3218 1449 3285 Δεσπότην
1484 3221 1577 3273 καὶ
1618 3220 1847 3291 βασιλέα
1874 3218 1915 3274 C
1950 3226 1952 3261 ἶ

1837 3218 1915 3274 ιο
1950 3209 2123 3277 ipsius
2170 3212 2296 3281 juro
2345 3212 2599 3274 salutem,
2628 3220 2683 3265 et
2717 3212 3009 3266 Dominum
3043 3229 3226 3267 meum
3256 3224 3312 3269 et
3338 3230 3516 3285 regem

274 3300 532 3367 Χριστὸν,
562 3306 621 3356 οὐ
653 3306 844 3371 γέλως,
900 3309 960 3359 οὐ
997 3311 1210 3375 παιδιὰ,
1263 3312 1323 3364 οὺ
1380 3314 1630 3384 πλάσμα,
1676 3316 1843 3386 οὑμε-
1943 3307 1953 3352 ⁴

1832 3343 1843 3359 .
1943 3303 2247 3367 Christum,
2287 3319 2395 3358 non
2423 3320 2546 3358 esse
2580 3304 2917 3369 irrisionem,
2956 3320 3058 3360 nec
3081 3306 3376 3371 lusionem,
3412 3323 3511 3363 nec

280 3393 409 3445 νοῦν
444 3396 512 3447 τὰ
535 3396 805 3464 όρὼμενα,
839 3400 974 3452 ἀλλά
1007 3403 1234 3470 καρδίας
1271 3407 1566 3472 μετάθεσις
1607 3408 1838 3479 ἀληθὴς,
1944 3394 1959 3448 ί

1837 3457 1838 3461 η
1944 3393 2219 3450 fictionem
2240 3411 2363 3467 quae
2388 3396 2666 3458 videntur,
2694 3395 2791 3449 sed
2820 3412 3004 3450 veram
3041 3397 3227 3453 cordis
3257 3399 3516 3453 mutatio-

272 3488 367 3536 κιὶ
419 3487 554 3553 πρὸς
603 3487 837 3557 Χριστὸν
896 3492 1086 3556 πίστις
1137 3494 1546 3565 ἀψευδεστάτη-
1580 3501 1673 3551 καὶ
1702 3502 1840 3570 ὑπὲρ
1944 3502 1951 3537 ¹

1839 3532 1840 3543 χ
1944 3502 2090 3550 nem,
2142 3503 2199 3541 et
2229 3487 2390 3541 ﬁdem
2418 3500 2539 3542 esse
2585 3486 2638 3542 in
2675 3485 2957 3544 Christum
3012 3488 3377 3543 certissimam
3423 3500 3518 3544 :et

271 3580 477 3644 τιύτης
524 3579 634 3644 ἐγὼ
681 3582 779 3647 τῆς
850 3582 1140 3651 ὁμολογίας
1178 3588 1276 3654 οὐχ
1328 3588 1423 3641 ἕνα
1482 3592 1662 3658 μόνον,
1705 3594 1843 3646 ἀλλά
1942 3592 1950 3629 ¹

1834 3611 1843 3646 ι
1942 3592 2028 3631 me
2057 3594 2155 3645 pro
2187 3579 2290 3631 hoc
2324 3580 2699 3642 confessione,
2734 3597 2843 3634 non
2877 3596 3040 3635 unam
3090 3580 3286 3641 solam.
3314 3582 3413 3636 sel
3435 3583 3513 3633 iu-

270 3672 367 3720 κιὶ
419 3674 690 3741 μυρίως,
749 3675 800 3727 εί
858 3670 971 3729 οἷόν
1035 3694 1141 3745 τε,
1209 3680 1471 3745 θανάτους
1545 3685 1840 3738 ἀποθανεῖν
1944 3682 1949 3718 ¹

1837 3705 1840 3726 ,
1944 3666 2331 3732 numerabiles,
2378 3671 2419 3721 si
2456 3669 2572 3721 lieri
2628 3682 2836 3735 posset,
2874 3681 3127 3737 paratum
3178 3688 3300 3727 esse
3330 3676 3516 3728 subire

275 3761 516 3829 ἕτοιμος.
600 3808 603 3809 ν
1942 3767 2169 3811 mortes.

339 3852 464 3905 ΛΝ.
504 3853 699 3923 Ὀργῆς
732 3858 1025 3928 ἐπλήρωσε
1076 3862 1252 3915 ταῦτα
1309 3866 1403 3918 τὸν
1448 3856 1711 3936 ἡγεμόνα,
1747 3872 1840 3923 καὶ
2011 3848 2018 3901 ἶ

1825 3873 1840 3923 ι
2011 3848 2205 3906 XXXI.
2232 3848 2355 3904 Haec
2378 3852 2454 3903 ira
2490 3851 2789 3919 implevere
2828 3853 3116 3920 president
3146 3872 3159 3908 :
3192 3867 3246 3910 et
3286 3872 3504 3910 conver

267 3942 406 4009 πρὸς
441 3946 564 4005 τοὺς
601 3948 970 4015 περιεςτῶτας
998 3954 1354 4024 ἐπιστραφεὶς
1395 3958 1727 4013 ἐπυνθάνετο
1750 3964 1840 4013 Φι-
1940 3954 1946 3991 ³

1838 3994 1840 4001 ν
1940 3953 2035 3992 sus
2055 3938 2121 3991 ad
2154 3953 2251 3993 eos
2280 3941 2371 4008 qui
2411 3941 2863 4005 circumstabant,
2894 3943 3139 4013 rogabat,
3204 3962 3271 3998 an
3298 3959 3517 4015 oporte-

264 4026 474 4096 λήμονα
507 4034 846 4103 παραχρῆμα
872 4038 1106 4091 κτείνειν
1149 4039 1293 4094 οὕτω
1334 4044 1585 4114 φανερῶς
1621 4046 1840 4116 ὲξυδρι-
1942 4048 1943 4081 ῖ

1942 4039 2029 4083 ret
2065 4032 2318 4100 protinus
2351 4031 2601 4085 occidere
2625 4033 3025 4099 Philemonem,
3059 4038 3152 4105 qui
3180 4038 3313 4093 deos
3334 4050 3520 4109 aperte

265 4124 400 4171 κότα
435 4124 567 4190 πρδς
601 4127 722 4186 τοὺς
745 4125 897 4189 θεοὺς
920 4130 1014 4181 καὶ
1035 4131 1207 4201 ἀσεϐῆ
1233 4134 1503 4204 ἐπίσημον
1523 4136 1838 4207 ἀποδεδειγ-
1942 4135 1944 4170 ‘

1836 4171 1838 4180 ,
1942 4130 2089 4175 tanta
2116 4120 2375 4175 aﬂecerat
2411 4122 2772 4188 contumelia,
2815 4133 2869 4177 et
2904 4124 3174 4180 evasisset
3221 4137 3328 4180 tam
3381 4129 3515 4183 insi-

268 4212 512 4280 μένον,ἢ
564 4216 755 4282 χρόνον
808 4223 1109 4289 παρασχεῖν
1156 4225 1234 4285 εἰς
1296 4224 1584 4295 ἐπίσκεψιν
1640 4245 1699 4279 τε
1746 4232 1837 4281 καὶ
1938 4230 1947 4281 l

1836 4270 1837 4277 η
1938 4213 2115 4283 gniter
2151 4213 2373 4281 impius,
2396 4229 2463 4264 an
2481 4213 2530 4265 ei
2550 4221 2767 4281 tempus
2797 4216 3045 4282 praebere
3071 4226 3131 4270 ut
3154 4218 3515 4282 deliberaret,

270 4304 635 4370 μεταμέλειαν
688 4306 784 4358 τοῦ
825 4312 1213 4381 γεγενημένου.
1267 4314 1327 4367 Ὀ
1382 4317 1481 4385 μὲν
1531 4318 1623 4371 οὖν
1667 4322 1836 4390 δῆμος
1937 4325 1949 4359 ⁴

1937 4317 1991 4360 et
2016 4307 2134 4376 ejus
2164 4304 2313 4373 quod
2346 4304 2573 4364 fecerat,
2598 4304 2901 4359 duceretur
2957 4309 3303 4376 pmnitentia.
3339 4315 3516 4381 Mque

268 4408 284 4459 ι
310 4394 541 4464 ίσχυρῶς
572 4399 679 4467 γὰρ
714 4396 828 4469 εἶχε
852 4402 1013 4465 πόθος
1040 4405 1236 4468 αὐτοὺς
1264 4408 1561 4477 Φιλήμονος
1584 4413 1674 4462 καί
1706 4416 1837 4464 πάκ-
1938 4414 1947 4467 l

1938 4398 2172 4467 populus
2204 4396 2425 4465 quidem
2449 4395 2809 4463 (Philemonis
2833 4398 2979 4451 enim
3010 4414 3206 4469 magno
3232 4406 3519 4457 tenebatur

263 4498 357 4545 τες
378 4486 475 4549 τῇς
500 4487 704 4539 ἐκείνου
725 4488 973 4557 γλώττης
992 4494 1083 4543 καὶ
1112 4493 1221 4545 τῶν
1247 4494 1424 4547 αὐλῶν
1450 4495 1833 4567 ὲξεκρέμαντο)
1937 4511 1942 4537 ε

1829 4515 1833 4548 μ
1937 4488 2242 4552 desiderio,
2276 4498 2335 4541 et
2378 4486 2693 4557 pendebant
2740 4501 2933 4543 omnes
2962 4490 3030 4543 ab
3078 4492 3227 4547 illius
3255 4493 3434 4562 lingua
3464 4509 3508 4549 c;

261 4578 465 4630 αὐτίκα
516 4581 659 4648 μάλα
690 4583 874 4651 ἠξίουν
914 4586 1004 4635 τὸν
1030 4587 1275 4656 ἡγεμόνα
1308 4587 1380 4658 μὴ
1430 4590 1723 4643 ἀπολλύναι
1758 4595 1838 4642 λέ-
1871 4568 1912 4621 D

1836 4568 1912 4629 .D
1942 4596 1971 4633 a
2014 4580 2189 4647 tibiis)
2240 4579 2451 4645 rogavit
2492 4580 2745 4647 protinus
2794 4580 3100 4648 praesidem,
3164 4599 3233 4637 ne
3265 4584 3515 4653 pcrderct

260 4682 452 4734 γοντες
473 4669 570 4736 τὴν
601 4676 785 4743 κοινὴν
815 4673 915 4742 τῆς
941 4675 1148 4738 πόλεως
1174 4676 1389 4748 ήδονήν.
1419 4680 1478 4731 '0
1498 4680 1553 4731 δὲ
1579 4680 1670 4732 τὸν
1691 4681 1839 4733 τόνον

1836 4700 1839 4722 ι
1941 4686 2289 4725 communem
2326 4670 2665 4738 voluptatem
2705 4670 2960 4726 civitatis.
2995 4673 3090 4729 ille
3119 4684 3299 4729 autem
3328 4678 3515 4731 volens

260 4757 413 4827 αὑτῷ
448 4760 540 4810 καὶ
575 4760 670 4831 τὴν
695 4761 1004 4832 προθυμίαν
1022 4764 1249 4820 ἑλκῦσαι
1272 4766 1613 4836 βουλόμενος,
1648 4770 1835 4839 Ὁρᾷς,

1828 4812 1835 4834 ,
1940 4762 2060 4831 ejus
2097 4762 2313 4815 solvere
2342 4764 2731 4824 constantiam,
2762 4772 2816 4817 et
2852 4777 3163 4831 promptum
3190 4769 3363 4820 animi
3396 4779 3507 4822 stu-

257 4845 305 4905 ὧ
338 4852 597 4920 Φιλῆμον,
621 4850 789 4919 εἷπεν,
822 4856 970 4917 ὅπως
992 4874 1087 4909 σου
1116 4860 1208 4910 καὶ
1241 4858 1299 4911 τὸ
1321 4859 1522 4929 πλῆθος
1549 4862 1669 4913 λίαν
1701 4864 1830 4932 ἐρω-

1828 4894 1830 4901 .
1940 4854 2091 4907 dium
2128 4871 2141 4908 ε
2183 4854 2367 4917 Vides,
2400 4854 2597 4921 inquit,
2635 4868 2666 4905 ο
2690 4854 2997 4918 Philemon,
3027 4866 3234 4924 quanto
3255 4860 3327 4911 tui
3362 4876 3507 4914 amo-

256 4943 428 5005 τικῶς
465 4946 796 5014 περιέχεται,
833 4949 925 4999 καὶ
977 4949 1165 5015 κοινὴν
1200 4950 1299 5018 μέν
1341 4968 1397 5002 σε
1430 4951 1684 5005 καλοῦσιν
1720 4954 1844 5024 ἠδο-⁴

1831 4982 1838 4992 .
1939 4960 1997 4997 re
2032 4951 2253 4996 tenetur
2294 4943 2553 5011 populus,
2586 4944 3125 5010 etquemadmodum
3157 4962 3510 5003 communem

257 5035 374 5105 νὴν,
404 5037 590 5106 κοινὴν
628 5037 683 5089 δὲ
710 5037 1026 5108 νομίζουσιν
1084 5041 1425 5112 εὐφροσύνην
1452 5059 1465 5106 ;
1525 5044 1596 5095 Σὺ
1623 5045 1680 5096 δὲ
1733 5036 1853 5097 κᾶν

1830 5036 1853 5091 ν’
1938 5045 1988 5088 te
2020 5042 2178 5088 vocat
2216 5034 2577 5101 voluptatem,
2613 5047 2963 5089 communem
3006 5046 3188 5091 autem
3232 5038 3509 5094 existimat

256 5126 389 5196 γοῦν
415 5126 509 5180 τοῦ
558 5128 687 5199 παρ’
721 5130 901 5184 αὐτῶν
936 5133 1131 5201 κρότου
1168 5133 1264 5187 καὶ
1317 5134 1426 5188 τῶν
1454 5138 1688 5189 ἐπείνων
1718 5139 1838 5191 ἑπι-

1827 5170 1838 5178 .
1936 5126 2213 5180 iaztitiami
2248 5124 2329 5177 Tu
2358 5138 2488 5194 ergo
2521 5124 2711 5177 saltem
2735 5139 2927 5179 eorum
2952 5137 3179 5195 plausus
3196 5142 3251 5183 et
3281 5132 3506 5185 laudum

258 5219 520 5288 μνησθεὶς
548 5223 643 5272 καὶ
676 5222 858 5290 σαυτῷ
889 5224 987 5275 καὶ
1008 5224 1217 5286 τούτοις
1249 5226 1318 5277 τά
1344 5226 1632 5297 είθισμένα
1665 5230 1834 5281 ποιῶν
1934 5236 1937 5271 ἲ

1825 5247 1834 5279 ν
1934 5232 2165 5281 memor,
2197 5226 2253 5270 et
2280 5216 2488 5270 faciens
2519 5228 2643 5283 qua
2670 5224 2881 5269 suntet
2913 5217 3009 5271 tibi
3050 5227 3106 5271 et
3137 5219 3204 5275 iis
3221 5232 3504 5286 consueta,

252 5309 366 5369 τοῖς
389 5307 629 5377 σωτῆρσι
674 5307 834 5361 θῦσον
866 5309 1030 5372 θεοῖς.
1094 5312 1222 5365 Ἰδοὺ
1276 5313 1383 5382 γὰρ
1413 5318 1505 5368 καὶ
1533 5319 1565 5384 ή
1603 5318 1832 5388 μεγίστη

1820 5337 1832 5388 π
1934 5310 2183 5364 sacriﬁca
2216 5308 2327 5362 diis
2382 5308 2785 5363 servatoribus.
2846 5307 2983 5364 Ecce
3015 5312 3157 5364 enim
3200 5314 3499 5367 maximum

258 5407 399 5471 μετὰ
421 5403 618 5473 μικρὸν
648 5404 881 5456 τελεῖται
904 5407 1233 5476 πανήγυρις,
1266 5408 1324 5459 έν
1359 5403 1393 5481 ᾖ
1423 5410 1832 5482 φιλοτιμότερον
1934 5414 1937 5455 l

1826 5431 1832 5454 ν
1934 5405 2133 5456 festum
2170 5417 2295 5456 mox
2322 5401 2622 5471 peragitur,
2677 5401 2732 5454 in
2773 5416 2883 5470 quo
2918 5414 2971 5457 tu
3000 5403 3221 5470 quidem
3246 5409 3505 5475 praclaue

254 5498 432 5565 ᾀσεις,
455 5497 547 5549 καὶ
582 5498 645 5549 σὺ
675 5499 773 5565 μὲν
802 5497 1016 5568 ήσθήση
1050 5499 1147 5569 τὴν
1190 5498 1365 5571 ψυχὴν
1392 5503 1503 5564 τοῖς
1548 5503 1693 5572 παρὰ
1712 5503 1831 5555 τού-

1820 5534 1831 5543 .
1935 5510 2119 5559 canes,
2156 5503 2214 5548 et
2242 5509 2429 5547 eorum
2463 5492 2718 5547 laudibus
2736 5494 3225 5550 tihioblectabitur
3254 5499 3499 5555 animus:

252 5604 361 5638 των
392 5587 653 5649 ἐπαίνοις,
687 5588 847 5658 ήμῶν
876 5588 931 5642 δὲ
963 5578 1171 5656 θέλξεις
1200 5593 1299 5661 τὴν
1332 5593 1501 5662 ἀκοὴν
1525 5596 1633 5655 τοῖς
1665 5595 1831 5664 αὐλή-

1826 5626 1831 5634 ,
1933 5601 2093 5639 aures
2122 5601 2251 5638 vero
2277 5595 2492 5639 nostras
2524 5593 2685 5639 cantu
2718 5584 2863 5640 tibiae
2898 5584 3259 5645 demulcebis.
3284 5592 3363 5645 Ad
3390 5594 3505 5649 hac

254 5692 410 5747 μασι.
441 5677 584 5747 Πρὶς
610 5676 781 5731 ταῦτα
812 5678 1090 5750 Φιλήμων,
1108 5680 1174 5733 Ἦ
1201 5683 1505 5751 πανήγυρις
1535 5681 1695 5752 αὕτη,
1719 5696 1827 5754 φη-

1823 5714 1827 5723 .
1935 5692 2115 5731 autem
2168 5677 2454 5732 Philemon
2490 5695 2503 5733 :
2538 5674 2673 5741 Hoc,
2706 5676 2911 5746 inquit,
2951 5678 3175 5745 festum,
3222 5698 3256 5736 ο
3281 5699 3502 5753 praeses,

251 5773 360 5834 a‘tv,
395 5788 441 5823 ω
469 5772 717 5841 ἡγεμὼν,
749 5772 849 5844 τῆς
882 5771 1093 5825 ικεῖθεν
1119 5773 1528 5843 ἀναμιμνήσκει
1550 5790 1618 5843 με
1651 5789 1826 5828 πανο-

1821 5803 1826 5815 ι
1930 5767 2065 5823 mihi
2104 5768 2161 5822 in
2200 5767 2525 5822 memoriam
2556 5776 2779 5822 revocat
2810 5766 3034 5837 festum,
3060 5772 3208 5840 quod
3240 5774 3353 5828 illic
3382 5776 3500 5846 agi.

250 5863 467 5933 γύρεως
495 5878 506 5891 ·
548 5864 655 5933 ἠδὲ
681 5864 959 5934 φιλοτιμία
995 5865 1091 5933 τῆς
1119 5864 1382 5935 μουσικῆς
1411 5866 1487 5928 εἰς
1522 5864 1820 5933 φαντασίαν

1814 5882 1820 5910 ι
1930 5871 2049 5928 tur;
2088 5863 2263 5919 bonor
2296 5878 2426 5919 vero
2447 5870 2502 5918 et
2529 5862 2647 5943 laus
2692 5862 2912 5919 musica
2968 5862 3121 5933 facit,
3178 5877 3236 5921 ut
3285 5869 3493 5931 visione
