4252 6440
269 410 380 471 545

1161 412 1631 473 MARTYRIUM
1662 414 1722 473 S.
1758 412 2043 473 THYRSl
2087 414 2182 472 ΕΤ
2222 415 2630 475 SOCIOBUM.

3414 424 3518 486 546

267 530 361 578 καὶ
394 526 615 595 χάριτος
634 543 650 587 ;
697 528 857 581 ’Λλλά
899 527 1074 581 ταῦτα
1103 530 1132 582 6
1153 530 1621 609 ἡγεμὼν-γυναιξὶ
1646 532 1847 601 μάλλον
1876 542 1919 593 Α

1897 542 1919 592 ι
1952 533 2137 586 vitatis
2165 541 2220 587 et
2260 532 2449 602 gratia:
2559 532 2663 587 Sed
2731 533 2847 588 lnec
2878 533 3096 601 quidem
3146 550 3361 601 ρηοδες.
3400 554 3522 608 qua:
3572 523 3576 527 ’

265 620 298 686 ἢ
331 618 554 687 ἀνδράσι
600 620 948 690 προσήκοντα
1010 620 1209 687 λέγων,
1247 624 1339 675 καὶ
1366 623 1627 693 κολακείᾳ
1669 623 1850 676 δουλο-

1842 653 1850 662 -
1953 624 2128 692 magis
2155 622 2391 685 feminis,
2425 638 2590 693 quam
2627 622 2762 676 viris
2842 626 3197 688 conveniunt,
3225 626 3521 682 servilibus

265 714 471 777 πρεπετ
520 710 857 780 διαφθείρειν
914 711 1093 780 ψυχῆς
1145 713 1427 781 εὐγένειαν
1462 715 1845 782 προελόμενος.

263 802 524 870 Φιλήμονι
559 802 615 853 δὲ
662 802 917 856 τοσοῦτον
975 805 1209 872 ἐμέλησε
1270 806 1379 857 τῶν
1442 804 1717 873 ῥηθέντων
1744 805 1843 867 ὡς,

262 893 385 944 ἐπεὶ
408 892 549 960 ἔγνω
579 894 671 945 τὴν
700 894 939 963 ἡγεμόνα
959 896 1123 947 οίονεί
1153 913 1204 948 τι
1231 896 1424 965 δέλεαρ
1450 896 1595 964 αύτῷ
1624 896 1843 963 προτεί-

266 1002 433 1037 νοντα
464 984 585 1045 τοὺς
622 986 819 1047 αὐλοὺς
847 986 939 1038 καὶ
962 984 1133 1046 οὕτως
1164 987 1325 1037 αὐτὸν
1356 985 1619 1054 θηρεῦσαι
1642 985 1846 1053 πειρώ-

268 1093 453 1144 μενον,
521 1078 691 1130 ἐδεῖτο
742 1076 1049 1146 θερμότατα
1083 1076 1175 1127 τοῦ
1226 1076 1361 1129 Θεοῦ
1410 1078 1519 1147 πῦρ
1551 1078 1691 1131 κατά
1734 1080 1842 1131 τῶν

263 1169 448 1220 αὐλῶν
477 1170 696 1237 ἀφεῖναι
721 1171 814 1221 καὶ
842 1170 1048 1237 τέφραν
1080 1170 1276 1229 αὐτοὺς
1320 1172 1601 1236 ἀποφῆναι
1631 1172 1725 1221 καὶ
1752 1171 1839 1222 κόο

262 1278 371 1321 νιν,
411 1260 743 1313 Είσάκουσόν
768 1278 871 1329 μου
895 1263 987 1313 καὶ
1018 1260 1131 1323 νῦν,
1168 1261 1359 1327 λέγων,
1390 1263 1558 1330 Κύριε
1597 1262 1840 1332 βασιλεῦ,

260 1357 359 1403 καὶ
397 1353 584 1419 ὥσπερ
612 1350 698 1403 ἐπ’
720 1352 821 1420 ἐμὲ
851 1352 1014 1420 ὕδωρ,
1048 1352 1190 1404 οὕτω
1241 1354 1332 1404 καὶ
1391 1354 1481 1404 ἐπὶ
1516 1353 1638 1416 τεὺς
1675 1354 1839 1420 ἐμοὺς

257 1442 460 1505 αὐλοὺς
492 1442 603 1511 πῦρ
629 1441 829 1496 ἐλθέτω
856 1447 949 1495 καὶ
985 1444 1351 1509 καταφαγέτω
1376 1444 1591 1507 αὐτοὺς,
1624 1442 1716 1506 οὓς
1745 1444 1838 1496 ἐπὶ

254 1539 320 1587 τὸ
360 1535 452 1588 σὺν
481 1534 781 1605 μαρτύριον
826 1536 920 1587 καὶ
941 1538 1062 1599 ταῖς
1098 1538 1288 1605 χερσὶν
1326 1536 1465 1605 ἔχων
1518 1536 1836 1605 παρεθέμην

269 1630 632 1700 ’Δπολλωνίῳ.
670 1629 798 1693 Ναὶ,
835 1630 1083 1683 Δέσποτα
1145 1628 1340 1697 Ἰησοῦ,
1379 1629 1466 1680 ἵνα
1502 1630 1671 1698 μηδέν
1729 1648 1831 1698 μου

252 1722 415 1789 τῆσδε
450 1722 547 1791 τῆς
588 1721 1010 1790 ματαιοτεχνίας
1049 1720 1348 1789 ὑπολειφθῇ
1400 1720 1670 1788 λείψανον,
1702 1721 1833 1790 μηδέ

252 1832 339 1874 τις
371 1815 495 1867 ἰδὼν
545 1816 654 1867 τῶν
699 1814 943 1869 ἀπίστων
965 1853 979 1880 ,
1017 1806 1199 1876 Οὗτοι,
1247 1814 1311 1867 ἂν
1332 1814 1499 1878 εῐποι,
1532 1814 1831 1883 Φι’.ήμονος

252 1907 429 1960 αὖλοί.

322 2001 444 2051 AA'.
476 1992 825 2061 Οῦπω,τέλος
860 1998 1163 2067 ἐλάμϐανεν
1192 1999 1225 2067 ἡ
1269 1998 1426 2068 εὐχὴ,
1474 1998 1566 2052 καὶ
1598 1998 1835 2066 σκηπτὸς

254 2092 355 2155 μὲν
384 2092 481 2142 ἐπὶ
509 2092 606 2151 τὰς
660 2092 1017 2145 Ἀπολλωνίου
1077 2094 1265 2161 χεῖρας
1300 2091 1520 2145 καθίετο
1542 2106 1555 2123 ’
1607 2096 1699 2144 καὶ
1725 2095 1833 2144 τῶν

251 2182 454 2251 χειρῶν
483 2184 580 2251 μὲν
616 2182 932 2252 παραδόξως
971 2184 1110 2251 ἀγαν
1132 2184 1424 2251 ἀπέσχετο,
1451 2182 1748 2251 κατέφλεξε
1778 2183 1833 2235 δὲ

251 2277 382 2335 τοὺς
413 2274 606 2336 αὐλοὺς
643 2277 737 2329 καὶ
788 2279 866 2338 είς
913 2275 1041 2345 χοῦν
1098 2275 1296 2338 αὐτοὺς
1328 2278 1423 2330 καὶ
1452 2278 1600 2328 κόνιν
1632 2275 1833 2336 εὐθέως

247 2366 493 2434 διέθηκε,
519 2366 770 2438 καθάπερ
786 2368 928 2432 τινὸς
956 2370 1047 2421 τὸν
1068 2371 1308 2439 σκηπτὸν
1334 2372 1710 2438 περιάγοντος,
1733 2370 1825 2421 καὶ

248 2459 411 2511 τὲνων
427 2460 523 2527 μὲν
538 2461 1003 2530 χρῆνάπέχεσλαι,
1020 2463 1175 2514 τίνων
1196 2462 1251 2514 δὲ
1268 2461 1833 2529 ἃψασθαιδιαδεικνύν·

1958 714 2243 766 blanditiis
2267 715 2454 768 volens
2491 729 2849 783 corrumpere
2881 730 3210 785 generosum
3248 717 3517 771 animum.

1951 801 2258 855 Philemoni
2296 814 2478 857 autem
2540 811 2703 858 tanta:
2738 821 2888 859 cura:
2936 807 3160 858 luerunt
3190 821 3253 860 ea
3286 822 3407 875 qua:
3436 808 3521 861 di-

1952 904 2039 945 cta
2071 903 2220 955 sunt,
2257 902 2313 946 ut
2361 903 2647 963 postquam
2678 896 2935 964 cognovit
2972 896 3254 963 praesidem
3280 899 3330 951 ei
3357 899 3519 951 tibias

1957 993 2215 1051 tanquam
2240 999 2395 1038 escas
2430 998 2850 1055 proponentem,
2881 998 2936 1041 et
2958 990 3036 1041 sic
3070 1003 3193 1042 eum
3224 1001 3516 1043 conantem

1948 1073 2182 1136 illicere,
2217 1076 2384 1128 Deum
2426 1077 2627 1143 royaiit
2651 1078 3057 1137 ardentissime,
3096 1089 3151 1131 ut
3182 1080 3361 1148 ignem
3410 1080 3516 1131 im-

1948 1166 2195 1220 mitteret
2226 1168 2279 1220 in
2310 1168 2492 1229 tibias,
2530 1178 2585 1221 et
2612 1184 2704 1221 eas
2755 1169 2807 1221 in
2844 1171 3085 1222 cinerem
3154 1171 3428 1239 redigeret
3458 1179 3515 1224 et

1944 1263 2227 1329 pulverem
2290 1276 2305 1314 :
2369 1260 2575 1313 Exaudi
2644 1274 2728 1312 me
2778 1276 2926 1315 nunc
2984 1277 3225 1331 quoque,
3303 1261 3513 1327 dicens,

1943 1353 2173 1406 Domine
2232 1368 2348 1415 rex,
2408 1362 2464 1406 et
2493 1352 2772 1420 quomodo
2825 1368 2990 1421 supra
3057 1369 3142 1406 me
3208 1368 3373 1422 aqua,
3440 1358 3515 1408 ita

1938 1447 2104 1498 etiam
2194 1458 2361 1511 supra
2443 1459 2593 1497 meas
2666 1445 2828 1497 tibias
2870 1447 3052 1498 veniat
3105 1445 3264 1514 ignis,
3317 1456 3372 1499 et
3423 1461 3517 1503 eas

1939 1536 2186 1599 devoret,
2212 1551 2375 1604 quas,
2410 1536 2477 1589 ad
2516 1549 2665 1589 tuum
2702 1552 2935 1590 currens
2979 1540 3317 1607 martyrium,
3347 1539 3515 1607 depo-

1936 1629 2021 1682 sui
2055 1628 2197 1696 apud
2229 1628 2600 1696 Apollonium.
2649 1627 2749 1689 Ita,
2788 1629 3020 1682 Domine
3075 1628 3229 1692 Jesu,
3288 1639 3345 1682 ut
3386 1630 3511 1682 vani

1937 1720 2102 1789 hujus
2124 1720 2232 1774 mei
2290 1717 2507 1772 artificii
2543 1718 2707 1772 nulla:
2738 1732 3067 1773 remaneant
3096 1721 3360 1789 reliquiae,
3411 1738 3510 1775 ne-

1934 1827 2039 1879 que
2062 1827 2157 1866 eas
2188 1814 2376 1867 videns
2425 1812 2698 1881 quispiam
2733 1827 2800 1864 ex
2828 1812 3143 1867 infidelibus
3168 1853 3182 1877 ,
3208 1813 3389 1868 dicat:
3418 1813 3511 1867 Ha:

1859 1884 1906 1944 Β
1938 1914 2071 1959 sunt
2113 1905 2260 1957 tibia:
2294 1904 2656 1958 Philemonis.

2008 1995 2245 2050 XXXIV.
2270 1995 2523 2050 Nondum
2552 1996 2716 2049 (inita:
2745 2004 2903 2049 erant
2934 2011 3145 2064 preces,
3197 2004 3252 2047 et
3274 1997 3508 2051 descen-

1934 2091 2015 2147 dit
2042 2091 2262 2160 quidem
2305 2089 2512 2145 fulmen
2565 2104 2733 2159 supra
2788 2105 2984 2143 manus
3036 2088 3336 2157 Apollonii,
3379 2100 3433 2143 et
3475 2107 3505 2144 α

1937 2187 2193 2242 manibus
2244 2185 2466 2254 quidem
2499 2184 2769 2237 abstinuit
2795 2184 3216 2247 admirabiliter,
3248 2184 3505 2236 combus-

1937 2282 2009 2335 sit
2034 2290 2218 2335 autem
2254 2279 2440 2342 tibias,
2486 2287 2541 2331 et
2572 2292 2664 2330 eas
2686 2276 2946 2329 continuo
2976 2276 3187 2346 redegit
3234 2276 3288 2329 in
3318 2277 3505 2343 pulve—

1934 2389 2047 2427 rem
2073 2382 2127 2426 et
2158 2372 2401 2426 cinerem
2444 2388 2457 2423 :
2505 2370 2730 2437 perinde
2760 2384 2821 2421 ac
2872 2369 2916 2421 si
2948 2368 3153 2422 fulmen
3182 2368 3497 2423 circumdu-

1931 2476 2083 2519 (eret
2111 2464 2407 2532 quispiam,
2439 2472 2493 2515 et
2522 2477 2551 2514 a
2602 2459 2928 2528 quibusnam
2952 2460 3171 2528 quidem
3200 2460 3500 2521 abstinere.

246 2567 359 2609 τος.
382 2550 658 2603 Ἐντεῦθεν
680 2552 962 2619 ἀμφότερα
976 2551 1326 2623 κατωρθοῦτο
1344 2551 1515 2604 ταῦτα
1540 2570 1548 2579 ·
1570 2552 1829 2621 Φιλήμονι

1823 2589 1829 2602 .
1932 2570 2178 2624 quaenam
2213 2568 2342 2606 vero
2403 2559 2621 2621 tangere
2654 2561 2924 2620 Oporteat.
2978 2550 3316 2608 ostenderet.
3363 2550 3502 2605 Hinc

252 2638 355 2704 μὲν
386 2641 549 2710 γὰρὴ
580 2640 711 2709 εὐχὴ
740 2642 915 2710 πέρας
938 2636 1051 2710 εἶχε
1082 2643 1176 2693 καὶ
1226 2644 1306 2705 εἰς
1339 2642 1500 2711 ἔργον
1531 2641 1826 2707 ἐξέϐαινεν,

1819 2685 1826 2705 ,
1933 2658 2159 2715 utraque
2209 2652 2613 2699 successerunt.
2648 2643 2780 2697 Nam
2817 2654 2873 2697 et
2927 2641 3263 2698 Philemonis
3312 2650 3498 2695 votum

250 2730 599 2797 Ἀπολλωνίῳ
611 2729 666 2782 δὲ
687 2730 787 2800 ήδη
812 2731 948 2799 θύρα
964 2731 1097 2803 πρὸς
1112 2733 1171 2784 τὸ
1194 2734 1412 2801 μαρτύρ
1437 2733 1826 2802 ονδιηνοίγετο.
1928 2772 1929 2779 η

1816 2773 1826 2789 .
1928 2738 2226 2793 deductum
2283 2744 2367 2790 est
2401 2737 2467 2791 ad
2508 2736 2806 2802 eﬂectum;
2855 2736 3144 2806 Apollonio
3176 2745 3357 2789 autem
3386 2735 3495 2804 jam

247 2820 403 2871 Θέων
426 2819 534 2889 γάρ
554 2821 581 2871 ὁ
598 2820 891 2889 Φιλήμονος
908 2823 1131 2891 ἀδελφὸς
1151 2823 1373 2887 εὐθέως,
1393 2822 1579 2891 ὥσπερ
1601 2822 1663 2875 ἐκ
1683 2840 1827 2885 τινος

1821 2841 1827 2880 .'
1929 2837 2115 2895 aperta
2144 2837 2269 2881 erat
2296 2827 2465 2895 janna
2491 2825 2558 2878 ad
2592 2827 2941 2895 martyrium.
2995 2826 3135 2879 Nam
3168 2825 3355 2878 Theon
3392 2822 3500 2876 fra-

246 2912 552 2981 ἀποττολῆς
581 2913 823 2983 δραμὼν,
852 2916 1029 2968 πάντα
1044 2916 1137 2968 τοῦ
1162 2915 1433 2986 δράματος
1464 2916 1719 2985 γνωρίζει
1751 2916 1826 2986 τῷ

1820 2937 1826 2966 ι
1931 2928 2013 2972 ιιτ
2039 2919 2406 2981 Philemonis,
2441 2928 2697 2987 utiquam
2726 2921 2794 2973 ab
2825 2920 3007 2987 aliquo
3026 2920 3248 2981 missus,
3266 2931 3499 2970 currens

250 3004 504 3070 ⁴ᾗγεμόνι,
533 3004 677 3068 ὅπως
704 3021 764 3057 τε
798 3007 1063 3075 Φιλήμονι
1089 3008 1187 3075 τὴν
1215 3007 1423 3058 οίκείαν
1452 3008 1643 3073 στολὴν
1671 3022 1824 3073 περι-
1928 3044 1929 3053 η

1815 3034 1824 3045 ·
1928 3028 2147 3066 onmem
2178 3027 2292 3065 rem
2317 3021 2522 3080 gestam
2558 3010 2832 3080 signiﬁcat
2860 3010 3100 3079 praesidi,
3136 3008 3494 3078 quemadmo-

252 3094 449 3146 ἑϐαλεν
482 3095 861 3161 Ἀπολλώνιος,
895 3099 1042 3160 ὅπως
1073 3115 1131 3150 τε
1168 3097 1285 3150 ἀντ’
1322 3098 1534 3151 ἐκείνου
1579 3099 1826 3167 χωρῆσαι
1927 3128 1931 3153 ι

1817 3118 1826 3151 ι
1927 3105 2058 3158 dum
2092 3104 2473 3158 Philemonem
2501 3118 2600 3155 sua
2654 3112 2807 3156 veste
2833 3102 3014 3156 induit
3052 3101 3394 3170 Apollonius,
3441 3110 3496 3152 ct

254 3189 394 3257 πρὸς
423 3190 544 3251 τοὺς
565 3189 779 3256 ἀγῶνας
805 3190 970 3243 αὐτὸν
1013 3190 1422 3260 παρεσκεύασε,
1445 3193 1538 3243 καὶ
1564 3192 1639 3253 ὠς
1663 3193 1824 3253 αὐτὸς
1850 3226 1893 3284 c
1926 3218 1933 3247 ι

1816 3208 1893 3284 Ic
1926 3196 2393 3266 quemadmodum
2429 3196 2698 3259 effecerit,
2731 3204 2791 3249 ut
2823 3210 2919 3261 ι.το
2951 3194 3042 3247 illo
3073 3193 3253 3247 adiret
3282 3194 3347 3245 ad
3380 3208 3495 3245 ecr-

252 3275 408 3341 οὗτος
431 3282 515 3349 είη
542 3281 641 3350 τῆς
668 3282 879 3335 ἐκείνου
902 3282 1204 3353 διαφθορᾶς
1226 3282 1567 3345 αἰτιώτατος.
1600 3284 1824 3349 ’Δγεται
1856 3275 1892 3284 ⁷
1930 3306 1931 3333 1

1819 3301 1824 3334 ’-
1856 3275 1892 3284 ⁷
1930 3300 2133 3350 tamen,
2169 3296 2313 3343 etut
2366 3288 2534 3341 fuerit
2564 3287 2681 3357 ipse
2714 3286 3003 3356 praacipua
3022 3300 3185 3338 causa
3212 3284 3360 3337 illius
3384 3284 3498 3337 cxi-

252 3368 349 3424 οῦν
378 3372 575 3426 αὐτίκα
605 3374 697 3427 καὶ
722 3374 1098 3438 Ἀπολλώνιος,
1119 3369 1161 3441 ᾧ
1193 3375 1418 3443 μανικόν
1444 3378 1609 3427 τικαὶ
1636 3377 1824 3443 ἄγριον
1928 3395 1931 3433 ι

1818 3395 1824 3421 ι
1928 3384 2010 3436 tii.
2042 3381 2353 3435 Adducitur
2375 3394 2507 3450 ergo
2538 3395 2663 3432 mox
2696 3393 2917 3447 quoque
2945 3377 3287 3453 Apollonius.
3322 3376 3497 3441 Quem

252 3464 535 3533 ἐμϐλέψας
585 3467 902 3537 ’Δρῤιανός’
956 3468 1020 3520 Τί
1075 3467 1254 3531 τοῦτο,
1319 3468 1474 3536 φησι,
1516 3467 1825 3539 μιαρώτατε
1928 3486 1931 3522 ι

1814 3486 1825 3521 ε
1928 3481 2088 3527 torvo
2112 3480 2168 3525 et
2215 3470 2427 3524 furioso
2477 3469 2630 3523 vultu
2680 3469 2903 3522 intuens
2951 3467 3219 3521 Arrianus
3282 3483 3297 3520 :
3352 3465 3493 3531 Quid

258 3559 481 3609 πάντων
512 3558 837 3627 ἀνθρώπων,
872 3559 913 3635 ιδ
942 3558 1037 3611 καὶ
1064 3560 1237 3629 ιήμᾶς
1268 3560 1363 3612 καὶ⁵
1399 3562 1499 3627 τὴν
1524 3561 1680 3613 πόλιν
1731 3560 1826 3611 καὶ
1926 3563 1937 3616 1

1815 3572 1826 3611 ι
1926 3563 2033 3617 hoc
2062 3572 2164 3625 est,
2200 3562 2401 3629 inquit,
2423 3576 2457 3614 o
2483 3561 2725 3615 omnium
2750 3559 3030 3613 hominum
3051 3559 3494 3619 sceleratissime,

250 3650 468 3701 τουτονὶ
496 3649 589 3701 τὸν
615 3649 850 3703 δείλαιον
882 3650 1175 3719 είργασαι;
1222 3652 1415 3719 ὅτιπερ
1473 3652 1699 3720 ἀπονοίᾳ
1724 3652 1825 3719 μὲν

254 3740 354 3792 καὶ
380 3738 515 3791 θεῶν
539 3739 633 3792 καὶ
658 3739 839 3810 νόμων
860 3740 1239 3809 ὑπερφρονῶν,
1264 3739 1437 3809 δειλίᾳ
1459 3741 1514 3792 δὲ
1530 3742 1627 3800 τὰς
1652 3740 1824 3810 βασά-

254 3846 379 3885 νους
410 3831 693 3895 ἐκκλίνων,
745 3830 982 3899 ημεεψάς
1021 3847 1078 3882 τε
1107 3831 1243 3899 πρὸς
1290 3832 1451 3882 αὑτὸν
1499 3831 1598 3898 τὴν
1625 3830 1823 3898 ἐσθῆτα

252 3924 350 3975 καὶ
388 3922 697 3990 μαγγανεία
740 3924 846 3974 τινὶ
898 3920 998 3992 τὴν
1026 3921 1191 3974 αὐτοῦ
1251 3923 1476 3991 καρδίαν
1516 3922 1820 3992 διέτρεψας,

256 4011 524 4079 μεγίστης
556 4010 747 4079 ἡδονῆς
774 4008 873 4079 τὴν
906 4011 1059 4062 πόλιν
1082 4012 1418 4079 ἀποστήσας.
1455 4010 1601 4062 Ἔδει
1633 4027 1690 4063 σε
1713 4011 1823 4063 τοί-

254 4120 371 4165 νυν,
404 4102 452 4151 εἰ
483 4102 582 4163 τὰς
608 4101 854 4162 κολάσεις
886 4098 1057 4160 οὕτως
1087 4100 1396 4163 ἐδεδοίκεις,
1434 4104 1557 4170 ἐμοὶ
1592 4103 1821 4171 προσελ-

252 4193 418 4243 θόντα
452 4192 550 4260 τὴν
582 4192 809 4260 γνώμην
828 4190 1197 4260 ἀποκαλύψαι.
1243 4192 1385 4259 Ἐγὼ
1426 4194 1483 4245 δέ
1515 4210 1574 4245 σε
1607 4195 1823 4254 πάντως

252 4284 439 4352 ἀνῆκα
466 4284 531 4336 ἂν
551 4284 733 4353 νόμοις
763 4283 1171 4353 φιλανθρωπίας
1196 4284 1515 4352 πειθόμενος
1537 4303 1549 4316 ·
1582 4288 1675 4339 καὶ
1697 4287 1820 4339 οὔτε

252 4378 321 4427 ἂν
366 4374 527 4437 αὐτὸς
569 4375 875 4444 πράγματα
909 4371 1076 4443 εἶχες,
1103 4372 1225 4426 οὔτε
1273 4376 1481 4444 ἑτέροις
1535 4382 1818 4446 παρεῖχες,

252 4469 393 4522 ἀλλὰ
438 4467 588 4529 δέους
649 4467 741 4519 καὶ
780 4466 1041 4520 κινδύνων
1092 4466 1427 4535 ἀπαλλαγεὶς
1468 4467 1641 4531 ἀδεῶς
1692 4470 1821 4539 ἔζης

255 4561 351 4612 καὶ
377 4557 761 4626 ἀπραγμόνως.

329 4652 457 4705 AE'.
519 4649 705 4703 Ταῦτα
763 4648 856 4703 τοῦ
912 4649 1181 4721 ἡγεμόνος
1238 4650 1483 4715 εἰπόντος
1536 4652 1825 4705 ὑπολαϐὼν

265 4742 661 4804 Ἀπολλώνιος·
702 4741 824 4793 Ὀτι
883 4742 981 4810 μὲν
1034 4741 1272 4808 εὐλόγως
1327 4743 1475 4811 ἡμᾶς
1522 4742 1821 4815 διαλοιδορῇ

256 4838 353 4889 καὶ
378 4836 568 4904 ὕϐρεσι
591 4834 832 4898 πλύνεις,
855 4834 977 4886 οὐδὲ
1008 4833 1168 4897 αὐτὸς
1187 4834 1255 4886 ἂν
1278 4836 1588 4902 ἀντείποιμι
1612 4835 1825 4904 πρῶτος

254 4925 504 4995 ἐμαυτοῦ
566 4926 869 4995 κατήγορος
919 4923 1033 4977 ὢν·
1093 4926 1234 4995 πλὴν
1288 4926 1385 4995 οὐχ
1445 4928 1528 4978 ὅτι
1557 4928 1825 4978 τοσούτων

256 5017 482 5082 ἀγαθῶν
509 5015 700 5086 ἐκείνῳ
732 5017 1003 5085 κατέστην
1029 5016 1224 5079 αῐτιος,
1255 5017 1371 5070 ἀλλ’
1418 5018 1499 5068 ὅτι
1535 5018 1611 5086 μὴ
1645 5017 1832 5086 πολλῷ

256 5111 524 5179 πρότερον
583 5107 839 5176 ἐμαυτῷ·
897 5108 991 5159 καὶ
1039 5108 1139 5174 οὐχ
1186 5107 1274 5165 ,ὅτι
1329 5101 1483 5169 οὖτος
1544 5107 1641 5175 τὴν
1686 5109 1825 5176 ἐμὴν

256 5199 463 5267 ἐσθῆτα
512 5197 683 5259 ἐνέδυ,
737 5196 851 5248 ἀλλ’
907 5198 991 5250 ὅτι
1035 5198 1241 5267 ταύτην
1294 5197 1590 5265 ἐπενδύθην
1641 5199 1819 5258 αὑτός.

259 5294 453 5363 Ὅμως
479 5294 601 5342 ἐπεὶ
632 5290 893 5358 διἀύτῆς
938 5292 1235 5361 ἀμφότεροι
1288 5294 1557 5361 σωτήριον
1609 5292 1824 5359 ἀληθῶς

255 5385 461 5452 ἑν.υμα
492 5382 755 5453 κρίμασιν
786 5376 867 5444 οἷς
890 5376 1030 5435 οἶδεν
1077 5385 1105 5434 ό
1138 5381 1375 5453 ἀψευδὴς
1430 5383 1560 5444 Θεὸς
1608 5383 1818 5433 ἐνδεδύ-

258 5479 422 5547 μεθα,
453 5476 561 5528 rae;
592 5475 777 5542 σαφῶς
807 5477 881 5539 ὡς
904 5474 1026 5528 οὔτε
1078 5477 1336 5547 Φιλήμων
1384 5478 1445 5529 τὸ
1482 5479 1618 5544 μετά
1651 5478 1822 5528 ταῦτα

252 5570 381 5621 οὔτε
423 5571 529 5638 μὴν
562 5566 918 5631 Ἀπολλώνιος
954 5568 1091 5630 θεοῖς
1123 5568 1379 5638 θύσομεν.
1458 5569 1597 5621 Ἀλλ’
1632 5571 1680 5620 εί
1731 5571 1821 5621 καὶ

253 5663 523 5734 πρότερόν
554 5679 638 5715 σοι
662 5660 869 5723 δειλίας
898 5662 1212 5732 ύπέσχομεν
1256 5662 1498 5732 γραφὴν,
1536 5663 1629 5713 νῦν
1664 5662 1819 5730 μεγί-

253 5773 392 5825 στην
440 5758 533 5808 καὶ
580 5758 822 5826 φανερὰν
871 5756 1212 5825 ἐπιδείξομαι
1263 5758 1360 5826 τὴν
1394 5756 1639 5825 ἀνδρίαν.
1678 5755 1819 5823 Πρὸς

254 5846 431 5899 ταῦτα
454 5845 625 5917 θυμοῦ
657 5847 895 5911 πνεύτας
938 5848 1225 5920 Ἀρριανὸς
1270 5848 1429 5899 αὐτὸν
1462 5848 1559 5916 μὲν
1608 5845 1817 5915 μείζοτι

1924 3653 2072 3723 quod
2122 3652 2300 3707 fecisti
2323 3662 2380 3707 et
2411 3652 2592 3716 nobis,
2646 3661 2704 3705 et
2733 3651 2966 3715 civitati,
2992 3660 3047 3705 et
3096 3649 3223 3704 huic
3246 3648 3447 3703 misero
3478 3664 3492 3699 :

1923 3745 2075 3813 quod
2110 3753 2337 3812 propter
2363 3742 2730 3812 arrogantiam
2793 3741 3014 3811 quidem
3059 3740 3195 3794 deos
3243 3750 3298 3794 et
3348 3741 3496 3809 leges

1922 3831 2253 3899 despiciens,
2284 3838 2433 3883 metu
2478 3840 2660 3882 autem
2717 3839 2985 3883 tormenta
3029 3830 3327 3889 declinans.
3368 3844 3493 3883 cum

1922 3935 1990 3976 eo
2030 3921 2253 3974 mutasti
2274 3930 2503 3980 vestem.
2526 3928 2584 3973 et
2607 3920 2934 3988 quihusdam
2960 3921 3241 3975 maleﬁciis
3256 3935 3353 3974 cor
3375 3923 3493 3988 ejus

1925 4012 2259 4083 pervertisti,
2307 4012 2531 4079 privans
2566 4011 2845 4067 civitatem
2883 4014 3116 4066 maxima
3167 4012 3492 4081 voluptate?

1888 4105 2246 4174 'Oportebat,
2296 4107 2341 4157 si
2376 4107 2455 4157 sic
2491 4106 2719 4158 timebas
2772 4106 3060 4174 supplicia,
3097 4105 3165 4157 ad
3202 4121 3287 4159 me
3340 4120 3491 4159 acce-

1923 4197 2076 4258 dere,
2106 4206 2163 4249 et
2190 4207 2341 4249 tuum
2365 4197 2607 4248 animum
2651 4198 2887 4262 aperire.
2946 4197 3061 4264 Ego
3089 4211 3219 4249 vero
3269 4197 3492 4249 omnino

1924 4287 1978 4342 id
2017 4288 2114 4341 tibi
2151 4288 2481 4343 remisissem
2526 4290 2644 4356 lege
2674 4288 3029 4342 humanitatis
3066 4296 3125 4341 et
3170 4301 3347 4356 neque
3395 4287 3489 4339 tibi

1923 4379 2115 4434 fuisset
2158 4382 2465 4434 exhibitum
2501 4386 2804 4451 negotium,
2852 4394 3030 4447 neque
3065 4390 3122 4431 tu
3146 4380 3491 4433 exhibuisse-5

1925 4473 2049 4526 aliis
2082 4493 2095 4525 :
2128 4473 2224 4525 sed
2250 4472 2514 4525 liberatus
2540 4489 2567 4524 a
2599 4482 2744 4525 metu
2775 4482 2829 4523 et
2862 4471 3143 4539 periculis,
3187 4484 3378 4522 secure
3414 4470 3473 4520 vi-

1844 4558 1898 4617 D
1924 4565 2115 4627 xisses,
2143 4574 2199 4616 et
2227 4564 2345 4617 sine
2378 4566 2483 4616 ulla
2516 4564 2785 4617 molestia.

1996 4654 2211 4710 XXXV.
2273 4654 2396 4709 Hac
2464 4670 2586 4708 cum
2638 4656 2863 4709 dixisset
2920 4671 3155 4725 pra-ses,
3217 4659 3489 4725 excipiens

1924 4748 2291 4817 Apollonius:
2329 4745 2485 4811 Quod
2520 4760 2619 4798 nos
2644 4747 2864 4814 quidem
2915 4747 3261 4800 contumeliis
3288 4756 3338 4799 et
3375 4763 3481 4799 ma-

1926 4842 2144 4896 ledictis
2172 4842 2295 4909 jure
2331 4838 2633 4901 insecteris,
2691 4853 2758 4890 ne
2787 4837 2904 4905 ipse
2937 4837 3160 4906 quidem
3214 4839 3461 4891 contradi

1927 4935 2123 4996 xerim,
2178 4940 2238 4984 ut
2271 4930 2362 4998 qui
2397 4933 2663 4998 meipsum
2698 4930 2909 4996 primus
2954 4944 3204 4983 accusem
3242 4945 3256 4982 :
3296 4946 3484 4983 verum

1926 5040 2034 5079 non
2066 5025 2208 5085 ideo,
2241 5024 2386 5090 quod
2421 5032 2694 5075 tantorum
2733 5020 3005 5073 bonorum
3051 5019 3129 5073 illi
3169 5034 3330 5073 causa
3368 5019 3484 5073 fue-

1927 5117 2053 5177 rim,
2077 5115 2172 5167 sed
2196 5114 2343 5182 quod
2374 5130 2481 5166 non
2519 5113 2649 5164 mihi
2684 5112 2857 5164 multo
2885 5112 3037 5179 prius
3073 5128 3089 5163 :
3117 5120 3300 5164 etnon
3338 5112 3482 5179 quod

1928 5206 2041 5273 ipse
2078 5216 2253 5255 meam
2282 5210 2486 5255 vestem
2526 5200 2792 5260 induerit,
2846 5199 2939 5251 sed
2970 5200 3112 5267 quod
3139 5214 3239 5268 ego
3275 5211 3480 5252 vestem

1928 5298 2079 5348 illius
2120 5295 2415 5347 induerim.
2445 5291 2711 5355 Quoniam
2742 5302 2917 5343 tamen
2971 5306 3069 5358 per
3121 5290 3289 5356 ipsam
3321 5294 3482 5345 ambo

1923 5388 2149 5443 salutari
2183 5386 2502 5439 indumento
2532 5383 2705 5436 induti
2741 5398 2951 5445 sumus,
2997 5384 3063 5436 iis
3088 5382 3326 5451 judiciis,
3364 5398 3483 5449 quae

1924 5498 2086 5537 verus
2119 5482 2275 5535 novit
2303 5481 2469 5541 Deus,
2500 5488 2651 5531 certo
2693 5478 2855 5539 scias,
2891 5492 3065 5543 neque
3103 5477 3330 5542 posthac
3361 5477 3485 5529 Phi-

1922 5572 2216 5633 lemonem,
2280 5582 2457 5636 neque
2512 5567 2856 5635 Apollonium
2904 5565 3011 5617 diis
3056 5566 3481 5619 saerilicaturos.

1922 5661 2076 5727 Quod
2102 5661 2147 5714 si
2181 5661 2331 5728 prius
2365 5658 2679 5711 timiditatis
2708 5674 2737 5710 a
2766 5667 2816 5709 te
2849 5672 2965 5710 sum
3000 5666 3308 5719 accusatus,
3342 5673 3483 5709 nunc

1923 5754 2209 5807 maximam
2239 5760 2293 5804 et
2316 5761 2563 5817 apertam
2590 5752 2873 5803 ostendam
2904 5747 3302 5800 fortitudinem.
3351 5747 3481 5798 Pro-

1923 5858 2045 5916 pter
2088 5844 2203 5898 ltasc
2254 5846 2387 5896 iram
2425 5843 2639 5911 spirans
2698 5841 2980 5904 Arrianus,
3043 5840 3218 5907 ipsum
3261 5839 3479 5901 quidem
