4252 6440
776 423 878 486 διν,
1994 399 2276 463 MENSIS
2312 398 2742 460 DECEMBER.
3928 399 4036 462 διδ

773 537 932 610 jubet
997 526 1301 597 majoribus
1334 535 1606 578 reservari
1645 517 2007 610 cruciatibus,
2041 515 2345 610 Philomeni
2378 519 2420 575 Α
2449 532 2452 563 τ

2378 513 2660 575 Ακελεύει
2718 513 3020 584 τιμωρίαις
3079 513 3462 585 ταμεευθῆναι,
3520 513 3800 584 Φιλήμονα
3853 513 3909 567 δὲ
3932 516 4036 567 ὑπὸ

768 604 954 681 autem
983 639 1011 677 a
1053 620 1233 674 tribus
1261 614 1528 671 militibus
1553 611 1771 667 fortiter
1797 609 1933 665 ca'di
1963 610 2175 664 oculos.
2207 605 2345 661 Cum

2449 604 2622 670 τριῶν
2668 604 2902 667 εὐτόνως
2953 605 3309 675 στρατιωτῶν
3350 605 3450 668 τὰς
3500 605 3654 673 ὄψεις
3684 604 4036 676 ῥαπίζεσθαι.

769 735 831 773 ve
843 733 903 771 ro
931 714 1164 784 populus
1180 725 1244 765 ea
1263 723 1384 778 quae
1402 705 1628 770 ﬁebant,
1653 718 1797 773 aegre
1813 703 2052 767 tulisset,
2067 711 2122 755 et
2140 700 2348 754 clama-

768 820 870 870 ret,
892 816 954 861 ut
981 805 1183 859 milites
1208 800 1355 854 abeo
1381 793 1763 865 abstinerent(
1787 793 2014 848 moleste
2032 791 2179 845 enim
2208 789 2350 842 fere-

769 899 900 952 bant
934 897 1088 951 illum
1112 891 1244 962 pati,
1271 889 1364 959 qui
1390 902 1485 942 eos
1517 886 1796 955 voluptate
1852 881 2166 945 atieeerat),
2195 878 2350 932 dice-

769 992 860 1046 bat
890 1003 1091 1059 prseses
1117 1003 1130 1039 :
1156 986 1258 1039 Tui
1291 984 1480 1036 saltem
1504 980 1667 1034 modo
1709 976 1996 1038 miserere,
2030 971 2344 1027 Philemon.

768 1083 864 1136 Sin
897 1081 1101 1143 minus,
1149 1086 1204 1131 at
1231 1073 1415 1144 populi
1449 1071 1693 1141 quidem,
1736 1070 1894 1138 cujus
1923 1082 2025 1136 pro
2060 1075 2112 1118 te
2146 1061 2349 1117 acerbe

772 1177 1165 1244 discerpuntur
1198 1172 1428 1224 viscera.
1460 1168 1539 1222 Te
1571 1167 1716 1220 enim
1737 1158 2347 1233 Oportetconsiderare,

769 1267 910 1337 quod
933 1267 978 1321 si
1003 1275 1054 1320 te
1081 1274 1185 1319 tam
1222 1276 1449 1332 parvum
1481 1271 1536 1315 et
1564 1259 1682 1313 leve
1703 1257 1972 1312 subeunte
1995 1250 2347 1321 supplicium,

770 1360 1069 1415 ostendunt
1137 1366 1340 1410 tantam
1399 1351 1568 1407 animi
1629 1346 2102 1420 perturbationem
2153 1360 2167 1397 :
2215 1340 2348 1411 quid

773 1454 886 1517 fiet,
921 1452 964 1506 si
1004 1449 1306 1517 majoribus
1362 1447 1522 1501 malis
1566 1441 1857 1498 alliciarisl
1891 1441 2004 1509 Ego
2058 1438 2228 1499 enim,
2289 1442 2350 1488 ut

772 1543 867 1598 tibi
904 1557 1123 1612 quoque
1162 1555 1336 1595 meam
1371 1547 1608 1592 mentem
1665 1534 1930 1603 aperiam,
1977 1545 2084 1584 non
2137 1536 2348 1582 temere

771 1651 993 1707 possum
1029 1635 1260 1689 credere
1292 1632 1361 1686 iis
1393 1645 1513 1701 qua:
1567 1628 1827 1682 videntur
1860 1642 1874 1679 :
1910 1623 2005 1679 sed
2053 1623 2158 1677 hoc
2208 1621 2349 1676 mihi

772 1728 870 1784 das
901 1725 1333 1796 conjiciendum,
1386 1721 1532 1793 quod
1580 1721 1765 1790 populi
1801 1718 1992 1772 volens
2025 1718 2080 1770 in
2113 1724 2165 1770 te
2194 1730 2349 1770 amo-

773 1837 886 1875 rem
925 1819 1184 1889 experiri,
1235 1817 1508 1873 simulasti
1567 1825 1620 1869 te
1664 1828 1786 1868 esse
1841 1810 2243 1874 Christianum,
2295 1817 2352 1863 et

774 1913 884 1966 diis
921 1909 1235 1966 sacriﬁcare
1285 1907 1570 1962 recusasti.
1626 1905 1681 1958 Si
1717 1918 1847 1975 ergo
1907 1901 2025 1956 inec
2083 1907 2167 1954 est
2216 1913 2345 1953 vera

773 2017 937 2056 causa
972 2011 1078 2056 tum
1104 1999 1442 2060 mutationis,
1480 2008 1531 2052 et
1582 1998 1810 2067 pulchre
1857 1995 2022 2058 nosti,
2076 2004 2343 2064 quantum

775 2092 872 2145 tibi
905 2092 1040 2146 bene
1069 2091 1197 2145 velit
1244 2089 1500 2158 populus,
1553 2097 1608 2142 ct
1667 2085 2157 2157 quemadmodum,
2217 2099 2343 2139 cum

776 2182 874 2234 tibi
907 2180 1138 2234 cmditur
1169 2179 1357 2243 facies,
1386 2178 1487 2248 ipsi
1535 2177 1699 2231 corde
1726 2188 1781 2230 et
1806 2177 1991 2230 animo
2030 2176 2207 2246 magis
2227 2175 2344 2229 alii-

774 2271 1016 2336 ciuntur,
1049 2271 1296 2324 sacritica
1340 2277 1398 2322 tu
1430 2283 1670 2338 quoque,
1735 2266 2041 2330 Philemon,
2078 2276 2134 2321 et
2179 2282 2342 2336 quem

775 2378 836 2414 ex
889 2361 1125 2414 incussis
1157 2360 1253 2413 tibi
1278 2358 1527 2427 colaphis
1557 2365 1890 2425 acceperunt
1916 2356 2186 2419 dolorem,
2234 2357 2344 2410 leni

776 2465 874 2519 per
932 2450 1213 2519 gaudium,
1262 2449 1407 2517 quod
1467 2457 1651 2517 postea
1704 2454 2092 2515 consequetur.
2174 2444 2346 2500 Pran-

776 2544 1003 2596 deamus
1041 2543 1096 2595 in
1155 2541 1360 2610 templo
1415 2539 1721 2610 Serapidis,
1775 2548 1829 2592 et
1859 2539 2045 2592 laetitia
2109 2538 2344 2593 maxima

780 2635 1028 2685 l'ruamur
1049 2640 1104 2685 et
1132 2630 1363 2685 deliciis.

847 2724 1085 2778 XXXVI.
1119 2723 1404 2777 Philemon
1450 2731 1634 2774 autem
1660 2720 1872 2788 judici:
1911 2719 2041 2773 Mihi
2096 2720 2343 2788 quidem,

776 2818 975 2886 inquit,
1004 2830 1158 2870 coena
1191 2826 1377 2885 parata
1417 2827 1498 2868 est
1534 2814 1586 2867 in
1611 2813 1800 2876 caelis;
1837 2815 1902 2864 ad
1928 2815 2190 2882 populum
2216 2830 2346 2868 vero

776 2923 1075 2963 conversus
1121 2907 1299 2972 :Cur,
1365 2907 1560 2975 inquit,
1609 2906 1654 2960 si
1699 2921 1802 2975 ego
1824 2906 2022 2970 caedar,
2073 2906 2232 2960 vobis
2263 2919 2346 2962 est

780 3000 1106 3054 molestum?
1146 3000 1310 3068 Atqui
1348 2998 1567 3068 quando
1613 3013 1763 3051 eram
1805 2996 2130 3061 Choraulcs,
2187 3001 2344 3053 multi

783 3105 887 3144 nos
915 3090 1181 3144 feriebant
1247 3091 1558 3144 adulatores
1598 3101 1695 3142 :et
1730 3103 2126 3157 nonnunquam
2178 3088 2345 3143 facie-

2449 693 2557 747 Τοῦ
2616 694 2792 765 δήμου
2839 696 2898 750 δὲ
2928 699 3040 759 τοῖς
3068 698 3376 767 γινομένοις
3432 701 3914 768 περιπαθήσαντος
3939 699 4037 752 καὶ

2448 788 2753 857 ἀπέχεσθαι
2780 789 2948 843 αὐτοῦ
2999 790 3234 861 βοῶντος
3285 793 3416 854 τοὺς
3466 791 3810 862 στρατιώτας
3845 791 4035 858 (λελύο

2450 901 2622 952 πηντο
2646 885 2756 954 γάρ
2784 887 2978 938 τούτου
3028 886 3333 956 πάσχοντος
3363 887 3424 954 ἐξ
3451 881 3628 956 οὗπερ
3661 887 3856 957 ἡδονὰς
3891 881 4036 958 εἶχον

2449 977 2647 1029 ἐκεῖνοι
2672 977 2714 1043 ),
2747 978 2775 1028 ὁ
2802 978 3050 1046 ἡγεμὼν,
3088 980 3206 1031 Κᾶν
3231 980 3358 1048 ἄρτι
3407 978 3660 1044 σεαυτὸν,
3696 973 3841 1040 εῖπε,
3872 979 4030 1045 Φιλῆ.

2455 1085 2575 1137 μον,
2643 1069 2900 1135 ἐλέησον·
2933 1072 2979 1121 εἰ
3015 1071 3062 1122 δ’
3112 1066 3228 1133 οὖν,
3276 1070 3414 1124 ἀλλὰ
3471 1071 3564 1124 τὸν
3603 1071 3781 1140 δῆμον
3819 1072 4035 1141 πικρῶς

2452 1161 2594 1232 ὑπὲρ
2617 1160 2709 1213 σοῦ
2744 1164 2814 1212 τὰ
2867 1160 3155 1230 σπλάγχνα
3203 1162 3664 1233 διακοπτόμενον·
3725 1162 4035 1232 λογίζεσθαι

2451 1255 2562 1324 γάρ
2614 1271 2673 1307 σε
2738 1254 2843 1324 χρὴ
2873 1253 2970 1317 ὡς,
3015 1256 3065 1307 εί
3127 1259 3222 1310 καὶ
3257 1257 3468 1329 κούφην
3518 1257 3660 1311 οὕτω
3691 1263 3786 1311 καὶ
3832 1262 4036 1329 μικρὰν

2454 1347 2751 1415 ὑπέχοντος
2806 1347 3104 1415 τιμωρίαν,
3135 1349 3395 1418 τοιαύτην
3440 1349 3842 1404 ἐπιδείκνυνται
3875 1368 4034 1420 περιο

2452 1437 2708 1500 πάθειαν,
2727 1439 2779 1490 τί
2817 1454 2949 1491 ποτε
2979 1439 3044 1492 ἂν
3068 1437 3217 1494 οὗτοι
3239 1441 3486 1505 πάθοιεν,
3516 1443 3760 1513 μείζοσιν
3791 1431 4056 1496 ὲκδοθένέ

2449 1547 2540 1592 τος
2561 1532 2759 1594 κακοῖς
2787 1548 2801 1594 ς
2854 1532 2996 1599 Ἐγὼ
3029 1534 3161 1601 γὰρ,
3222 1533 3308 1586 ῖνα
3336 1551 3416 1588 σοι
3454 1538 3549 1589 καὶ
3577 1538 3677 1605 τὴν
3707 1537 3848 1606 ὲμὴν
3871 1540 4033 1590 ἑκκα-

2451 1619 2604 1688 λύψω
2623 1620 2872 1692 γνώμην.
2899 1622 3021 1676 οὐδὲ
3053 1624 3339 1678 πιστεύειν
3379 1625 3568 1686 ἁπλῶς
3600 1627 3710 1696 ἔχω
3741 1629 3858 1690 τοῖς
3891 1629 4034 1696 ὁρω-

2457 1712 2675 1780 μένοιςο
2711 1713 2826 1767 ἀλλ’
2852 1716 3031 1769 ἐκεῖνό
3063 1734 3153 1786 μοι
3183 1717 3345 1781 δίδως
3393 1720 3647 1773 ὑπονοεῖν
3686 1719 3764 1781 ὡς
3799 1720 3906 1788 ἄρα
3941 1721 4035 1772 τὶν

2454 1806 2585 1874 περὶ
2612 1805 2671 1856 σὲ
2700 1804 2803 1874 τῆς
2832 1806 3040 1869 πόλεως
3065 1808 3344 1878 γυμνάσαι
3386 1810 3556 1863 πόθον
3591 1810 3917 1879 βουλόμενος
3946 1811 4036 1862 τὸν

2383 1866 2425 1921 Β
2450 1866 3118 1967 Χριστιανὸνύπεκρίθης
3143 1866 3154 1878 ι
3176 1901 3272 1954 καὶ
3303 1901 3452 1954 θύειν
3486 1866 3602 1964 τοῖς
3637 1866 3780 1963 θεοῖς
3817 1866 4033 1970 ἀπηγὸ-

2450 2005 2678 2061 ρευκας.
2705 1991 2880 2060 Εἴπερ
2904 1986 2998 2046 οὖν
3025 1991 3163 2062 αὕτη
3199 2009 3283 2046 σοι
3301 1994 3400 2062 τῆς
3429 1994 3736 2064 μεταϐολῆς
3766 1995 3798 2063 ἡ
3825 1994 4032 2062 ἀληθὴς

2448 2082 2624 2146 αἰτία,
2679 2083 2774 2136 καὶ
2835 2084 3083 2153 ἀκριϐῶς
3114 2084 3290 2153 ἔγνως
3318 2086 3443 2139 ὅσον
3493 2085 3585 2138 ἐπὶ
3617 2088 3701 2138 σοὶ
3731 2086 3827 2139 τοῦ
3859 2087 4036 2155 δήμου

2446 2174 2508 2226 τὸ
2536 2174 2782 2244 φίλτρον,
2840 2179 2935 2227 καὶ
2992 2175 3145 2238 ὅπως
3177 2192 3275 2228 σου
3326 2174 3698 2245 ραπιζομένου
3746 2178 3846 2238 τάς
3872 2178 4033 2245 Wst;

2450 2265 2608 2317 αὐτοὶ
2631 2265 2728 2322 τὴν
2773 2266 3000 2336 καρδίαν
3032 2267 3241 2335 μᾶλλον
3280 2267 3375 2321 καὶ
3398 2267 3497 2330 τὰς
3525 2267 3707 2336 ψυχάς
3734 2268 4032 2337 πάσχουσ,

2448 2356 2610 2409 θῦσον
2639 2359 2733 2410 καὶ
2768 2359 2952 2421 αὐτὸς,
2984 2360 3252 2429 Φιλῆμον,
3281 2363 3378 2414 καὶ
3407 2359 3508 2431 τὴν
3557 2360 3652 2413 επὶ
3696 2363 3812 2423 τοῖς
3869 2362 4031 2430 ῥαπί-

2450 2464 2616 2517 σμασι
2643 2448 2820 2518 λύπην
2849 2447 3032 2503 αὐτῶν
3061 2449 3148 2503 διὰ
3181 2451 3280 2520 τῆς
3341 2453 3484 2522 μετὰ
3527 2452 3699 2505 ταῦτα
3732 2452 3906 2522 χαρᾶς
3932 2469 4032 2503 παι

2448 2539 2788 2610 ραμύθησαι.
2829 2541 3373 2612 Ἀριστοποιηθῶμεν
3400 2545 3456 2596 iv
3490 2543 3564 2611 τῷ
3598 2544 3911 2613 Σεραπείῳ,
3935 2545 4027 2595 καὶ

2452 2631 2716 2700 μεγίστης
2744 2631 2862 2700 ἅμα
2891 2632 2985 2683 καὶ
3015 2636 3223 2703 τρυφῆς
3259 2634 3353 2686 καὶ
3379 2635 3576 2705 ἡδονῆς
3596 2634 4022 2703 ἀπολαύσωμεν.

2520 2721 2659 2789 Aq'.
2699 2723 2807 2776 Καὶ
2844 2725 2871 2774 ὁ
2922 2722 3180 2792 Φιλήμων
3228 2726 3373 2794 πρὸς
3435 2725 3537 2792 μὲν
3591 2725 3684 2778 τὸν
3736 2725 4032 2793 δικαστὴν,

2459 2811 2615 2883 Ἐμοὶ
2636 2815 2700 2867 τὸ
2728 2815 2968 2879 δεῖπνον,
3014 2810 3188 2878 εἶπεν,
3238 2817 3298 2870 ἐν
3323 2816 3577 2885 οὐρανοῖς
3603 2816 3992 2889 εὖτρεπίζεται
4016 2833 4028 2847 ·

2451 2907 2584 2974 πρὸς
2619 2905 2675 2958 δὲ
2708 2908 2799 2959 τ’-ιν
2827 2907 3003 2976 δῆμον
3037 2909 3402 2978 ἐπιστραφεὶς
3430 2949 3446 2974 ,
3498 2910 3660 2981 Ὑμῖν
3697 2909 3753 2962 δι
3783 2911 3908 2964 ὅτου
3934 2911 4035 2980 χά-

2454 3015 2538 3066 ριν
2572 3000 2702 3067 ἐμοῦ
2742 3000 3117 3069 ραπιζομένου
3152 3001 3322 3070 λύπη,
3360 3003 3518 3071 φησὶ,
3581 3004 3760 3056 καίτοι
3795 3005 4031 3074 ὁπηνίκα

2461 3088 2749 3159 Χοραύλης
2776 3086 2865 3164 ἦν,
2897 3091 3086 3146 ἐπάιον
3116 3095 3196 3156 εἰς
3225 3097 3374 3164 ἡμᾶς
3409 3088 3596 3148 πολλοὶ
3631 3096 3740 3149 τῶν
3757 3097 4029 3149 κολάκων

783 3185 913 3238 baut
942 3187 1104 3237 etiam
1133 3183 1315 3250 pejora
1342 3193 1396 3236 et
1428 3182 1713 3251 graviora;
1768 3195 1866 3234 vos
1893 3189 2078 3234 autem
2103 3182 2346 3236 suaviter
2373 3220 2416 3278 ρ
2450 3184 2462 3232 .‘

2320 3198 2346 3236 ι’
2373 3220 2416 3278 C
2450 3181 2569 3234 ἐστι
2605 3183 2649 3234 δ’
2678 3181 2768 3235 ὅτε
2815 3185 2912 3237 καὶ
2951 3186 3120 3253 χείρω
3168 3187 3263 3240 καὶ
3297 3186 3576 3257 βαρύτερα
3604 3188 3995 3256 διεπράττοντο

777 3288 832 3328 ct
866 3276 1084 3343 profuse
1110 3274 1377 3327 ridebatis
1406 3311 1423 3339 ,
1454 3287 1685 3340 eamque
1708 3287 1822 3326 rem
1855 3287 1952 3327 vos
2002 3287 2194 3327 reVera
2226 3289 2349 3328 esse
2387 3274 2412 3278 ⁷
2453 3294 2456 3319 τ

2387 3274 2412 3278 ⁷
2453 3275 2599 3344 ὑμᾶς
2629 3276 2686 3328 δὲ
2719 3276 2899 3330 πλατὺ
2926 3279 3130 3346 μᾶλλον
3163 3281 3262 3333 καὶ
3301 3280 3520 3348 ἥδιστον
3571 3279 3814 3346 ἐγελᾶτε,
3850 3281 3945 3333 καὶ
3969 3279 4028 3331 τδ

778 3375 988 3420 vestras
1014 3365 1286 3434 putabatis
1332 3363 1576 3418 delicias.
1613 3362 1719 3417 Sed
1751 3377 1898 3416 nunc
1919 3373 2347 3418 consentaneum

777 3468 1154 3519 est,vestrnm
1212 3456 1454 3510 dolorem
1511 3471 1635 3509 esse
1692 3455 1935 3508 laetitiam
1994 3467 2050 3510 et
2090 3457 2344 3525 gaudium

778 3549 1097 3619 angelorum
1130 3566 1144 3602 :
1174 3562 1407 3617 quorum
1431 3547 1615 3600 laetitia
1656 3557 1741 3601 est
1766 3545 1901 3599 mibi
1931 3562 2137 3618 magnae
2175 3564 2345 3614 curae,

779 3651 832 3695 et
865 3655 1003 3708 quos
1023 3655 1125 3710 ego
1157 3641 1280 3693 volo
1310 3654 1407 3708 per
1435 3654 1523 3692 me
1549 3640 1841 3705 delectare,
1876 3654 2000 3693 cum
2051 3641 2152 3694 sim
2183 3640 2344 3694 Chri-

778 3733 1007 3795 stianus,
1058 3739 1115 3786 et
1163 3732 1335 3785 colam
1392 3733 1674 3801 pietatem.
1735 3730 1860 3786 ﬂare
1919 3747 2042 3788 cum
2104 3732 2346 3788 audisset

779 3836 996 3890 praeses,
1029 3831 1086 3876 et
1117 3821 1187 3877 de
1220 3822 1541 3877 Philemone
1593 3837 1810 3876 omnem
1841 3837 1994 3892 spem
2031 3822 2342 3895 abiecisset,

779 3922 912 3967 tunc
968 3914 1021 3967 in
1051 3928 1175 3968 eum
1211 3913 1464 3984 graviora
1517 3913 1835 3984 aggreditur
1883 3915 2154 3984 supplicia
2212 3934 2225 3970 :
2289 3929 2346 3972 et

781 4003 1083 4058 Philemoni
1107 4014 1162 4058 et
1192 4005 1483 4074 Apollonio
1501 4005 1660 4075 jubet
1679 4004 1895 4074 perfodi
1923 4005 2078 4065 talos.
2105 4015 2165 4062 et
2187 4007 2270 4060 fur
2286 4023 2345 4063 es

780 4096 864 4148 eis
893 4094 1127 4164 alligari,
1151 4105 1206 4149 et
1261 4096 1341 4150 sic
1370 4111 1470 4166 per
1499 4103 1669 4149 totam
1709 4096 1986 4150 civitatem
2021 4097 2151 4151 duci
2195 4113 2344 4152 mar-

783 4193 947 4255 tyres.
977 4185 1114 4240 Cum
1151 4186 1260 4240 cito
1282 4195 1469 4240 autem
1505 4185 1707 4240 factum
1732 4185 1948 4251 fuisset,
1996 4188 2146 4257 quod
2169 4190 2345 4258 jusse-

780 4286 884 4340 rat,
909 4293 1005 4332 eos
1036 4292 1230 4332 rursus
1250 4278 1408 4348 jubet
1429 4278 1497 4333 ad
1531 4289 1590 4332 se
1622 4277 1845 4332 adduci.
1875 4278 1978 4343 Qui
2005 4292 2132 4332 cum
2159 4288 2345 4334 essent

778 4369 1026 4434 adducti,
1053 4369 1282 4439 propius
1315 4369 1583 4426 accedens
1606 4369 1675 4423 ad
1704 4369 2078 4423 Philemonem
2112 4388 2126 4423 :
2157 4368 2340 4436 Vides,

782 4461 983 4528 inquit,
1034 4475 1068 4513 o
1098 4459 1410 4525 Philemon,
1436 4474 1602 4530 quam
1631 4459 1744 4514 sint
1773 4459 1956 4527 gravia
1985 4460 2054 4525 {et
2089 4459 2339 4526 molesta,

2449 3369 2687 3437 πρᾶγμα
2707 3369 2922 3439 τρυφὴν
2966 3371 3179 3425 οἰκείαν
3229 3358 3474 3441 ἀτεχνῶς
3519 3373 3820 3441 ἐνομίζετε.
3867 3373 4032 3424 Ἀλλὰ

2451 3459 2545 3512 νῦν
2572 3461 2716 3513 εοικε
2753 3460 2850 3530 τὴν
2885 3462 3160 3532 ὑμετέραν
3185 3462 3366 3532 λύπην
3393 3463 3571 3534 χαράν
3603 3465 3855 3530 ἀγγέλων
3886 3459 4030 3515 εἶναι

2449 3554 2541 3604 καὶ
2565 3553 2780 3623 ἡδονὴν,
2827 3547 2902 3608 ὧν
2930 3555 3053 3623 ἐμοὶ
3104 3555 3318 3624 σφόδρα
3361 3555 3516 3624 μέλει
3553 3555 3652 3622 τῆς
3686 3555 4030 3624 εὐφροσύνης

2445 3644 2546 3698 καὶ
2574 3643 2667 3708 οὓς
2695 3644 2806 3713 ἐγὼ
2828 3646 3057 3716 τέρπειν
3078 3645 3149 3698 δι’
3179 3645 3418 3714 ιμαυτοῦ
3460 3645 3741 3715 βούλομαι,
3767 3647 4028 3716 Χριστια-

2448 3738 2535 3799 νὸς
2589 3734 2666 3789 ὣν
2709 3737 2805 3788 καὶ
2857 3736 3146 3799 εὐσεϐείας
3199 3739 3690 3807 μεταποιούμενος.
3757 3739 4029 3791 Τούτωνὸ

2444 3827 2671 3898 ἡγεμὼν
2701 3829 2939 3891 ἀκούσας
2974 3831 3069 3882 καὶ
3092 3830 3279 3884 τέλεον
3309 3831 3586 3897 ἀπογνοὺς
3615 3831 3707 3884 τὸν
3725 3832 3858 3902 Φιλή
3869 3849 4026 3900 μονα,

2444 3920 2568 3973 τότε
2596 3920 2662 3989 δὴ
2690 3921 2784 3972 καὶ
2820 3919 3139 3993 βαρυτέρων
3189 3922 3308 3975 κατ’
3338 3923 3509 3976 αὐτοῦ
3561 3924 3836 3977 κολάσεων
3860 3927 4029 3977 ᾰπτε-

2447 4030 2563 4079 ται,
2590 4015 2685 4066 καὶ
2714 4014 2933 4066 κελεύει
2955 4013 3315 4085 διατρηθῆναι
3334 4014 3596 4085 Φιλήμονι
3628 4018 3721 4068 καὶ
3751 4015 4026 4072 Ἀπολλω-

2447 4105 2543 4173 νίῳ
2581 4105 2706 4168 τοὺς
2741 4105 2852 4158 τῶν
2876 4105 3051 4158 ποδῶν
3075 4108 3458 4178 ἀστραγάλους
3490 4109 3734 4180 σχοίνους
3763 4126 3822 4161 τε
3845 4091 4028 4162 αὐτῶν

2446 4194 2755 4263 ἐκδεθῆναι,
2813 4195 2909 4247 καὶ
2960 4193 3104 4248 οὕτω
3157 4197 3248 4250 διά
3277 4199 3459 4268 πάσης
3513 4201 3614 4269 τῆς
3661 4200 3869 4262 πόλεως
3903 4203 4029 4259 τοὺς

2450 4285 2734 4356 μάρτυρας
2757 4285 3032 4340 ἕλκεσθαι.
3065 4289 3275 4342 Θᾶττον
3318 4290 3375 4343 δι
3399 4291 3748 4354 τελεσθέντος
3787 4293 3885 4345 τοῦ
3907 4294 4028 4346 επι-

2445 4381 2728 4451 τάγματος
2758 4382 3057 4453 παρίστησι
3075 4383 3168 4436 καὶ
3187 4383 3351 4437 πάλιν
3373 4387 3592 4450 αὐτοὺς,
3612 4385 3705 4439 καὶ
3737 4386 4026 4458 προσσχὼν

2446 4470 2525 4542 τῷ
2568 4471 2869 4541 ⁴Ριλήμονι,
2923 4473 3111 4544 Ὁρᾷς,
3167 4467 3215 4530 ὦ
3261 4474 3523 4545 Φιλῆμον,
3584 4471 3757 4539 εἷπεν,
3810 4477 3959 4536 ὅπως
3989 4479 4022 4547 ή

776 4567 900 4619 quas
928 4552 1260 4616 inferuntur,
1305 4549 1612 4622 supplicia?
1672 4549 1778 4605 Ubi
1820 4559 1910 4604 est
1952 4563 2136 4604 autem
2187 4550 2344 4607 vobis
2374 4563 2455 4620 θα

2339 4568 2344 4604 ι
2374 4563 2420 4620 Β
2447 4561 2557 4615 τῶν
2579 4562 2832 4632 βασάνων
2859 4564 3126 4636 ὲπαγωγὴ
3158 4559 3369 4636 χαλεπή
3397 4567 3518 4620 λίαν
3539 4568 3631 4621 καὶ
3653 4568 4018 4638 περιώδυνοςς

780 4643 1017 4698 invictus
1044 4644 1134 4698 ille
1160 4643 1329 4710 Deus,
1387 4651 1445 4698 et
1474 4657 1575 4697 cur
1623 4659 1734 4697 non
1766 4658 1866 4698 vos
1911 4659 1940 4697 a
1985 4644 2244 4712 praesenti
2275 4644 2342 4698 li-

781 4732 993 4788 beravit
1043 4733 1394 4788 calamitate?
1439 4732 1531 4813 Ad.
1568 4733 1684 4788 hac
1715 4731 2044 4788 Philemon:
2083 4733 2340 4790 Nondum

783 4830 953 4893 nosti,
986 4829 1189 4898 inquit,
1239 4829 1492 4894 Arriane,
1523 4829 1984 4899 quemadmodum
2014 4844 2126 4884 non
2160 4830 2344 4887 verbis

780 4923 978 4985 solum,
1014 4920 1111 4975 sed
1133 4920 1294 4974 etiam
1335 4920 1497 4975 factis
1540 4922 1884 4976 ostendimus
1941 4920 2340 4988 fortitudinem,

776 5027 832 5068 et
875 5023 1144 5066 tormenta
1164 5012 1396 5066 vicimus
1428 5011 1805 5081 experientia?
1851 5011 2034 5067 Nostri
2075 5026 2207 5067 vero
2246 5013 2342 5068 Dei

775 5105 996 5157 virtutis
1017 5101 1441 5171 multa'quidem
1470 5103 1632 5156 etiam
1689 5103 1795 5157 alia
1839 5101 2028 5156 vidisti
2081 5103 2134 5156 in
2181 5103 2342 5157 nobis

780 5195 932 5261 signa
965 5209 979 5246 :
1015 5208 1210 5261 aquam
1260 5192 1327 5247 de
1351 5193 1512 5254 cmlo,
1548 5193 1726 5262 ignem
1767 5192 1834 5246 de
1862 5192 2022 5258 coelo,
2057 5208 2127 5247 ne
2159 5193 2339 5248 dicam

776 5302 837 5336 ra
876 5300 996 5353 qua:
1027 5285 1209 5337 vidisti
1239 5299 1336 5353 per
1366 5285 1584 5338 Asclam
1637 5294 1691 5338 et
1733 5283 2057 5338 Leonidam.
2113 5284 2268 5351 Quod
2294 5286 2339 5341 si

777 5395 789 5422 t
816 5374 944 5426 tiam
977 5376 1128 5442 plura
1157 5375 1377 5444 quaeris,
1403 5391 1504 5444 ego
1528 5375 1623 5428 tibi
1649 5389 1867 5444 quoque
1891 5375 1994 5428 alia
2016 5375 2336 5445 ostendam;

775 5469 1123 5536 primumque
1179 5469 1273 5523 tibi
1321 5470 1472 5538 quasi
1539 5471 1592 5522 in
1634 5468 1869 5537 imagine
1902 5483 2170 5537 exponam
2202 5485 2342 5539 quo-

777 5559 938 5613 modo
967 5559 1034 5612 ab
1060 5560 1153 5612 illo
1184 5560 1477 5613 salvamur.
1513 5559 1636 5614 Hazc
1671 5574 1795 5613 cum
1827 5558 2074 5624 dixisset,
2102 5562 2241 5629 petit
2280 5571 2338 5616 ut

773 5651 875 5703 sibi
913 5659 1264 5704 construatur
1306 5651 1528 5720 quidam
1596 5664 1770 5705 ocnus
1805 5664 1992 5704 aeneus
2020 5689 2035 5714 ,
2067 5651 2338 5720 significat

774 5757 903 5796 vero
958 5741 1100 5810 apud
1134 5756 1251 5804 eos,
1281 5743 1392 5811 .qui
1435 5745 1486 5795 in
1557 5756 1617 5796 ea
1675 5742 1894 5802 regione
1929 5740 2178 5794 habitant
2227 5744 2333 5799 hoc

773 5831 1118 5897 vocabulum,
1180 5833 1416 5901 speciem
1453 5831 1744 5902 quamdam
1769 5845 1966 5886 currus
1992 5832 2296 5887 muliebris.

2447 4653 2557 4707 Ποῦ
2585 4654 2642 4708 δὲ
2671 4657 2762 4707 καὶ
2787 4655 3001 4727 ἄμαχος
3027 4657 3157 4727 ὑμῖν
3182 4660 3386 4723 έκεῖνος
3418 4659 3576 4725 Θεὸς,
3607 4661 3700 4714 καὶ
3723 4660 3814 4715 διὰ
3837 4662 3894 4714 τί
3922 4662 4022 4731 τῆς

2443 4746 2726 4817 παρούσης
2780 4749 2926 4818 ὑμᾶς
2954 4750 3200 4819 ἀνάγκης
3235 4751 3337 4804 οὐκ
3382 4751 3617 4816 έξείλετο
3642 4767 3657 4818 ;
3687 4753 3828 4821 Πρὸς
3847 4755 4018 4806 ταῦτα

2443 4838 2777 4910 ὀῡιλήμων,
2835 4841 2948 4895 Καὶ
3000 4839 3189 4907 οὔπω,
3234 4843 3669 4911 φησὶν,ἐγνως,
3739 4845 4015 4916 Ἆρῤιανὲ,

2442 4930 2589 4992 ὅπως
2617 4928 2676 4981 οὐ
2706 4928 2888 4996 λόγοις
2917 4932 3101 4999 μόνον,
3126 4931 3264 4985 ἀλλὰ
3299 4935 3394 4986 καὶ
3440 4933 3623 5005 ἔργοις
3669 4937 3769 5001 τὴν
3815 4954 4016 5006 καρτε-

2443 5019 2566 5091 ρίαν
2595 5019 3018 5092 ιπιδεδείγμεθα
3049 5024 3145 5078 καὶ
3175 5024 3347 5097 πείρᾳ
3370 5026 3466 5088 τὰς
3487 5026 3755 5096 βασάνους
3785 5027 4016 5097 ήλέγξαο

2445 5129 2574 5182 μενς
2600 5113 2712 5183 Τῆς
2740 5113 2796 5166 δὲ
2818 5113 2912 5167 τοῦ
2935 5117 3209 5187 ἡμετέρου
3242 5116 3377 5171 Θεοῦ
3404 5117 3688 5189 δυνάμεως
3716 5121 3886 5176 πολλά
3917 5125 4016 5194 μὲν

2441 5200 2579 5268 εἶδες
2617 5204 2704 5275 ἐφ’
2740 5207 2873 5276 ἡμῖν
2907 5209 3109 5278 σημεῖα
3148 5209 3242 5263 καὶ
3267 5209 3424 5276 ἄλλα,
3481 5211 3624 5280 ὓδωρ
3656 5212 3714 5278 ἐξ
3759 5215 4013 5285 ούρανοῦ,

2442 5294 2554 5365 πῦρ
2583 5295 2639 5361 ἐξ
2674 5297 2930 5368 ούρανοῦ,
2983 5299 3071 5351 ῖνα
3124 5302 3198 5370 μὴ
3236 5301 3326 5352 καὶ
3355 5303 3454 5354 ὅσα
3487 5301 3556 5356 δι’
3619 5305 3823 5358 ’Λσκλᾶ
3870 5307 4011 5374 λέγω

2441 5387 2534 5440 καὶ
2569 5388 2836 5442 Λεωνίδου
2867 5389 3160 5446 τεθέασαιο
3193 5393 3242 5444 εί
3272 5393 3326 5446 δὲ
3354 5395 3446 5447 καὶ
3483 5395 3657 5449 πλείω
3681 5396 4010 5468 ζητεῖς,ὲγώ

2443 5493 2522 5529 σοι
2566 5480 2660 5531 καὶ
2694 5478 2859 5548 ἐτερτξ⁸
2895 5481 3168 5549 ἐπιδείξω,
3216 5483 3482 5555 πρότερον
3528 5487 3584 5540 δὲ
3611 5491 3707 5541 καὶ
3732 5491 3882 5552 ὅπως
3906 5508 4011 5558 φυ-

2440 5565 2704 5638 λάττομαι
2735 5570 2865 5639 παρ’
2900 5572 3088 5638 αὑτοῦ,
3145 5575 3400 5649 καθάπερ
3423 5579 3482 5630 εν
3511 5579 3666 5649 τύπῳ
3696 5583 3804 5635 τινὶ
3829 5598 4011 5652 παρα-

2444 5660 2628 5728 στήσω
2653 5677 2754 5716 σοι.
2789 5663 2978 5717 Ταῦτα
3008 5664 3179 5719 εἰπὼν
3213 5666 3369 5721 ὄκνον
3403 5669 3554 5739 αύτῷ
3575 5673 3808 5726 αἰτεῖται
3835 5692 4008 5728 κατα-

2439 5751 2802 5821 σκευασθῆναι
2833 5753 3087 5824 χαλκοῦν.
3123 5756 3382 5812 Βούλεται
3404 5759 3458 5813 δὲ
3489 5760 3648 5816 τοῦτο
3666 5767 3777 5829 τοῖς
3802 5767 4009 5838 ἐπιχω-

2439 5839 2573 5908 ρίοις
2597 5835 2787 5913 δίφρου
2821 5844 2967 5909 τινὸς
3006 5849 3321 5915 γυναικείου
3351 5845 3494 5916 εἶδος
3527 5847 3686 5908 εἶναι.
