4252 6440
282 398 391 465 549
1168 410 1637 474 MARTYRIUM
1679 415 1740 477 S.
1788 416 2075 477 THYRSI
2124 419 2216 479 ΕΤ
2258 421 2685 488 SOCIURUM.
2950 478 2951 481 η
3466 441 3574 507 550

354 502 479 564 Δι’.
523 508 940 578 Ἐπινεύσαντος
967 514 1154 569 τοίνυν
1203 517 1297 572 τοῦ
1338 522 1630 606 ἡγεμόνος,
1664 528 1759 580 καὶ
1784 526 1871 579 τοῦ

1946 560 1955 588 ι
2067 528 2333 585 XXXVII.
2394 533 2531 587 Cum
2566 552 2773 605 prases
2793 549 2977 594 autem
3009 543 3317 611 annuisset,
3352 558 3410 605 et
3443 566 3569 605 cur-

279 600 501 669 δξφρου,
519 602 595 665 ὡς
625 603 834 667 ἐκεῖνος
864 604 1058 677 ᾔτησε,
1085 600 1655 685 κατασκευασθέντος,
1684 620 1871 673 παιδά-

1989 634 2105 681 rus,
2140 632 2200 675 ut
2241 621 2334 677 ille
2361 600 2621 692 petierat,
2678 638 2829 684 esset
2859 642 3243 700 constructus,
3273 636 3435 707 jubet
3468 642 3568 693 ad-

282 707 400 759 ριον
434 693 666 761 ἀχθῆναι
701 699 1057 766 προστάττει,
1107 702 1449 777 ἐμϐληθῆναι
1496 728 1555 763 τε
1600 714 1679 773 είς
1709 715 1871 766 αὑτὸν

1979 709 2105 764 duci
2147 713 2412 781 puellum,
2467 725 2523 770 et
2553 717 2607 771 in
2637 733 2762 773 eum
2795 722 3020 779 immitti
3046 735 3104 780 ct
3133 693 3427 797 diligenter
3475 731 3564 787 in-

278 783 377 835 καὶ
407 785 671 852 άστραλῶς
699 790 1096 862 ἐγκλεισθῆναι
1122 810 1136 825 ·
1196 798 1588 868 ἀθροισθέντας
1638 804 1695 859 δέ
1733 808 1889 860 xciv;

276 890 381 936 τας
415 875 539 937 τοὺς
564 876 669 930 ἀνά
704 880 804 951 τὴν
836 883 994 937 πόλιν
1044 888 1289 953 τοξεύειν
1342 894 1741 966 ἐπισταμένόυς
1795 902 1871 963 ὡς

1980 900 2087 945 tate
2123 894 2284 961 periti
2336 899 2654 967 sagittandi,
2700 912 2757 958 et
2777 904 2843 958 ad
2878 921 3105 963 currum
3161 912 3390 979 jaculari
3443 927 3561 970 tan-

278 968 423 1021 κατὰ
487 971 692 1025 σκοποῦ
750 973 969 1042 βάλλειν
1028 982 1123 1033 τοῦ
1174 983 1389 1055 δίφρου,
1444 990 1539 1042 καὶ
1592 992 1738 1047 οὕτω
1792 997 1868 1067 μὴ

1975 997 2140 1049 quam
2168 988 2234 1037 ad
2265 1000 2491 1057 scopum
2533 1008 2548 1045 :
2581 1001 2637 1046 et
2680 1009 2790 1049 non
2827 1011 3045 1054 cessare
3079 1002 3330 1072 jaculari,
3381 1007 3560 1064 donec

276 1059 495 1126 ὑφεῖναι
538 1063 883 1131 τοξεύοντας,
920 1072 1024 1135 ἓως
1071 1075 1099 1126 ὁ
1130 1075 1321 1146 δίφρος
1354 1080 1502 1144 ἄπας
1563 1059 1868 1157 καλυφθείτί

1980 1085 2126 1130 totus
2160 1091 2361 1134 currus
2395 1094 2545 1138 esset
2573 1094 2749 1141 tectus
2774 1091 3009 1159 sagittis.
3036 1059 3308 1164 A'tqueilli
3334 1100 3557 1169 quidem

274 1153 391 1213 τοῖς
429 1152 666 1221 βέλεσιν.
700 1158 929 1214 Ἐκεῖνοι
966 1164 1068 1233 μὲν
1105 1164 1202 1221 οὖν
1254 1170 1638 1241 ἁθροισθέντες
1688 1152 1868 1243 obrui;-

1974 1171 2290 1239 congregati
2310 1172 2391 1225 sic
2420 1173 2715 1230 faciebant.
2768 1152 2863 1234 as;
2889 1192 3074 1237 autem
3105 1152 3243 1255 (erat
3272 1152 3420 1244 enim
3451 1191 3558 1245 bu—

194 1320 198 1323 Ι
274 1245 519 1310 ἐποίουν,
548 1249 576 1300 ὁ
600 1250 657 1303 δέ
683 1252 889 1322 χαλκὸς
912 1259 931 1326 (
951 1252 1021 1327 ἦν
1049 1260 1160 1330 γὰρ
1186 1256 1302 1327 οἷος
1334 1267 1471 1335 πρὸς
1504 1268 1674 1337 βελῶν
1700 1273 1858 1325 άντέ-

1964 1255 2208 1324 jusnmdi
2263 1271 2342 1321 ut,
2376 1263 2442 1315 ad
2478 1266 2852 1323 resistendum
2916 1274 3053 1328 aciei
3087 1245 3343 1343 telorum,
3413 1286 3555 1338 lctus

278 1353 396 1401 χειν
464 1338 732 1412 ὀξύτητας
786 1343 894 1409 ιξω
940 1348 1039 1411 τὰς
1101 1352 1315 1421 πληγάς
1360 1356 1685 1429 δεχόμενος)
1715 1364 1861 1417 ἔνδον

1972 1350 2249 1419 acciperet
2306 1356 2675 1427 extrinsecus)
2705 1360 2857 1418 intus
2908 1366 3136 1423 illazsum
3191 1376 3557 1431 conservabat

274 1429 494 1499 dﬂ‘mﬁ;
527 1434 619 1487 τὸν
650 1438 815 1491 παῖδα
844 1437 1124 1507 διέσωζεν.
1200 1447 1351 1501 Ἐπεὶ
1384 1449 1440 1503 δέ
1489 1453 1643 1506 αὐτοί
1681 1474 1737 1509 τε
1775 1477 1862 1510 το-

1972 1455 2227 1508 puerum.
2253 1444 2390 1499 Cum
2430 1463 2582 1513 vero,
2645 1462 2702 1505 et
2748 1455 2853 1523 ipsi
2875 1460 3184 1525 sagittando
3229 1473 3416 1521 essent
3451 1466 3552 1521 de-

274 1521 527 1586 ξεύοντες
578 1529 787 1599 ἔκαμον
816 1534 911 1585 καὶ
964 1536 1032 1588 τὰ
1059 1536 1190 1608 βέλη
1221 1544 1433 1607 τούτοις
1462 1546 1700 1615 ἔλειπον,
1720 1552 1862 1604 άπα-

1970 1538 2120 1602 fessi,
2153 1548 2209 1593 et
2246 1541 2350 1595 tela
2383 1543 2465 1599 eis
2489 1545 2845 1614 defecissent,
2874 1569 3013 1622 puer
3038 1548 3294 1611 educitur
3324 1560 3550 1618 illaesus.

273 1616 365 1677 θὲς
392 1618 719 1675 ἐκϐάλλεται
764 1625 823 1676 τὸ
856 1628 1071 1681 παιδίον
1096 1646 1108 1660 ·
1140 1634 1233 1684 καὶ
1258 1636 1308 1686 οί
1344 1642 1474 1706 περὶ
1502 1640 1592 1692 τὸν
1617 1645 1858 1713 ἡγεμόνα

1967 1630 2035 1683 Ει
2068 1631 2247 1687 stabat
2281 1634 2501 1703 quidem
2537 1654 2739 1706 praeses
2771 1616 2998 1707 dubius,
3030 1649 3119 1701 cui
3155 1648 3272 1705 haec
3326 1616 3547 1710 tierent.

275 1705 379 1773 μὲν
402 1709 738 1779 ἀποροῦντες
758 1714 1087 1785 εἱστήκεσαν
1106 1723 1227 1775 ὅτου
1252 1725 1414 1794 χάριν
1435 1731 1646 1794 γένοιτο
1661 1732 1854 1789 ταῦτα.

1967 1722 2109 1777 Dicit
2139 1735 2322 1780 autem
2370 1740 2581 1798 martyr
2612 1734 2850 1790 Arriano
2884 1755 2896 1790 :
2940 1738 3075 1804 Hoc,
3113 1742 3311 1811 inquit,
3349 1760 3548 1814 opm:-

283 1800 341 1849 ὐ
369 1801 581 1869 μάρτυς
618 1807 803 1870 μέντοι
830 1809 969 1877 πρὸς
1003 1813 1094 1865 τὸν
1152 1815 1474 1889 Ἀρριανὸν,
1508 1824 1698 1888 Τοῦτο,
1751 1844 1857 1896 φη·

1965 1829 2074 1880 scs,
2106 1827 2188 1871 est
2221 1818 2319 1872 tibi
2344 1822 2574 1877 evidens
2620 1825 2797 1896 imago
2826 1844 2962 1883 mea:
2986 1832 3201 1887 salutis.
3256 1834 3546 1900 Quomodo

272 1893 379 1953 σὶν,
417 1889 461 1946 ὦ
511 1898 760 1967 ἡγεμὼν,
819 1905 1055 1977 ἐναργὴς
1096 1877 1360 1982 ἔστωιτῆς
1410 1877 1552 1986 ἐμῆς
1581 1877 1853 1991 σωτηρίας

2062 1877 2068 1880 ν
2730 1877 2788 1896 ,Γ
2827 1877 2959 1883 ---η
2986 1877 3201 1887 _____...-
3260 1877 3544 1900 ,ιπηωυυ

1959 1908 2105 1961 enim
2141 1908 2231 1964 hic
2263 1927 2427 1979 puer,
2482 1915 2696 1971 etiamsi
2750 1919 2853 1973 sibi
2904 1922 2971 1975 ad
3029 1922 3164 1979 nihil
3202 1929 3374 1996 possit
3407 1946 3544 1994 esse

269 1986 457 2040 εἰκών.
497 1990 709 2063 Ὥσπερ
741 1996 850 2064 γάρ
874 1999 1051 2061 ὀπαῖς
1068 1996 1248 2069 οὗτος,
1296 2010 1475 2061 καίτοι
1512 2012 1649 2080 πρὸς
1683 1986 1854 2084 μήδὲν

1960 2002 2302 2066 utilis,-nihil
2338 2016 2521 2062 tamen
2565 2026 2727 2078 grave
2755 2028 2947 2081 passus
2990 2026 3076 2071 est
3128 2034 3157 2071 a
3187 2032 3293 2073 tam
3353 2024 3544 2080 multis

266 2078 448 2147 ἐαυτῷ
502 2082 801 2152 δυνάμενος
861 2103 1163 2161 συντελεῖν,
1217 2100 1365 2168 ὅμως
1415 2105 1652 2173 χαλεπὸν
1700 2108 1855 2161 οὐδὲν

1958 2095 2089 2151 viris
2128 2106 2185 2151 et
2222 2101 2420 2169 jaculis
2453 2117 2562 2157 mre
2599 2106 2805 2173 optime
2866 2110 3136 2171 munitus,
3192 2114 3391 2169 eodem
3422 2134 3542 2172 mo-

1981 800 2127 854 cludi
2160 818 2173 854 ε
2210 805 2532 874 congregari
2556 822 2693 863 vero
2722 824 2935 879 omnes,
2964 816 3059 883 qui
3094 828 3256 871 erant
3309 821 3360 875 in
3426 824 3568 877 civi-
3654 841 3656 843 ‘

267 2168 374 2219 ὑπὸ
402 2172 674 2225 τοσούτων
697 2178 910 2249 ἀνδρῶν
953 2187 1048 2237 καὶ
1081 2185 1255 2255 βελῶν
1292 2168 1564 2245 πέπονθεν
1610 2196 1849 2263 ἀσφαλέ-

266 2277 439 2313 στατα
468 2264 541 2333 τῷ
574 2267 760 2339 χαλκῷ
789 2274 1289 2349 διατε;ειχισμένος
1313 2298 1327 2312 ⁶
1348 2284 1439 2337 τὸν
1462 2286 1624 2340 αὐτὸν
1652 2292 1851 2358 τρόπον

266 2354 446 2422 κάγὼ,
509 2359 609 2411 κᾶν
643 2362 833 2432 μυρίαι
871 2383 961 2436 μοι
1020 2371 1271 2437 κολάσεις
1325 2354 1695 2448 ἐπενεχθείεν,
1730 2386 1851 2437 οὑδέ

272 2450 403 2514 μιᾶς
432 2450 636 2505 τούτων
671 2459 1153 2532 ἐπιστραφήσομαι
1178 2483 1192 2497 ·
1229 2467 1496 2537 ἀμϐλύνει
1530 2474 1640 2543 γὰρ
1680 2476 1851 2539 αὐτὰς

268 2543 300 2610 ή
330 2543 423 2594 τοῦ
476 2546 609 2613 ἐμοῦ
645 2549 885 2619 Χριστοῦ
917 2554 1145 2625 δύναμις
1195 2559 1544 2633 ἀδαμαντίνῳ
1572 2582 1639 2632 με
1677 2566 1848 2635 τείχει

265 2635 455 2705 κύκλῳ
483 2641 951 2710 περιτειχίζουσα.
1003 2647 1191 2718 Θυμοῦ
1242 2656 1377 2723 πρὸς
1407 2656 1577 2709 ταῦτα
1605 2660 1846 2728 πληροῦ-

264 2746 356 2782 ται
401 2731 687 2803 ⁹Αῤῥιανὸς
713 2737 808 2790 καὶ
836 2738 931 2791 τοῦ
962 2741 1240 2813 μάρτυρος
1266 2748 1485 2815 ἐλέγξαι
1510 2751 1634 2812 τοὺς
1660 2753 1848 2819 λόγους

266 2821 599 2892 βουλόμενος
636 2830 714 2891 είς
754 2830 892 2901 ἔργα
940 2834 1142 2902 μᾶλλον
1176 2839 1379 2903 αὐτοὺς
1411 2842 1639 2906 ἐκϐῆναι
1678 2851 1844 2899 πςιεῖ.

264 2918 442 2970 φυτοῦ
495 2921 603 2988 γάρ
634 2940 779 2987 τινος
830 2926 922 2977 τὸν
956 2926 1167 2980 δίκαιον
1192 2931 1512 3001 ἀναρτήσας
1564 2936 1699 3006 ὅπερ
1731 2940 1848 3006 ἑκά·

272 3028 412 3075 μενα
441 3013 541 3080 μὲν
564 3014 658 3067 τοῦ
698 3015 943 3086 βήματος
972 3014 1041 3089 ἦν
1084 3022 1335 3091 ἑστηκὸς,
1382 3026 1475 3077 τοῦ
1506 3028 1761 3095 Περσέως
1790 3033 1844 3084 δὲ

265 3104 413 3156 οὕτω
465 3106 827 3177 καλουμένου,
888 3111 1115 3176 τοξότας
1172 3115 1335 3168 αὑτὸν
1394 3119 1656 3172 πάντοθεν
1688 3141 1841 3193 περιο

268 3195 471 3264 ἔστησι.
533 3199 644 3250 Καὶ
676 3200 727 3251 oi
765 3202 863 3270 μὶν
889 3202 1114 3256 ἔϐαλλον
1163 3206 1428 3277 ἰσχυρῶς·
1476 3210 1577 3263 ὀδέ
1610 3218 1673 3282 τῇ
1712 3216 1846 3281 πρὸς

263 3284 356 3336 τὸν
381 3288 578 3338 οἰκεῖον
624 3290 909 3360 Δεσπότην
939 3294 1071 3363 εὐχῇ
1106 3294 1283 3349 πάντα
1329 3298 1530 3367 ὁμοίως
1582 3302 1839 3357 ἀπεσόϐει

261 3379 331 3428 τὲι
371 3377 519 3446 βέλη.
560 3378 668 3430 Καὶ
700 3383 809 3449 γὰρ
837 3382 905 3433 τὰ
940 3382 1038 3451 μὲν
1077 3387 1156 3443 εἰς
1182 3385 1287 3454 γῆν
1314 3386 1536 3451 ἔπιπτε,
1562 3391 1627 3441 τά
1662 3391 1717 3442 δὲ
1747 3395 1840 3444 καὶ

261 3471 343 3537 τῷ
367 3470 571 3540 δένδρῳ
597 3475 1012 3542 περιεπήγνυτο
1034 3493 1047 3504 ο
1111 3477 1274 3547 ἕτερα
1304 3478 1359 3531 δὲ
1385 3481 1474 3533 τοῦ
1502 3483 1663 3553 άέρος
1711 3487 1842 3536 θαυ-

264 3560 491 3626 μαστῶς
513 3560 875 3631 ἐξεκρέματο.

329 3652 460 3704 AH'.
518 3650 675 3704 Ἐπεὶ
700 3654 753 3705 δὲ
780 3656 1088 3709 κεκένωντο
1119 3658 1218 3726 μὲν
1247 3660 1428 3723 αὐτοῖς
1458 3664 1515 3714 αί
1546 3664 1834 3734 φαρέτραι,

257 3746 284 3796 ὀ
319 3746 534 3811 μάρτυς
560 3747 616 3798 δὲ
664 3747 835 3799 δεινὸν
891 3750 952 3801 τὸ
999 3752 1265 3819 παράπαν
1313 3754 1465 3807 οὐδὲν
1516 3756 1773 3827 ἔπασχεν,
1807 3761 1836 3811 ὁ

259 3834 487 3901 ἡγεμών
520 3853 581 3888 τε
625 3838 801 3889 ταῦτα
845 3840 989 3908 ὁρῶν
1044 3844 1144 3895 οὐκ
1169 3838 1282 3914 εἶχε
1314 3850 1429 3909 τοῖς
1478 3849 1714 3918 παροῦσι
1746 3869 1837 3903 πι-

262 3928 509 3979 στεύειν·
537 3926 725 3998 θαῦμά
749 3948 800 3982 τι
849 3933 1012 3984 πάλιν
1046 3936 1324 4006 ἐπιτρέχει
1362 3939 1441 4009 τῷ
1469 3940 1724 4011 θαύματι.
1776 3942 1835 3997 ⁸0

260 4020 360 4086 μὲν
386 4020 494 4089 γὰρ
525 4022 786 4089 ἠπείγετο
817 4024 1013 4091 μαθεῖν
1043 4030 1091 4079 εί
1131 4030 1309 4098 ἀληθῆ
1344 4032 1410 4083 τὰ
1434 4032 1712 4103 ὁρώμενα.
1745 4036 1835 4104 Τῷ

254 4112 407 4179 τόπῳ
435 4111 491 4162 δὲ
524 4114 813 4182 παραστάς
845 4116 1125 4187 Φιλήμονα
1157 4122 1292 4189 πρὸς
1333 4120 1394 4173 τὸ
1422 4122 1639 4193 δένδρον
1672 4126 1834 4191 ἀκρι-

257 4204 367 4267 ϐῶς
393 4204 608 4258 ἐθεᾶτο.
629 4207 718 4259 Ἑν
752 4207 929 4278 τούτῳ
958 4210 1014 4261 δέ
1037 4210 1147 4263 τῶν
1177 4212 1381 4283 ἀερίων
1409 4216 1636 4268 ἐκείνων
1663 4216 1834 4284 βελῶν

257 4296 315 4345 ’ἐν
347 4296 731 4348 ἐπικαταπτάν
762 4297 854 4349 τὸν
886 4298 1061 4362 δεξιὸν
1093 4302 1242 4371 αὐτῷ
1279 4302 1463 4371 βάλλει
1489 4304 1598 4358 τῶν
1628 4307 1834 4373 ὀφθαλ-

259 4387 399 4455 μῶν,
428 4389 523 4439 καὶ
549 4388 750 4441 αὐτίκα
778 4394 964 4460 πηροῑ.
1012 4392 1077 4444 Ἢ
1124 4394 1181 4446 δέ
1212 4397 1457 4466 πήρωσις
1492 4396 1629 4469 αὕτη
1668 4417 1833 4469 φωτι-

256 4478 399 4548 σμεῦ
431 4481 656 4549 καρδίας
684 4478 819 4553 ἦρξε
848 4483 925 4551 τῷ
958 4484 1217 4556 δικαστῇ.
1288 4488 1429 4557 Ὅρα
1460 4490 1572 4561 γάρ
1605 4491 1702 4560 τὴν
1735 4493 1830 4545 τοῦ

1955 2188 2027 2241 do
2050 2204 2152 2258 ego
2183 2206 2427 2261 quoque,
2451 2196 2667 2249 etiamsi
2696 2199 2831 2251 mihi
2871 2200 3299 2262 innumerabilia
3334 2208 3540 2267 inﬂicta

1954 2279 2159 2336 fuerint
2205 2285 2494 2355 supplicia,
2550 2290 2757 2344 nullius
2809 2293 3007 2348 horum
3057 2312 3249 2352 curam
3296 2317 3529 2371 geram;

1954 2385 2017 2426 ea
2047 2373 2194 2427 enim
2254 2376 2515 2432 obtundit
2568 2394 2624 2436 et
2661 2383 2881 2438 hebetat
2910 2388 3012 2441 mei
3078 2389 3285 2445 Christi
3336 2395 3532 2461 virtus,

1953 2480 2076 2534 qua:
2145 2484 2233 2522 me
2289 2472 2657 2528 circumcirca
2712 2491 2873 2531 muro
2912 2481 3092 2534 munit
3152 2483 3531 2557 adamantina.

1954 2557 2189 2628 PrOpler
2220 2561 2339 2615 btec
2372 2562 2451 2615 ira
2488 2564 2747 2633 impletur
2772 2570 3080 2639 Arrianus;
3126 2587 3181 2630 et
3209 2592 3335 2634 cum
3366 2582 3534 2637 vellct

1951 2651 2122 2705 verba
2155 2656 2415 2723 martyris
2448 2659 2797 2724 convincere,
2848 2662 2979 2718 facit
3009 2675 3064 2720 ut
3094 2683 3156 2722 ea
3202 2671 3386 2737 potius
3435 2672 3537 2728 de-

1953 2741 2228 2797 ducantur
2254 2745 2319 2799 ad
2347 2746 2631 2804 eﬂ'ectum.
2678 2751 2813 2806 Nam
2848 2770 2970 2808 cum
3004 2772 3034 2810 e
3055 2759 3291 2826 quadam
3332 2765 3531 2820 arbore

1954 2838 2340 2905 suspendisset
2367 2842 2601 2911 justum,
2636 2860 2755 2914 quae
2792 2848 2971 2903 stabat
3005 2852 3396 2923 quidemjuxta
3428 2859 3529 2912 tri-

1958 2928 2146 2993 bunal,
2186 2933 2486 2987 vocabatur
2512 2946 2695 2991 autem
2724 2938 2929 3001 Persei,
2958 2942 3103 2997 circa
3134 2961 3259 2999 eum
3286 2962 3354 3001 ex
3378 2950 3532 3005 omni

1957 3030 2109 3087 parte
2163 3022 2353 3075 statuit
2394 3026 2728 3093 sagittarios.
2784 3028 2851 3082 Et
2900 3031 2976 3084 illi
3034 3034 3255 3101 quidem
3311 3038 3531 3094 fortiter

1959 3114 2324 3182 torquebant;
2375 3118 2466 3172 ille
2512 3136 2643 3175 vero
2680 3137 2775 3177 sua
2827 3125 2891 3198 ad
2938 3126 3231 3181 Dominum
3277 3132 3529 3187 oratione

1954 3210 2138 3261 omnia
2193 3209 2296 3262 tela
2332 3210 2588 3267 similiter
2625 3213 2949 3284 dcpellebat.
3003 3218 3138 3272 Nam
3170 3220 3275 3274 alia
3305 3222 3529 3291 quidem

1950 3299 2222 3353 cadebant
2254 3302 2307 3353 in
2343 3312 2571 3367 terram,
2602 3305 2709 3359 alia
2741 3323 2872 3361 vero
2894 3309 3203 3378 ﬁgebantur
3237 3312 3526 3380 iiiarbore,

1945 3391 2050 3443 alia
2085 3401 2265 3445 autem
2314 3395 2720 3452 admirabiliter
2756 3390 3159 3468 peudebantex
3197 3418 3344 3460 sere.

2014 3661 2298 3717 XXXVIII.
2333 3664 2626 3731 Postquam
2654 3681 2784 3719 vero
2809 3669 2890 3720 eis
2907 3668 3129 3736 quidem
3157 3668 3380 3725 fuerunt
3407 3673 3523 3725 exi-

1945 3756 2144 3809 iiaiiitze
2166 3756 2461 3823 pharetrae,
2491 3768 2700 3826 martyr
2724 3769 2906 3810 autem
2938 3760 3074 3812 nihil
3103 3761 3331 3816 omnino
3354 3778 3522 3832 grave

1940 3846 2273 3913 patiebatur.
2310 3847 2518 3900 Pra-scs
2566 3848 2679 3901 haec
2734 3848 2948 3910 videns,
2998 3866 3105 3903 non
3141 3860 3355 3919 poterat
3399 3870 3520 3910 cre-

1942 3937 2075 3990 dere
2121 3938 2189 3991 iis
2213 3952 2334 4005 qua:
2371 3939 2656 4000 cernebat,
2695 3947 2751 3992 et
2777 3955 2886 4007 prae
2920 3940 3283 3995 admiratione
3314 3957 3514 3997 accur-

1941 4028 2013 4081 rit
2044 4028 2111 4082 ad
2143 4031 2495 4083 miraculum.
2531 4030 2666 4084 Nam
2696 4032 2787 4086 ille
2831 4034 3052 4100 quidem
3092 4034 3514 4091 studebatscire

1912 4119 2006 4173 ‘an
2032 4134 2162 4173 vera
2199 4130 2385 4175 essent
2420 4137 2543 4190 qua:
2591 4123 2941 4179 videbantur.
3012 4124 3152 4179 Cum
3208 4125 3279 4180 ad
3327 4126 3512 4181 locum

1940 4223 2125 4267 autem
2180 4216 2526 4275 accessisset,
2590 4214 2966 4269 Philemonem
3032 4217 3169 4271 vidit
3215 4227 3402 4286 aperte
3456 4221 3512 4272 in

1937 4305 2159 4359 arbore.
2192 4305 2417 4359 Interim
2458 4317 2639 4359 autem
2689 4322 2756 4359 ex
2790 4308 2956 4361 aeriis
2979 4308 3084 4362 illis
3110 4309 3309 4378 jaculis
3341 4325 3511 4364 unum

1934 4398 2221 4461 advolans,
2252 4397 2379 4451 ferit
2421 4400 2470 4453 ei
2506 4398 2794 4452 dexterum
2843 4402 3087 4465 oculum,
3141 4417 3379 4472 eumque
3416 4418 3517 4456 ex-

1935 4499 2128 4544 czcat.
2159 4488 2285 4543 Haec
2318 4506 2451 4544 vero
2471 4493 2783 4555 excaecatio,
2842 4494 3136 4562 Iuitjudiei
3178 4494 3511 4565 principium

252 4572 389 4624 Θεοῦ
432 4574 626 4639 σοφίαν
658 4576 721 4626 ἐκ
761 4577 971 4645 μακροῦ
1015 4577 1321 4631 πλέκουσαν
1372 4581 1467 4632 καὶ
1526 4583 1871 4660 “nominati-1

1946 4580 2386 4637 illuminationis.
2445 4583 2580 4637 Vide
2615 4586 2761 4639 enim
2794 4584 2886 4638 Dei
2923 4586 3273 4655 sapientiam,
3330 4604 3451 4657 qua:
3475 4603 3513 4643 θ

254 4682 355 4715 σαν
389 4666 711 4734 παραδόξως
762 4668 1064 4731 λυσιτελεῖς
1107 4672 1449 4739 πραγμάτων
1488 4675 1828 4745 οἰκονομίας.

265 4758 553 4827 Ἀρριανὸς
603 4760 712 4828 γάρ
771 4762 944 4812 πολλὰ
1005 4765 1105 4830 μὲν
1145 4764 1411 4833 Χριστὸν,
1447 4764 1617 4818 πολλὰ
1652 4767 1705 4818 δέ
1739 4767 1833 4819 καὶ

251 4850 617 4918 Χριστιανοὺς
637 4852 822 4916 κακῶς
842 4852 996 4920 ἔλεγε
1022 4855 1227 4923 σφόδρα
1246 4858 1311 4925 τῇ
1344 4856 1503 4929 ὀδύνῃ
1528 4859 1830 4928 παρωξυμ-

257 4945 439 5011 μένος.
476 4944 581 4995 Τοῦ
617 4944 788 4997 κακοῦ
810 4946 869 4997 δὲ
899 4948 1048 5015 ὅμως
1078 4950 1392 5017 ἡττώμενος
1437 4951 1830 5021 κατενεχθῆναι

256 5034 469 5087 κελεύει
529 5036 620 5087 τὸν
666 5035 928 5106 ἀθλητήν.
972 5034 1107 5090 Εἶτα
1166 5041 1262 5092 καὶ
1302 5040 1630 5109 θεραπεύειν
1660 5043 1853 5096 ἐδεῖτο”

254 5126 349 5175 τὸν
401 5125 681 5193 ὀφθαλμὸν
740 5127 930 5197 μαθὼν
960 5130 988 5181 ὁ
1016 5128 1207 5199 ἄφρων
1268 5132 1332 5183 ἐκ
1390 5133 1484 5183 τοῦ
1525 5132 1717 5185 παθεῖν
1746 5135 1828 5187 ὅτι

252 5219 430 5284 ὅσπερ
457 5217 598 5269 οῦτω
630 5220 947 5285 παραδᾲξως
980 5220 1180 5289 πλῆξαι
1212 5220 1434 5285 δυνατὸς
1459 5226 1703 5290 γέγονεν,
1728 5227 1828 5279 οὐκ

257 5310 323 5360 ἂν
358 5311 465 5375 ἄρα
495 5311 587 5360 καὶ
615 5310 935 5378 παραδόξως
974 5313 1228 5365 ἰάσασθαι
1259 5314 1520 5375 ἀδύνατος
1555 5322 1824 5388 καταστῇ.

264 5402 324 5451 ’0
349 5400 428 5463 δέ,
458 5400 571 5453 Νῦν
605 5402 818 5470 μέντοι,
853 5403 1005 5472 enat,
1037 5405 1132 5473 τὴν
1159 5407 1303 5456 ῑασιν
1331 5407 1725 5477 ἁναὸαλλομαι,
1752 5412 1826 5483 μὴ

250 5496 350 5546 καὶ
405 5493 661 5561 γοητείαν
722 5491 879 5558 αὖθις
932 5498 1169 5568 καλέσῃς
1202 5499 1302 5568 τὴν
1332 5502 1674 5569 εὐεργεσίαν,
1730 5506 1825 5556 καὶ

252 5588 565 5641 ὑπεύθυνον
597 5590 757 5652 αὐτὸς
787 5591 1025 5658 ἐμαυτὸν
1041 5586 1340 5660 ἀλογίστως
1367 5611 1449 5647 σοι
1474 5598 1822 5667 καταστήσωο

249 5680 370 5734 ἀλλ’
404 5682 570 5750 ἡνίκα
627 5682 723 5734 τοῦ
786 5681 1037 5752 σώματος
1074 5686 1473 5757 ἐκδημήσαιμι,
1530 5688 1628 5759 ήδη
1662 5689 1717 5741 δὲ
1766 5692 1825 5743 τὸ

248 5774 408 5837 τέλος
435 5776 624 5842 ἐγγὺς,
659 5775 751 5828 ἐπὶ
804 5777 895 5828 τὸν
925 5777 1058 5845 ἐμὶν
1097 5777 1270 5829 ἐλθὼν
1303 5780 1489 5846 τάφον,
1526 5782 1620 5834 καὶ
1674 5784 1824 5835 κόνιν

251 5865 466 5920 ἐκεῖθεν
484 5851 685 5937 λαϐὼν,
705 5866 879 5938 ταύτῃ
898 5870 1085 5939 χρῖσαι
1110 5869 1201 5924 τὸν
1235 5870 1535 5941 ὀφθαλμὸν,
1555 5872 1824 5943 ἐπιλέγω-ι

1934 4673 2236 4741 longinquo
2269 4674 2549 4736 contexit;
2571 4683 2627 4727 et
2665 4675 3074 4731 admirabiliter
3127 4678 3299 4732 variat
3346 4679 3514 4735 utiles

1937 4782 2121 4821 rerum
2157 4766 2621 4835 dispensationes.
2648 4771 2914 4823 Arrianus
2934 4771 3079 4823 enim
3111 4773 3350 4825 multum
3376 4773 3508 4841 qui-

1932 4861 2055 4914 dem
2112 4859 2427 4925 Christum,
2471 4863 2701 4915 multum
2737 4873 2921 4916 autem
2962 4865 3130 4918 etiam
3161 4865 3513 4921 Christianos

1934 4953 2235 5008 insectatus
2264 4962 2348 5008 est
2381 4954 2706 5014 maledictis,
2750 4966 2807 5008 ut
2832 4956 2924 5025 qui
2977 4957 3126 5026 gravi
3159 4958 3349 5011 dolore
3378 4959 3507 5011 irii-

1934 5056 2161 5099 taretur.
2188 5047 2233 5099 Δ
2266 5047 2410 5099 malo
2440 5056 2615 5099 tamen
2665 5049 2863 5107 victus.
2898 5048 3064 5117 jussit
3091 5048 3299 5103 deferri
3355 5064 3501 5103 mar-

1932 5147 2129 5209 tyrem.
2168 5137 2375 5192 Deinde
2410 5140 2573 5192 etiam
2601 5141 2834 5207 rogavit,
2895 5149 2957 5193 ut
2993 5148 3215 5194 curaret
3252 5140 3500 5205 oculum,

1929 5246 1992 5284 ex
2027 5247 2095 5285 eo
2134 5231 2279 5300 quod
2325 5246 2519 5299 passus
2565 5230 2744 5284 fuerat
2808 5233 3033 5298 stultus,
3083 5233 3292 5298 dicens,
3351 5233 3500 5301 quod

1929 5326 2207 5393 quomodo
2240 5323 2640 5376 admirabiliter
2702 5324 2879 5378 fuerat
2927 5334 3123 5393 potens
3185 5325 3253 5379 ad
3300 5340 3500 5395 percu-

1931 5418 2202 5478 tiendum.
2236 5420 2306 5471 ita
2330 5418 2397 5471 sit
2427 5418 2593 5471 etiam
2611 5419 2679 5471 ad
2703 5418 3002 5472 sanandum
3021 5418 3379 5473 admirabilis.
3404 5420 3502 5475 Illo

1928 5520 2112 5564 autem
2153 5528 2164 5562 :
2196 5511 2353 5564 Nunc
2392 5511 2641 5579 quidem,
2673 5510 2873 5579 inquit,
2924 5511 3023 5566 tibi
3049 5512 3221 5567 odero
3254 5515 3497 5567 sanatio-

1929 5617 2076 5667 nem,
2104 5616 2171 5654 ne
2212 5600 2541 5654 beneﬁcium
2570 5612 2853 5671 acceptum
2909 5618 3100 5658 rursus
3151 5619 3315 5659 voces
3362 5619 3500 5673 pne-

1926 5694 2135 5763 siigias,
2176 5703 2234 5747 et
2266 5694 2381 5762 ipse
2414 5693 2816 5751 inconsiderate
2859 5712 2946 5751 me
2981 5696 3076 5751 tibi
3103 5713 3256 5753 reum
3290 5698 3498 5752 consti-

1928 5794 2097 5840 tuam.
2139 5785 2245 5841 Sed
2273 5787 2543 5855 quandoe
2574 5803 2804 5860 corpore
2834 5805 3129 5845 excessero
3162 5790 3291 5861 (jam
3309 5800 3494 5846 autent

1928 5878 2052 5935 linis
2098 5882 2529 5949 appmpinouati
2571 5887 2798 5942 veniens
2842 5885 2913 5941 ad
2940 5900 3120 5943 meum
3151 5887 3493 5949 sepulcrum.
