4252 6440
222 418 336 486 553

1128 418 1601 479 MARTYRIUM
1647 417 1703 476 S.
1748 416 2029 477 THYRSI
2070 414 2165 475 ET
2202 414 2627 476 SOCIORUM.

3368 413 3473 479 bSl

224 545 327 597 καὶ
343 542 739 612 δαψιλεστέρας
765 539 974 595 ἄνωθεν
998 537 1100 605 τῆς
1124 539 1349 610 χάριτος
1366 536 1682 601 ἀπολαύσας
1709 535 1803 588 τόν
1832 539 1877 597 Α

1794 554 1803 585 ν
1832 539 1877 597 Α
1906 549 1934 589 a
1968 532 2393 605 protectoribus,
2426 532 2647 586 domum
2674 545 2832 586 suam
2879 538 2973 586 est
3015 544 3292 585 reversus.
3353 532 3473 598 Quo

220 654 283 692 τε
314 638 508 707 χρόνον
552 636 716 699 αὐτὸς
749 634 931 705 ἑαυτῷ
974 632 1070 686 τοῦ
1120 632 1313 696 τέλους
1340 632 1436 685 καὶ
1464 631 1557 684 τὸν
1591 631 1797 702 τρόπον

223 729 613 801 προαγορεύει.
648 727 907 789 Καλέσας
933 725 1043 795 γὰρ
1075 724 1143 777 τὰ
1166 723 1309 777 κατὰ
1336 725 1434 795 τὴν
1463 725 1641 776 οἰκίαν
1671 740 1798 775 παι-

220 815 414 887 δάρια,
447 815 563 867 Νῦν
601 815 722 885 μὶν,
749 814 874 883 ἔφη,
904 815 1001 866 σὺν
1031 815 1167 883 ἡμῖν
1198 813 1328 883 ἄχρι
1376 814 1465 866 καὶ
1491 813 1593 881 τῆς
1650 813 1798 865 Ἀλε·

224 906 498 976 ξανδρέων
552 906 885 958 ἐλεύσεσθε·
936 907 1129 958 ἔπειτα
1158 904 1271 973 ἐγὼ
1326 905 1425 975 μὲν
1476 902 1793 974 exossam:

222 999 363 1067 πρὸς
389 1000 481 1051 τὸν
517 996 771 1066 βασιλέα,
798 1000 891 1050 καὶ
918 997 1054 1049 Θεοῦ
1082 997 1554 1066 συλλαμϐάνοντος
1590 998 1796 1051 ἄνωθεν

221 1090 317 1143 τὸν
343 1090 714 1159 προκείμενόν
748 1106 838 1158 μοι
866 1089 1057 1141 τοῦτον
1090 1088 1279 1155 ἀγῶνα
1305 1091 1371 1159 τῇ
1398 1088 1562 1159 ὀγδόῃ
1592 1089 1797 1142 τελέσω

221 1181 317 1234 τοῦ
341 1183 628 1251 Φαμενὼθ,
681 1183 762 1244 είς
792 1186 995 1233 σάκκον
1052 1181 1349 1250 ἐμϐληθεὶς
1396 1183 1488 1234 καὶ
1524 1183 1663 1234 κατὰ
1697 1182 1795 1233 θα-

222 1274 434 1352 λάσρης
468 1274 681 1345 ριφθείς
701 1290 714 1304 ’
749 1275 906 1343 ὑμεῖς
937 1275 991 1326 δὲ
1017 1275 1131 1343 (καὶ
1161 1275 1270 1343 γὰρ
1297 1274 1438 1326 ἔστω
1465 1274 1551 1326 διὰ
1583 1273 1802 1342 φροντι.

222 1366 313 1429 δος
349 1368 480 1435 ὑμῖν
513 1367 574 1418 τὸ
602 1366 827 1435 λεχθὲν)
854 1365 999 1418 κατὰ
1024 1367 1123 1435 τὴν
1173 1366 1469 1435 ἑνδεκάτην
1498 1366 1593 1418 τοῦ
1628 1364 1797 1418 αὑτοῦ

227 1458 399 1525 μηνὸς
438 1458 565 1526 περί
592 1473 695 1508 που
726 1459 877 1526 ὥραν
904 1457 1071 1524 ἕκτην
1110 1455 1290 1508 ἔλθετε
1322 1456 1473 1524 παρὰ
1499 1457 1590 1505 τὶν
1612 1457 1797 1521 αίγια-

221 1547 339 1607 λὶν,
369 1548 461 1597 καὶ
486 1547 547 1598 τὸ
566 1546 700 1612 ἐμὸν
732 1545 891 1613 σῶμα
920 1545 1118 1607 νώτοις
1150 1544 1395 1612 δελφῖνος
1427 1541 1799 1613 ὶποχούμενον

224 1638 479 1705 εὑρόντες
508 1639 620 1698 τοῖς
656 1635 835 1697 ἄλλοις
864 1635 1168 1689 κατάθεσθε
1198 1635 1460 1705 μάρτυσι.

296 1814 433 1865 MA'.
472 1812 659 1866 Ταῦτα
680 1811 851 1866 είπὼν
883 1815 1075 1881 ἄγεται
1112 1814 1264 1884 παρὰ
1301 1815 1390 1867 τὸν
1428 1815 1652 1883 βασιλέα
1675 1820 1793 1867 Ato-

223 1905 539 1972 κλητιανὶν,
578 1908 672 1959 καὶ
702 1907 866 1968 αὐτὸς
890 1907 1082 1975 πρῶτα
1105 1909 1204 1977 μὲν
1232 1909 1482 1978 γαληνῶς
1501 1909 1595 1959 καὶ
1618 1908 1791 1977 ἠπίως

223 1996 376 2064 αύτῷ
410 2000 802 2067 προσφέρεται,
851 1995 967 2050 εἶτα
1000 2000 1226 2068 λουτρὸν
1262 2000 1671 2067 εύτρεπίξεται,
1700 2000 1794 2052 καὶ

224 2088 333 2153 πρὸ
362 2088 457 2138 τοῦ
489 2089 715 2158 λουτροῦ
744 2089 922 2158 βωμός
945 2104 959 2119 ⁸
986 2091 1085 2143 ὀδὲ
1124 2090 1305 2159 βωμὸς
1329 2087 1395 2160 ἦν
1432 2091 1789 2154 ’Λπόλλωνος.

226 2182 336 2232 Καὶ
364 2180 578 2232 λούεται
605 2182 701 2249 μὲν
731 2181 982 2249 βασιλεὺς
1012 2181 1148 2250 ὁμοῦ
1175 2184 1267 2235 καὶ
1302 2183 1582 2253 ’Λρριανός
1606 2200 1618 2213 '
1648 2184 1796 2247 ἐξελ-

226 2271 412 2334 θόντες
443 2274 498 2326 δὲ
524 2273 617 2325 τοῦ
658 2274 885 2341 λουτροῦ
919 2275 1014 2326 καὶ
1044 2275 1118 2345 τῷ
1156 2276 1326 2345 βωμῷ
1363 2278 1793 2343 πλησιάσαντες,

224 2362 420 2422 Θῦσον,
445 2358 490 2415 ὦ
532 2364 809 2433 Ἀῤῥιανὲ,
837 2365 939 2432 ἔφη
992 2366 1406 2435 Διοκλητιανὸς,
1459 2368 1534 2435 τῷ
1574 2367 1796 2435 μεγάλῳ

226 2454 336 2523 θεῷ
389 2456 683 2508 ’Δπόλλωνι
704 2472 719 2487 ⁸
755 2456 900 2508 οὕτω
932 2456 1064 2526 γὰρ,
1092 2456 1166 2519 ὡς
1198 2458 1369 2520 εἰκὸς,
1398 2457 1657 2525 ἡσθέντες
1706 2459 1797 2508 καὶ

226 2548 321 2598 ἐπὶ
354 2548 415 2599 τὸ
440 2549 655 2601 δεῖπνον
678 2548 906 2618 εὔθυμοι
943 2548 1300 2618 βαδιούμεθα.
1347 2550 1406 2601 '0
1435 2550 1513 2610 δὲ,
1538 2550 1646 2600 Καὶ
1680 2549 1796 2610 πῶς

227 2640 314 2699 ἂν,
342 2638 468 2706 ἐτη,
499 2640 765 2709 δυναίμην
798 2640 929 2707 ἐγὼ,
975 2639 1226 2708 βασιλεῦ,
1271 2641 1409 2710 μετὰ
1440 2640 1679 2692 τοσαῦτα
1703 2642 1798 2691 καὶ

227 2730 529 2798 τηλικαῦτα
560 2731 796 2801 Χριστοῦ
821 2732 912 2783 τοῦ
950 2733 1116 2800 μόνου
1136 2731 1339 2796 ζῶντος
1372 2731 1509 2785 Θεοῦ
1542 2732 1800 2802 θαύματα

228 2815 304 2872 ὧν
337 2822 398 2873 ού
426 2822 585 2890 μῦθοι
616 2825 710 2875 καὶ
741 2824 922 2892 φῆμαι
980 2825 1159 2887 κεναὶ,
1192 2824 1311 2876 ἀλλ’
1343 2824 1500 2876 αὐτοὶ
1522 2824 1622 2893 τὴν
1658 2841 1803 2893 μαρο

229 2910 425 2980 τυρίαν
453 2913 587 2981 ἡμῖν
616 2913 664 2964 οἱ
705 2912 980 2982 ὀφθαλμοὶ
1013 2915 1381 2984 παρέσχοντο·
1445 2916 1557 2978 πῶς
1588 2917 1653 2969 ἂν
1706 2912 1799 2967 οῦν

230 3004 259 3055 ὀ
283 3002 521 3055 τοσαῦτα
559 3003 684 3057 ίδὼν
736 3004 848 3073 ἑγὼ
878 3006 1063 3058 τοῦτον
1124 3006 1223 3073 μὲν
1265 3008 1572 3071 καταλίπω,
1600 3011 1712 3070 τοῖς
1744 3009 1800 3061 δὲ

231 3094 464 3162 ἀψύχοις
489 3095 699 3156 τούτοις
728 3095 877 3150 θύσω
903 3099 998 3149 καὶ
1030 3098 1414 3167 ἀναισθήτοιςς
1462 3099 1730 3153 Ἐνταῦθα
1768 3102 1801 3169 ἡ

1902 628 1956 681 in
1990 626 2113 681 loco
2141 624 2505 695 copiosiorem
2547 638 2576 676 a
2600 625 2819 693 superis
2847 623 3072 692 gratiam
3120 632 3468 684 consecutus,

1902 718 2152 788 praedicit
2198 718 2315 773 suis
2367 727 2423 771 et
2444 725 2662 784 tempus
2705 716 2788 769 sui
2826 714 3087 768 decessus
3112 724 3170 768 et
3222 714 3469 769 modum.

1899 811 2035 864 Nam
2066 825 2191 864 cum
2243 824 2466 877 pueros.
2500 809 2594 876 qui
2628 816 2787 860 erant
2834 805 2983 859 domi
3020 820 3133 858 sua
3166 814 3415 859 vocasset
3452 822 3467 856 :

1898 901 2057 956 Nunc
2094 901 2341 970 quidem.
2378 900 2577 968 inquit,
2625 898 2859 951 venietis
2886 896 3172 953 nobiscum
3206 912 3377 966 usque
3399 897 3468 951 ad

1898 995 2302 1048 Alexandriam.
2333 992 2537 1047 Delnde
2566 1006 2668 1061 ego
2701 990 2922 1060 quidem
2950 990 3121 1044 ducar
3143 989 3210 1042 ad
3239 992 3469 1057 impera-

1900 1095 2098 1150 torem,
2144 1094 2200 1139 et
2250 1084 2361 1138 Deo
2411 1098 2441 1137 a
2493 1083 2708 1152 superis
2771 1080 2982 1136 ferente
3028 1081 3313 1143 auxilium,
3365 1080 3471 1135 hoc

1901 1176 2033 1229 mihi
2065 1175 2401 1244 propositum
2459 1183 2738 1227 certamen
2794 1184 3048 1241 peragam
3097 1182 3293 1226 octavo
3321 1186 3471 1226 men-

1900 1268 1977 1323 sis
2015 1268 2380 1329 Pliamenoth,
2440 1267 2493 1320 in
2524 1280 2740 1319 saccum
2794 1266 3049 1332 injectus,
3102 1275 3156 1318 et
3196 1264 3471 1333 projectus

1901 1358 1955 1411 in
2015 1374 2187 1413 mare.
2225 1358 2335 1412 Vos
2382 1367 2566 1412 autem
2598 1359 2691 1425 (sit
2744 1372 2876 1411 vero
2902 1357 3058 1411 vobis
3110 1371 3281 1419 cum,
3323 1355 3470 1425 quod

1899 1452 2108 1505 dictum
2140 1452 2243 1519 est)
2280 1452 2575 1505 undecimo
2599 1451 2805 1505 mensis
2835 1451 2981 1505 circa
3002 1451 3205 1504 horam
3238 1461 3468 1512 sextam,

1900 1546 2085 1599 venite
2105 1545 2171 1598 ad
2208 1544 2387 1607 littus,
2418 1554 2474 1598 et
2499 1559 2623 1599 cum
2649 1558 2853 1611 corpus
2881 1558 3065 1597 meum
3114 1544 3466 1603 inveneritis,

1899 1634 2044 1703 quod
2079 1634 2313 1688 vehetur
2354 1648 2383 1687 a
2414 1644 2567 1701 tergo
2593 1631 2861 1701 delphini,
2916 1632 2968 1685 id
2997 1632 3194 1696 tollite,
3224 1643 3278 1686 et
3301 1633 3473 1701 depo.

1905 1725 2020 1778 nite
2042 1740 2169 1779 cum
2200 1725 2324 1798 aliis
2356 1725 2712 1795 martyribus.

1982 1816 2117 1871 XLI.
2152 1817 2277 1871 Haec
2307 1832 2428 1871 cum
2455 1818 2701 1883 dixisset,
2744 1817 2810 1871 ad
2838 1818 3221 1887 imperatorem
3253 1818 3469 1872 Diocle-

1898 1910 2104 1963 tianum
2120 1910 2375 1971 ducitur;
2407 1920 2460 1965 et
2489 1911 2603 1979 ipse
2632 1911 2867 1980 primum
2886 1910 3106 1979 quidem
3136 1926 3260 1964 cum
3283 1912 3472 1978 eoagit

1896 2002 2127 2071 benigne
2141 2012 2200 2057 et
2218 2002 2672 2071 placide.Deinde
2700 2012 2925 2071 paratur
2944 2003 3241 2064 lavacrum,
3266 2013 3319 2057 et
3343 2013 3469 2056 ant».

1900 2093 2179 2147 lavacrum
2208 2109 2332 2147 ara:
2363 2110 2454 2148 ara
2495 2104 2677 2147 autem
2708 2104 2828 2148 erat
2874 2093 3163 2163 Apollinis.
3203 2094 3265 2146 Et
3304 2093 3466 2145 simul

1896 2184 2117 2253 quidem
2142 2185 2393 2239 lavantur
2426 2188 2725 2255 imperator
2754 2196 2809 2239 et
2832 2184 3335 2250 Arrianus.Egressi
3369 2200 3469 2237 an-

1900 2286 2007 2330 tem
2032 2290 2096 2329 ex
2132 2277 2373 2335 lavacro.
2402 2291 2527 2330 cum
2558 2291 2663 2329 ara:
2690 2276 3220 2344 appropinquassent
3246 2293 3259 2327 :
3289 2274 3472 2328 Sacri-

1902 2366 2027 2427 ﬁca,
2071 2383 2103 2420 o
2141 2367 2397 2429 Arriano,
2442 2367 2618 2435 inquit
2661 2367 3055 2431 Diocletianus,
3087 2367 3323 2419 maximo
3364 2365 3468 2419 den

1898 2459 2153 2527 Apollini.
2205 2459 2295 2513 Sic
2323 2459 2469 2513 enim
2495 2498 2510 2521 ,
2550 2467 2609 2510 ut
2642 2474 2738 2527 par
2759 2470 2844 2513 est
2866 2498 2881 2520 ,
2913 2459 3202 2513 exhilarati
3229 2498 3243 2517 .
3296 2458 3464 2511 alacri

1901 2549 2099 2602 deinde
2127 2549 2309 2603 animo
2333 2550 2618 2603 veniemus
2661 2549 2727 2601 ad
2772 2562 3008 2602 caenam.
3049 2548 3142 2602 llle
3178 2563 3309 2602 vero
3350 2564 3363 2600 :
3403 2549 3471 2602 Et

1901 2642 2179 2709 quomodo
2216 2654 2434 2708 possum
2488 2654 2609 2709 ego,
2660 2640 2859 2707 inquit,
2909 2653 2941 2692 ο
2986 2640 3301 2706 imperator,
3347 2648 3469 2705 post

1902 2746 1979 2789 tot
2006 2742 2061 2788 et
2090 2743 2237 2787 tanta
2264 2732 2467 2787 Christi
2500 2771 2513 2795 ,
2540 2732 2635 2801 qui
2676 2739 2758 2786 est
2794 2731 2939 2785 solus
2977 2731 3120 2786 Deus
3152 2730 3331 2792 vivus,
3358 2745 3467 2784 mi-

1901 2827 2106 2889 racula,
2145 2840 2377 2894 quorum
2433 2839 2541 2879 non
2580 2834 2707 2879 sunt
2735 2823 2925 2877 inanes
2953 2822 3147 2877 fabulae
3175 2831 3230 2876 et
3272 2837 3460 2876 rumo-

1901 2935 2012 2981 res,
2049 2918 2143 2974 sed
2174 2918 2274 2988 ipsi
2305 2917 2466 2971 nobis
2494 2916 2867 2971 testimonium
2898 2914 3251 2984 praebuerunt
3285 2914 3454 2969 oculi-

1901 3009 2176 3080 quomodo
2199 3026 2331 3081 ergo
2353 3025 2473 3079 ego,
2508 3010 2601 3077 qui
2635 3017 2712 3063 tot
2738 3017 2793 3063 et
2831 3017 2982 3061 tanta
3013 3006 3125 3060 vidi
3150 3046 3165 3070 ,
3195 3022 3320 3061 eum
3348 3007 3467 3076 qui-

1902 3103 2023 3156 dem
2051 3102 2378 3171 relinquam,
2417 3100 2735 3156 sacriﬁcabo
2768 3109 2950 3154 autem
2978 3099 3063 3153 his
3098 3098 3357 3153 inanimis
3411 3111 3468 3150 et

232 3187 597 3255 προσποίησις
629 3189 996 3257 Διοκλητιανῷ
1023 3189 1117 3239 καὶ
1154 3189 1216 3240 τὸ
1257 3194 1599 3259 προσωπεῖον
1632 3191 1797 3259 ὴλέγ-
1826 3216 1867 3271 C
1905 3208 1911 3245 1

1783 3221 1797 3232 -
1826 3216 1867 3271 ρ
1905 3194 2056 3245 ηυΙΙο
2085 3208 2247 3247 sensu
2278 3192 2554 3260 praeditis?
2588 3191 2688 3244 Hic
2712 3190 2816 3244 fuit
2850 3190 3189 3256 deprehensa
3233 3198 3289 3242 et
3326 3202 3462 3243 con-

234 3293 382 3343 χετο,
412 3280 506 3329 καὶ
525 3278 622 3347 τὴν
653 3279 969 3347 ιπίχριστον
1000 3279 1286 3349 πραότητα
1341 3281 1435 3331 καὶ
1465 3282 1561 3343 τὰς
1608 3281 1797 3345 δεξιώ-

238 3381 356 3427 σεις
384 3367 544 3428 εὐθὺς
578 3368 781 3429 ἀποδὺς
806 3371 895 3420 ἐπὶ
920 3368 988 3421 τὰ
1020 3369 1224 3439 συνήθη
1256 3372 1456 3439 μᾶλλον
1477 3371 1672 3441 ὲχὼρει
1709 3373 1801 3424 καί

232 3456 329 3509 τὸν
394 3458 675 3528 ’Δρριανὸν
730 3459 993 3523 τοιούτοις
1018 3462 1301 3530 ἠμείϐετο,
1337 3462 1555 3532 δεσμοῖς
1578 3464 1798 3533 χειρῶν,

237 3550 609 3611 καταπέλταις
658 3551 855 3613 ποδῶν,
904 3551 1176 3621 ὀρύγματι
1205 3553 1348 3606 κατὰ
1401 3555 1584 3606 πεδίου
1618 3554 1797 3624 βαθεῖ,

235 3639 400 3691 λίθων
430 3641 624 3708 πλήθει
650 3642 903 3708 μεγάλων
941 3644 1137 3711 κομιδῆ
1188 3644 1282 3695 καὶ
1307 3644 1619 3711 μυλοειδῶν.
1662 3645 1798 3696 Τού-

233 3746 350 3793 τοις
377 3733 487 3800 γὰρ
519 3732 939 3800 προσδεδεμένον
980 3733 1141 3784 αὐτὸν
1187 3734 1327 3785 κατὰ
1366 3734 1457 3785 τοῦ
1520 3737 1799 3804 χάσματος

234 3823 476 3884 ὤσαντες
502 3824 706 3876 ἄνωθεν
732 3822 1095 3892 ἐπεχὼννυον.

309 4000 438 4054 118⁸.
472 4001 626 4055 Μετὰ
650 4001 707 4053 δὲ
735 4002 831 4054 καὶ⁸
860 4001 1040 4063 αὐτὸς,
1071 3996 1160 4055 οἷα
1182 4002 1273 4055 τὸν
1297 4004 1490 4075 ἐχθρὸν
1514 4006 1673 4075 δῆθεν
1703 4026 1799 4061 καε-

234 4093 508 4156 ταόαλὼν,
534 4093 621 4145 τὸν
661 4093 850 4163 θρόνον
889 4094 1217 4163 ὑψηλότερον
1268 4097 1472 4167 τίθησι.
1507 4100 1663 4153 Καὶό
1702 4102 1798 4169 μὲν

240 4185 436 4252 σεμνὸς
462 4184 605 4252 μάλα
630 4184 839 4252 σεμνῶς
872 4182 1108 4251 ἐκάθητο
1128 4200 1144 4215 ο
1196 4188 1311 4247 τοῖς
1352 4190 1710 4256 στρατιώταις
1743 4193 1799 4242 ὁὶ

238 4276 457 4336 παίζειν
484 4275 777 4326 ἐπέταττεν
799 4272 1171 4342 ἐπιχλευάζων
1193 4275 1287 4327 καὶ
1310 4276 1604 4347 βλάσφημα
1627 4280 1800 4346 λέγων

239 4365 267 4415 ὁ
300 4363 532 4425 δείλαιος
554 4377 569 4391 ⁸
597 4363 721 4415 Ἵόω
750 4367 801 4413 τί
832 4363 993 4429 αὐτον
1040 4364 1225 4433 ὀνήσει
1250 4366 1507 4435 Χριστδς,
1533 4370 1627 4422 καὶ
1653 4372 1800 4435 ὅπως

237 4456 348 4524 ἄρα
381 4455 488 4506 τῶν
540 4454 687 4521 ἱμῶν
736 4454 997 4516 ὲξελεῖται
1052 4455 1275 4523 χειρῶν,
1314 4459 1497 4511 καὶτὰ
1520 4460 1739 4514 τοιαῦτα
1764 4463 1798 4531 ἡ

1903 3283 2043 3337 victa
2089 3284 2412 3365 Diocletiani
2454 3282 2758 3345 simulatio,
2787 3290 2842 3335 et
2867 3281 2988 3334 [icta
3010 3296 3173 3349 quam
3208 3280 3467 3333 induerat

1903 3386 2156 3438 persona,
2207 3380 2260 3424 et
2313 3385 2478 3439 quam
2533 3369 2638 3423 sibi
2703 3368 2939 3422 illive’rat
2987 3366 3463 3421 mansuetudinem

1901 3475 2105 3514 exuens
2136 3468 2193 3513 et
2222 3461 2634 3528 benignitatem,
2674 3459 2741 3514 ad
2781 3474 2934 3512 suam
2966 3459 3127 3513 rediit
3157 3470 3464 3514 consuetu-

1902 3552 2108 3614 dinem,
2141 3562 2197 3605 et
2245 3550 2333 3604 bis
2387 3550 2604 3618 excepit
2648 3550 2965 3605 Arrianum.
3006 3564 3200 3617 nempe
3231 3551 3466 3604 vinculis

1901 3655 2184 3704 manuum,
2207 3640 2501 3708 catapultis
2526 3639 2747 3707 pedum,
2776 3639 3044 3708 profunda
3074 3642 3124 3692 in
3148 3654 3278 3709 agro
3300 3640 3460 3699 fossa,

1901 3745 2220 3800 magnorum
2252 3740 2308 3783 et
2340 3731 2626 3783 molarium
2660 3730 2903 3798 lapidum
2936 3730 3334 3799 magnitudine.
3369 3731 3464 3786 His

1899 3824 2065 3885 enim,
2106 3837 2230 3876 cum
2260 3836 2384 3875 eum
2420 3822 2661 3876 vinctum
2696 3822 2984 3876 trusissent
3016 3821 3072 3876 in
3102 3821 3334 3889 hiatum,
3370 3823 3465 3877 dc-

1902 3929 2066 3981 super
2102 3913 2425 3967 obruebant.

1968 4004 2129 4059 XLII.
2168 4006 2359 4059 Postea
2390 4013 2571 4057 autem
2610 4005 2725 4074 ipse
2755 4020 2997 4074 quoque,
3033 4006 3207 4073 utqui
3234 4005 3464 4076 dejecis-

1900 4106 1986 4151 set
2025 4096 2328 4160 inimicum,
2364 4096 2623 4148 thronum
2661 4097 2814 4163 ponit
2848 4096 3222 4149 excelsiorem.
3262 4096 3327 4148 Et
3365 4098 3457 4152 ille

1902 4187 2121 4256 quidem
2160 4200 2385 4239 severus
2434 4200 2559 4238 cum
2592 4187 2856 4255 gravitate
2895 4186 3122 4241 sedebat
3155 4195 3211 4240 et
3256 4188 3464 4241 severi-

1905 4289 2014 4333 tate
2056 4277 2331 4346 :jubebat
2359 4287 2541 4330 autem
2589 4276 2789 4330 milites
2825 4290 2951 4329 eum
2997 4276 3287 4341 ludiﬁcari,
3324 4276 3455 4331 irri-

1902 4370 2038 4424 dens
2067 4369 2262 4433 miser,
2296 4374 2353 4421 et
2412 4368 2603 4421 dicens
2642 4368 2806 4435 impia
2850 4375 2906 4420 ct
2959 4368 3313 4435 blasphema:
3370 4369 3464 4420 Vi-

1902 4462 2059 4516 deam
2081 4502 2094 4523 ,
2132 4461 2327 4530 inquit,
2361 4460 2489 4528 quid
2516 4461 2565 4513 ei
2598 4461 2842 4526 proderit
2881 4461 3152 4521 Christus,
3188 4469 3244 4513 ct
3272 4474 3462 4528 quem-

238 4550 390 4610 κόνις
425 4549 457 4617 ἠ
487 4547 695 4613 σαπρία
732 4545 1185 4614 σοϐαρευόμενος.
1224 4548 1456 4602 Ἔπειτα
1507 4551 1599 4603 τοῦ
1631 4553 1798 4605 ἵππου
1834 4556 1917 4610 D:

1779 4574 1798 4605 θ
1834 4556 1877 4610 D
1905 4553 2196 4607 admodum
2236 4551 2487 4606 liberabit
2524 4565 2647 4603 eum
2695 4566 2724 4605 e
2769 4551 2903 4604 meis
2935 4549 3207 4613 manibus,
3254 4560 3310 4604 et
3339 4566 3409 4618 qu
3433 4571 3458 4599 ν

239 4637 466 4706 κομψῶς
498 4636 717 4698 ἐπιϐάς,
741 4635 900 4697 αὐτὸς
933 4636 1028 4704 μὲν
1054 4635 1307 4705 καθάπερ
1332 4655 1414 4700 τις
1443 4642 1698 4709 ἀριστεὺς
1718 4646 1796 4704 εἰς

235 4729 306 4778 τὰ
333 4724 579 4793 βασίλεια
612 4724 827 4792 ἡρχετο.
863 4722 928 4774 'll
955 4721 1013 4773 δὲ
1046 4721 1142 4774 τοῦ
1172 4721 1308 4775 Θεοῦ
1345 4726 1625 4791 οἰκονομία
1650 4727 1797 4788 ὅπως

236 4815 436 4885 ἀρίστη
466 4815 558 4866 καὶ
585 4813 672 4865 διὰ
697 4812 803 4864 τῶν
831 4812 1087 4865 ἐναντίων
1116 4812 1373 4865 όδεύουσα
1417 4814 1619 4882 μᾶλλον
1643 4814 1799 4877 δῆλον

238 4909 387 4978 αὐτῷ
424 4909 541 4976 μετ’
572 4907 634 4958 ού
666 4907 801 4958 πολὺ
829 4906 1060 4972 γίνεται.
1092 4906 1297 4958 Εῐσεισι
1328 4906 1425 4973 μὶν
1458 4910 1563 4975 γὰρ
1606 4911 1683 4968 εἰς
1708 4910 1799 4960 τὸν

239 5002 592 5055 κοιτωνίσκον
617 5001 644 5051 ό
676 4997 948 5067 βασιλεὺς,
977 4996 1119 5048 ὥστε
1176 4998 1371 5067 μικρόν
1411 5015 1463 5048 τι
1494 4998 1793 5051 ὁιαναπαύ
1836 5017 1851 5047 υ.

240 5090 438 5144 σασθαι
458 5106 472 5121 ο
509 5090 609 5159 ὁρᾷ
642 5089 697 5140 δὲ
726 5090 909 5156 θέαμα
936 5088 1181 5156 φρικτὸν,
1205 5081 1282 5156 (ὦ
1309 5088 1553 5139 Δέσποτα
1580 5092 1671 5141 καὶ
1698 5090 1799 5142 Ba.-

240 5182 389 5237 σιλεῦ
430 5181 685 5235 ἁπάντων
707 5179 935 5248 Χριστὶ,
978 5181 1073 5231 καί⁵
1110 5178 1274 5248 μόνης
1296 5180 1355 5231 ὃν
1394 5180 1491 5247 τῆς
1529 5180 1625 5247 σῆς
1662 5182 1798 5233 ἀπε-

243 5275 441 5343 ράντου
476 5272 572 5325 καὶ
631 5270 1061 5340 ἀνεξερευνητου
1089 5270 1371 5339 δυνάμεως
1394 5271 1435 5340 ,)
1480 5273 1643 5333 πόδας
1700 5273 1798 5340 μιν

239 5367 457 5424 ὲκείνας
517 5363 613 5415 καὶ
664 5360 843 5423 λίθους
904 5361 1023 5429 μεθ’
1072 5353 1146 5414 ὧν
1175 5361 1312 5413 κατὰ
1369 5360 1460 5414 τοῦ
1488 5362 1797 5429 ὀρύγματος

237 5453 448 5521 καθῆκε
501 5452 592 5503 τὶν
623 5452 873 5519 μάρτυρα
898 5453 966 5521 τῇ
1016 5449 1264 5520 βασιλικῇ
1298 5450 1452 5521 κλίνῃ
1484 5466 1797 5521 προσηρτη-

240 5546 436 5612 μένους
462 5559 475 5571 ο
508 5542 667 5594 αὐτὸν
701 5540 759 5593 δὲ
808 5539 1217 5610 ’Λρριανὺνὲπὶ
1248 5540 1344 5608 τῆς
1375 5541 1547 5607 αὐτῆς
1574 5541 1795 5593 ἀνακεί-

238 5651 403 5704 μενον
429 5633 615 5702 κλίνης
645 5632 738 5685 καὶ
768 5631 1060 5701 βασιλικῶς
1104 5632 1239 5700 αὐτῇ
1287 5632 1793 5700 ἐπαναπαυόμενον.

234 5726 477 5782 τοιαῦτα
510 5725 889 5794 Διοκλητιανὸς
942 5724 1067 5777 ίδὼν
1115 5723 1347 5793 θορύϐου
1409 5726 1504 5777 καὶ
1543 5724 1796 5794 δείματος

234 5819 531 5889 ιπληρώθη
571 5818 882 5887 τυραννίδος
932 5814 1177 5868 ἐπίθεσιν
1230 5810 1370 5869 εἶναι
1434 5817 1539 5869 τῶν
1589 5819 1648 5869 ἄν
1683 5820 1794 5878 τοίς

565 5914 831 5969 Parnm.
880 5912 993 5970 Gn.
1043 5906 1243 5972 (LXVI.

1899 4655 2028 4698 sunt
2061 4643 2282 4704 similia,
2320 4644 2497 4711 pulvis
2534 4642 2809 4695 marcidus
2839 4642 3139 4695 insolenter
3176 4643 3456 4709 iactitans.

1902 4736 2105 4789 Deinde
2138 4750 2262 4789 cum
2296 4750 2501 4803 equum
2530 4734 2766 4803 superbe
2798 4742 2855 4787 et
2893 4733 3131 4802 gloriose
3171 4733 3424 4787 ascendis

1902 4836 2004 4889 set,
2037 4827 2153 4895 ipse
2191 4825 2413 4895 quidem
2448 4836 2705 4892 tanquam
2736 4826 2832 4894 qui
2882 4824 3043 4877 fortia
3088 4833 3144 4878 et
3195 4824 3455 4892 praeclara

1898 4920 2177 4986 gessisset,
2209 4919 2359 4971 venit
2384 4917 2435 4970 in
2466 4917 2711 4985 regiam;
2755 4916 2849 4969 Dei
2886 4926 3068 4968 autem
3112 4915 3455 4982 providentia

1897 5023 2060 5075 quam
2106 5010 2177 5060 sit
2229 5006 2537 5069 ineﬂabilis,
2568 5018 2624 5059 et
2656 5016 2717 5059 ut
2754 5021 2850 5073 per
2899 5021 2962 5059 ea
3017 5005 3295 5073 procedat,
3337 5020 3457 5074 quae

1899 5107 2026 5153 sunt
2053 5100 2346 5159 contraria,
2379 5113 2485 5152 non
2514 5101 2685 5151 multo
2717 5109 2839 5166 post
2866 5095 3049 5149 evadit
3081 5098 3453 5149 manifestum.

1898 5188 2030 5243 Nam
2068 5189 2371 5257 ingreditur
2402 5187 2622 5256 quidem
2652 5189 2947 5255 imperator
2995 5187 3047 5238 in
3092 5187 3407 5240 cubiculum
3438 5226 3453 5249 ,

1899 5289 1957 5331 ut
2001 5280 2282 5347 paululum
2324 5278 2664 5347 requiescat;
2720 5279 2867 5331 videt
2908 5292 3040 5331 vero
3085 5280 3453 5344 spectaculum

1902 5368 2166 5429 terribile,
2205 5367 2260 5424 (ο
2309 5366 2535 5419 Domine
2582 5376 2637 5419 et
2684 5381 2777 5420 rex
2817 5367 3062 5420 omnium
3113 5364 3353 5428 Christe,
3400 5378 3456 5418 et

1897 5458 2044 5527 quod
2069 5468 2153 5511 est
2198 5458 2372 5511 solum
2424 5466 2527 5511 tuae
2573 5458 2818 5520 inﬁnite,
2872 5469 2928 5510 et
2972 5473 3094 5525 qua‘
3140 5456 3455 5525 investigari

1898 5565 2005 5604 non
2028 5558 2205 5617 potest
2233 5548 2533 5617 potentiae.)
2558 5563 2755 5616 nempe
2783 5548 2903 5601 illos
2926 5547 3141 5616 quidem
3165 5546 3455 5615 compedes

1897 5653 1954 5695 et
1983 5641 2211 5708 lapides,
2246 5654 2370 5693 cum
2401 5640 2604 5708 quibus
2650 5640 2704 5692 in
2750 5639 2946 5693 iussam
2975 5638 3269 5691 demiserat
3312 5654 3456 5689 mar-

1901 5740 2092 5799 tyrem.
2128 5730 2269 5784 lecto
2300 5744 2569 5798 appensos
2606 5731 2994 5799 imperamrio:
3040 5729 3215 5797 ipsum
3270 5738 3451 5782 autem

1904 5824 2189 5874 Arrianum
2236 5824 2505 5890 iacentem
2574 5823 2628 5875 in
2684 5822 2876 5876 eodem
2927 5822 3135 5880 cubili,
3189 5828 3245 5873 et
3305 5836 3455 5887 rega-

3104 5908 3166 5969 18
