4252 6440
837 370 941 429 555
2057 363 2337 425 MENSIS
2380 365 2806 428 DECEMBER.
3971 373 4078 435 556

835 479 961 532 liter
1010 476 1060 529 ln
1103 489 1168 528 eo
1216 474 1610 542 quiescentem.
1645 470 1769 526 Hazc
1831 486 1954 526 cum
2009 473 2239 528 vidisset
2272 474 2396 528 Dio-
2425 478 2514 545 Αε

2425 489 2470 543 Α
2503 475 2972 545 βασιλείοις.τινὸς
3019 477 3283 546 οἰόμενος.
3329 477 3482 531 Ἑσόα
3523 481 3618 534 οὖν
3665 480 3758 534 καὶ
3789 481 4081 535 συνεκάλει

836 569 1124 629 eletianus,
1188 563 1294 617 fuit
1331 562 1692 618 conturbatus
1743 571 1800 616 et
1849 561 2168 627 exterritus,
2215 564 2400 617 exi:ti-
2497 585 2515 618 ἰ

2497 567 2623 629 τοὺς
2645 567 3011 637 βοηθήσοντας
3037 586 3046 596 ·
3081 567 3362 638 ’Λῤῥιανδς
3385 567 3463 634 δὲ,
3489 570 3581 640 Μὴ
3605 570 3862 641 θορυῦοὖ,
3887 573 4082 641 πράως

839 676 991 714 mans
1038 659 1273 726 aliquem
1332 655 1494 710 exiis
1542 654 1635 723 qui
1661 654 1899 707 erantin
1929 654 2096 724 regia,
2142 655 2401 710 invadere
2499 661 2518 711 ὀ

2499 661 2605 711 ἀπὸ
2629 659 2726 728 τῆς
2756 659 2944 730 κλίνης
2990 660 3140 730 αὑτῷ
3173 662 3538 734 ὑπερεφώνει,
3583 665 3758 726 οὐδεὶς
3799 665 4080 730 suavia-.1;

836 748 1201 821 tyrannidem.
1227 744 1510 802 Clamabat
1539 745 1723 813 itaque
1741 752 1796 798 et
1820 746 2159 798 convocabat
2185 760 2284 799 eos
2305 745 2397 815 qui
2497 767 2515 802 σι

2497 750 2607 803 τῶν
2634 750 2738 803 ὑπὸ
2754 753 2936 823 χεῖρα,
2960 752 3068 805 οὐδ’
3093 753 3354 826 ἐπιϐουλή
3372 772 3455 818 τις
3479 756 3767 825 εἴργασται
3792 759 3938 809 κατά
3961 756 4081 821 σοῦ,

835 850 1020 897 essent
1052 855 1210 909 opem
1247 838 1445 903 laturi;
1487 837 1750 890 Arrianus
1787 852 1918 890 vero
1942 837 1992 891 ei
2029 836 2225 890 leniter
2258 837 2395 890 dixit
2497 841 2514 892 ὲ

2497 841 2610 893 ἀλλ’
2640 841 2751 908 ἐγώ
2788 860 2868 895 σοι
2901 845 3112 908 ἐκεῖνος
3145 845 3434 917 Ἀρριανὸς
3485 849 3512 900 ὁ
3546 846 3770 917 ἡγεμὼν
3804 847 4083 916 Θηϐαΐδος

833 950 864 987 e
897 935 1039 988 lecto
1069 947 1082 983 :
1107 931 1184 985 Ne
1212 927 1582 991 conturberis;
1616 941 1774 979 nemo
1808 942 1874 979 ex
1906 927 1970 980 iis
2004 926 2096 993 qui
2129 935 2257 980 sunt
2290 936 2395 979 tu.e
2494 931 2512 983 ε

2494 931 2553 985 ὃν
2576 933 2654 994 είς
2679 935 2740 985 τὸ
2762 933 2950 1003 χάσμα
2984 935 3184 1005 βαλὼν,
3213 938 3462 1006 ’ίδωμεν,
3486 938 3692 1004 ἔλεγες,
3717 941 3766 992 εί
3800 942 4085 1009 τῶνὲμῶν

836 1023 1064 1093 subjecti
1111 1021 1389 1089 potestati,
1445 1017 1712 1069 adversus
1771 1025 1821 1069 te
1872 1015 2187 1077 insurrexit.
2219 1032 2397 1086 neque
2498 1038 2515 1072 ι

1872 1015 2187 1077 insurrexit.
2219 1032 2397 1086 neque
2498 1020 2660 1075 αὑτὸν
2693 1021 2960 1086 ὲξελεῖται
2995 1028 3192 1097 χειρῶν
3222 1030 3251 1081 δ
3284 1030 3541 1099 Χριστός.

840 1123 959 1175 υιιιρ
1003 1119 1102 1173 tibi
1139 1124 1267 1171 sunt
1314 1111 1796 1184 parataeinsidim;
1854 1113 1947 1167 sed
1976 1128 2075 1182 ego
2105 1128 2224 1167 sum
2262 1113 2350 1167 ille
2389 1115 2674 1183 Arrianus,
2711 1120 3009 1177 Thebaidis
3046 1133 3400 1191 procurator,
3436 1142 3600 1195 quem
3624 1143 3747 1182 cum
3780 1128 3835 1183 in
3857 1140 4081 1185 vastum

838 1216 992 1268 illum
1059 1210 1239 1282 jecisti
1307 1209 1538 1271 hiatum,
1577 1206 1889 1270 Videamus,
1919 1206 2161 1268 dicebas,
2188 1220 2254 1258 an
2284 1206 2536 1264 Christus
2590 1212 2767 1280 ipsum
2796 1229 2825 1267 a
2852 1214 2992 1269 meis
3028 1215 3288 1272 liberabit
3317 1220 3586 1273 manibus.

911 1308 1098 1364 XLIII.
1132 1307 1362 1374 Propter
1398 1305 1512 1358 hmc
1546 1301 1919 1356 Diocletianus
1951 1299 2053 1353 fuit
2083 1301 2266 1355 animo
2297 1303 2395 1356 ob-
2564 1307 2590 1359 ἢ

2564 1307 2697 1360 Ml".
2737 1309 2878 1377 Πρὸς
2905 1309 3081 1362 ταῦτα
3104 1312 3490 1381 Διοκλητιανὸς
3515 1313 3793 1382 ἐξεπλάγη
3833 1314 3937 1384 τὴν
3971 1316 4081 1384 ψυ-

837 1402 1201 1473 stupefactus,
1233 1411 1521 1466 sermoque
1545 1395 1645 1449 fuit
1672 1395 1722 1449 ei
1752 1394 2069 1463 impeditus,
2118 1404 2174 1447 et
2220 1409 2395 1462 neque
2495 1416 2516 1466 χ

2495 1396 2617 1466 χὴν,
2659 1399 2965 1471 ὲπεσχέσθη
3028 1401 3088 1454 τὸ
3120 1401 3364 1470 φθέγμα,
3389 1405 3483 1456 καὶ
3533 1406 3653 1457 οὐδὲ
3710 1406 3896 1475 φωνὴν
3925 1409 4080 1476 ὅμως

843 1513 1027 1549 \ocent
1058 1493 1277 1562 quidem
1326 1489 1550 1543 omnino
1585 1496 1798 1558 poterat
1828 1486 2100 1540 emittere.
2139 1485 2237 1538 Vix
2281 1495 2398 1539 tan-
2495 1505 2522 1539 τι

2395 1516 2398 1525 ν
2495 1489 2758 1559 προέσθαι
2782 1491 3006 1555 δυνατὸς
3028 1486 3115 1560 ἦν.
3153 1492 3403 1562 Βραδέως
3431 1495 3490 1546 δὲ
3538 1498 3632 1548 καὶ
3658 1496 3814 1565 μόλις
3845 1501 4074 1566 ἀνενεγ-

840 1592 959 1640 dem
990 1586 1056 1641 ad
1085 1600 1142 1639 se
1171 1583 1404 1640 rediens.
1441 1581 1585 1635 foras
1626 1579 1921 1650 processit,
1951 1579 2143 1632 timore
2179 1587 2398 1646 pertur-
2494 1595 2519 1630 κ

2397 1610 2398 1615 η
2494 1577 2604 1630 κὼν
2632 1578 2733 1643 ἔξω
2765 1595 2823 1630 τε
2868 1578 3128 1649 περιδεὴς
3176 1578 3373 1648 ἐχώρει
3404 1581 3496 1632 καὶ
3542 1581 3672 1650 βοῆς
3701 1581 3771 1633 τὰ
3823 1582 4076 1650 βασίλεια

845 1684 1021 1742 batus,
1051 1689 1107 1732 et
1145 1678 1380 1730 clamore
1429 1674 1669 1742 implevit
1709 1674 1912 1740 regiam
1959 1689 1971 1723 :
2011 1669 2054 1724 Ο
2089 1670 2394 1738 improbam
2497 1668 2520 1718 ὲ

2497 1668 2901 1738 ὲνεπίπ>.α,Τῆς
2926 1669 3303 1739 κακοτεχνίας,
3328 1669 3523 1737 λέγων,
3545 1671 3643 1740 τῆς
3666 1672 3921 1740 γοητείας
3946 1673 3958 1723 l
3987 1673 4075 1724 οὑ-

841 1783 1038 1834 artem,
1074 1769 1285 1830 dicens,
1318 1783 1349 1820 ο
1389 1765 1687 1835 praestigias
1721 1763 1733 1815 ί
1773 1779 1934 1816 nemo
1977 1764 2258 1823 hucusque
2291 1763 2397 1815 tale
2432 1759 2520 1859 BG

2393 1784 2397 1811 ι
2432 1800 2472 1859 Β
2497 1759 2583 1812 δὲν
2604 1759 2816 1813 οὐδέπω
2844 1759 3102 1814 τοσοῦτον
3135 1762 3445 1830 εἴργασται,
3478 1762 3574 1815 καὶ
3617 1762 3796 1815 πολλά
3840 1761 4072 1815 τοιαῦτα

841 1865 972 1930 quid
1003 1862 1149 1925 fecit;
1175 1871 1228 1914 et
1254 1858 1453 1912 multas
1473 1854 1738 1926 ejusmodi
1765 1854 1952 1909 dicens
1975 1870 2166 1922 nugas.
2195 1854 2398 1908 Deinde

838 1955 1004 2008 etiam
1044 1951 1236 2021 majori
1274 1954 1350 2003 ira
1378 1964 1662 2012 accensus,
1681 1947 1840 2016 jussit
1869 1947 2050 2001 statim
2075 1961 2290 2000 saccum
2314 1945 2397 1998 af-

842 2044 1000 2106 Ierri,
1035 2042 1088 2095 in
1120 2057 1228 2110 quo
1255 2050 1400 2093 esset
1428 2037 1647 2106 quidem
1679 2051 1866 2099 arena,
1893 2035 1986 2090 sed
2020 2051 2128 2088 non
2157 2044 2300 2089 esset
2334 2049 2398 2089 ea

842 2137 1054 2204 plenus,
1079 2134 1188 2188 imo
1205 2143 1348 2186 esset
1366 2146 1554 2200 magna
1574 2146 1638 2184 ex
1661 2140 1810 2199 parte
1828 2144 2054 2193 vacuus,
2083 2139 2142 2182 ut
2159 2129 2399 2198 pondere

839 2227 1084 2298 quidem,
1119 2226 1318 2286 aiebat,
1354 2239 1531 2278 arenae
1563 2222 1818 2278 deorsum
1848 2222 2095 2276 trahatur
2138 2239 2152 2275 :
2203 2237 2269 2276 eo
2303 2239 2399 2276 au-

839 2336 971 2386 tem,
1017 2323 1162 2391 quod
1215 2331 1300 2375 est
1345 2333 1601 2382 vacuum,
1653 2318 1916 2385 suscipiat
1951 2317 2285 2384 Arrianum;
2344 2318 2397 2370 in

837 2430 998 2484 quem
1027 2415 1284 2482 injectum
1326 2412 1482 2482 jubet
1510 2426 1634 2465 cum
1667 2409 1866 2463 dimitti
1899 2411 1952 2463 in
1984 2409 2092 2463 alto
2122 2409 2278 2463 mari.
2310 2409 2397 2462 ln-

839 2505 995 2556 terim
1030 2519 1160 2556 vero
1205 2511 1546 2570 protectores
1589 2514 1830 2569 quoque,
1859 2509 1918 2551 ut
1963 2514 2195 2567 quorum
2230 2499 2396 2552 animi

839 2597 1020 2664 priore
1069 2595 1333 2649 miraculo
1387 2603 1572 2647 essent
1619 2592 1775 2654 moti,
1823 2592 2154 2645 conﬁtentur
2187 2606 2246 2644 se
2280 2606 2399 2645 esse

834 2688 1208 2751 Christianos,
1243 2697 1298 2740 et
1332 2685 1652 2740 accedentes
1685 2683 1751 2737 ad
1785 2683 2179 2738 Diocletianum
2209 2697 2222 2734 :
2256 2680 2398 2747 Qua-

839 2797 963 2835 nam
1011 2781 1078 2834 de
1126 2794 1313 2842 causa,
1361 2777 1601 2839 aiebant,
1637 2776 1936 2840 hominem,
1969 2776 2063 2843 qui
2095 2774 2230 2827 nihil
2267 2773 2395 2826 mali

841 2872 1059 2939 quidem
1085 2871 1235 2932 fecit,
1273 2871 1381 2922 imo
1411 2884 1541 2922 vero
1567 2869 1679 2922 Deo
1709 2882 1843 2921 vero
1869 2875 1954 2920 est
1993 2867 2318 2935 conjunctus
2345 2874 2398 2918 et

837 2963 1141 3026 familiaris,
1173 2971 1229 3015 et
1254 2978 1348 3030 per
1377 2961 1555 3029 ipsum
1595 2975 1706 3013 non
1734 2972 1907 3027 pauca
1937 2957 2066 3011 fecit
2101 2957 2388 3020 miracula,

838 3058 975 3109 adeo
1003 3063 1061 3108 ut
1091 3070 1282 3108 omnes
1314 3054 1405 3122 qui
1453 3055 1502 3106 ei
1557 3052 1671 3106 Deo
1713 3049 2086 3110 crediderunt.
2120 3048 2397 3102 conﬁdant

2502 1852 2696 1920 λέγων.
2731 1848 2861 1904 Εἶτα
2887 1853 3143 1922 καὶπρὸς
3170 1854 3394 1923 μείζονα
3433 1855 3602 1924 θυμὸν
3634 1855 3895 1924 ἐξαφθεὶς
3934 1857 4071 1908 σάκο

2501 1960 2594 1995 κον
2650 1943 2808 2006 εὐθὺς
2874 1946 3133 1999 ἐπέταττε
3195 1948 3526 2016 κομισθῆναι
3556 1947 3785 2017 ψάμμον
3837 1948 4067 2015 ἔχοντα,

2502 2033 2640 2102 πλὴν
2664 2036 2723 2086 οὐ
2763 2036 2984 2103 μεστὸν,
3017 2037 3134 2090 ἀλλ’
3161 2039 3408 2108 ἐπιχειλῆ
3439 2040 3535 2092 καὶ
3569 2039 3844 2102 διάκενον,
3872 2041 3961 2092 ἵνα
3992 2041 4068 2108 τῷ

2502 2125 2599 2194 μὲν
2621 2127 2770 2194 ἄχθει
2800 2127 2898 2194 τῆς
2950 2130 3200 2198 ψάμμου,
3235 2131 3389 2200 φησὶ,
3441 2132 3797 2202 καθέλκηται,
3836 2133 3915 2203 τῷ
3948 2133 4066 2184 δια-

2499 2218 2639 2286 κένῳ
2661 2217 2713 2268 δὲ
2747 2219 2837 2271 τὸν
2891 2221 3181 2290 ’Λρῤιανὸν
3212 2223 3564 2293 ὑποδέχηταιο
3716 2224 4068 2294 ἐμϐληθέντα

2499 2310 2832 2379 προσωτέρω
2878 2312 3154 2383 θαλάσσης
3209 2314 3555 2385 ἐπέσκηπτεν
3610 2316 3906 2386 ἀφεθῆναι.
3980 2316 4070 2369 Ἑν

2498 2399 2670 2468 τούτῳ
2720 2400 2776 2452 δὲ
2813 2402 2907 2454 καὶ
2955 2402 3004 2455 οί
3059 2404 3464 2474 προτέκτωρες,
3491 2403 3580 2458 οἶα
3620 2408 3695 2477 τῷ
3731 2407 4066 2476 προλαϐόντι

2500 2491 2810 2560 αἵματιτάς
2841 2492 3016 2562 ψυχὰς
3041 2496 3497 2565 προκεκινημένοι
3529 2499 3896 2567 Χριστιανοὺς
3938 2499 4068 2551 ἑαυ-

2498 2582 2622 2643 τοὺς
2652 2582 3061 2651 ἀνομολογοῐωι,
3096 2587 3186 2637 καὶ
3238 2587 3629 2658 προσελθόντες
3662 2589 4066 2658 Διοκλητιανῷ.

2500 2671 2661 2724 "Oreo
2693 2672 2872 2742 χάριν,
2905 2671 3076 2738 εἷπον,
3103 2676 3389 2747 ἄνθρωπον
3418 2679 3722 2732 οὐδ’ὀτιοῦν
3751 2682 3850 2749 μὲν
3876 2682 4069 2748 ἀδική-

2501 2780 2690 2826 σαντα,
2716 2764 2835 2832 Θεῷ
2863 2765 2916 2815 δὲ
2951 2769 3150 2834 μᾶλλον
3175 2770 3399 2837 ἀψευδεῖ
3443 2773 3941 2839 προσοικειωθέντα
3969 2778 4066 2825 καὶ

2496 2854 2560 2906 δι’
2587 2856 2750 2907 αὑτοῦ
2781 2857 3060 2925 θαυμάσια
3118 2861 3218 2913 οὐκ
3271 2849 3430 2930 ὀλίγα
3487 2865 3860 2931 ὲνηργηκότα.
3918 2865 4065 2917 ὥστε

2497 2945 2718 3016 θαρρεῖν
2745 2947 2986 3011 ἅπαντας
3018 2951 3145 3014 τοὺς
3178 2953 3296 3021 Θεῷ
3338 2954 3564 3023 τοιούτῳ
3620 2958 4066 3018 πεπιστευκότας

2496 3033 2595 3095 ὃτι,
2629 3033 2730 3087 κᾶν
2758 3036 3019 3089 ἀποθάνοι
3045 3056 3148 3102 τις,
3183 3039 3428 3109 ζήσεται,
3464 3043 3564 3094 κᾶν
3589 3043 3645 3094 ἐν
3677 3045 3855 3114 βόθρί⁵
3887 3046 4064 3117 βληθῇ

837 3146 983 3216 quod
1035 3146 1247 3199 etiamsi
1297 3142 1422 3212 quis
1464 3152 1712 3197 mortuus
1756 3141 1940 3205 fuerit,
1976 3141 2142 3204 vivet,
2189 3141 2289 3193 etsi
2339 3139 2388 3192 in
2423 3146 2463 3202 c
2498 3141 2516 3175 ³

2384 3146 2463 3202 ,ο
2498 3125 2796 3216 καὶηλίθοις
2859 3131 3212 3200 καταχωσθῇ,
3275 3135 3384 3185 κᾶν
3443 3135 3705 3188 ὑποκάτω
3771 3140 4063 3207 πετρῶνῆ

838 3242 1038 3294 fossam
1071 3238 1236 3290 fuerit
1269 3238 1565 3304 projectus,
1593 3233 1802 3287 etiamsi
1835 3231 2107 3299 lapidibus
2135 3230 2392 3295 obrutus,

835 3329 1051 3385 etiamsi
1083 3330 1153 3383 sit
1182 3329 1285 3381 sub
1317 3327 1507 3392 petris,
1546 3324 1760 3378 etiamsi
1793 3323 1976 3376 omnia
2018 3321 2181 3375 simul
2228 3321 2394 3376 fut-rit

838 3436 1030 3490 passus
1064 3419 1272 3490 gravia,
1309 3417 1482 3487 possit
1520 3430 1714 3469 rursus
1750 3412 1957 3468 servari
1987 3429 2052 3467 ex
2083 3412 2339 3466 omnibus
2379 3430 2391 3465 :

836 3529 934 3566 cur
962 3528 1088 3566 eum
1119 3521 1373 3578 tanquam
1406 3507 1715 3561 maleﬁcum
1750 3506 2062 3575 quempiam
2085 3503 2299 3572 jussisti
2340 3503 2392 3554 in

838 3618 985 3659 mare
1014 3603 1218 3672 dejici?
1247 3601 1383 3656 Cum
1418 3599 1537 3668 ipso
1562 3613 1692 3668 ergo
1728 3611 1829 3650 nos
1857 3610 2075 3666 quoque
2097 3609 2197 3648 nos
2249 3594 2394 3663 ipsos

835 3695 1160 3765 prebemus,
1187 3701 1245 3747 et
1278 3705 1556 3762 rogamus,
1587 3698 1647 3744 ut
1667 3687 1914 3743 eamdem
1944 3694 2198 3749 mortem,
2233 3700 2393 3754 quam

836 3791 971 3856 ipse,
1002 3785 1313 3840 subeamus.
1339 3782 1627 3836 Credimus
1657 3779 1802 3834 enim
1835 3778 2002 3832 Deum
2028 3776 2270 3839 Arriani,
2300 3775 2392 3842 qui

846 3893 972 3932 cum
1002 3877 1189 3932 eduxit
1215 3891 1280 3929 ex
1306 3872 1574 3945 profundo
1605 3881 1780 3934 terrae,
1816 3876 1870 3923 et
1900 3868 2161 3928 vinculis,
2193 3875 2249 3920 et
2275 3875 2396 3918 tan-

838 3975 905 4025 tis
937 3970 1237 4039 lapidibus.
1275 3981 1431 4036 posse
1474 3979 1577 4019 nos
1624 3977 1842 4033 quoque
1893 3960 2186 4023 suscitare,
2230 3967 2284 4011 et
2325 3959 2389 4010 nul

835 4063 1093 4130 optimam
1124 4061 1290 4113 vitam
1320 4057 1602 4110 traducere
1626 4063 1683 4108 et
1712 4054 1870 4122 longe
1901 4051 2292 4105 beatissimam.

909 4151 1094 4205 XLIV.
1150 4148 1229 4203 Ad
1291 4148 1405 4201 haec
1468 4146 1558 4199 ille
1616 4143 1908 4196 admodum
1963 4140 2166 4193 ironice
2217 4159 2228 4192 :
2283 4138 2393 4206 Ego

841 4244 1006 4297 etiam
1036 4240 1210 4310 prius,
1239 4237 1438 4305 inquit,
1480 4233 1699 4303 quando
1742 4245 1962 4287 eramus
1992 4230 2235 4299 ejusdem
2272 4244 2395 4282 sen—

839 4333 1044 4396 tentia,
1074 4341 1130 4384 et
1157 4330 1322 4384 eratis
1354 4326 1607 4387 studiosi,
1646 4335 1705 4377 ut
1729 4338 1815 4376 me
1843 4319 2231 4381 observaretis,
2272 4321 2394 4370 nul-

837 4430 966 4489 lam,
993 4433 1055 4478 ut
1084 4422 1260 4482 scitis,
1283 4429 1516 4474 vestram
1545 4416 1719 4486 repuli
1749 4414 2094 4485 petitionem,
2125 4411 2218 4466 sed
2247 4426 2393 4464 sem-

2496 3216 2667 3284 ὁρέων
2690 3215 2745 3289 ᾗ.
2778 3221 2882 3272 κᾶν
2909 3221 3043 3290 ὁμοῦ
3077 3223 3236 3276 πάθοι
3276 3226 3343 3278 τὰ
3370 3226 3519 3279 δεινὰ
3548 3227 3790 3291 ἅπαντα,
3835 3230 4066 3284 δυνατὸν

2497 3308 2646 3378 αὐτῴ
2673 3311 2837 3363 πάλιν
2870 3313 2932 3363 ἑκ
2956 3314 3172 3367 πάντων
3208 3316 3598 3384 ἀνασωθῆναι·
3645 3320 3734 3372 διὰ
3758 3323 3807 3372 τί
3839 3323 3903 3390 δὴ
3940 3325 4065 3376 τοῦ-

2496 3416 2586 3451 τιιν
2610 3401 2798 3472 ὥσπερ
2825 3405 2946 3456 τινὰ
2977 3405 3083 3456 τῶν
3118 3403 3442 3475 κακούργων
3485 3410 3754 3479 ἀφεθῆναι
3783 3416 3927 3466 κατὰ
3971 3415 4066 3468 θα-

2497 3491 2698 3561 λάσσης
2723 3495 3044 3559 ἐκέλευσας,
3080 3497 3183 3548 Σὺν
3215 3499 3363 3567 αὐτῷ
3391 3496 3483 3554 οὖν
3515 3503 3610 3554 καὶ
3635 3505 3792 3572 ηρ.εῇ
3825 3508 4057 3569 ἑαυτοὺς

2499 3583 2912 3654 ὲμπαρέχομεν,
2938 3587 3180 3653 δεόμενοι
3204 3588 3292 3641 τὸν
3313 3590 3425 3642 ἴσον
3450 3593 3641 3661 ἐκείνῳ
3665 3593 3896 3648 θάνατον
3921 3599 4058 3651 bno-

2498 3673 2705 3742 στῆναι.
2739 3673 3073 3743 Πιστεύομεν
3106 3677 3214 3748 γὰρ
3245 3679 3320 3740 ὡς
3351 3682 3378 3732 ὁ
3406 3680 3695 3751 Ἀρῤιανοῦ
3728 3684 3860 3747 Θεὸς
3886 3691 3913 3739 ό
3937 3689 4061 3742 τοῦ·

2495 3781 2584 3816 τον
2607 3766 2669 3816 ὲκ
2709 3764 2878 3833 μυχοῦ
2909 3766 3006 3833 γῆς
3031 3768 3123 3818 καὶ
3158 3769 3373 3838 δεσμῶν
3396 3772 3491 3825 καὶ
3525 3773 3689 3827 λίθων
3719 3777 4058 3847 τηλικούτων

2496 3856 2800 3922 ἐξαγαγὼν,
2853 3857 3014 3920 αὐτὸς
3057 3859 3281 3923 δυνατὸς
3326 3863 3478 3915 ἔσται
3513 3867 3728 3929 πάντως
3777 3871 3874 3922 καὶ
3906 3874 4056 3939 ἡμᾶς

2495 3947 2795 4014 ἀναστῆσαι
2831 3949 2923 4000 καὶ
2955 3951 3032 4012 είς
3073 3953 3358 4021 κρείττονα
3387 3955 3535 4025 ζωὴν
3566 3959 3660 4010 καὶ
3698 3964 4058 4031 μακαριωτά-

2494 4055 2595 4103 την
2622 4042 2938 4107 ἀναγαγεῖν.

2565 4132 2692 4184 ΜΔ’.
2727 4134 2866 4198 Πρὸς
2900 4133 3071 4186 ταῦτα
3103 4137 3239 4205 μετά
3272 4138 3477 4206 πολλῆς
3505 4142 3714 4205 ἐκεῖνος
3759 4144 3860 4213 τῆς
3891 4148 4058 4214 είρωο

2494 4226 2662 4287 νείας,
2704 4226 2843 4292 Ἐγὼ
2873 4228 2968 4279 xal
3003 4229 3291 4300 πρότερον,
3331 4229 3504 4294 εἶπεν,
3556 4235 3716 4302 ἡνίκα
3743 4236 3844 4303 τῆς
3882 4240 4057 4308 αὐτῆς

2495 4316 2835 4368 ἑκοινωνείτέ
2864 4335 2953 4385 μοι
2988 4316 3215 4386 γνώμης
3268 4320 3359 4370 καὶ
3385 4322 3512 4388 περὶ
3539 4323 3639 4389 τὴν
3686 4325 3829 4392 ιμὴν
3857 4327 4055 4379 ἐσπου-

2495 4406 2684 4468 δάζετε
2739 4406 3055 4477 θεραπείαν,
3100 4411 3201 4462 οὐκ
3255 4410 3501 4478 ἀγνοεῖτε
3545 4415 3764 4477 πάντως
3821 4417 3897 4479 ώς
3931 4418 4054 4471 οὺδὶ

836 4531 934 4584 per
963 4529 1058 4568 vos
1086 4511 1362 4572 exaudiri,
1387 4520 1442 4562 et
1474 4518 1532 4562 ut
1563 4518 1714 4577 pater
1765 4506 1998 4558 ﬁliorum
2029 4543 2044 4569 ,
2093 4503 2170 4556 sic
2221 4501 2390 4555 vestri
2427 4490 2466 4544 υ
2499 4515 2515 4565 ι

2377 4501 2390 4552 i
2427 4490 2466 4544 D
2499 4499 2629 4565 μίαν
2657 4498 2765 4549 τῶν
2789 4498 3068 4567 ὑμετέρων
3099 4499 3387 4568 διωσάμην
3406 4504 3697 4570 αίτήσεων,
3734 4506 3852 4557 ἀλλ’
3915 4509 4055 4579 ἐπή-

836 4621 1027 4660 curam
1055 4605 1218 4672 gessi.
1255 4601 1398 4667 Quin
1425 4601 1589 4653 etiam
1624 4614 1768 4650 nunc
1794 4611 2038 4664 quoque,
2069 4595 2170 4665 etsi
2204 4595 2257 4646 in
2289 4608 2387 4662 pa-

838 4698 972 4750 trios
1005 4695 1138 4749 deos
1168 4693 1342 4762 impii,
1373 4700 1431 4745 et
1456 4691 1511 4744 in
1542 4704 1643 4742 nos
1673 4687 1920 4742 inﬁdeles
1945 4684 2286 4748 cxstiteritis,
2324 4697 2393 4735 ne

837 4788 918 4843 sic
950 4787 1170 4854 quidem
1199 4797 1297 4838 vos
1337 4780 1615 4851 repellam.
1643 4778 1745 4833 Sed
1769 4776 2029 4847 quoniam
2052 4775 2218 4830 sititis
2246 4789 2390 4827 eam-

833 4878 963 4931 dem
1008 4882 1277 4936 mortem,
1315 4885 1477 4941 quam
1531 4869 1816 4928 Arrianus,
1869 4880 1967 4935 ego
2013 4879 2130 4919 eam
2173 4877 2391 4932 quoque

836 4968 995 5022 vobis
1019 4964 1316 5020 concedam
1354 4959 1731 5016 libentissime.
1783 4957 2133 5027 Theotychus
2163 4963 2342 5009 autem
2373 4993 2388 5014 .

837 5062 929 5129 qui
966 5068 1082 5112 erat
1109 5057 1320 5126 primus
1349 5055 1588 5116 illorum,
1619 5051 1898 5120 excipiens
1928 5067 1940 5104 :
1975 5050 2137 5112 Deus,
2175 5046 2387 5115 inquit,

830 5169 866 5204 ο
896 5153 1210 5221 imperator,
1243 5148 1307 5201 ad
1333 5161 1492 5216 quem
1528 5145 1841 5214 migramus,
1867 5153 1922 5196 et
1948 5143 2000 5194 in
2029 5155 2189 5210 quem
2223 5140 2389 5192 resol-

835 5246 1015 5295 vitnur
1049 5259 1064 5294 :
1094 5243 1186 5309 qui
1239 5238 1398 5293 nobis
1438 5252 1633 5290 nomen
1669 5234 1899 5304 praebuit
1946 5229 2287 5292 admirabile,
2334 5238 2389 5281 et

833 5338 920 5390 cui
956 5335 1158 5405 placuit
1190 5343 1246 5386 ut
1279 5346 1380 5386 nos
1415 5341 1644 5384 mortem
1677 5344 1774 5398 pro
1803 5342 1869 5381 co
1900 5326 2230 5384 subiremus.
2266 5322 2382 5391 ipse

835 5444 888 5483 te
919 5425 1356 5480 remunerabitur
1401 5438 1498 5492 pro
1536 5422 1742 5475 meritis
1773 5428 1877 5471 tum
1916 5417 1968 5469 in
2005 5430 2104 5470 nos
2148 5413 2390 5467 aﬁ‘ectio-

835 5515 924 5568 nis
950 5531 966 5573 ;
1002 5514 1096 5569 sed
1132 5514 1176 5566 si
1203 5514 1306 5566 hoc
1328 5527 1548 5580 quoque
1573 5525 1600 5563 a
1633 5519 1682 5563 te
1713 5519 1891 5578 potest
1922 5506 2227 5574 impetrari,
2258 5519 2389 5572 rogo

835 5617 906 5668 te,
947 5620 981 5658 ο
1020 5605 1331 5673 imperator,
1363 5613 1420 5656 ut
1449 5618 1597 5654 meas
1648 5600 1933 5653 facultates
1963 5597 2126 5649 liceat
2160 5595 2214 5648 in
2249 5595 2385 5648 duas

832 5703 1015 5761 partes
1049 5694 1307 5760 dividere,
1327 5705 1382 5748 et
1411 5709 1515 5746 una
1542 5693 1761 5762 quidem
1796 5704 1921 5759 pars
1942 5687 2076 5740 aulae
2098 5700 2387 5739 consecre-

833 5797 921 5838 tur
954 5785 1131 5852 regige,
1172 5787 1335 5839 altera
1369 5801 1494 5839 vero
1537 5785 1895 5837 distribuatur
1925 5778 2181 5849 orphanis
2214 5789 2265 5830 et
2303 5777 2382 5829 νὶ-

2496 4604 2619 4639 κοον
2651 4591 2886 4657 ἐμαυτὸν
2909 4590 2994 4641 ἀεὶ
3024 4593 3282 4660 παρεῖχον
3316 4592 3444 4661 ὑμῖν
3469 4595 3560 4644 καὶ
3590 4594 3782 4666 ὥσπερ
3825 4613 3908 4656 τις
3948 4617 4053 4649 πα-

2497 4677 2600 4747 τὴρ
2661 4679 2863 4730 παίδων
2899 4680 3137 4748 γνησίων
3181 4681 3322 4734 οὕτω
3358 4688 3718 4754 περιειχόμην
3762 4688 3892 4754 ὑμῖν
3917 4706 3930 4717 '
3962 4697 4054 4742 καὶ

2495 4770 2589 4822 νῦν
2627 4771 2678 4822 δὲ
2742 4771 2957 4833 ἀσεὸῖῐς
3017 4789 3072 4823 τε
3111 4774 3234 4842 περὶ
3266 4777 3390 4837 τοὺς
3428 4777 3711 4845 πατρῴους
3752 4778 3908 4842 θεοὺς
3963 4785 4054 4834 καὶ

2495 4867 2622 4931 περὶ
2656 4863 2804 4931 ἡμᾶς
2846 4863 3110 4924 ἀπίστους
3145 4865 3522 4932 ἀναφανέντας
3556 4868 3677 4919 οὐδὲ
3705 4868 3878 4932 οὕτως
3909 4874 4054 4941 ὑμᾶς

2493 4954 2804 5021 ἀπώσομαι.
2869 4955 3008 5006 ’Ἀλλ’
3042 4957 3164 5007 ἐπεὶ
3219 4959 3306 5009 τὸν
3339 4959 3503 5010 αὑτὸν
3565 4961 3831 5029 Ἀρριανῷ
3861 4963 4051 5028 διψᾶτε

2494 5045 2742 5107 θάνατον,
2781 5045 2890 5112 ἐγὼ
2935 5048 3026 5098 καὶ
3060 5046 3215 5100 τοῦτο
3247 5049 3376 5116 ὑμῖν
3407 5049 3796 5119 προθυμότατα
3828 5056 4050 5121 χαριοῦ-

2498 5153 2614 5204 μαι.
2643 5137 2906 5205 Bari-coxo;
2932 5137 2985 5189 δὲ
3012 5142 3038 5189 ὁ
3091 5140 3306 5209 πρῶτος
3362 5143 3586 5194 ἐκείνων
3644 5145 3955 5207 ὑπολαϐὼν,
3996 5151 4051 5198 ’0

2491 5227 2643 5288 Θεὸς,
2667 5224 2844 5290 εἶπεν,
2876 5222 2923 5281 ὦ
2948 5227 3189 5296 βασιλεῦ,
3215 5233 3351 5300 πρὸς
3378 5233 3436 5283 ὃν
3462 5231 3810 5302 ἐκδημοῦμεν
3845 5237 3942 5287 καὶ
3974 5241 4049 5300 είς

2491 5318 2548 5369 ἐν
2580 5319 2908 5386 ἀναλύομεν,
2930 5323 2956 5372 ὀ
2978 5320 3038 5372 τὸ
3056 5321 3369 5390 θαυμαστὸν
3390 5325 3522 5391 ἡμῖν
3551 5302 4049 5396 περιποιησάμενυς

2491 5410 2658 5478 ὄνομα
2690 5413 2782 5463 καὶ
2827 5413 2918 5463 τὸν
2950 5412 3090 5483 ὑπὲρ
3121 5413 3283 5465 αὐτοῦ
3315 5414 3612 5483 εὐδοκήσας
3641 5415 3871 5470 θάνατον
3904 5421 4050 5488 ἡμᾶς

2492 5501 2811 5568 ὑποστῆναι,
2843 5504 3004 5565 αὑτὸς
3064 5520 3122 5556 σε
3156 5506 3254 5571 τῆς
3289 5506 3422 5573 πρὸς
3454 5507 3601 5576 ἡμᾶς
3627 5506 3793 5570 ἀξίως
3817 5509 4048 5577 ἀμεῖψε-

2490 5609 2579 5645 ται
2611 5594 2922 5657 διαθέσεως.
2954 5596 3100 5665 Πλὴν
3130 5600 3180 5650 εί
3211 5614 3291 5659 τις
3317 5599 3414 5651 καὶ
3445 5600 3594 5663 παρά
3625 5599 3831 5652 τοιοῦδε
3864 5603 4047 5670 χάρις,

2490 5685 2597 5750 ἐγὼ
2630 5686 2723 5738 καὶ
2753 5686 2908 5738 τοῦτό
2934 5704 3025 5739 σου
3047 5689 3259 5757 δέομαι,
3298 5690 3537 5758 βασιλεῦ,
3562 5691 3699 5742 ὥστε
3725 5691 3822 5761 τὴν
3865 5693 4049 5744 οὶσίαν

2489 5779 2583 5846 τὴν
2613 5779 2751 5848 ἐμὴν
2792 5779 2998 5848 ἐφεῖναι
3035 5780 3152 5832 δυσὶ
3186 5782 3398 5851 μοῖραις
3431 5782 3798 5852 διαιρεθῆναι,
3832 5784 3927 5836 καὶ
3951 5783 4047 5855 τὴν
