4252 6440
228 348 333 415 £57

1116 346 1593 413 MARTYRIUM
1631 350 1693 409 S.
1738 347 2028 407 THYRSI
2073 347 2167 407 ET
2211 345 2629 407 SOCIORUM.

3377 351 3480 411 558

230 470 332 539 μιν
366 468 695 538 ἀνατεθῆναι
724 469 803 541 τῷ
839 469 1104 541 βασιλικῇ
1137 471 1398 541 ταμιείῳ,
1435 470 1533 539 τὴν
1558 469 1613 521 δὲ
1633 469 1807 537 όρφα-
1837 472 1855 527 Α

1876 465 2054 526 ,duis.
2091 465 2227 518 Cum
2276 465 2389 533 ipse
2429 472 2609 519 autem
2658 463 2836 516 adhuc
2874 467 3028 532 plura
3065 462 3226 518 vellet
3270 465 3476 531 dicere,

226 562 339 623 νοῐς
373 563 467 614 καὶ
516 564 714 632 χήραις
774 559 1111 632 διαδοθῆναι.
1176 562 1301 613 Ἐτι
1332 560 1388 612 δὲ
1422 560 1588 613 αύτοῦ
1620 558 1805 627 λέγειν

224 652 561 725 ὡρμημένου
619 658 666 708 οἱ
724 656 823 709 σὺν
856 654 1008 725 αύτῷ
1051 656 1223 724 τρεῖς,
1278 653 1505 722 nam:
1547 653 1803 720 Θεότυχε,

227 740 407 809 εἷπον,
439 748 540 815 τὴν
568 747 669 817 μὲν
700 750 912 800 τούτων
948 748 1209 815 πρόνοιαν
1252 745 1332 815 τῷ
1367 744 1663 816 φροντιστῇ
1698 744 1807 796 τῶν

225 838 515 909 ἡμετέρων
538 838 829 907 ἀναθῶμεν
853 840 1004 905 Θεῷ’
1034 838 1096 892 τὸ
1118 840 1171 892 δὲ
1206 838 1299 891 νῦν
1329 839 1452 907 ἕχον
1480 837 1572 891 τοῦ
1603 837 1805 890 ὁίκείου

227 931 419 992 τέλους
476 933 631 983 αὐτοὶ
692 932 1098 1000 φροντίσωμεν.

230 1021 361 1090 εστη
398 1023 559 1091 μέχρι
581 1021 778 1076 πολλοῦ
806 1024 1219 1093 Διοκλητιανδς,
1243 1024 1436 1086 ἐοικὼς
1459 1023 1564 1075 τῶν
1595 1022 1805 1091 ἀνδρῶν

230 1114 534 1182 θαυμάζειν
556 1116 615 1167 τὸ
646 1115 783 1186 πρὸς
809 1118 902 1170 τὸν
938 1116 1169 1170 θάνατον
1210 1116 1447 1187 εὔψυχόν
1496 1133 1554 1170 τε
1583 1117 1675 1169 καὶ
1711 1134 1809 1186 μει

228 1208 455 1276 γαλότολ
467 1225 589 1276 μον.

305 1300 440 1353 ME'.
469 1299 628 1353 Οὕτω
660 1300 717 1354 δὲ
759 1301 923 1355 αὐτὸν
964 1304 991 1355 ό
1016 1304 1264 1369 γενναῖος
1308 1301 1590 1373 Ἀρριανὸς
1617 1295 1809 1370 ἔχοντα

229 1390 590 1458 θεασάμενος,
636 1392 798 1446 Ἀλλά
842 1394 915 1463 μὴ
948 1394 1028 1446 ἔτι
1066 1394 1288 1463 βούλου,
1323 1396 1511 1464 φησὶν,
1542 1395 1809 1465 παρατεί-

231 1498 344 1533 νειν
371 1485 502 1550 ἡμῖν
527 1482 625 1553 τὴν
657 1484 972 1554 μετάθεσιν,
1010 1486 1235 1554 βασιλεῦ
1266 1502 1279 1516 ·
1333 1486 1475 1556 τάχα
1510 1488 1619 1555 γὰρ
1650 1487 1809 1555 μεθο-

228 1574 350 1627 δεία
379 1576 473 1627 καὶ
504 1575 663 1628 τοῦτο
700 1575 796 1629 τοῦ
823 1577 1063 1646 πονηροῦ
1104 1577 1247 1633 ὥστε
1280 1578 1371 1629 τὸν
1403 1579 1503 1646 τῆς
1531 1579 1810 1648 ἀθλήσεως

229 1668 361 1732 ἡμῖν
409 1666 668 1735 ἐπικόψαι
708 1666 935 1735 δρόμον.
984 1667 1255 1721 Ἐνταῦθα
1308 1667 1408 1736 τὴν
1453 1666 1566 1720 τῶν
1595 1668 1809 1737 ἀνδρῶν

233 1754 542 1825 μεταϐολὴν
569 1755 955 1829 Διοκλητιανὸς
988 1760 1341 1812 παντάπασιν
1373 1760 1670 1827 ἀπογνοὺς,
1713 1762 1807 1813 καὶ

228 1850 453 1918 ἑτέρους
496 1848 631 1918 μετά
658 1850 889 1919 ψάμμου
917 1852 1190 1918 τέσσαρας
1238 1851 1526 1921 ἐνεχθῆναι
1570 1851 1807 1916 σάκκους

229 1941 469 1995 κελεύει.
498 1942 592 1993 καὶ
623 1942 714 1997 τὸν
743 1942 930 2010 ὅμοιον
992 1942 1266 2014 Ἀρῤιανῷ
1294 1944 1527 1997 θάνατον
1553 1946 1647 1997 καὶ
1682 1945 1808 2005 τοὺς

231 2031 628 2102 προτέκτωρας
656 2033 979 2101 ὑποστῆναι,
1012 2038 1185 2103 πέρας
1221 2033 1364 2086 οὕτω
1394 2033 1658 2103 Φιλήμονι
1710 2038 1808 2103 τῆς

229 2128 598 2197 προρρήσεως
618 2127 941 2193 δεξαμένης.
1004 2126 1299 2192 Ῥιφέντων
1330 2126 1385 2177 δὲ
1445 2126 1626 2178 αὐτῶν
1668 2127 1809 2178 κατὰ

229 2216 331 2283 τῆς
360 2217 659 2284 θαλάσσης,
702 2216 903 2269 αὐτίκα
959 2215 1146 2283 δελφὶς
1196 2214 1518 2285 προσελθὼν
1545 2217 1810 2285 κρείττων

236 2310 270 2377 ἦ
304 2308 450 2360 κατὰ
482 2310 705 2376 δελφῖνα
742 2310 835 2362 καὶ
863 2310 961 2378 τὴν
1002 2308 1157 2377 ἰσχὺν
1195 2309 1285 2360 καὶ
1308 2309 1367 2360 τὸ
1396 2309 1623 2377 μέγεθος
1654 2310 1808 2376 κήτει

229 2404 299 2454 τά
331 2402 503 2455 πολλὰ
532 2402 920 2473 παραπλήσιος
958 2402 1054 2455 καὶ
1089 2401 1189 2471 τὴν
1242 2400 1403 2469 φύσιν
1439 2395 1548 2463 οἷος
1583 2401 1811 2454 ἀλλόκο-

230 2510 325 2555 τος
363 2496 493 2553 τοὺς
520 2494 679 2545 πέντε
711 2492 849 2563 ὁμοῦ
889 2492 1211 2560 παραδόξως
1268 2492 1506 2555 σάκκους
1558 2494 1653 2547 ἐπὶ
1703 2494 1811 2547 τῶν

231 2584 423 2638 νώτων
456 2586 716 2652 ἀσφαλῶς
772 2582 1117 2652 ὲπωμίζεται
1156 2584 1250 2637 καὶ
1286 2582 1375 2638 οἷά
1409 2602 1491 2647 τις
1519 2585 1651 2647 ναῦς
1680 2586 1811 2653 φόρ-

234 2700 329 2735 τον
363 2682 445 2744 είς
487 2680 897 2751 Ἀλεξάνδρειαν
927 2681 1076 2748 ἄγει,
1104 2682 1164 2733 ΟΞ
1193 2680 1249 2733 δὲ
1275 2682 1464 2744 παῖδες
1494 2681 1812 2753 (ἐτύγχανον

232 2776 345 2844 γὰρ
372 2776 506 2844 πρὸς
545 2773 695 2842 αὺτῷ
727 2774 807 2826 ἔτι
864 2773 941 2843 τῷ
979 2772 1215 2841 αἰγιαλῷ
1272 2777 1685 2842 περιμένοντες,
1735 2773 1812 2836 ὡς

235 2869 422 2929 αὐτοῖς
482 2867 588 2920 ὑπὸ
656 2865 946 2938 ’Ᾱρριανοῦ
997 2866 1082 2934 εῖτ,
1141 2865 1537 2935 προειρημένον
1586 2865 1678 2917 καὶ
1712 2867 1811 2935 τὴν

236 2962 391 3028 ὥραν
425 2960 786 3027 φυλάττοντες
821 2958 1110 3029 ἀκριόὦςὶ,
1143 2960 1267 3011 ἐπεὶ
1291 2958 1382 3010 τὸν
1410 2957 1631 3024 δελφῖνα
1675 2958 1813 3025 μετὰ

236 3051 333 3105 τοῦ
378 3053 583 3121 φόρτου
607 3052 917 3117 θεάσαιντο,
952 3051 1346 3120 ἐκπλήττονται
1380 3051 1476 3117 μὲν
1523 3050 1616 3100 καὶ
1648 3049 1810 3101 αὑτοῦ

1179 932 1294 1000 Ἐφ’
1321 926 1401 994 οἷς
1440 932 1531 985 ὲπί
1559 930 1806 990 συννοίας

1908 559 2001 627 qui
2027 566 2321 613 erantcum
2355 572 2422 611 eo
2450 567 2582 616 tres.
2607 556 2897 612 dixerunt:
2926 556 3112 610 Frater
3140 556 3478 628 Theotyche,

1904 650 2106 702 harum
2139 648 2360 717 quidem
2392 664 2576 702 rerum
2600 662 2788 702 curam
2820 648 3195 716 relinquamus
3221 650 3352 709 Deo.
3381 652 3477 720 qui

1909 750 2064 797 curat
2088 756 2173 795 res
2200 752 2411 795 nostras
2445 759 2457 794 ε
2490 742 2545 797 in
2575 741 2868 811 praesentia
2902 757 3032 795 vero
3065 757 3164 796 nos
3196 745 3367 798 nostri
3392 744 3482 798 de-

1909 848 2096 887 cessus
2121 848 2310 888 curam
2332 849 2603 903 geramus.
2635 834 2858 903 Propter
2889 851 3005 902 quae
3033 836 3125 888 diu
3157 838 3479 905 cogitabun-

1910 926 2013 980 dus
2080 928 2235 981 stetit
2266 927 2658 990 Diocletianus,
2692 938 2751 981 ut
2779 928 2873 996 qui
2915 927 3195 981 videretur
3219 930 3477 983 admirari

1910 1032 2101 1073 eorum
2131 1021 2181 1071 in
2211 1029 2386 1074 morte
2405 1022 2803 1075 contemnenda
2825 1037 3078 1091 magnum
3114 1034 3168 1076 et
3198 1024 3475 1077 excelsum

1911 1126 2170 1165 animum.

1984 1291 2145 1347 XLV.
2182 1292 2318 1345 Cum
2348 1307 2472 1346 eum
2510 1302 2690 1346 autem
2719 1294 2798 1349 sic
2829 1294 3055 1350 vidisset
3090 1297 3345 1353 effectum
3382 1304 3476 1353 Ar-

1914 1381 2151 1435 rianus:
2199 1381 2305 1435 Sed
2360 1382 2492 1446 noli,
2545 1384 2742 1452 inquit,
2794 1402 2826 1438 o
2876 1387 3193 1455 imperator,
3236 1398 3480 1445 nostram

1913 1473 2146 1541 amplius
2180 1473 2403 1527 differre
2442 1474 2867 1544 migrationem;
2907 1478 3139 1535 fortasse
3172 1483 3317 1536 enim
3353 1494 3483 1537 sunt

1913 1565 1996 1619 hac
2034 1567 2254 1635 maligni
2285 1566 2517 1627 insidiae.
2550 1577 2611 1621 ut
2652 1569 2812 1623 nobis
2847 1571 3214 1641 interrumpat
3259 1590 3482 1629 cursum

1912 1656 2319 1710 decertationis.
2339 1656 2495 1710 Tunc
2520 1658 2642 1711 cum
2668 1659 2736 1713 de
2766 1676 2955 1715 eorum
2984 1666 3286 1720 mutatione
3320 1682 3476 1735 spem

1913 1765 2129 1803 omnem
2159 1749 2450 1817 abiecisset
2478 1750 2868 1817 Diocletianus,
2892 1756 3049 1823 jubet
3074 1758 3208 1811 alios
3236 1772 3480 1827 quatuor

1910 1855 2096 1894 saccos
2131 1840 2311 1895 aﬂ'erri
2353 1855 2476 1894 cum
2504 1858 2692 1907 arena,
2722 1854 2777 1897 et
2810 1845 3041 1899 similem
3072 1850 3301 1903 Arriano
3335 1868 3480 1904 mor-

1911 1944 2018 1988 tem
2051 1934 2238 1988 subire
2285 1947 2645 2004 protectores,
2671 1947 2726 1991 ct
2748 1940 2825 1992 sic
2852 1940 2917 1993 ad
2951 1941 3206 1996 effectum
3245 1943 3481 2000 deducta

1908 2039 1993 2082 est
2018 2028 2303 2097 praedictio
2338 2029 2695 2084 Philemonis.
2734 2031 2871 2099 lpsis
2903 2049 3033 2087 vero
3083 2036 3136 2087 in
3169 2052 3315 2091 mare
3355 2056 3483 2107 pro-

1906 2122 2088 2191 jectis,
2143 2122 2323 2175 statim
2380 2124 2646 2177 accedens
2695 2122 3014 2191 delphinus,
3084 2128 3259 2195 major
3314 2146 3480 2197 quam

1912 2213 2083 2268 soleat
2122 2228 2240 2268 esse
2282 2214 2597 2283 delphinus,
2636 2224 2690 2269 et
2733 2216 2929 2271 robore
2966 2226 3021 2271 et
3067 2221 3441 2289 magnitudine
3466 2265 3481 2289 ,

1911 2314 1967 2357 et
1995 2313 2115 2359 ceto
2165 2321 2355 2375 magna
2403 2321 2467 2359 ex
2515 2316 2671 2375 parte
2723 2307 2938 2373 similis,
2981 2320 3036 2362 et
3087 2322 3278 2365 natura
3321 2316 3482 2382 plano

1912 2398 2089 2452 aliena
2118 2408 2173 2453 et
2204 2399 2546 2465 admiranda,
2570 2401 2815 2469 quinque
2838 2404 2999 2457 simul
3028 2420 3219 2461 saccos
3246 2408 3484 2465 admira-

1912 2488 2095 2544 biliter
2128 2506 2321 2545 secure
2372 2491 2479 2546 fert
2524 2493 2796 2556 humeris,
2830 2504 2886 2548 et
2922 2504 3179 2566 tanquam
3225 2502 3475 2568 quaedam

1913 2582 2089 2643 navis,
2133 2597 2273 2637 onus
2318 2586 2471 2639 vehit
2509 2586 2921 2642 Alexandriam.
2963 2590 3118 2644 Pueri
3153 2603 3336 2647 autem
3366 2598 3483 2663 (ex-

1913 2675 2232 2741 Spectabant
2260 2678 2406 2731 enim
2440 2680 2621 2732 adhuc
2666 2679 2719 2733 in
2762 2680 2878 2750 ipso
2906 2681 3116 2746 littore,
3145 2696 3203 2738 ut
3230 2686 3312 2740 eis
3342 2703 3482 2756 pra:-

1913 2766 2119 2821 dictum
2158 2767 2338 2823 fuerat
2381 2769 2449 2823 ab
2488 2771 2745 2832 Arriano.
2787 2785 2843 2825 et
2878 2772 3070 2827 horam
3103 2788 3355 2831 accurate
3388 2780 3487 2832 ob-

1914 2858 2252 2928 servabant)
2312 2872 2600 2930 postquam
2665 2863 2989 2931 delphinum
3045 2867 3301 2923 viderant
3359 2887 3487 2926 cum

1915 2965 2125 3013 onere,
2194 2960 2417 3020 stupent
2476 2952 2694 3019 quidem
2775 2956 2948 3023 ipsius
3010 2960 3482 3028 magnitudinem:

1915 3042 2275 3097 nihilominus
2316 3060 2464 3105 vero,
2519 3046 2663 3113 quod
2690 3048 2830 3101 sacci
2859 3064 3076 3119 quoque
3108 3062 3222 3106 tuto
3256 3055 3490 3110 fuissent

235 3145 334 3213 τὴν
364 3143 693 3213 ὑπερϐολὴν,
727 3144 883 3195 οἰδὲν
915 3144 970 3195 δὲ
993 3138 1156 3213 ἦττον
1198 3144 1293 3195 καὶ
1325 3144 1426 3211 τὴν
1454 3142 1807 3205 τῶν,σάκκων
1836 3154 1855 3209 (

1876 3200 1877 3203 η
1912 3134 2153 3199 adducti,
2181 3136 2317 3191 adeo
2348 3146 2407 3190 ut
2431 3138 2481 3192 ei
2505 3139 2690 3193 nullus
2716 3141 2938 3195 cederet
2960 3158 3027 3197 ex
3061 3145 3332 3211 humeris,
3358 3164 3486 3203 curn

237 3236 513 3305 ἀσφαλείᾳ
542 3235 905 3305 παραγωγὴν,
941 3235 1078 3286 ὥστε
1118 3234 1322 3304 μηδένα
1351 3233 1459 3285 τῶν
1489 3234 1675 3286 νώτων
1698 3234 1811 3287 δια-

238 3331 431 3380 πεσεῖν
466 3326 625 3377 λείων
656 3327 813 3393 φύσει
843 3326 934 3377 καὶ
958 3325 1259 3395 ὀλισθηρῶν
1284 3325 1657 3394 ὑπαρχόντων.
1688 3328 1814 3378 Δια-

237 3419 600 3487 πορουμένοις
659 3417 714 3468 δὲ
777 3419 887 3477 τοῖς
954 3420 1142 3469 παισὶν
1188 3416 1517 3485 ὃπωςόμὲν
1542 3417 1811 3484 δεσπότης

237 3513 423 3571 αὐτοῖς
464 3510 743 3580 Ἀρριανὸς
804 3512 930 3578 περὶ
968 3509 1217 3578 σώματος
1257 3509 1421 3577 μόνου
1480 3509 1572 3560 τοῦ
1616 3507 1813 3562 ἑαυτοῦ

235 3604 337 3669 τὴν
367 3602 472 3653 ὑπὸ
503 3600 595 3652 τοῦ
648 3600 891 3668 δελφῖνος
947 3600 1323 3669 μετακομιδὴν
1378 3600 1592 3669 εῖρηκε,
1626 3601 1721 3652 νῦν
1754 3599 1813 3652 δὲ

235 3695 487 3759 τέσσαρα
519 3692 612 3743 καὶ
638 3690 771 3745 ἄλλα
816 3691 953 3759 πρὸς
1000 3689 1148 3758 αὐτῷ
1202 3689 1483 3759 βλέπουσι,
1541 3693 1694 3760 φωνή
1726 3706 1812 3752 τις

238 3785 424 3847 αὐτοῖς
454 3782 687 3850 ἠκούετο
733 3782 1012 3850 θειοτέρα,
1072 3781 1296 3834 Ἔλθετε
1334 3783 1514 3850 ὑμεῖς,
1556 3783 1811 3848 λέγουσα,

237 3873 333 3924 καὶ
360 3869 525 3923 αὐτοῦ
558 3886 614 3921 τε
647 3868 741 3921 τοῦ
764 3869 1028 3921 δεσπότου
1061 3872 1155 3921 καὶ
1184 3871 1251 3922 τὰ
1274 3871 1383 3922 τῶν
1413 3870 1813 3939 προτεκτώρων

236 3961 594 4030 κομιούμενοι
633 3959 884 4029 σώματα.
932 3961 990 4012 Ὀ
1020 3960 1131 4030 γὰρ
1153 3961 1360 4013 ἐκεῖνον
1381 3964 1456 4021 εἰς
1488 3963 1585 4027 τὴν
1617 3960 1813 4014 ἑαυτοῦ

237 4055 389 4122 ζωὴν
415 4053 923 4121 μετακαλεσάμενος
952 4054 1047 4105 καὶ
1074 4052 1297 4114 τούτους
1318 4052 1521 4120 ὁμοίως
1546 4053 1641 4104 σὺν
1666 4051 1812 4120 αύτῴ

238 4145 504 4212 κέκληκε.
534 4143 805 4204 Λαϐόντες
829 4140 921 4196 οὖν
949 4145 1120 4196 ταῦτα
1152 4148 1288 4209 μετὰ
1321 4144 1520 4199 ’Δσκλᾶ
1546 4146 1637 4196 καὶ
1666 4145 1811 4197 Λεω-

235 4238 384 4288 νίδου
413 4235 648 4303 ἐντίμως
682 4234 1012 4288 κατάθεσθε.
1049 4236 1159 4288 Καὶ
1190 4236 1223 4304 ἡ
1255 4236 1356 4303 μὲν
1386 4238 1540 4305 φωνὴ
1580 4234 1774 4297 οὕτως.

308 4328 462 4392 Μετ’.
514 4324 573 4379 Ὀ
598 4326 785 4395 μέντοι
810 4326 996 4395 δελφὶς
1028 4328 1155 4389 τοὺς
1195 4329 1432 4389 σάκκους
1467 4326 1543 4397 τῷ
1579 4326 1810 4395 αἰγιαλῷ

238 4433 310 4466 πῖ
328 4414 513 4484 ραθεὶς
534 4416 663 4466 εἴσω
682 4414 951 4482 Θαλάττης
976 4414 1136 4467 πάλιν
1162 4415 1321 4470 αὐτὸς
1340 4416 1644 4486 ὲξενήχετο.
1667 4417 1727 4469 Oi
1752 4418 1808 4468 δὲ

1915 3238 2109 3281 natura
2145 3237 2330 3282 essent
2360 3229 2524 3285 lzeves
2550 3241 2605 3285 et
2633 3231 3272 3293 lubrici.'Dubilantibus
3301 3251 3483 3294 autem

1917 3320 2123 3389 pueris,
2154 3323 2617 3389 quemadmodum
2646 3323 2906 3379 dominus
2944 3329 3165 3394 quidem
3218 3332 3487 3387 Arrianus

1916 3411 1983 3464 de
2024 3413 2139 3466 solo
2165 3427 2265 3466 suo
2294 3428 2524 3481 corpore
2558 3415 2782 3471 dixisset
2810 3416 2947 3480 fore,
2976 3429 3035 3487 ut
3078 3421 3129 3474 id
3164 3436 3487 3491 apportare-

1916 3512 2004 3556 tur
2029 3519 2059 3557 a
2088 3503 2367 3573 delphino,
2398 3522 2551 3560 nunc
2579 3522 2711 3561 vero
2737 3518 2935 3577 pr:cter
2960 3512 3137 3579 ipsum
3166 3514 3352 3569 vident
3380 3518 3486 3572 alia

1914 3603 2171 3662 quatuor,
2210 3610 2313 3648 vox
2354 3597 2603 3664 quaedam
2644 3598 2883 3655 divinior
2918 3602 2984 3654 ab
3027 3604 3107 3657 eis
3136 3612 3219 3657 est
3249 3608 3435 3661 audita
3470 3627 3481 3660 :

1916 3684 2110 3739 Venite
2150 3701 2265 3747 vos.
2294 3687 2502 3749 dicens,
2537 3700 2591 3743 et
2636 3691 2842 3745 domini
2886 3695 3053 3748 veStri
3076 3735 3090 3759 ,
3122 3706 3173 3749 et
3208 3709 3485 3766 protecto-

1917 3792 2037 3828 rum
2073 3779 2352 3845 accepturi
2403 3795 2654 3847 corpora.
2692 3782 2793 3845 Qui
2824 3798 2967 3835 emm
3001 3786 3154 3839 illum
3206 3789 3272 3843 ad
3325 3806 3485 3846 suam

1918 3870 2081 3921 vitam
2114 3871 2382 3933 evocavit,
2409 3887 2502 3924 eos
2535 3888 2753 3941 quoque
2778 3876 2991 3930 vocavit
3031 3893 3154 3931 cum
3196 3896 3262 3934 eo
3290 3882 3487 3938 simili-

1918 3966 2017 4011 ter.
2059 3958 2194 4012 Cum
2225 3975 2288 4014 ea
2328 3977 2458 4030 ergo
2510 3965 2857 4029 acceperitis,
2890 3982 3015 4021 cum
3061 3970 3219 4024 Ascla
3251 3982 3306 4026 et
3338 3974 3479 4029 Leo-

1898 4048 2044 4102 ~nida
2080 4051 2385 4104 honorifice
2417 4052 2696 4120 deponite.
2732 4054 2800 4108 Et
2825 4058 2904 4111 sic
2938 4059 3159 4126 quidem
3197 4077 3323 4120 vox.

1987 4315 2168 4369 XLVI.
2204 4316 2503 4385 Delphinus
2530 4328 2711 4372 autem
2744 4334 2867 4375 cum
2896 4335 3092 4381 saccos
3127 4328 3401 4395 posuisset
3431 4334 3483 4385 in

1914 4408 2120 4471 littore,
2168 4424 2360 4463 rursus
2403 4411 2644 4464 enatavit
2672 4411 2725 4466 in
2774 4429 2947 4471 mare.
2980 4416 3143 4472 Pueri
3191 4435 3320 4476 vero
3356 4440 3480 4479 cum

242 4508 435 4569 παῖδες
457 4505 696 4567 εὐλαϐῶς
716 4507 1180 4575 αὐτάάνελόμενοι
1205 4508 1294 4559 καὶ
1315 4510 1394 4570 είς
1413 4508 1593 4561 πλοῖον
1616 4508 1818 4577 ὲμϐιίιν⁹
1852 4499 1855 4550 Ι

1876 4502 1979 4554 )ea
2021 4499 2321 4554 honorifice
2367 4502 2742 4567 sustulissent,
2789 4515 2844 4559 et
2892 4506 2947 4559 in
2982 4524 3177 4563 navem
3222 4513 3455 4570 immisis

236 4616 323 4662 τες
353 4599 441 4651 δια
464 4598 553 4651 τοῦ
575 4599 819 4666 ποταμοῦ
843 4600 1180 4667 ἐκομίζοντο.
1200 4600 1441 4671 Ἡμέρας
1458 4602 1513 4655 δὶ
1533 4604 1681 4673 τρεῖς
1712 4602 1810 4655 καὶ

239 4694 345 4755 τὰς
419 4692 539 4753 ἴσας
587 4693 1018 4754 διαπλεύσαντες
1068 4693 1269 4756 νύκτας
1322 4697 1389 4765 τῇ
1466 4694 1813 4763 ’Δντινοητῶν

240 4783 524 4851 ιγγίζουσι
578 4782 933 4852 μητροπόλει,
966 4782 1095 4837 ἔνθα
1134 4786 1226 4837 καὶ
1259 4785 1365 4838 ἔδει
1396 4784 1465 4838 τὰ
1495 4785 1615 4855 ἱερὰ
1640 4784 1812 4837 ταῦτα

241 4870 610 4938 κατατεθῆναι
630 4871 880 4939 λείψανα.
905 4871 1115 4923 ’Ὕπνου
1137 4873 1191 4925 δὲ
1216 4872 1415 4936 αὐτοὺς
1440 4872 1809 4942 ἐπισχόντοςὴ

242 4961 377 5024 ναῦς
408 4961 670 5031 πλήρεσιν
706 4961 898 5023 ἱστίοις
924 4962 1295 5031 ιφιπταμένη,
1330 4961 1449 5014 κατ’
1480 4965 1641 5015 αὐτὸν
1671 4965 1813 5014 ὲκεϊ-
1847 4974 1855 4984 “

242 5072 332 5107 νον
363 5054 453 5104 τὸν
479 5054 646 5105 τόπον
676 5055 732 5104 ἐν
766 5054 968 5123 ἀκαρεῖ
1014 5054 1166 5122 ἔστη,
1204 5055 1355 5124 φωνή
1391 5070 1448 5107 τε
1493 5054 1809 5125 παραδόξως

241 5146 470 5214 ⁴ἢκούετο
490 5160 504 5176 ·
528 5144 822 5197 Θεοδοτίων
856 5143 1035 5209 (τοῦτο
1067 5146 1177 5213 γὰρ
1213 5145 1383 5214 ὄνομα
1406 5144 1576 5215 δήπου
1607 5144 1684 5214 τῷ
1711 5162 1807 5197 κυ-

243 5238 534 5306 6ερνήτῃ),
550 5229 704 5298 οὗτός
728 5237 877 5288 ἐστιν
898 5236 925 5288 ὁ
952 5236 1014 5287 τό
1026 5252 1112 5298 τος
1137 5236 1195 5298 ὃς
1214 5252 1277 5304 γε
1305 5234 1488 5305 μέλλει
1512 5235 1619 5287 τῶν
1642 5235 1810 5303 ἁγίων

244 5328 600 5399 κληρωθῆναι
626 5328 695 5379 τὰ
721 5327 972 5396 σώματα.
1000 5328 1271 5393 Ἐξυπνος
1297 5322 1391 5381 οὖν
1420 5330 1628 5390 έκεῖνος
1658 5330 1812 5394 γενό-

249 5436 407 5486 μενος
439 5419 535 5471 καὶ
569 5419 669 5488 τὴν
701 5417 833 5471 ναῦν
868 5414 955 5472 οἷα
1009 5419 1396 5490 πεπεδημένην
1428 5420 1627 5489 εὑρὼν,
1669 5420 1802 5472 dno-

245 5512 419 5561 ϐαίνει
467 5512 564 5577 μὲν
604 5510 688 5561 ιοῦ
726 5510 935 5575 πλοίου,
998 5511 1151 5578 τάχει
1208 5509 1265 5562 δὲ
1320 5509 1473 5581 παρὰ
1517 5512 1617 5579 τὴν
1654 5511 1809 5563 πόλιν

245 5606 503 5675 χωρήσας
540 5605 784 5672 μηνυτὴς
823 5604 915 5654 τοῦ
948 5602 1228 5673 θαύματος
1264 5603 1492 5670 γίνεται.
1534 5605 1644 5657 Καὶ
1686 5607 1812 5674 συρ-

246 5699 465 5765 ρἐυσιν
528 5694 723 5747 αὐτίκα
789 5694 1062 5765 πανδημεὶ
1112 5694 1309 5756 πάντες
1363 5692 1808 5763 λαμπαδηφόροι,

246 5787 677 5857 στεφανηςοόροι,
723 5787 897 5849 θείους
946 5786 1145 5857 ὕμνους
1184 5786 1503 5856 ὑπᾴδοντες.
1542 5788 1641 5838 lia."
1674 5787 1814 5838 οὓτω

1918 4600 2062 4655 sent,
2092 4607 2187 4659 per
2216 4591 2441 4646 ﬂuvium
2482 4596 2795 4663 portabant.
2829 4598 2965 4652 Cum
2997 4609 3179 4656 autem
3228 4612 3339 4659 tres
3368 4608 3485 4662 dies

1916 4691 1971 4737 et
2009 4683 2234 4737 totidem
2263 4695 2451 4740 noctes
2490 4688 2858 4757 navigassent,
2885 4696 3328 4763 appropinquant
3366 4716 3483 4754 tne-

1916 4776 2111 4845 tropoli
2146 4776 2585 4844 Antinoetarum,
2619 4780 2709 4835 ubi
2736 4783 3025 4849 oportebat
3056 4800 3150 4839 eas
3173 4801 3357 4843 sacras
3384 4790 3484 4846 de-

1921 4869 2043 4934 poni
2077 4869 2354 4940 reliquias.
2397 4868 2533 4923 Cum
2560 4885 2657 4925 eos
2689 4886 2818 4926 vero
2850 4888 3077 4929 somnus
3103 4884 3483 4947 oppressisset,

1919 4958 2076 5011 navis
2106 4958 2283 5026 plenis
2312 4960 2444 5013 velis
2469 4958 2753 5028 advolans,
2787 4974 3063 5019 momento
3093 4971 3353 5037 temporis
3377 4982 3487 5027 stc-

1921 5050 1985 5102 tit
2028 5051 2081 5104 in
2113 5051 2202 5103 illo
2232 5051 2456 5110 loco,et
2498 5066 2604 5105 vox
2646 5054 2834 5107 audita
2886 5055 2993 5109 fuit
3036 5057 3484 5117 admirabiliter:

1919 5141 2307 5196 Theodorition
2346 5143 2470 5212 (hoc
2498 5144 2646 5198 enim
2671 5156 2791 5199 erat
2820 5164 3017 5203 nomen
3049 5152 3486 5223 gubernatoris).

1876 5298 1887 5314 ι
1919 5234 2008 5288 hic
2037 5245 2117 5289 cst
2142 5236 2310 5295 locus.
2341 5235 2431 5301 qui
2452 5246 2535 5290 est
2563 5227 2876 5293 sanctorum
2906 5256 3137 5309 corpora
3165 5246 3483 5301 sortiturus.

1923 5327 2015 5381 llle
2059 5343 2191 5395 ergo
2237 5329 2524 5391 excitatus.
2558 5332 3023 5387 cum-invenisset
3071 5350 3262 5389 navem
3319 5339 3487 5391 veluti

1921 5420 2160 5474 vinctam
2204 5419 2586 5487 compedibus,
2623 5422 2909 5477 descendit
2948 5424 3169 5494 quidem
3209 5428 3277 5481 de
3309 5445 3485 5484 nave:

1922 5512 2177 5565 celeriter
2210 5521 2391 5564 autem
2441 5511 2719 5581 profectus
2776 5516 2828 5570 in
2864 5517 3165 5583 civitatem,
3219 5522 3488 5590 signiﬁcat

1926 5605 2273 5657 miraculum.
2302 5604 2559 5659 Protinus
2579 5620 2711 5661 vero
2739 5609 2955 5678 publice
2969 5612 3252 5667 confluunt
3275 5629 3489 5681 omnes,

1921 5704 2193 5763 gestantes
2228 5695 2502 5763 lampades
2532 5709 2585 5749 et
2618 5714 2881 5757 coronas.
2912 5711 2964 5754 et
2998 5702 3213 5758 divinos
3261 5708 3491 5774 hymnos

1924 5794 2204 5840 canentes.
2241 5784 2305 5837 Et
2342 5803 2463 5839 cum
2514 5789 2593 5842 sic
2646 5804 2738 5842 eas
2792 5794 3049 5860 praeclare
3106 5804 3161 5849 et
3206 5796 3489 5858 magnifico
