4252 6440
806 311 912 372 559

2026 309 2310 370 MENSIS
2360 311 2790 374 DECEMBER.

3938 324 4043 387 560

796 421 906 474 illic
956 416 1360 486 deposuissent,
1422 416 1618 474 uberes
1676 417 1888 473 fructus
1948 419 2346 474 miraculorum
2385 423 2475 489 Α]

2385 435 2426 489 Α
2459 423 2736 494 λαμπρῶς
2761 424 2903 477 αὐτὰ
2933 425 3027 481 καὶ
3059 427 3369 491 πολυτελῶς
3393 430 3511 482 ἐκεῖ
3537 431 3909 501 καταθέμενοι
3945 437 4040 488 δα-

791 508 1039 579 quotidie
1081 507 1391 578 colligunt,
1435 509 1501 563 ad
1540 509 1767 580 gloriam
1811 511 1989 566 Patris
2028 521 2084 566 et
2132 511 2251 566 Filii
2297 528 2354 566 et

791 599 1028 670 Spiritus
1055 601 1251 664 sancti,
1279 600 1447 654 unius
1480 599 1786 656 divinitatis
1815 610 1871 655 et
1897 603 2176 671 potentiae,
2204 619 2351 658 nunc

788 701 844 746 et
875 707 1112 762 semper,
1144 701 1199 748 et
1226 693 1280 747 in
1311 694 1507 750 saecula
1535 697 1883 751 seculorum.
1916 695 2112 750 Amen.

2461 513 2639 581 ψιλείς
2669 513 2780 566 τῶν
2803 513 3102 584 θαυμάτων
3131 517 3373 585 ἑκάστης
3403 519 3701 587 δρέπονται
3739 521 3874 584 τοὺς
3903 541 4042 594 καρ-

2463 608 2621 668 ποὺς,
2655 607 2731 667 εἰς
2763 605 2923 670 δόξαν
2952 608 3186 678 Πατρδς,
3215 610 3346 663 Υἱοῦ
3374 612 3471 665 καὶ
3505 613 3666 680 ἁγίου
3697 615 4038 684 Πνεύματος,

2461 697 2563 766 τῆς
2591 697 2720 764 μιᾶς
2743 699 3010 765 Θεότητός
3037 713 3098 752 τε
3123 702 3525 772 καὶδυνάμεως
3553 703 3673 770 νῦν,
3707 707 3804 758 καὶ
3833 707 3926 760 ἀεὶ
3948 710 4040 760 καὶ

2461 789 2539 849 sl;
2563 787 2690 851 τοὺς
2720 790 2923 853 αἰῶνας
2957 791 3066 844 τῶν
3093 793 3329 849 αξὼνων.
3377 795 3576 866 Ἀμήν.

793 963 4004 992 *Ἥρα-*Μη-

1836 1131 2977 1247 COMMENTARIUS

2073 1355 2212 1413 BER
2227 1358 2268 1415 U
2281 1354 2326 1409 Μ
2363 1353 2633 1414 GESTAE
2645 1358 2737 1418 ΗΜ

919 1539 1389 1710 SANCTI
1513 1536 1685 1707 ET
1804 1532 2432 1702 GL0lll0Sl
2564 1538 2598 1704 β

2185 1535 2432 1702 IOSI
2564 1538 3204 1710 APOSTOLI
3333 1546 3864 1717 Tllllll/li.

1578 1862 1775 1924 (Surius
1800 1865 1858 1912 ad
1889 1864 2018 1912 diem
2043 1864 2097 1911 21
2138 1864 2287 1920 Dec.;
2317 1862 2486 1912 Grece
2516 1875 2610 1910 non
2634 1865 2799 1911 exstat
2820 1861 2868 1911 in
2895 1875 3012 1912 mss.
3043 1863 3223 1924 Paris.)

2347 2043 2410 2054 .—

839 2179 884 2232 1.
919 2175 1056 2231 Olim
1082 2174 1304 2245 quidem
1357 2173 1410 2227 in
1462 2185 1606 2229 terra
1644 2183 1926 2227 versantes
1977 2171 2235 2240 apostoli,
2286 2177 2342 2224 et
2373 2173 2416 2232 Β
2443 2169 2500 2224 in
2531 2169 2639 2224 vita
2673 2184 2934 2240 paupere,
2968 2180 3024 2223 et
3056 2179 3228 2223 artem
3263 2185 3524 2226 exercens
3548 2174 3919 2241 piscatoriam.
3958 2177 4014 2232 in

769 2284 992 2335 terram,
1029 2283 1151 2338 quae
1193 2275 1276 2321 est
1324 2265 1425 2320 sub
1477 2265 1638 2328 caelo,
1685 2265 1975 2324 obeuntes,
2015 2263 2082 2316 iis
2112 2263 2206 2332 qui
2237 2261 2339 2315 im-

771 2364 959 2434 pietati
993 2361 1385 2424 inservieruut,
1416 2359 1784 2429 praedicarunt
1813 2357 2147 2419 libertatem,
2173 2355 2340 2408 mira-

769 2458 911 2512 culis
938 2456 1002 2510 ad
1041 2455 1271 2509 salutem
1324 2453 1393 2507 ab
1441 2466 1628 2506 errore
1666 2450 2068 2512 abstrahentes,
2119 2459 2174 2502 et
2209 2447 2334 2502 lidei

771 2551 1092 2618 malagmate
1126 2546 1464 2600 medicantes
1502 2543 1733 2606 animas,
1760 2557 1879 2611 qua:
1905 2540 2224 2595 laborabant
2251 2541 2334 2594 in-

768 2643 1051 2697 ﬁdelitate.
1077 2641 1372 2708 Postquam
1400 2645 1580 2690 autem
1607 2634 1909 2704 migrarunt
1933 2634 1998 2687 ad
2018 2634 2331 2698 Dominum,

768 2735 872 2802 piis
904 2733 1246 2799 reliquerunt
1293 2742 1546 2796 corpora,
1593 2727 1816 2795 pignora
1851 2726 2065 2788 salutis,
2096 2733 2152 2777 ut
2181 2725 2326 2792 quod

769 2841 892 2880 cum
924 2824 1170 2885 aderant,
1207 2819 1503 2882 laciebant,
1541 2818 1645 2871 hoc
1673 2818 1835 2871 etiam
1884 2826 2168 2883 postquam
2221 2816 2330 2868 mi-

765 2923 1034 2986 grassent,
1069 2912 1368 2975 ellicerent,
1397 2909 1636 2964 emlestis
1663 2908 1807 2962 illius
1835 2907 2070 2974 publica:
2099 2906 2333 2960 celebri-

767 3011 894 3062 tatis
948 3007 1232 3076 imagines,
1286 3017 1477 3058 eorum
1531 3001 1804 3054 memoria
1835 2998 1970 3052 l‘esta
2024 2998 2181 3051 nobis
2230 2999 2334 3050 lar-

763 3103 972 3170 gientes
999 3117 1011 3151 :
1041 3107 1099 3152 ut
1126 3108 1382 3165 tanquam
1425 3108 1547 3149 cum
1573 3092 1935 3161 praesentibus
1964 3101 2020 3145 et
2050 3091 2333 3146 disseren-

763 3195 909 3247 tilius
949 3204 1137 3242 rursus
1180 3197 1478 3248 versantes,
1515 3186 1883 3254 percipiamus
1934 3188 2160 3250 gratiam
2197 3199 2330 3251 apo-

762 3282 1032 3336 stolicam.
1052 3277 1206 3332 Unde
1228 3277 1392 3329 etiam
1423 3291 1569 3328 nunc
1595 3274 1930 3327 clarissimus
1955 3273 2326 3341 apostolorum

763 3375 1037 3434 Thomas,
1086 3384 1182 3438 per
1226 3369 1346 3439 ejus
1400 3368 1717 3420 memoriam
1767 3365 2051 3418 nobiscum
2112 3379 2330 3418 rursum

763 3473 1014 3520 versntur
1048 3479 1059 3513 :
1099 3460 1356 3522 Thomas,
1392 3457 1486 3527 qui
1511 3466 1596 3511 est
1630 3457 1752 3509 lidei
1802 3465 2004 3509 nostrae
2050 3465 2202 3524 pater
2251 3469 2320 3507 ex

2441 2274 2671 2331 utroque
2700 2273 2896 2330 potens
2926 2272 3008 2314 est
3037 2262 3288 2330 cognitus
3328 2281 3340 2316 :
3371 2279 3438 2318 ex
3488 2281 3596 2320 uno
3629 2267 3853 2336 quidem
3902 2270 4020 2326 for-

2439 2363 2619 2406 matus
2650 2352 2717 2405 ad
2751 2354 3097 2415 tenuitatem,
3130 2369 3250 2422 qua:
3289 2367 3419 2410 sunt
3447 2369 3878 2424 supervacanea,
3914 2364 4017 2416 mi-

2437 2446 2586 2499 nime
2615 2444 3016 2508 admittentem,
3057 2455 3112 2500 et
3143 2446 3338 2502 doctus
3369 2464 3490 2502 esse
3521 2461 3845 2506 contentum
3882 2457 4020 2510 solis

2435 2534 2792 2599 necessariis;
2830 2535 2898 2587 ab
2929 2537 3100 2589 altero
3142 2549 3325 2592 autem
3371 2540 3658 2594 institutus
3687 2545 3752 2597 ad
3786 2549 4008 2612 patien-

2438 2626 2565 2680 tiam
2594 2626 2649 2680 in
2678 2627 2980 2691 laboribus,
3027 2637 3081 2682 et
3112 2629 3178 2682 ad
3207 2630 3332 2695 hoc,
3381 2640 3439 2685 ut
3472 2634 3636 2688 rebus
3675 2637 3927 2690 molestis
3956 2649 4012 2692 et

2432 2722 2639 2788 aSperis
2673 2735 2768 2773 sua
2800 2733 2994 2789 sponte
3035 2722 3246 2788 primus
3279 2736 3653 2779 exerceretur.

2502 2812 2595 2865 lll.
2634 2812 2890 2867 Protinus
2922 2815 3106 2882 itaque
3148 2817 3294 2868 nulla
3322 2817 3584 2871 dilatione
3619 2835 3751 2873 usus
3775 2830 3861 2873 cst
3890 2837 3998 2875 nec

2429 2907 2802 2969 cunctatione,
2834 2920 2937 2958 nec
2966 2906 3200 2959 tardavit
3225 2907 3292 2960 ad
3327 2910 3667 2963 vocationem
3702 2930 3716 2969 ;
3746 2912 3842 2965 sed
3873 2913 4014 2966 adeo

2432 2997 2687 3051 celeriter
2712 2997 2815 3050 fuit
2849 3008 3112 3062 mutatus,
3143 3009 3198 3052 et
3229 3000 3444 3053 vinetus
3477 3017 3604 3054 voce
3641 3005 3908 3063 vocantis,
3945 3015 4004 3055 ut

2432 3091 2578 3145 dicto
2602 3093 2764 3147 citius
2801 3094 3116 3146 os‘.enderet
3149 3095 3538 3148 obedientiam.
3565 3100 3740 3165 Atque
3768 3101 3850 3152 sic
3875 3100 4005 3167 qui-

2430 3184 2555 3237 dem
2605 3188 2664 3238 lit
2693 3184 2870 3238 Verbu
2899 3184 3200 3243 familiaris.
3233 3197 3288 3239 et
3327 3187 3563 3241 refertur
3619 3191 3670 3242 in
3708 3205 4001 3244 numerum

2430 3277 2786 3345 reliquorum,
2835 3278 2928 3344 qui
2967 3279 3144 3331 vocati
3173 3269 3437 3332 luerant':
3475 3280 3640 3348 [itque
3689 3283 4000 3348 discipulus

2429 3368 2597 3420 animi
2633 3368 2815 3421 studio
2849 3371 3310 3437 promptissimus.
3343 3371 3592 3423 minister
3620 3372 4000 3435 ﬁdelissimus,

2431 3457 2824 3526 apostolusque
2875 3467 2931 3512 et
2969 3473 3289 3513 (BCODOIIIUS
3321 3461 3741 3527 probatissimns
3779 3475 4005 3530 aposto-

763 3554 1170 3615 incredulitate,
1200 3559 1254 3602 et
1291 3524 1453 3604 index
1489 3549 1764 3618 perfectus
1791 3546 2037 3601 veritatis
2066 3564 2079 3599 :
2114 3548 2210 3613 qui
2245 3546 2328 3600 in-
2353 3524 2395 3580 (ἶ
2428 3524 2572 3602 latus
2605 3524 2886 3619 gentium,
2913 3551 3007 3620 qui
3046 3551 3148 3604 l'uit
3171 3551 3221 3605 ei
3253 3524 3518 3606 creditus.
3568 3554 3761 3608 Szatim
3812 3524 3999 3610 autem

761 3643 1102 3700 credulitatis
1161 3641 1503 3694 occasionem
1554 3638 1856 3706 amputavit
1905 3637 2225 3701 incredulis,
2269 3645 2326 3689 ct

762 3739 921 3792 ﬁdem
959 3734 1331 3803 apostoiorum
1389 3747 1483 3800 per
1536 3729 1970 3783 incredulitatem
2017 3725 2183 3781 ellicit
2227 3725 2324 3779 (ir-

761 3832 1011 3885 miorem.

829 3920 895 3972 ll.
929 3917 1156 3982 Quando
1180 3915 1325 3968 enim
1358 3912 1672 3983 unigenitus
1691 3911 1784 3965 Dei
1806 3911 1998 3975 Filius,
2027 3915 2119 3982 qui
2151 3923 2234 3968 est
2267 3915 2321 3970 in

756 4011 880 4064 sinu
917 4008 1113 4070 Patris,
1145 4022 1254 4059 non
1293 4004 1475 4058 ferens
1505 4003 1690 4056 videre
1722 4017 1881 4056 suum
1910 4006 2225 4073 ligmentum
2259 4007 2316 4059 in

758 4101 961 4170 peccati
987 4100 1305 4150 servitutem
1333 4094 1764 4154 redactum,suis
1791 4093 1892 4144 hac
1919 4097 1971 4144 in
1997 4107 2056 4145 re
2080 4094 2312 4148 inﬂexus

756 4189 1081 4247 visceribus,
1109 4186 1258 4238 visus
1285 4193 1367 4236 est
1391 4183 1533 4236 sicut
1557 4197 1677 4245 nos,
1698 4182 1742 4235 si
1767 4193 2050 4250 peccatum
2071 4182 2319 4252 dempse-

755 4282 850 4339 ris,
877 4290 1004 4332 tunc
1029 4276 1118 4328 hic
1152 4288 1370 4342 quoque
1391 4285 1618 4339 magnus
1631 4272 1926 4338 apostolus.
1945 4280 2070 4338 post
2085 4273 2315 4326 aliorum

753 4369 1148 4437 discipulorum
1202 4364 1547 4424 electionem,
1599 4361 1692 4429 qui
1737 4359 1924 4414 Jesum
1958 4370 2087 4413 sunt
2119 4362 2315 4426 secuti,

747 4466 938 4533 jussus
963 4469 1045 4512 est
1077 4457 1233 4525 sequi
1275 4457 1586 4508 Dominum.
1648 4452 1780 4506 Nam
1827 4467 1951 4506 cum
1986 4454 2039 4505 in
2069 4452 2254 4507 Judaia
2284 4470 2314 4509 a

757 4563 930 4606 matre
965 4561 1108 4606 esset
1141 4551 1193 4602 in
1224 4550 1399 4602 lucem
1429 4547 1631 4608 editus,
1659 4545 1866 4599 habens
1907 4555 2179 4614 parentes,
2216 4547 2312 4615 qui

751 4648 915 4698 vitam
947 4645 1184 4697 tenuiter
1224 4640 1495 4710 agebant,
1522 4638 1591 4690 ab
1629 4637 1709 4690 eis
1753 4635 1999 4689 alebatur
2032 4645 2089 4688 et
2115 4637 2312 4690 educa-

749 4741 931 4796 batur,
964 4746 1015 4788 et
1068 4732 1133 4785 ad
1171 4733 1335 4784 vitam
1387 4726 1724 4781 formabatur
1772 4725 2030 4791 similem,
2066 4727 2235 4778 veluti
2282 4742 2311 4779 a

2425 3648 2481 3691 et
2509 3639 2576 3692 ad
2607 3644 2969 3707 apostolatum
3001 3640 3104 3694 fuit
3134 3642 3549 3707 corroboratus,
3580 3654 3636 3698 et
3670 3646 3855 3699 divina
3891 3649 3996 3700 im-

2425 3731 2607 3800 pletus
2654 3734 2858 3787 virtute
2886 3771 2901 3794 ,
2931 3743 2987 3785 et
3019 3733 3404 3786 miraculorum
3457 3735 3610 3790 dives
3654 3739 3998 3804 operatione,

2423 3824 2617 3875 Statuit
2648 3838 2772 3877 eum
2804 3823 2986 3877 Verbo
3017 3825 3221 3877 versari
3247 3836 3530 3893 perpetuo.
3571 3828 3710 3881 Cum
3739 3845 3850 3896 quo
3875 3833 4002 3898 qui-

2422 3912 2546 3968 dem
2577 3915 2780 3985 dcgens
2809 3925 2923 3970 toto
2948 3925 3211 3985 tempore,
3239 3933 3348 3985 quo
3376 3920 3540 3970 vitam
3566 3919 3678 3986 egit
3717 3922 3769 3973 in
3805 3936 3996 3985 ιιι-ηρ.

2421 4005 2621 4058 multas
2651 4005 2871 4073 quidem
2922 4020 3046 4058 cum
3091 4020 3158 4058 eo
3203 4007 3374 4059 subiit
3407 4006 3751 4066 amictiones,
3791 4012 3995 4066 multas

2419 4104 2601 4149 autem
2629 4095 3046 4164 persecutiones
3084 4103 3142 4148 et
3178 4095 3556 4163 migrationes.
3592 4097 3658 4149 Et
3688 4097 3994 4165 aliquando

2417 4187 2638 4256 quidem
2667 4201 2791 4240 cum
2824 4187 2938 4255 ipse
2965 4201 2996 4239 a
3014 4185 3220 4241 Iudaeis
3245 4189 3639 4255 expelleretur,
3662 4189 3828 4242 simul
3854 4207 3994 4258 quo-

2415 4293 2524 4347 que
2556 4292 2678 4331 cum
2707 4293 2773 4332 eo
2799 4278 3210 4347 expelleliatur;
3252 4287 3307 4331 et
3352 4293 3475 4332 cum
3514 4279 3792 4347 lapidibus
3822 4297 3994 4349 appe-

2418 4378 2645 4432 teretur,
2678 4368 2792 4436 ipse
2825 4383 3043 4438 quoque
3073 4369 3233 4422 simul
3265 4371 3657 4438 appetebatur;
3683 4372 3988 4443 aliquando

2416 4469 2596 4514 autem
2626 4475 2750 4514 cum
2785 4459 2962 4528 ipsum
2994 4460 3194 4514 vellent
3242 4460 3490 4515 in’suam
3532 4463 3781 4531 redigere
3831 4474 3988 4531 pote-

2420 4561 2642 4616 statem,
2678 4559 2734 4605 et
2788 4560 2965 4605 morte
3005 4550 3242 4615 allicere,
3290 4563 3516 4621 paratus
3560 4568 3679 4607 erat
3724 4555 3988 4609 alacriter

2413 4657 2537 4695 eum
2578 4642 2696 4711 ipso
2723 4649 2901 4695 tuorte
2928 4640 3090 4708 allici,
3126 4641 3400 4697 desiderio
3433 4645 3646 4711 plenam
3691 4644 3840 4697 illam
3887 4660 3986 4699 vo-

2412 4748 2530 4788 cem
2564 4735 2821 4787 emittcus
2864 4731 2933 4786 ad
2976 4732 3267 4787 Dominum
3299 4749 3314 4786 :
3345 4751 3363 4784 ι
3404 4732 3622 4797 Eamus,
3668 4744 3724 4789 et
3775 4738 3978 4789 moria-

743 4824 983 4893 quodatn
1014 4824 1222 4891 Optimo
1253 4819 1561 4890 paedagogo,
1601 4827 1918 4886 paupertate
1963 4819 2230 4878 eruditus,
2256 4827 2310 4872 et
2341 4856 2384 4907 Β
2413 4841 2536 4878 mur
2573 4840 2697 4879 cum
2730 4825 2849 4892 ipso
2875 4824 2913 4876 ‘.
2947 4841 2966 4875 ι
3000 4823 3232 4890 Quando
3259 4824 3406 4879 enim
3438 4827 3674 4880 amicum
3709 4825 3980 4881 Lazarum

747 4918 814 4972 ad
843 4916 1057 4971 Domini
1098 4914 1508 4982 suscipiendum
1541 4919 1873 4980 praeceptum
1915 4921 2076 4979 aptus
2125 4911 2307 4965 reddi-

751 5026 856 5066 tus.
904 5009 1094 5062 Libros
1143 5007 1325 5074 itaque
1377 5006 1559 5073 legens
1609 5005 1871 5057 Mosaicos
1904 5003 1966 5071 (ii
2004 5004 2152 5056 enim
2184 5003 2311 5056 dili-

745 5112 933 5170 genter
968 5099 1414 5169 proponebantur
1441 5097 1567 5150 [illis
1586 5096 1917 5164 Iudaeorum)
1949 5096 2310 5163 componebat

745 5197 968 5266 quidem
997 5209 1126 5246 suos
1153 5206 1334 5246 mores
1380 5190 1446 5243 ad
1497 5189 1838 5242 honestatem
1878 5203 1891 5238 :
1926 5187 2174 5240 doctrina
2209 5203 2309 5239 au-

748 5301 857 5342 lem
888 5287 1222 5339 lorinabatur
1247 5282 1312 5336 ad
1342 5297 1428 5335 res
1457 5280 1773 5342 diviniores,
1821 5289 1876 5332 et
1916 5293 1942 5331 a
1999 5280 2306 5347 puerilibus

748 5378 936 5444 procul
968 5385 1209 5429 remotus
1242 5373 1518 5437 ludibriis,
1555 5372 1947 5426 instituebatur
1993 5380 2049 5424 et
2097 5385 2306 5424 cresce-

749 5471 860 5530 bat,
913 5469 1084 5520 donec
1134 5467 1468 5532 pervenisset
1518 5464 1584 5520 ad
1652 5467 1945 5534 perfectam
1995 5477 2306 5517 mensuram

745 5561 920 5612 artatis
945 5559 1172 5613 Christi.
1203 5559 1405 5612 Vivens
1446 5559 1622 5624 enim,
1657 5559 1797 5613 sicut
1851 5557 2002 5625 prius
2044 5556 2303 5618 diximus,

847 5741 865 5770 ⁸
907 5739 1059 5793 Joun.
1093 5753 1166 5801 λι,
1205 5739 1279 5788 ιο.

2411 4933 2441 4969 a
2475 4917 2712 4971 mortuis
2762 4917 3133 4972 suscitaturus
3165 4919 3426 4987 pergebat
3459 4917 3726 4982 Salvator,
3755 4923 3984 4987 quando

2411 5022 2507 5075 per
2535 5006 2838 5060 absentiam
2868 5009 3143 5062 concessit
3197 5008 3356 5062 morti
3395 5023 3662 5077 superare
3699 5019 3978 5072 naturam,

2408 5096 2627 5164 quando
2661 5094 2829 5148 voluit
2867 5096 3162 5150 ostendere
3194 5097 3506 5166 sepulcrum
3537 5097 3714 5150 somni
3766 5097 3976 5160 locum,

2411 5186 2635 5254 quando
2667 5186 2910 5240 vinctum
2945 5194 3218 5239 mortuum
3255 5186 3422 5238 voluit
3471 5185 3683 5239 edicere
3711 5186 3780 5239 ad
3813 5203 3972 5242 voca-

2405 5279 2606 5332 tionem
2645 5278 2779 5331 vivis
2816 5277 3157 5339 eeleriorem,
3185 5287 3316 5330 tunc
3361 5278 3686 5331 accedentes
3713 5280 3976 5348 discipuli

2405 5381 2608 5425 metum
2641 5371 3011 5440 praedicabant
3035 5371 3372 5432 ludicorum,
3404 5371 3609 5440 lapides
3638 5371 3973 5425 revocabant

2407 5461 2459 5515 in
2496 5464 2838 5522 memoriam,
2871 5461 3310 5515 dehortabantur
3372 5476 3440 5514 ne
3475 5461 3802 5515 accederet:
3837 5461 3974 5513 cla-

2407 5553 2596 5624 gister,
2641 5553 2912 5615 dicentes,
2968 5568 3115 5607 nunc
3164 5551 3482 5624 quaerebant
3530 5553 3698 5606 Judaei
3735 5560 3787 5604 te
3823 5554 3972 5607 occi-
