  <div class='ocr_page' id='page_1' title='image "/cluster/home/n/w/nwhite01/storage/ocr_20150623/116/nnc1.0046980156/320.png"; bbox 0 0 4252 6440; ppageno 0'>
   <div class='ocr_carea' id='block_1_1' title="bbox 231 389 332 453">
    <p class='ocr_par' dir='ltr' id='par_1_1' title="bbox 231 389 332 453">
     <span class='ocr_line' id='line_1_1' title="bbox 231 389 332 453; baseline -0.01 0"><span class='ocrx_word' id='word_1_1' title='bbox 231 389 332 453; x_wconf 73' lang='grc'><strong>561</strong></span> 
     </span>
    </p>
   </div>
   <div class='ocr_carea' id='block_1_2' title="bbox 1334 388 2377 450">
    <p class='ocr_par' dir='ltr' id='par_1_2' title="bbox 1334 388 2377 450">
     <span class='ocr_line' id='line_1_2' title="bbox 1334 388 2377 450; baseline 0.004 -5"><span class='ocrx_word' id='word_1_2' title='bbox 1334 389 1513 449; x_wconf 71' lang='lat' dir='ltr'><strong>\‘ITA</strong></span> <span class='ocrx_word' id='word_1_3' title='bbox 1560 389 1621 448; x_wconf 91' lang='lat' dir='ltr'><strong>S.</strong></span> <span class='ocrx_word' id='word_1_4' title='bbox 1658 388 1946 449; x_wconf 77' lang='grc' dir='ltr'><strong>ΤΗΟΜιΕ</strong></span> <span class='ocrx_word' id='word_1_5' title='bbox 1987 390 2377 450; x_wconf 80' lang='lat' dir='ltr'><strong>APOS’I‘OLI.</strong></span> 
     </span>
    </p>
   </div>
   <div class='ocr_carea' id='block_1_3' title="bbox 3379 387 3480 448">
    <p class='ocr_par' dir='ltr' id='par_1_3' title="bbox 3379 387 3480 448">
     <span class='ocr_line' id='line_1_3' title="bbox 3379 387 3480 448; baseline 0 -2"><span class='ocrx_word' id='word_1_6' title='bbox 3379 387 3480 448; x_wconf 72' lang='grc'><strong>562</strong></span> 
     </span>
    </p>
   </div>
   <div class='ocr_carea' id='block_1_4' title="bbox 227 499 3475 569">
    <p class='ocr_par' dir='ltr' id='par_1_4' title="bbox 227 499 3475 569">
     <span class='ocr_line' id='line_1_4' title="bbox 227 499 3475 569; baseline -0.002 -10"><span class='ocrx_word' id='word_1_7' title='bbox 227 508 384 569; x_wconf 88' lang='lat' dir='ltr'><strong>dere,</strong></span> <span class='ocrx_word' id='word_1_8' title='bbox 415 515 471 559; x_wconf 87' lang='lat' dir='ltr'><strong>et</strong></span> <span class='ocrx_word' id='word_1_9' title='bbox 506 518 694 558; x_wconf 83' lang='lat' dir='ltr'><strong>rursus</strong></span> <span class='ocrx_word' id='word_1_10' title='bbox 726 502 880 558; x_wconf 87' lang='lat' dir='ltr'><strong>vadis</strong></span> <span class='ocrx_word' id='word_1_11' title='bbox 904 503 1034 560; x_wconf 91' lang='lat' dir='ltr'><strong>illuc</strong></span> <span class='ocrx_word' id='word_1_12' title='bbox 1060 500 1119 553; x_wconf 67' lang='grc' dir='ltr'><strong>’ἲ</strong></span> <span class='ocrx_word' id='word_1_13' title='bbox 1162 520 1178 551; x_wconf 72' lang='grc' dir='ltr'><strong>ι</strong></span> <span class='ocrx_word' id='word_1_14' title='bbox 1213 501 1347 556; x_wconf 89' lang='lat' dir='ltr'><strong>Cum</strong></span> <span class='ocrx_word' id='word_1_15' title='bbox 1373 511 1554 562; x_wconf 84' lang='lat' dir='ltr'><strong>autem</strong></span> <span class='ocrx_word' id='word_1_16' title='bbox 1586 502 1659 554; x_wconf 82' lang='lat' dir='ltr'><strong>illi</strong></span> <span class='ocrx_word' id='word_1_17' title='bbox 1696 516 1805 557; x_wconf 88' lang='lat' dir='ltr'><strong>non</strong></span> <span class='ocrx_word' id='word_1_18' title='bbox 1837 506 1880 561; x_wconf 78' lang='grc' dir='ltr'><strong>Α</strong></span> <span class='ocrx_word' id='word_1_19' title='bbox 1912 502 2064 555; x_wconf 84' lang='lat' dir='ltr'><strong>cruci</strong></span> <span class='ocrx_word' id='word_1_20' title='bbox 2099 499 2433 555; x_wconf 75' lang='lat' dir='ltr'><strong>afﬁxerunt?</strong></span> <span class='ocrx_word' id='word_1_21' title='bbox 2464 500 2565 566; x_wconf 82' lang='lat' dir='ltr'><strong>Qui</strong></span> <span class='ocrx_word' id='word_1_22' title='bbox 2617 499 2839 552; x_wconf 67' lang='lat' dir='ltr'><strong>Tbomze</strong></span> <span class='ocrx_word' id='word_1_23' title='bbox 2888 514 2993 553; x_wconf 90' lang='lat' dir='ltr'><strong>non</strong></span> <span class='ocrx_word' id='word_1_24' title='bbox 3052 513 3437 566; x_wconf 78' lang='lat' dir='ltr'><strong>persuaserunt</strong></span> <span class='ocrx_word' id='word_1_25' title='bbox 3464 540 3475 560; x_wconf 57' lang='grc' dir='ltr'>τ</span> 
     </span>
    </p>
   </div>
   <div class='ocr_carea' id='block_1_5' title="bbox 229 588 1802 665">
    <p class='ocr_par' dir='ltr' id='par_1_5' title="bbox 229 588 1802 665">
     <span class='ocr_line' id='line_1_5' title="bbox 229 588 1802 665; baseline -0.006 -17"><span class='ocrx_word' id='word_1_26' title='bbox 229 602 461 665; x_wconf 76' lang='lat' dir='ltr'><strong>possent</strong></span> <span class='ocrx_word' id='word_1_27' title='bbox 489 591 821 661; x_wconf 80' lang='lat' dir='ltr'><strong>persuadere</strong></span> <span class='ocrx_word' id='word_1_28' title='bbox 848 593 979 660; x_wconf 78' lang='lat' dir='ltr'><strong>(non</strong></span> <span class='ocrx_word' id='word_1_29' title='bbox 1003 589 1150 643; x_wconf 90' lang='lat' dir='ltr'><strong>enim</strong></span> <span class='ocrx_word' id='word_1_30' title='bbox 1174 588 1464 657; x_wconf 88' lang='lat' dir='ltr'><strong>oportebat</strong></span> <span class='ocrx_word' id='word_1_31' title='bbox 1498 588 1802 648; x_wconf 78' lang='lat' dir='ltr'><strong>infantiam.</strong></span> 
     </span>
    </p>
   </div>
   <div class='ocr_carea' id='block_1_6' title="bbox 230 680 1808 759">
    <p class='ocr_par' dir='ltr' id='par_1_6' title="bbox 230 680 1808 759">
     <span class='ocr_line' id='line_1_6' title="bbox 230 680 1808 759; baseline -0.007 -16"><span class='ocrx_word' id='word_1_32' title='bbox 230 703 357 759; x_wconf 73' lang='lat' dir='ltr'><strong>quae</strong></span> <span class='ocrx_word' id='word_1_33' title='bbox 388 698 515 741; x_wconf 90' lang='lat' dir='ltr'><strong>tunc</strong></span> <span class='ocrx_word' id='word_1_34' title='bbox 544 694 682 751; x_wconf 87' lang='lat' dir='ltr'><strong>erat,</strong></span> <span class='ocrx_word' id='word_1_35' title='bbox 715 684 1135 753; x_wconf 89' lang='lat' dir='ltr'><strong>discipulorum,</strong></span> <span class='ocrx_word' id='word_1_36' title='bbox 1172 684 1329 736; x_wconf 89' lang='lat' dir='ltr'><strong>morti</strong></span> <span class='ocrx_word' id='word_1_37' title='bbox 1356 697 1513 751; x_wconf 82' lang='lat' dir='ltr'><strong>Opem</strong></span> <span class='ocrx_word' id='word_1_38' title='bbox 1546 682 1687 735; x_wconf 89' lang='lat' dir='ltr'><strong>ferre</strong></span> <span class='ocrx_word' id='word_1_39' title='bbox 1715 680 1808 733; x_wconf 54' lang='lat' dir='ltr'><strong>axi-</strong></span> 
     </span>
    </p>
   </div>
   <div class='ocr_carea' id='block_1_7' title="bbox 232 772 1811 843">
    <p class='ocr_par' dir='ltr' id='par_1_7' title="bbox 232 772 1811 843">
     <span class='ocr_line' id='line_1_7' title="bbox 232 772 1811 843; baseline -0.004 -11"><span class='ocrx_word' id='word_1_40' title='bbox 232 796 430 834; x_wconf 85' lang='lat' dir='ltr'><strong>versus</strong></span> <span class='ocrx_word' id='word_1_41' title='bbox 454 779 742 839; x_wconf 79' lang='lat' dir='ltr'><strong>Lazarum.</strong></span> <span class='ocrx_word' id='word_1_42' title='bbox 773 791 951 843; x_wconf 89' lang='lat' dir='ltr'><strong>neque</strong></span> <span class='ocrx_word' id='word_1_43' title='bbox 980 775 1431 843; x_wconf 86' lang='lat' dir='ltr'><strong>impedimentum</strong></span> <span class='ocrx_word' id='word_1_44' title='bbox 1467 772 1811 826; x_wconf 88' lang='lat' dir='ltr'><strong>liberationis</strong></span> 
     </span>
    </p>
   </div>
   <div class='ocr_carea' id='block_1_8' title="bbox 230 868 1811 938">
    <p class='ocr_par' dir='ltr' id='par_1_8' title="bbox 230 868 1811 938">
     <span class='ocr_line' id='line_1_8' title="bbox 230 868 1811 938; baseline -0.003 -13"><span class='ocrx_word' id='word_1_45' title='bbox 230 886 302 926; x_wconf 81' lang='lat' dir='ltr'><strong>es</strong></span> <span class='ocrx_word' id='word_1_46' title='bbox 329 870 624 938; x_wconf 85' lang='lat' dir='ltr'><strong>sepulcris,</strong></span> <span class='ocrx_word' id='word_1_47' title='bbox 672 870 893 923; x_wconf 90' lang='lat' dir='ltr'><strong>illorum</strong></span> <span class='ocrx_word' id='word_1_48' title='bbox 926 868 1078 923; x_wconf 89' lang='lat' dir='ltr'><strong>cerni</strong></span> <span class='ocrx_word' id='word_1_49' title='bbox 1130 868 1522 936; x_wconf 83' lang='lat' dir='ltr'><strong>timiditatem),</strong></span> <span class='ocrx_word' id='word_1_50' title='bbox 1560 875 1707 919; x_wconf 90' lang='lat' dir='ltr'><strong>metu</strong></span> <span class='ocrx_word' id='word_1_51' title='bbox 1757 878 1811 920; x_wconf 89' lang='lat' dir='ltr'><strong>et</strong></span> 
     </span>
    </p>
   </div>
   <div class='ocr_carea' id='block_1_9' title="bbox 238 956 1811 1022">
    <p class='ocr_par' dir='ltr' id='par_1_9' title="bbox 238 956 1811 1022">
     <span class='ocr_line' id='line_1_9' title="bbox 238 956 1811 1022; baseline -0.003 -7"><span class='ocrx_word' id='word_1_52' title='bbox 238 962 520 1016; x_wconf 87' lang='lat' dir='ltr'><strong>desiderio</strong></span> <span class='ocrx_word' id='word_1_53' title='bbox 552 961 833 1016; x_wconf 68' lang='lat' dir='ltr'><strong>distractis</strong></span> <span class='ocrx_word' id='word_1_54' title='bbox 859 976 1053 1014; x_wconf 89' lang='lat' dir='ltr'><strong>eorum</strong></span> <span class='ocrx_word' id='word_1_55' title='bbox 1088 960 1305 1022; x_wconf 87' lang='lat' dir='ltr'><strong>animis.</strong></span> <span class='ocrx_word' id='word_1_56' title='bbox 1345 956 1811 1014; x_wconf 79' lang='lat' dir='ltr'><strong>convertebantur</strong></span> 
     </span>
    </p>
   </div>
   <div class='ocr_carea' id='block_1_10' title="bbox 237 1051 1815 1123">
    <p class='ocr_par' dir='ltr' id='par_1_10' title="bbox 237 1051 1815 1123">
     <span class='ocr_line' id='line_1_10' title="bbox 237 1051 1815 1123; baseline -0.001 -15"><span class='ocrx_word' id='word_1_57' title='bbox 237 1054 309 1108; x_wconf 88' lang='lat' dir='ltr'><strong>ad</strong></span> <span class='ocrx_word' id='word_1_58' title='bbox 360 1054 530 1108; x_wconf 88' lang='lat' dir='ltr'><strong>animi</strong></span> <span class='ocrx_word' id='word_1_59' title='bbox 571 1053 980 1123; x_wconf 64' lang='lat' dir='ltr'><strong>cgritudinem.</strong></span> <span class='ocrx_word' id='word_1_60' title='bbox 1023 1051 1127 1107; x_wconf 88' lang='lat' dir='ltr'><strong>Sed</strong></span> <span class='ocrx_word' id='word_1_61' title='bbox 1184 1052 1420 1108; x_wconf 77' lang='lat' dir='ltr'><strong>Thomas</strong></span> <span class='ocrx_word' id='word_1_62' title='bbox 1464 1065 1716 1122; x_wconf 83' lang='lat' dir='ltr'><strong>prompte</strong></span> <span class='ocrx_word' id='word_1_63' title='bbox 1759 1063 1815 1108; x_wconf 91' lang='lat' dir='ltr'><strong>et</strong></span> 
     </span>
    </p>
   </div>
   <div class='ocr_carea' id='block_1_11' title="bbox 240 1145 1814 1213">
    <p class='ocr_par' dir='ltr' id='par_1_11' title="bbox 240 1145 1814 1213">
     <span class='ocr_line' id='line_1_11' title="bbox 240 1145 1814 1213; baseline -0.002 -13"><span class='ocrx_word' id='word_1_64' title='bbox 240 1147 496 1200; x_wconf 90' lang='lat' dir='ltr'><strong>alacriter</strong></span> <span class='ocrx_word' id='word_1_65' title='bbox 524 1146 742 1199; x_wconf 86' lang='lat' dir='ltr'><strong>solvens</strong></span> <span class='ocrx_word' id='word_1_66' title='bbox 774 1146 1037 1213; x_wconf 79' lang='lat' dir='ltr'><strong>apostolis</strong></span> <span class='ocrx_word' id='word_1_67' title='bbox 1064 1145 1370 1199; x_wconf 78' lang='lat' dir='ltr'><strong>molestiam</strong></span> <span class='ocrx_word' id='word_1_68' title='bbox 1407 1161 1421 1197; x_wconf 88' lang='lat'><strong>:</strong></span> <span class='ocrx_word' id='word_1_69' title='bbox 1473 1163 1491 1195; x_wconf 78' lang='grc' dir='ltr'>ι</span> <span class='ocrx_word' id='word_1_70' title='bbox 1531 1145 1733 1199; x_wconf 84' lang='lat' dir='ltr'><strong>Eamus</strong></span> <span class='ocrx_word' id='word_1_71' title='bbox 1760 1152 1814 1199; x_wconf 89' lang='lat' dir='ltr'><strong>et</strong></span> 
     </span>
    </p>
   </div>
   <div class='ocr_carea' id='block_1_12' title="bbox 246 1234 1812 1304">
    <p class='ocr_par' dir='ltr' id='par_1_12' title="bbox 246 1234 1812 1304">
     <span class='ocr_line' id='line_1_12' title="bbox 246 1234 1812 1304; baseline -0.001 -14"><span class='ocrx_word' id='word_1_72' title='bbox 246 1251 372 1298; x_wconf 86' lang='lat' dir='ltr'><strong>nos,</strong></span> <span class='ocrx_word' id='word_1_73' title='bbox 424 1234 624 1304; x_wconf 79' lang='lat' dir='ltr'><strong>inquit,</strong></span> <span class='ocrx_word' id='word_1_74' title='bbox 657 1245 713 1288; x_wconf 90' lang='lat' dir='ltr'><strong>et</strong></span> <span class='ocrx_word' id='word_1_75' title='bbox 748 1234 1050 1287; x_wconf 85' lang='lat' dir='ltr'><strong>moriamur</strong></span> <span class='ocrx_word' id='word_1_76' title='bbox 1103 1249 1227 1289; x_wconf 89' lang='lat' dir='ltr'><strong>cum</strong></span> <span class='ocrx_word' id='word_1_77' title='bbox 1271 1234 1409 1303; x_wconf 82' lang='lat' dir='ltr'><strong>ipso.</strong></span> <span class='ocrx_word' id='word_1_78' title='bbox 1468 1234 1628 1287; x_wconf 59' lang='lat' dir='ltr'><strong>“list</strong></span> <span class='ocrx_word' id='word_1_79' title='bbox 1666 1236 1812 1288; x_wconf 88' lang='lat' dir='ltr'><strong>enim</strong></span> 
     </span>
    </p>
   </div>
   <div class='ocr_carea' id='block_1_13' title="bbox 241 1325 1812 1397">
    <p class='ocr_par' dir='ltr' id='par_1_13' title="bbox 241 1325 1812 1397">
     <span class='ocr_line' id='line_1_13' title="bbox 241 1325 1812 1397; baseline -0.001 -17"><span class='ocrx_word' id='word_1_80' title='bbox 241 1328 440 1395; x_wconf 78' lang='lat' dir='ltr'><strong>quavis</strong></span> <span class='ocrx_word' id='word_1_81' title='bbox 491 1327 599 1378; x_wconf 87' lang='lat' dir='ltr'><strong>vita</strong></span> <span class='ocrx_word' id='word_1_82' title='bbox 649 1325 865 1389; x_wconf 88' lang='lat' dir='ltr'><strong>melior,</strong></span> <span class='ocrx_word' id='word_1_83' title='bbox 897 1341 1016 1394; x_wconf 71' lang='lat' dir='ltr'><strong>qua:</strong></span> <span class='ocrx_word' id='word_1_84' title='bbox 1066 1340 1192 1379; x_wconf 90' lang='lat' dir='ltr'><strong>cum</strong></span> <span class='ocrx_word' id='word_1_85' title='bbox 1243 1326 1473 1380; x_wconf 84' lang='lat' dir='ltr'><strong>Domino</strong></span> <span class='ocrx_word' id='word_1_86' title='bbox 1523 1326 1812 1397; x_wconf 78' lang='lat' dir='ltr'><strong>accipitur,</strong></span> 
     </span>
    </p>
   </div>
   <div class='ocr_carea' id='block_1_14' title="bbox 244 1415 1817 1483">
    <p class='ocr_par' dir='ltr' id='par_1_14' title="bbox 244 1415 1817 1483">
     <span class='ocr_line' id='line_1_14' title="bbox 244 1415 1817 1483; baseline 0.002 -11"><span class='ocrx_word' id='word_1_87' title='bbox 244 1417 472 1472; x_wconf 90' lang='lat' dir='ltr'><strong>occisio.</strong></span> <span class='ocrx_word' id='word_1_88' title='bbox 511 1416 687 1483; x_wconf 82' lang='lat' dir='ltr'><strong>Atque</strong></span> <span class='ocrx_word' id='word_1_89' title='bbox 742 1416 855 1469; x_wconf 71' lang='lat' dir='ltr'><strong>haec</strong></span> <span class='ocrx_word' id='word_1_90' title='bbox 890 1415 1112 1482; x_wconf 87' lang='lat' dir='ltr'><strong>quidem</strong></span> <span class='ocrx_word' id='word_1_91' title='bbox 1157 1418 1236 1472; x_wconf 86' lang='lat' dir='ltr'><strong>sic</strong></span> <span class='ocrx_word' id='word_1_92' title='bbox 1289 1434 1347 1473; x_wconf 90' lang='lat' dir='ltr'><strong>se</strong></span> <span class='ocrx_word' id='word_1_93' title='bbox 1407 1418 1707 1483; x_wconf 77' lang='lat' dir='ltr'><strong>habebant,</strong></span> <span class='ocrx_word' id='word_1_94' title='bbox 1760 1431 1817 1475; x_wconf 90' lang='lat' dir='ltr'><strong>et</strong></span> 
     </span>
    </p>
   </div>
   <div class='ocr_carea' id='block_1_15' title="bbox 246 1507 1815 1581">
    <p class='ocr_par' dir='ltr' id='par_1_15' title="bbox 246 1507 1815 1581">
     <span class='ocr_line' id='line_1_15' title="bbox 246 1507 1815 1581; baseline 0.003 -20"><span class='ocrx_word' id='word_1_95' title='bbox 246 1508 623 1577; x_wconf 77' lang='lat' dir='ltr'><strong>apostolorum</strong></span> <span class='ocrx_word' id='word_1_96' title='bbox 656 1507 871 1560; x_wconf 89' lang='lat' dir='ltr'><strong>animos</strong></span> <span class='ocrx_word' id='word_1_97' title='bbox 896 1507 1172 1563; x_wconf 80' lang='lat' dir='ltr'><strong>detinebat</strong></span> <span class='ocrx_word' id='word_1_98' title='bbox 1211 1510 1523 1573; x_wconf 89' lang='lat' dir='ltr'><strong>admiratio,</strong></span> <span class='ocrx_word' id='word_1_99' title='bbox 1564 1513 1815 1581; x_wconf 83' lang='lat' dir='ltr'><strong>cogitan-</strong></span> 
     </span>
    </p>
   </div>
   <div class='ocr_carea' id='block_1_16' title="bbox 246 1601 1814 1669">
    <p class='ocr_par' dir='ltr' id='par_1_16' title="bbox 246 1601 1814 1669">
     <span class='ocr_line' id='line_1_16' title="bbox 246 1601 1814 1669; baseline 0.004 -16"><span class='ocrx_word' id='word_1_100' title='bbox 246 1612 330 1655; x_wconf 87' lang='lat' dir='ltr'><strong>tes</strong></span> <span class='ocrx_word' id='word_1_101' title='bbox 367 1601 727 1669; x_wconf 82' lang='lat' dir='ltr'><strong>condiscipuli</strong></span> <span class='ocrx_word' id='word_1_102' title='bbox 761 1602 1043 1654; x_wconf 80' lang='lat' dir='ltr'><strong>audaciam</strong></span> <span class='ocrx_word' id='word_1_103' title='bbox 1080 1602 1147 1656; x_wconf 86' lang='lat' dir='ltr'><strong>ad</strong></span> <span class='ocrx_word' id='word_1_104' title='bbox 1179 1615 1407 1657; x_wconf 87' lang='lat' dir='ltr'><strong>mortem</strong></span> <span class='ocrx_word' id='word_1_105' title='bbox 1453 1605 1814 1660; x_wconf 89' lang='lat' dir='ltr'><strong>subeundam.</strong></span> 
     </span>
    </p>
   </div>
   <div class='ocr_carea' id='block_1_17' title="bbox 317 1694 1815 1759">
    <p class='ocr_par' dir='ltr' id='par_1_17' title="bbox 317 1694 1815 1759">
     <span class='ocr_line' id='line_1_17' title="bbox 317 1694 1815 1759; baseline 0.003 -12"><span class='ocrx_word' id='word_1_106' title='bbox 317 1694 406 1747; x_wconf 73' lang='grc' dir='ltr'><strong>ιν.</strong></span> <span class='ocrx_word' id='word_1_107' title='bbox 438 1694 538 1747; x_wconf 70' lang='lat' dir='ltr'><strong>Sed</strong></span> <span class='ocrx_word' id='word_1_108' title='bbox 567 1709 687 1747; x_wconf 85' lang='lat' dir='ltr'><strong>cum</strong></span> <span class='ocrx_word' id='word_1_109' title='bbox 719 1710 852 1747; x_wconf 70' lang='lat' dir='ltr'><strong>crux</strong></span> <span class='ocrx_word' id='word_1_110' title='bbox 880 1696 977 1746; x_wconf 68' lang='lat' dir='ltr'><strong>fixa</strong></span> <span class='ocrx_word' id='word_1_111' title='bbox 999 1694 1223 1759; x_wconf 78' lang='lat' dir='ltr'><strong>luisset,</strong></span> <span class='ocrx_word' id='word_1_112' title='bbox 1256 1707 1308 1749; x_wconf 90' lang='lat' dir='ltr'><strong>et</strong></span> <span class='ocrx_word' id='word_1_113' title='bbox 1337 1711 1483 1751; x_wconf 86' lang='lat' dir='ltr'><strong>mors</strong></span> <span class='ocrx_word' id='word_1_114' title='bbox 1504 1709 1651 1752; x_wconf 88' lang='lat' dir='ltr'><strong>esset</strong></span> <span class='ocrx_word' id='word_1_115' title='bbox 1690 1714 1815 1753; x_wconf 85' lang='lat' dir='ltr'><strong>sus-</strong></span> 
     </span>
    </p>
   </div>
   <div class='ocr_carea' id='block_1_18' title="bbox 250 1783 1817 1855">
    <p class='ocr_par' dir='ltr' id='par_1_18' title="bbox 250 1783 1817 1855">
     <span class='ocr_line' id='line_1_18' title="bbox 250 1783 1817 1855; baseline 0.004 -18"><span class='ocrx_word' id='word_1_116' title='bbox 250 1797 437 1852; x_wconf 82' lang='lat' dir='ltr'><strong>pensa,</strong></span> <span class='ocrx_word' id='word_1_117' title='bbox 471 1793 525 1836; x_wconf 90' lang='lat' dir='ltr'><strong>et</strong></span> <span class='ocrx_word' id='word_1_118' title='bbox 562 1783 807 1837; x_wconf 83' lang='lat' dir='ltr'><strong>infernus</strong></span> <span class='ocrx_word' id='word_1_119' title='bbox 850 1784 1158 1839; x_wconf 85' lang='lat' dir='ltr'><strong>traheretur</strong></span> <span class='ocrx_word' id='word_1_120' title='bbox 1188 1788 1460 1855; x_wconf 86' lang='lat' dir='ltr'><strong>captivus,</strong></span> <span class='ocrx_word' id='word_1_121' title='bbox 1497 1797 1554 1841; x_wconf 84' lang='lat' dir='ltr'><strong>et</strong></span> <span class='ocrx_word' id='word_1_122' title='bbox 1610 1798 1817 1843; x_wconf 90' lang='lat' dir='ltr'><strong>mutata</strong></span> 
     </span>
    </p>
   </div>
   <div class='ocr_carea' id='block_1_19' title="bbox 246 1875 1819 1943">
    <p class='ocr_par' dir='ltr' id='par_1_19' title="bbox 246 1875 1819 1943">
     <span class='ocr_line' id='line_1_19' title="bbox 246 1875 1819 1943; baseline 0.005 -15"><span class='ocrx_word' id='word_1_123' title='bbox 246 1882 395 1929; x_wconf 81' lang='lat' dir='ltr'><strong>esset</strong></span> <span class='ocrx_word' id='word_1_124' title='bbox 442 1875 527 1927; x_wconf 82' lang='lat' dir='ltr'><strong>lex</strong></span> <span class='ocrx_word' id='word_1_125' title='bbox 576 1875 836 1943; x_wconf 86' lang='lat' dir='ltr'><strong>sepulcri.</strong></span> <span class='ocrx_word' id='word_1_126' title='bbox 876 1885 927 1929; x_wconf 85' lang='lat' dir='ltr'><strong>et</strong></span> <span class='ocrx_word' id='word_1_127' title='bbox 983 1893 1129 1930; x_wconf 89' lang='lat' dir='ltr'><strong>mors</strong></span> <span class='ocrx_word' id='word_1_128' title='bbox 1182 1877 1387 1932; x_wconf 83' lang='lat' dir='ltr'><strong>Christi</strong></span> <span class='ocrx_word' id='word_1_129' title='bbox 1433 1878 1625 1933; x_wconf 79' lang='lat' dir='ltr'><strong>eﬂ‘ecta</strong></span> <span class='ocrx_word' id='word_1_130' title='bbox 1675 1892 1819 1936; x_wconf 82' lang='lat' dir='ltr'><strong>esset</strong></span> 
     </span>
    </p>
   </div>
   <div class='ocr_carea' id='block_1_20' title="bbox 249 1967 1819 2041">
    <p class='ocr_par' dir='ltr' id='par_1_20' title="bbox 249 1967 1819 2041">
     <span class='ocr_line' id='line_1_20' title="bbox 249 1967 1819 2041; baseline 0.005 -22"><span class='ocrx_word' id='word_1_131' title='bbox 249 1982 399 2020; x_wconf 84' lang='lat' dir='ltr'><strong>mors</strong></span> <span class='ocrx_word' id='word_1_132' title='bbox 430 1967 892 2036; x_wconf 78' lang='lat' dir='ltr'><strong>mortis,surgens</strong></span> <span class='ocrx_word' id='word_1_133' title='bbox 920 1968 1168 2022; x_wconf 81' lang='lat' dir='ltr'><strong>Salvator</strong></span> <span class='ocrx_word' id='word_1_134' title='bbox 1192 1979 1314 2037; x_wconf 90' lang='lat' dir='ltr'><strong>post</strong></span> <span class='ocrx_word' id='word_1_135' title='bbox 1342 1982 1525 2027; x_wconf 83' lang='lat' dir='ltr'><strong>erecta</strong></span> <span class='ocrx_word' id='word_1_136' title='bbox 1553 1972 1696 2041; x_wconf 85' lang='lat' dir='ltr'><strong>apud</strong></span> <span class='ocrx_word' id='word_1_137' title='bbox 1731 1973 1819 2027; x_wconf 85' lang='lat' dir='ltr'><strong>in-</strong></span> 
     </span>
    </p>
   </div>
   <div class='ocr_carea' id='block_1_21' title="bbox 250 2058 1821 2130">
    <p class='ocr_par' dir='ltr' id='par_1_21' title="bbox 250 2058 1821 2130">
     <span class='ocr_line' id='line_1_21' title="bbox 250 2058 1821 2130; baseline 0.004 -18"><span class='ocrx_word' id='word_1_138' title='bbox 250 2058 397 2112; x_wconf 90' lang='lat' dir='ltr'><strong>feros</strong></span> <span class='ocrx_word' id='word_1_139' title='bbox 428 2058 692 2112; x_wconf 82' lang='lat' dir='ltr'><strong>adversus</strong></span> <span class='ocrx_word' id='word_1_140' title='bbox 722 2074 949 2112; x_wconf 84' lang='lat' dir='ltr'><strong>mortem</strong></span> <span class='ocrx_word' id='word_1_141' title='bbox 982 2074 1209 2129; x_wconf 66' lang='lat' dir='ltr'><strong>tropaea,</strong></span> <span class='ocrx_word' id='word_1_142' title='bbox 1234 2070 1459 2130; x_wconf 82' lang='lat' dir='ltr'><strong>apparet</strong></span> <span class='ocrx_word' id='word_1_143' title='bbox 1482 2064 1595 2117; x_wconf 84' lang='lat' dir='ltr'><strong>suis</strong></span> <span class='ocrx_word' id='word_1_144' title='bbox 1626 2064 1821 2118; x_wconf 81' lang='lat' dir='ltr'><strong>amicis</strong></span> 
     </span>
    </p>
   </div>
   <div class='ocr_carea' id='block_1_22' title="bbox 251 2150 1823 2223">
    <p class='ocr_par' dir='ltr' id='par_1_22' title="bbox 251 2150 1823 2223">
     <span class='ocr_line' id='line_1_22' title="bbox 251 2150 1823 2223; baseline 0.006 -20"><span class='ocrx_word' id='word_1_145' title='bbox 251 2150 568 2217; x_wconf 81' lang='lat' dir='ltr'><strong>lugentibus</strong></span> <span class='ocrx_word' id='word_1_146' title='bbox 584 2158 638 2202; x_wconf 90' lang='lat' dir='ltr'><strong>et</strong></span> <span class='ocrx_word' id='word_1_147' title='bbox 658 2151 937 2215; x_wconf 87' lang='lat' dir='ltr'><strong>flentibus,</strong></span> <span class='ocrx_word' id='word_1_148' title='bbox 964 2152 1019 2205; x_wconf 91' lang='lat' dir='ltr'><strong>in</strong></span> <span class='ocrx_word' id='word_1_149' title='bbox 1054 2154 1157 2207; x_wconf 90' lang='lat' dir='ltr'><strong>hoc</strong></span> <span class='ocrx_word' id='word_1_150' title='bbox 1178 2171 1399 2223; x_wconf 87' lang='lat' dir='ltr'><strong>quoque</strong></span> <span class='ocrx_word' id='word_1_151' title='bbox 1428 2156 1584 2210; x_wconf 87' lang='lat' dir='ltr'><strong>fidem</strong></span> <span class='ocrx_word' id='word_1_152' title='bbox 1617 2158 1823 2212; x_wconf 81' lang='lat' dir='ltr'><strong>faciens</strong></span> 
     </span>
    </p>
   </div>
   <div class='ocr_carea' id='block_1_23' title="bbox 246 2241 1821 2314">
    <p class='ocr_par' dir='ltr' id='par_1_23' title="bbox 246 2241 1821 2314">
     <span class='ocr_line' id='line_1_23' title="bbox 246 2241 1821 2314; baseline 0.008 -21"><span class='ocrx_word' id='word_1_153' title='bbox 246 2241 497 2295; x_wconf 78' lang='lat' dir='ltr'><strong>vietoria:</strong></span> <span class='ocrx_word' id='word_1_154' title='bbox 528 2258 541 2293; x_wconf 89' lang='lat'><strong>:</strong></span> <span class='ocrx_word' id='word_1_155' title='bbox 574 2242 665 2310; x_wconf 90' lang='lat' dir='ltr'><strong>qui</strong></span> <span class='ocrx_word' id='word_1_156' title='bbox 700 2257 881 2295; x_wconf 92' lang='lat' dir='ltr'><strong>rerum</strong></span> <span class='ocrx_word' id='word_1_157' title='bbox 936 2254 1084 2298; x_wconf 92' lang='lat' dir='ltr'><strong>recte</strong></span> <span class='ocrx_word' id='word_1_158' title='bbox 1121 2257 1396 2314; x_wconf 84' lang='lat' dir='ltr'><strong>gestarum</strong></span> <span class='ocrx_word' id='word_1_159' title='bbox 1437 2248 1562 2302; x_wconf 87' lang='lat' dir='ltr'><strong>illos</strong></span> <span class='ocrx_word' id='word_1_160' title='bbox 1609 2248 1821 2305; x_wconf 82' lang='lat' dir='ltr'><strong>faciens</strong></span> 
     </span>
    </p>
   </div>
   <div class='ocr_carea' id='block_1_24' title="bbox 248 2336 1815 2408">
    <p class='ocr_par' dir='ltr' id='par_1_24' title="bbox 248 2336 1815 2408">
     <span class='ocr_line' id='line_1_24' title="bbox 248 2336 1815 2408; baseline 0.008 -22"><span class='ocrx_word' id='word_1_161' title='bbox 248 2341 609 2401; x_wconf 83' lang='lat' dir='ltr'><strong>spectatores,</strong></span> <span class='ocrx_word' id='word_1_162' title='bbox 640 2345 787 2389; x_wconf 65' lang='lat' dir='ltr'><strong>certe</strong></span> <span class='ocrx_word' id='word_1_163' title='bbox 817 2351 917 2389; x_wconf 92' lang='lat' dir='ltr'><strong>nec</strong></span> <span class='ocrx_word' id='word_1_164' title='bbox 945 2336 1118 2405; x_wconf 88' lang='lat' dir='ltr'><strong>ipsum</strong></span> <span class='ocrx_word' id='word_1_165' title='bbox 1153 2338 1377 2405; x_wconf 86' lang='lat' dir='ltr'><strong>quidem</strong></span> <span class='ocrx_word' id='word_1_166' title='bbox 1409 2341 1657 2408; x_wconf 88' lang='lat' dir='ltr'><strong>permisit</strong></span> <span class='ocrx_word' id='word_1_167' title='bbox 1691 2358 1815 2399; x_wconf 88' lang='lat' dir='ltr'><strong>esse</strong></span> 
     </span>
    </p>
   </div>
   <div class='ocr_carea' id='block_1_25' title="bbox 250 2425 1821 2499">
    <p class='ocr_par' dir='ltr' id='par_1_25' title="bbox 250 2425 1821 2499">
     <span class='ocr_line' id='line_1_25' title="bbox 250 2425 1821 2499; baseline 0.007 -22"><span class='ocrx_word' id='word_1_168' title='bbox 250 2438 534 2491; x_wconf 81' lang='lat' dir='ltr'><strong>expertem</strong></span> <span class='ocrx_word' id='word_1_169' title='bbox 571 2425 872 2491; x_wconf 90' lang='lat' dir='ltr'><strong>primorum</strong></span> <span class='ocrx_word' id='word_1_170' title='bbox 912 2427 1321 2481; x_wconf 88' lang='lat' dir='ltr'><strong>miraculorum.</strong></span> <span class='ocrx_word' id='word_1_171' title='bbox 1362 2429 1419 2483; x_wconf 92' lang='lat' dir='ltr'><strong>ln</strong></span> <span class='ocrx_word' id='word_1_172' title='bbox 1460 2431 1689 2499; x_wconf 88' lang='lat' dir='ltr'><strong>quadam</strong></span> <span class='ocrx_word' id='word_1_173' title='bbox 1720 2433 1821 2488; x_wconf 88' lang='lat' dir='ltr'><strong>do-</strong></span> 
     </span>
    </p>
   </div>
   <div class='ocr_carea' id='block_1_26' title="bbox 250 2515 1819 2591">
    <p class='ocr_par' dir='ltr' id='par_1_26' title="bbox 250 2515 1819 2591">
     <span class='ocr_line' id='line_1_26' title="bbox 250 2515 1819 2591; baseline 0.007 -24"><span class='ocrx_word' id='word_1_174' title='bbox 250 2515 513 2569; x_wconf 87' lang='lat' dir='ltr'><strong>muncula</strong></span> <span class='ocrx_word' id='word_1_175' title='bbox 545 2516 847 2585; x_wconf 87' lang='lat' dir='ltr'><strong>discipulos</strong></span> <span class='ocrx_word' id='word_1_176' title='bbox 878 2518 931 2570; x_wconf 92' lang='lat' dir='ltr'><strong>in</strong></span> <span class='ocrx_word' id='word_1_177' title='bbox 968 2528 1178 2573; x_wconf 82' lang='lat' dir='ltr'><strong>arctum</strong></span> <span class='ocrx_word' id='word_1_178' title='bbox 1215 2529 1344 2574; x_wconf 91' lang='lat' dir='ltr'><strong>tunc</strong></span> <span class='ocrx_word' id='word_1_179' title='bbox 1379 2533 1554 2575; x_wconf 87' lang='lat' dir='ltr'><strong>metus</strong></span> <span class='ocrx_word' id='word_1_180' title='bbox 1586 2524 1819 2591; x_wconf 89' lang='lat' dir='ltr'><strong>cogebat</strong></span> 
     </span>
    </p>
   </div>
   <div class='ocr_carea' id='block_1_27' title="bbox 251 2607 1824 2684">
    <p class='ocr_par' dir='ltr' id='par_1_27' title="bbox 251 2607 1824 2684">
     <span class='ocr_line' id='line_1_27' title="bbox 251 2607 1824 2684; baseline 0.006 -24"><span class='ocrx_word' id='word_1_181' title='bbox 251 2607 568 2662; x_wconf 66' lang='lat' dir='ltr'><strong>Judmorum</strong></span> <span class='ocrx_word' id='word_1_182' title='bbox 610 2624 623 2660; x_wconf 74' lang='grc' dir='ltr'>ε</span> <span class='ocrx_word' id='word_1_183' title='bbox 660 2625 769 2679; x_wconf 92' lang='lat' dir='ltr'><strong>quo</strong></span> <span class='ocrx_word' id='word_1_184' title='bbox 806 2611 1026 2679; x_wconf 84' lang='lat' dir='ltr'><strong>quidem</strong></span> <span class='ocrx_word' id='word_1_185' title='bbox 1060 2612 1115 2665; x_wconf 89' lang='lat' dir='ltr'><strong>in</strong></span> <span class='ocrx_word' id='word_1_186' title='bbox 1148 2614 1289 2678; x_wconf 92' lang='lat' dir='ltr'><strong>loco,</strong></span> <span class='ocrx_word' id='word_1_187' title='bbox 1332 2615 1638 2682; x_wconf 90' lang='lat' dir='ltr'><strong>periculum</strong></span> <span class='ocrx_word' id='word_1_188' title='bbox 1691 2633 1824 2684; x_wconf 69' lang='lat' dir='ltr'><strong>pree-</strong></span> 
     </span>
    </p>
   </div>
   <div class='ocr_carea' id='block_1_28' title="bbox 253 2699 1823 2775">
    <p class='ocr_par' dir='ltr' id='par_1_28' title="bbox 253 2699 1823 2775">
     <span class='ocr_line' id='line_1_28' title="bbox 253 2699 1823 2775; baseline 0.009 -25"><span class='ocrx_word' id='word_1_189' title='bbox 253 2699 526 2766; x_wconf 87' lang='lat' dir='ltr'><strong>videntes,</strong></span> <span class='ocrx_word' id='word_1_190' title='bbox 559 2704 873 2756; x_wconf 87' lang='lat' dir='ltr'><strong>manebant.</strong></span> <span class='ocrx_word' id='word_1_191' title='bbox 909 2703 967 2758; x_wconf 85' lang='lat' dir='ltr'><strong>in</strong></span> <span class='ocrx_word' id='word_1_192' title='bbox 1005 2704 1244 2758; x_wconf 89' lang='lat' dir='ltr'><strong>medium</strong></span> <span class='ocrx_word' id='word_1_193' title='bbox 1275 2720 1403 2775; x_wconf 82' lang='lat' dir='ltr'><strong>ergo</strong></span> <span class='ocrx_word' id='word_1_194' title='bbox 1435 2722 1625 2761; x_wconf 89' lang='lat' dir='ltr'><strong>eorum</strong></span> <span class='ocrx_word' id='word_1_195' title='bbox 1652 2708 1823 2765; x_wconf 88' lang='lat' dir='ltr'><strong>laten-</strong></span> 
     </span>
    </p>
   </div>
   <div class='ocr_carea' id='block_1_29' title="bbox 263 2791 1819 2870">
    <p class='ocr_par' dir='ltr' id='par_1_29' title="bbox 263 2791 1819 2870">
     <span class='ocr_line' id='line_1_29' title="bbox 263 2791 1819 2870; baseline 0.008 -26"><span class='ocrx_word' id='word_1_196' title='bbox 263 2791 403 2845; x_wconf 90' lang='lat' dir='ltr'><strong>tium</strong></span> <span class='ocrx_word' id='word_1_197' title='bbox 439 2793 651 2846; x_wconf 89' lang='lat' dir='ltr'><strong>accedit</strong></span> <span class='ocrx_word' id='word_1_198' title='bbox 674 2794 853 2859; x_wconf 88' lang='lat' dir='ltr'><strong>Jesus,</strong></span> <span class='ocrx_word' id='word_1_199' title='bbox 874 2811 983 2849; x_wconf 92' lang='lat' dir='ltr'><strong>non</strong></span> <span class='ocrx_word' id='word_1_200' title='bbox 1016 2812 1206 2851; x_wconf 83' lang='lat' dir='ltr'><strong>vocem</strong></span> <span class='ocrx_word' id='word_1_201' title='bbox 1234 2800 1494 2853; x_wconf 85' lang='lat' dir='ltr'><strong>emittens</strong></span> <span class='ocrx_word' id='word_1_202' title='bbox 1528 2810 1819 2870; x_wconf 84' lang='lat' dir='ltr'><strong>antequam</strong></span> 
     </span>
    </p>
   </div>
   <div class='ocr_carea' id='block_1_30' title="bbox 252 2882 1812 2954">
    <p class='ocr_par' dir='ltr' id='par_1_30' title="bbox 252 2882 1812 2954">
     <span class='ocr_line' id='line_1_30' title="bbox 252 2882 1812 2954; baseline 0.01 -22"><span class='ocrx_word' id='word_1_203' title='bbox 252 2882 620 2949; x_wconf 88' lang='lat' dir='ltr'><strong>aspiceretur,</strong></span> <span class='ocrx_word' id='word_1_204' title='bbox 680 2900 790 2939; x_wconf 88' lang='lat' dir='ltr'><strong>non</strong></span> <span class='ocrx_word' id='word_1_205' title='bbox 834 2887 1142 2954; x_wconf 87' lang='lat' dir='ltr'><strong>pulsatione</strong></span> <span class='ocrx_word' id='word_1_206' title='bbox 1188 2890 1315 2943; x_wconf 89' lang='lat' dir='ltr'><strong>ostii</strong></span> <span class='ocrx_word' id='word_1_207' title='bbox 1372 2892 1575 2946; x_wconf 89' lang='lat' dir='ltr'><strong>territis</strong></span> <span class='ocrx_word' id='word_1_208' title='bbox 1622 2909 1812 2949; x_wconf 88' lang='lat' dir='ltr'><strong>eorum</strong></span> 
     </span>
    </p>
   </div>
   <div class='ocr_carea' id='block_1_31' title="bbox 252 2972 1817 3052">
    <p class='ocr_par' dir='ltr' id='par_1_31' title="bbox 252 2972 1817 3052">
     <span class='ocr_line' id='line_1_31' title="bbox 252 2972 1817 3052; baseline 0.01 -29"><span class='ocrx_word' id='word_1_209' title='bbox 252 2972 455 3027; x_wconf 86' lang='lat' dir='ltr'><strong>animis</strong></span> <span class='ocrx_word' id='word_1_210' title='bbox 496 2990 509 3026; x_wconf 93' lang='lat'><strong>:</strong></span> <span class='ocrx_word' id='word_1_211' title='bbox 547 2974 640 3028; x_wconf 89' lang='lat' dir='ltr'><strong>sed</strong></span> <span class='ocrx_word' id='word_1_212' title='bbox 675 2975 861 3043; x_wconf 86' lang='lat' dir='ltr'><strong>pedes,</strong></span> <span class='ocrx_word' id='word_1_213' title='bbox 891 2978 984 3045; x_wconf 90' lang='lat' dir='ltr'><strong>qui</strong></span> <span class='ocrx_word' id='word_1_214' title='bbox 1042 2994 1138 3048; x_wconf 90' lang='lat' dir='ltr'><strong>per</strong></span> <span class='ocrx_word' id='word_1_215' title='bbox 1185 2996 1333 3035; x_wconf 92' lang='lat' dir='ltr'><strong>mare</strong></span> <span class='ocrx_word' id='word_1_216' title='bbox 1383 2991 1511 3035; x_wconf 91' lang='lat' dir='ltr'><strong>sunt</strong></span> <span class='ocrx_word' id='word_1_217' title='bbox 1547 2984 1773 3051; x_wconf 84' lang='lat' dir='ltr'><strong>ingressi</strong></span> <span class='ocrx_word' id='word_1_218' title='bbox 1803 3028 1817 3052; x_wconf 94' lang='lat'><strong>,</strong></span> 
     </span>
    </p>
   </div>
   <div class='ocr_carea' id='block_1_32' title="bbox 255 3064 1825 3143">
    <p class='ocr_par' dir='ltr' id='par_1_32' title="bbox 255 3064 1825 3143">
     <span class='ocr_line' id='line_1_32' title="bbox 255 3064 1825 3143; baseline 0.009 -27"><span class='ocrx_word' id='word_1_219' title='bbox 255 3064 416 3118; x_wconf 87' lang='lat' dir='ltr'><strong>ostiis</strong></span> <span class='ocrx_word' id='word_1_220' title='bbox 446 3080 663 3134; x_wconf 89' lang='lat' dir='ltr'><strong>quoque</strong></span> <span class='ocrx_word' id='word_1_221' title='bbox 696 3083 803 3120; x_wconf 90' lang='lat' dir='ltr'><strong>non</strong></span> <span class='ocrx_word' id='word_1_222' title='bbox 841 3072 1048 3136; x_wconf 90' lang='lat' dir='ltr'><strong>apertis</strong></span> <span class='ocrx_word' id='word_1_223' title='bbox 1077 3072 1349 3126; x_wconf 85' lang='lat' dir='ltr'><strong>intrarunt</strong></span> <span class='ocrx_word' id='word_1_224' title='bbox 1393 3072 1646 3143; x_wconf 79' lang='lat' dir='ltr'><strong>(negabat</strong></span> <span class='ocrx_word' id='word_1_225' title='bbox 1677 3080 1825 3131; x_wconf 76' lang='lat' dir='ltr'><strong>enim</strong></span> 
     </span>
    </p>
   </div>
   <div class='ocr_carea' id='block_1_33' title="bbox 1911 592 3480 663">
    <p class='ocr_par' dir='ltr' id='par_1_33' title="bbox 1911 592 3480 663">
     <span class='ocr_line' id='line_1_33' title="bbox 1911 592 3480 663; baseline -0.001 -17"><span class='ocrx_word' id='word_1_226' title='bbox 1911 593 2190 663; x_wconf 86' lang='lat' dir='ltr'><strong>quomodo</strong></span> <span class='ocrx_word' id='word_1_227' title='bbox 2208 594 2609 663; x_wconf 81' lang='lat' dir='ltr'><strong>reputabuntur</strong></span> <span class='ocrx_word' id='word_1_228' title='bbox 2626 594 2796 663; x_wconf 79' lang='lat' dir='ltr'><strong>digiti,</strong></span> <span class='ocrx_word' id='word_1_229' title='bbox 2817 593 2910 661; x_wconf 90' lang='lat' dir='ltr'><strong>qui</strong></span> <span class='ocrx_word' id='word_1_230' title='bbox 2925 592 3283 646; x_wconf 75' lang='lat' dir='ltr'><strong>admittuntur</strong></span> <span class='ocrx_word' id='word_1_231' title='bbox 3307 609 3335 647; x_wconf 89' lang='lat' dir='ltr'><strong>a</strong></span> <span class='ocrx_word' id='word_1_232' title='bbox 3350 610 3480 661; x_wconf 68' lang='lat' dir='ltr'><strong>gen-</strong></span> 
     </span>
    </p>
   </div>
   <div class='ocr_carea' id='block_1_34' title="bbox 1914 686 3480 755">
    <p class='ocr_par' dir='ltr' id='par_1_34' title="bbox 1914 686 3480 755">
     <span class='ocr_line' id='line_1_34' title="bbox 1914 686 3480 755; baseline -0.002 -15"><span class='ocrx_word' id='word_1_233' title='bbox 1914 687 2097 741; x_wconf 82' lang='lat' dir='ltr'><strong>tibus?</strong></span> <span class='ocrx_word' id='word_1_234' title='bbox 2126 688 2244 741; x_wconf 77' lang='lat' dir='ltr'><strong>Non</strong></span> <span class='ocrx_word' id='word_1_235' title='bbox 2312 700 2360 741; x_wconf 87' lang='lat' dir='ltr'><strong>te</strong></span> <span class='ocrx_word' id='word_1_236' title='bbox 2417 687 2626 755; x_wconf 89' lang='lat' dir='ltr'><strong>pudore</strong></span> <span class='ocrx_word' id='word_1_237' title='bbox 2656 686 2917 745; x_wconf 75' lang='lat' dir='ltr'><strong>aﬂiciunt,</strong></span> <span class='ocrx_word' id='word_1_238' title='bbox 2949 695 3000 738; x_wconf 91' lang='lat' dir='ltr'><strong>ct</strong></span> <span class='ocrx_word' id='word_1_239' title='bbox 3030 686 3096 740; x_wconf 87' lang='lat' dir='ltr'><strong>ad</strong></span> <span class='ocrx_word' id='word_1_240' title='bbox 3123 686 3282 741; x_wconf 79' lang='lat' dir='ltr'><strong>fidem</strong></span> <span class='ocrx_word' id='word_1_241' title='bbox 3313 698 3480 739; x_wconf 68' lang='lat' dir='ltr'><strong>attra-</strong></span> 
     </span>
    </p>
   </div>
   <div class='ocr_carea' id='block_1_35' title="bbox 1916 778 3478 849">
    <p class='ocr_par' dir='ltr' id='par_1_35' title="bbox 1916 778 3478 849">
     <span class='ocr_line' id='line_1_35' title="bbox 1916 778 3478 849; baseline -0.003 -16"><span class='ocrx_word' id='word_1_242' title='bbox 1916 784 2075 843; x_wconf 88' lang='lat' dir='ltr'><strong>hunt,</strong></span> <span class='ocrx_word' id='word_1_243' title='bbox 2105 780 2537 849; x_wconf 57' lang='lat' dir='ltr'><strong>praecedentium</strong></span> <span class='ocrx_word' id='word_1_244' title='bbox 2576 778 2823 847; x_wconf 74' lang='lat' dir='ltr'><strong>ingentes</strong></span> <span class='ocrx_word' id='word_1_245' title='bbox 2857 780 3031 834; x_wconf 73' lang='lat' dir='ltr'><strong>turba:</strong></span> <span class='ocrx_word' id='word_1_246' title='bbox 3062 780 3478 833; x_wconf 85' lang='lat' dir='ltr'><strong>miraculorum:</strong></span> 
     </span>
    </p>
   </div>
   <div class='ocr_carea' id='block_1_36' title="bbox 1915 871 3482 942">
    <p class='ocr_par' dir='ltr' id='par_1_36' title="bbox 1915 871 3482 942">
     <span class='ocr_line' id='line_1_36' title="bbox 1915 871 3482 942; baseline -0.002 -16"><span class='ocrx_word' id='word_1_247' title='bbox 1915 874 2164 941; x_wconf 58' lang='lat' dir='ltr'><strong>kprosus</strong></span> <span class='ocrx_word' id='word_1_248' title='bbox 2200 874 2535 935; x_wconf 82' lang='lat' dir='ltr'><strong>mundatus;</strong></span> <span class='ocrx_word' id='word_1_249' title='bbox 2573 873 2905 942; x_wconf 78' lang='lat' dir='ltr'><strong>paralyticos</strong></span> <span class='ocrx_word' id='word_1_250' title='bbox 2954 873 3181 939; x_wconf 75' lang='lat' dir='ltr'><strong>integris</strong></span> <span class='ocrx_word' id='word_1_251' title='bbox 3206 871 3482 924; x_wconf 89' lang='lat' dir='ltr'><strong>membro—</strong></span> 
     </span>
    </p>
   </div>
   <div class='ocr_carea' id='block_1_37' title="bbox 1918 962 3484 1035">
    <p class='ocr_par' dir='ltr' id='par_1_37' title="bbox 1918 962 3484 1035">
     <span class='ocr_line' id='line_1_37' title="bbox 1918 962 3484 1035; baseline 0 -19"><span class='ocrx_word' id='word_1_252' title='bbox 1918 978 2041 1017; x_wconf 81' lang='lat' dir='ltr'><strong>rum</strong></span> <span class='ocrx_word' id='word_1_253' title='bbox 2070 966 2427 1035; x_wconf 84' lang='lat' dir='ltr'><strong>compagibus</strong></span> <span class='ocrx_word' id='word_1_254' title='bbox 2471 969 2797 1027; x_wconf 87' lang='lat' dir='ltr'><strong>restitutus;</strong></span> <span class='ocrx_word' id='word_1_255' title='bbox 2845 980 3019 1018; x_wconf 63' lang='lat' dir='ltr'><strong>caecus</strong></span> <span class='ocrx_word' id='word_1_256' title='bbox 3062 962 3281 1017; x_wconf 83' lang='lat' dir='ltr'><strong>videndi</strong></span> <span class='ocrx_word' id='word_1_257' title='bbox 3316 963 3484 1016; x_wconf 85' lang='lat' dir='ltr'><strong>facul-</strong></span> 
     </span>
    </p>
   </div>
   <div class='ocr_carea' id='block_1_38' title="bbox 1918 1056 3485 1123">
    <p class='ocr_par' dir='ltr' id='par_1_38' title="bbox 1918 1056 3485 1123">
     <span class='ocr_line' id='line_1_38' title="bbox 1918 1056 3485 1123; baseline -0.003 -12"><span class='ocrx_word' id='word_1_258' title='bbox 1918 1059 2016 1111; x_wconf 83' lang='lat' dir='ltr'><strong>tati</strong></span> <span class='ocrx_word' id='word_1_259' title='bbox 2068 1058 2347 1121; x_wconf 88' lang='lat' dir='ltr'><strong>redditus;</strong></span> <span class='ocrx_word' id='word_1_260' title='bbox 2400 1074 2593 1111; x_wconf 85' lang='lat' dir='ltr'><strong>manus</strong></span> <span class='ocrx_word' id='word_1_261' title='bbox 2640 1066 2817 1110; x_wconf 88' lang='lat' dir='ltr'><strong>morte</strong></span> <span class='ocrx_word' id='word_1_262' title='bbox 2853 1056 3044 1108; x_wconf 75' lang='lat' dir='ltr'><strong>alIccta</strong></span> <span class='ocrx_word' id='word_1_263' title='bbox 3074 1096 3087 1118; x_wconf 92' lang='lat'><strong>,</strong></span> <span class='ocrx_word' id='word_1_264' title='bbox 3128 1071 3251 1123; x_wconf 63' lang='lat' dir='ltr'><strong>qua</strong></span> <span class='ocrx_word' id='word_1_265' title='bbox 3298 1070 3485 1107; x_wconf 89' lang='lat' dir='ltr'><strong>rursus</strong></span> 
     </span>
    </p>
   </div>
   <div class='ocr_carea' id='block_1_39' title="bbox 1917 1147 3487 1216">
    <p class='ocr_par' dir='ltr' id='par_1_39' title="bbox 1917 1147 3487 1216">
     <span class='ocr_line' id='line_1_39' title="bbox 1917 1147 3487 1216; baseline -0.005 -12"><span class='ocrx_word' id='word_1_266' title='bbox 1917 1151 2020 1205; x_wconf 85' lang='lat' dir='ltr'><strong>fuit</strong></span> <span class='ocrx_word' id='word_1_267' title='bbox 2054 1152 2118 1203; x_wconf 90' lang='lat' dir='ltr'><strong>ad</strong></span> <span class='ocrx_word' id='word_1_268' title='bbox 2153 1152 2314 1203; x_wconf 82' lang='lat' dir='ltr'><strong>vitam</strong></span> <span class='ocrx_word' id='word_1_269' title='bbox 2346 1161 2632 1213; x_wconf 86' lang='lat' dir='ltr'><strong>revocata;</strong></span> <span class='ocrx_word' id='word_1_270' title='bbox 2664 1149 2882 1212; x_wconf 78' lang='lat' dir='ltr'><strong>ﬂuctus,</strong></span> <span class='ocrx_word' id='word_1_271' title='bbox 2916 1163 3011 1216; x_wconf 89' lang='lat' dir='ltr'><strong>per</strong></span> <span class='ocrx_word' id='word_1_272' title='bbox 3040 1163 3175 1215; x_wconf 87' lang='lat' dir='ltr'><strong>quos</strong></span> <span class='ocrx_word' id='word_1_273' title='bbox 3214 1147 3487 1200; x_wconf 87' lang='lat' dir='ltr'><strong>inceditur</strong></span> 
     </span>
    </p>
   </div>
   <div class='ocr_carea' id='block_1_40' title="bbox 1920 1242 3484 1311">
    <p class='ocr_par' dir='ltr' id='par_1_40' title="bbox 1920 1242 3484 1311">
     <span class='ocr_line' id='line_1_40' title="bbox 1920 1242 3484 1311; baseline -0.004 -16"><span class='ocrx_word' id='word_1_274' title='bbox 1920 1244 2187 1311; x_wconf 79' lang='lat' dir='ltr'><strong>pedibus;</strong></span> <span class='ocrx_word' id='word_1_275' title='bbox 2236 1250 2289 1295; x_wconf 89' lang='lat' dir='ltr'><strong>et</strong></span> <span class='ocrx_word' id='word_1_276' title='bbox 2338 1242 2580 1295; x_wconf 66' lang='lat' dir='ltr'><strong>Lazarus</strong></span> <span class='ocrx_word' id='word_1_277' title='bbox 2603 1242 2918 1309; x_wconf 84' lang='lat' dir='ltr'><strong>sepulcrum</strong></span> <span class='ocrx_word' id='word_1_278' title='bbox 2950 1254 3183 1299; x_wconf 78' lang='lat' dir='ltr'><strong>exuens,</strong></span> <span class='ocrx_word' id='word_1_279' title='bbox 3224 1250 3484 1306; x_wconf 80' lang='lat' dir='ltr'><strong>tanquam</strong></span> 
     </span>
    </p>
   </div>
   <div class='ocr_carea' id='block_1_41' title="bbox 1919 1330 3487 1399">
    <p class='ocr_par' dir='ltr' id='par_1_41' title="bbox 1919 1330 3487 1399">
     <span class='ocr_line' id='line_1_41' title="bbox 1919 1330 3487 1399; baseline -0.004 -13"><span class='ocrx_word' id='word_1_280' title='bbox 1919 1332 2165 1386; x_wconf 78' lang='lat' dir='ltr'><strong>vestem?</strong></span> <span class='ocrx_word' id='word_1_281' title='bbox 2213 1331 2510 1399; x_wconf 88' lang='lat' dir='ltr'><strong>quomodo,</strong></span> <span class='ocrx_word' id='word_1_282' title='bbox 2561 1332 2720 1397; x_wconf 82' lang='lat' dir='ltr'><strong>cujus</strong></span> <span class='ocrx_word' id='word_1_283' title='bbox 2772 1330 3066 1383; x_wconf 83' lang='lat' dir='ltr'><strong>admiraris</strong></span> <span class='ocrx_word' id='word_1_284' title='bbox 3116 1344 3301 1396; x_wconf 87' lang='lat' dir='ltr'><strong>opera,</strong></span> <span class='ocrx_word' id='word_1_285' title='bbox 3368 1331 3487 1396; x_wconf 83' lang='lat' dir='ltr'><strong>ejus</strong></span> 
     </span>
    </p>
   </div>
   <div class='ocr_carea' id='block_1_42' title="bbox 1919 1417 3485 1489">
    <p class='ocr_par' dir='ltr' id='par_1_42' title="bbox 1919 1417 3485 1489">
     <span class='ocr_line' id='line_1_42' title="bbox 1919 1417 3485 1489; baseline -0.005 -12"><span class='ocrx_word' id='word_1_286' title='bbox 1919 1432 2229 1489; x_wconf 82' lang='lat' dir='ltr'><strong>suspectam</strong></span> <span class='ocrx_word' id='word_1_287' title='bbox 2264 1420 2433 1474; x_wconf 88' lang='lat' dir='ltr'><strong>babes</strong></span> <span class='ocrx_word' id='word_1_288' title='bbox 2464 1421 2963 1475; x_wconf 78' lang='lat' dir='ltr'><strong>resurrectionem?</strong></span> <span class='ocrx_word' id='word_1_289' title='bbox 2995 1420 3111 1472; x_wconf 73' lang='lat' dir='ltr'><strong>Non</strong></span> <span class='ocrx_word' id='word_1_290' title='bbox 3141 1420 3328 1472; x_wconf 85' lang='lat' dir='ltr'><strong>credat</strong></span> <span class='ocrx_word' id='word_1_291' title='bbox 3362 1417 3485 1471; x_wconf 73' lang='lat' dir='ltr'><strong>Ca’i-</strong></span> 
     </span>
    </p>
   </div>
   <div class='ocr_carea' id='block_1_43' title="bbox 1922 1511 3489 1583">
    <p class='ocr_par' dir='ltr' id='par_1_43' title="bbox 1922 1511 3489 1583">
     <span class='ocr_line' id='line_1_43' title="bbox 1922 1511 3489 1583; baseline -0.003 -17"><span class='ocrx_word' id='word_1_292' title='bbox 1922 1515 2088 1583; x_wconf 87' lang='lat' dir='ltr'><strong>phas;</strong></span> <span class='ocrx_word' id='word_1_293' title='bbox 2135 1514 2352 1566; x_wconf 86' lang='lat' dir='ltr'><strong>curiose</strong></span> <span class='ocrx_word' id='word_1_294' title='bbox 2398 1521 2673 1566; x_wconf 87' lang='lat' dir='ltr'><strong>scrutetur</strong></span> <span class='ocrx_word' id='word_1_295' title='bbox 2718 1511 3085 1573; x_wconf 78' lang='lat' dir='ltr'><strong>Nicodemus;</strong></span> <span class='ocrx_word' id='word_1_296' title='bbox 3125 1511 3489 1563; x_wconf 86' lang='lat' dir='ltr'><strong>calumnietur</strong></span> 
     </span>
    </p>
   </div>
   <div class='ocr_carea' id='block_1_44' title="bbox 1920 1600 3487 1663">
    <p class='ocr_par' dir='ltr' id='par_1_44' title="bbox 1920 1600 3487 1663">
     <span class='ocr_line' id='line_1_44' title="bbox 1920 1600 3487 1663; baseline -0.006 -6"><span class='ocrx_word' id='word_1_297' title='bbox 1920 1604 2159 1657; x_wconf 71' lang='lat' dir='ltr'><strong>Judaeus.</strong></span> <span class='ocrx_word' id='word_1_298' title='bbox 2180 1601 2779 1663; x_wconf 77' lang='lat' dir='ltr'><strong>Curdubitathomas</strong></span> <span class='ocrx_word' id='word_1_299' title='bbox 2807 1600 2873 1653; x_wconf 90' lang='lat' dir='ltr'><strong>de</strong></span> <span class='ocrx_word' id='word_1_300' title='bbox 2908 1601 3315 1653; x_wconf 86' lang='lat' dir='ltr'><strong>resurrectione</strong></span> <span class='ocrx_word' id='word_1_301' title='bbox 3342 1601 3361 1651; x_wconf 87' lang='lat'><strong>?</strong></span> <span class='ocrx_word' id='word_1_302' title='bbox 3386 1600 3487 1653; x_wconf 86' lang='lat' dir='ltr'><strong>Sed</strong></span> 
     </span>
    </p>
   </div>
   <div class='ocr_carea' id='block_1_45' title="bbox 1924 1693 3489 1763">
    <p class='ocr_par' dir='ltr' id='par_1_45' title="bbox 1924 1693 3489 1763">
     <span class='ocr_line' id='line_1_45' title="bbox 1924 1693 3489 1763; baseline -0.004 -14"><span class='ocrx_word' id='word_1_303' title='bbox 1924 1706 2112 1749; x_wconf 90' lang='lat' dir='ltr'><strong>contra</strong></span> <span class='ocrx_word' id='word_1_304' title='bbox 2144 1696 2450 1763; x_wconf 84' lang='lat' dir='ltr'><strong>discipulus</strong></span> <span class='ocrx_word' id='word_1_305' title='bbox 2482 1694 2701 1747; x_wconf 89' lang='lat' dir='ltr'><strong>videtur</strong></span> <span class='ocrx_word' id='word_1_306' title='bbox 2732 1693 3167 1761; x_wconf 81' lang='lat' dir='ltr'><strong>dicerejustiora</strong></span> <span class='ocrx_word' id='word_1_307' title='bbox 3201 1708 3214 1743; x_wconf 91' lang='lat'><strong>:</strong></span> <span class='ocrx_word' id='word_1_308' title='bbox 3243 1693 3349 1745; x_wconf 90' lang='lat' dir='ltr'><strong>Cur</strong></span> <span class='ocrx_word' id='word_1_309' title='bbox 3373 1707 3489 1745; x_wconf 83' lang='lat' dir='ltr'><strong>mea</strong></span> 
     </span>
    </p>
   </div>
   <div class='ocr_carea' id='block_1_46' title="bbox 1925 1783 3489 1853">
    <p class='ocr_par' dir='ltr' id='par_1_46' title="bbox 1925 1783 3489 1853">
     <span class='ocr_line' id='line_1_46' title="bbox 1925 1783 3489 1853; baseline -0.006 -11"><span class='ocrx_word' id='word_1_310' title='bbox 1925 1787 2193 1842; x_wconf 80' lang='lat' dir='ltr'><strong>dubitatio</strong></span> <span class='ocrx_word' id='word_1_311' title='bbox 2212 1796 2295 1840; x_wconf 86' lang='lat' dir='ltr'><strong>est</strong></span> <span class='ocrx_word' id='word_1_312' title='bbox 2315 1803 2345 1840; x_wconf 93' lang='lat' dir='ltr'><strong>a</strong></span> <span class='ocrx_word' id='word_1_313' title='bbox 2372 1786 2527 1841; x_wconf 75' lang='lat' dir='ltr'><strong>vobis</strong></span> <span class='ocrx_word' id='word_1_314' title='bbox 2554 1784 3028 1853; x_wconf 69' lang='lat' dir='ltr'><strong>reprehendenda.</strong></span> <span class='ocrx_word' id='word_1_315' title='bbox 3049 1801 3081 1837; x_wconf 93' lang='lat' dir='ltr'><strong>o</strong></span> <span class='ocrx_word' id='word_1_316' title='bbox 3112 1783 3379 1851; x_wconf 81' lang='lat' dir='ltr'><strong>apostoli?</strong></span> <span class='ocrx_word' id='word_1_317' title='bbox 3410 1786 3489 1835; x_wconf 75' lang='lat' dir='ltr'><strong>Ad</strong></span> 
     </span>
    </p>
   </div>
   <div class='ocr_carea' id='block_1_47' title="bbox 1920 1878 3488 1950">
    <p class='ocr_par' dir='ltr' id='par_1_47' title="bbox 1920 1878 3488 1950">
     <span class='ocr_line' id='line_1_47' title="bbox 1920 1878 3488 1950; baseline -0.004 -15"><span class='ocrx_word' id='word_1_318' title='bbox 1920 1881 2139 1937; x_wconf 67' lang='lat' dir='ltr'><strong>Judaos</strong></span> <span class='ocrx_word' id='word_1_319' title='bbox 2180 1881 2404 1935; x_wconf 90' lang='lat' dir='ltr'><strong>emittor</strong></span> <span class='ocrx_word' id='word_1_320' title='bbox 2442 1893 2621 1950; x_wconf 54' lang='lat' dir='ltr'><strong>praeco</strong></span> <span class='ocrx_word' id='word_1_321' title='bbox 2664 1878 3127 1939; x_wconf 73' lang='lat' dir='ltr'><strong>resurrectionis;</strong></span> <span class='ocrx_word' id='word_1_322' title='bbox 3171 1880 3314 1930; x_wconf 89' lang='lat' dir='ltr'><strong>sicut</strong></span> <span class='ocrx_word' id='word_1_323' title='bbox 3352 1892 3446 1931; x_wconf 89' lang='lat' dir='ltr'><strong>vos</strong></span> <span class='ocrx_word' id='word_1_324' title='bbox 3478 1917 3488 1938; x_wconf 91' lang='lat'><strong>,</strong></span> 
     </span>
    </p>
   </div>
   <div class='ocr_carea' id='block_1_48' title="bbox 1923 1970 3493 2045">
    <p class='ocr_par' dir='ltr' id='par_1_48' title="bbox 1923 1970 3493 2045">
     <span class='ocr_line' id='line_1_48' title="bbox 1923 1970 3493 2045; baseline -0.004 -17"><span class='ocrx_word' id='word_1_325' title='bbox 1923 1976 2244 2045; x_wconf 86' lang='lat' dir='ltr'><strong>proficiscor</strong></span> <span class='ocrx_word' id='word_1_326' title='bbox 2294 1974 2579 2043; x_wconf 83' lang='lat' dir='ltr'><strong>apostolus</strong></span> <span class='ocrx_word' id='word_1_327' title='bbox 2628 1971 2695 2024; x_wconf 91' lang='lat' dir='ltr'><strong>ad</strong></span> <span class='ocrx_word' id='word_1_328' title='bbox 2730 1970 3040 2023; x_wconf 83' lang='lat' dir='ltr'><strong>docendum</strong></span> <span class='ocrx_word' id='word_1_329' title='bbox 3081 1979 3271 2037; x_wconf 77' lang='lat' dir='ltr'><strong>gentes</strong></span> <span class='ocrx_word' id='word_1_330' title='bbox 3304 1985 3493 2022; x_wconf 82' lang='lat' dir='ltr'><strong>resur-</strong></span> 
     </span>
    </p>
   </div>
   <div class='ocr_carea' id='block_1_49' title="bbox 1924 2062 3492 2133">
    <p class='ocr_par' dir='ltr' id='par_1_49' title="bbox 1924 2062 3492 2133">
     <span class='ocr_line' id='line_1_49' title="bbox 1924 2062 3492 2133; baseline -0.004 -12"><span class='ocrx_word' id='word_1_331' title='bbox 1924 2070 2248 2121; x_wconf 83' lang='lat' dir='ltr'><strong>rectionem.</strong></span> <span class='ocrx_word' id='word_1_332' title='bbox 2279 2065 2571 2131; x_wconf 87' lang='lat' dir='ltr'><strong>Quomodo</strong></span> <span class='ocrx_word' id='word_1_333' title='bbox 2611 2080 2763 2133; x_wconf 90' lang='lat' dir='ltr'><strong>ergo,</strong></span> <span class='ocrx_word' id='word_1_334' title='bbox 2793 2063 2997 2132; x_wconf 88' lang='lat' dir='ltr'><strong>quibus</strong></span> <span class='ocrx_word' id='word_1_335' title='bbox 3039 2078 3148 2115; x_wconf 89' lang='lat' dir='ltr'><strong>non</strong></span> <span class='ocrx_word' id='word_1_336' title='bbox 3185 2062 3261 2114; x_wconf 84' lang='lat' dir='ltr'><strong>lui</strong></span> <span class='ocrx_word' id='word_1_337' title='bbox 3308 2064 3492 2115; x_wconf 79' lang='lat' dir='ltr'><strong>socius</strong></span> 
     </span>
    </p>
   </div>
   <div class='ocr_carea' id='block_1_50' title="bbox 1922 2154 3491 2228">
    <p class='ocr_par' dir='ltr' id='par_1_50' title="bbox 1922 2154 3491 2228">
     <span class='ocr_line' id='line_1_50' title="bbox 1922 2154 3491 2228; baseline -0.006 -15"><span class='ocrx_word' id='word_1_338' title='bbox 1922 2159 2243 2228; x_wconf 81' lang='lat' dir='ltr'><strong>Spectaculi,</strong></span> <span class='ocrx_word' id='word_1_339' title='bbox 2275 2158 2573 2226; x_wconf 87' lang='lat' dir='ltr'><strong>suscipiam</strong></span> <span class='ocrx_word' id='word_1_340' title='bbox 2612 2171 2766 2224; x_wconf 78' lang='lat' dir='ltr'><strong>aeque</strong></span> <span class='ocrx_word' id='word_1_341' title='bbox 2796 2165 2959 2220; x_wconf 79' lang='lat' dir='ltr'><strong>atque</strong></span> <span class='ocrx_word' id='word_1_342' title='bbox 2995 2155 3096 2222; x_wconf 85' lang='lat' dir='ltr'><strong>ipsi</strong></span> <span class='ocrx_word' id='word_1_343' title='bbox 3125 2154 3491 2222; x_wconf 78' lang='lat' dir='ltr'><strong>legationem?</strong></span> 
     </span>
    </p>
   </div>
   <div class='ocr_carea' id='block_1_51' title="bbox 1921 2246 3490 2318">
    <p class='ocr_par' dir='ltr' id='par_1_51' title="bbox 1921 2246 3490 2318">
     <span class='ocr_line' id='line_1_51' title="bbox 1921 2246 3490 2318; baseline -0.004 -16"><span class='ocrx_word' id='word_1_344' title='bbox 1921 2252 2227 2317; x_wconf 80' lang='lat' dir='ltr'><strong>Quomodo,</strong></span> <span class='ocrx_word' id='word_1_345' title='bbox 2265 2265 2501 2318; x_wconf 90' lang='lat' dir='ltr'><strong>quorum</strong></span> <span class='ocrx_word' id='word_1_346' title='bbox 2530 2265 2636 2302; x_wconf 91' lang='lat' dir='ltr'><strong>non</strong></span> <span class='ocrx_word' id='word_1_347' title='bbox 2673 2248 2845 2301; x_wconf 89' lang='lat' dir='ltr'><strong>habeo</strong></span> <span class='ocrx_word' id='word_1_348' title='bbox 2875 2246 3264 2314; x_wconf 83' lang='lat' dir='ltr'><strong>cognitionem.</strong></span> <span class='ocrx_word' id='word_1_349' title='bbox 3297 2261 3359 2297; x_wconf 84' lang='lat' dir='ltr'><strong>ea</strong></span> <span class='ocrx_word' id='word_1_350' title='bbox 3392 2261 3490 2313; x_wconf 80' lang='lat' dir='ltr'><strong>ego</strong></span> 
     </span>
    </p>
   </div>
   <div class='ocr_carea' id='block_1_52' title="bbox 1923 2336 3487 2406">
    <p class='ocr_par' dir='ltr' id='par_1_52' title="bbox 1923 2336 3487 2406">
     <span class='ocr_line' id='line_1_52' title="bbox 1923 2336 3487 2406; baseline -0.008 -7"><span class='ocrx_word' id='word_1_351' title='bbox 1923 2344 2133 2399; x_wconf 78' lang='lat' dir='ltr'><strong>docebo</strong></span> <span class='ocrx_word' id='word_1_352' title='bbox 2155 2343 2326 2396; x_wconf 84' lang='lat' dir='ltr'><strong>alios?</strong></span> <span class='ocrx_word' id='word_1_353' title='bbox 2347 2342 2633 2406; x_wconf 79' lang='lat' dir='ltr'><strong>Quomodo</strong></span> <span class='ocrx_word' id='word_1_354' title='bbox 2659 2340 2843 2406; x_wconf 87' lang='lat' dir='ltr'><strong>lingua</strong></span> <span class='ocrx_word' id='word_1_355' title='bbox 2875 2352 2937 2389; x_wconf 89' lang='lat' dir='ltr'><strong>ea</strong></span> <span class='ocrx_word' id='word_1_356' title='bbox 2960 2337 3103 2389; x_wconf 83' lang='lat' dir='ltr'><strong>dicet</strong></span> <span class='ocrx_word' id='word_1_357' title='bbox 3130 2336 3487 2393; x_wconf 81' lang='lat' dir='ltr'><strong>conﬁdenter,</strong></span> 
     </span>
    </p>
   </div>
   <div class='ocr_carea' id='block_1_53' title="bbox 1924 2429 3487 2505">
    <p class='ocr_par' dir='ltr' id='par_1_53' title="bbox 1924 2429 3487 2505">
     <span class='ocr_line' id='line_1_53' title="bbox 1924 2429 3487 2505; baseline -0.008 -16"><span class='ocrx_word' id='word_1_358' title='bbox 1924 2452 2157 2505; x_wconf 89' lang='lat' dir='ltr'><strong>quorum</strong></span> <span class='ocrx_word' id='word_1_359' title='bbox 2188 2444 2354 2489; x_wconf 86' lang='lat' dir='ltr'><strong>testes</strong></span> <span class='ocrx_word' id='word_1_360' title='bbox 2384 2449 2491 2487; x_wconf 92' lang='lat' dir='ltr'><strong>non</strong></span> <span class='ocrx_word' id='word_1_361' title='bbox 2534 2432 2697 2486; x_wconf 85' lang='lat' dir='ltr'><strong>habet</strong></span> <span class='ocrx_word' id='word_1_362' title='bbox 2735 2430 2963 2485; x_wconf 69' lang='lat' dir='ltr'><strong>oculos!</strong></span> <span class='ocrx_word' id='word_1_363' title='bbox 3017 2429 3208 2482; x_wconf 81' lang='lat' dir='ltr'><strong>Verbis</strong></span> <span class='ocrx_word' id='word_1_364' title='bbox 3266 2430 3487 2480; x_wconf 84' lang='lat' dir='ltr'><strong>credam</strong></span> 
     </span>
    </p>
   </div>
   <div class='ocr_carea' id='block_1_54' title="bbox 1924 2518 3485 2589">
    <p class='ocr_par' dir='ltr' id='par_1_54' title="bbox 1924 2518 3485 2589">
     <span class='ocr_line' id='line_1_54' title="bbox 1924 2518 3485 2589; baseline -0.008 -7"><span class='ocrx_word' id='word_1_365' title='bbox 1924 2528 2089 2582; x_wconf 84' lang='lat' dir='ltr'><strong>solis?</strong></span> <span class='ocrx_word' id='word_1_366' title='bbox 2118 2526 2222 2581; x_wconf 88' lang='lat' dir='ltr'><strong>Sed</strong></span> <span class='ocrx_word' id='word_1_367' title='bbox 2256 2525 2456 2580; x_wconf 59' lang='lat' dir='ltr'><strong>ludatis</strong></span> <span class='ocrx_word' id='word_1_368' title='bbox 2483 2540 2578 2577; x_wconf 92' lang='lat' dir='ltr'><strong>ero</strong></span> <span class='ocrx_word' id='word_1_369' title='bbox 2605 2524 2659 2576; x_wconf 89' lang='lat' dir='ltr'><strong>in</strong></span> <span class='ocrx_word' id='word_1_370' title='bbox 2695 2523 2799 2575; x_wconf 80' lang='lat' dir='ltr'><strong>(ide</strong></span> <span class='ocrx_word' id='word_1_371' title='bbox 2832 2533 3144 2589; x_wconf 64' lang='lat' dir='ltr'><strong>susticctus,</strong></span> <span class='ocrx_word' id='word_1_372' title='bbox 3181 2534 3377 2586; x_wconf 81' lang='lat' dir='ltr'><strong>meque</strong></span> <span class='ocrx_word' id='word_1_373' title='bbox 3413 2518 3485 2571; x_wconf 84' lang='lat' dir='ltr'><strong>fa-</strong></span> 
     </span>
    </p>
   </div>
   <div class='ocr_carea' id='block_1_55' title="bbox 1926 2612 3493 2679">
    <p class='ocr_par' dir='ltr' id='par_1_55' title="bbox 1926 2612 3493 2679">
     <span class='ocr_line' id='line_1_55' title="bbox 1926 2612 3493 2679; baseline -0.004 -10"><span class='ocrx_word' id='word_1_374' title='bbox 1926 2620 2149 2672; x_wconf 83' lang='lat' dir='ltr'><strong>cilitatis</strong></span> <span class='ocrx_word' id='word_1_375' title='bbox 2198 2617 2537 2671; x_wconf 85' lang='lat' dir='ltr'><strong>damnabunt</strong></span> <span class='ocrx_word' id='word_1_376' title='bbox 2586 2623 2641 2667; x_wconf 91' lang='lat' dir='ltr'><strong>et</strong></span> <span class='ocrx_word' id='word_1_377' title='bbox 2692 2614 2946 2668; x_wconf 83' lang='lat' dir='ltr'><strong>levitatis.</strong></span> <span class='ocrx_word' id='word_1_378' title='bbox 2984 2612 3227 2666; x_wconf 84' lang='lat' dir='ltr'><strong>Gentiles</strong></span> <span class='ocrx_word' id='word_1_379' title='bbox 3274 2626 3493 2679; x_wconf 89' lang='lat' dir='ltr'><strong>quoque</strong></span> 
     </span>
    </p>
   </div>
   <div class='ocr_carea' id='block_1_56' title="bbox 1926 2703 3482 2775">
    <p class='ocr_par' dir='ltr' id='par_1_56' title="bbox 1926 2703 3482 2775">
     <span class='ocr_line' id='line_1_56' title="bbox 1926 2703 3482 2775; baseline -0.005 -12"><span class='ocrx_word' id='word_1_380' title='bbox 1926 2710 2094 2763; x_wconf 86' lang='lat' dir='ltr'><strong>verba</strong></span> <span class='ocrx_word' id='word_1_381' title='bbox 2127 2724 2236 2763; x_wconf 92' lang='lat' dir='ltr'><strong>non</strong></span> <span class='ocrx_word' id='word_1_382' title='bbox 2280 2708 2608 2770; x_wconf 88' lang='lat' dir='ltr'><strong>admitteut;</strong></span> <span class='ocrx_word' id='word_1_383' title='bbox 2652 2706 2832 2775; x_wconf 83' lang='lat' dir='ltr'><strong>potius</strong></span> <span class='ocrx_word' id='word_1_384' title='bbox 2882 2716 3063 2758; x_wconf 90' lang='lat' dir='ltr'><strong>autem</strong></span> <span class='ocrx_word' id='word_1_385' title='bbox 3117 2719 3296 2757; x_wconf 89' lang='lat' dir='ltr'><strong>meum</strong></span> <span class='ocrx_word' id='word_1_386' title='bbox 3351 2703 3482 2756; x_wconf 89' lang='lat' dir='ltr'><strong>ride-</strong></span> 
     </span>
    </p>
   </div>
   <div class='ocr_carea' id='block_1_57' title="bbox 1928 2795 3494 2868">
    <p class='ocr_par' dir='ltr' id='par_1_57' title="bbox 1928 2795 3494 2868">
     <span class='ocr_line' id='line_1_57' title="bbox 1928 2795 3494 2868; baseline -0.006 -14"><span class='ocrx_word' id='word_1_387' title='bbox 1928 2802 2066 2854; x_wconf 89' lang='lat' dir='ltr'><strong>bunt</strong></span> <span class='ocrx_word' id='word_1_388' title='bbox 2106 2800 2503 2862; x_wconf 87' lang='lat' dir='ltr'><strong>testimonium,</strong></span> <span class='ocrx_word' id='word_1_389' title='bbox 2538 2799 2630 2868; x_wconf 91' lang='lat' dir='ltr'><strong>qui</strong></span> <span class='ocrx_word' id='word_1_390' title='bbox 2660 2812 2727 2851; x_wconf 81' lang='lat' dir='ltr'><strong>es</strong></span> <span class='ocrx_word' id='word_1_391' title='bbox 2771 2797 2887 2851; x_wconf 83' lang='lat' dir='ltr'><strong>solo</strong></span> <span class='ocrx_word' id='word_1_392' title='bbox 2919 2795 3110 2849; x_wconf 89' lang='lat' dir='ltr'><strong>auditu</strong></span> <span class='ocrx_word' id='word_1_393' title='bbox 3146 2795 3380 2863; x_wconf 67' lang='lat' dir='ltr'><strong>praedico</strong></span> <span class='ocrx_word' id='word_1_394' title='bbox 3412 2810 3494 2846; x_wconf 90' lang='lat' dir='ltr'><strong>re-</strong></span> 
     </span>
    </p>
   </div>
   <div class='ocr_carea' id='block_1_58' title="bbox 1925 2896 2346 2948">
    <p class='ocr_par' dir='ltr' id='par_1_58' title="bbox 1925 2896 2346 2948">
     <span class='ocr_line' id='line_1_58' title="bbox 1925 2896 2346 2948; baseline -0.005 -1"><span class='ocrx_word' id='word_1_395' title='bbox 1925 2896 2346 2948; x_wconf 88' lang='lat' dir='ltr'><strong>surrectionem.</strong></span> 
     </span>
    </p>
   </div>
   <div class='ocr_carea' id='block_1_59' title="bbox 1999 2980 3493 3047">
    <p class='ocr_par' dir='ltr' id='par_1_59' title="bbox 1999 2980 3493 3047">
     <span class='ocr_line' id='line_1_59' title="bbox 1999 2980 3493 3047; baseline -0.009 -6"><span class='ocrx_word' id='word_1_396' title='bbox 1999 2987 2087 3041; x_wconf 80' lang='lat' dir='ltr'><strong>Vl.</strong></span> <span class='ocrx_word' id='word_1_397' title='bbox 2120 2986 2238 3039; x_wconf 86' lang='lat' dir='ltr'><strong>Non</strong></span> <span class='ocrx_word' id='word_1_398' title='bbox 2273 2984 2503 3037; x_wconf 91' lang='lat' dir='ltr'><strong>multum</strong></span> <span class='ocrx_word' id='word_1_399' title='bbox 2550 2981 2862 3035; x_wconf 88' lang='lat' dir='ltr'><strong>intercessit</strong></span> <span class='ocrx_word' id='word_1_400' title='bbox 2898 2980 3179 3047; x_wconf 83' lang='lat' dir='ltr'><strong>temporis,</strong></span> <span class='ocrx_word' id='word_1_401' title='bbox 3217 2988 3271 3031; x_wconf 91' lang='lat' dir='ltr'><strong>et</strong></span> <span class='ocrx_word' id='word_1_402' title='bbox 3306 2993 3493 3030; x_wconf 58' lang='lat' dir='ltr'><strong>rursus</strong></span> 
     </span>
    </p>
   </div>
   <div class='ocr_carea' id='block_1_60' title="bbox 1930 3074 3494 3145">
    <p class='ocr_par' dir='ltr' id='par_1_60' title="bbox 1930 3074 3494 3145">
     <span class='ocr_line' id='line_1_60' title="bbox 1930 3074 3494 3145; baseline -0.01 -8"><span class='ocrx_word' id='word_1_403' title='bbox 1930 3080 2105 3137; x_wconf 87' lang='lat' dir='ltr'><strong>adfuit</strong></span> <span class='ocrx_word' id='word_1_404' title='bbox 2127 3080 2409 3141; x_wconf 90' lang='lat' dir='ltr'><strong>Dominus,</strong></span> <span class='ocrx_word' id='word_1_405' title='bbox 2438 3077 2718 3145; x_wconf 84' lang='lat' dir='ltr'><strong>ingressus</strong></span> <span class='ocrx_word' id='word_1_406' title='bbox 2744 3074 3069 3127; x_wconf 80' lang='lat' dir='ltr'><strong>miraculum</strong></span> <span class='ocrx_word' id='word_1_407' title='bbox 3106 3087 3251 3124; x_wconf 88' lang='lat' dir='ltr'><strong>nunc</strong></span> <span class='ocrx_word' id='word_1_408' title='bbox 3280 3086 3494 3138; x_wconf 78' lang='lat' dir='ltr'><strong>quoque</strong></span> 
     </span>
    </p>
   </div>
   <div class='ocr_carea' id='block_1_61' title="bbox 252 3156 3487 3235">
    <p class='ocr_par' dir='ltr' id='par_1_61' title="bbox 252 3156 3487 3235">
     <span class='ocr_line' id='line_1_61' title="bbox 252 3156 3487 3235; baseline 0.002 -25"><span class='ocrx_word' id='word_1_409' title='bbox 252 3171 384 3210; x_wconf 88' lang='lat' dir='ltr'><strong>suas</strong></span> <span class='ocrx_word' id='word_1_410' title='bbox 427 3156 573 3226; x_wconf 79' lang='lat' dir='ltr'><strong>leges</strong></span> <span class='ocrx_word' id='word_1_411' title='bbox 619 3169 810 3211; x_wconf 87' lang='lat' dir='ltr'><strong>natura</strong></span> <span class='ocrx_word' id='word_1_412' title='bbox 853 3161 1001 3230; x_wconf 86' lang='lat' dir='ltr'><strong>jussa</strong></span> <span class='ocrx_word' id='word_1_413' title='bbox 1050 3179 1077 3216; x_wconf 91' lang='lat' dir='ltr'><strong>a</strong></span> <span class='ocrx_word' id='word_1_414' title='bbox 1110 3163 1385 3233; x_wconf 83' lang='lat' dir='ltr'><strong>Domino),</strong></span> <span class='ocrx_word' id='word_1_415' title='bbox 1418 3176 1473 3220; x_wconf 90' lang='lat' dir='ltr'><strong>et</strong></span> <span class='ocrx_word' id='word_1_416' title='bbox 1505 3169 1596 3235; x_wconf 90' lang='lat' dir='ltr'><strong>qui</strong></span> <span class='ocrx_word' id='word_1_417' title='bbox 1633 3171 1819 3224; x_wconf 89' lang='lat' dir='ltr'><strong>omnia</strong></span> <span class='ocrx_word' id='word_1_418' title='bbox 1850 3164 1890 3221; x_wconf 80' lang='grc' dir='ltr'>Ο</span> <span class='ocrx_word' id='word_1_419' title='bbox 1926 3172 2177 3228; x_wconf 90' lang='lat' dir='ltr'><strong>similiter</strong></span> <span class='ocrx_word' id='word_1_420' title='bbox 2203 3168 2520 3227; x_wconf 85' lang='lat' dir='ltr'><strong>ostendens.</strong></span> <span class='ocrx_word' id='word_1_421' title='bbox 2558 3176 2615 3221; x_wconf 92' lang='lat' dir='ltr'><strong>ut</strong></span> <span class='ocrx_word' id='word_1_422' title='bbox 2653 3182 2775 3235; x_wconf 76' lang='lat' dir='ltr'><strong>quce</strong></span> <span class='ocrx_word' id='word_1_423' title='bbox 2817 3165 2938 3218; x_wconf 89' lang='lat' dir='ltr'><strong>aliis</strong></span> <span class='ocrx_word' id='word_1_424' title='bbox 2977 3165 3137 3217; x_wconf 89' lang='lat' dir='ltr'><strong>simul</strong></span> <span class='ocrx_word' id='word_1_425' title='bbox 3186 3163 3487 3230; x_wconf 81' lang='lat' dir='ltr'><strong>discipulis.</strong></span> 
     </span>
    </p>
   </div>
   <div class='ocr_carea' id='block_1_62' title="bbox 254 3247 1820 3325">
    <p class='ocr_par' dir='ltr' id='par_1_62' title="bbox 254 3247 1820 3325">
     <span class='ocr_line' id='line_1_62' title="bbox 254 3247 1820 3325; baseline 0.012 -26"><span class='ocrx_word' id='word_1_426' title='bbox 254 3247 482 3312; x_wconf 79' lang='lat' dir='ltr'><strong>fecerat,</strong></span> <span class='ocrx_word' id='word_1_427' title='bbox 519 3249 755 3303; x_wconf 89' lang='lat' dir='ltr'><strong>insuum</strong></span> <span class='ocrx_word' id='word_1_428' title='bbox 790 3254 1050 3321; x_wconf 89' lang='lat' dir='ltr'><strong>templum</strong></span> <span class='ocrx_word' id='word_1_429' title='bbox 1086 3255 1389 3325; x_wconf 87' lang='lat' dir='ltr'><strong>ingreditur</strong></span> <span class='ocrx_word' id='word_1_430' title='bbox 1419 3259 1619 3314; x_wconf 85' lang='lat' dir='ltr'><strong>clausis</strong></span> <span class='ocrx_word' id='word_1_431' title='bbox 1643 3262 1820 3318; x_wconf 87' lang='lat' dir='ltr'><strong>ostiis:</strong></span> 
     </span>
    </p>
   </div>
   <div class='ocr_carea' id='block_1_63' title="bbox 250 3340 1827 3411">
    <p class='ocr_par' dir='ltr' id='par_1_63' title="bbox 250 3340 1827 3411">
     <span class='ocr_line' id='line_1_63' title="bbox 250 3340 1827 3411; baseline 0.011 -21"><span class='ocrx_word' id='word_1_432' title='bbox 250 3351 308 3391; x_wconf 84' lang='lat' dir='ltr'><strong>et</strong></span> <span class='ocrx_word' id='word_1_433' title='bbox 340 3340 434 3406; x_wconf 90' lang='lat' dir='ltr'><strong>qui</strong></span> <span class='ocrx_word' id='word_1_434' title='bbox 465 3353 560 3407; x_wconf 92' lang='lat' dir='ltr'><strong>per</strong></span> <span class='ocrx_word' id='word_1_435' title='bbox 586 3340 791 3410; x_wconf 90' lang='lat' dir='ltr'><strong>lignum</strong></span> <span class='ocrx_word' id='word_1_436' title='bbox 820 3355 1049 3397; x_wconf 90' lang='lat' dir='ltr'><strong>mortem</strong></span> <span class='ocrx_word' id='word_1_437' title='bbox 1077 3348 1354 3409; x_wconf 87' lang='lat' dir='ltr'><strong>contrivit,</strong></span> <span class='ocrx_word' id='word_1_438' title='bbox 1380 3365 1522 3405; x_wconf 90' lang='lat' dir='ltr'><strong>nunc</strong></span> <span class='ocrx_word' id='word_1_439' title='bbox 1548 3351 1827 3411; x_wconf 76' lang='lat' dir='ltr'><strong>timaﬂ&#39;ert</strong></span> 
     </span>
    </p>
   </div>
   <div class='ocr_carea' id='block_1_64' title="bbox 260 3430 1826 3507">
    <p class='ocr_par' dir='ltr' id='par_1_64' title="bbox 260 3430 1826 3507">
     <span class='ocr_line' id='line_1_64' title="bbox 260 3430 1826 3507; baseline 0.011 -25"><span class='ocrx_word' id='word_1_440' title='bbox 260 3432 366 3499; x_wconf 87' lang='lat' dir='ltr'><strong>ipsi</strong></span> <span class='ocrx_word' id='word_1_441' title='bbox 401 3430 531 3500; x_wconf 88' lang='lat' dir='ltr'><strong>ligni</strong></span> <span class='ocrx_word' id='word_1_442' title='bbox 566 3442 794 3486; x_wconf 55' lang='lat' dir='ltr'><strong>naturai.</strong></span> <span class='ocrx_word' id='word_1_443' title='bbox 822 3435 982 3489; x_wconf 83' lang='lat' dir='ltr'><strong>Venit</strong></span> <span class='ocrx_word' id='word_1_444' title='bbox 1013 3454 1144 3507; x_wconf 84' lang='lat' dir='ltr'><strong>ergo</strong></span> <span class='ocrx_word' id='word_1_445' title='bbox 1192 3440 1446 3495; x_wconf 85' lang='lat' dir='ltr'><strong>Christus</strong></span> <span class='ocrx_word' id='word_1_446' title='bbox 1481 3443 1535 3496; x_wconf 91' lang='lat' dir='ltr'><strong>in</strong></span> <span class='ocrx_word' id='word_1_447' title='bbox 1586 3446 1826 3499; x_wconf 75' lang='lat' dir='ltr'><strong>medium</strong></span> 
     </span>
    </p>
   </div>
   <div class='ocr_carea' id='block_1_65' title="bbox 258 3518 1826 3594">
    <p class='ocr_par' dir='ltr' id='par_1_65' title="bbox 258 3518 1826 3594">
     <span class='ocr_line' id='line_1_65' title="bbox 258 3518 1826 3594; baseline 0.011 -21"><span class='ocrx_word' id='word_1_448' title='bbox 258 3536 482 3584; x_wconf 89' lang='lat' dir='ltr'><strong>eorum,</strong></span> <span class='ocrx_word' id='word_1_449' title='bbox 512 3523 780 3577; x_wconf 86' lang='lat' dir='ltr'><strong>miraculo</strong></span> <span class='ocrx_word' id='word_1_450' title='bbox 813 3526 1091 3594; x_wconf 86' lang='lat' dir='ltr'><strong>ingressus</strong></span> <span class='ocrx_word' id='word_1_451' title='bbox 1124 3518 1457 3587; x_wconf 82' lang='lat' dir='ltr'><strong>conﬁrmans</strong></span> <span class='ocrx_word' id='word_1_452' title='bbox 1506 3535 1826 3591; x_wconf 86' lang='lat' dir='ltr'><strong>miraculum</strong></span> 
     </span>
    </p>
   </div>
   <div class='ocr_carea' id='block_1_66' title="bbox 258 3614 1828 3693">
    <p class='ocr_par' dir='ltr' id='par_1_66' title="bbox 258 3614 1828 3693">
     <span class='ocr_line' id='line_1_66' title="bbox 258 3614 1828 3693; baseline 0.012 -30"><span class='ocrx_word' id='word_1_453' title='bbox 258 3614 707 3668; x_wconf 77' lang='lat' dir='ltr'><strong>resurrectionis.</strong></span> <span class='ocrx_word' id='word_1_454' title='bbox 747 3615 811 3668; x_wconf 81' lang='lat' dir='ltr'><strong>Et</strong></span> <span class='ocrx_word' id='word_1_455' title='bbox 840 3618 918 3670; x_wconf 90' lang='lat' dir='ltr'><strong>sic</strong></span> <span class='ocrx_word' id='word_1_456' title='bbox 945 3618 1167 3687; x_wconf 87' lang='lat' dir='ltr'><strong>quidem</strong></span> <span class='ocrx_word' id='word_1_457' title='bbox 1202 3622 1456 3691; x_wconf 71' lang='lat' dir='ltr'><strong>discipuli</strong></span> <span class='ocrx_word' id='word_1_458' title='bbox 1500 3626 1633 3693; x_wconf 69' lang='lat' dir='ltr'><strong>ipsis</strong></span> <span class='ocrx_word' id='word_1_459' title='bbox 1655 3630 1828 3684; x_wconf 88' lang='lat' dir='ltr'><strong>oculis</strong></span> 
     </span>
    </p>
   </div>
   <div class='ocr_carea' id='block_1_67' title="bbox 256 3705 1824 3785">
    <p class='ocr_par' dir='ltr' id='par_1_67' title="bbox 256 3705 1824 3785">
     <span class='ocr_line' id='line_1_67' title="bbox 256 3705 1824 3785; baseline 0.013 -33"><span class='ocrx_word' id='word_1_460' title='bbox 256 3705 400 3771; x_wconf 70' lang='lat' dir='ltr'><strong>ejus,</strong></span> <span class='ocrx_word' id='word_1_461' title='bbox 438 3720 598 3771; x_wconf 91' lang='lat' dir='ltr'><strong>quem</strong></span> <span class='ocrx_word' id='word_1_462' title='bbox 656 3705 1076 3772; x_wconf 84' lang='lat' dir='ltr'><strong>desiderabant,</strong></span> <span class='ocrx_word' id='word_1_463' title='bbox 1126 3711 1363 3766; x_wconf 89' lang='lat' dir='ltr'><strong>fructum</strong></span> <span class='ocrx_word' id='word_1_464' title='bbox 1413 3716 1777 3785; x_wconf 89' lang='lat' dir='ltr'><strong>percipientes</strong></span> <span class='ocrx_word' id='word_1_465' title='bbox 1810 3759 1824 3782; x_wconf 92' lang='lat'><strong>,</strong></span> 
     </span>
    </p>
   </div>
   <div class='ocr_carea' id='block_1_68' title="bbox 258 3793 1822 3863">
    <p class='ocr_par' dir='ltr' id='par_1_68' title="bbox 258 3793 1822 3863">
     <span class='ocr_line' id='line_1_68' title="bbox 258 3793 1822 3863; baseline 0.012 -18"><span class='ocrx_word' id='word_1_466' title='bbox 258 3793 443 3847; x_wconf 85' lang='lat' dir='ltr'><strong>l.etitia</strong></span> <span class='ocrx_word' id='word_1_467' title='bbox 479 3795 868 3851; x_wconf 67' lang='lat' dir='ltr'><strong>adiciebantur.</strong></span> <span class='ocrx_word' id='word_1_468' title='bbox 908 3800 1071 3855; x_wconf 86' lang='lat' dir='ltr'><strong>Solus</strong></span> <span class='ocrx_word' id='word_1_469' title='bbox 1101 3813 1281 3857; x_wconf 89' lang='lat' dir='ltr'><strong>autem</strong></span> <span class='ocrx_word' id='word_1_470' title='bbox 1318 3804 1556 3861; x_wconf 87' lang='lat' dir='ltr'><strong>Thomas</strong></span> <span class='ocrx_word' id='word_1_471' title='bbox 1586 3810 1761 3863; x_wconf 73' lang='lat' dir='ltr'><strong>abiuil</strong></span> <span class='ocrx_word' id='word_1_472' title='bbox 1794 3830 1822 3863; x_wconf 75' lang='lat' dir='ltr'><strong>Il</strong></span> 
     </span>
    </p>
   </div>
   <div class='ocr_carea' id='block_1_69' title="bbox 258 3888 1827 3962">
    <p class='ocr_par' dir='ltr' id='par_1_69' title="bbox 258 3888 1827 3962">
     <span class='ocr_line' id='line_1_69' title="bbox 258 3888 1827 3962; baseline 0.012 -25"><span class='ocrx_word' id='word_1_473' title='bbox 258 3888 573 3952; x_wconf 85' lang='lat' dir='ltr'><strong>spectaculo</strong></span> <span class='ocrx_word' id='word_1_474' title='bbox 600 3905 611 3939; x_wconf 92' lang='lat'>:</span> <span class='ocrx_word' id='word_1_475' title='bbox 637 3892 728 3958; x_wconf 89' lang='lat' dir='ltr'><strong>qui</strong></span> <span class='ocrx_word' id='word_1_476' title='bbox 757 3891 944 3946; x_wconf 90' lang='lat' dir='ltr'><strong>divino</strong></span> <span class='ocrx_word' id='word_1_477' title='bbox 964 3896 1224 3962; x_wconf 88' lang='lat' dir='ltr'><strong>quodam,</strong></span> <span class='ocrx_word' id='word_1_478' title='bbox 1252 3907 1310 3950; x_wconf 92' lang='lat' dir='ltr'><strong>ut</strong></span> <span class='ocrx_word' id='word_1_479' title='bbox 1342 3901 1576 3962; x_wconf 88' lang='lat' dir='ltr'><strong>videtur,</strong></span> <span class='ocrx_word' id='word_1_480' title='bbox 1600 3903 1827 3957; x_wconf 71' lang='lat' dir='ltr'><strong>consilio</strong></span> 
     </span>
    </p>
   </div>
   <div class='ocr_carea' id='block_1_70' title="bbox 260 3980 1825 4058">
    <p class='ocr_par' dir='ltr' id='par_1_70' title="bbox 260 3980 1825 4058">
     <span class='ocr_line' id='line_1_70' title="bbox 260 3980 1825 4058; baseline 0.01 -27"><span class='ocrx_word' id='word_1_481' title='bbox 260 3995 371 4032; x_wconf 90' lang='lat' dir='ltr'><strong>non</strong></span> <span class='ocrx_word' id='word_1_482' title='bbox 398 3980 603 4041; x_wconf 72' lang='lat' dir='ltr'><strong>adt-rat.</strong></span> <span class='ocrx_word' id='word_1_483' title='bbox 636 3992 695 4035; x_wconf 91' lang='lat' dir='ltr'><strong>ut</strong></span> <span class='ocrx_word' id='word_1_484' title='bbox 721 3999 842 4037; x_wconf 91' lang='lat' dir='ltr'><strong>cum</strong></span> <span class='ocrx_word' id='word_1_485' title='bbox 877 3988 1200 4041; x_wconf 84' lang='lat' dir='ltr'><strong>miraculum</strong></span> <span class='ocrx_word' id='word_1_486' title='bbox 1234 3991 1408 4058; x_wconf 85' lang='lat' dir='ltr'><strong>magis</strong></span> <span class='ocrx_word' id='word_1_487' title='bbox 1437 3994 1825 4058; x_wconf 72' lang='lat' dir='ltr'><strong>examinasset,</strong></span> 
     </span>
    </p>
   </div>
   <div class='ocr_carea' id='block_1_71' title="bbox 256 4077 1828 4145">
    <p class='ocr_par' dir='ltr' id='par_1_71' title="bbox 256 4077 1828 4145">
     <span class='ocr_line' id='line_1_71' title="bbox 256 4077 1828 4145; baseline 0.011 -21"><span class='ocrx_word' id='word_1_488' title='bbox 256 4081 406 4126; x_wconf 78' lang='lat' dir='ltr'><strong>chct</strong></span> <span class='ocrx_word' id='word_1_489' title='bbox 434 4077 744 4142; x_wconf 78' lang='lat' dir='ltr'><strong>pra-clarior</strong></span> <span class='ocrx_word' id='word_1_490' title='bbox 766 4094 940 4145; x_wconf 61' lang='lat' dir='ltr'><strong>praeco</strong></span> <span class='ocrx_word' id='word_1_491' title='bbox 969 4082 1416 4136; x_wconf 85' lang='lat' dir='ltr'><strong>resurrectionis.</strong></span> <span class='ocrx_word' id='word_1_492' title='bbox 1446 4085 1551 4138; x_wconf 83' lang='lat' dir='ltr'><strong>Sed</strong></span> <span class='ocrx_word' id='word_1_493' title='bbox 1580 4086 1828 4141; x_wconf 84' lang='lat' dir='ltr'><strong>Salvator</strong></span> 
     </span>
    </p>
   </div>
   <div class='ocr_carea' id='block_1_72' title="bbox 258 4165 1823 4244">
    <p class='ocr_par' dir='ltr' id='par_1_72' title="bbox 258 4165 1823 4244">
     <span class='ocr_line' id='line_1_72' title="bbox 258 4165 1823 4244; baseline 0.01 -29"><span class='ocrx_word' id='word_1_494' title='bbox 258 4165 483 4231; x_wconf 87' lang='lat' dir='ltr'><strong>quidem</strong></span> <span class='ocrx_word' id='word_1_495' title='bbox 513 4182 635 4219; x_wconf 89' lang='lat' dir='ltr'><strong>cum</strong></span> <span class='ocrx_word' id='word_1_496' title='bbox 668 4171 749 4221; x_wconf 92' lang='lat' dir='ltr'><strong>sui</strong></span> <span class='ocrx_word' id='word_1_497' title='bbox 785 4172 1096 4238; x_wconf 89' lang='lat' dir='ltr'><strong>spectaculo</strong></span> <span class='ocrx_word' id='word_1_498' title='bbox 1127 4174 1483 4241; x_wconf 89' lang='lat' dir='ltr'><strong>impertiisset</strong></span> <span class='ocrx_word' id='word_1_499' title='bbox 1524 4178 1823 4244; x_wconf 88' lang='lat' dir='ltr'><strong>apostolos,</strong></span> 
     </span>
    </p>
   </div>
   <div class='ocr_carea' id='block_1_73' title="bbox 261 4257 1828 4333">
    <p class='ocr_par' dir='ltr' id='par_1_73' title="bbox 261 4257 1828 4333">
     <span class='ocr_line' id='line_1_73' title="bbox 261 4257 1828 4333; baseline 0.01 -27"><span class='ocrx_word' id='word_1_500' title='bbox 261 4257 488 4309; x_wconf 81' lang='lat' dir='ltr'><strong>recessit</strong></span> <span class='ocrx_word' id='word_1_501' title='bbox 521 4260 786 4323; x_wconf 77' lang='lat' dir='ltr'><strong>protinus,</strong></span> <span class='ocrx_word' id='word_1_502' title='bbox 818 4261 1202 4328; x_wconf 85' lang='lat' dir='ltr'><strong>perfectiorem</strong></span> <span class='ocrx_word' id='word_1_503' title='bbox 1230 4266 1706 4333; x_wconf 86' lang='lat' dir='ltr'><strong>contemplationis</strong></span> <span class='ocrx_word' id='word_1_504' title='bbox 1732 4270 1828 4321; x_wconf 85' lang='lat' dir='ltr'><strong>vi-</strong></span> 
     </span>
    </p>
   </div>
   <div class='ocr_carea' id='block_1_74' title="bbox 260 4349 1649 4424">
    <p class='ocr_par' dir='ltr' id='par_1_74' title="bbox 260 4349 1649 4424">
     <span class='ocr_line' id='line_1_74' title="bbox 260 4349 1649 4424; baseline 0.009 -23"><span class='ocrx_word' id='word_1_505' title='bbox 260 4349 474 4404; x_wconf 87' lang='lat' dir='ltr'><strong>sionem</strong></span> <span class='ocrx_word' id='word_1_506' title='bbox 510 4351 729 4406; x_wconf 65' lang='lat' dir='ltr'><strong>Thomaa</strong></span> <span class='ocrx_word' id='word_1_507' title='bbox 759 4356 1044 4419; x_wconf 90' lang='lat' dir='ltr'><strong>amico,-ut</strong></span> <span class='ocrx_word' id='word_1_508' title='bbox 1080 4357 1313 4424; x_wconf 87' lang='lat' dir='ltr'><strong>videtur,</strong></span> <span class='ocrx_word' id='word_1_509' title='bbox 1345 4372 1649 4415; x_wconf 85' lang='lat' dir='ltr'><strong>reservans.</strong></span> 
     </span>
    </p>
   </div>
   <div class='ocr_carea' id='block_1_75' title="bbox 338 4442 1822 4517">
    <p class='ocr_par' dir='ltr' id='par_1_75' title="bbox 338 4442 1822 4517">
     <span class='ocr_line' id='line_1_75' title="bbox 338 4442 1822 4517; baseline 0.009 -22"><span class='ocrx_word' id='word_1_510' title='bbox 338 4443 397 4495; x_wconf 90' lang='lat' dir='ltr'><strong>V.</strong></span> <span class='ocrx_word' id='word_1_511' title='bbox 434 4442 567 4496; x_wconf 87' lang='lat' dir='ltr'><strong>Cutu</strong></span> <span class='ocrx_word' id='word_1_512' title='bbox 594 4453 775 4497; x_wconf 85' lang='lat' dir='ltr'><strong>autem</strong></span> <span class='ocrx_word' id='word_1_513' title='bbox 811 4461 1062 4501; x_wconf 84' lang='lat' dir='ltr'><strong>reversus</strong></span> <span class='ocrx_word' id='word_1_514' title='bbox 1120 4458 1264 4503; x_wconf 83' lang='lat' dir='ltr'><strong>esset</strong></span> <span class='ocrx_word' id='word_1_515' title='bbox 1313 4449 1572 4517; x_wconf 89' lang='lat' dir='ltr'><strong>Thomas,</strong></span> <span class='ocrx_word' id='word_1_516' title='bbox 1622 4462 1678 4505; x_wconf 92' lang='lat' dir='ltr'><strong>et</strong></span> <span class='ocrx_word' id='word_1_517' title='bbox 1731 4469 1822 4508; x_wconf 92' lang='lat' dir='ltr'><strong>ve-</strong></span> 
     </span>
    </p>
   </div>
   <div class='ocr_carea' id='block_1_76' title="bbox 259 4536 1825 4608">
    <p class='ocr_par' dir='ltr' id='par_1_76' title="bbox 259 4536 1825 4608">
     <span class='ocr_line' id='line_1_76' title="bbox 259 4536 1825 4608; baseline 0.008 -20"><span class='ocrx_word' id='word_1_518' title='bbox 259 4537 434 4588; x_wconf 84' lang='lat' dir='ltr'><strong>nisset</strong></span> <span class='ocrx_word' id='word_1_519' title='bbox 466 4536 519 4588; x_wconf 91' lang='lat' dir='ltr'><strong>in</strong></span> <span class='ocrx_word' id='word_1_520' title='bbox 557 4546 795 4589; x_wconf 89' lang='lat' dir='ltr'><strong>mentem</strong></span> <span class='ocrx_word' id='word_1_521' title='bbox 827 4538 1111 4608; x_wconf 88' lang='lat' dir='ltr'><strong>discipulis</strong></span> <span class='ocrx_word' id='word_1_522' title='bbox 1153 4542 1202 4594; x_wconf 88' lang='lat' dir='ltr'><strong>ei</strong></span> <span class='ocrx_word' id='word_1_523' title='bbox 1249 4541 1429 4597; x_wconf 77' lang='lat' dir='ltr'><strong>dicere</strong></span> <span class='ocrx_word' id='word_1_524' title='bbox 1467 4560 1479 4595; x_wconf 89' lang='lat'>:</span> <span class='ocrx_word' id='word_1_525' title='bbox 1519 4561 1535 4592; x_wconf 75' lang='grc' dir='ltr'>ι</span> <span class='ocrx_word' id='word_1_526' title='bbox 1576 4543 1825 4601; x_wconf 80' lang='lat' dir='ltr'><strong>Vidimus</strong></span> 
     </span>
    </p>
   </div>
   <div class='ocr_carea' id='block_1_77' title="bbox 262 4629 1829 4700">
    <p class='ocr_par' dir='ltr' id='par_1_77' title="bbox 262 4629 1829 4700">
     <span class='ocr_line' id='line_1_77' title="bbox 262 4629 1829 4700; baseline 0.004 -17"><span class='ocrx_word' id='word_1_527' title='bbox 262 4629 581 4690; x_wconf 87' lang='lat' dir='ltr'><strong>Dominum,</strong></span> <span class='ocrx_word' id='word_1_528' title='bbox 616 4647 632 4677; x_wconf 84' lang='grc'><strong>›</strong></span> <span class='ocrx_word' id='word_1_529' title='bbox 673 4629 761 4683; x_wconf 88' lang='lat' dir='ltr'><strong>ille</strong></span> <span class='ocrx_word' id='word_1_530' title='bbox 786 4642 1010 4699; x_wconf 86' lang='lat' dir='ltr'><strong>propter</strong></span> <span class='ocrx_word' id='word_1_531' title='bbox 1045 4631 1098 4685; x_wconf 91' lang='lat' dir='ltr'><strong>id</strong></span> <span class='ocrx_word' id='word_1_532' title='bbox 1131 4632 1276 4700; x_wconf 89' lang='lat' dir='ltr'><strong>quod</strong></span> <span class='ocrx_word' id='word_1_533' title='bbox 1314 4634 1591 4696; x_wconf 80' lang='lat' dir='ltr'><strong>audiebat.</strong></span> <span class='ocrx_word' id='word_1_534' title='bbox 1638 4635 1829 4691; x_wconf 64' lang='lat' dir='ltr'><strong>laetitia</strong></span> 
     </span>
    </p>
   </div>
   <div class='ocr_carea' id='block_1_78' title="bbox 259 4718 1830 4787">
    <p class='ocr_par' dir='ltr' id='par_1_78' title="bbox 259 4718 1830 4787">
     <span class='ocr_line' id='line_1_78' title="bbox 259 4718 1830 4787; baseline 0.007 -16"><span class='ocrx_word' id='word_1_535' title='bbox 259 4718 515 4781; x_wconf 69' lang='lat' dir='ltr'><strong>allectus,</strong></span> <span class='ocrx_word' id='word_1_536' title='bbox 566 4720 710 4787; x_wconf 89' lang='lat' dir='ltr'><strong>quod</strong></span> <span class='ocrx_word' id='word_1_537' title='bbox 751 4721 866 4774; x_wconf 85' lang='lat' dir='ltr'><strong>fieri</strong></span> <span class='ocrx_word' id='word_1_538' title='bbox 909 4720 1293 4787; x_wconf 86' lang='lat' dir='ltr'><strong>desiderabat,</strong></span> <span class='ocrx_word' id='word_1_539' title='bbox 1327 4724 1431 4780; x_wconf 88' lang='lat' dir='ltr'><strong>hoc</strong></span> <span class='ocrx_word' id='word_1_540' title='bbox 1470 4725 1671 4779; x_wconf 77' lang='lat' dir='ltr'><strong>factum</strong></span> <span class='ocrx_word' id='word_1_541' title='bbox 1710 4744 1830 4782; x_wconf 86' lang='lat' dir='ltr'><strong>esse</strong></span> 
     </span>
    </p>
   </div>
   <div class='ocr_carea' id='block_1_79' title="bbox 256 4813 1831 4887">
    <p class='ocr_par' dir='ltr' id='par_1_79' title="bbox 256 4813 1831 4887">
     <span class='ocr_line' id='line_1_79' title="bbox 256 4813 1831 4887; baseline 0.006 -23"><span class='ocrx_word' id='word_1_542' title='bbox 256 4813 515 4875; x_wconf 57' lang='lat' dir='ltr'><strong>audiens,</strong></span> <span class='ocrx_word' id='word_1_543' title='bbox 542 4827 647 4865; x_wconf 87' lang='lat' dir='ltr'><strong>non</strong></span> <span class='ocrx_word' id='word_1_544' title='bbox 673 4813 955 4867; x_wconf 88' lang='lat' dir='ltr'><strong>credebat.</strong></span> <span class='ocrx_word' id='word_1_545' title='bbox 983 4815 1171 4869; x_wconf 88' lang='lat' dir='ltr'><strong>Solent</strong></span> <span class='ocrx_word' id='word_1_546' title='bbox 1196 4819 1340 4870; x_wconf 91' lang='lat' dir='ltr'><strong>enim</strong></span> <span class='ocrx_word' id='word_1_547' title='bbox 1370 4819 1602 4887; x_wconf 86' lang='lat' dir='ltr'><strong>ingentis</strong></span> <span class='ocrx_word' id='word_1_548' title='bbox 1627 4820 1831 4874; x_wconf 70' lang='lat' dir='ltr'><strong>laetitiae</strong></span> 
     </span>
    </p>
   </div>
   <div class='ocr_carea' id='block_1_80' title="bbox 258 4904 1867 4981">
    <p class='ocr_par' dir='ltr' id='par_1_80' title="bbox 258 4904 1867 4981">
     <span class='ocr_line' id='line_1_80' title="bbox 258 4904 1867 4981; baseline 0.004 -22"><span class='ocrx_word' id='word_1_549' title='bbox 258 4904 717 4971; x_wconf 73' lang='lat' dir='ltr'><strong>cxsnperationes</strong></span> <span class='ocrx_word' id='word_1_550' title='bbox 760 4920 879 4958; x_wconf 89' lang='lat' dir='ltr'><strong>esse</strong></span> <span class='ocrx_word' id='word_1_551' title='bbox 913 4906 1183 4960; x_wconf 89' lang='lat' dir='ltr'><strong>tardiores</strong></span> <span class='ocrx_word' id='word_1_552' title='bbox 1204 4908 1270 4959; x_wconf 89' lang='lat' dir='ltr'><strong>ad</strong></span> <span class='ocrx_word' id='word_1_553' title='bbox 1299 4922 1360 4961; x_wconf 91' lang='lat' dir='ltr'><strong>ea</strong></span> <span class='ocrx_word' id='word_1_554' title='bbox 1388 4909 1657 4963; x_wconf 89' lang='lat' dir='ltr'><strong>credenda</strong></span> <span class='ocrx_word' id='word_1_555' title='bbox 1708 4926 1829 4981; x_wconf 68' lang='lat' dir='ltr'><strong>quae</strong></span> <span class='ocrx_word' id='word_1_556' title='bbox 1864 4974 1867 4977; x_wconf 18' lang='grc' dir='ltr'>δ</span> 
     </span>
    </p>
   </div>
   <div class='ocr_carea' id='block_1_81' title="bbox 260 4995 1877 5071">
    <p class='ocr_par' dir='ltr' id='par_1_81' title="bbox 260 4995 1877 5071">
     <span class='ocr_line' id='line_1_81' title="bbox 260 4995 1877 5071; baseline 0.003 -18"><span class='ocrx_word' id='word_1_557' title='bbox 260 5002 547 5053; x_wconf 86' lang='lat' dir='ltr'><strong>dicuntur.</strong></span> <span class='ocrx_word' id='word_1_558' title='bbox 587 4997 876 5067; x_wconf 88' lang='lat' dir='ltr'><strong>Discipulis</strong></span> <span class='ocrx_word' id='word_1_559' title='bbox 910 4999 1117 5068; x_wconf 91' lang='lat' dir='ltr'><strong>igitur:</strong></span> <span class='ocrx_word' id='word_1_560' title='bbox 1151 5016 1168 5049; x_wconf 74' lang='grc' dir='ltr'>ι</span> <span class='ocrx_word' id='word_1_561' title='bbox 1210 5000 1343 5065; x_wconf 79' lang='lat' dir='ltr'><strong>Nisi,</strong></span> <span class='ocrx_word' id='word_1_562' title='bbox 1389 5002 1600 5071; x_wconf 88' lang='lat' dir='ltr'><strong>inquit,</strong></span> <span class='ocrx_word' id='word_1_563' title='bbox 1637 5004 1829 5058; x_wconf 81' lang='lat' dir='ltr'><strong>videro</strong></span> <span class='ocrx_word' id='word_1_564' title='bbox 1868 4995 1877 5005; x_wconf 73' lang='grc'><em>’</em></span> 
     </span>
    </p>
   </div>
   <div class='ocr_carea' id='block_1_82' title="bbox 263 5092 1830 5161">
    <p class='ocr_par' dir='ltr' id='par_1_82' title="bbox 263 5092 1830 5161">
     <span class='ocr_line' id='line_1_82' title="bbox 263 5092 1830 5161; baseline 0.003 -16"><span class='ocrx_word' id='word_1_565' title='bbox 263 5093 318 5145; x_wconf 91' lang='lat' dir='ltr'><strong>in</strong></span> <span class='ocrx_word' id='word_1_566' title='bbox 358 5092 614 5145; x_wconf 85' lang='lat' dir='ltr'><strong>manibus</strong></span> <span class='ocrx_word' id='word_1_567' title='bbox 638 5092 757 5161; x_wconf 79' lang='lat' dir='ltr'><strong>ejus</strong></span> <span class='ocrx_word' id='word_1_568' title='bbox 782 5092 1030 5145; x_wconf 79' lang='lat' dir='ltr'><strong>ﬁssuram</strong></span> <span class='ocrx_word' id='word_1_569' title='bbox 1061 5093 1336 5147; x_wconf 81' lang='lat' dir='ltr'><strong>clavorum</strong></span> <span class='ocrx_word' id='word_1_570' title='bbox 1368 5132 1383 5157; x_wconf 91' lang='lat'><strong>,</strong></span> <span class='ocrx_word' id='word_1_571' title='bbox 1421 5105 1475 5149; x_wconf 91' lang='lat' dir='ltr'><strong>et</strong></span> <span class='ocrx_word' id='word_1_572' title='bbox 1510 5094 1719 5149; x_wconf 89' lang='lat' dir='ltr'><strong>mittam</strong></span> <span class='ocrx_word' id='word_1_573' title='bbox 1750 5098 1830 5150; x_wconf 79' lang='lat' dir='ltr'><strong>di-</strong></span> 
     </span>
    </p>
   </div>
   <div class='ocr_carea' id='block_1_83' title="bbox 260 5183 1826 5253">
    <p class='ocr_par' dir='ltr' id='par_1_83' title="bbox 260 5183 1826 5253">
     <span class='ocr_line' id='line_1_83' title="bbox 260 5183 1826 5253; baseline 0.003 -19"><span class='ocrx_word' id='word_1_574' title='bbox 260 5186 434 5253; x_wconf 79' lang='lat' dir='ltr'><strong>gitum</strong></span> <span class='ocrx_word' id='word_1_575' title='bbox 463 5198 644 5237; x_wconf 88' lang='lat' dir='ltr'><strong>meum</strong></span> <span class='ocrx_word' id='word_1_576' title='bbox 675 5188 731 5237; x_wconf 70' lang='lat' dir='ltr'><strong>in</strong></span> <span class='ocrx_word' id='word_1_577' title='bbox 756 5183 936 5237; x_wconf 88' lang='lat' dir='ltr'><strong>locum</strong></span> <span class='ocrx_word' id='word_1_578' title='bbox 960 5184 1260 5247; x_wconf 86' lang='lat' dir='ltr'><strong>clavorum,</strong></span> <span class='ocrx_word' id='word_1_579' title='bbox 1287 5193 1343 5239; x_wconf 90' lang='lat' dir='ltr'><strong>et</strong></span> <span class='ocrx_word' id='word_1_580' title='bbox 1371 5186 1581 5240; x_wconf 88' lang='lat' dir='ltr'><strong>mittam</strong></span> <span class='ocrx_word' id='word_1_581' title='bbox 1607 5202 1826 5241; x_wconf 90' lang='lat' dir='ltr'><strong>manum</strong></span> 
     </span>
    </p>
   </div>
   <div class='ocr_carea' id='block_1_84' title="bbox 261 5274 1827 5341">
    <p class='ocr_par' dir='ltr' id='par_1_84' title="bbox 261 5274 1827 5341">
     <span class='ocr_line' id='line_1_84' title="bbox 261 5274 1827 5341; baseline 0.003 -14"><span class='ocrx_word' id='word_1_582' title='bbox 261 5289 437 5328; x_wconf 86' lang='lat' dir='ltr'><strong>meam</strong></span> <span class='ocrx_word' id='word_1_583' title='bbox 482 5275 536 5327; x_wconf 90' lang='lat' dir='ltr'><strong>in</strong></span> <span class='ocrx_word' id='word_1_584' title='bbox 568 5274 710 5327; x_wconf 90' lang='lat' dir='ltr'><strong>latus</strong></span> <span class='ocrx_word' id='word_1_585' title='bbox 742 5275 879 5341; x_wconf 88' lang='lat' dir='ltr'><strong>ejus,</strong></span> <span class='ocrx_word' id='word_1_586' title='bbox 908 5292 1016 5328; x_wconf 93' lang='lat' dir='ltr'><strong>non</strong></span> <span class='ocrx_word' id='word_1_587' title='bbox 1049 5276 1267 5329; x_wconf 88' lang='lat' dir='ltr'><strong>credam</strong></span> <span class='ocrx_word' id='word_1_588' title='bbox 1294 5277 1337 5329; x_wconf 87' lang='grc'><strong>⁸.</strong></span> <span class='ocrx_word' id='word_1_589' title='bbox 1371 5296 1389 5329; x_wconf 74' lang='grc' dir='ltr'>ι</span> <span class='ocrx_word' id='word_1_590' title='bbox 1426 5278 1505 5331; x_wconf 82' lang='lat' dir='ltr'><strong>Ad</strong></span> <span class='ocrx_word' id='word_1_591' title='bbox 1539 5277 1653 5332; x_wconf 72' lang='lat' dir='ltr'><strong>baze</strong></span> <span class='ocrx_word' id='word_1_592' title='bbox 1691 5279 1827 5332; x_wconf 88' lang='lat' dir='ltr'><strong>forte</strong></span> 
     </span>
    </p>
   </div>
   <div class='ocr_carea' id='block_1_85' title="bbox 262 5363 1830 5433">
    <p class='ocr_par' dir='ltr' id='par_1_85' title="bbox 262 5363 1830 5433">
     <span class='ocr_line' id='line_1_85' title="bbox 262 5363 1830 5433; baseline 0.003 -16"><span class='ocrx_word' id='word_1_593' title='bbox 262 5363 498 5433; x_wconf 85' lang='lat' dir='ltr'><strong>apostoli</strong></span> <span class='ocrx_word' id='word_1_594' title='bbox 533 5382 545 5416; x_wconf 94' lang='lat'>:</span> <span class='ocrx_word' id='word_1_595' title='bbox 581 5364 721 5429; x_wconf 90' lang='lat' dir='ltr'><strong>Quid</strong></span> <span class='ocrx_word' id='word_1_596' title='bbox 752 5364 856 5417; x_wconf 86' lang='lat' dir='ltr'><strong>sibi</strong></span> <span class='ocrx_word' id='word_1_597' title='bbox 883 5366 1009 5425; x_wconf 88' lang='lat' dir='ltr'><strong>vult,</strong></span> <span class='ocrx_word' id='word_1_598' title='bbox 1040 5381 1072 5419; x_wconf 92' lang='lat'><strong>0</strong></span> <span class='ocrx_word' id='word_1_599' title='bbox 1104 5365 1334 5431; x_wconf 86' lang='lat' dir='ltr'><strong>Thoma,</strong></span> <span class='ocrx_word' id='word_1_600' title='bbox 1367 5383 1549 5421; x_wconf 89' lang='lat' dir='ltr'><strong>sermo</strong></span> <span class='ocrx_word' id='word_1_601' title='bbox 1577 5369 1830 5423; x_wconf 82' lang='lat' dir='ltr'><strong>incredu-</strong></span> 
     </span>
    </p>
   </div>
   <div class='ocr_carea' id='block_1_86' title="bbox 264 5455 1817 5530">
    <p class='ocr_par' dir='ltr' id='par_1_86' title="bbox 264 5455 1817 5530">
     <span class='ocr_line' id='line_1_86' title="bbox 264 5455 1817 5530; baseline 0.003 -21"><span class='ocrx_word' id='word_1_602' title='bbox 264 5456 475 5509; x_wconf 80' lang='lat' dir='ltr'><strong>litatis?</strong></span> <span class='ocrx_word' id='word_1_603' title='bbox 511 5455 565 5509; x_wconf 89' lang='lat' dir='ltr'><strong>Si</strong></span> <span class='ocrx_word' id='word_1_604' title='bbox 598 5471 704 5508; x_wconf 93' lang='lat' dir='ltr'><strong>non</strong></span> <span class='ocrx_word' id='word_1_605' title='bbox 753 5455 930 5509; x_wconf 87' lang='lat' dir='ltr'><strong>credit</strong></span> <span class='ocrx_word' id='word_1_606' title='bbox 963 5457 1288 5526; x_wconf 82' lang='lat' dir='ltr'><strong>discipulus,</strong></span> <span class='ocrx_word' id='word_1_607' title='bbox 1338 5462 1611 5530; x_wconf 90' lang='lat' dir='ltr'><strong>quomodo</strong></span> <span class='ocrx_word' id='word_1_608' title='bbox 1644 5460 1817 5515; x_wconf 91' lang='lat' dir='ltr'><strong>credi-</strong></span> 
     </span>
    </p>
   </div>
   <div class='ocr_carea' id='block_1_87' title="bbox 262 5547 1829 5619">
    <p class='ocr_par' dir='ltr' id='par_1_87' title="bbox 262 5547 1829 5619">
     <span class='ocr_line' id='line_1_87' title="bbox 262 5547 1829 5619; baseline 0.005 -19"><span class='ocrx_word' id='word_1_609' title='bbox 262 5548 451 5603; x_wconf 86' lang='lat' dir='ltr'><strong>derint</strong></span> <span class='ocrx_word' id='word_1_610' title='bbox 481 5549 692 5604; x_wconf 64' lang='lat' dir='ltr'><strong>Judwi?</strong></span> <span class='ocrx_word' id='word_1_611' title='bbox 727 5549 781 5602; x_wconf 89' lang='lat' dir='ltr'><strong>Si</strong></span> <span class='ocrx_word' id='word_1_612' title='bbox 811 5552 1089 5619; x_wconf 89' lang='lat' dir='ltr'><strong>apostolus</strong></span> <span class='ocrx_word' id='word_1_613' title='bbox 1113 5547 1168 5605; x_wconf 81' lang='lat' dir='ltr'><strong>et</strong></span> <span class='ocrx_word' id='word_1_614' title='bbox 1196 5552 1407 5609; x_wconf 87' lang='lat' dir='ltr'><strong>amicus</strong></span> <span class='ocrx_word' id='word_1_615' title='bbox 1450 5568 1561 5607; x_wconf 90' lang='lat' dir='ltr'><strong>non</strong></span> <span class='ocrx_word' id='word_1_616' title='bbox 1592 5554 1829 5611; x_wconf 87' lang='lat' dir='ltr'><strong>admittit</strong></span> 
     </span>
    </p>
   </div>
   <div class='ocr_carea' id='block_1_88' title="bbox 262 5643 1824 5717">
    <p class='ocr_par' dir='ltr' id='par_1_88' title="bbox 262 5643 1824 5717">
     <span class='ocr_line' id='line_1_88' title="bbox 262 5643 1824 5717; baseline 0.004 -21"><span class='ocrx_word' id='word_1_617' title='bbox 262 5643 729 5696; x_wconf 76' lang='lat' dir='ltr'><strong>resurrectionem</strong></span> <span class='ocrx_word' id='word_1_618' title='bbox 757 5684 770 5706; x_wconf 93' lang='lat'><strong>,</strong></span> <span class='ocrx_word' id='word_1_619' title='bbox 818 5646 1094 5712; x_wconf 88' lang='lat' dir='ltr'><strong>quomodo</strong></span> <span class='ocrx_word' id='word_1_620' title='bbox 1127 5660 1243 5697; x_wconf 81' lang='lat' dir='ltr'><strong>eam</strong></span> <span class='ocrx_word' id='word_1_621' title='bbox 1284 5646 1609 5701; x_wconf 86' lang='lat' dir='ltr'><strong>admiserint</strong></span> <span class='ocrx_word' id='word_1_622' title='bbox 1659 5648 1691 5702; x_wconf 92' lang='lat' dir='ltr'><strong>ii</strong></span> <span class='ocrx_word' id='word_1_623' title='bbox 1732 5649 1824 5717; x_wconf 88' lang='lat' dir='ltr'><strong>qui</strong></span> 
     </span>
    </p>
   </div>
   <div class='ocr_carea' id='block_1_89' title="bbox 387 5830 1649 5897">
    <p class='ocr_par' dir='ltr' id='par_1_89' title="bbox 387 5830 1649 5897">
     <span class='ocr_line' id='line_1_89' title="bbox 387 5830 1649 5897; baseline 0 -12"><span class='ocrx_word' id='word_1_624' title='bbox 387 5831 543 5885; x_wconf 67' lang='lat' dir='ltr'><strong>Juan.</strong></span> <span class='ocrx_word' id='word_1_625' title='bbox 580 5844 633 5891; x_wconf 81' lang='lat' dir='ltr'><strong>tt,</strong></span> <span class='ocrx_word' id='word_1_626' title='bbox 673 5830 721 5879; x_wconf 75' lang='grc'><strong>8-</strong></span> <span class='ocrx_word' id='word_1_627' title='bbox 839 5830 856 5858; x_wconf 87' lang='grc'>³</span> <span class='ocrx_word' id='word_1_628' title='bbox 886 5832 1037 5885; x_wconf 80' lang='lat' dir='ltr'><strong>.loan.</strong></span> <span class='ocrx_word' id='word_1_629' title='bbox 1080 5849 1179 5897; x_wconf 71' lang='lat' dir='ltr'><strong>xx,</strong></span> <span class='ocrx_word' id='word_1_630' title='bbox 1212 5833 1298 5886; x_wconf 67' lang='lat'><strong>93&#39;.</strong></span> <span class='ocrx_word' id='word_1_631' title='bbox 1334 5833 1349 5861; x_wconf 69' lang='lat'>‘</span> <span class='ocrx_word' id='word_1_632' title='bbox 1384 5832 1514 5885; x_wconf 85' lang='lat' dir='ltr'><strong>Ibid.</strong></span> <span class='ocrx_word' id='word_1_633' title='bbox 1560 5832 1649 5885; x_wconf 79' lang='lat'><strong>:29.</strong></span> 
     </span>
    </p>
   </div>
   <div class='ocr_carea' id='block_1_90' title="bbox 1927 3255 3492 3330">
    <p class='ocr_par' dir='ltr' id='par_1_90' title="bbox 1927 3255 3492 3330">
     <span class='ocr_line' id='line_1_90' title="bbox 1927 3255 3492 3330; baseline -0.008 -12"><span class='ocrx_word' id='word_1_634' title='bbox 1927 3280 1990 3318; x_wconf 91' lang='lat' dir='ltr'><strong>ea</strong></span> <span class='ocrx_word' id='word_1_635' title='bbox 2021 3262 2121 3316; x_wconf 89' lang='lat' dir='ltr'><strong>soli</strong></span> <span class='ocrx_word' id='word_1_636' title='bbox 2153 3276 2371 3330; x_wconf 91' lang='lat' dir='ltr'><strong>quoque</strong></span> <span class='ocrx_word' id='word_1_637' title='bbox 2403 3260 2627 3313; x_wconf 68' lang='lat' dir='ltr'><strong>Thomas</strong></span> <span class='ocrx_word' id='word_1_638' title='bbox 2673 3259 2951 3326; x_wconf 86' lang='lat' dir='ltr'><strong>largiatur.</strong></span> <span class='ocrx_word' id='word_1_639' title='bbox 2987 3255 3234 3311; x_wconf 84' lang='lat' dir='ltr'><strong>Ostendit</strong></span> <span class='ocrx_word' id='word_1_640' title='bbox 3271 3270 3402 3323; x_wconf 87' lang='lat' dir='ltr'><strong>ergo</strong></span> <span class='ocrx_word' id='word_1_641' title='bbox 3443 3255 3492 3307; x_wconf 86' lang='lat' dir='ltr'><strong>ei</strong></span> 
     </span>
    </p>
   </div>
   <div class='ocr_carea' id='block_1_91' title="bbox 1928 3348 3495 3422">
    <p class='ocr_par' dir='ltr' id='par_1_91' title="bbox 1928 3348 3495 3422">
     <span class='ocr_line' id='line_1_91' title="bbox 1928 3348 3495 3422; baseline -0.006 -14"><span class='ocrx_word' id='word_1_642' title='bbox 1928 3355 2080 3422; x_wconf 80' lang='lat' dir='ltr'><strong>signa</strong></span> <span class='ocrx_word' id='word_1_643' title='bbox 2116 3354 2334 3414; x_wconf 83' lang='lat' dir='ltr'><strong>crucis,</strong></span> <span class='ocrx_word' id='word_1_644' title='bbox 2370 3367 2433 3407; x_wconf 88' lang='lat' dir='ltr'><strong>ac</strong></span> <span class='ocrx_word' id='word_1_645' title='bbox 2474 3352 2719 3404; x_wconf 73' lang='lat' dir='ltr'><strong>vulneris</strong></span> <span class='ocrx_word' id='word_1_646' title='bbox 2760 3348 2907 3418; x_wconf 87' lang='lat' dir='ltr'><strong>quod</strong></span> <span class='ocrx_word' id='word_1_647' title='bbox 2952 3348 3167 3417; x_wconf 87' lang='lat' dir='ltr'><strong>accepit</strong></span> <span class='ocrx_word' id='word_1_648' title='bbox 3201 3348 3257 3401; x_wconf 87' lang='lat' dir='ltr'><strong>in</strong></span> <span class='ocrx_word' id='word_1_649' title='bbox 3302 3348 3495 3409; x_wconf 84' lang='lat' dir='ltr'><strong>latere,</strong></span> 
     </span>
    </p>
   </div>
   <div class='ocr_carea' id='block_1_92' title="bbox 1929 3438 3492 3512">
    <p class='ocr_par' dir='ltr' id='par_1_92' title="bbox 1929 3438 3492 3512">
     <span class='ocr_line' id='line_1_92' title="bbox 1929 3438 3492 3512; baseline -0.006 -13"><span class='ocrx_word' id='word_1_650' title='bbox 1929 3445 2173 3499; x_wconf 84' lang='lat' dir='ltr'><strong>ostendit</strong></span> <span class='ocrx_word' id='word_1_651' title='bbox 2202 3443 2545 3512; x_wconf 83' lang='lat' dir='ltr'><strong>signaculum</strong></span> <span class='ocrx_word' id='word_1_652' title='bbox 2569 3482 2586 3505; x_wconf 90' lang='lat'><strong>,</strong></span> <span class='ocrx_word' id='word_1_653' title='bbox 2622 3440 2823 3497; x_wconf 87' lang='lat' dir='ltr'><strong>deinde</strong></span> <span class='ocrx_word' id='word_1_654' title='bbox 2864 3458 2877 3494; x_wconf 88' lang='lat'><strong>:</strong></span> <span class='ocrx_word' id='word_1_655' title='bbox 2914 3457 2933 3491; x_wconf 72' lang='grc' dir='ltr'>ι</span> <span class='ocrx_word' id='word_1_656' title='bbox 2971 3438 3108 3504; x_wconf 89' lang='lat' dir='ltr'><strong>Quia</strong></span> <span class='ocrx_word' id='word_1_657' title='bbox 3155 3438 3339 3493; x_wconf 79' lang='lat' dir='ltr'><strong>vidisti</strong></span> <span class='ocrx_word' id='word_1_658' title='bbox 3384 3453 3492 3501; x_wconf 87' lang='lat' dir='ltr'><strong>me,</strong></span> 
     </span>
    </p>
   </div>
   <div class='ocr_carea' id='block_1_93' title="bbox 1930 3530 3497 3605">
    <p class='ocr_par' dir='ltr' id='par_1_93' title="bbox 1930 3530 3497 3605">
     <span class='ocr_line' id='line_1_93' title="bbox 1930 3530 3497 3605; baseline -0.006 -15"><span class='ocrx_word' id='word_1_659' title='bbox 1930 3538 2133 3605; x_wconf 87' lang='lat' dir='ltr'><strong>inquit,</strong></span> <span class='ocrx_word' id='word_1_660' title='bbox 2167 3535 2470 3589; x_wconf 88' lang='lat' dir='ltr'><strong>credidisti.</strong></span> <span class='ocrx_word' id='word_1_661' title='bbox 2508 3532 2657 3586; x_wconf 85' lang='lat' dir='ltr'><strong>Beati</strong></span> <span class='ocrx_word' id='word_1_662' title='bbox 2693 3534 2783 3601; x_wconf 93' lang='lat' dir='ltr'><strong>qui</strong></span> <span class='ocrx_word' id='word_1_663' title='bbox 2820 3547 2927 3586; x_wconf 84' lang='lat' dir='ltr'><strong>non</strong></span> <span class='ocrx_word' id='word_1_664' title='bbox 2980 3530 3257 3593; x_wconf 78' lang='lat' dir='ltr'><strong>videiunt,</strong></span> <span class='ocrx_word' id='word_1_665' title='bbox 3284 3538 3341 3583; x_wconf 89' lang='lat' dir='ltr'><strong>et</strong></span> <span class='ocrx_word' id='word_1_666' title='bbox 3374 3544 3497 3583; x_wconf 86' lang='lat' dir='ltr'><strong>cre-</strong></span> 
     </span>
    </p>
   </div>
   <div class='ocr_carea' id='block_1_94' title="bbox 1928 3619 3495 3694">
    <p class='ocr_par' dir='ltr' id='par_1_94' title="bbox 1928 3619 3495 3694">
     <span class='ocr_line' id='line_1_94' title="bbox 1928 3619 3495 3694; baseline -0.006 -13"><span class='ocrx_word' id='word_1_667' title='bbox 1928 3627 2189 3681; x_wconf 84' lang='lat' dir='ltr'><strong>diderunt</strong></span> <span class='ocrx_word' id='word_1_668' title='bbox 2220 3634 2260 3689; x_wconf 73' lang='grc'><strong>⁵,</strong></span> <span class='ocrx_word' id='word_1_669' title='bbox 2306 3645 2327 3677; x_wconf 73' lang='grc' dir='ltr'><strong><em>ι</em></strong></span> <span class='ocrx_word' id='word_1_670' title='bbox 2365 3640 2620 3694; x_wconf 86' lang='lat' dir='ltr'><strong>magnam</strong></span> <span class='ocrx_word' id='word_1_671' title='bbox 2672 3623 2830 3676; x_wconf 90' lang='lat' dir='ltr'><strong>nobis</strong></span> <span class='ocrx_word' id='word_1_672' title='bbox 2882 3623 3172 3691; x_wconf 89' lang='lat' dir='ltr'><strong>repositam</strong></span> <span class='ocrx_word' id='word_1_673' title='bbox 3203 3619 3495 3674; x_wconf 81' lang='lat' dir='ltr'><strong>ostendens</strong></span> 
     </span>
    </p>
   </div>
   <div class='ocr_carea' id='block_1_95' title="bbox 1930 3714 3492 3785">
    <p class='ocr_par' dir='ltr' id='par_1_95' title="bbox 1930 3714 3492 3785">
     <span class='ocr_line' id='line_1_95' title="bbox 1930 3714 3492 3785; baseline -0.006 -12"><span class='ocrx_word' id='word_1_674' title='bbox 1930 3718 2366 3780; x_wconf 89' lang='lat' dir='ltr'><strong>beatitudinem,</strong></span> <span class='ocrx_word' id='word_1_675' title='bbox 2448 3716 2542 3785; x_wconf 89' lang='lat' dir='ltr'><strong>qui</strong></span> <span class='ocrx_word' id='word_1_676' title='bbox 2606 3714 2942 3769; x_wconf 90' lang='lat' dir='ltr'><strong>credidimus</strong></span> <span class='ocrx_word' id='word_1_677' title='bbox 3009 3728 3104 3781; x_wconf 86' lang='lat' dir='ltr'><strong>per</strong></span> <span class='ocrx_word' id='word_1_678' title='bbox 3184 3725 3492 3765; x_wconf 89' lang='lat' dir='ltr'><strong>sermonem</strong></span> 
     </span>
    </p>
   </div>
   <div class='ocr_carea' id='block_1_96' title="bbox 1928 3802 3497 3877">
    <p class='ocr_par' dir='ltr' id='par_1_96' title="bbox 1928 3802 3497 3877">
     <span class='ocr_line' id='line_1_96' title="bbox 1928 3802 3497 3877; baseline -0.006 -13"><span class='ocrx_word' id='word_1_679' title='bbox 1928 3809 2344 3877; x_wconf 75' lang='lat' dir='ltr'><strong>diScileorum.</strong></span> <span class='ocrx_word' id='word_1_680' title='bbox 2402 3806 2537 3860; x_wconf 81' lang='lat' dir='ltr'><strong>illud</strong></span> <span class='ocrx_word' id='word_1_681' title='bbox 2586 3820 2715 3873; x_wconf 85' lang='lat' dir='ltr'><strong>ergo</strong></span> <span class='ocrx_word' id='word_1_682' title='bbox 2768 3804 3013 3856; x_wconf 86' lang='lat' dir='ltr'><strong>divinum</strong></span> <span class='ocrx_word' id='word_1_683' title='bbox 3062 3813 3115 3855; x_wconf 81' lang='lat' dir='ltr'><strong>et</strong></span> <span class='ocrx_word' id='word_1_684' title='bbox 3172 3802 3497 3856; x_wconf 85' lang='lat' dir='ltr'><strong>admirabile</strong></span> 
     </span>
    </p>
   </div>
   <div class='ocr_carea' id='block_1_97' title="bbox 1929 3894 3489 3973">
    <p class='ocr_par' dir='ltr' id='par_1_97' title="bbox 1929 3894 3489 3973">
     <span class='ocr_line' id='line_1_97' title="bbox 1929 3894 3489 3973; baseline -0.009 -15"><span class='ocrx_word' id='word_1_685' title='bbox 1929 3902 2298 3973; x_wconf 89' lang='lat' dir='ltr'><strong>spectaculum</strong></span> <span class='ocrx_word' id='word_1_686' title='bbox 2332 3915 2456 3953; x_wconf 91' lang='lat' dir='ltr'><strong>cum</strong></span> <span class='ocrx_word' id='word_1_687' title='bbox 2496 3910 2827 3953; x_wconf 86' lang='lat' dir='ltr'><strong>consecutus</strong></span> <span class='ocrx_word' id='word_1_688' title='bbox 2876 3905 3023 3950; x_wconf 88' lang='lat' dir='ltr'><strong>esset</strong></span> <span class='ocrx_word' id='word_1_689' title='bbox 3079 3896 3337 3955; x_wconf 89' lang='lat' dir='ltr'><strong>Thomas,</strong></span> <span class='ocrx_word' id='word_1_690' title='bbox 3388 3894 3489 3946; x_wconf 87' lang='lat' dir='ltr'><strong>fuit</strong></span> 
     </span>
    </p>
   </div>
   <div class='ocr_carea' id='block_1_98' title="bbox 1931 3987 3495 4060">
    <p class='ocr_par' dir='ltr' id='par_1_98' title="bbox 1931 3987 3495 4060">
     <span class='ocr_line' id='line_1_98' title="bbox 1931 3987 3495 4060; baseline -0.006 -12"><span class='ocrx_word' id='word_1_691' title='bbox 1931 3995 2094 4049; x_wconf 86' lang='lat' dir='ltr'><strong>etiam</strong></span> <span class='ocrx_word' id='word_1_692' title='bbox 2130 4010 2292 4047; x_wconf 83' lang='lat' dir='ltr'><strong>causa</strong></span> <span class='ocrx_word' id='word_1_693' title='bbox 2326 3992 2607 4060; x_wconf 87' lang='lat' dir='ltr'><strong>apostolis,</strong></span> <span class='ocrx_word' id='word_1_694' title='bbox 2642 3999 2701 4043; x_wconf 92' lang='lat' dir='ltr'><strong>ut</strong></span> <span class='ocrx_word' id='word_1_695' title='bbox 2733 3990 2823 4041; x_wconf 90' lang='lat' dir='ltr'><strong>illa</strong></span> <span class='ocrx_word' id='word_1_696' title='bbox 2862 3989 3157 4051; x_wconf 86' lang='lat' dir='ltr'><strong>discerent,</strong></span> <span class='ocrx_word' id='word_1_697' title='bbox 3192 4002 3312 4054; x_wconf 76' lang='lat' dir='ltr'><strong>quae</strong></span> <span class='ocrx_word' id='word_1_698' title='bbox 3349 3987 3495 4051; x_wconf 80' lang='lat' dir='ltr'><strong>prius</strong></span> 
     </span>
    </p>
   </div>
   <div class='ocr_carea' id='block_1_99' title="bbox 1929 4078 3472 4145">
    <p class='ocr_par' dir='ltr' id='par_1_99' title="bbox 1929 4078 3472 4145">
     <span class='ocr_line' id='line_1_99' title="bbox 1929 4078 3472 4145; baseline -0.007 -8"><span class='ocrx_word' id='word_1_699' title='bbox 1929 4100 2037 4137; x_wconf 87' lang='lat' dir='ltr'><strong>non</strong></span> <span class='ocrx_word' id='word_1_700' title='bbox 2066 4092 2363 4145; x_wconf 87' lang='lat' dir='ltr'><strong>noverant;</strong></span> <span class='ocrx_word' id='word_1_701' title='bbox 2397 4096 2559 4135; x_wconf 85' lang='lat' dir='ltr'><strong>suum</strong></span> <span class='ocrx_word' id='word_1_702' title='bbox 2588 4080 2737 4133; x_wconf 90' lang='lat' dir='ltr'><strong>enim</strong></span> <span class='ocrx_word' id='word_1_703' title='bbox 2767 4080 2935 4131; x_wconf 86' lang='lat' dir='ltr'><strong>Deum</strong></span> <span class='ocrx_word' id='word_1_704' title='bbox 2968 4087 3025 4129; x_wconf 90' lang='lat' dir='ltr'><strong>et</strong></span> <span class='ocrx_word' id='word_1_705' title='bbox 3054 4078 3337 4129; x_wconf 87' lang='lat' dir='ltr'><strong>Dominum</strong></span> <span class='ocrx_word' id='word_1_706' title='bbox 3370 4089 3472 4127; x_wconf 84' lang='lat' dir='ltr'><strong>con</strong></span> 
     </span>
    </p>
   </div>
   <div class='ocr_carea' id='block_1_100' title="bbox 1928 4164 3493 4239">
    <p class='ocr_par' dir='ltr' id='par_1_100' title="bbox 1928 4164 3493 4239">
     <span class='ocr_line' id='line_1_100' title="bbox 1928 4164 3493 4239; baseline -0.008 -11"><span class='ocrx_word' id='word_1_707' title='bbox 1928 4176 2108 4229; x_wconf 85' lang='lat' dir='ltr'><strong>fessus</strong></span> <span class='ocrx_word' id='word_1_708' title='bbox 2147 4182 2231 4227; x_wconf 90' lang='lat' dir='ltr'><strong>est</strong></span> <span class='ocrx_word' id='word_1_709' title='bbox 2256 4188 2381 4226; x_wconf 88' lang='lat' dir='ltr'><strong>eum</strong></span> <span class='ocrx_word' id='word_1_710' title='bbox 2419 4184 2582 4239; x_wconf 87' lang='lat' dir='ltr'><strong>quem</strong></span> <span class='ocrx_word' id='word_1_711' title='bbox 2615 4175 2916 4235; x_wconf 73' lang='lat' dir='ltr'><strong>aspexerat.</strong></span> <span class='ocrx_word' id='word_1_712' title='bbox 2962 4166 3171 4219; x_wconf 81' lang='lat' dir='ltr'><strong>Revera</strong></span> <span class='ocrx_word' id='word_1_713' title='bbox 3216 4164 3361 4218; x_wconf 87' lang='lat' dir='ltr'><strong>enim</strong></span> <span class='ocrx_word' id='word_1_714' title='bbox 3397 4164 3493 4217; x_wconf 86' lang='lat' dir='ltr'><strong>Dei</strong></span> 
     </span>
    </p>
   </div>
   <div class='ocr_carea' id='block_1_101' title="bbox 1928 4256 3491 4334">
    <p class='ocr_par' dir='ltr' id='par_1_101' title="bbox 1928 4256 3491 4334">
     <span class='ocr_line' id='line_1_101' title="bbox 1928 4256 3491 4334; baseline -0.008 -13"><span class='ocrx_word' id='word_1_715' title='bbox 1928 4275 2012 4321; x_wconf 89' lang='lat' dir='ltr'><strong>est</strong></span> <span class='ocrx_word' id='word_1_716' title='bbox 2060 4266 2354 4334; x_wconf 89' lang='lat' dir='ltr'><strong>pulchrum</strong></span> <span class='ocrx_word' id='word_1_717' title='bbox 2403 4261 2615 4315; x_wconf 87' lang='lat' dir='ltr'><strong>facinus</strong></span> <span class='ocrx_word' id='word_1_718' title='bbox 2648 4259 3093 4313; x_wconf 88' lang='lat' dir='ltr'><strong>resurrectionis.</strong></span> <span class='ocrx_word' id='word_1_719' title='bbox 3123 4256 3258 4311; x_wconf 88' lang='lat' dir='ltr'><strong>Cum</strong></span> <span class='ocrx_word' id='word_1_720' title='bbox 3307 4266 3491 4310; x_wconf 88' lang='lat' dir='ltr'><strong>autem</strong></span> 
     </span>
    </p>
   </div>
   <div class='ocr_carea' id='block_1_102' title="bbox 1930 4355 3491 4432">
    <p class='ocr_par' dir='ltr' id='par_1_102' title="bbox 1930 4355 3491 4432">
     <span class='ocr_line' id='line_1_102' title="bbox 1930 4355 3491 4432; baseline -0.006 -17"><span class='ocrx_word' id='word_1_721' title='bbox 1930 4372 2052 4432; x_wconf 91' lang='lat' dir='ltr'><strong>post</strong></span> <span class='ocrx_word' id='word_1_722' title='bbox 2084 4362 2199 4414; x_wconf 73' lang='lat' dir='ltr'><strong>btec</strong></span> <span class='ocrx_word' id='word_1_723' title='bbox 2244 4360 2493 4414; x_wconf 88' lang='lat' dir='ltr'><strong>Christus</strong></span> <span class='ocrx_word' id='word_1_724' title='bbox 2526 4373 2554 4409; x_wconf 91' lang='lat' dir='ltr'><strong>a</strong></span> <span class='ocrx_word' id='word_1_725' title='bbox 2586 4355 2869 4423; x_wconf 77' lang='lat' dir='ltr'><strong>discipulis</strong></span> <span class='ocrx_word' id='word_1_726' title='bbox 2896 4369 3090 4423; x_wconf 85' lang='lat' dir='ltr'><strong>magna</strong></span> <span class='ocrx_word' id='word_1_727' title='bbox 3129 4369 3192 4407; x_wconf 75' lang='lat' dir='ltr'><strong>es</strong></span> <span class='ocrx_word' id='word_1_728' title='bbox 3226 4362 3380 4421; x_wconf 89' lang='lat' dir='ltr'><strong>parte</strong></span> <span class='ocrx_word' id='word_1_729' title='bbox 3414 4355 3491 4405; x_wconf 89' lang='lat' dir='ltr'><strong>vi-</strong></span> 
     </span>
    </p>
   </div>
   <div class='ocr_carea' id='block_1_103' title="bbox 1930 4443 3493 4521">
    <p class='ocr_par' dir='ltr' id='par_1_103' title="bbox 1930 4443 3493 4521">
     <span class='ocr_line' id='line_1_103' title="bbox 1930 4443 3493 4521; baseline -0.01 -12"><span class='ocrx_word' id='word_1_730' title='bbox 1930 4455 2049 4509; x_wconf 90' lang='lat' dir='ltr'><strong>deri</strong></span> <span class='ocrx_word' id='word_1_731' title='bbox 2085 4470 2191 4510; x_wconf 90' lang='lat' dir='ltr'><strong>non</strong></span> <span class='ocrx_word' id='word_1_732' title='bbox 2227 4460 2432 4521; x_wconf 85' lang='lat' dir='ltr'><strong>posset,</strong></span> <span class='ocrx_word' id='word_1_733' title='bbox 2466 4456 2526 4503; x_wconf 92' lang='lat' dir='ltr'><strong>ut</strong></span> <span class='ocrx_word' id='word_1_734' title='bbox 2562 4448 2655 4517; x_wconf 92' lang='lat' dir='ltr'><strong>qui</strong></span> <span class='ocrx_word' id='word_1_735' title='bbox 2702 4454 2849 4501; x_wconf 86' lang='lat' dir='ltr'><strong>esset</strong></span> <span class='ocrx_word' id='word_1_736' title='bbox 2875 4445 3211 4515; x_wconf 82' lang='lat' dir='ltr'><strong>glorificatus</strong></span> <span class='ocrx_word' id='word_1_737' title='bbox 3240 4443 3493 4498; x_wconf 88' lang='lat' dir='ltr'><strong>incorru-</strong></span> 
     </span>
    </p>
   </div>
   <div class='ocr_carea' id='block_1_104' title="bbox 1931 4536 3497 4623">
    <p class='ocr_par' dir='ltr' id='par_1_104' title="bbox 1931 4536 3497 4623">
     <span class='ocr_line' id='line_1_104' title="bbox 1931 4536 3497 4623; baseline -0.01 -19"><span class='ocrx_word' id='word_1_738' title='bbox 1931 4551 2116 4623; x_wconf 87' lang='lat' dir='ltr'><strong>ptione</strong></span> <span class='ocrx_word' id='word_1_739' title='bbox 2146 4543 2411 4614; x_wconf 88' lang='lat' dir='ltr'><strong>corporis,</strong></span> <span class='ocrx_word' id='word_1_740' title='bbox 2444 4551 2497 4596; x_wconf 88' lang='lat' dir='ltr'><strong>et</strong></span> <span class='ocrx_word' id='word_1_741' title='bbox 2529 4556 2638 4595; x_wconf 91' lang='lat' dir='ltr'><strong>non</strong></span> <span class='ocrx_word' id='word_1_742' title='bbox 2663 4546 2845 4609; x_wconf 84' lang='lat' dir='ltr'><strong>posset</strong></span> <span class='ocrx_word' id='word_1_743' title='bbox 2880 4537 3125 4607; x_wconf 84' lang='lat' dir='ltr'><strong>conspici</strong></span> <span class='ocrx_word' id='word_1_744' title='bbox 3172 4536 3497 4590; x_wconf 86' lang='lat' dir='ltr'><strong>mortalibus</strong></span> 
     </span>
    </p>
   </div>
   <div class='ocr_carea' id='block_1_105' title="bbox 1928 4628 3491 4705">
    <p class='ocr_par' dir='ltr' id='par_1_105' title="bbox 1928 4628 3491 4705">
     <span class='ocr_line' id='line_1_105' title="bbox 1928 4628 3491 4705; baseline -0.01 -10"><span class='ocrx_word' id='word_1_745' title='bbox 1928 4641 2122 4705; x_wconf 88' lang='lat' dir='ltr'><strong>oculis,</strong></span> <span class='ocrx_word' id='word_1_746' title='bbox 2155 4638 2400 4705; x_wconf 88' lang='lat' dir='ltr'><strong>seipsum</strong></span> <span class='ocrx_word' id='word_1_747' title='bbox 2432 4633 2779 4689; x_wconf 79' lang='lat' dir='ltr'><strong>manifestum</strong></span> <span class='ocrx_word' id='word_1_748' title='bbox 2809 4629 3093 4691; x_wconf 89' lang='lat' dir='ltr'><strong>reddebat,</strong></span> <span class='ocrx_word' id='word_1_749' title='bbox 3142 4628 3364 4696; x_wconf 87' lang='lat' dir='ltr'><strong>quando</strong></span> <span class='ocrx_word' id='word_1_750' title='bbox 3395 4643 3491 4680; x_wconf 90' lang='lat' dir='ltr'><strong>vo-</strong></span> 
     </span>
    </p>
   </div>
   <div class='ocr_carea' id='block_1_106' title="bbox 1930 4718 3494 4798">
    <p class='ocr_par' dir='ltr' id='par_1_106' title="bbox 1930 4718 3494 4798">
     <span class='ocr_line' id='line_1_106' title="bbox 1930 4718 3494 4798; baseline -0.01 -11"><span class='ocrx_word' id='word_1_751' title='bbox 1930 4733 2095 4796; x_wconf 89' lang='lat' dir='ltr'><strong>lebat,</strong></span> <span class='ocrx_word' id='word_1_752' title='bbox 2122 4740 2178 4785; x_wconf 89' lang='lat' dir='ltr'><strong>et</strong></span> <span class='ocrx_word' id='word_1_753' title='bbox 2198 4727 2418 4798; x_wconf 90' lang='lat' dir='ltr'><strong>quando</strong></span> <span class='ocrx_word' id='word_1_754' title='bbox 2452 4733 2677 4779; x_wconf 83' lang='lat' dir='ltr'><strong>noverat</strong></span> <span class='ocrx_word' id='word_1_755' title='bbox 2707 4722 2951 4775; x_wconf 89' lang='lat' dir='ltr'><strong>futurum</strong></span> <span class='ocrx_word' id='word_1_756' title='bbox 2981 4720 3113 4773; x_wconf 90' lang='lat' dir='ltr'><strong>utile</strong></span> <span class='ocrx_word' id='word_1_757' title='bbox 3142 4720 3207 4774; x_wconf 91' lang='lat' dir='ltr'><strong>iis</strong></span> <span class='ocrx_word' id='word_1_758' title='bbox 3229 4718 3322 4787; x_wconf 91' lang='lat' dir='ltr'><strong>qui</strong></span> <span class='ocrx_word' id='word_1_759' title='bbox 3350 4720 3494 4787; x_wconf 91' lang='lat' dir='ltr'><strong>aspi-</strong></span> 
     </span>
    </p>
   </div>
   <div class='ocr_carea' id='block_1_107' title="bbox 1928 4813 3490 4888">
    <p class='ocr_par' dir='ltr' id='par_1_107' title="bbox 1928 4813 3490 4888">
     <span class='ocr_line' id='line_1_107' title="bbox 1928 4813 3490 4888; baseline -0.009 -11"><span class='ocrx_word' id='word_1_760' title='bbox 1928 4823 2166 4877; x_wconf 90' lang='lat' dir='ltr'><strong>ciebant.</strong></span> <span class='ocrx_word' id='word_1_761' title='bbox 2194 4822 2382 4888; x_wconf 84' lang='lat' dir='ltr'><strong>Itaque</strong></span> <span class='ocrx_word' id='word_1_762' title='bbox 2408 4832 2530 4871; x_wconf 85' lang='lat' dir='ltr'><strong>cum</strong></span> <span class='ocrx_word' id='word_1_763' title='bbox 2554 4816 2768 4869; x_wconf 87' lang='lat' dir='ltr'><strong>Domini</strong></span> <span class='ocrx_word' id='word_1_764' title='bbox 2794 4813 2874 4866; x_wconf 90' lang='lat' dir='ltr'><strong>eis</strong></span> <span class='ocrx_word' id='word_1_765' title='bbox 2898 4813 3113 4865; x_wconf 77' lang='lat' dir='ltr'><strong>deesset</strong></span> <span class='ocrx_word' id='word_1_766' title='bbox 3139 4818 3490 4877; x_wconf 86' lang='lat' dir='ltr'><strong>conspectus,</strong></span> 
     </span>
    </p>
   </div>
   <div class='ocr_carea' id='block_1_108' title="bbox 1930 4900 3492 4983">
    <p class='ocr_par' dir='ltr' id='par_1_108' title="bbox 1930 4900 3492 4983">
     <span class='ocr_line' id='line_1_108' title="bbox 1930 4900 3492 4983; baseline -0.01 -14"><span class='ocrx_word' id='word_1_767' title='bbox 1930 4930 2117 4969; x_wconf 89' lang='lat' dir='ltr'><strong>curam</strong></span> <span class='ocrx_word' id='word_1_768' title='bbox 2150 4912 2411 4983; x_wconf 84' lang='lat' dir='ltr'><strong>gerebant</strong></span> <span class='ocrx_word' id='word_1_769' title='bbox 2445 4908 2641 4962; x_wconf 85' lang='lat' dir='ltr'><strong>veteris</strong></span> <span class='ocrx_word' id='word_1_770' title='bbox 2674 4906 2808 4959; x_wconf 87' lang='lat' dir='ltr'><strong>artis</strong></span> <span class='ocrx_word' id='word_1_771' title='bbox 2834 4943 2849 4966; x_wconf 95' lang='lat'><strong>,</strong></span> <span class='ocrx_word' id='word_1_772' title='bbox 2887 4904 2939 4956; x_wconf 93' lang='lat' dir='ltr'><strong>in</strong></span> <span class='ocrx_word' id='word_1_773' title='bbox 2976 4917 3079 4969; x_wconf 88' lang='lat' dir='ltr'><strong>qua</strong></span> <span class='ocrx_word' id='word_1_774' title='bbox 3112 4901 3326 4954; x_wconf 82' lang='lat' dir='ltr'><strong>fuerant</strong></span> <span class='ocrx_word' id='word_1_775' title='bbox 3355 4900 3492 4955; x_wconf 88' lang='lat' dir='ltr'><strong>edu-</strong></span> 
     </span>
    </p>
   </div>
   <div class='ocr_carea' id='block_1_109' title="bbox 1931 4990 3489 5063">
    <p class='ocr_par' dir='ltr' id='par_1_109' title="bbox 1931 4990 3489 5063">
     <span class='ocr_line' id='line_1_109' title="bbox 1931 4990 3489 5063; baseline -0.012 -4"><span class='ocrx_word' id='word_1_776' title='bbox 1931 5004 2057 5059; x_wconf 90' lang='lat' dir='ltr'><strong>cati.</strong></span> <span class='ocrx_word' id='word_1_777' title='bbox 2092 5004 2183 5057; x_wconf 88' lang='lat' dir='ltr'><strong>llla</strong></span> <span class='ocrx_word' id='word_1_778' title='bbox 2231 5011 2411 5055; x_wconf 88' lang='lat' dir='ltr'><strong>autem</strong></span> <span class='ocrx_word' id='word_1_779' title='bbox 2463 5006 2611 5059; x_wconf 87' lang='lat' dir='ltr'><strong>erat,</strong></span> <span class='ocrx_word' id='word_1_780' title='bbox 2668 4995 2919 5063; x_wconf 89' lang='lat' dir='ltr'><strong>scapham</strong></span> <span class='ocrx_word' id='word_1_781' title='bbox 2968 4990 3286 5050; x_wconf 88' lang='lat' dir='ltr'><strong>ascendere,</strong></span> <span class='ocrx_word' id='word_1_782' title='bbox 3336 4998 3392 5042; x_wconf 90' lang='lat' dir='ltr'><strong>et</strong></span> <span class='ocrx_word' id='word_1_783' title='bbox 3438 4990 3489 5041; x_wconf 92' lang='lat' dir='ltr'><strong>in</strong></span> 
     </span>
    </p>
   </div>
   <div class='ocr_carea' id='block_1_110' title="bbox 1931 5083 3492 5163">
    <p class='ocr_par' dir='ltr' id='par_1_110' title="bbox 1931 5083 3492 5163">
     <span class='ocr_line' id='line_1_110' title="bbox 1931 5083 3492 5163; baseline -0.01 -17"><span class='ocrx_word' id='word_1_784' title='bbox 1931 5094 2259 5163; x_wconf 88' lang='lat' dir='ltr'><strong>profundum</strong></span> <span class='ocrx_word' id='word_1_785' title='bbox 2324 5090 2485 5143; x_wconf 88' lang='lat' dir='ltr'><strong>maris</strong></span> <span class='ocrx_word' id='word_1_786' title='bbox 2532 5088 2667 5145; x_wconf 89' lang='lat' dir='ltr'><strong>retia</strong></span> <span class='ocrx_word' id='word_1_787' title='bbox 2715 5085 3021 5139; x_wconf 86' lang='lat' dir='ltr'><strong>demittere.</strong></span> <span class='ocrx_word' id='word_1_788' title='bbox 3065 5083 3309 5147; x_wconf 88' lang='lat' dir='ltr'><strong>Quodam</strong></span> <span class='ocrx_word' id='word_1_789' title='bbox 3364 5094 3492 5133; x_wconf 85' lang='lat' dir='ltr'><strong>vero</strong></span> 
     </span>
    </p>
   </div>
   <div class='ocr_carea' id='block_1_111' title="bbox 1929 5172 3490 5253">
    <p class='ocr_par' dir='ltr' id='par_1_111' title="bbox 1929 5172 3490 5253">
     <span class='ocr_line' id='line_1_111' title="bbox 1929 5172 3490 5253; baseline -0.01 -13"><span class='ocrx_word' id='word_1_790' title='bbox 1929 5187 2039 5250; x_wconf 91' lang='lat' dir='ltr'><strong>die,</strong></span> <span class='ocrx_word' id='word_1_791' title='bbox 2079 5186 2208 5240; x_wconf 91' lang='lat' dir='ltr'><strong>dum</strong></span> <span class='ocrx_word' id='word_1_792' title='bbox 2237 5185 2337 5253; x_wconf 89' lang='lat' dir='ltr'><strong>ipsi</strong></span> <span class='ocrx_word' id='word_1_793' title='bbox 2370 5180 2562 5236; x_wconf 89' lang='lat' dir='ltr'><strong>intenti</strong></span> <span class='ocrx_word' id='word_1_794' title='bbox 2600 5187 2757 5233; x_wconf 80' lang='lat' dir='ltr'><strong>erant</strong></span> <span class='ocrx_word' id='word_1_795' title='bbox 2782 5176 3091 5246; x_wconf 88' lang='lat' dir='ltr'><strong>piscationi,</strong></span> <span class='ocrx_word' id='word_1_796' title='bbox 3127 5173 3381 5243; x_wconf 85' lang='lat' dir='ltr'><strong>apparuit</strong></span> <span class='ocrx_word' id='word_1_797' title='bbox 3408 5172 3490 5225; x_wconf 90' lang='lat' dir='ltr'><strong>eis</strong></span> 
     </span>
    </p>
   </div>
   <div class='ocr_carea' id='block_1_112' title="bbox 1932 5266 3489 5338">
    <p class='ocr_par' dir='ltr' id='par_1_112' title="bbox 1932 5266 3489 5338">
     <span class='ocr_line' id='line_1_112' title="bbox 1932 5266 3489 5338; baseline -0.012 -7"><span class='ocrx_word' id='word_1_798' title='bbox 1932 5277 2273 5331; x_wconf 87' lang='lat' dir='ltr'><strong>desideratus</strong></span> <span class='ocrx_word' id='word_1_799' title='bbox 2310 5276 2468 5329; x_wconf 84' lang='lat' dir='ltr'><strong>Jesus</strong></span> <span class='ocrx_word' id='word_1_800' title='bbox 2492 5314 2507 5338; x_wconf 90' lang='lat'><strong>,</strong></span> <span class='ocrx_word' id='word_1_801' title='bbox 2543 5284 2691 5327; x_wconf 85' lang='lat' dir='ltr'><strong>stans</strong></span> <span class='ocrx_word' id='word_1_802' title='bbox 2732 5272 2785 5323; x_wconf 90' lang='lat' dir='ltr'><strong>in</strong></span> <span class='ocrx_word' id='word_1_803' title='bbox 2833 5271 3042 5332; x_wconf 88' lang='lat' dir='ltr'><strong>littore,</strong></span> <span class='ocrx_word' id='word_1_804' title='bbox 3092 5276 3147 5319; x_wconf 92' lang='lat' dir='ltr'><strong>et</strong></span> <span class='ocrx_word' id='word_1_805' title='bbox 3193 5267 3391 5335; x_wconf 85' lang='lat' dir='ltr'><strong>jubens</strong></span> <span class='ocrx_word' id='word_1_806' title='bbox 3425 5266 3489 5316; x_wconf 87' lang='lat' dir='ltr'><strong>ad</strong></span> 
     </span>
    </p>
   </div>
   <div class='ocr_carea' id='block_1_113' title="bbox 1934 5359 3489 5437">
    <p class='ocr_par' dir='ltr' id='par_1_113' title="bbox 1934 5359 3489 5437">
     <span class='ocr_line' id='line_1_113' title="bbox 1934 5359 3489 5437; baseline -0.011 -12"><span class='ocrx_word' id='word_1_807' title='bbox 1934 5372 2211 5425; x_wconf 76' lang='lat' dir='ltr'><strong>dexteram</strong></span> <span class='ocrx_word' id='word_1_808' title='bbox 2252 5379 2459 5437; x_wconf 90' lang='lat' dir='ltr'><strong>partem</strong></span> <span class='ocrx_word' id='word_1_809' title='bbox 2495 5365 2647 5418; x_wconf 85' lang='lat' dir='ltr'><strong>navis</strong></span> <span class='ocrx_word' id='word_1_810' title='bbox 2693 5371 2809 5417; x_wconf 87' lang='lat' dir='ltr'><strong>rete</strong></span> <span class='ocrx_word' id='word_1_811' title='bbox 2856 5362 3165 5415; x_wconf 85' lang='lat' dir='ltr'><strong>demittere.</strong></span> <span class='ocrx_word' id='word_1_812' title='bbox 3208 5359 3377 5426; x_wconf 88' lang='lat' dir='ltr'><strong>Capta</strong></span> <span class='ocrx_word' id='word_1_813' title='bbox 3409 5367 3489 5409; x_wconf 86' lang='lat' dir='ltr'><strong>est</strong></span> 
     </span>
    </p>
   </div>
   <div class='ocr_carea' id='block_1_114' title="bbox 1936 5447 3490 5527">
    <p class='ocr_par' dir='ltr' id='par_1_114' title="bbox 1936 5447 3490 5527">
     <span class='ocr_line' id='line_1_114' title="bbox 1936 5447 3490 5527; baseline -0.014 -11"><span class='ocrx_word' id='word_1_814' title='bbox 1936 5473 2116 5516; x_wconf 88' lang='lat' dir='ltr'><strong>autem</strong></span> <span class='ocrx_word' id='word_1_815' title='bbox 2144 5461 2433 5516; x_wconf 92' lang='lat' dir='ltr'><strong>multitudo</strong></span> <span class='ocrx_word' id='word_1_816' title='bbox 2460 5458 2686 5527; x_wconf 88' lang='lat' dir='ltr'><strong>piscium</strong></span> <span class='ocrx_word' id='word_1_817' title='bbox 2712 5452 3162 5515; x_wconf 88' lang='lat' dir='ltr'><strong>innumerabilis;</strong></span> <span class='ocrx_word' id='word_1_818' title='bbox 3196 5458 3315 5503; x_wconf 90' lang='lat' dir='ltr'><strong>erat</strong></span> <span class='ocrx_word' id='word_1_819' title='bbox 3345 5447 3490 5499; x_wconf 88' lang='lat' dir='ltr'><strong>enim</strong></span> 
     </span>
    </p>
   </div>
   <div class='ocr_carea' id='block_1_115' title="bbox 1937 5542 3485 5624">
    <p class='ocr_par' dir='ltr' id='par_1_115' title="bbox 1937 5542 3485 5624">
     <span class='ocr_line' id='line_1_115' title="bbox 1937 5542 3485 5624; baseline -0.014 -15"><span class='ocrx_word' id='word_1_820' title='bbox 1937 5554 2105 5613; x_wconf 86' lang='lat' dir='ltr'><strong>divini</strong></span> <span class='ocrx_word' id='word_1_821' title='bbox 2133 5555 2316 5624; x_wconf 86' lang='lat' dir='ltr'><strong>jussus</strong></span> <span class='ocrx_word' id='word_1_822' title='bbox 2347 5552 2613 5621; x_wconf 87' lang='lat' dir='ltr'><strong>operatio.</strong></span> <span class='ocrx_word' id='word_1_823' title='bbox 2646 5549 2800 5603; x_wconf 82' lang='lat' dir='ltr'><strong>Tunc</strong></span> <span class='ocrx_word' id='word_1_824' title='bbox 2848 5545 3008 5599; x_wconf 89' lang='lat' dir='ltr'><strong>simul</strong></span> <span class='ocrx_word' id='word_1_825' title='bbox 3040 5557 3162 5598; x_wconf 92' lang='lat' dir='ltr'><strong>cum</strong></span> <span class='ocrx_word' id='word_1_826' title='bbox 3193 5542 3260 5595; x_wconf 85' lang='lat' dir='ltr'><strong>iis</strong></span> <span class='ocrx_word' id='word_1_827' title='bbox 3301 5542 3485 5593; x_wconf 73' lang='lat' dir='ltr'><strong>aderat</strong></span> 
     </span>
    </p>
   </div>
   <div class='ocr_carea' id='block_1_116' title="bbox 1937 5633 3492 5709">
    <p class='ocr_par' dir='ltr' id='par_1_116' title="bbox 1937 5633 3492 5709">
     <span class='ocr_line' id='line_1_116' title="bbox 1937 5633 3492 5709; baseline -0.013 -6"><span class='ocrx_word' id='word_1_828' title='bbox 1937 5648 2099 5703; x_wconf 89' lang='lat' dir='ltr'><strong>etiam</strong></span> <span class='ocrx_word' id='word_1_829' title='bbox 2138 5647 2393 5709; x_wconf 87' lang='lat' dir='ltr'><strong>Thomas,</strong></span> <span class='ocrx_word' id='word_1_830' title='bbox 2428 5654 2482 5698; x_wconf 87' lang='lat' dir='ltr'><strong>et</strong></span> <span class='ocrx_word' id='word_1_831' title='bbox 2512 5642 2672 5697; x_wconf 89' lang='lat' dir='ltr'><strong>simul</strong></span> <span class='ocrx_word' id='word_1_832' title='bbox 2706 5638 2994 5709; x_wconf 84' lang='lat' dir='ltr'><strong>navigabat</strong></span> <span class='ocrx_word' id='word_1_833' title='bbox 3024 5678 3035 5700; x_wconf 91' lang='lat'><strong>,</strong></span> <span class='ocrx_word' id='word_1_834' title='bbox 3085 5646 3137 5689; x_wconf 89' lang='lat' dir='ltr'><strong>et</strong></span> <span class='ocrx_word' id='word_1_835' title='bbox 3171 5633 3331 5687; x_wconf 88' lang='lat' dir='ltr'><strong>simul</strong></span> <span class='ocrx_word' id='word_1_836' title='bbox 3365 5645 3492 5699; x_wconf 69' lang='grc' dir='ltr'><strong>οιιίίη</strong></span> 
     </span>
    </p>
   </div>
  </div>
