4252 6440
768 370 873 430 553

1985 370 2270 431 MENb'lS
2314 373 2741 438 DECEMBER.

3897 367 4017 437 56$

769 486 1010 546 rabatur,
1038 489 1095 535 et
1128 480 1422 551 diligenter
1457 480 1686 535 curabat
1713 480 1848 535 retia
1870 524 1884 544 ,
1916 491 1973 535 et
2004 498 2062 535 se
2090 482 2322 549 paratis-
2355 487 2401 543 Α
2429 482 2593 553 longo
2624 495 2868 553 tempore
2909 485 3228 539 confirmata
3253 525 3268 548 ,
3305 482 3593 538 inducebat
3640 479 4018 536 consuetudi—

769 578 966 629 simum
1019 570 1342 626 ostendebat
1399 570 1465 624 ad
1515 570 1904 625 obediendum.
1978 570 2327 640 Expenientia

768 666 913 720 enim
938 664 1206 717 didicerat
1241 664 1306 717 iis
1335 662 1584 727 credere,
1613 679 1734 732 qua:
1764 662 1906 717 Deus
1940 661 2108 715 fuerit
2132 678 2328 729 opera—

772 770 857 810 tus
897 776 908 806 ;
946 767 1000 807 et
1034 755 1158 809 ideo
1193 771 1297 808 una
1332 752 1661 823 navigabat,
1694 762 1749 806 et
1790 752 1952 807 simul
1997 754 2328 822 operabatur

770 863 890 899 cum
924 847 1204 914 discipulis
1242 847 1283 897 ³.

840 933 949 986 Vll.
982 936 1115 987 Cum
1151 941 1335 987 autem
1362 933 1469 1003 jam
1504 933 1714 986 adesset
1748 944 1961 1003 tempus
1988 933 2329 999 Assumptio-

770 1043 872 1091 ius,
905 1043 1013 1093 quo
1042 1042 1165 1079 cum
1199 1043 1263 1080 eo
1287 1026 1431 1094 quod
1463 1043 1526 1079 ex
1557 1026 1717 1079 nobis
1745 1035 2133 1096 assumpserat,
2165 1041 2329 1095 opor-

771 1118 914 1171 tebat
944 1120 1219 1172 Christum
1256 1120 1549 1177 ascendere
1579 1119 1644 1172 ad
1696 1121 1908 1173 Patrem
1937 1161 1949 1180 ,
1984 1120 2098 1188 ipse
2143 1118 2329 1173 educit

773 1222 971 1281 mystas
1017 1224 1168 1265 extra
1226 1212 1541 1264 Belhaniam
1605 1228 1775 1280 usque
1824 1210 1888 1263 ad
1919 1211 2230 1275 Olivetum;
2274 1220 2329 1264 et

770 1304 878 1355 iliic
923 1302 989 1355 de
1023 1317 1079 1354 se
1121 1304 1416 1368 disserens,
1452 1314 1505 1357 et
1538 1319 1600 1355 et
1633 1302 1935 1371 Scripturis
1989 1303 2327 1372 eonjungens

769 1397 1102 1458 testimonia,
1140 1412 1261 1449 cum
1298 1405 1352 1450 et
1380 1411 1561 1451 coram
1598 1396 1681 1448 eis
1715 1395 2064 1454 comedisset.
2106 1404 2160 1447 et
2195 1408 2327 1447 con-

768 1487 1037 1542 ﬁrmasset
1075 1504 1132 1541 sc
1164 1505 1271 1542 non
1306 1504 1425 1542 esse
1455 1489 1731 1555 spiritum,
1758 1498 1815 1541 ut
1851 1488 1950 1555 ipsi
1984 1486 2328 1540 existimave-

777 1591 917 1643 raut,
942 1590 997 1632 et
1026 1579 1221 1632 deinde
1256 1580 1467 1632 sublata
1502 1594 1661 1630 manu
1702 1579 1781 1631 eis
1808 1579 2122 1630 imtnisisset
2157 1578 2326 1630 bene-

770 1672 1088 1733 dictionem,
1118 1670 1205 1722 ille
1237 1668 1455 1738 quidem
1490 1667 1731 1721 ascendit
1771 1669 1825 1719 in
1854 1666 2044 1727 caelos;
2073 1665 2204 1733 ipsis
2231 1681 2326 1717 au-

771 1777 876 1816 tem
909 1779 1030 1815 cum
1065 1778 1256 1826 magno
1288 1762 1486 1828 gaudio
1510 1760 1611 1812 fuit
1643 1760 1849 1812 reditus
1882 1766 1933 1811 in
1963 1759 2262 1812 Jerusalem
2282 1758 2322 1809 ⁸.

766 1854 966 1920 Quidni
992 1853 1137 1906 enim
1170 1853 1457 1921 gauderet.
1491 1863 1547 1905 ct
1598 1868 1721 1905 cmn
1757 1853 1881 1905 aliis
1931 1854 2205 1905 ltctaretur
2237 1851 2319 1903 tli-

765 1946 1013 2013 scipnhs,
1053 1956 1435 2000 sacrosanctus
1496 1946 1595 1999 iste
1647 1954 1699 1998 et
1750 1960 1975 2014 magnus
2022 1944 2321 2011 apostolus,

769 2042 959 2093 videns
992 2039 1153 2093 verba
1199 2039 1431 2093 deducta
1460 2054 1577 2092 esse
1606 2037 1673 2091 ad
1709 2038 1986 2099 effectum,
2036 2048 2090 2090 et
2140 2052 2327 2091 susce-

766 2142 867 2197 pta:
910 2131 1089 2184 carnis
1122 2147 1309 2184 verum
1355 2148 1475 2185 esse
1524 2131 1865 2200 mysterium,
1911 2145 2085 2198 neque
2121 2130 2325 2182 frustra

771 2225 822 2275 in
858 2238 924 2275 c0
951 2234 1218 2275 versatam
1254 2222 1420 2276 fuisse
1457 2221 1938 2275 incredulitatem?
1984 2222 2160 2287 Atque
2206 2216 2325 2271 dies

767 2315 988 2381 quidem
1029 2315 1114 2367 ille
1143 2330 1168 2366 a
1204 2313 1428 2367 Domino
1464 2314 1819 2382 prmstitutus,
1848 2313 1954 2378 jam
1986 2312 2144 2364 ﬁnem
2180 2308 2324 2364 acci-

766 2408 947 2474 piebat
982 2406 1371 2461 convenienter
1407 2405 1495 2467 iis,
1540 2421 1659 2474 qu.e
1694 2406 1782 2458 ille
1817 2404 2028 2457 dixerat
2069 2420 2081 2455 :
2136 2411 2192 2455 et
2241 2401 2325 2454 di-

766 2499 927 2549 vinus
972 2498 1209 2566 Spiritus
1261 2496 1327 2550 ad
1382 2513 1473 2550 eos
1524 2497 1808 2558 atlvolans,
1858 2507 2112 2564 tanquam
2159 2508 2326 2548 sonus

765 2590 982 2654 quidam
1015 2590 1174 2643 ﬂatus
1204 2590 1562 2651 vehementis,
1600 2590 1780 2642 statim
1817 2589 1869 2641 in
1901 2589 2113 2656 linguas
2144 2587 2326 2656 igneas

766 2683 1127 2734 dividebatur.
1157 2681 1258 2745 Qui
1285 2697 1406 2733 cum
1445 2681 1629 2733 fuisset
1664 2696 1825 2748 super
1857 2694 2324 2747 unumquemque,

767 2774 997 2826 faciebat
1027 2789 1121 2827 eos
1157 2774 1305 2842 loqui
1339 2774 1542 2844 linguis
1583 2774 1795 2831 alienis.
1830 2772 1966 2825 adeo
2001 2784 2080 2835 ut,
2103 2771 2198 2841 qui
2228 2787 2327 2824 au-

768 2868 1014 2929 debant,
1070 2866 1415 2920 adicerentur
1467 2881 1656 2935 magna
1707 2865 2067 2918 admiratione
2097 2866 2138 2917 ⁷.
2173 2862 2327 2918 Tunc

766 2976 899 3028 ergo
931 2960 1017 3013 hic
1042 2975 1259 3028 quoque
1287 2974 1514 3028 magnus
1538 2957 1816 3026 apostolus
1838 2972 1958 3011 eum
1984 2956 2198 3011 sederet
2221 2970 2328 3009 uua

769 3066 892 3102 cum
925 3050 1149 3118 reliquis
1178 3049 1481 3118 discipulis,
1517 3051 1629 3117 ipse
1667 3064 1884 3117 quoque
1913 3051 1964 3101 in
2012 3049 2184 3117 igneis
2223 3049 2326 3102 lin-

2433 589 2555 626 nem
2589 613 2603 635 ,
2648 577 2859 629 ratione
2909 576 3101 644 quavis
3154 575 3540 645 potentiorem.
3581 572 3641 626 ln
3689 572 3834 626 hanc
3863 584 4017 640 ergo

2432 667 2706 734 regionem
2764 682 2989 735 magnus
3053 666 3368 736 ingrediens
3424 664 3724 734 apostolus,
3782 662 4013 716 nullum

2429 774 2540 823 pra:
2575 774 2632 812 se
2662 759 2785 812 tulit
2812 760 3011 811 fastum
3039 768 3093 811 et
3116 757 3507 826 arrogantiam,
3533 770 3712 824 neque
3736 754 3877 808 elate
3901 763 4017 807 aut

2428 849 2663 916 gloriose
2708 849 2987 918 quippiam
3030 858 3115 903 est
3165 849 3403 907 locutus.
3448 862 3625 916 neque
3667 846 3817 900 aliud
3866 844 4016 898 fecit

2429 942 2667 1009 superbe
2696 950 2753 995 et
2785 922 3087 995 insolenter
3134 940 3201 993 ad
3246 939 3667 993 ostentationem
3713 954 3727 989 :
3766 938 3859 991 sed
3902 951 4015 989 or-

2431 1041 2591 1084 natus
2636 1029 2838 1085 Christi
2877 1029 3270 1091 moderatione,
3304 1036 3359 1083 ct
3395 1045 3493 1098 pro
3524 1028 3719 1097 quovis
3761 1026 3874 1080 alio
3905 1041 4011 1077 or-

2431 1131 2687 1177 namento
2706 1132 2759 1176 et
2785 1122 2975 1186 lorica,
3005 1138 3067 1175 ea
3092 1122 3509 1186 indutus,coma
3531 1119 3809 1181 sordidus,
3839 1119 4010 1171 vultn

2431 1215 2684 1283 pallidus,
2723 1224 2867 1269 totus
2897 1214 3084 1268 aridus
3118 1224 3173 1269 et
3204 1213 3516 1280 exsanguis,
3547 1220 3601 1264 et
3635 1212 3795 1280 plane
3828 1226 4014 1263 succo

2429 1320 2638 1368 carens,
2676 1316 2731 1358 et
2762 1314 2820 1358 ut
2847 1306 3013 1359 semel
3043 1305 3243 1368 dit-am,
3292 1319 3401 1357 non
3438 1313 3545 1356 tam
3576 1318 3798 1371 corpus,
3831 1317 4013 1370 quam

2432 1396 2681 1449 umbram
2731 1398 2981 1465 corporis
3028 1397 3448 1459 circumferens,
3486 1396 3712 1451 sordido
3759 1405 3815 1448 et
3863 1396 4008 1448 trito

2429 1486 2666 1539 amictus
2688 1486 2871 1555 pallio,
2902 1486 3148 1540 moribus
3175 1486 3336 1551 lenis,
3358 1501 3614 1540 sermone
3648 1483 3818 1545 utilis,
3843 1483 4013 1536 factis

2430 1578 2588 1631 valde
2622 1577 2989 1642 admirabilis,
3014 1577 3404 1633 humilioribus
3436 1593 3493 1633 se
3523 1575 4009 1639 accommodabat,

2428 1672 2653 1741 spiritus
2681 1671 2935 1724 altiorum
2966 1672 3302 1739 deprimens.

2500 1764 2589 1817 ΙΧ.
2623 1766 2757 1817 Cum
2792 1764 2992 1817 talibus
3020 1764 3264 1817 moribus
3292 1771 3346 1817 et
3382 1762 3491 1817 vita
3520 1762 3779 1831 praeditus
3806 1763 3873 1815 ad
3912 1763 4009 1816 ln-

2429 1857 2528 1910 dos
2564 1856 2823 1915 venisset,
2860 1855 3143 1923 visumque
3174 1856 3221 1907 ei
3253 1864 3395 1909 esset
3440 1855 3617 1923 gentis
3669 1853 3881 1921 ingredi
3912 1853 4010 1906 in-

2432 1948 2659 2009 teriora,
2697 1958 2984 2015 postquam
3014 1948 3148 1999 vidit
3192 1946 3384 2000 falsam
3434 1948 3742 2001 dmmonum
3780 1949 4011 2016 religio-

2431 2054 2553 2093 nem
2581 2052 2677 2091 eos
2702 2036 3210 2105 comprehendisse,
3239 2046 3293 2090 et
3317 2037 3439 2089 imis
3466 2052 3653 2090 eorum
3682 2038 3885 2090 animis
3918 2036 4011 2089 in-

2430 2132 2657 2190 sedisse,
2692 2146 2800 2184 non
2848 2131 3028 2183 statim
3077 2131 3342 2197 processit
3379 2130 3444 2183 ad
3479 2144 3574 2183 eos
3620 2130 3961 2184 refellendos
3988 2170 4005 2191 ,

2428 2240 2536 2278 non
2573 2223 2785 2277 induxit
2811 2223 3291 2292 reprehensiones,
3328 2238 3434 2275 non
3472 2230 3730 2290 tanquam
3758 2221 4009 2275 medica-

2430 2324 2612 2368 mento
2652 2329 2784 2367 usus
2816 2323 2900 2367 est
2949 2314 3302 2376 austeritate;
3337 2314 3544 2366 sciebat
3606 2313 3795 2377 enim,
3846 2312 4004 2381 quod

2428 2424 2548 2477 quce
2585 2408 2743 2477 longa
2776 2407 3172 2462 consuetudine
3204 2407 3256 2460 in
3292 2407 3495 2461 nostris
3519 2406 3837 2460 confirmata
3868 2417 4009 2459 sunt

2429 2501 2646 2566 animis,
2678 2517 2783 2555 non
2817 2510 3047 2571 possunt
3075 2500 3228 2554 facile
3272 2501 3441 2555 deleri
3470 2543 3484 2564 ,
3535 2513 3589 2553 et
3635 2500 4001 2568 persuasione

2431 2599 2625 2663 magis,
2657 2612 2818 2663 quam
2854 2596 2903 2647 vi
2944 2604 3250 2648 mutantur.
3283 2594 3580 2661 Pmpterca
3627 2592 3793 2660 magis
3824 2593 4009 2645 utitur

2432 2689 2882 2749 mansuetudine,
2907 2698 2961 2742 et
2990 2687 3150 2742 bonis
3181 2686 3519 2749 moribus,et
3547 2684 3764 2738 blandis
3786 2684 4003 2744 verbis,

2430 2794 2660 2848 magnus
2691 2788 2747 2831 et
2778 2779 2995 2848 dignus,
3034 2778 3125 2845 qui
3165 2778 3217 2830 in
3253 2777 3461 2829 honore
3514 2775 3831 2834 haberetur.
3882 2789 4002 2827 non

2429 2886 2494 2923 ex
2524 2869 2661 2922 fastu
2691 2878 2745 2921 et
2772 2879 3006 2932 tumore,
3033 2878 3089 2921 et
3122 2867 3303 2921 verbis
3338 2866 3661 2935 magniﬁcis,
3694 2863 3789 2919 sed
3817 2881 3885 2919 ex
3914 2864 4005 2916 fa-

2431 2964 2534 3014 ctis
2561 2970 2613 3013 et
2636 2961 2805 3030 signis
2821 2962 2903 3014 eis
2931 2975 3223 3030 apparens,
3251 2970 3302 3012 et
3332 2958 3526 3027 insigni
3549 2956 4007 3025 Christi,nempe

2431 3054 2762 3117 humilitate,
2795 3053 2951 3106 valde
2990 3062 3219 3107 ornatus
3250 3071 3261 3104 :
3301 3068 3411 3120 quo
3439 3051 3660 3120 quidem
3700 3065 3793 3103 eos
3826 3051 4009 3118 magis

770 3142 891 3207 guis
921 3142 1131 3208 accepit
1180 3141 1411 3209 gratiam
1444 3160 1456 3190 ;
1489 3150 1540 3190 et
1578 3154 1700 3190 cum
1743 3138 1797 3190 in
1832 3154 1991 3191 suutu
2044 3139 2327 3191 habitacu-
2351 3144 2396 3205 C
2429 3146 2677 3214 cupiebat
2702 3154 2758 3199 et
2801 3143 3113 3197 attrahcbat
3142 3146 3206 3196 ad
3239 3142 3599 3211 agnitionem,
3647 3140 3791 3207 quod
3841 3152 4003 3195 esset

776 3240 885 3286 ium
917 3240 1094 3284 totum
1134 3230 1516 3285 intromisisset
1549 3230 1837 3297 Spiritum,
1872 3239 2017 3282 totus
2046 3228 2147 3282 fuit
2181 3228 2328 3282 illius

769 3326 1215 3386 instrumentum,
1243 3321 1396 3373 valde
1420 3320 1695 3389 sapienter
1721 3328 1775 3373 et
1806 3329 2113 3389 opportune
2143 3319 2328 3388 pulsa-

770 3425 904 3467 tum.
944 3412 1035 3466 Sie
1081 3426 1211 3479 ergo
1253 3410 1490 3467 Thomas
1539 3411 1606 3464 ab
1640 3412 1751 3464 alto
1796 3412 2150 3465 conﬁrmatus
2177 3450 2191 3473 ,
2229 3409 2331 3463 fuit

770 3516 1033 3574 perpetuo
1058 3508 1355 3567 accinctus,
1384 3516 1747 3573 promptuque
1772 3513 1827 3559 et
1856 3503 2017 3557 alacri
2045 3506 2228 3557 animo
2262 3501 2330 3556 ad

771 3594 1234 3664 praedicationem,
1266 3594 1403 3648 nihil
1438 3595 1635 3647 timens
1667 3608 1857 3647 eorum
1891 3608 2011 3662 quae
2060 3602 2187 3646 sunt
2217 3602 2325 3645 ter-

774 3688 975 3753 ribilia,
1000 3702 1099 3742 nec
1130 3696 1357 3755 stupens
1382 3687 1585 3755 aliquid
1622 3700 1811 3740 eorum
1864 3701 1985 3754 qua:
2029 3694 2159 3741 sunt
2184 3686 2328 3739 clara

768 3793 824 3837 et
850 3781 1101 3835 illustria.

845 3874 980 3928 V’lll.
1010 3872 1145 3927 Cum
1180 3886 1309 3942 ergo
1340 3886 1425 3926 res
1456 3869 1715 3939 apostolis
1745 3884 1801 3923 se
1826 3869 2092 3923 haberent
2122 3885 2186 3923 ex
2212 3869 2329 3921 ani-

777 3964 847 4017 mi
883 3965 1185 4023 sententia,
1233 3970 1511 4030 Oporteret
1554 3969 1733 4013 autem
1766 3960 1979 4013 Domini
2012 3962 2219 4029 iussum
2266 3959 2329 4012 li-

776 4072 897 4108 netu
925 4057 1193 4122 accipere,
1224 4055 1318 4123 qui
1348 4052 1569 4123 quidem
1596 4060 1716 4105 erat
1755 4070 1767 4103 :
1804 4069 1821 4102 t
1853 4051 2061 4105 Euntes
2088 4051 2141 4104 in
2172 4066 2331 4104 mun-

774 4149 926 4208 dum,
956 4146 1147 4200 docete
1174 4160 1364 4198 omnes
1396 4152 1585 4213 gentes
1608 4143 1685 4208 ⁸,»
1714 4144 1851 4197 alius
1876 4144 2095 4211 quidem
2125 4158 2190 4197 ex
2205 4158 2334 4211 apo.

777 4238 929 4291 stolis
956 4237 1115 4291 aliam
1157 4236 1308 4289 orbis
1347 4246 1503 4289 terra:
1534 4246 1744 4304 partem
1792 4235 2020 4289 sortitus
2048 4245 2153 4295 est,
2186 4235 2330 4289 sicut

778 4328 878 4389 ριίε,
929 4326 1021 4394 qui
1077 4326 1392 4385 advenerat,
1449 4326 1725 4392 Spiritus,
1776 4334 1977 4379 sortem
2025 4325 2330 4379 definierat.

777 4418 1014 4470 Thomas
1046 4418 1209 4487 igitur
1236 4419 1431 4469 missus
1454 4427 1537 4469 est
1559 4416 1612 4469 in
1632 4416 1861 4478 lndiam,
1888 4430 2009 4484 qua:
2027 4424 2144 4469 erat
2172 4415 2331 4484 plane

2431 3236 2691 3306 operibus
2718 3235 2940 3304 quidem
2974 3233 3337 3293 admirabilis,
3382 3232 3581 3302 spiritu
3628 3242 3808 3285 autem
3844 3233 4005 3285 mitis

2431 3337 2486 3382 ct
2508 3326 2843 3379 moderatus.
2873 3324 3061 3393 Itaque
3084 3323 3214 3376 moti
3243 3320 3601 3376 admiratione
3624 3321 3764 3385 Indi,
3800 3336 4003 3390 rogare

2432 3425 2718 3487 creperum
2748 3416 3000 3485 quisnam
3032 3425 3197 3477 esset,
3231 3424 3288 3466 et
3320 3412 3472 3483 cuias
3499 3427 3698 3480 genere
3719 3450 3734 3475 ,
3762 3419 3817 3464 et
3844 3427 4005 3479 qua—

2432 3524 2559 3563 nam
2583 3518 2726 3561 esset
2753 3507 2872 3576 ejus
2900 3505 3112 3575 religio,
3137 3514 3193 3558 et
3219 3505 3365 3572 quod
3400 3503 3666 3556 studium.
3691 3502 3784 3556 llle
3808 3517 4003 3556 autern

2437 3597 2700 3669 (habebat
2732 3596 2878 3649 enim
2911 3594 2965 3648 in
3001 3609 3058 3649 se
3092 3593 3370 3651 Christum
3417 3593 3756 3663 magistrum)
3797 3593 4005 3647 leniter

2432 3702 2487 3747 et
2518 3690 2763 3745 modeste
2807 3686 3108 3755 respondit,
3156 3687 3298 3755 quod
3346 3695 3495 3738 esset
3537 3698 3735 3754 genere
3767 3684 4001 3752 quidem

2431 3782 2674 3842 Judazus,
2710 3779 3014 3849 discipulus
3064 3787 3248 3832 autem
3299 3776 3525 3846 insignis
3567 3776 3713 3829 illius
3753 3775 3959 3845 Moysis
3986 3818 4004 3841 ,

2435 3874 2581 3927 illius
2623 3873 2843 3940 inquam
2886 3869 3100 3939 Moysis,
3121 3868 3215 3937 qui
3258 3883 3382 3921 cum
3405 3866 3515 3920 Deo
3542 3875 3627 3919 est
3647 3866 3954 3919 collocutus
3982 3907 4000 3929 ,

2439 3962 2638 4018 deinde
2672 3961 2839 4016 etiam
2861 3958 3066 4013 Christi
3101 3958 3225 4011 Filii
3251 3957 3346 4010 Dei
3372 3956 3696 4026 discipulus,
3722 3955 3813 4024 qui
3848 3956 4003 4008 venit

2435 4055 2502 4110 ad
2544 4054 2733 4109 mundi
2765 4053 3017 4115 salutem,
3046 4048 3270 4118 etquod
3302 4048 3466 4103 vitam
3491 4057 3748 4101 aeternam
3796 4057 3852 4101 et
3876 4048 4004 4100 ani—

2434 4164 2645 4202 marum
2679 4146 2908 4200 salutem
2939 4144 3150 4199 veniret
3179 4141 3567 4195 annuntiatutu
3606 4160 3617 4190 :
3649 4139 3850 4208 quibus
3893 4141 3996 4207 qui

2434 4237 2805 4301 crediderint,
2841 4243 3009 4289 erunt
3042 4232 3406 4287 ineﬂ‘abilium
3443 4232 3710 4285 bonorum
3764 4230 3998 4295 partici-

2436 4348 2551 4403 pes.
2589 4332 2856 4386 Praeterea
2901 4336 3086 4381 narrat
3122 4326 3327 4381 Christi
3372 4323 3466 4377 Dei
3513 4323 3673 4377 Verbi
3711 4321 4003 4376 demissio-

2438 4440 2585 4487 nem,
2624 4421 2899 4489 refertque
2925 4418 3187 4472 miracula
3231 4432 3352 4486 quae
3396 4414 3545 4479 fecit,
3579 4414 3707 4468 dum
3742 4415 3794 4468 in
3830 4417 3999 4469 terris

782 4509 1034 4571 barbara,
1066 4519 1121 4562 et
1149 4510 1199 4562 in
1237 4508 1460 4563 nefariis
1491 4508 1811 4561 versabatur
1842 4507 2169 4562 actionibus.
2207 4508 2328 4578 ipsa
2363 4492 2409 4548 Ῐ)
2440 4518 2491 4569 in
2520 4528 2686 4568 carne
2720 4519 2936 4581 ageret;
2971 4510 3255 4579 ipsamque
3283 4496 3620 4591 passionem,
3652 4520 3773 4574 qua:
3808 4506 4003 4562 multis

776 4610 957 4655 autem
984 4602 1086 4653 sita
1104 4611 1185 4653 est
1217 4598 1531 4669 longissime
1566 4599 1635 4653 ab
1666 4597 1922 4669 Egypto;
1951 4599 2175 4655 alluitur
2201 4614 2331 4653 vero

779 4692 911 4745 mari
952 4692 1103 4744 valde
1137 4690 1450 4760 navigabili,
1488 4699 1543 4743 et
1568 4698 1651 4743 est
1678 4689 1898 4758 quidem
1954 4704 2124 4760 egena
2152 4706 2332 4744 rerum

780 4788 1229 4843 necessariarum,
1250 4782 1683 4836 abundatautem
1718 4782 1878 4836 rebus
1906 4783 2157 4851 pretiosis
2186 4794 2242 4836 et
2266 4782 2333 4835 ad

779 4876 962 4927 luxum
998 4874 1440 4927 accommodatis.
1478 4874 1605 4927 Eam
1634 4873 1842 4927 habitat
1870 4875 1921 4927 id
1954 4890 2143 4944 genus,
2185 4875 2333 4944 quod

777 4969 979 5022 dctum
1009 4975 1111 5028 est,
1142 4966 1285 5033 quod
1315 4974 1395 5019 est
1440 4966 1959 5033 frequentissimum,
1987 4976 2041 5021 et
2084 4966 2329 5020 deditum

781 5064 1117 5119 mercaturae,
1154 5068 1209 5108 et
1239 5070 1426 5123 magna
1453 5070 1518 5108 ex
1553 5064 1707 5122 parte
1757 5054 1962 5108 nudum
1992 5093 2007 5116 ,
2055 5064 2112 5109 et
2162 5056 2335 5111 instar

778 5153 1052 5211 ferarum,
1102 5164 1221 5216 qum
1266 5148 1467 5215 degunt
1503 5147 1556 5198 in
1608 5146 1910 5209 montibus,
1945 5148 2108 5199 vitam
2145 5162 2331 5215 agens.

778 5243 948 5304 Quam
981 5240 1052 5293 ob
1082 5254 1300 5292 causam
1340 5252 1632 5306 corporum
1678 5238 2020 5307 superficiem
2060 5239 2196 5293 radii
2244 5255 2335 5294 so-

781 5338 917 5385 lares
968 5331 1234 5385 invadunt
1266 5332 1546 5384 ardentius
1572 5368 1587 5393 ,
1624 5330 1890 5397 valdeque
1928 5330 2245 5393 incendunt,
2277 5341 2331 5385 ct

778 5423 1087 5490 iit-nigrant,
1122 5431 1177 5474 et
1219 5421 1460 5474 ellieiunt
1503 5421 1620 5473 visu
1649 5420 2025 5474 deformiorcs.
2064 5419 2331 5475 Colebaut

778 5527 958 5567 autem
993 5512 1079 5566 isti
1114 5514 1401 5567 simulacra
1443 5515 1581 5565 facta
1608 5528 1672 5566 ex
1697 5527 1857 5566 omne
1884 5527 2055 5581 genus
2080 5516 2326 5567 materia:

778 5617 831 5659 ct
864 5605 1005 5674 quod
1041 5606 1093 5659 in
1144 5619 1205 5657 ea
1258 5604 1641 5659 conferebatur
1684 5604 1947 5668 studium,
1986 5615 2041 5658 et
2076 5605 2288 5659 cultura
2314 5644 2327 5665 ,

895 5786 1051 5844 Joan.
1087 5804 1191 5847 χχι,
1230 5787 1248 5841 l
1286 5802 1437 5857 seqq.
1518 5786 1533 5811 ‘
1564 5786 1690 5840 Luc.
1726 5803 1866 5853 utv,
1893 5788 1957 5839 ες
1990 5802 2141 5857 seqq.

2258 5787 2271 5795 ’
2302 5786 2416 5841 Aet.
2457 5802 2512 5850 ll,
2552 5789 2568 5840 l
2612 5803 2760 5857 seqq.

2437 4606 2653 4662 videtur
2687 4604 2992 4674 probrosa;
3037 4602 3293 4655 virtutem
3341 4597 3777 4662 resurrectionis,
3824 4609 3879 4652 et
3922 4600 3998 4653 ad

2438 4700 2608 4755 etelos
2637 4696 3012 4751 ascensionem
3050 4709 3067 4747 :
3095 4692 3265 4762 Cujus
3296 4690 3618 4759 discipulus,
3645 4690 3817 4760 inquit
3845 4731 3861 4752 ,
3892 4703 4001 4759 ego

2438 4800 2494 4844 ct
2527 4789 2777 4843 minister
2806 4785 3238 4845 admirabilium,
3265 4798 3388 4852 qua:
3417 4782 3532 4851 ipse
3563 4781 3721 4844 fecit,
3756 4780 4005 4833 miracu-

2437 4880 2639 4942 lorum,
2669 4887 2833 4947 atque
2859 4874 3177 4931 mcenomiaa
3205 4913 3220 4936 ,
3265 4887 3394 4943 qua-
3418 4872 3521 4925 fuit
3551 4871 3696 4926 Deus
3723 4879 3779 4924 et
3807 4870 4001 4934 homo,

2435 4980 2653 5025 creatus
2695 4983 2817 5022 sum
2845 4981 3057 5036 prazco;
3089 4965 3247 5033 cujus
3286 4962 3619 5018 annuntians
3659 4961 3709 5014 in
3747 4960 4003 5015 homines

2436 5060 2847 5130 benignitatem,
2869 5069 2925 5111 et
2944 5058 3262 5111 immensam
3287 5057 3341 5110 in
3366 5056 3512 5125 ipsos
3537 5052 3996 5119 miscricordiam,

2434 5151 2500 5206 ad
2535 5165 2631 5204 vos
2662 5162 2834 5217 usque
2868 5145 3113 5209 accessi;
3148 5146 3306 5214 cujus
3340 5144 3517 5198 factus
3560 5159 3679 5198 sum
3731 5152 3903 5213 mysta
3941 5155 4003 5198 et

2438 5242 2740 5311 apostolus.
2784 5238 2847 5290 Et
2879 5252 3000 5291 cum
3039 5235 3173 5305 ipsis
3202 5234 3381 5289 oculis
3421 5234 3559 5288 facta
3589 5234 3659 5288 sit
3687 5233 3819 5287 mihi
3860 5232 4001 5290 ﬁdes

2439 5346 2629 5385 eorum
2665 5344 2787 5398 qua:
2814 5327 3097 5390 dicuntur,
3134 5341 3240 5379 non
3268 5326 3315 5379 vi
3351 5339 3446 5378 eos
3486 5325 3579 5393 qui
3610 5334 3873 5389 renuunt,
3898 5326 4001 5381 sed

2440 5424 2589 5476 omni
2620 5422 2886 5475 charttate
2918 5420 3219 5487 amplector
3244 5432 3339 5470 eos
3364 5417 3456 5485 qui
3488 5418 3909 5486 persuadentur.

2509 5513 2577 5567 Χ.
2610 5512 2723 5574 llis,
2755 5522 2809 5564 et
2842 5511 3089 5579 pluribus
3112 5507 3513 5561 aliisdiviuitus
3538 5507 3763 5577 prolatis
3788 5506 4001 5574 verbis,

2440 5603 2697 5657 ludorum
2736 5602 2970 5671 populus
3011 5600 3075 5653 ad
3116 5599 3436 5669 mysterium
3477 5582 3847 5661 introductus,
3880 5599 4005 5655 suis

2842 5788 2860 5812 ‘
2904 5785 3089 5839 Matth.
3126 5798 3309 5846 ιιι-ιιι,
3351 5782 3432 5835 l8.
