4252 6440
198 404 319 470 565

1110 406 1579 469 MARTYRIUM
1625 410 1726 468 SS.
1764 409 1809 468 Χ
1858 410 1993 471 MM.
2024 411 2547 474 CRETENSIUM.

3346 414 3447 477 566

199 518 418 576 animis
474 519 721 591 suscepit
768 520 921 577 verbi
967 534 1176 577 semen.
1222 522 1429 580 Deinde
1478 525 1559 594 (ut
1606 525 1784 578 dicam
1822 538 1859 588 Α
1896 542 2020 596 pus,
2053 526 2299 606 fidelium
2326 525 2578 581 inanibus
2602 522 2859 579 decenter
2890 520 3275 593 compositum.
3308 536 3459 593 sepe-

202 628 342 667 cum
371 611 561 668 divino
603 613 919 685 Evangelio)
945 614 1176 670 Domino
1214 615 1529 686 adiuvante,
1570 627 1625 671 et
1659 633 1779 672 ser-

208 718 439 759 monem
469 704 829 761 conﬂrmante
858 722 958 777 per
982 709 1133 778 signa
1157 710 1574 777 consequentia,
1605 711 1789 779 paula-

211 798 319 852 tim
347 790 575 868 quidem
612 800 836 854 abducti
868 811 998 855 sunt
1027 802 1096 856 ab
1125 802 1396 856 idolorum
1432 803 1788 862 iibaminibus

204 897 275 944 et
297 889 829 956 abominatioaibus.
855 893 921 947 ad
958 909 1146 949 veram
1177 904 1360 950 autem
1398 894 1560 949 iidem
1595 910 1783 949 acces-

207 987 433 1042 serunt.
476 990 530 1034 et
575 982 657 1035 sic
708 983 1024 1051 apostolicis
1074 985 1443 1039 transiermati
1498 984 1785 1049 doctrinis,

206 1068 438 1125 Christo
468 1071 764 1127 familiares
788 1086 1083 1129 evaserunt
1109 1091 1207 1145 per
1231 1075 1561 1144 baptismum
1587 1091 1597 1127 :
1626 1075 1786 1143 adeo,

210 1170 282 1216 ut
311 1163 482 1216 etiam
514 1177 688 1232 usque
720 1165 789 1219 ad
822 1165 996 1233 ipsum
1026 1182 1208 1236 regem
1244 1169 1555 1237 pervenerit
1588 1168 1790 1236 pradi-

208 1254 383 1315 catio,
413 1254 632 1308 etiamsi
676 1271 788 1309 non
818 1260 1118 1324 penetrarit
1151 1274 1323 1327 usque
1358 1259 1423 1311 ad
1458 1257 1789 1327 profundum

208 1348 338 1417 c-jus
369 1349 586 1402 mentis.
625 1350 812 1418 Itaque
838 1352 933 1420 qui
964 1367 1163 1422 genere
1208 1353 1431 1422 quidem
1477 1352 1543 1406 ad
1598 1367 1779 1421 regem

206 1437 549 1501 attinebant,
574 1456 699 1495 cum
725 1458 782 1496 se
807 1453 951 1500 totos
983 1444 1267 1499 dedissent
1286 1446 1636 1503 sermonibus
1662 1461 1791 1514 apo-

209 1530 370 1591 stoli.
402 1531 472 1583 ab
502 1545 570 1585 eo
605 1534 767 1588 avelli
813 1549 920 1587 non
962 1544 1265 1603 poterant:
1313 1550 1403 1589 rex
1446 1544 1628 1589 autem
1677 1536 1793 1604 ipse

211 1618 479 1674 detentus
510 1638 539 1673 a
581 1621 851 1690 profunda
888 1624 1118 1694 caligine
1147 1626 1488 1694 ignorantiae,
1520 1635 1573 1677 et
1604 1639 1633 1678 a
1666 1625 1792 1693 qui-

214 1708 324 1762 bus
354 1710 633 1764 miraculis
663 1713 1065 1780 oportebatrad
1114 1713 1291 1767 lucem
1340 1714 1575 1775 traduci,
1610 1714 1675 1767 ab
1710 1715 1794 1767 eis

214 1799 527 1855 voluntaria
557 1806 799 1857 czecitate
826 1804 892 1856 ad
917 1804 1176 1874 majorem
1208 1820 1475 1859 accensus
1502 1803 1791 1867 insaniam,

1890 620 2057 674 litur:
2087 620 2229 689 regis
2252 628 2434 673 autem
2460 618 2604 673 illius
2634 614 2829 671 incldit
2856 617 2909 670 in
2928 630 3150 685 gravem
3178 613 3457 675 morbum,

1831 780 1835 784 ἢ
1890 722 1945 767 et
1974 712 2066 782 qui
2091 723 2211 767 erat
2234 719 2351 767 arte
2368 710 2605 764 humana
2622 709 2879 764 validior.
2901 706 3061 761 Pater
3085 722 3215 776 ergo
3245 707 3457 777 (quidni

1892 804 2061 869 enim,
2098 803 2142 858 si
2174 814 2330 873 pater
2346 804 2390 873 2)
2427 800 2727 855 inﬂectitur
2771 817 2800 854 a
2829 809 3025 853 natura
3053 798 3379 867 iletibusque
3406 807 3462 851 ct

1891 895 2152 965 lacrymis
2202 896 2481 966 irrigatur,
2532 892 3022 949 lamentationibus
3054 890 3327 954 laniatur;
3364 888 3459 943 sed

1892 989 2099 1043 nullam
2150 989 2439 1044 inveniens
2488 987 2613 1043 mali
2663 984 3016 1050 solutionem,
3069 982 3458 1037 miraculorum

1891 1084 2121 1155 apostoli
2156 1084 2496 1149 recordatur,
2549 1091 2603 1136 et
2650 1077 2931 1149 quaerebat
2964 1090 3184 1146 parvam
3221 1076 3459 1143 aliquam

1891 1184 2101 1245 partem
2131 1190 2198 1228 ex
2228 1174 2348 1242 ejus
2377 1171 2624 1241 reliquiis
2651 1170 2715 1224 ad
2748 1167 3081 1223 medendum
3108 1166 3157 1220 ei
3186 1167 3279 1235 qui
3313 1165 3463 1219 labo-

1894 1265 2071 1320 rabat.
2131 1261 2424 1332 Postquam
2472 1272 2655 1317 autem
2708 1259 2929 1313 rescivit
2970 1272 3077 1311 non
3131 1271 3449 1324 comparere

1893 1370 2093 1424 corpus
2123 1356 2511 1423 apostolicum,
2546 1354 2739 1407 saltem
2782 1351 3085 1419 pulverem,
3116 1361 3280 1416 quem
3324 1346 3457 1404 illud

1896 1448 2093 1518 tetigit,
2145 1447 2307 1519 jussit
2354 1446 2569 1500 afferre.
2627 1441 2781 1509 Quod
2822 1440 3043 1511 quidem
3080 1454 3207 1494 cum
3256 1439 3457 1492 iactum

1894 1548 2058 1601 esset.
2089 1548 2269 1609 pater,
2303 1536 2587 1606 κατοικιιί
2632 1535 2742 1589 lilio
2786 1534 3010 1602 pulvere
3059 1530 3334 1600 imposito,
3370 1543 3461 1585 sa-

1894 1644 2026 1681 num
2064 1627 2198 1681 vidit
2230 1638 2377 1690 eum,
2404 1630 2565 1694 quem
2593 1622 2823 1693 putabat
2858 1621 3209 1685 moriturum,
3242 1619 3459 1673 etiamsi

1896 1718 1986 1772 ille
2012 1718 2280 1772 modicam
2311 1718 2487 1771 lucem
2517 1715 2831 1784 agnitionis,
2851 1727 3011 1783 quam
3038 1720 3339 1781 acceperat,
3366 1726 3459 1765 sua

1898 1819 2091 1879 sponte
2138 1810 2434 1879 repulerat,
2478 1817 2532 1861 et
2582 1821 2710 1862 vere
2758 1815 2878 1859 erat
2934 1815 3206 1869 mortuus,
3259 1813 3319 1857 ut
3367 1805 3462 1871 qui

212 1893 567 1946 consultabat
610 1893 677 1948 de
711 1905 887 1948 morte
940 1897 1195 1965 apostoli.
1242 1895 1613 1963 Quamobrem
1642 1898 1789 1953 dicto
1831 1893 1867 1945 Β
1897 1903 2154 1957 acerbam
2210 1910 2439 1955 mortem
2489 1899 2819 1968 suscepisset
2865 1895 3181 1967 impietatis.
3245 1893 3310 1949 Et
3348 1896 3465 1950 haec

220 1987 394 2038 citius
425 1985 480 2038 in
512 2001 641 2039 cum
669 1987 775 2040 fert
799 1989 1128 2042 sententiam
1163 2008 1175 2043 :
1207 2002 1262 2043 et
1296 1990 1499 2044 lanceis
1523 1991 1589 2044 de
1617 1990 1797 2043 medio

220 2076 439 2131 tollitur
470 2094 695 2147 magnus
720 2080 809 2133 hic
829 2082 1129 2149 apostolus,
1150 2082 1242 2151 qui
1272 2096 1495 2151 propter
1517 2082 1799 2137 Christum

218 2179 460 2224 mortem
490 2172 721 2226 libenter
755 2175 1019 2244 suscepit.
1057 2174 1195 2227 Eum
1226 2174 1446 2229 beatum
1475 2174 1697 2242 quidem
1718 2175 1801 2242 ju-

219 2263 435 2315 dicavit
466 2263 665 2317 chorus
694 2280 884 2318 eorum
920 2266 1011 2334 qui
1043 2282 1137 2333 per
1179 2267 1354 2335 ipsum
1386 2266 1742 2319 crediderunt
1776 2282 1788 2317 :

221 2354 451 2406 beatum
500 2365 682 2409 autem
717 2358 934 2410 censuit
979 2372 1200 2427 quoque
1240 2358 1445 2412 chorus
1475 2372 1663 2411 eorum
1698 2358 1788 2422 qui

224 2450 363 2493 sunt
414 2442 467 2496 in
510 2445 745 2498 excelsis
777 2459 792 2498 :
824 2446 1136 2515 plausitque
1171 2448 1447 2517 justorum
1500 2447 1793 2516 multitudo

220 2548 356 2586 cum
383 2536 666 2602 apostolis,
703 2537 953 2592 videntes
988 2554 1200 2593 sacram
1250 2539 1395 2592 illam
1447 2547 1503 2593 et
1551 2538 1791 2592 divinam

221 2625 467 2677 animam
502 2626 556 2679 in
593 2628 759 2683 caelos
785 2628 1164 2693 asendentem,
1197 2638 1251 2685 et
1281 2630 1533 2699 stipatam
1570 2630 1791 2699 angelo-

226 2732 355 2770 rum
388 2719 699 2773 ordinibus.

305 2807 396 2862 XI.
430 2810 573 2875 Quid
614 2821 797 2865 autem
827 2812 1088 2882 deinceps
1114 2813 1493 2881 consequitur,
1524 2823 1577 2866 et
1606 2813 1735 2881 quid
1768 2827 1797 2865 e

224 2902 451 2971 superis
504 2903 753 2971 providet
807 2914 861 2958 et
918 2906 1204 2975 dispensat
1256 2905 1497 2968 bonitas,
1549 2905 1800 2959 homines

225 2994 524 3049 attrahens
551 2994 616 3049 ad
648 2996 947 3065 pietatem?
978 2997 1203 3051 Sacrum
1234 2997 1454 3067 quidem
1484 2996 1619 3051 illttd
1670 3012 1795 3049 cor-

232 3162 405 3175 Ἀ

418 3161 513 3173 -α

1531 3158 1745 3171 ...η-..-

1894 1996 2114 2065 quidem
2141 2003 2407 2064 quantum
2447 1992 2604 2047 licuit
2652 2007 2761 2045 non
2810 1988 3120 2044 aberrando
3154 2004 3183 2041 a
3210 1987 3462 2049 veritate,

1896 2091 2199 2156 composita
2231 2086 2474 2145 fuerunt.
2503 2094 2558 2138 et
2587 2083 2899 2151 conscripta
2923 2121 2938 2146 ,
2965 2090 3019 2136 et
3049 2080 3280 2150 apostoli
3316 2079 3461 2132 laudi

1897 2188 2025 2232 sunt
2056 2178 2329 2231 dedicata.
2368 2176 2553 2229 Tanta:
2574 2176 2731 2229 nobis
2762 2175 2962 2231 laetitia
2992 2188 3151 2227 causa
3171 2181 3255 2227 est
3292 2171 3461 2227 hodie

1898 2271 2159 2324 Thomas.
2186 2268 2287 2321 Per
2320 2282 2483 2336 quem
2516 2268 2680 2321 etiam
2720 2266 2974 2321 Indorum
3000 2265 3250 2319 barbara:
3275 2271 3466 2335 gentes

1899 2362 2217 2416 didicerunt
2256 2375 2377 2414 eam
2419 2359 2585 2422 viam,
2619 2373 2739 2425 qua:
2763 2357 2869 2411 {ert
2895 2358 2960 2411 ad
2998 2356 3166 2411 caelos
3197 2372 3211 2411 :
3237 2365 3293 2410 et
3325 2372 3467 2425 quo-

1906 2468 2026 2505 rum
2064 2466 2295 2520 corpora
2344 2463 2500 2503 erant
2557 2449 2690 2503 solis
2726 2449 2893 2502 radiis
2924 2449 3229 2518 denigrata,
3267 2461 3461 2503 evase-

1902 2551 2029 2596 runt
2052 2540 2298 2595 candidis
2326 2541 2571 2608 lmtisque
2601 2549 2655 2593 et
2689 2539 2963 2593 alacribus
3010 2538 3208 2592 animis
3231 2579 3246 2603 ,
3280 2536 3373 2607 qui
3408 2537 3462 2589 in

1904 2630 2316 2701 intelligentiam
2347 2631 2510 2693 cadit,
2550 2630 2665 2683 sole
2700 2644 2835 2699 pure
2868 2644 2931 2682 ac
2960 2628 3201 2682 suaviter
3233 2628 3314 2681 cis
3340 2626 3465 2680 illu-

1899 2732 2151 2777 cescente
2185 2737 2197 2772 :
2226 2721 2289 2774 ad
2323 2721 2551 2791 gloriam
2598 2720 2776 2773 Patris
2806 2758 2820 2782 ,
2850 2730 2906 2774 et
2938 2718 3083 2784 Filii,
3127 2726 3183 2774 et
3227 2717 3469 2788 Spiritus

1900 2815 2116 2878 Sancti,
2152 2815 2334 2875 unius,
2372 2822 2428 2867 et
2461 2828 2582 2883 qua:
2609 2812 2780 2867 dividi
2813 2826 2922 2865 non
2959 2820 3158 2881 potest,
3195 2810 3460 2865 divinita-

1903 2905 1974 2958 tis
2015 2921 2029 2958 :
2062 2919 2227 2973 quam
2260 2903 2419 2957 decet
2444 2903 2652 2972 gloria,
2688 2902 2865 2955 honor
2902 2911 2958 2956 et
3004 2900 3250 2957 adoratio
3292 2915 3462 2964 nunc,

1905 3010 2141 3066 semper,
2178 3004 2231 3049 et
2261 2997 2313 3048 in
2344 2994 2541 3048 secula
2570 2993 2918 3049 saeculorum.
2957 2990 3151 3047 Amen.

656 3311 1292 3398 ΜΑΡΤΥΡΙΟΝ
1370 3310 1593 3395 ΤΩΝ
1668 3306 2000 3393 ΑΓΙΩΝ
2082 3305 2272 3390 ΔΕΒ

1831 3306 2000 3391 [ΩΝ
2082 3305 2378 3391 ΔΕΚΑ
2452 3304 3041 3392 ΜΑΡΤΥΡΩΝ

1239 3504 1539 3618 ΤΩΝ
1618 3504 1816 3617 ΕΝ
1895 3500 2459 3613 ΚΡΗἹῊ.

524 3901 1382 4021 MARTYBIUM
1474 3900 1675 4013 SS.
1775 3896 2249 4010 DECEM
2342 3891 3154 4007 MARTYRUM

1011 4141 1218 4243 QUI
1302 4141 1427 4227 IN
1508 4136 1879 4225 CRISTA
1962 4132 2268 4220 PASSI
2348 4131 2700 4221 SUN'I‘.

534 4340 728 4398 (Grece
751 4338 878 4398 apud
900 4335 1202 4408 Cornelium,
1224 4336 1367 4384 Creta
1386 4344 1545 4391 sacra,
1573 4332 1623 4379 ι·
1649 4327 1872 4379 Venetiis
1900 4328 1954 4377 17
1966 4329 2053 4385 lii;
2076 4326 2247 4377 Latine
2271 4329 2397 4387 apud
2425 4325 2619 4379 Surium
2639 4327 2698 4376 ad
2722 4325 2781 4374 23
2808 4328 3134 4393 Decembris.)

311 4636 393 4692 A'.
434 4634 628 4693 ’Δλὶος
664 4631 765 4699 μιν
790 4630 918 4683 ἄλλο
956 4646 1004 4682 τι
1031 4632 1129 4699 τῆς
1159 4629 1530 4699 θρυλουμένης
1564 4627 1806 4689 διεξιέτω
1834 4626 1879 4688 C
1988 4624 2029 4678 Ι.
2063 4626 2215 4679 Alius
2238 4638 2271 4690 q

1834 4626 1879 4688 ο
1988 4624 2029 4678 i.
2063 4626 2215 4679 Alius
2238 4622 2462 4690 quidem
2510 4621 2715 4690 aliquid
2765 4622 2910 4676 aliud
2962 4632 3323 4693 persequatur
3352 4640 3473 4679 ora-

238 4730 492 4797 Κρήτης,
513 4726 542 4776 6
565 4725 665 4790 μὲν
695 4723 756 4775 τδ
784 4724 1001 4785 κάλλος,
1024 4724 1051 4775 6
1077 4723 1133 4776 δὲ
1164 4726 1223 4775 τὸ
1250 4721 1500 4791 μέγεθος,
1532 4721 1627 4772 καὶ
1654 4723 1680 4771 ὁ
1708 4718 1808 4787 μὲν

240 4821 403 4886 τείχη
438 4815 534 4868 καὶ
564 4814 813 4882 λιμένας,
837 4816 863 4865 6
892 4813 951 4865 δὲ
976 4812 1083 4865 τῶν
1110 4813 1269 4879 ὡρῶν
1288 4815 1386 4883 τὴν
1408 4814 1603 4883 κρᾶσιν
1637 4814 1724 4863 καὶ
1750 4811 1809 4863 τὸ

238 4912 351 4965 τῶν
374 4906 608 4979 καρπῶν
637 4904 907 4974 εῦφορον-
959 4905 1070 4971 ἐγὼ
1116 4905 1171 4958 δὲ
1199 4904 1226 4957 ὃ
1277 4906 1452 4957 πάντα
1490 4903 1655 4957 τᾶλλα
1684 4902 1809 4970 νικᾷ

240 5002 334 5053 καὶ
368 5000 437 5069 ἣν
472 4999 640 5067 μόνην
671 4996 830 5061 ἀξίαν
859 4997 1070 5064 εἴποιμι
1117 4995 1219 5048 τοῦ.
1241 4995 1445 5064 ταύτης
1474 4992 1810 5065 δημιουργοῦ
1831 4993 1844 5023 ’-

240 5094 441 5162 φτρὰ),
474 5088 684 5159 ταύτην
733 5087 841 5158 πρὸ
863 5088 973 5139 τῶν
1000 5087 1176 5140 ἄλλων
1223 5087 1361 5157 ἐρῶ.
1412 5085 1505 5146 Τις
1530 5084 1587 5137 δὲ
1606 5078 1761 5144 οὗτος
1782 5086 1809 5134 ό

243 5182 457 5250 rapam;
499 5180 595 5231 xui.
650 5176 737 5239 τίς
764 5178 793 5229 6
823 5175 1077 5237 τοσοῦτος
1111 5173 1211 5242 τῆς
1240 5175 1406 5242 νήσου
1437 5172 1670 5238 κόσμος;
1712 5168 1810 5244 Τίς

241 5277 429 5343 lup);
457 5271 489 5339 ἢ
514 5272 542 5323 6
572 5270 719 5331 θεῖος
740 5268 851 5319 τῶν
886 5267 1183 5337 μαρτύρων
1207 5264 1389 5335 χορὸς,
1422 5265 1451 5316 6
1480 5262 1806 5331 ἐπαινούμε-

243 5381 335 5425 νος
369 5361 628 5433 ἀριθμὸς,
687 5360 748 5412 τὸ
795 5360 1015 5413 πάντων
1068 5358 1167 5428 μὲν
1227 5358 1519 5425 θεαμάτων
1571 5356 1809 5425 ἥδιστον,

244 5456 469 5509 πὶντων
506 5453 565 5507 δὲ
626 5453 991 5519 ἀκουσμάτων
1050 5449 1507 5519 ὠφελιμώτατονς
1556 5449 1605 5499 οἱ
1656 5446 1809 5505 δέκα,

244 5546 410 5618 φημὶ,
472 5543 568 5597 τοῦ
614 5543 855 5596 Χριστοῦ
908 5543 1316 5611 στεφανῐται,οἱ
1346 5542 1409 5593 ἐκ
1466 5538 1672 5605 ταύτης
1710 5537 1809 5607 μὲν

245 5636 626 5705 πρῡελοὸντες,
654 5635 1011 5700 γενναιότατα
1035 5632 1092 5685 δὲ
1125 5634 1218 5685 καὶ
1244 5632 1384 5702 ὑπὲρ
1417 5628 1651 5698 Xennii
1674 5645 1811 5697 μαρ-

244 5729 610 5799 πρήσαντες,
644 5727 692 5780 οἳ
724 5728 817 5779 καὶ
840 5726 983 5778 καλά
1014 5742 1076 5793 γι
1116 5726 1283 5787 ὅντως
1320 5722 1689 5778 ἀποδεδώκασι
1744 5719 1811 5771 τὰ

248 5824 477 5891 τροῗεῖα
512 5821 674 5890 τιμῆς
718 5820 847 5888 ὅσης
898 5819 1066 5888 αὐτὴν
1094 5817 1424 5884 ἀξιώσαντες
1455 5816 1514 5868 τδ
1549 5831 1809 5884 μίμνω·

1913 4715 2080 4779 tione,
2122 4715 2268 4768 illius
2301 4729 2422 4783 quae
2452 4714 2612 4783 vulgo
2632 4714 2886 4783 jactatur,
2917 4712 3125 4779 Creta;
3181 4715 3321 4770 alius
3348 4719 3471 4786 qui-

1912 4807 2036 4859 dem
2076 4804 2564 4875 pulchritudinem,
2613 4804 2752 4857 alius
2779 4820 2908 4858 vero
2939 4805 3387 4874 magnitudinem,
3418 4819 3473 4861 et

1910 4896 2049 4948 alius
2078 4894 2302 4962 quidem
2334 4893 2533 4946 moenia
2582 4905 2638 4948 et
2671 4905 2881 4963 portus,
2911 4897 3052 4950 alius
3109 4906 3293 4951 autem
3329 4903 3472 4953 aeris

1913 4986 2361 5054 temperationem
2393 4994 2448 5039 et
2482 4985 2756 5038 fructuum
2807 4986 3163 5041 fertilitatem.
3199 4988 3311 5059 Ego
3341 5002 3471 5049 vero

1913 5082 1985 5145 id,
2010 5079 2155 5148 quod
2185 5080 2289 5134 alia
2339 5080 2513 5133 vincit
2556 5079 2768 5145 omnia,
2825 5090 2882 5134 et
2929 5095 3091 5149 quam
3136 5080 3304 5135 solam
3352 5085 3472 5151 eius

1910 5171 2102 5240 opilice
2165 5170 2380 5241 dignam
2431 5170 2661 5224 dixerim
2712 5171 3069 5235 feracitatem,
3123 5186 3249 5225 eam
3292 5172 3465 5227 dicam

1910 5272 2035 5316 ante
2066 5261 2189 5315 alia.
2217 5261 2474 5327 Quisnam
2513 5270 2597 5315 est
2627 5263 2716 5316 hic
2746 5262 2975 5324 fructus,
3005 5270 3060 5316 et
3086 5261 3359 5330 quodnam
3384 5275 3473 5319 est

1913 5362 2121 5405 tantum
2148 5350 2342 5403 insulae
2372 5352 2793 5405 ornamentum?
2824 5350 2967 5415 Quid
3012 5350 3187 5414 aliud.
3236 5352 3344 5407 nisi
3383 5353 3472 5407 die

1911 5444 2074 5496 vinus
2092 5442 2296 5495 chorus
2341 5454 2660 5513 martyrum,
2699 5454 2752 5495 et
2788 5442 2879 5511 qui
2914 5442 3165 5497 laudatur
3192 5459 3471 5505 numerus.

1912 5546 1967 5590 et
1991 5536 2135 5604 quod
2170 5537 2410 5589 omnium
2444 5536 2660 5602 quidem
2694 5545 2777 5588 est
2821 5536 3252 5605 spectaculorum
3279 5538 3473 5605 jucun-

1913 5629 2218 5689 dissimum,
2251 5642 2317 5680 ac
2367 5634 2735 5680 acroamatum
2788 5628 3030 5681 omnium
3086 5628 3478 5682 utilissimum?

1916 5721 2131 5782 Decem,
2165 5720 2409 5788 inquam,
2472 5719 2549 5771 illi
2583 5732 2682 5788 pro
2728 5717 2946 5773 Christo
2980 5717 3223 5788 martyrii
3260 5721 3480 5773 coronis

1912 5813 2147 5870 cedimiti
2193 5813 2331 5881 :qui
2384 5826 2446 5865 ex
2483 5827 2545 5866 ea
2594 5810 2813 5881 quidem
2854 5820 3257 5879 processuum.
3294 5811 3470 5863 fortis»
