  <div class='ocr_page' id='page_1' title='image "/cluster/home/n/w/nwhite01/storage/ocr_20150623/116/nnc1.0046980156/323.png"; bbox 0 0 4252 6440; ppageno 0'>
   <div class='ocr_carea' id='block_1_1' title="bbox 780 373 884 434">
    <p class='ocr_par' dir='ltr' id='par_1_1' title="bbox 780 373 884 434">
     <span class='ocr_line' id='line_1_1' title="bbox 780 373 884 434; baseline 0.048 -6"><span class='ocrx_word' id='word_1_1' title='bbox 780 373 884 434; x_wconf 81' lang='lat'><strong>563</strong></span> 
     </span>
    </p>
   </div>
   <div class='ocr_carea' id='block_1_2' title="bbox 1996 373 2753 440">
    <p class='ocr_par' dir='ltr' id='par_1_2' title="bbox 1996 373 2753 440">
     <span class='ocr_line' id='line_1_2' title="bbox 1996 373 2753 440; baseline 0.008 -7"><span class='ocrx_word' id='word_1_2' title='bbox 1996 373 2282 434; x_wconf 76' lang='lat' dir='ltr'><strong>MENSIS</strong></span> <span class='ocrx_word' id='word_1_3' title='bbox 2326 375 2573 435; x_wconf 78' lang='lat' dir='ltr'><strong>DECEM</strong></span> <span class='ocrx_word' id='word_1_4' title='bbox 2586 378 2753 440; x_wconf 77' lang='lat' dir='ltr'><strong>BER.</strong></span> 
     </span>
    </p>
   </div>
   <div class='ocr_carea' id='block_1_3' title="bbox 3924 370 4047 439">
    <p class='ocr_par' dir='ltr' id='par_1_3' title="bbox 3924 370 4047 439">
     <span class='ocr_line' id='line_1_3' title="bbox 3924 370 4047 439; baseline 0 -4"><span class='ocrx_word' id='word_1_5' title='bbox 3924 370 4047 439; x_wconf 68' lang='grc' dir='ltr'><strong>δδι</strong></span> 
     </span>
    </p>
   </div>
   <div class='ocr_carea' id='block_1_4' title="bbox 781 482 4048 556">
    <p class='ocr_par' dir='ltr' id='par_1_4' title="bbox 781 482 4048 556">
     <span class='ocr_line' id='line_1_4' title="bbox 781 482 4048 556; baseline -0.002 -14"><span class='ocrx_word' id='word_1_6' title='bbox 781 490 1022 549; x_wconf 82' lang='lat' dir='ltr'><strong>rabatnr,</strong></span> <span class='ocrx_word' id='word_1_7' title='bbox 1051 492 1109 539; x_wconf 89' lang='lat' dir='ltr'><strong>et</strong></span> <span class='ocrx_word' id='word_1_8' title='bbox 1140 483 1435 554; x_wconf 84' lang='lat' dir='ltr'><strong>diligenter</strong></span> <span class='ocrx_word' id='word_1_9' title='bbox 1470 482 1698 539; x_wconf 90' lang='lat' dir='ltr'><strong>curabat</strong></span> <span class='ocrx_word' id='word_1_10' title='bbox 1725 485 1860 538; x_wconf 88' lang='lat' dir='ltr'><strong>retia</strong></span> <span class='ocrx_word' id='word_1_11' title='bbox 1883 527 1896 548; x_wconf 94' lang='lat'><strong>,</strong></span> <span class='ocrx_word' id='word_1_12' title='bbox 1928 494 1985 538; x_wconf 89' lang='lat' dir='ltr'><strong>et</strong></span> <span class='ocrx_word' id='word_1_13' title='bbox 2016 500 2074 538; x_wconf 86' lang='lat' dir='ltr'><strong>se</strong></span> <span class='ocrx_word' id='word_1_14' title='bbox 2102 484 2335 553; x_wconf 86' lang='lat' dir='ltr'><strong>paratis-</strong></span> <span class='ocrx_word' id='word_1_15' title='bbox 2367 489 2414 546; x_wconf 75' lang='grc' dir='ltr'>Α</span> <span class='ocrx_word' id='word_1_16' title='bbox 2441 484 2604 555; x_wconf 89' lang='lat' dir='ltr'><strong>longo</strong></span> <span class='ocrx_word' id='word_1_17' title='bbox 2635 497 2881 556; x_wconf 90' lang='lat' dir='ltr'><strong>tempore</strong></span> <span class='ocrx_word' id='word_1_18' title='bbox 2921 487 3241 541; x_wconf 83' lang='lat' dir='ltr'><strong>confirmata</strong></span> <span class='ocrx_word' id='word_1_19' title='bbox 3266 526 3280 550; x_wconf 92' lang='lat'><strong>,</strong></span> <span class='ocrx_word' id='word_1_20' title='bbox 3318 485 3607 541; x_wconf 85' lang='lat' dir='ltr'><strong>inducebat</strong></span> <span class='ocrx_word' id='word_1_21' title='bbox 3654 482 4048 539; x_wconf 83' lang='lat' dir='ltr'><strong>consuetudi-</strong></span> 
     </span>
    </p>
   </div>
   <div class='ocr_carea' id='block_1_5' title="bbox 781 573 2339 643">
    <p class='ocr_par' dir='ltr' id='par_1_5' title="bbox 781 573 2339 643">
     <span class='ocr_line' id='line_1_5' title="bbox 781 573 2339 643; baseline -0.003 -11"><span class='ocrx_word' id='word_1_22' title='bbox 781 582 978 633; x_wconf 74' lang='lat' dir='ltr'><strong>simum</strong></span> <span class='ocrx_word' id='word_1_23' title='bbox 1032 573 1355 629; x_wconf 88' lang='lat' dir='ltr'><strong>ostendebat</strong></span> <span class='ocrx_word' id='word_1_24' title='bbox 1411 573 1477 627; x_wconf 93' lang='lat' dir='ltr'><strong>ad</strong></span> <span class='ocrx_word' id='word_1_25' title='bbox 1528 573 1916 629; x_wconf 90' lang='lat' dir='ltr'><strong>obediendum.</strong></span> <span class='ocrx_word' id='word_1_26' title='bbox 1990 573 2339 643; x_wconf 77' lang='lat' dir='ltr'><strong>Expenientia</strong></span> 
     </span>
    </p>
   </div>
   <div class='ocr_carea' id='block_1_6' title="bbox 780 664 2339 735">
    <p class='ocr_par' dir='ltr' id='par_1_6' title="bbox 780 664 2339 735">
     <span class='ocr_line' id='line_1_6' title="bbox 780 664 2339 735; baseline -0.003 -12"><span class='ocrx_word' id='word_1_27' title='bbox 780 670 926 724; x_wconf 89' lang='lat' dir='ltr'><strong>enim</strong></span> <span class='ocrx_word' id='word_1_28' title='bbox 950 668 1219 721; x_wconf 91' lang='lat' dir='ltr'><strong>didicerat</strong></span> <span class='ocrx_word' id='word_1_29' title='bbox 1253 668 1319 720; x_wconf 86' lang='lat' dir='ltr'><strong>iis</strong></span> <span class='ocrx_word' id='word_1_30' title='bbox 1348 666 1596 731; x_wconf 85' lang='lat' dir='ltr'><strong>credere,</strong></span> <span class='ocrx_word' id='word_1_31' title='bbox 1626 682 1746 735; x_wconf 67' lang='lat' dir='ltr'><strong>quae</strong></span> <span class='ocrx_word' id='word_1_32' title='bbox 1777 666 1918 719; x_wconf 88' lang='lat' dir='ltr'><strong>Deus</strong></span> <span class='ocrx_word' id='word_1_33' title='bbox 1952 664 2119 719; x_wconf 87' lang='lat' dir='ltr'><strong>fuerit</strong></span> <span class='ocrx_word' id='word_1_34' title='bbox 2144 680 2339 732; x_wconf 89' lang='lat' dir='ltr'><strong>opera-</strong></span> 
     </span>
    </p>
   </div>
   <div class='ocr_carea' id='block_1_7' title="bbox 784 756 2340 826">
    <p class='ocr_par' dir='ltr' id='par_1_7' title="bbox 784 756 2340 826">
     <span class='ocr_line' id='line_1_7' title="bbox 784 756 2340 826; baseline -0.003 -13"><span class='ocrx_word' id='word_1_35' title='bbox 784 774 869 814; x_wconf 85' lang='lat' dir='ltr'><strong>tus</strong></span> <span class='ocrx_word' id='word_1_36' title='bbox 909 780 920 811; x_wconf 85' lang='lat'><strong>:</strong></span> <span class='ocrx_word' id='word_1_37' title='bbox 958 771 1012 812; x_wconf 85' lang='lat' dir='ltr'><strong>et</strong></span> <span class='ocrx_word' id='word_1_38' title='bbox 1046 759 1171 813; x_wconf 87' lang='lat' dir='ltr'><strong>ideo</strong></span> <span class='ocrx_word' id='word_1_39' title='bbox 1206 775 1310 812; x_wconf 87' lang='lat' dir='ltr'><strong>una</strong></span> <span class='ocrx_word' id='word_1_40' title='bbox 1344 756 1673 826; x_wconf 84' lang='lat' dir='ltr'><strong>navigabat,</strong></span> <span class='ocrx_word' id='word_1_41' title='bbox 1706 765 1761 810; x_wconf 90' lang='lat' dir='ltr'><strong>et</strong></span> <span class='ocrx_word' id='word_1_42' title='bbox 1802 756 1964 810; x_wconf 87' lang='lat' dir='ltr'><strong>simul</strong></span> <span class='ocrx_word' id='word_1_43' title='bbox 2009 757 2340 825; x_wconf 77' lang='lat' dir='ltr'><strong>Operaliatur</strong></span> 
     </span>
    </p>
   </div>
   <div class='ocr_carea' id='block_1_8' title="bbox 782 851 1296 918">
    <p class='ocr_par' dir='ltr' id='par_1_8' title="bbox 782 851 1296 918">
     <span class='ocr_line' id='line_1_8' title="bbox 782 851 1296 918; baseline -0.002 -16"><span class='ocrx_word' id='word_1_44' title='bbox 782 867 902 903; x_wconf 69' lang='lat' dir='ltr'><strong>cum</strong></span> <span class='ocrx_word' id='word_1_45' title='bbox 937 851 1216 918; x_wconf 69' lang='lat' dir='ltr'><strong>discipulis</strong></span> <span class='ocrx_word' id='word_1_46' title='bbox 1255 851 1296 901; x_wconf 75' lang='grc'><strong>⁵.</strong></span> 
     </span>
    </p>
   </div>
   <div class='ocr_carea' id='block_1_9' title="bbox 853 936 2340 1007">
    <p class='ocr_par' dir='ltr' id='par_1_9' title="bbox 853 936 2340 1007">
     <span class='ocr_line' id='line_1_9' title="bbox 853 936 2340 1007; baseline -0.001 -17"><span class='ocrx_word' id='word_1_47' title='bbox 853 937 961 991; x_wconf 76' lang='lat' dir='ltr'><strong>\‘ll.</strong></span> <span class='ocrx_word' id='word_1_48' title='bbox 994 940 1127 991; x_wconf 82' lang='lat' dir='ltr'><strong>Cum</strong></span> <span class='ocrx_word' id='word_1_49' title='bbox 1163 945 1347 991; x_wconf 86' lang='lat' dir='ltr'><strong>autem</strong></span> <span class='ocrx_word' id='word_1_50' title='bbox 1375 937 1481 1007; x_wconf 76' lang='lat' dir='ltr'><strong>jam</strong></span> <span class='ocrx_word' id='word_1_51' title='bbox 1516 937 1727 990; x_wconf 91' lang='lat' dir='ltr'><strong>adesset</strong></span> <span class='ocrx_word' id='word_1_52' title='bbox 1761 948 1973 1006; x_wconf 90' lang='lat' dir='ltr'><strong>tempus</strong></span> <span class='ocrx_word' id='word_1_53' title='bbox 1999 936 2340 1003; x_wconf 75' lang='lat' dir='ltr'><strong>Assumptio-</strong></span> 
     </span>
    </p>
   </div>
   <div class='ocr_carea' id='block_1_10' title="bbox 782 1030 2341 1098">
    <p class='ocr_par' dir='ltr' id='par_1_10' title="bbox 782 1030 2341 1098">
     <span class='ocr_line' id='line_1_10' title="bbox 782 1030 2341 1098; baseline 0 -16"><span class='ocrx_word' id='word_1_54' title='bbox 782 1048 885 1095; x_wconf 70' lang='lat' dir='ltr'><strong>nis=</strong></span> <span class='ocrx_word' id='word_1_55' title='bbox 917 1047 1025 1098; x_wconf 89' lang='lat' dir='ltr'><strong>quo</strong></span> <span class='ocrx_word' id='word_1_56' title='bbox 1054 1046 1177 1083; x_wconf 89' lang='lat' dir='ltr'><strong>cum</strong></span> <span class='ocrx_word' id='word_1_57' title='bbox 1211 1047 1277 1084; x_wconf 91' lang='lat' dir='ltr'><strong>eo</strong></span> <span class='ocrx_word' id='word_1_58' title='bbox 1299 1031 1443 1098; x_wconf 87' lang='lat' dir='ltr'><strong>quod</strong></span> <span class='ocrx_word' id='word_1_59' title='bbox 1476 1046 1538 1083; x_wconf 81' lang='lat' dir='ltr'><strong>ex</strong></span> <span class='ocrx_word' id='word_1_60' title='bbox 1569 1030 1729 1083; x_wconf 91' lang='lat' dir='ltr'><strong>nobis</strong></span> <span class='ocrx_word' id='word_1_61' title='bbox 1757 1039 2145 1098; x_wconf 89' lang='lat' dir='ltr'><strong>assumpserat,</strong></span> <span class='ocrx_word' id='word_1_62' title='bbox 2177 1044 2341 1097; x_wconf 88' lang='lat' dir='ltr'><strong>opor-</strong></span> 
     </span>
    </p>
   </div>
   <div class='ocr_carea' id='block_1_11' title="bbox 784 1120 2341 1191">
    <p class='ocr_par' dir='ltr' id='par_1_11' title="bbox 784 1120 2341 1191">
     <span class='ocr_line' id='line_1_11' title="bbox 784 1120 2341 1191; baseline 0.001 -16"><span class='ocrx_word' id='word_1_63' title='bbox 784 1122 926 1176; x_wconf 88' lang='lat' dir='ltr'><strong>tebat</strong></span> <span class='ocrx_word' id='word_1_64' title='bbox 956 1125 1231 1177; x_wconf 86' lang='lat' dir='ltr'><strong>Christum</strong></span> <span class='ocrx_word' id='word_1_65' title='bbox 1269 1124 1561 1181; x_wconf 78' lang='lat' dir='ltr'><strong>ascendere</strong></span> <span class='ocrx_word' id='word_1_66' title='bbox 1592 1123 1656 1176; x_wconf 91' lang='lat' dir='ltr'><strong>ad</strong></span> <span class='ocrx_word' id='word_1_67' title='bbox 1708 1124 1919 1177; x_wconf 83' lang='lat' dir='ltr'><strong>Patrem</strong></span> <span class='ocrx_word' id='word_1_68' title='bbox 1949 1164 1960 1183; x_wconf 95' lang='lat'><strong>,</strong></span> <span class='ocrx_word' id='word_1_69' title='bbox 1995 1124 2110 1191; x_wconf 87' lang='lat' dir='ltr'><strong>ipso</strong></span> <span class='ocrx_word' id='word_1_70' title='bbox 2155 1120 2341 1176; x_wconf 90' lang='lat' dir='ltr'><strong>educit</strong></span> 
     </span>
    </p>
   </div>
   <div class='ocr_carea' id='block_1_12' title="bbox 786 1214 2340 1285">
    <p class='ocr_par' dir='ltr' id='par_1_12' title="bbox 786 1214 2340 1285">
     <span class='ocr_line' id='line_1_12' title="bbox 786 1214 2340 1285; baseline 0.002 -21"><span class='ocrx_word' id='word_1_71' title='bbox 786 1226 985 1285; x_wconf 79' lang='lat' dir='ltr'><strong>mystas</strong></span> <span class='ocrx_word' id='word_1_72' title='bbox 1030 1227 1179 1269; x_wconf 76' lang='lat' dir='ltr'><strong>extra</strong></span> <span class='ocrx_word' id='word_1_73' title='bbox 1238 1215 1552 1269; x_wconf 88' lang='lat' dir='ltr'><strong>Bethaniam</strong></span> <span class='ocrx_word' id='word_1_74' title='bbox 1617 1231 1787 1284; x_wconf 89' lang='lat' dir='ltr'><strong>usque</strong></span> <span class='ocrx_word' id='word_1_75' title='bbox 1835 1214 1900 1266; x_wconf 87' lang='lat' dir='ltr'><strong>ad</strong></span> <span class='ocrx_word' id='word_1_76' title='bbox 1930 1214 2241 1279; x_wconf 74' lang='lat' dir='ltr'><strong>Olivetum;</strong></span> <span class='ocrx_word' id='word_1_77' title='bbox 2286 1223 2340 1267; x_wconf 83' lang='lat' dir='ltr'><strong>et</strong></span> 
     </span>
    </p>
   </div>
   <div class='ocr_carea' id='block_1_13' title="bbox 783 1306 2339 1375">
    <p class='ocr_par' dir='ltr' id='par_1_13' title="bbox 783 1306 2339 1375">
     <span class='ocr_line' id='line_1_13' title="bbox 783 1306 2339 1375; baseline -0.001 -16"><span class='ocrx_word' id='word_1_78' title='bbox 783 1308 891 1359; x_wconf 87' lang='lat' dir='ltr'><strong>illic</strong></span> <span class='ocrx_word' id='word_1_79' title='bbox 936 1306 1001 1359; x_wconf 92' lang='lat' dir='ltr'><strong>de</strong></span> <span class='ocrx_word' id='word_1_80' title='bbox 1034 1321 1091 1359; x_wconf 87' lang='lat' dir='ltr'><strong>se</strong></span> <span class='ocrx_word' id='word_1_81' title='bbox 1133 1308 1428 1372; x_wconf 79' lang='lat' dir='ltr'><strong>disserens,</strong></span> <span class='ocrx_word' id='word_1_82' title='bbox 1464 1317 1517 1360; x_wconf 91' lang='lat' dir='ltr'><strong>et</strong></span> <span class='ocrx_word' id='word_1_83' title='bbox 1551 1322 1613 1359; x_wconf 65' lang='lat' dir='ltr'><strong>ex</strong></span> <span class='ocrx_word' id='word_1_84' title='bbox 1645 1306 1947 1375; x_wconf 87' lang='lat' dir='ltr'><strong>Scripturis</strong></span> <span class='ocrx_word' id='word_1_85' title='bbox 2001 1306 2339 1374; x_wconf 87' lang='lat' dir='ltr'><strong>conjungens</strong></span> 
     </span>
    </p>
   </div>
   <div class='ocr_carea' id='block_1_14' title="bbox 781 1398 2339 1462">
    <p class='ocr_par' dir='ltr' id='par_1_14' title="bbox 781 1398 2339 1462">
     <span class='ocr_line' id='line_1_14' title="bbox 781 1398 2339 1462; baseline -0.003 -10"><span class='ocrx_word' id='word_1_86' title='bbox 781 1401 1114 1462; x_wconf 81' lang='lat' dir='ltr'><strong>testimonia,</strong></span> <span class='ocrx_word' id='word_1_87' title='bbox 1152 1416 1273 1453; x_wconf 90' lang='lat' dir='ltr'><strong>cum</strong></span> <span class='ocrx_word' id='word_1_88' title='bbox 1311 1408 1365 1453; x_wconf 92' lang='lat' dir='ltr'><strong>et</strong></span> <span class='ocrx_word' id='word_1_89' title='bbox 1392 1414 1573 1454; x_wconf 86' lang='lat' dir='ltr'><strong>coram</strong></span> <span class='ocrx_word' id='word_1_90' title='bbox 1610 1400 1692 1452; x_wconf 89' lang='lat' dir='ltr'><strong>eis</strong></span> <span class='ocrx_word' id='word_1_91' title='bbox 1727 1398 2076 1457; x_wconf 86' lang='lat' dir='ltr'><strong>comedisset,</strong></span> <span class='ocrx_word' id='word_1_92' title='bbox 2118 1406 2171 1451; x_wconf 93' lang='lat' dir='ltr'><strong>et</strong></span> <span class='ocrx_word' id='word_1_93' title='bbox 2208 1412 2339 1450; x_wconf 87' lang='lat' dir='ltr'><strong>con-</strong></span> 
     </span>
    </p>
   </div>
   <div class='ocr_carea' id='block_1_15' title="bbox 781 1489 2339 1558">
    <p class='ocr_par' dir='ltr' id='par_1_15' title="bbox 781 1489 2339 1558">
     <span class='ocr_line' id='line_1_15' title="bbox 781 1489 2339 1558; baseline -0.001 -14"><span class='ocrx_word' id='word_1_94' title='bbox 781 1492 1049 1546; x_wconf 80' lang='lat' dir='ltr'><strong>firmasset</strong></span> <span class='ocrx_word' id='word_1_95' title='bbox 1087 1507 1144 1545; x_wconf 87' lang='lat' dir='ltr'><strong>se</strong></span> <span class='ocrx_word' id='word_1_96' title='bbox 1176 1508 1283 1545; x_wconf 92' lang='lat' dir='ltr'><strong>non</strong></span> <span class='ocrx_word' id='word_1_97' title='bbox 1318 1507 1437 1545; x_wconf 87' lang='lat' dir='ltr'><strong>esse</strong></span> <span class='ocrx_word' id='word_1_98' title='bbox 1467 1492 1744 1558; x_wconf 81' lang='lat' dir='ltr'><strong>spiritum,</strong></span> <span class='ocrx_word' id='word_1_99' title='bbox 1770 1501 1827 1544; x_wconf 90' lang='lat' dir='ltr'><strong>ut</strong></span> <span class='ocrx_word' id='word_1_100' title='bbox 1863 1492 1962 1558; x_wconf 90' lang='lat' dir='ltr'><strong>ipsi</strong></span> <span class='ocrx_word' id='word_1_101' title='bbox 1995 1489 2339 1543; x_wconf 59' lang='lat' dir='ltr'><strong>existimave—</strong></span> 
     </span>
    </p>
   </div>
   <div class='ocr_carea' id='block_1_16' title="bbox 791 1581 2339 1647">
    <p class='ocr_par' dir='ltr' id='par_1_16' title="bbox 791 1581 2339 1647">
     <span class='ocr_line' id='line_1_16' title="bbox 791 1581 2339 1647; baseline -0.001 -12"><span class='ocrx_word' id='word_1_102' title='bbox 791 1595 930 1647; x_wconf 77' lang='lat' dir='ltr'><strong>rant,</strong></span> <span class='ocrx_word' id='word_1_103' title='bbox 955 1594 1010 1636; x_wconf 91' lang='lat' dir='ltr'><strong>et</strong></span> <span class='ocrx_word' id='word_1_104' title='bbox 1039 1583 1233 1636; x_wconf 88' lang='lat' dir='ltr'><strong>deinde</strong></span> <span class='ocrx_word' id='word_1_105' title='bbox 1268 1584 1480 1636; x_wconf 85' lang='lat' dir='ltr'><strong>sublata</strong></span> <span class='ocrx_word' id='word_1_106' title='bbox 1514 1597 1674 1634; x_wconf 82' lang='lat' dir='ltr'><strong>manu</strong></span> <span class='ocrx_word' id='word_1_107' title='bbox 1714 1582 1793 1635; x_wconf 85' lang='lat' dir='ltr'><strong>eis</strong></span> <span class='ocrx_word' id='word_1_108' title='bbox 1820 1582 2134 1634; x_wconf 87' lang='lat' dir='ltr'><strong>immisisset</strong></span> <span class='ocrx_word' id='word_1_109' title='bbox 2169 1581 2339 1634; x_wconf 87' lang='lat' dir='ltr'><strong>bene-</strong></span> 
     </span>
    </p>
   </div>
   <div class='ocr_carea' id='block_1_17' title="bbox 782 1668 2339 1742">
    <p class='ocr_par' dir='ltr' id='par_1_17' title="bbox 782 1668 2339 1742">
     <span class='ocr_line' id='line_1_17' title="bbox 782 1668 2339 1742; baseline -0.004 -16"><span class='ocrx_word' id='word_1_110' title='bbox 782 1676 1100 1737; x_wconf 74' lang='lat' dir='ltr'><strong>dictionem,</strong></span> <span class='ocrx_word' id='word_1_111' title='bbox 1130 1674 1218 1726; x_wconf 87' lang='lat' dir='ltr'><strong>ille</strong></span> <span class='ocrx_word' id='word_1_112' title='bbox 1248 1671 1468 1742; x_wconf 80' lang='lat' dir='ltr'><strong>quidem</strong></span> <span class='ocrx_word' id='word_1_113' title='bbox 1503 1670 1743 1725; x_wconf 74' lang='lat' dir='ltr'><strong>ascendit</strong></span> <span class='ocrx_word' id='word_1_114' title='bbox 1783 1672 1837 1721; x_wconf 90' lang='lat' dir='ltr'><strong>in</strong></span> <span class='ocrx_word' id='word_1_115' title='bbox 1866 1669 2056 1731; x_wconf 76' lang='lat' dir='ltr'><strong>cmlos;</strong></span> <span class='ocrx_word' id='word_1_116' title='bbox 2084 1668 2216 1736; x_wconf 83' lang='lat' dir='ltr'><strong>ipsis</strong></span> <span class='ocrx_word' id='word_1_117' title='bbox 2244 1684 2339 1720; x_wconf 88' lang='lat' dir='ltr'><strong>au-</strong></span> 
     </span>
    </p>
   </div>
   <div class='ocr_carea' id='block_1_18' title="bbox 784 1762 2334 1832">
    <p class='ocr_par' dir='ltr' id='par_1_18' title="bbox 784 1762 2334 1832">
     <span class='ocr_line' id='line_1_18' title="bbox 784 1762 2334 1832; baseline -0.003 -15"><span class='ocrx_word' id='word_1_118' title='bbox 784 1781 889 1820; x_wconf 85' lang='lat' dir='ltr'><strong>tem</strong></span> <span class='ocrx_word' id='word_1_119' title='bbox 922 1784 1042 1819; x_wconf 80' lang='lat' dir='ltr'><strong>cum</strong></span> <span class='ocrx_word' id='word_1_120' title='bbox 1077 1781 1269 1831; x_wconf 74' lang='lat' dir='ltr'><strong>magno</strong></span> <span class='ocrx_word' id='word_1_121' title='bbox 1300 1766 1498 1832; x_wconf 78' lang='lat' dir='ltr'><strong>gaudio</strong></span> <span class='ocrx_word' id='word_1_122' title='bbox 1522 1763 1623 1815; x_wconf 85' lang='lat' dir='ltr'><strong>fuit</strong></span> <span class='ocrx_word' id='word_1_123' title='bbox 1656 1763 1861 1816; x_wconf 70' lang='lat' dir='ltr'><strong>reditus</strong></span> <span class='ocrx_word' id='word_1_124' title='bbox 1894 1768 1945 1815; x_wconf 92' lang='lat' dir='ltr'><strong>in</strong></span> <span class='ocrx_word' id='word_1_125' title='bbox 1976 1762 2275 1815; x_wconf 79' lang='lat' dir='ltr'><strong>Jerusalem</strong></span> <span class='ocrx_word' id='word_1_126' title='bbox 2295 1762 2334 1813; x_wconf 81' lang='lat'><strong>°.</strong></span> 
     </span>
    </p>
   </div>
   <div class='ocr_carea' id='block_1_19' title="bbox 779 1854 2331 1925">
    <p class='ocr_par' dir='ltr' id='par_1_19' title="bbox 779 1854 2331 1925">
     <span class='ocr_line' id='line_1_19' title="bbox 779 1854 2331 1925; baseline -0.003 -16"><span class='ocrx_word' id='word_1_127' title='bbox 779 1857 979 1923; x_wconf 71' lang='lat' dir='ltr'><strong>Quidni</strong></span> <span class='ocrx_word' id='word_1_128' title='bbox 1005 1857 1150 1910; x_wconf 88' lang='lat' dir='ltr'><strong>enim</strong></span> <span class='ocrx_word' id='word_1_129' title='bbox 1182 1856 1469 1925; x_wconf 82' lang='lat' dir='ltr'><strong>gauderet.</strong></span> <span class='ocrx_word' id='word_1_130' title='bbox 1503 1866 1559 1908; x_wconf 87' lang='lat' dir='ltr'><strong>et</strong></span> <span class='ocrx_word' id='word_1_131' title='bbox 1611 1872 1734 1909; x_wconf 87' lang='lat' dir='ltr'><strong>cum</strong></span> <span class='ocrx_word' id='word_1_132' title='bbox 1769 1856 1892 1909; x_wconf 89' lang='lat' dir='ltr'><strong>aliis</strong></span> <span class='ocrx_word' id='word_1_133' title='bbox 1944 1857 2218 1908; x_wconf 72' lang='lat' dir='ltr'><strong>laetaretur</strong></span> <span class='ocrx_word' id='word_1_134' title='bbox 2250 1854 2331 1906; x_wconf 80' lang='lat' dir='ltr'><strong>ili-</strong></span> 
     </span>
    </p>
   </div>
   <div class='ocr_carea' id='block_1_20' title="bbox 779 1947 2333 2017">
    <p class='ocr_par' dir='ltr' id='par_1_20' title="bbox 779 1947 2333 2017">
     <span class='ocr_line' id='line_1_20' title="bbox 779 1947 2333 2017; baseline -0.001 -17"><span class='ocrx_word' id='word_1_135' title='bbox 779 1950 1025 2017; x_wconf 60' lang='lat' dir='ltr'><strong>.«zipnlis,</strong></span> <span class='ocrx_word' id='word_1_136' title='bbox 1066 1959 1447 2003; x_wconf 78' lang='lat' dir='ltr'><strong>sacrosanctus</strong></span> <span class='ocrx_word' id='word_1_137' title='bbox 1508 1949 1628 2008; x_wconf 86' lang='lat' dir='ltr'><strong>iste</strong></span> <span class='ocrx_word' id='word_1_138' title='bbox 1660 1957 1711 2001; x_wconf 90' lang='lat' dir='ltr'><strong>et</strong></span> <span class='ocrx_word' id='word_1_139' title='bbox 1762 1963 1987 2017; x_wconf 90' lang='lat' dir='ltr'><strong>magnus</strong></span> <span class='ocrx_word' id='word_1_140' title='bbox 2034 1947 2333 2015; x_wconf 81' lang='lat' dir='ltr'><strong>apostolus,</strong></span> 
     </span>
    </p>
   </div>
   <div class='ocr_carea' id='block_1_21' title="bbox 782 2041 2340 2102">
    <p class='ocr_par' dir='ltr' id='par_1_21' title="bbox 782 2041 2340 2102">
     <span class='ocr_line' id='line_1_21' title="bbox 782 2041 2340 2102; baseline 0.001 -9"><span class='ocrx_word' id='word_1_141' title='bbox 782 2045 972 2096; x_wconf 79' lang='lat' dir='ltr'><strong>videns</strong></span> <span class='ocrx_word' id='word_1_142' title='bbox 1006 2042 1166 2096; x_wconf 89' lang='lat' dir='ltr'><strong>verba</strong></span> <span class='ocrx_word' id='word_1_143' title='bbox 1212 2042 1443 2097; x_wconf 90' lang='lat' dir='ltr'><strong>deducta</strong></span> <span class='ocrx_word' id='word_1_144' title='bbox 1472 2057 1590 2095; x_wconf 90' lang='lat' dir='ltr'><strong>esse</strong></span> <span class='ocrx_word' id='word_1_145' title='bbox 1619 2041 1685 2094; x_wconf 89' lang='lat' dir='ltr'><strong>ad</strong></span> <span class='ocrx_word' id='word_1_146' title='bbox 1721 2041 1998 2102; x_wconf 76' lang='lat' dir='ltr'><strong>effectum,</strong></span> <span class='ocrx_word' id='word_1_147' title='bbox 2048 2050 2103 2092; x_wconf 86' lang='lat' dir='ltr'><strong>et</strong></span> <span class='ocrx_word' id='word_1_148' title='bbox 2153 2055 2340 2094; x_wconf 84' lang='lat' dir='ltr'><strong>susce-</strong></span> 
     </span>
    </p>
   </div>
   <div class='ocr_carea' id='block_1_22' title="bbox 778 2133 2338 2203">
    <p class='ocr_par' dir='ltr' id='par_1_22' title="bbox 778 2133 2338 2203">
     <span class='ocr_line' id='line_1_22' title="bbox 778 2133 2338 2203; baseline -0.002 -18"><span class='ocrx_word' id='word_1_149' title='bbox 778 2145 881 2201; x_wconf 78' lang='lat' dir='ltr'><strong>ptm</strong></span> <span class='ocrx_word' id='word_1_150' title='bbox 923 2135 1102 2187; x_wconf 88' lang='lat' dir='ltr'><strong>carnis</strong></span> <span class='ocrx_word' id='word_1_151' title='bbox 1134 2150 1322 2187; x_wconf 91' lang='lat' dir='ltr'><strong>verum</strong></span> <span class='ocrx_word' id='word_1_152' title='bbox 1368 2150 1488 2188; x_wconf 88' lang='lat' dir='ltr'><strong>esse</strong></span> <span class='ocrx_word' id='word_1_153' title='bbox 1538 2134 1878 2203; x_wconf 84' lang='lat' dir='ltr'><strong>mysterium,</strong></span> <span class='ocrx_word' id='word_1_154' title='bbox 1923 2148 2098 2201; x_wconf 88' lang='lat' dir='ltr'><strong>neque</strong></span> <span class='ocrx_word' id='word_1_155' title='bbox 2134 2133 2338 2185; x_wconf 84' lang='lat' dir='ltr'><strong>frustra</strong></span> 
     </span>
    </p>
   </div>
   <div class='ocr_carea' id='block_1_23' title="bbox 784 2220 2338 2290">
    <p class='ocr_par' dir='ltr' id='par_1_23' title="bbox 784 2220 2338 2290">
     <span class='ocr_line' id='line_1_23' title="bbox 784 2220 2338 2290; baseline -0.001 -13"><span class='ocrx_word' id='word_1_156' title='bbox 784 2228 835 2277; x_wconf 83' lang='lat' dir='ltr'><strong>i;i</strong></span> <span class='ocrx_word' id='word_1_157' title='bbox 871 2240 937 2278; x_wconf 87' lang='lat' dir='ltr'><strong>eo</strong></span> <span class='ocrx_word' id='word_1_158' title='bbox 963 2236 1231 2279; x_wconf 75' lang='lat' dir='ltr'><strong>versatam</strong></span> <span class='ocrx_word' id='word_1_159' title='bbox 1267 2226 1432 2278; x_wconf 84' lang='lat' dir='ltr'><strong>fuisse</strong></span> <span class='ocrx_word' id='word_1_160' title='bbox 1469 2223 1951 2277; x_wconf 82' lang='lat' dir='ltr'><strong>incredulitatem?</strong></span> <span class='ocrx_word' id='word_1_161' title='bbox 1996 2224 2173 2290; x_wconf 75' lang='lat' dir='ltr'><strong>Atque</strong></span> <span class='ocrx_word' id='word_1_162' title='bbox 2219 2220 2338 2275; x_wconf 92' lang='lat' dir='ltr'><strong>dies</strong></span> 
     </span>
    </p>
   </div>
   <div class='ocr_carea' id='block_1_24' title="bbox 780 2311 2337 2385">
    <p class='ocr_par' dir='ltr' id='par_1_24' title="bbox 780 2311 2337 2385">
     <span class='ocr_line' id='line_1_24' title="bbox 780 2311 2337 2385; baseline -0.001 -20"><span class='ocrx_word' id='word_1_163' title='bbox 780 2318 1001 2384; x_wconf 79' lang='lat' dir='ltr'><strong>quidem</strong></span> <span class='ocrx_word' id='word_1_164' title='bbox 1042 2318 1127 2370; x_wconf 82' lang='lat' dir='ltr'><strong>ille</strong></span> <span class='ocrx_word' id='word_1_165' title='bbox 1156 2333 1181 2370; x_wconf 92' lang='lat' dir='ltr'><strong>a</strong></span> <span class='ocrx_word' id='word_1_166' title='bbox 1217 2316 1441 2370; x_wconf 89' lang='lat' dir='ltr'><strong>Domino</strong></span> <span class='ocrx_word' id='word_1_167' title='bbox 1476 2316 1831 2385; x_wconf 68' lang='lat' dir='ltr'><strong>praestitutus,</strong></span> <span class='ocrx_word' id='word_1_168' title='bbox 1860 2316 1967 2381; x_wconf 84' lang='lat' dir='ltr'><strong>jam</strong></span> <span class='ocrx_word' id='word_1_169' title='bbox 1999 2315 2157 2367; x_wconf 85' lang='lat' dir='ltr'><strong>finem</strong></span> <span class='ocrx_word' id='word_1_170' title='bbox 2193 2311 2337 2367; x_wconf 86' lang='lat' dir='ltr'><strong>acci-</strong></span> 
     </span>
    </p>
   </div>
   <div class='ocr_carea' id='block_1_25' title="bbox 780 2404 2338 2478">
    <p class='ocr_par' dir='ltr' id='par_1_25' title="bbox 780 2404 2338 2478">
     <span class='ocr_line' id='line_1_25' title="bbox 780 2404 2338 2478; baseline -0.004 -15"><span class='ocrx_word' id='word_1_171' title='bbox 780 2412 960 2478; x_wconf 85' lang='lat' dir='ltr'><strong>piebat</strong></span> <span class='ocrx_word' id='word_1_172' title='bbox 995 2409 1384 2464; x_wconf 86' lang='lat' dir='ltr'><strong>convenienter</strong></span> <span class='ocrx_word' id='word_1_173' title='bbox 1420 2408 1508 2470; x_wconf 90' lang='lat' dir='ltr'><strong>iis,</strong></span> <span class='ocrx_word' id='word_1_174' title='bbox 1552 2424 1672 2477; x_wconf 63' lang='lat' dir='ltr'><strong>quae</strong></span> <span class='ocrx_word' id='word_1_175' title='bbox 1707 2410 1794 2461; x_wconf 91' lang='lat' dir='ltr'><strong>ille</strong></span> <span class='ocrx_word' id='word_1_176' title='bbox 1830 2407 2041 2461; x_wconf 82' lang='lat' dir='ltr'><strong>dixerat</strong></span> <span class='ocrx_word' id='word_1_177' title='bbox 2082 2424 2094 2459; x_wconf 92' lang='lat'><strong>:</strong></span> <span class='ocrx_word' id='word_1_178' title='bbox 2149 2414 2205 2458; x_wconf 92' lang='lat' dir='ltr'><strong>et</strong></span> <span class='ocrx_word' id='word_1_179' title='bbox 2254 2404 2338 2457; x_wconf 90' lang='lat' dir='ltr'><strong>di-</strong></span> 
     </span>
    </p>
   </div>
   <div class='ocr_carea' id='block_1_26' title="bbox 780 2500 2339 2569">
    <p class='ocr_par' dir='ltr' id='par_1_26' title="bbox 780 2500 2339 2569">
     <span class='ocr_line' id='line_1_26' title="bbox 780 2500 2339 2569; baseline 0.001 -21"><span class='ocrx_word' id='word_1_180' title='bbox 780 2501 939 2552; x_wconf 72' lang='lat' dir='ltr'><strong>vinus</strong></span> <span class='ocrx_word' id='word_1_181' title='bbox 985 2500 1222 2569; x_wconf 80' lang='lat' dir='ltr'><strong>Spiritus</strong></span> <span class='ocrx_word' id='word_1_182' title='bbox 1274 2501 1340 2553; x_wconf 82' lang='lat' dir='ltr'><strong>ad</strong></span> <span class='ocrx_word' id='word_1_183' title='bbox 1395 2516 1485 2554; x_wconf 82' lang='lat' dir='ltr'><strong>eos</strong></span> <span class='ocrx_word' id='word_1_184' title='bbox 1537 2500 1820 2562; x_wconf 89' lang='lat' dir='ltr'><strong>advolans,</strong></span> <span class='ocrx_word' id='word_1_185' title='bbox 1871 2510 2125 2567; x_wconf 83' lang='lat' dir='ltr'><strong>tanquam</strong></span> <span class='ocrx_word' id='word_1_186' title='bbox 2172 2511 2339 2552; x_wconf 88' lang='lat' dir='ltr'><strong>sonus</strong></span> 
     </span>
    </p>
   </div>
   <div class='ocr_carea' id='block_1_27' title="bbox 779 2591 2339 2659">
    <p class='ocr_par' dir='ltr' id='par_1_27' title="bbox 779 2591 2339 2659">
     <span class='ocr_line' id='line_1_27' title="bbox 779 2591 2339 2659; baseline 0.001 -16"><span class='ocrx_word' id='word_1_187' title='bbox 779 2593 995 2657; x_wconf 76' lang='lat' dir='ltr'><strong>quidam</strong></span> <span class='ocrx_word' id='word_1_188' title='bbox 1028 2592 1187 2646; x_wconf 88' lang='lat' dir='ltr'><strong>flatus</strong></span> <span class='ocrx_word' id='word_1_189' title='bbox 1217 2592 1575 2654; x_wconf 76' lang='lat' dir='ltr'><strong>vehementis,</strong></span> <span class='ocrx_word' id='word_1_190' title='bbox 1614 2593 1793 2645; x_wconf 84' lang='lat' dir='ltr'><strong>statim</strong></span> <span class='ocrx_word' id='word_1_191' title='bbox 1830 2592 1882 2644; x_wconf 93' lang='lat' dir='ltr'><strong>in</strong></span> <span class='ocrx_word' id='word_1_192' title='bbox 1914 2593 2125 2659; x_wconf 81' lang='lat' dir='ltr'><strong>linguas</strong></span> <span class='ocrx_word' id='word_1_193' title='bbox 2158 2591 2339 2659; x_wconf 85' lang='lat' dir='ltr'><strong>igneas</strong></span> 
     </span>
    </p>
   </div>
   <div class='ocr_carea' id='block_1_28' title="bbox 779 2684 2337 2751">
    <p class='ocr_par' dir='ltr' id='par_1_28' title="bbox 779 2684 2337 2751">
     <span class='ocr_line' id='line_1_28' title="bbox 779 2684 2337 2751; baseline 0.002 -18"><span class='ocrx_word' id='word_1_194' title='bbox 779 2686 1140 2737; x_wconf 74' lang='lat' dir='ltr'><strong>dividebatur.</strong></span> <span class='ocrx_word' id='word_1_195' title='bbox 1170 2684 1270 2749; x_wconf 88' lang='lat' dir='ltr'><strong>Qui</strong></span> <span class='ocrx_word' id='word_1_196' title='bbox 1298 2700 1419 2737; x_wconf 85' lang='lat' dir='ltr'><strong>eum</strong></span> <span class='ocrx_word' id='word_1_197' title='bbox 1458 2684 1642 2736; x_wconf 88' lang='lat' dir='ltr'><strong>fuisset</strong></span> <span class='ocrx_word' id='word_1_198' title='bbox 1677 2699 1838 2751; x_wconf 80' lang='lat' dir='ltr'><strong>super</strong></span> <span class='ocrx_word' id='word_1_199' title='bbox 1870 2697 2337 2750; x_wconf 84' lang='lat' dir='ltr'><strong>unumquemque,</strong></span> 
     </span>
    </p>
   </div>
   <div class='ocr_carea' id='block_1_29' title="bbox 780 2774 2341 2847">
    <p class='ocr_par' dir='ltr' id='par_1_29' title="bbox 780 2774 2341 2847">
     <span class='ocr_line' id='line_1_29' title="bbox 780 2774 2341 2847; baseline -0.001 -18"><span class='ocrx_word' id='word_1_200' title='bbox 780 2777 1011 2830; x_wconf 74' lang='lat' dir='ltr'><strong>f.:ciebat</strong></span> <span class='ocrx_word' id='word_1_201' title='bbox 1040 2792 1135 2830; x_wconf 91' lang='lat' dir='ltr'><strong>eos</strong></span> <span class='ocrx_word' id='word_1_202' title='bbox 1170 2776 1317 2846; x_wconf 90' lang='lat' dir='ltr'><strong>loqui</strong></span> <span class='ocrx_word' id='word_1_203' title='bbox 1352 2776 1555 2847; x_wconf 82' lang='lat' dir='ltr'><strong>linguis</strong></span> <span class='ocrx_word' id='word_1_204' title='bbox 1597 2777 1808 2835; x_wconf 88' lang='lat' dir='ltr'><strong>alienis,</strong></span> <span class='ocrx_word' id='word_1_205' title='bbox 1843 2776 1980 2829; x_wconf 85' lang='lat' dir='ltr'><strong>adeo</strong></span> <span class='ocrx_word' id='word_1_206' title='bbox 2015 2787 2093 2839; x_wconf 92' lang='lat' dir='ltr'><strong>ut,</strong></span> <span class='ocrx_word' id='word_1_207' title='bbox 2116 2774 2211 2845; x_wconf 70' lang='lat' dir='ltr'><strong>qui</strong></span> <span class='ocrx_word' id='word_1_208' title='bbox 2241 2790 2341 2828; x_wconf 86' lang='lat' dir='ltr'><strong>au-</strong></span> 
     </span>
    </p>
   </div>
   <div class='ocr_carea' id='block_1_30' title="bbox 782 2865 2340 2938">
    <p class='ocr_par' dir='ltr' id='par_1_30' title="bbox 782 2865 2340 2938">
     <span class='ocr_line' id='line_1_30' title="bbox 782 2865 2340 2938; baseline 0 -16"><span class='ocrx_word' id='word_1_209' title='bbox 782 2871 1027 2933; x_wconf 81' lang='lat' dir='ltr'><strong>debant,</strong></span> <span class='ocrx_word' id='word_1_210' title='bbox 1083 2869 1429 2923; x_wconf 74' lang='lat' dir='ltr'><strong>adicerentur</strong></span> <span class='ocrx_word' id='word_1_211' title='bbox 1480 2884 1670 2938; x_wconf 85' lang='lat' dir='ltr'><strong>magna</strong></span> <span class='ocrx_word' id='word_1_212' title='bbox 1720 2868 2080 2922; x_wconf 89' lang='lat' dir='ltr'><strong>admiratione</strong></span> <span class='ocrx_word' id='word_1_213' title='bbox 2110 2870 2151 2920; x_wconf 89' lang='grc'><strong>⁷.</strong></span> <span class='ocrx_word' id='word_1_214' title='bbox 2186 2865 2340 2922; x_wconf 86' lang='lat' dir='ltr'><strong>Tunc</strong></span> 
     </span>
    </p>
   </div>
   <div class='ocr_carea' id='block_1_31' title="bbox 779 2959 2341 3032">
    <p class='ocr_par' dir='ltr' id='par_1_31' title="bbox 779 2959 2341 3032">
     <span class='ocr_line' id='line_1_31' title="bbox 779 2959 2341 3032; baseline -0.002 -17"><span class='ocrx_word' id='word_1_215' title='bbox 779 2980 911 3032; x_wconf 81' lang='lat' dir='ltr'><strong>ergo</strong></span> <span class='ocrx_word' id='word_1_216' title='bbox 944 2963 1031 3016; x_wconf 93' lang='lat' dir='ltr'><strong>hic</strong></span> <span class='ocrx_word' id='word_1_217' title='bbox 1055 2979 1272 3032; x_wconf 86' lang='lat' dir='ltr'><strong>quoque</strong></span> <span class='ocrx_word' id='word_1_218' title='bbox 1300 2978 1527 3031; x_wconf 89' lang='lat' dir='ltr'><strong>magnus</strong></span> <span class='ocrx_word' id='word_1_219' title='bbox 1551 2960 1830 3029; x_wconf 89' lang='lat' dir='ltr'><strong>apostolus</strong></span> <span class='ocrx_word' id='word_1_220' title='bbox 1851 2976 1971 3014; x_wconf 87' lang='lat' dir='ltr'><strong>eum</strong></span> <span class='ocrx_word' id='word_1_221' title='bbox 1998 2959 2211 3014; x_wconf 87' lang='lat' dir='ltr'><strong>sederet</strong></span> <span class='ocrx_word' id='word_1_222' title='bbox 2234 2974 2341 3012; x_wconf 90' lang='lat' dir='ltr'><strong>una</strong></span> 
     </span>
    </p>
   </div>
   <div class='ocr_carea' id='block_1_32' title="bbox 782 3052 2340 3122">
    <p class='ocr_par' dir='ltr' id='par_1_32' title="bbox 782 3052 2340 3122">
     <span class='ocr_line' id='line_1_32' title="bbox 782 3052 2340 3122; baseline 0.001 -18"><span class='ocrx_word' id='word_1_223' title='bbox 782 3070 906 3105; x_wconf 73' lang='lat' dir='ltr'><strong>enm</strong></span> <span class='ocrx_word' id='word_1_224' title='bbox 938 3053 1161 3121; x_wconf 78' lang='lat' dir='ltr'><strong>reliquis</strong></span> <span class='ocrx_word' id='word_1_225' title='bbox 1192 3052 1495 3122; x_wconf 76' lang='lat' dir='ltr'><strong>discipulis,</strong></span> <span class='ocrx_word' id='word_1_226' title='bbox 1531 3055 1643 3121; x_wconf 90' lang='lat' dir='ltr'><strong>ipse</strong></span> <span class='ocrx_word' id='word_1_227' title='bbox 1681 3068 1898 3121; x_wconf 88' lang='lat' dir='ltr'><strong>quoque</strong></span> <span class='ocrx_word' id='word_1_228' title='bbox 1927 3054 1978 3105; x_wconf 92' lang='lat' dir='ltr'><strong>in</strong></span> <span class='ocrx_word' id='word_1_229' title='bbox 2025 3052 2197 3121; x_wconf 82' lang='lat' dir='ltr'><strong>igneis</strong></span> <span class='ocrx_word' id='word_1_230' title='bbox 2236 3053 2340 3106; x_wconf 85' lang='lat' dir='ltr'><strong>lin-</strong></span> 
     </span>
    </p>
   </div>
   <div class='ocr_carea' id='block_1_33' title="bbox 2444 574 4046 646">
    <p class='ocr_par' dir='ltr' id='par_1_33' title="bbox 2444 574 4046 646">
     <span class='ocr_line' id='line_1_33' title="bbox 2444 574 4046 646; baseline -0.002 -17"><span class='ocrx_word' id='word_1_231' title='bbox 2444 592 2615 637; x_wconf 91' lang='lat' dir='ltr'><strong>nem,</strong></span> <span class='ocrx_word' id='word_1_232' title='bbox 2660 579 2871 632; x_wconf 89' lang='lat' dir='ltr'><strong>ratione</strong></span> <span class='ocrx_word' id='word_1_233' title='bbox 2921 577 3114 646; x_wconf 88' lang='lat' dir='ltr'><strong>quavis</strong></span> <span class='ocrx_word' id='word_1_234' title='bbox 3166 578 3554 646; x_wconf 85' lang='lat' dir='ltr'><strong>potentiorem.</strong></span> <span class='ocrx_word' id='word_1_235' title='bbox 3594 575 3655 628; x_wconf 91' lang='lat' dir='ltr'><strong>In</strong></span> <span class='ocrx_word' id='word_1_236' title='bbox 3703 574 3849 628; x_wconf 85' lang='lat' dir='ltr'><strong>hanc</strong></span> <span class='ocrx_word' id='word_1_237' title='bbox 3878 587 4046 643; x_wconf 79' lang='lat' dir='ltr'><strong>ergo</strong></span> 
     </span>
    </p>
   </div>
   <div class='ocr_carea' id='block_1_34' title="bbox 2443 665 4043 738">
    <p class='ocr_par' dir='ltr' id='par_1_34' title="bbox 2443 665 4043 738">
     <span class='ocr_line' id='line_1_34' title="bbox 2443 665 4043 738; baseline -0.001 -18"><span class='ocrx_word' id='word_1_238' title='bbox 2443 669 2718 736; x_wconf 81' lang='lat' dir='ltr'><strong>regionem</strong></span> <span class='ocrx_word' id='word_1_239' title='bbox 2776 684 3001 738; x_wconf 90' lang='lat' dir='ltr'><strong>magnus</strong></span> <span class='ocrx_word' id='word_1_240' title='bbox 3065 668 3381 738; x_wconf 76' lang='lat' dir='ltr'><strong>ingrediens</strong></span> <span class='ocrx_word' id='word_1_241' title='bbox 3437 666 3739 736; x_wconf 86' lang='lat' dir='ltr'><strong>apostolus,</strong></span> <span class='ocrx_word' id='word_1_242' title='bbox 3796 665 4043 719; x_wconf 83' lang='lat' dir='ltr'><strong>nullum</strong></span> 
     </span>
    </p>
   </div>
   <div class='ocr_carea' id='block_1_35' title="bbox 2441 757 4046 828">
    <p class='ocr_par' dir='ltr' id='par_1_35' title="bbox 2441 757 4046 828">
     <span class='ocr_line' id='line_1_35' title="bbox 2441 757 4046 828; baseline -0.002 -15"><span class='ocrx_word' id='word_1_243' title='bbox 2441 776 2552 825; x_wconf 73' lang='lat' dir='ltr'><strong>pra:</strong></span> <span class='ocrx_word' id='word_1_244' title='bbox 2587 777 2644 814; x_wconf 91' lang='lat' dir='ltr'><strong>se</strong></span> <span class='ocrx_word' id='word_1_245' title='bbox 2674 762 2796 815; x_wconf 87' lang='lat' dir='ltr'><strong>tulit</strong></span> <span class='ocrx_word' id='word_1_246' title='bbox 2824 762 3023 813; x_wconf 86' lang='lat' dir='ltr'><strong>fastum</strong></span> <span class='ocrx_word' id='word_1_247' title='bbox 3052 770 3106 814; x_wconf 89' lang='lat' dir='ltr'><strong>et</strong></span> <span class='ocrx_word' id='word_1_248' title='bbox 3129 759 3520 828; x_wconf 76' lang='lat' dir='ltr'><strong>arrogantiam,</strong></span> <span class='ocrx_word' id='word_1_249' title='bbox 3548 773 3727 827; x_wconf 89' lang='lat' dir='ltr'><strong>neque</strong></span> <span class='ocrx_word' id='word_1_250' title='bbox 3750 757 3893 810; x_wconf 90' lang='lat' dir='ltr'><strong>elate</strong></span> <span class='ocrx_word' id='word_1_251' title='bbox 3927 766 4046 810; x_wconf 86' lang='lat' dir='ltr'><strong>aut</strong></span> 
     </span>
    </p>
   </div>
   <div class='ocr_carea' id='block_1_36' title="bbox 2440 847 4046 921">
    <p class='ocr_par' dir='ltr' id='par_1_36' title="bbox 2440 847 4046 921">
     <span class='ocr_line' id='line_1_36' title="bbox 2440 847 4046 921; baseline -0.001 -19"><span class='ocrx_word' id='word_1_252' title='bbox 2440 851 2675 919; x_wconf 78' lang='lat' dir='ltr'><strong>gloriose</strong></span> <span class='ocrx_word' id='word_1_253' title='bbox 2720 852 2999 921; x_wconf 86' lang='lat' dir='ltr'><strong>quippiam</strong></span> <span class='ocrx_word' id='word_1_254' title='bbox 3043 860 3127 906; x_wconf 89' lang='lat' dir='ltr'><strong>est</strong></span> <span class='ocrx_word' id='word_1_255' title='bbox 3177 851 3417 909; x_wconf 88' lang='lat' dir='ltr'><strong>locutus.</strong></span> <span class='ocrx_word' id='word_1_256' title='bbox 3462 865 3640 918; x_wconf 90' lang='lat' dir='ltr'><strong>neque</strong></span> <span class='ocrx_word' id='word_1_257' title='bbox 3681 848 3832 903; x_wconf 88' lang='lat' dir='ltr'><strong>aliud</strong></span> <span class='ocrx_word' id='word_1_258' title='bbox 3880 847 4046 901; x_wconf 83' lang='lat' dir='ltr'><strong>fecit</strong></span> 
     </span>
    </p>
   </div>
   <div class='ocr_carea' id='block_1_37' title="bbox 2441 924 4045 1011">
    <p class='ocr_par' dir='ltr' id='par_1_37' title="bbox 2441 924 4045 1011">
     <span class='ocr_line' id='line_1_37' title="bbox 2441 924 4045 1011; baseline -0.003 -15"><span class='ocrx_word' id='word_1_259' title='bbox 2441 945 2679 1011; x_wconf 83' lang='lat' dir='ltr'><strong>superbe</strong></span> <span class='ocrx_word' id='word_1_260' title='bbox 2708 953 2764 998; x_wconf 93' lang='lat' dir='ltr'><strong>et</strong></span> <span class='ocrx_word' id='word_1_261' title='bbox 2797 924 3100 998; x_wconf 71' lang='lat' dir='ltr'><strong>insolenter</strong></span> <span class='ocrx_word' id='word_1_262' title='bbox 3147 943 3214 996; x_wconf 91' lang='lat' dir='ltr'><strong>ad</strong></span> <span class='ocrx_word' id='word_1_263' title='bbox 3259 941 3681 996; x_wconf 88' lang='lat' dir='ltr'><strong>ostentationem</strong></span> <span class='ocrx_word' id='word_1_264' title='bbox 3729 956 3742 992; x_wconf 92' lang='lat'>:</span> <span class='ocrx_word' id='word_1_265' title='bbox 3779 940 3875 993; x_wconf 88' lang='lat' dir='ltr'><strong>sed</strong></span> <span class='ocrx_word' id='word_1_266' title='bbox 3927 954 4045 992; x_wconf 86' lang='lat' dir='ltr'><strong>or-</strong></span> 
     </span>
    </p>
   </div>
   <div class='ocr_carea' id='block_1_38' title="bbox 2442 1029 4040 1100">
    <p class='ocr_par' dir='ltr' id='par_1_38' title="bbox 2442 1029 4040 1100">
     <span class='ocr_line' id='line_1_38' title="bbox 2442 1029 4040 1100; baseline -0.004 -14"><span class='ocrx_word' id='word_1_267' title='bbox 2442 1043 2602 1087; x_wconf 89' lang='lat' dir='ltr'><strong>natus</strong></span> <span class='ocrx_word' id='word_1_268' title='bbox 2648 1032 2851 1088; x_wconf 89' lang='lat' dir='ltr'><strong>Christi</strong></span> <span class='ocrx_word' id='word_1_269' title='bbox 2889 1032 3283 1094; x_wconf 84' lang='lat' dir='ltr'><strong>moderatione,</strong></span> <span class='ocrx_word' id='word_1_270' title='bbox 3317 1039 3373 1085; x_wconf 90' lang='lat' dir='ltr'><strong>et</strong></span> <span class='ocrx_word' id='word_1_271' title='bbox 3409 1047 3508 1100; x_wconf 90' lang='lat' dir='ltr'><strong>pro</strong></span> <span class='ocrx_word' id='word_1_272' title='bbox 3539 1030 3734 1100; x_wconf 86' lang='lat' dir='ltr'><strong>quovis</strong></span> <span class='ocrx_word' id='word_1_273' title='bbox 3775 1029 3891 1082; x_wconf 89' lang='lat' dir='ltr'><strong>alio</strong></span> <span class='ocrx_word' id='word_1_274' title='bbox 3931 1044 4040 1080; x_wconf 86' lang='lat' dir='ltr'><strong>or-</strong></span> 
     </span>
    </p>
   </div>
   <div class='ocr_carea' id='block_1_39' title="bbox 2442 1121 4039 1189">
    <p class='ocr_par' dir='ltr' id='par_1_39' title="bbox 2442 1121 4039 1189">
     <span class='ocr_line' id='line_1_39' title="bbox 2442 1121 4039 1189; baseline -0.003 -12"><span class='ocrx_word' id='word_1_275' title='bbox 2442 1134 2699 1181; x_wconf 88' lang='lat' dir='ltr'><strong>namento</strong></span> <span class='ocrx_word' id='word_1_276' title='bbox 2718 1134 2771 1179; x_wconf 89' lang='lat' dir='ltr'><strong>et</strong></span> <span class='ocrx_word' id='word_1_277' title='bbox 2797 1125 2987 1188; x_wconf 89' lang='lat' dir='ltr'><strong>lorica,</strong></span> <span class='ocrx_word' id='word_1_278' title='bbox 3018 1141 3079 1178; x_wconf 86' lang='lat' dir='ltr'><strong>ea</strong></span> <span class='ocrx_word' id='word_1_279' title='bbox 3105 1125 3523 1189; x_wconf 87' lang='lat' dir='ltr'><strong>indutus,coma</strong></span> <span class='ocrx_word' id='word_1_280' title='bbox 3546 1122 3825 1184; x_wconf 89' lang='lat' dir='ltr'><strong>sordidus,</strong></span> <span class='ocrx_word' id='word_1_281' title='bbox 3855 1121 4039 1174; x_wconf 84' lang='lat' dir='ltr'><strong>vultu</strong></span> 
     </span>
    </p>
   </div>
   <div class='ocr_carea' id='block_1_40' title="bbox 2442 1214 4040 1285">
    <p class='ocr_par' dir='ltr' id='par_1_40' title="bbox 2442 1214 4040 1285">
     <span class='ocr_line' id='line_1_40' title="bbox 2442 1214 4040 1285; baseline -0.001 -16"><span class='ocrx_word' id='word_1_282' title='bbox 2442 1218 2696 1285; x_wconf 81' lang='lat' dir='ltr'><strong>pallidus,</strong></span> <span class='ocrx_word' id='word_1_283' title='bbox 2735 1226 2879 1272; x_wconf 86' lang='lat' dir='ltr'><strong>totus</strong></span> <span class='ocrx_word' id='word_1_284' title='bbox 2910 1217 3097 1271; x_wconf 88' lang='lat' dir='ltr'><strong>aridus</strong></span> <span class='ocrx_word' id='word_1_285' title='bbox 3130 1227 3186 1272; x_wconf 94' lang='lat' dir='ltr'><strong>et</strong></span> <span class='ocrx_word' id='word_1_286' title='bbox 3218 1216 3531 1284; x_wconf 76' lang='lat' dir='ltr'><strong>exsanguis,</strong></span> <span class='ocrx_word' id='word_1_287' title='bbox 3561 1222 3616 1268; x_wconf 88' lang='lat' dir='ltr'><strong>et</strong></span> <span class='ocrx_word' id='word_1_288' title='bbox 3649 1214 3811 1283; x_wconf 89' lang='lat' dir='ltr'><strong>plane</strong></span> <span class='ocrx_word' id='word_1_289' title='bbox 3844 1228 4040 1267; x_wconf 89' lang='lat' dir='ltr'><strong>succo</strong></span> 
     </span>
    </p>
   </div>
   <div class='ocr_carea' id='block_1_41' title="bbox 2441 1308 4039 1374">
    <p class='ocr_par' dir='ltr' id='par_1_41' title="bbox 2441 1308 4039 1374">
     <span class='ocr_line' id='line_1_41' title="bbox 2441 1308 4039 1374; baseline -0.002 -14"><span class='ocrx_word' id='word_1_290' title='bbox 2441 1324 2650 1372; x_wconf 88' lang='lat' dir='ltr'><strong>carens,</strong></span> <span class='ocrx_word' id='word_1_291' title='bbox 2688 1318 2743 1361; x_wconf 91' lang='lat' dir='ltr'><strong>et</strong></span> <span class='ocrx_word' id='word_1_292' title='bbox 2774 1318 2832 1361; x_wconf 90' lang='lat' dir='ltr'><strong>ut</strong></span> <span class='ocrx_word' id='word_1_293' title='bbox 2859 1309 3025 1362; x_wconf 89' lang='lat' dir='ltr'><strong>semel</strong></span> <span class='ocrx_word' id='word_1_294' title='bbox 3056 1308 3256 1371; x_wconf 75' lang='lat' dir='ltr'><strong>dii-am,</strong></span> <span class='ocrx_word' id='word_1_295' title='bbox 3305 1322 3415 1359; x_wconf 91' lang='lat' dir='ltr'><strong>non</strong></span> <span class='ocrx_word' id='word_1_296' title='bbox 3452 1316 3559 1359; x_wconf 91' lang='lat' dir='ltr'><strong>tam</strong></span> <span class='ocrx_word' id='word_1_297' title='bbox 3590 1321 3815 1374; x_wconf 86' lang='lat' dir='ltr'><strong>corpus,</strong></span> <span class='ocrx_word' id='word_1_298' title='bbox 3848 1320 4039 1373; x_wconf 80' lang='lat' dir='ltr'><strong>quam</strong></span> 
     </span>
    </p>
   </div>
   <div class='ocr_carea' id='block_1_42' title="bbox 2443 1399 4033 1468">
    <p class='ocr_par' dir='ltr' id='par_1_42' title="bbox 2443 1399 4033 1468">
     <span class='ocr_line' id='line_1_42' title="bbox 2443 1399 4033 1468; baseline -0.001 -15"><span class='ocrx_word' id='word_1_299' title='bbox 2443 1399 2693 1453; x_wconf 88' lang='lat' dir='ltr'><strong>umbram</strong></span> <span class='ocrx_word' id='word_1_300' title='bbox 2743 1401 2995 1468; x_wconf 89' lang='lat' dir='ltr'><strong>corporis</strong></span> <span class='ocrx_word' id='word_1_301' title='bbox 3041 1400 3462 1462; x_wconf 81' lang='lat' dir='ltr'><strong>circumferens,</strong></span> <span class='ocrx_word' id='word_1_302' title='bbox 3501 1399 3727 1453; x_wconf 91' lang='lat' dir='ltr'><strong>sordido</strong></span> <span class='ocrx_word' id='word_1_303' title='bbox 3774 1408 3833 1451; x_wconf 89' lang='lat' dir='ltr'><strong>et</strong></span> <span class='ocrx_word' id='word_1_304' title='bbox 3879 1399 4033 1451; x_wconf 88' lang='lat' dir='ltr'><strong>trito</strong></span> 
     </span>
    </p>
   </div>
   <div class='ocr_carea' id='block_1_43' title="bbox 2441 1486 4038 1558">
    <p class='ocr_par' dir='ltr' id='par_1_43' title="bbox 2441 1486 4038 1558">
     <span class='ocr_line' id='line_1_43' title="bbox 2441 1486 4038 1558; baseline -0.003 -16"><span class='ocrx_word' id='word_1_305' title='bbox 2441 1489 2678 1543; x_wconf 88' lang='lat' dir='ltr'><strong>amictus</strong></span> <span class='ocrx_word' id='word_1_306' title='bbox 2700 1490 2883 1558; x_wconf 85' lang='lat' dir='ltr'><strong>pallio,</strong></span> <span class='ocrx_word' id='word_1_307' title='bbox 2914 1490 3161 1543; x_wconf 90' lang='lat' dir='ltr'><strong>moribus</strong></span> <span class='ocrx_word' id='word_1_308' title='bbox 3188 1489 3350 1555; x_wconf 90' lang='lat' dir='ltr'><strong>lenis,</strong></span> <span class='ocrx_word' id='word_1_309' title='bbox 3372 1504 3629 1544; x_wconf 86' lang='lat' dir='ltr'><strong>sermone</strong></span> <span class='ocrx_word' id='word_1_310' title='bbox 3663 1486 3835 1548; x_wconf 87' lang='lat' dir='ltr'><strong>utilis,</strong></span> <span class='ocrx_word' id='word_1_311' title='bbox 3860 1486 4038 1539; x_wconf 77' lang='lat' dir='ltr'><strong>factis</strong></span> 
     </span>
    </p>
   </div>
   <div class='ocr_carea' id='block_1_44' title="bbox 2443 1577 4031 1646">
    <p class='ocr_par' dir='ltr' id='par_1_44' title="bbox 2443 1577 4031 1646">
     <span class='ocr_line' id='line_1_44' title="bbox 2443 1577 4031 1646; baseline -0.003 -12"><span class='ocrx_word' id='word_1_312' title='bbox 2443 1581 2600 1635; x_wconf 85' lang='lat' dir='ltr'><strong>valde</strong></span> <span class='ocrx_word' id='word_1_313' title='bbox 2635 1580 3002 1646; x_wconf 89' lang='lat' dir='ltr'><strong>admirabilis,</strong></span> <span class='ocrx_word' id='word_1_314' title='bbox 3027 1580 3416 1636; x_wconf 90' lang='lat' dir='ltr'><strong>humilioribus</strong></span> <span class='ocrx_word' id='word_1_315' title='bbox 3449 1596 3507 1636; x_wconf 91' lang='lat' dir='ltr'><strong>se</strong></span> <span class='ocrx_word' id='word_1_316' title='bbox 3536 1577 4031 1640; x_wconf 82' lang='lat' dir='ltr'><strong>accommodabat,</strong></span> 
     </span>
    </p>
   </div>
   <div class='ocr_carea' id='block_1_45' title="bbox 2441 1674 3316 1744">
    <p class='ocr_par' dir='ltr' id='par_1_45' title="bbox 2441 1674 3316 1744">
     <span class='ocr_line' id='line_1_45' title="bbox 2441 1674 3316 1744; baseline -0.005 -15"><span class='ocrx_word' id='word_1_317' title='bbox 2441 1675 2666 1744; x_wconf 89' lang='lat' dir='ltr'><strong>spiritus</strong></span> <span class='ocrx_word' id='word_1_318' title='bbox 2694 1674 2948 1727; x_wconf 89' lang='lat' dir='ltr'><strong>altiorum</strong></span> <span class='ocrx_word' id='word_1_319' title='bbox 2978 1675 3316 1743; x_wconf 90' lang='lat' dir='ltr'><strong>deprimens.</strong></span> 
     </span>
    </p>
   </div>
   <div class='ocr_carea' id='block_1_46' title="bbox 2513 1764 4029 1835">
    <p class='ocr_par' dir='ltr' id='par_1_46' title="bbox 2513 1764 4029 1835">
     <span class='ocr_line' id='line_1_46' title="bbox 2513 1764 4029 1835; baseline -0.002 -15"><span class='ocrx_word' id='word_1_320' title='bbox 2513 1768 2601 1820; x_wconf 79' lang='grc' dir='ltr'><strong>ΙΧ.</strong></span> <span class='ocrx_word' id='word_1_321' title='bbox 2636 1769 2769 1820; x_wconf 81' lang='lat' dir='ltr'><strong>Cum</strong></span> <span class='ocrx_word' id='word_1_322' title='bbox 2804 1767 3005 1821; x_wconf 89' lang='lat' dir='ltr'><strong>talibus</strong></span> <span class='ocrx_word' id='word_1_323' title='bbox 3033 1767 3277 1821; x_wconf 90' lang='lat' dir='ltr'><strong>moribus</strong></span> <span class='ocrx_word' id='word_1_324' title='bbox 3305 1774 3359 1821; x_wconf 90' lang='lat' dir='ltr'><strong>et</strong></span> <span class='ocrx_word' id='word_1_325' title='bbox 3395 1766 3503 1820; x_wconf 89' lang='lat' dir='ltr'><strong>vita</strong></span> <span class='ocrx_word' id='word_1_326' title='bbox 3534 1764 3794 1835; x_wconf 61' lang='lat' dir='ltr'><strong>praeditus</strong></span> <span class='ocrx_word' id='word_1_327' title='bbox 3822 1765 3889 1818; x_wconf 87' lang='lat' dir='ltr'><strong>ad</strong></span> <span class='ocrx_word' id='word_1_328' title='bbox 3935 1765 4029 1819; x_wconf 81' lang='lat' dir='ltr'><strong>fn-</strong></span> 
     </span>
    </p>
   </div>
   <div class='ocr_carea' id='block_1_47' title="bbox 2442 1855 4031 1926">
    <p class='ocr_par' dir='ltr' id='par_1_47' title="bbox 2442 1855 4031 1926">
     <span class='ocr_line' id='line_1_47' title="bbox 2442 1855 4031 1926; baseline -0.004 -12"><span class='ocrx_word' id='word_1_329' title='bbox 2442 1860 2540 1914; x_wconf 93' lang='lat' dir='ltr'><strong>dos</strong></span> <span class='ocrx_word' id='word_1_330' title='bbox 2576 1860 2836 1919; x_wconf 88' lang='lat' dir='ltr'><strong>venisset,</strong></span> <span class='ocrx_word' id='word_1_331' title='bbox 2872 1858 3156 1926; x_wconf 88' lang='lat' dir='ltr'><strong>visumque</strong></span> <span class='ocrx_word' id='word_1_332' title='bbox 3187 1859 3235 1910; x_wconf 90' lang='lat' dir='ltr'><strong>ei</strong></span> <span class='ocrx_word' id='word_1_333' title='bbox 3266 1867 3407 1912; x_wconf 61' lang='lat' dir='ltr'><strong>essu</strong></span> <span class='ocrx_word' id='word_1_334' title='bbox 3453 1857 3631 1925; x_wconf 85' lang='lat' dir='ltr'><strong>gentis</strong></span> <span class='ocrx_word' id='word_1_335' title='bbox 3682 1856 3897 1924; x_wconf 81' lang='lat' dir='ltr'><strong>ingredi</strong></span> <span class='ocrx_word' id='word_1_336' title='bbox 3934 1855 4031 1909; x_wconf 84' lang='lat' dir='ltr'><strong>in-</strong></span> 
     </span>
    </p>
   </div>
   <div class='ocr_carea' id='block_1_48' title="bbox 2445 1949 4031 2019">
    <p class='ocr_par' dir='ltr' id='par_1_48' title="bbox 2445 1949 4031 2019">
     <span class='ocr_line' id='line_1_48' title="bbox 2445 1949 4031 2019; baseline -0.001 -15"><span class='ocrx_word' id='word_1_337' title='bbox 2445 1952 2672 2012; x_wconf 89' lang='lat' dir='ltr'><strong>teriora,</strong></span> <span class='ocrx_word' id='word_1_338' title='bbox 2710 1961 2997 2019; x_wconf 86' lang='lat' dir='ltr'><strong>postquam</strong></span> <span class='ocrx_word' id='word_1_339' title='bbox 3028 1951 3161 2002; x_wconf 83' lang='lat' dir='ltr'><strong>vidit</strong></span> <span class='ocrx_word' id='word_1_340' title='bbox 3206 1949 3396 2003; x_wconf 90' lang='lat' dir='ltr'><strong>falsam</strong></span> <span class='ocrx_word' id='word_1_341' title='bbox 3447 1950 3757 2004; x_wconf 70' lang='lat' dir='ltr'><strong>daemonum</strong></span> <span class='ocrx_word' id='word_1_342' title='bbox 3795 1951 4031 2019; x_wconf 85' lang='lat' dir='ltr'><strong>religio—</strong></span> 
     </span>
    </p>
   </div>
   <div class='ocr_carea' id='block_1_49' title="bbox 2443 2038 4030 2108">
    <p class='ocr_par' dir='ltr' id='par_1_49' title="bbox 2443 2038 4030 2108">
     <span class='ocr_line' id='line_1_49' title="bbox 2443 2038 4030 2108; baseline -0.003 -12"><span class='ocrx_word' id='word_1_343' title='bbox 2443 2056 2565 2096; x_wconf 88' lang='lat' dir='ltr'><strong>nem</strong></span> <span class='ocrx_word' id='word_1_344' title='bbox 2594 2055 2690 2095; x_wconf 90' lang='lat' dir='ltr'><strong>eos</strong></span> <span class='ocrx_word' id='word_1_345' title='bbox 2715 2038 3223 2108; x_wconf 87' lang='lat' dir='ltr'><strong>comprehendisse,</strong></span> <span class='ocrx_word' id='word_1_346' title='bbox 3252 2049 3306 2093; x_wconf 90' lang='lat' dir='ltr'><strong>et</strong></span> <span class='ocrx_word' id='word_1_347' title='bbox 3329 2039 3451 2092; x_wconf 89' lang='lat' dir='ltr'><strong>imis</strong></span> <span class='ocrx_word' id='word_1_348' title='bbox 3478 2054 3668 2093; x_wconf 90' lang='lat' dir='ltr'><strong>eorum</strong></span> <span class='ocrx_word' id='word_1_349' title='bbox 3692 2039 3902 2093; x_wconf 84' lang='lat' dir='ltr'><strong>animis</strong></span> <span class='ocrx_word' id='word_1_350' title='bbox 3940 2039 4030 2091; x_wconf 88' lang='lat' dir='ltr'><strong>in-</strong></span> 
     </span>
    </p>
   </div>
   <div class='ocr_carea' id='block_1_50' title="bbox 2443 2131 4022 2200">
    <p class='ocr_par' dir='ltr' id='par_1_50' title="bbox 2443 2131 4022 2200">
     <span class='ocr_line' id='line_1_50' title="bbox 2443 2131 4022 2200; baseline -0.001 -12"><span class='ocrx_word' id='word_1_351' title='bbox 2443 2136 2670 2194; x_wconf 83' lang='lat' dir='ltr'><strong>sedisse,</strong></span> <span class='ocrx_word' id='word_1_352' title='bbox 2705 2149 2812 2186; x_wconf 93' lang='lat' dir='ltr'><strong>non</strong></span> <span class='ocrx_word' id='word_1_353' title='bbox 2860 2134 3041 2186; x_wconf 86' lang='lat' dir='ltr'><strong>statim</strong></span> <span class='ocrx_word' id='word_1_354' title='bbox 3090 2133 3354 2200; x_wconf 74' lang='lat' dir='ltr'><strong>processit</strong></span> <span class='ocrx_word' id='word_1_355' title='bbox 3392 2133 3457 2185; x_wconf 80' lang='lat' dir='ltr'><strong>ad</strong></span> <span class='ocrx_word' id='word_1_356' title='bbox 3492 2147 3587 2186; x_wconf 89' lang='lat' dir='ltr'><strong>eos</strong></span> <span class='ocrx_word' id='word_1_357' title='bbox 3635 2131 3980 2187; x_wconf 86' lang='lat' dir='ltr'><strong>refellendos</strong></span> <span class='ocrx_word' id='word_1_358' title='bbox 4007 2172 4022 2194; x_wconf 92' lang='lat'><strong>,</strong></span> 
     </span>
    </p>
   </div>
   <div class='ocr_carea' id='block_1_51' title="bbox 2441 2224 4024 2295">
    <p class='ocr_par' dir='ltr' id='par_1_51' title="bbox 2441 2224 4024 2295">
     <span class='ocr_line' id='line_1_51' title="bbox 2441 2224 4024 2295; baseline -0.003 -15"><span class='ocrx_word' id='word_1_359' title='bbox 2441 2243 2549 2281; x_wconf 88' lang='lat' dir='ltr'><strong>non</strong></span> <span class='ocrx_word' id='word_1_360' title='bbox 2585 2226 2797 2280; x_wconf 77' lang='lat' dir='ltr'><strong>induxit</strong></span> <span class='ocrx_word' id='word_1_361' title='bbox 2824 2225 3304 2295; x_wconf 86' lang='lat' dir='ltr'><strong>reprehensiones,</strong></span> <span class='ocrx_word' id='word_1_362' title='bbox 3340 2240 3447 2277; x_wconf 92' lang='lat' dir='ltr'><strong>non</strong></span> <span class='ocrx_word' id='word_1_363' title='bbox 3485 2233 3745 2293; x_wconf 87' lang='lat' dir='ltr'><strong>tanquam</strong></span> <span class='ocrx_word' id='word_1_364' title='bbox 3773 2224 4024 2278; x_wconf 83' lang='lat' dir='ltr'><strong>medica-</strong></span> 
     </span>
    </p>
   </div>
   <div class='ocr_carea' id='block_1_52' title="bbox 2443 2315 4019 2385">
    <p class='ocr_par' dir='ltr' id='par_1_52' title="bbox 2443 2315 4019 2385">
     <span class='ocr_line' id='line_1_52' title="bbox 2443 2315 4019 2385; baseline 0 -16"><span class='ocrx_word' id='word_1_365' title='bbox 2443 2326 2625 2372; x_wconf 88' lang='lat' dir='ltr'><strong>mento</strong></span> <span class='ocrx_word' id='word_1_366' title='bbox 2665 2332 2796 2371; x_wconf 87' lang='lat' dir='ltr'><strong>usus</strong></span> <span class='ocrx_word' id='word_1_367' title='bbox 2828 2326 2913 2370; x_wconf 77' lang='lat' dir='ltr'><strong>est</strong></span> <span class='ocrx_word' id='word_1_368' title='bbox 2961 2316 3316 2379; x_wconf 76' lang='lat' dir='ltr'><strong>austeritate;</strong></span> <span class='ocrx_word' id='word_1_369' title='bbox 3350 2316 3559 2369; x_wconf 90' lang='lat' dir='ltr'><strong>sciebat</strong></span> <span class='ocrx_word' id='word_1_370' title='bbox 3620 2316 3766 2370; x_wconf 88' lang='lat' dir='ltr'><strong>enim</strong></span> <span class='ocrx_word' id='word_1_371' title='bbox 3796 2359 3810 2380; x_wconf 91' lang='lat'><strong>,</strong></span> <span class='ocrx_word' id='word_1_372' title='bbox 3863 2315 4019 2385; x_wconf 86' lang='lat' dir='ltr'><strong>quod</strong></span> 
     </span>
    </p>
   </div>
   <div class='ocr_carea' id='block_1_53' title="bbox 2441 2409 4023 2480">
    <p class='ocr_par' dir='ltr' id='par_1_53' title="bbox 2441 2409 4023 2480">
     <span class='ocr_line' id='line_1_53' title="bbox 2441 2409 4023 2480; baseline -0.001 -16"><span class='ocrx_word' id='word_1_373' title='bbox 2441 2425 2561 2479; x_wconf 76' lang='lat' dir='ltr'><strong>quze</strong></span> <span class='ocrx_word' id='word_1_374' title='bbox 2598 2410 2755 2480; x_wconf 87' lang='lat' dir='ltr'><strong>longa</strong></span> <span class='ocrx_word' id='word_1_375' title='bbox 2788 2410 3185 2464; x_wconf 88' lang='lat' dir='ltr'><strong>consuetudine</strong></span> <span class='ocrx_word' id='word_1_376' title='bbox 3217 2409 3269 2462; x_wconf 91' lang='lat' dir='ltr'><strong>in</strong></span> <span class='ocrx_word' id='word_1_377' title='bbox 3305 2410 3509 2464; x_wconf 86' lang='lat' dir='ltr'><strong>nostris</strong></span> <span class='ocrx_word' id='word_1_378' title='bbox 3533 2409 3855 2463; x_wconf 85' lang='lat' dir='ltr'><strong>confirmata</strong></span> <span class='ocrx_word' id='word_1_379' title='bbox 3885 2420 4023 2463; x_wconf 87' lang='lat' dir='ltr'><strong>sunt</strong></span> 
     </span>
    </p>
   </div>
   <div class='ocr_carea' id='block_1_54' title="bbox 2442 2502 4015 2574">
    <p class='ocr_par' dir='ltr' id='par_1_54' title="bbox 2442 2502 4015 2574">
     <span class='ocr_line' id='line_1_54' title="bbox 2442 2502 4015 2574; baseline -0.001 -16"><span class='ocrx_word' id='word_1_380' title='bbox 2442 2504 2658 2569; x_wconf 89' lang='lat' dir='ltr'><strong>animis,</strong></span> <span class='ocrx_word' id='word_1_381' title='bbox 2691 2520 2795 2558; x_wconf 91' lang='lat' dir='ltr'><strong>non</strong></span> <span class='ocrx_word' id='word_1_382' title='bbox 2830 2512 3059 2574; x_wconf 88' lang='lat' dir='ltr'><strong>possunt</strong></span> <span class='ocrx_word' id='word_1_383' title='bbox 3088 2502 3241 2557; x_wconf 89' lang='lat' dir='ltr'><strong>facile</strong></span> <span class='ocrx_word' id='word_1_384' title='bbox 3285 2504 3454 2558; x_wconf 85' lang='lat' dir='ltr'><strong>deleri</strong></span> <span class='ocrx_word' id='word_1_385' title='bbox 3484 2546 3498 2567; x_wconf 96' lang='lat'><strong>,</strong></span> <span class='ocrx_word' id='word_1_386' title='bbox 3549 2514 3603 2555; x_wconf 88' lang='lat' dir='ltr'><strong>et</strong></span> <span class='ocrx_word' id='word_1_387' title='bbox 3650 2502 4015 2572; x_wconf 89' lang='lat' dir='ltr'><strong>persuasione</strong></span> 
     </span>
    </p>
   </div>
   <div class='ocr_carea' id='block_1_55' title="bbox 2445 2595 4022 2667">
    <p class='ocr_par' dir='ltr' id='par_1_55' title="bbox 2445 2595 4022 2667">
     <span class='ocr_line' id='line_1_55' title="bbox 2445 2595 4022 2667; baseline -0.003 -15"><span class='ocrx_word' id='word_1_388' title='bbox 2445 2602 2639 2667; x_wconf 70' lang='lat' dir='ltr'><strong>magis,</strong></span> <span class='ocrx_word' id='word_1_389' title='bbox 2670 2615 2830 2666; x_wconf 86' lang='lat' dir='ltr'><strong>quam</strong></span> <span class='ocrx_word' id='word_1_390' title='bbox 2866 2598 2915 2651; x_wconf 87' lang='lat' dir='ltr'><strong>vi</strong></span> <span class='ocrx_word' id='word_1_391' title='bbox 2956 2607 3263 2651; x_wconf 91' lang='lat' dir='ltr'><strong>mutantur.</strong></span> <span class='ocrx_word' id='word_1_392' title='bbox 3296 2597 3594 2665; x_wconf 54' lang='lat' dir='ltr'><strong>Proliterea</strong></span> <span class='ocrx_word' id='word_1_393' title='bbox 3642 2595 3809 2664; x_wconf 78' lang='lat' dir='ltr'><strong>magis</strong></span> <span class='ocrx_word' id='word_1_394' title='bbox 3842 2596 4022 2648; x_wconf 77' lang='lat' dir='ltr'><strong>utitur</strong></span> 
     </span>
    </p>
   </div>
   <div class='ocr_carea' id='block_1_56' title="bbox 2444 2687 4016 2753">
    <p class='ocr_par' dir='ltr' id='par_1_56' title="bbox 2444 2687 4016 2753">
     <span class='ocr_line' id='line_1_56' title="bbox 2444 2687 4016 2753; baseline -0.003 -8"><span class='ocrx_word' id='word_1_395' title='bbox 2444 2692 2894 2753; x_wconf 83' lang='lat' dir='ltr'><strong>mansuetudine,</strong></span> <span class='ocrx_word' id='word_1_396' title='bbox 2920 2701 2974 2745; x_wconf 93' lang='lat' dir='ltr'><strong>et</strong></span> <span class='ocrx_word' id='word_1_397' title='bbox 3003 2690 3163 2745; x_wconf 91' lang='lat' dir='ltr'><strong>bonis</strong></span> <span class='ocrx_word' id='word_1_398' title='bbox 3194 2690 3533 2753; x_wconf 88' lang='lat' dir='ltr'><strong>moribus,et</strong></span> <span class='ocrx_word' id='word_1_399' title='bbox 3562 2687 3780 2742; x_wconf 87' lang='lat' dir='ltr'><strong>blandis</strong></span> <span class='ocrx_word' id='word_1_400' title='bbox 3802 2687 4016 2748; x_wconf 86' lang='lat' dir='ltr'><strong>verbis,</strong></span> 
     </span>
    </p>
   </div>
   <div class='ocr_carea' id='block_1_57' title="bbox 2443 2778 4014 2851">
    <p class='ocr_par' dir='ltr' id='par_1_57' title="bbox 2443 2778 4014 2851">
     <span class='ocr_line' id='line_1_57' title="bbox 2443 2778 4014 2851; baseline -0.004 -16"><span class='ocrx_word' id='word_1_401' title='bbox 2443 2797 2672 2851; x_wconf 78' lang='lat' dir='ltr'><strong>magnus</strong></span> <span class='ocrx_word' id='word_1_402' title='bbox 2703 2791 2759 2835; x_wconf 92' lang='lat' dir='ltr'><strong>et</strong></span> <span class='ocrx_word' id='word_1_403' title='bbox 2790 2782 3007 2851; x_wconf 90' lang='lat' dir='ltr'><strong>dignus,</strong></span> <span class='ocrx_word' id='word_1_404' title='bbox 3046 2781 3138 2848; x_wconf 90' lang='lat' dir='ltr'><strong>qui</strong></span> <span class='ocrx_word' id='word_1_405' title='bbox 3178 2781 3230 2833; x_wconf 91' lang='lat' dir='ltr'><strong>in</strong></span> <span class='ocrx_word' id='word_1_406' title='bbox 3266 2780 3474 2832; x_wconf 88' lang='lat' dir='ltr'><strong>honore</strong></span> <span class='ocrx_word' id='word_1_407' title='bbox 3528 2778 3850 2837; x_wconf 88' lang='lat' dir='ltr'><strong>haberetur,</strong></span> <span class='ocrx_word' id='word_1_408' title='bbox 3900 2792 4014 2831; x_wconf 87' lang='lat' dir='ltr'><strong>non</strong></span> 
     </span>
    </p>
   </div>
   <div class='ocr_carea' id='block_1_58' title="bbox 2442 2866 4015 2938">
    <p class='ocr_par' dir='ltr' id='par_1_58' title="bbox 2442 2866 4015 2938">
     <span class='ocr_line' id='line_1_58' title="bbox 2442 2866 4015 2938; baseline -0.004 -12"><span class='ocrx_word' id='word_1_409' title='bbox 2442 2888 2507 2926; x_wconf 73' lang='lat' dir='ltr'><strong>ex</strong></span> <span class='ocrx_word' id='word_1_410' title='bbox 2537 2872 2673 2925; x_wconf 87' lang='lat' dir='ltr'><strong>fastu</strong></span> <span class='ocrx_word' id='word_1_411' title='bbox 2703 2882 2758 2924; x_wconf 91' lang='lat' dir='ltr'><strong>et</strong></span> <span class='ocrx_word' id='word_1_412' title='bbox 2784 2883 3019 2936; x_wconf 90' lang='lat' dir='ltr'><strong>tumore,</strong></span> <span class='ocrx_word' id='word_1_413' title='bbox 3046 2881 3101 2924; x_wconf 91' lang='lat' dir='ltr'><strong>et</strong></span> <span class='ocrx_word' id='word_1_414' title='bbox 3134 2870 3316 2925; x_wconf 86' lang='lat' dir='ltr'><strong>verbis</strong></span> <span class='ocrx_word' id='word_1_415' title='bbox 3352 2869 3677 2938; x_wconf 84' lang='lat' dir='ltr'><strong>magnificis,</strong></span> <span class='ocrx_word' id='word_1_416' title='bbox 3709 2866 3806 2922; x_wconf 90' lang='lat' dir='ltr'><strong>sed</strong></span> <span class='ocrx_word' id='word_1_417' title='bbox 3835 2884 3900 2921; x_wconf 77' lang='lat' dir='ltr'><strong>ex</strong></span> <span class='ocrx_word' id='word_1_418' title='bbox 3933 2867 4015 2920; x_wconf 85' lang='lat' dir='ltr'><strong>fa-</strong></span> 
     </span>
    </p>
   </div>
   <div class='ocr_carea' id='block_1_59' title="bbox 2445 2960 4015 3033">
    <p class='ocr_par' dir='ltr' id='par_1_59' title="bbox 2445 2960 4015 3033">
     <span class='ocr_line' id='line_1_59' title="bbox 2445 2960 4015 3033; baseline -0.002 -16"><span class='ocrx_word' id='word_1_419' title='bbox 2445 2966 2546 3017; x_wconf 92' lang='lat' dir='ltr'><strong>ctis</strong></span> <span class='ocrx_word' id='word_1_420' title='bbox 2574 2973 2627 3017; x_wconf 93' lang='lat' dir='ltr'><strong>et</strong></span> <span class='ocrx_word' id='word_1_421' title='bbox 2649 2965 2818 3033; x_wconf 85' lang='lat' dir='ltr'><strong>signis</strong></span> <span class='ocrx_word' id='word_1_422' title='bbox 2834 2965 2915 3018; x_wconf 90' lang='lat' dir='ltr'><strong>eis</strong></span> <span class='ocrx_word' id='word_1_423' title='bbox 2944 2978 3235 3033; x_wconf 89' lang='lat' dir='ltr'><strong>apparens,</strong></span> <span class='ocrx_word' id='word_1_424' title='bbox 3263 2973 3316 3015; x_wconf 91' lang='lat' dir='ltr'><strong>et</strong></span> <span class='ocrx_word' id='word_1_425' title='bbox 3346 2962 3541 3031; x_wconf 87' lang='lat' dir='ltr'><strong>insigni</strong></span> <span class='ocrx_word' id='word_1_426' title='bbox 3564 2960 3793 3023; x_wconf 88' lang='lat' dir='ltr'><strong>Christi,</strong></span> <span class='ocrx_word' id='word_1_427' title='bbox 3814 2976 4015 3029; x_wconf 84' lang='lat' dir='ltr'><strong>nempe</strong></span> 
     </span>
    </p>
   </div>
   <div class='ocr_carea' id='block_1_60' title="bbox 2445 3054 4016 3123">
    <p class='ocr_par' dir='ltr' id='par_1_60' title="bbox 2445 3054 4016 3123">
     <span class='ocr_line' id='line_1_60' title="bbox 2445 3054 4016 3123; baseline -0.004 -12"><span class='ocrx_word' id='word_1_428' title='bbox 2445 3057 2774 3120; x_wconf 85' lang='lat' dir='ltr'><strong>humilitate,</strong></span> <span class='ocrx_word' id='word_1_429' title='bbox 2807 3056 2963 3109; x_wconf 85' lang='lat' dir='ltr'><strong>valde</strong></span> <span class='ocrx_word' id='word_1_430' title='bbox 3002 3066 3232 3110; x_wconf 90' lang='lat' dir='ltr'><strong>ornatus</strong></span> <span class='ocrx_word' id='word_1_431' title='bbox 3263 3074 3274 3107; x_wconf 92' lang='lat'>:</span> <span class='ocrx_word' id='word_1_432' title='bbox 3314 3071 3424 3123; x_wconf 90' lang='lat' dir='ltr'><strong>quo</strong></span> <span class='ocrx_word' id='word_1_433' title='bbox 3452 3054 3676 3123; x_wconf 90' lang='lat' dir='ltr'><strong>quidem</strong></span> <span class='ocrx_word' id='word_1_434' title='bbox 3715 3068 3810 3106; x_wconf 88' lang='lat' dir='ltr'><strong>eos</strong></span> <span class='ocrx_word' id='word_1_435' title='bbox 3844 3054 4016 3121; x_wconf 72' lang='lat' dir='ltr'><strong>magis</strong></span> 
     </span>
    </p>
   </div>
   <div class='ocr_carea' id='block_1_61' title="bbox 784 3142 4010 3217">
    <p class='ocr_par' dir='ltr' id='par_1_61' title="bbox 784 3142 4010 3217">
     <span class='ocr_line' id='line_1_61' title="bbox 784 3142 4010 3217; baseline 0.001 -24"><span class='ocrx_word' id='word_1_436' title='bbox 784 3145 904 3211; x_wconf 65' lang='lat' dir='ltr'><strong>guis</strong></span> <span class='ocrx_word' id='word_1_437' title='bbox 934 3146 1145 3212; x_wconf 85' lang='lat' dir='ltr'><strong>accepit</strong></span> <span class='ocrx_word' id='word_1_438' title='bbox 1193 3145 1424 3213; x_wconf 87' lang='lat' dir='ltr'><strong>gratiam</strong></span> <span class='ocrx_word' id='word_1_439' title='bbox 1456 3164 1469 3195; x_wconf 82' lang='lat'><strong>;</strong></span> <span class='ocrx_word' id='word_1_440' title='bbox 1502 3153 1553 3194; x_wconf 79' lang='lat' dir='ltr'><strong>et</strong></span> <span class='ocrx_word' id='word_1_441' title='bbox 1592 3157 1713 3194; x_wconf 86' lang='lat' dir='ltr'><strong>cum</strong></span> <span class='ocrx_word' id='word_1_442' title='bbox 1756 3142 1810 3193; x_wconf 90' lang='lat' dir='ltr'><strong>in</strong></span> <span class='ocrx_word' id='word_1_443' title='bbox 1846 3158 2004 3195; x_wconf 91' lang='lat' dir='ltr'><strong>suum</strong></span> <span class='ocrx_word' id='word_1_444' title='bbox 2057 3142 2340 3195; x_wconf 87' lang='lat' dir='ltr'><strong>habitacu-</strong></span> <span class='ocrx_word' id='word_1_445' title='bbox 2364 3147 2409 3209; x_wconf 83' lang='lat' dir='ltr'><strong>C</strong></span> <span class='ocrx_word' id='word_1_446' title='bbox 2443 3149 2689 3217; x_wconf 69' lang='lat' dir='ltr'><strong>cupiebat</strong></span> <span class='ocrx_word' id='word_1_447' title='bbox 2715 3157 2770 3202; x_wconf 79' lang='lat' dir='ltr'><strong>et</strong></span> <span class='ocrx_word' id='word_1_448' title='bbox 2813 3147 3125 3200; x_wconf 80' lang='lat' dir='ltr'><strong>attrahehat</strong></span> <span class='ocrx_word' id='word_1_449' title='bbox 3155 3149 3219 3199; x_wconf 84' lang='lat' dir='ltr'><strong>ad</strong></span> <span class='ocrx_word' id='word_1_450' title='bbox 3251 3145 3614 3214; x_wconf 80' lang='lat' dir='ltr'><strong>agnitionem,</strong></span> <span class='ocrx_word' id='word_1_451' title='bbox 3662 3142 3807 3211; x_wconf 90' lang='lat' dir='ltr'><strong>quod</strong></span> <span class='ocrx_word' id='word_1_452' title='bbox 3859 3154 4010 3197; x_wconf 89' lang='lat' dir='ltr'><strong>esset</strong></span> 
     </span>
    </p>
   </div>
   <div class='ocr_carea' id='block_1_62' title="bbox 790 3232 2341 3301">
    <p class='ocr_par' dir='ltr' id='par_1_62' title="bbox 790 3232 2341 3301">
     <span class='ocr_line' id='line_1_62' title="bbox 790 3232 2341 3301; baseline -0.001 -13"><span class='ocrx_word' id='word_1_453' title='bbox 790 3244 899 3289; x_wconf 79' lang='lat' dir='ltr'><strong>tum</strong></span> <span class='ocrx_word' id='word_1_454' title='bbox 930 3244 1107 3288; x_wconf 89' lang='lat' dir='ltr'><strong>totum</strong></span> <span class='ocrx_word' id='word_1_455' title='bbox 1148 3234 1529 3289; x_wconf 89' lang='lat' dir='ltr'><strong>intromisisset</strong></span> <span class='ocrx_word' id='word_1_456' title='bbox 1562 3234 1850 3301; x_wconf 84' lang='lat' dir='ltr'><strong>Spiritum,</strong></span> <span class='ocrx_word' id='word_1_457' title='bbox 1886 3242 2030 3286; x_wconf 90' lang='lat' dir='ltr'><strong>totus</strong></span> <span class='ocrx_word' id='word_1_458' title='bbox 2059 3232 2161 3285; x_wconf 92' lang='lat' dir='ltr'><strong>fuit</strong></span> <span class='ocrx_word' id='word_1_459' title='bbox 2195 3232 2341 3286; x_wconf 90' lang='lat' dir='ltr'><strong>illius</strong></span> 
     </span>
    </p>
   </div>
   <div class='ocr_carea' id='block_1_63' title="bbox 783 3322 2341 3393">
    <p class='ocr_par' dir='ltr' id='par_1_63' title="bbox 783 3322 2341 3393">
     <span class='ocr_line' id='line_1_63' title="bbox 783 3322 2341 3393; baseline -0.003 -14"><span class='ocrx_word' id='word_1_460' title='bbox 783 3330 1229 3389; x_wconf 83' lang='lat' dir='ltr'><strong>instrumentum,</strong></span> <span class='ocrx_word' id='word_1_461' title='bbox 1256 3325 1409 3377; x_wconf 82' lang='lat' dir='ltr'><strong>valde</strong></span> <span class='ocrx_word' id='word_1_462' title='bbox 1434 3325 1709 3393; x_wconf 85' lang='lat' dir='ltr'><strong>sapienter</strong></span> <span class='ocrx_word' id='word_1_463' title='bbox 1735 3332 1788 3377; x_wconf 92' lang='lat' dir='ltr'><strong>et</strong></span> <span class='ocrx_word' id='word_1_464' title='bbox 1820 3333 2127 3393; x_wconf 89' lang='lat' dir='ltr'><strong>opportune</strong></span> <span class='ocrx_word' id='word_1_465' title='bbox 2156 3322 2341 3392; x_wconf 83' lang='lat' dir='ltr'><strong>pulsa-</strong></span> 
     </span>
    </p>
   </div>
   <div class='ocr_carea' id='block_1_64' title="bbox 784 3412 2344 3482">
    <p class='ocr_par' dir='ltr' id='par_1_64' title="bbox 784 3412 2344 3482">
     <span class='ocr_line' id='line_1_64' title="bbox 784 3412 2344 3482; baseline -0.003 -13"><span class='ocrx_word' id='word_1_466' title='bbox 784 3429 918 3471; x_wconf 92' lang='lat' dir='ltr'><strong>tum.</strong></span> <span class='ocrx_word' id='word_1_467' title='bbox 958 3416 1048 3470; x_wconf 88' lang='lat' dir='ltr'><strong>Sie</strong></span> <span class='ocrx_word' id='word_1_468' title='bbox 1095 3430 1224 3482; x_wconf 86' lang='lat' dir='ltr'><strong>ergo</strong></span> <span class='ocrx_word' id='word_1_469' title='bbox 1266 3414 1504 3470; x_wconf 89' lang='lat' dir='ltr'><strong>Thomas</strong></span> <span class='ocrx_word' id='word_1_470' title='bbox 1553 3415 1619 3469; x_wconf 84' lang='lat' dir='ltr'><strong>ab</strong></span> <span class='ocrx_word' id='word_1_471' title='bbox 1653 3417 1765 3468; x_wconf 91' lang='lat' dir='ltr'><strong>alto</strong></span> <span class='ocrx_word' id='word_1_472' title='bbox 1809 3415 2164 3469; x_wconf 83' lang='lat' dir='ltr'><strong>confirmatus</strong></span> <span class='ocrx_word' id='word_1_473' title='bbox 2190 3454 2205 3476; x_wconf 94' lang='lat'><strong>,</strong></span> <span class='ocrx_word' id='word_1_474' title='bbox 2242 3412 2344 3465; x_wconf 92' lang='lat' dir='ltr'><strong>fuit</strong></span> 
     </span>
    </p>
   </div>
   <div class='ocr_carea' id='block_1_65' title="bbox 784 3504 2344 3578">
    <p class='ocr_par' dir='ltr' id='par_1_65' title="bbox 784 3504 2344 3578">
     <span class='ocr_line' id='line_1_65' title="bbox 784 3504 2344 3578; baseline -0.003 -14"><span class='ocrx_word' id='word_1_475' title='bbox 784 3518 1046 3578; x_wconf 84' lang='lat' dir='ltr'><strong>perpetuo</strong></span> <span class='ocrx_word' id='word_1_476' title='bbox 1071 3511 1369 3571; x_wconf 80' lang='lat' dir='ltr'><strong>accinctus,</strong></span> <span class='ocrx_word' id='word_1_477' title='bbox 1398 3519 1761 3577; x_wconf 89' lang='lat' dir='ltr'><strong>promptoquc</strong></span> <span class='ocrx_word' id='word_1_478' title='bbox 1786 3516 1840 3562; x_wconf 89' lang='lat' dir='ltr'><strong>et</strong></span> <span class='ocrx_word' id='word_1_479' title='bbox 1869 3506 2030 3561; x_wconf 88' lang='lat' dir='ltr'><strong>alacri</strong></span> <span class='ocrx_word' id='word_1_480' title='bbox 2059 3508 2241 3560; x_wconf 91' lang='lat' dir='ltr'><strong>animo</strong></span> <span class='ocrx_word' id='word_1_481' title='bbox 2275 3504 2344 3559; x_wconf 86' lang='lat' dir='ltr'><strong>ad</strong></span> 
     </span>
    </p>
   </div>
   <div class='ocr_carea' id='block_1_66' title="bbox 784 3598 2338 3668">
    <p class='ocr_par' dir='ltr' id='par_1_66' title="bbox 784 3598 2338 3668">
     <span class='ocr_line' id='line_1_66' title="bbox 784 3598 2338 3668; baseline -0.001 -18"><span class='ocrx_word' id='word_1_482' title='bbox 784 3598 1247 3668; x_wconf 72' lang='lat' dir='ltr'><strong>praedicationem,</strong></span> <span class='ocrx_word' id='word_1_483' title='bbox 1279 3598 1416 3651; x_wconf 90' lang='lat' dir='ltr'><strong>nihil</strong></span> <span class='ocrx_word' id='word_1_484' title='bbox 1452 3598 1649 3651; x_wconf 79' lang='lat' dir='ltr'><strong>timens</strong></span> <span class='ocrx_word' id='word_1_485' title='bbox 1680 3612 1871 3650; x_wconf 91' lang='lat' dir='ltr'><strong>eorum</strong></span> <span class='ocrx_word' id='word_1_486' title='bbox 1905 3612 2025 3665; x_wconf 70' lang='lat' dir='ltr'><strong>quae</strong></span> <span class='ocrx_word' id='word_1_487' title='bbox 2073 3605 2200 3649; x_wconf 92' lang='lat' dir='ltr'><strong>sunt</strong></span> <span class='ocrx_word' id='word_1_488' title='bbox 2230 3605 2338 3648; x_wconf 83' lang='lat' dir='ltr'><strong>ter-</strong></span> 
     </span>
    </p>
   </div>
   <div class='ocr_carea' id='block_1_67' title="bbox 786 3689 2341 3759">
    <p class='ocr_par' dir='ltr' id='par_1_67' title="bbox 786 3689 2341 3759">
     <span class='ocr_line' id='line_1_67' title="bbox 786 3689 2341 3759; baseline -0.002 -14"><span class='ocrx_word' id='word_1_489' title='bbox 786 3692 989 3756; x_wconf 85' lang='lat' dir='ltr'><strong>ribilia,</strong></span> <span class='ocrx_word' id='word_1_490' title='bbox 1014 3705 1113 3745; x_wconf 89' lang='lat' dir='ltr'><strong>nec</strong></span> <span class='ocrx_word' id='word_1_491' title='bbox 1143 3699 1370 3759; x_wconf 87' lang='lat' dir='ltr'><strong>stupens</strong></span> <span class='ocrx_word' id='word_1_492' title='bbox 1396 3690 1600 3759; x_wconf 88' lang='lat' dir='ltr'><strong>aliquid</strong></span> <span class='ocrx_word' id='word_1_493' title='bbox 1636 3704 1825 3743; x_wconf 90' lang='lat' dir='ltr'><strong>eorum</strong></span> <span class='ocrx_word' id='word_1_494' title='bbox 1878 3703 1998 3757; x_wconf 69' lang='lat' dir='ltr'><strong>quae</strong></span> <span class='ocrx_word' id='word_1_495' title='bbox 2043 3696 2172 3744; x_wconf 88' lang='lat' dir='ltr'><strong>sunt</strong></span> <span class='ocrx_word' id='word_1_496' title='bbox 2197 3689 2341 3742; x_wconf 86' lang='lat' dir='ltr'><strong>clara</strong></span> 
     </span>
    </p>
   </div>
   <div class='ocr_carea' id='block_1_68' title="bbox 781 3785 1114 3841">
    <p class='ocr_par' dir='ltr' id='par_1_68' title="bbox 781 3785 1114 3841">
     <span class='ocr_line' id='line_1_68' title="bbox 781 3785 1114 3841; baseline -0.015 0"><span class='ocrx_word' id='word_1_497' title='bbox 781 3796 837 3841; x_wconf 90' lang='lat' dir='ltr'><strong>et</strong></span> <span class='ocrx_word' id='word_1_498' title='bbox 864 3785 1114 3839; x_wconf 89' lang='lat' dir='ltr'><strong>illustria.</strong></span> 
     </span>
    </p>
   </div>
   <div class='ocr_carea' id='block_1_69' title="bbox 858 3871 2343 3945">
    <p class='ocr_par' dir='ltr' id='par_1_69' title="bbox 858 3871 2343 3945">
     <span class='ocr_line' id='line_1_69' title="bbox 858 3871 2343 3945; baseline -0.006 -14"><span class='ocrx_word' id='word_1_499' title='bbox 858 3878 993 3931; x_wconf 74' lang='grc' dir='ltr'>νιιι.</span> <span class='ocrx_word' id='word_1_500' title='bbox 1023 3876 1158 3930; x_wconf 90' lang='lat' dir='ltr'><strong>Cum</strong></span> <span class='ocrx_word' id='word_1_501' title='bbox 1194 3890 1322 3945; x_wconf 81' lang='lat' dir='ltr'><strong>ergo</strong></span> <span class='ocrx_word' id='word_1_502' title='bbox 1354 3890 1439 3930; x_wconf 88' lang='lat' dir='ltr'><strong>res</strong></span> <span class='ocrx_word' id='word_1_503' title='bbox 1470 3873 1728 3943; x_wconf 80' lang='lat' dir='ltr'><strong>apostolis</strong></span> <span class='ocrx_word' id='word_1_504' title='bbox 1758 3888 1815 3927; x_wconf 89' lang='lat' dir='ltr'><strong>se</strong></span> <span class='ocrx_word' id='word_1_505' title='bbox 1840 3872 2105 3927; x_wconf 89' lang='lat' dir='ltr'><strong>haberent</strong></span> <span class='ocrx_word' id='word_1_506' title='bbox 2135 3887 2199 3925; x_wconf 80' lang='lat' dir='ltr'><strong>ex</strong></span> <span class='ocrx_word' id='word_1_507' title='bbox 2225 3871 2343 3923; x_wconf 86' lang='lat' dir='ltr'><strong>ani-</strong></span> 
     </span>
    </p>
   </div>
   <div class='ocr_carea' id='block_1_70' title="bbox 791 3962 2343 4033">
    <p class='ocr_par' dir='ltr' id='par_1_70' title="bbox 791 3962 2343 4033">
     <span class='ocr_line' id='line_1_70' title="bbox 791 3962 2343 4033; baseline -0.004 -13"><span class='ocrx_word' id='word_1_508' title='bbox 791 3967 860 4021; x_wconf 84' lang='lat' dir='ltr'><strong>mi</strong></span> <span class='ocrx_word' id='word_1_509' title='bbox 896 3968 1199 4027; x_wconf 87' lang='lat' dir='ltr'><strong>sententia.</strong></span> <span class='ocrx_word' id='word_1_510' title='bbox 1246 3973 1525 4033; x_wconf 83' lang='lat' dir='ltr'><strong>oporteret</strong></span> <span class='ocrx_word' id='word_1_511' title='bbox 1568 3972 1747 4017; x_wconf 88' lang='lat' dir='ltr'><strong>autem</strong></span> <span class='ocrx_word' id='word_1_512' title='bbox 1780 3963 1992 4017; x_wconf 90' lang='lat' dir='ltr'><strong>Domini</strong></span> <span class='ocrx_word' id='word_1_513' title='bbox 2026 3964 2232 4032; x_wconf 78' lang='lat' dir='ltr'><strong>iussum</strong></span> <span class='ocrx_word' id='word_1_514' title='bbox 2279 3962 2343 4015; x_wconf 86' lang='lat' dir='ltr'><strong>fi-</strong></span> 
     </span>
    </p>
   </div>
   <div class='ocr_carea' id='block_1_71' title="bbox 790 4053 2344 4127">
    <p class='ocr_par' dir='ltr' id='par_1_71' title="bbox 790 4053 2344 4127">
     <span class='ocr_line' id='line_1_71' title="bbox 790 4053 2344 4127; baseline -0.003 -16"><span class='ocrx_word' id='word_1_515' title='bbox 790 4076 911 4112; x_wconf 90' lang='lat' dir='ltr'><strong>nem</strong></span> <span class='ocrx_word' id='word_1_516' title='bbox 938 4061 1207 4126; x_wconf 86' lang='lat' dir='ltr'><strong>accipere,</strong></span> <span class='ocrx_word' id='word_1_517' title='bbox 1238 4058 1331 4127; x_wconf 91' lang='lat' dir='ltr'><strong>qui</strong></span> <span class='ocrx_word' id='word_1_518' title='bbox 1362 4056 1582 4127; x_wconf 91' lang='lat' dir='ltr'><strong>quidem</strong></span> <span class='ocrx_word' id='word_1_519' title='bbox 1610 4063 1730 4108; x_wconf 88' lang='lat' dir='ltr'><strong>erat</strong></span> <span class='ocrx_word' id='word_1_520' title='bbox 1768 4072 1781 4106; x_wconf 93' lang='lat'>:</span> <span class='ocrx_word' id='word_1_521' title='bbox 1817 4072 1835 4105; x_wconf 78' lang='grc' dir='ltr'>ι</span> <span class='ocrx_word' id='word_1_522' title='bbox 1867 4053 2074 4109; x_wconf 85' lang='lat' dir='ltr'><strong>Euntes</strong></span> <span class='ocrx_word' id='word_1_523' title='bbox 2101 4054 2154 4107; x_wconf 93' lang='lat' dir='ltr'><strong>in</strong></span> <span class='ocrx_word' id='word_1_524' title='bbox 2185 4069 2344 4107; x_wconf 57' lang='lat' dir='ltr'><strong>mune</strong></span> 
     </span>
    </p>
   </div>
   <div class='ocr_carea' id='block_1_72' title="bbox 788 4146 2347 4217">
    <p class='ocr_par' dir='ltr' id='par_1_72' title="bbox 788 4146 2347 4217">
     <span class='ocr_line' id='line_1_72' title="bbox 788 4146 2347 4217; baseline -0.002 -15"><span class='ocrx_word' id='word_1_525' title='bbox 788 4153 939 4213; x_wconf 88' lang='lat' dir='ltr'><strong>dum,</strong></span> <span class='ocrx_word' id='word_1_526' title='bbox 970 4150 1161 4204; x_wconf 77' lang='lat' dir='ltr'><strong>docete</strong></span> <span class='ocrx_word' id='word_1_527' title='bbox 1188 4164 1377 4201; x_wconf 91' lang='lat' dir='ltr'><strong>omnes</strong></span> <span class='ocrx_word' id='word_1_528' title='bbox 1409 4155 1598 4217; x_wconf 84' lang='lat' dir='ltr'><strong>gentes</strong></span> <span class='ocrx_word' id='word_1_529' title='bbox 1622 4146 1699 4211; x_wconf 72' lang='grc'><strong>⁸,»</strong></span> <span class='ocrx_word' id='word_1_530' title='bbox 1727 4148 1865 4199; x_wconf 87' lang='lat' dir='ltr'><strong>alius</strong></span> <span class='ocrx_word' id='word_1_531' title='bbox 1890 4147 2108 4214; x_wconf 88' lang='lat' dir='ltr'><strong>quidem</strong></span> <span class='ocrx_word' id='word_1_532' title='bbox 2138 4161 2203 4200; x_wconf 80' lang='lat' dir='ltr'><strong>ex</strong></span> <span class='ocrx_word' id='word_1_533' title='bbox 2218 4161 2347 4215; x_wconf 85' lang='lat' dir='ltr'><strong>apo-</strong></span> 
     </span>
    </p>
   </div>
   <div class='ocr_carea' id='block_1_73' title="bbox 790 4237 2343 4307">
    <p class='ocr_par' dir='ltr' id='par_1_73' title="bbox 790 4237 2343 4307">
     <span class='ocr_line' id='line_1_73' title="bbox 790 4237 2343 4307; baseline 0 -16"><span class='ocrx_word' id='word_1_534' title='bbox 790 4243 942 4296; x_wconf 72' lang='lat' dir='ltr'><strong>stolis</strong></span> <span class='ocrx_word' id='word_1_535' title='bbox 970 4241 1129 4295; x_wconf 90' lang='lat' dir='ltr'><strong>aliam</strong></span> <span class='ocrx_word' id='word_1_536' title='bbox 1170 4240 1322 4292; x_wconf 87' lang='lat' dir='ltr'><strong>orbis</strong></span> <span class='ocrx_word' id='word_1_537' title='bbox 1360 4248 1517 4293; x_wconf 65' lang='lat' dir='ltr'><strong>terra:</strong></span> <span class='ocrx_word' id='word_1_538' title='bbox 1547 4248 1757 4307; x_wconf 82' lang='lat' dir='ltr'><strong>partem</strong></span> <span class='ocrx_word' id='word_1_539' title='bbox 1805 4237 2033 4291; x_wconf 86' lang='lat' dir='ltr'><strong>sortitus</strong></span> <span class='ocrx_word' id='word_1_540' title='bbox 2061 4247 2166 4298; x_wconf 89' lang='lat' dir='ltr'><strong>est,</strong></span> <span class='ocrx_word' id='word_1_541' title='bbox 2199 4238 2343 4292; x_wconf 91' lang='lat' dir='ltr'><strong>sicut</strong></span> 
     </span>
    </p>
   </div>
   <div class='ocr_carea' id='block_1_74' title="bbox 792 4328 2343 4397">
    <p class='ocr_par' dir='ltr' id='par_1_74' title="bbox 792 4328 2343 4397">
     <span class='ocr_line' id='line_1_74' title="bbox 792 4328 2343 4397; baseline 0.003 -20"><span class='ocrx_word' id='word_1_542' title='bbox 792 4332 891 4393; x_wconf 70' lang='grc' dir='ltr'><strong>ςιίε,</strong></span> <span class='ocrx_word' id='word_1_543' title='bbox 942 4330 1035 4397; x_wconf 88' lang='lat' dir='ltr'><strong>qni</strong></span> <span class='ocrx_word' id='word_1_544' title='bbox 1091 4329 1405 4388; x_wconf 81' lang='lat' dir='ltr'><strong>advenerat,</strong></span> <span class='ocrx_word' id='word_1_545' title='bbox 1462 4329 1739 4395; x_wconf 79' lang='lat' dir='ltr'><strong>Spiritus,</strong></span> <span class='ocrx_word' id='word_1_546' title='bbox 1790 4336 1991 4381; x_wconf 88' lang='lat' dir='ltr'><strong>sortem</strong></span> <span class='ocrx_word' id='word_1_547' title='bbox 2038 4328 2343 4381; x_wconf 83' lang='lat' dir='ltr'><strong>definierat.</strong></span> 
     </span>
    </p>
   </div>
   <div class='ocr_carea' id='block_1_75' title="bbox 791 4417 2345 4490">
    <p class='ocr_par' dir='ltr' id='par_1_75' title="bbox 791 4417 2345 4490">
     <span class='ocr_line' id='line_1_75' title="bbox 791 4417 2345 4490; baseline -0.001 -16"><span class='ocrx_word' id='word_1_548' title='bbox 791 4422 1027 4474; x_wconf 79' lang='lat' dir='ltr'><strong>Thomas</strong></span> <span class='ocrx_word' id='word_1_549' title='bbox 1059 4421 1222 4490; x_wconf 82' lang='lat' dir='ltr'><strong>igitur</strong></span> <span class='ocrx_word' id='word_1_550' title='bbox 1249 4422 1445 4473; x_wconf 89' lang='lat' dir='ltr'><strong>missus</strong></span> <span class='ocrx_word' id='word_1_551' title='bbox 1467 4430 1551 4472; x_wconf 89' lang='lat' dir='ltr'><strong>est</strong></span> <span class='ocrx_word' id='word_1_552' title='bbox 1573 4418 1626 4471; x_wconf 92' lang='lat' dir='ltr'><strong>in</strong></span> <span class='ocrx_word' id='word_1_553' title='bbox 1646 4418 1874 4481; x_wconf 88' lang='lat' dir='ltr'><strong>Indiam,</strong></span> <span class='ocrx_word' id='word_1_554' title='bbox 1902 4432 2023 4487; x_wconf 78' lang='lat' dir='ltr'><strong>qua:</strong></span> <span class='ocrx_word' id='word_1_555' title='bbox 2041 4426 2157 4472; x_wconf 93' lang='lat' dir='ltr'><strong>erat</strong></span> <span class='ocrx_word' id='word_1_556' title='bbox 2185 4417 2345 4487; x_wconf 89' lang='lat' dir='ltr'><strong>plane</strong></span> 
     </span>
    </p>
   </div>
   <div class='ocr_carea' id='block_1_76' title="bbox 2444 3235 4013 3309">
    <p class='ocr_par' dir='ltr' id='par_1_76' title="bbox 2444 3235 4013 3309">
     <span class='ocr_line' id='line_1_76' title="bbox 2444 3235 4013 3309; baseline -0.003 -16"><span class='ocrx_word' id='word_1_557' title='bbox 2444 3239 2704 3309; x_wconf 81' lang='lat' dir='ltr'><strong>operibus</strong></span> <span class='ocrx_word' id='word_1_558' title='bbox 2730 3237 2952 3307; x_wconf 90' lang='lat' dir='ltr'><strong>quidem</strong></span> <span class='ocrx_word' id='word_1_559' title='bbox 2988 3236 3351 3297; x_wconf 88' lang='lat' dir='ltr'><strong>admirabilis,</strong></span> <span class='ocrx_word' id='word_1_560' title='bbox 3395 3235 3595 3305; x_wconf 91' lang='lat' dir='ltr'><strong>spiritu</strong></span> <span class='ocrx_word' id='word_1_561' title='bbox 3643 3244 3825 3288; x_wconf 79' lang='lat' dir='ltr'><strong>autem</strong></span> <span class='ocrx_word' id='word_1_562' title='bbox 3862 3235 4013 3288; x_wconf 83' lang='lat' dir='ltr'><strong>initis</strong></span> 
     </span>
    </p>
   </div>
   <div class='ocr_carea' id='block_1_77' title="bbox 2444 3323 4010 3396">
    <p class='ocr_par' dir='ltr' id='par_1_77' title="bbox 2444 3323 4010 3396">
     <span class='ocr_line' id='line_1_77' title="bbox 2444 3323 4010 3396; baseline -0.006 -11"><span class='ocrx_word' id='word_1_563' title='bbox 2444 3340 2500 3385; x_wconf 91' lang='lat' dir='ltr'><strong>et</strong></span> <span class='ocrx_word' id='word_1_564' title='bbox 2522 3330 2856 3383; x_wconf 91' lang='lat' dir='ltr'><strong>moderatus.</strong></span> <span class='ocrx_word' id='word_1_565' title='bbox 2886 3328 3074 3396; x_wconf 86' lang='lat' dir='ltr'><strong>Itaque</strong></span> <span class='ocrx_word' id='word_1_566' title='bbox 3097 3326 3227 3379; x_wconf 91' lang='lat' dir='ltr'><strong>moti</strong></span> <span class='ocrx_word' id='word_1_567' title='bbox 3256 3323 3616 3379; x_wconf 77' lang='lat' dir='ltr'><strong>admiratione</strong></span> <span class='ocrx_word' id='word_1_568' title='bbox 3640 3324 3780 3388; x_wconf 90' lang='lat' dir='ltr'><strong>Indi,</strong></span> <span class='ocrx_word' id='word_1_569' title='bbox 3816 3338 4010 3393; x_wconf 86' lang='lat' dir='ltr'><strong>rogare</strong></span> 
     </span>
    </p>
   </div>
   <div class='ocr_carea' id='block_1_78' title="bbox 2445 3416 4013 3489">
    <p class='ocr_par' dir='ltr' id='par_1_78' title="bbox 2445 3416 4013 3489">
     <span class='ocr_line' id='line_1_78' title="bbox 2445 3416 4013 3489; baseline -0.005 -14"><span class='ocrx_word' id='word_1_570' title='bbox 2445 3428 2731 3489; x_wconf 76' lang='lat' dir='ltr'><strong>cmperunt</strong></span> <span class='ocrx_word' id='word_1_571' title='bbox 2761 3418 3013 3487; x_wconf 89' lang='lat' dir='ltr'><strong>quisnam</strong></span> <span class='ocrx_word' id='word_1_572' title='bbox 3045 3428 3210 3481; x_wconf 91' lang='lat' dir='ltr'><strong>esset,</strong></span> <span class='ocrx_word' id='word_1_573' title='bbox 3244 3427 3301 3469; x_wconf 89' lang='lat' dir='ltr'><strong>et</strong></span> <span class='ocrx_word' id='word_1_574' title='bbox 3333 3416 3486 3486; x_wconf 70' lang='lat' dir='ltr'><strong>cuias</strong></span> <span class='ocrx_word' id='word_1_575' title='bbox 3513 3429 3713 3483; x_wconf 80' lang='lat' dir='ltr'><strong>genere</strong></span> <span class='ocrx_word' id='word_1_576' title='bbox 3734 3453 3749 3478; x_wconf 89' lang='lat'><strong>,</strong></span> <span class='ocrx_word' id='word_1_577' title='bbox 3778 3422 3834 3468; x_wconf 92' lang='lat' dir='ltr'><strong>et</strong></span> <span class='ocrx_word' id='word_1_578' title='bbox 3861 3430 4013 3483; x_wconf 71' lang='lat' dir='ltr'><strong>quaa-</strong></span> 
     </span>
    </p>
   </div>
   <div class='ocr_carea' id='block_1_79' title="bbox 2446 3506 4011 3579">
    <p class='ocr_par' dir='ltr' id='par_1_79' title="bbox 2446 3506 4011 3579">
     <span class='ocr_line' id='line_1_79' title="bbox 2446 3506 4011 3579; baseline -0.005 -14"><span class='ocrx_word' id='word_1_579' title='bbox 2446 3526 2572 3565; x_wconf 89' lang='lat' dir='ltr'><strong>nam</strong></span> <span class='ocrx_word' id='word_1_580' title='bbox 2596 3521 2739 3565; x_wconf 86' lang='lat' dir='ltr'><strong>esset</strong></span> <span class='ocrx_word' id='word_1_581' title='bbox 2766 3510 2885 3579; x_wconf 84' lang='lat' dir='ltr'><strong>ejus</strong></span> <span class='ocrx_word' id='word_1_582' title='bbox 2911 3508 3125 3578; x_wconf 78' lang='lat' dir='ltr'><strong>religio,</strong></span> <span class='ocrx_word' id='word_1_583' title='bbox 3150 3518 3206 3561; x_wconf 89' lang='lat' dir='ltr'><strong>et</strong></span> <span class='ocrx_word' id='word_1_584' title='bbox 3232 3508 3379 3575; x_wconf 89' lang='lat' dir='ltr'><strong>quod</strong></span> <span class='ocrx_word' id='word_1_585' title='bbox 3414 3506 3681 3559; x_wconf 86' lang='lat' dir='ltr'><strong>studium.</strong></span> <span class='ocrx_word' id='word_1_586' title='bbox 3706 3506 3799 3559; x_wconf 91' lang='lat' dir='ltr'><strong>llle</strong></span> <span class='ocrx_word' id='word_1_587' title='bbox 3826 3520 4011 3559; x_wconf 83' lang='lat' dir='ltr'><strong>autem</strong></span> 
     </span>
    </p>
   </div>
   <div class='ocr_carea' id='block_1_80' title="bbox 2450 3595 4012 3673">
    <p class='ocr_par' dir='ltr' id='par_1_80' title="bbox 2450 3595 4012 3673">
     <span class='ocr_line' id='line_1_80' title="bbox 2450 3595 4012 3673; baseline -0.003 -20"><span class='ocrx_word' id='word_1_588' title='bbox 2450 3600 2713 3673; x_wconf 91' lang='lat' dir='ltr'><strong>(habebat</strong></span> <span class='ocrx_word' id='word_1_589' title='bbox 2745 3600 2891 3652; x_wconf 87' lang='lat' dir='ltr'><strong>enim</strong></span> <span class='ocrx_word' id='word_1_590' title='bbox 2924 3597 2978 3651; x_wconf 89' lang='lat' dir='ltr'><strong>in</strong></span> <span class='ocrx_word' id='word_1_591' title='bbox 3015 3612 3073 3651; x_wconf 85' lang='lat' dir='ltr'><strong>se</strong></span> <span class='ocrx_word' id='word_1_592' title='bbox 3106 3596 3383 3654; x_wconf 87' lang='lat' dir='ltr'><strong>Christum</strong></span> <span class='ocrx_word' id='word_1_593' title='bbox 3430 3595 3772 3666; x_wconf 86' lang='lat' dir='ltr'><strong>magistrum)</strong></span> <span class='ocrx_word' id='word_1_594' title='bbox 3813 3596 4012 3649; x_wconf 87' lang='lat' dir='ltr'><strong>leuiter</strong></span> 
     </span>
    </p>
   </div>
   <div class='ocr_carea' id='block_1_81' title="bbox 2445 3687 4008 3758">
    <p class='ocr_par' dir='ltr' id='par_1_81' title="bbox 2445 3687 4008 3758">
     <span class='ocr_line' id='line_1_81' title="bbox 2445 3687 4008 3758; baseline -0.006 -8"><span class='ocrx_word' id='word_1_595' title='bbox 2445 3705 2499 3750; x_wconf 90' lang='lat' dir='ltr'><strong>et</strong></span> <span class='ocrx_word' id='word_1_596' title='bbox 2530 3694 2775 3747; x_wconf 89' lang='lat' dir='ltr'><strong>modeste</strong></span> <span class='ocrx_word' id='word_1_597' title='bbox 2819 3689 3121 3758; x_wconf 90' lang='lat' dir='ltr'><strong>respondit,</strong></span> <span class='ocrx_word' id='word_1_598' title='bbox 3169 3690 3312 3758; x_wconf 87' lang='lat' dir='ltr'><strong>quod</strong></span> <span class='ocrx_word' id='word_1_599' title='bbox 3360 3698 3509 3741; x_wconf 91' lang='lat' dir='ltr'><strong>esset</strong></span> <span class='ocrx_word' id='word_1_600' title='bbox 3550 3702 3749 3758; x_wconf 86' lang='lat' dir='ltr'><strong>genere</strong></span> <span class='ocrx_word' id='word_1_601' title='bbox 3783 3687 4008 3755; x_wconf 90' lang='lat' dir='ltr'><strong>quidem</strong></span> 
     </span>
    </p>
   </div>
   <div class='ocr_carea' id='block_1_82' title="bbox 2444 3778 4011 3851">
    <p class='ocr_par' dir='ltr' id='par_1_82' title="bbox 2444 3778 4011 3851">
     <span class='ocr_line' id='line_1_82' title="bbox 2444 3778 4011 3851; baseline -0.004 -11"><span class='ocrx_word' id='word_1_602' title='bbox 2444 3784 2687 3845; x_wconf 74' lang='lat' dir='ltr'><strong>Judteus,</strong></span> <span class='ocrx_word' id='word_1_603' title='bbox 2723 3782 3027 3851; x_wconf 88' lang='lat' dir='ltr'><strong>discipulus</strong></span> <span class='ocrx_word' id='word_1_604' title='bbox 3078 3789 3261 3834; x_wconf 91' lang='lat' dir='ltr'><strong>autem</strong></span> <span class='ocrx_word' id='word_1_605' title='bbox 3312 3780 3538 3849; x_wconf 86' lang='lat' dir='ltr'><strong>insignis</strong></span> <span class='ocrx_word' id='word_1_606' title='bbox 3581 3779 3729 3832; x_wconf 89' lang='lat' dir='ltr'><strong>illius</strong></span> <span class='ocrx_word' id='word_1_607' title='bbox 3769 3778 4011 3848; x_wconf 76' lang='lat' dir='ltr'><strong>Moysis,</strong></span> 
     </span>
    </p>
   </div>
   <div class='ocr_carea' id='block_1_83' title="bbox 2448 3869 4007 3943">
    <p class='ocr_par' dir='ltr' id='par_1_83' title="bbox 2448 3869 4007 3943">
     <span class='ocr_line' id='line_1_83' title="bbox 2448 3869 4007 3943; baseline -0.004 -15"><span class='ocrx_word' id='word_1_608' title='bbox 2448 3876 2595 3929; x_wconf 88' lang='lat' dir='ltr'><strong>illius</strong></span> <span class='ocrx_word' id='word_1_609' title='bbox 2636 3876 2855 3943; x_wconf 88' lang='lat' dir='ltr'><strong>inquam</strong></span> <span class='ocrx_word' id='word_1_610' title='bbox 2898 3871 3113 3943; x_wconf 81' lang='lat' dir='ltr'><strong>Moysis,</strong></span> <span class='ocrx_word' id='word_1_611' title='bbox 3134 3871 3228 3939; x_wconf 91' lang='lat' dir='ltr'><strong>qui</strong></span> <span class='ocrx_word' id='word_1_612' title='bbox 3272 3885 3395 3924; x_wconf 91' lang='lat' dir='ltr'><strong>cum</strong></span> <span class='ocrx_word' id='word_1_613' title='bbox 3419 3870 3528 3923; x_wconf 90' lang='lat' dir='ltr'><strong>Deo</strong></span> <span class='ocrx_word' id='word_1_614' title='bbox 3556 3878 3641 3922; x_wconf 92' lang='lat' dir='ltr'><strong>est</strong></span> <span class='ocrx_word' id='word_1_615' title='bbox 3662 3869 3966 3923; x_wconf 80' lang='lat' dir='ltr'><strong>collocutus</strong></span> <span class='ocrx_word' id='word_1_616' title='bbox 3992 3910 4007 3933; x_wconf 95' lang='lat'><strong>,</strong></span> 
     </span>
    </p>
   </div>
   <div class='ocr_carea' id='block_1_84' title="bbox 2452 3959 4009 4030">
    <p class='ocr_par' dir='ltr' id='par_1_84' title="bbox 2452 3959 4009 4030">
     <span class='ocr_line' id='line_1_84' title="bbox 2452 3959 4009 4030; baseline -0.006 -10"><span class='ocrx_word' id='word_1_617' title='bbox 2452 3965 2651 4020; x_wconf 88' lang='lat' dir='ltr'><strong>deinde</strong></span> <span class='ocrx_word' id='word_1_618' title='bbox 2685 3964 2851 4019; x_wconf 89' lang='lat' dir='ltr'><strong>etiam</strong></span> <span class='ocrx_word' id='word_1_619' title='bbox 2874 3960 3080 4016; x_wconf 86' lang='lat' dir='ltr'><strong>Christi</strong></span> <span class='ocrx_word' id='word_1_620' title='bbox 3115 3960 3238 4014; x_wconf 85' lang='lat' dir='ltr'><strong>Filii</strong></span> <span class='ocrx_word' id='word_1_621' title='bbox 3264 3960 3360 4013; x_wconf 86' lang='lat' dir='ltr'><strong>Dei</strong></span> <span class='ocrx_word' id='word_1_622' title='bbox 3386 3959 3711 4030; x_wconf 90' lang='lat' dir='ltr'><strong>discipulus,</strong></span> <span class='ocrx_word' id='word_1_623' title='bbox 3737 3959 3830 4027; x_wconf 91' lang='lat' dir='ltr'><strong>qui</strong></span> <span class='ocrx_word' id='word_1_624' title='bbox 3865 3960 4009 4012; x_wconf 88' lang='lat' dir='ltr'><strong>venit</strong></span> 
     </span>
    </p>
   </div>
   <div class='ocr_carea' id='block_1_85' title="bbox 2448 4051 4011 4120">
    <p class='ocr_par' dir='ltr' id='par_1_85' title="bbox 2448 4051 4011 4120">
     <span class='ocr_line' id='line_1_85' title="bbox 2448 4051 4011 4120; baseline -0.004 -8"><span class='ocrx_word' id='word_1_625' title='bbox 2448 4058 2516 4113; x_wconf 91' lang='lat' dir='ltr'><strong>ad</strong></span> <span class='ocrx_word' id='word_1_626' title='bbox 2556 4056 2746 4111; x_wconf 89' lang='lat' dir='ltr'><strong>mundi</strong></span> <span class='ocrx_word' id='word_1_627' title='bbox 2778 4056 3030 4119; x_wconf 89' lang='lat' dir='ltr'><strong>salutem,</strong></span> <span class='ocrx_word' id='word_1_628' title='bbox 3060 4063 3115 4107; x_wconf 94' lang='lat' dir='ltr'><strong>et</strong></span> <span class='ocrx_word' id='word_1_629' title='bbox 3138 4051 3283 4120; x_wconf 88' lang='lat' dir='ltr'><strong>quod</strong></span> <span class='ocrx_word' id='word_1_630' title='bbox 3316 4051 3480 4106; x_wconf 90' lang='lat' dir='ltr'><strong>vitam</strong></span> <span class='ocrx_word' id='word_1_631' title='bbox 3505 4060 3765 4104; x_wconf 73' lang='lat' dir='ltr'><strong>aeternam</strong></span> <span class='ocrx_word' id='word_1_632' title='bbox 3812 4060 3869 4105; x_wconf 90' lang='lat' dir='ltr'><strong>et</strong></span> <span class='ocrx_word' id='word_1_633' title='bbox 3893 4051 4011 4105; x_wconf 89' lang='lat' dir='ltr'><strong>ani-</strong></span> 
     </span>
    </p>
   </div>
   <div class='ocr_carea' id='block_1_86' title="bbox 2448 4143 4003 4212">
    <p class='ocr_par' dir='ltr' id='par_1_86' title="bbox 2448 4143 4003 4212">
     <span class='ocr_line' id='line_1_86' title="bbox 2448 4143 4003 4212; baseline -0.005 -7"><span class='ocrx_word' id='word_1_634' title='bbox 2448 4166 2658 4205; x_wconf 87' lang='lat' dir='ltr'><strong>marum</strong></span> <span class='ocrx_word' id='word_1_635' title='bbox 2692 4149 2921 4204; x_wconf 87' lang='lat' dir='ltr'><strong>salutem</strong></span> <span class='ocrx_word' id='word_1_636' title='bbox 2952 4147 3163 4201; x_wconf 82' lang='lat' dir='ltr'><strong>veniret</strong></span> <span class='ocrx_word' id='word_1_637' title='bbox 3193 4144 3582 4199; x_wconf 84' lang='lat' dir='ltr'><strong>annuntiatqu</strong></span> <span class='ocrx_word' id='word_1_638' title='bbox 3621 4162 3633 4194; x_wconf 92' lang='lat'>:</span> <span class='ocrx_word' id='word_1_639' title='bbox 3664 4143 3867 4212; x_wconf 87' lang='lat' dir='ltr'><strong>quibus</strong></span> <span class='ocrx_word' id='word_1_640' title='bbox 3910 4144 4003 4211; x_wconf 89' lang='lat' dir='ltr'><strong>qui</strong></span> 
     </span>
    </p>
   </div>
   <div class='ocr_carea' id='block_1_87' title="bbox 2448 4234 4005 4303">
    <p class='ocr_par' dir='ltr' id='par_1_87' title="bbox 2448 4234 4005 4303">
     <span class='ocr_line' id='line_1_87' title="bbox 2448 4234 4005 4303; baseline -0.006 -6"><span class='ocrx_word' id='word_1_641' title='bbox 2448 4240 2818 4303; x_wconf 88' lang='lat' dir='ltr'><strong>crediderint,</strong></span> <span class='ocrx_word' id='word_1_642' title='bbox 2854 4245 3022 4292; x_wconf 90' lang='lat' dir='ltr'><strong>erunt</strong></span> <span class='ocrx_word' id='word_1_643' title='bbox 3056 4235 3420 4290; x_wconf 80' lang='lat' dir='ltr'><strong>ineﬂ&#39;abilium</strong></span> <span class='ocrx_word' id='word_1_644' title='bbox 3457 4235 3726 4289; x_wconf 87' lang='lat' dir='ltr'><strong>bonorum</strong></span> <span class='ocrx_word' id='word_1_645' title='bbox 3780 4234 4005 4300; x_wconf 85' lang='lat' dir='ltr'><strong>partici-</strong></span> 
     </span>
    </p>
   </div>
   <div class='ocr_carea' id='block_1_88' title="bbox 2449 4325 4008 4405">
    <p class='ocr_par' dir='ltr' id='par_1_88' title="bbox 2449 4325 4008 4405">
     <span class='ocr_line' id='line_1_88' title="bbox 2449 4325 4008 4405; baseline -0.006 -15"><span class='ocrx_word' id='word_1_646' title='bbox 2449 4350 2564 4405; x_wconf 89' lang='lat' dir='ltr'><strong>pes.</strong></span> <span class='ocrx_word' id='word_1_647' title='bbox 2602 4335 2869 4389; x_wconf 76' lang='lat' dir='ltr'><strong>Praeterea</strong></span> <span class='ocrx_word' id='word_1_648' title='bbox 2915 4339 3099 4384; x_wconf 91' lang='lat' dir='ltr'><strong>narrat</strong></span> <span class='ocrx_word' id='word_1_649' title='bbox 3136 4329 3341 4385; x_wconf 88' lang='lat' dir='ltr'><strong>Christi</strong></span> <span class='ocrx_word' id='word_1_650' title='bbox 3386 4327 3480 4381; x_wconf 89' lang='lat' dir='ltr'><strong>Dei</strong></span> <span class='ocrx_word' id='word_1_651' title='bbox 3526 4327 3688 4380; x_wconf 70' lang='lat' dir='ltr'><strong>Verbi</strong></span> <span class='ocrx_word' id='word_1_652' title='bbox 3728 4325 4008 4381; x_wconf 89' lang='lat' dir='ltr'><strong>demissio-</strong></span> 
     </span>
    </p>
   </div>
   <div class='ocr_carea' id='block_1_89' title="bbox 2451 4417 4004 4491">
    <p class='ocr_par' dir='ltr' id='par_1_89' title="bbox 2451 4417 4004 4491">
     <span class='ocr_line' id='line_1_89' title="bbox 2451 4417 4004 4491; baseline -0.006 -9"><span class='ocrx_word' id='word_1_653' title='bbox 2451 4442 2599 4490; x_wconf 89' lang='lat' dir='ltr'><strong>nem,</strong></span> <span class='ocrx_word' id='word_1_654' title='bbox 2636 4424 2911 4491; x_wconf 86' lang='lat' dir='ltr'><strong>refertque</strong></span> <span class='ocrx_word' id='word_1_655' title='bbox 2938 4420 3201 4475; x_wconf 87' lang='lat' dir='ltr'><strong>miracula</strong></span> <span class='ocrx_word' id='word_1_656' title='bbox 3245 4436 3367 4489; x_wconf 65' lang='lat' dir='ltr'><strong>qua:</strong></span> <span class='ocrx_word' id='word_1_657' title='bbox 3411 4418 3560 4483; x_wconf 89' lang='lat' dir='ltr'><strong>fecit,</strong></span> <span class='ocrx_word' id='word_1_658' title='bbox 3594 4417 3724 4473; x_wconf 92' lang='lat' dir='ltr'><strong>dum</strong></span> <span class='ocrx_word' id='word_1_659' title='bbox 3758 4420 3811 4472; x_wconf 92' lang='lat' dir='ltr'><strong>in</strong></span> <span class='ocrx_word' id='word_1_660' title='bbox 3849 4421 4004 4473; x_wconf 89' lang='lat' dir='ltr'><strong>terris</strong></span> 
     </span>
    </p>
   </div>
   <div class='ocr_carea' id='block_1_90' title="bbox 795 4495 4006 4584">
    <p class='ocr_par' dir='ltr' id='par_1_90' title="bbox 795 4495 4006 4584">
     <span class='ocr_line' id='line_1_90' title="bbox 795 4495 4006 4584; baseline -0.001 -19"><span class='ocrx_word' id='word_1_661' title='bbox 795 4514 1047 4574; x_wconf 83' lang='lat' dir='ltr'><strong>barbara,</strong></span> <span class='ocrx_word' id='word_1_662' title='bbox 1078 4522 1134 4566; x_wconf 89' lang='lat' dir='ltr'><strong>et</strong></span> <span class='ocrx_word' id='word_1_663' title='bbox 1162 4512 1212 4565; x_wconf 91' lang='lat' dir='ltr'><strong>in</strong></span> <span class='ocrx_word' id='word_1_664' title='bbox 1250 4510 1473 4566; x_wconf 85' lang='lat' dir='ltr'><strong>nefariis</strong></span> <span class='ocrx_word' id='word_1_665' title='bbox 1505 4510 1825 4564; x_wconf 81' lang='lat' dir='ltr'><strong>versabatur</strong></span> <span class='ocrx_word' id='word_1_666' title='bbox 1856 4509 2182 4565; x_wconf 88' lang='lat' dir='ltr'><strong>actionibus.</strong></span> <span class='ocrx_word' id='word_1_667' title='bbox 2220 4511 2342 4580; x_wconf 81' lang='lat' dir='ltr'><strong>Ipsa</strong></span> <span class='ocrx_word' id='word_1_668' title='bbox 2377 4495 2422 4550; x_wconf 72' lang='grc' dir='ltr'><strong>Ῐ)</strong></span> <span class='ocrx_word' id='word_1_669' title='bbox 2453 4520 2505 4572; x_wconf 83' lang='lat' dir='ltr'><strong>in</strong></span> <span class='ocrx_word' id='word_1_670' title='bbox 2534 4530 2699 4571; x_wconf 86' lang='lat' dir='ltr'><strong>carne</strong></span> <span class='ocrx_word' id='word_1_671' title='bbox 2733 4523 2949 4584; x_wconf 88' lang='lat' dir='ltr'><strong>ageret;</strong></span> <span class='ocrx_word' id='word_1_672' title='bbox 2984 4513 3270 4583; x_wconf 88' lang='lat' dir='ltr'><strong>ipsamque</strong></span> <span class='ocrx_word' id='word_1_673' title='bbox 3297 4500 3635 4580; x_wconf 75' lang='lat' dir='ltr'><strong>paSsionem,</strong></span> <span class='ocrx_word' id='word_1_674' title='bbox 3668 4524 3791 4579; x_wconf 70' lang='lat' dir='ltr'><strong>qum</strong></span> <span class='ocrx_word' id='word_1_675' title='bbox 3826 4510 4006 4565; x_wconf 87' lang='lat' dir='ltr'><strong>multis</strong></span> 
     </span>
    </p>
   </div>
   <div class='ocr_carea' id='block_1_91' title="bbox 790 4599 2345 4672">
    <p class='ocr_par' dir='ltr' id='par_1_91' title="bbox 790 4599 2345 4672">
     <span class='ocr_line' id='line_1_91' title="bbox 790 4599 2345 4672; baseline 0.001 -17"><span class='ocrx_word' id='word_1_676' title='bbox 790 4613 969 4658; x_wconf 77' lang='lat' dir='ltr'><strong>autem</strong></span> <span class='ocrx_word' id='word_1_677' title='bbox 997 4605 1100 4656; x_wconf 87' lang='lat' dir='ltr'><strong>sita</strong></span> <span class='ocrx_word' id='word_1_678' title='bbox 1117 4614 1198 4656; x_wconf 88' lang='lat' dir='ltr'><strong>est</strong></span> <span class='ocrx_word' id='word_1_679' title='bbox 1230 4602 1544 4672; x_wconf 70' lang='lat' dir='ltr'><strong>longissime</strong></span> <span class='ocrx_word' id='word_1_680' title='bbox 1580 4600 1649 4655; x_wconf 88' lang='lat' dir='ltr'><strong>ab</strong></span> <span class='ocrx_word' id='word_1_681' title='bbox 1680 4599 1936 4671; x_wconf 65' lang='lat' dir='ltr'><strong>Egypto;</strong></span> <span class='ocrx_word' id='word_1_682' title='bbox 1965 4602 2189 4658; x_wconf 87' lang='lat' dir='ltr'><strong>alluitur</strong></span> <span class='ocrx_word' id='word_1_683' title='bbox 2214 4617 2345 4656; x_wconf 88' lang='lat' dir='ltr'><strong>vero</strong></span> 
     </span>
    </p>
   </div>
   <div class='ocr_carea' id='block_1_92' title="bbox 792 4691 2345 4763">
    <p class='ocr_par' dir='ltr' id='par_1_92' title="bbox 792 4691 2345 4763">
     <span class='ocr_line' id='line_1_92' title="bbox 792 4691 2345 4763; baseline 0 -16"><span class='ocrx_word' id='word_1_684' title='bbox 792 4696 924 4747; x_wconf 84' lang='lat' dir='ltr'><strong>mari</strong></span> <span class='ocrx_word' id='word_1_685' title='bbox 965 4695 1116 4747; x_wconf 88' lang='lat' dir='ltr'><strong>valde</strong></span> <span class='ocrx_word' id='word_1_686' title='bbox 1150 4692 1464 4763; x_wconf 86' lang='lat' dir='ltr'><strong>navigabili,</strong></span> <span class='ocrx_word' id='word_1_687' title='bbox 1502 4702 1557 4746; x_wconf 92' lang='lat' dir='ltr'><strong>et</strong></span> <span class='ocrx_word' id='word_1_688' title='bbox 1581 4700 1664 4745; x_wconf 84' lang='lat' dir='ltr'><strong>est</strong></span> <span class='ocrx_word' id='word_1_689' title='bbox 1692 4691 1912 4760; x_wconf 90' lang='lat' dir='ltr'><strong>quidem</strong></span> <span class='ocrx_word' id='word_1_690' title='bbox 1968 4706 2137 4762; x_wconf 89' lang='lat' dir='ltr'><strong>egena</strong></span> <span class='ocrx_word' id='word_1_691' title='bbox 2166 4708 2345 4747; x_wconf 89' lang='lat' dir='ltr'><strong>rerum</strong></span> 
     </span>
    </p>
   </div>
   <div class='ocr_carea' id='block_1_93' title="bbox 793 4784 2346 4853">
    <p class='ocr_par' dir='ltr' id='par_1_93' title="bbox 793 4784 2346 4853">
     <span class='ocr_line' id='line_1_93' title="bbox 793 4784 2346 4853; baseline 0 -15"><span class='ocrx_word' id='word_1_692' title='bbox 793 4790 1241 4847; x_wconf 75' lang='lat' dir='ltr'><strong>necessariarum,</strong></span> <span class='ocrx_word' id='word_1_693' title='bbox 1263 4784 1697 4838; x_wconf 86' lang='lat' dir='ltr'><strong>abnndatautem</strong></span> <span class='ocrx_word' id='word_1_694' title='bbox 1732 4784 1892 4839; x_wconf 90' lang='lat' dir='ltr'><strong>rebus</strong></span> <span class='ocrx_word' id='word_1_695' title='bbox 1920 4786 2170 4853; x_wconf 88' lang='lat' dir='ltr'><strong>pretiosis</strong></span> <span class='ocrx_word' id='word_1_696' title='bbox 2200 4796 2255 4839; x_wconf 90' lang='lat' dir='ltr'><strong>et</strong></span> <span class='ocrx_word' id='word_1_697' title='bbox 2279 4785 2346 4838; x_wconf 90' lang='lat' dir='ltr'><strong>ad</strong></span> 
     </span>
    </p>
   </div>
   <div class='ocr_carea' id='block_1_94' title="bbox 791 4875 2346 4947">
    <p class='ocr_par' dir='ltr' id='par_1_94' title="bbox 791 4875 2346 4947">
     <span class='ocr_line' id='line_1_94' title="bbox 791 4875 2346 4947; baseline 0.001 -17"><span class='ocrx_word' id='word_1_698' title='bbox 791 4880 975 4930; x_wconf 80' lang='lat' dir='ltr'><strong>luxum</strong></span> <span class='ocrx_word' id='word_1_699' title='bbox 1011 4877 1453 4930; x_wconf 88' lang='lat' dir='ltr'><strong>accommodatis.</strong></span> <span class='ocrx_word' id='word_1_700' title='bbox 1491 4877 1619 4930; x_wconf 84' lang='lat' dir='ltr'><strong>Eam</strong></span> <span class='ocrx_word' id='word_1_701' title='bbox 1648 4875 1856 4930; x_wconf 87' lang='lat' dir='ltr'><strong>habitat</strong></span> <span class='ocrx_word' id='word_1_702' title='bbox 1884 4878 1935 4930; x_wconf 92' lang='lat' dir='ltr'><strong>id</strong></span> <span class='ocrx_word' id='word_1_703' title='bbox 1968 4894 2157 4947; x_wconf 90' lang='lat' dir='ltr'><strong>genus,</strong></span> <span class='ocrx_word' id='word_1_704' title='bbox 2199 4878 2346 4947; x_wconf 91' lang='lat' dir='ltr'><strong>quod</strong></span> 
     </span>
    </p>
   </div>
   <div class='ocr_carea' id='block_1_95' title="bbox 790 4969 2343 5037">
    <p class='ocr_par' dir='ltr' id='par_1_95' title="bbox 790 4969 2343 5037">
     <span class='ocr_line' id='line_1_95' title="bbox 790 4969 2343 5037; baseline 0.001 -17"><span class='ocrx_word' id='word_1_705' title='bbox 790 4971 991 5025; x_wconf 76' lang='lat' dir='ltr'><strong>dctum</strong></span> <span class='ocrx_word' id='word_1_706' title='bbox 1022 4978 1124 5031; x_wconf 89' lang='lat' dir='ltr'><strong>est,</strong></span> <span class='ocrx_word' id='word_1_707' title='bbox 1155 4969 1297 5037; x_wconf 88' lang='lat' dir='ltr'><strong>quod</strong></span> <span class='ocrx_word' id='word_1_708' title='bbox 1328 4977 1409 5023; x_wconf 93' lang='lat' dir='ltr'><strong>est</strong></span> <span class='ocrx_word' id='word_1_709' title='bbox 1453 4969 1973 5036; x_wconf 85' lang='lat' dir='ltr'><strong>trequentissimum,</strong></span> <span class='ocrx_word' id='word_1_710' title='bbox 2001 4978 2055 5024; x_wconf 89' lang='lat' dir='ltr'><strong>et</strong></span> <span class='ocrx_word' id='word_1_711' title='bbox 2097 4969 2343 5023; x_wconf 91' lang='lat' dir='ltr'><strong>deditum</strong></span> 
     </span>
    </p>
   </div>
   <div class='ocr_carea' id='block_1_96' title="bbox 794 5056 2349 5126">
    <p class='ocr_par' dir='ltr' id='par_1_96' title="bbox 794 5056 2349 5126">
     <span class='ocr_line' id='line_1_96' title="bbox 794 5056 2349 5126; baseline 0.003 -17"><span class='ocrx_word' id='word_1_712' title='bbox 794 5066 1130 5123; x_wconf 66' lang='lat' dir='ltr'><strong>mercaturae,</strong></span> <span class='ocrx_word' id='word_1_713' title='bbox 1166 5069 1221 5112; x_wconf 89' lang='lat' dir='ltr'><strong>et</strong></span> <span class='ocrx_word' id='word_1_714' title='bbox 1252 5072 1439 5126; x_wconf 86' lang='lat' dir='ltr'><strong>magna</strong></span> <span class='ocrx_word' id='word_1_715' title='bbox 1467 5072 1532 5111; x_wconf 78' lang='lat' dir='ltr'><strong>ex</strong></span> <span class='ocrx_word' id='word_1_716' title='bbox 1566 5067 1720 5125; x_wconf 84' lang='lat' dir='ltr'><strong>parte</strong></span> <span class='ocrx_word' id='word_1_717' title='bbox 1771 5056 1976 5111; x_wconf 89' lang='lat' dir='ltr'><strong>nudum</strong></span> <span class='ocrx_word' id='word_1_718' title='bbox 2006 5096 2021 5119; x_wconf 95' lang='lat'><strong>,</strong></span> <span class='ocrx_word' id='word_1_719' title='bbox 2069 5067 2126 5112; x_wconf 92' lang='lat' dir='ltr'><strong>et</strong></span> <span class='ocrx_word' id='word_1_720' title='bbox 2176 5058 2349 5113; x_wconf 90' lang='lat' dir='ltr'><strong>instar</strong></span> 
     </span>
    </p>
   </div>
   <div class='ocr_carea' id='block_1_97' title="bbox 791 5149 2345 5219">
    <p class='ocr_par' dir='ltr' id='par_1_97' title="bbox 791 5149 2345 5219">
     <span class='ocr_line' id='line_1_97' title="bbox 791 5149 2345 5219; baseline 0.001 -15"><span class='ocrx_word' id='word_1_721' title='bbox 791 5157 1065 5215; x_wconf 80' lang='lat' dir='ltr'><strong>terarum,</strong></span> <span class='ocrx_word' id='word_1_722' title='bbox 1114 5167 1233 5219; x_wconf 62' lang='lat' dir='ltr'><strong>quae</strong></span> <span class='ocrx_word' id='word_1_723' title='bbox 1279 5150 1481 5218; x_wconf 86' lang='lat' dir='ltr'><strong>degunt</strong></span> <span class='ocrx_word' id='word_1_724' title='bbox 1516 5150 1569 5202; x_wconf 90' lang='lat' dir='ltr'><strong>in</strong></span> <span class='ocrx_word' id='word_1_725' title='bbox 1621 5149 1925 5213; x_wconf 89' lang='lat' dir='ltr'><strong>montibus,</strong></span> <span class='ocrx_word' id='word_1_726' title='bbox 1960 5150 2122 5202; x_wconf 90' lang='lat' dir='ltr'><strong>vitam</strong></span> <span class='ocrx_word' id='word_1_727' title='bbox 2158 5166 2345 5218; x_wconf 87' lang='lat' dir='ltr'><strong>agens.</strong></span> 
     </span>
    </p>
   </div>
   <div class='ocr_carea' id='block_1_98' title="bbox 792 5240 2348 5310">
    <p class='ocr_par' dir='ltr' id='par_1_98' title="bbox 792 5240 2348 5310">
     <span class='ocr_line' id='line_1_98' title="bbox 792 5240 2348 5310; baseline 0.001 -14"><span class='ocrx_word' id='word_1_728' title='bbox 792 5246 961 5307; x_wconf 75' lang='lat' dir='ltr'><strong>Quam</strong></span> <span class='ocrx_word' id='word_1_729' title='bbox 994 5243 1065 5296; x_wconf 93' lang='lat' dir='ltr'><strong>ob</strong></span> <span class='ocrx_word' id='word_1_730' title='bbox 1095 5258 1313 5295; x_wconf 89' lang='lat' dir='ltr'><strong>causam</strong></span> <span class='ocrx_word' id='word_1_731' title='bbox 1354 5256 1646 5309; x_wconf 84' lang='lat' dir='ltr'><strong>corporum</strong></span> <span class='ocrx_word' id='word_1_732' title='bbox 1692 5240 2034 5310; x_wconf 83' lang='lat' dir='ltr'><strong>superficiem</strong></span> <span class='ocrx_word' id='word_1_733' title='bbox 2074 5242 2210 5296; x_wconf 88' lang='lat' dir='ltr'><strong>radii</strong></span> <span class='ocrx_word' id='word_1_734' title='bbox 2259 5259 2348 5297; x_wconf 85' lang='lat' dir='ltr'><strong>so-</strong></span> 
     </span>
    </p>
   </div>
   <div class='ocr_carea' id='block_1_99' title="bbox 794 5333 2346 5400">
    <p class='ocr_par' dir='ltr' id='par_1_99' title="bbox 794 5333 2346 5400">
     <span class='ocr_line' id='line_1_99' title="bbox 794 5333 2346 5400; baseline 0.001 -13"><span class='ocrx_word' id='word_1_735' title='bbox 794 5340 931 5390; x_wconf 83' lang='lat' dir='ltr'><strong>lares</strong></span> <span class='ocrx_word' id='word_1_736' title='bbox 982 5334 1247 5389; x_wconf 86' lang='lat' dir='ltr'><strong>invadunt</strong></span> <span class='ocrx_word' id='word_1_737' title='bbox 1279 5335 1559 5387; x_wconf 83' lang='lat' dir='ltr'><strong>ardentius</strong></span> <span class='ocrx_word' id='word_1_738' title='bbox 1586 5371 1601 5397; x_wconf 88' lang='lat'><strong>,</strong></span> <span class='ocrx_word' id='word_1_739' title='bbox 1638 5333 1903 5400; x_wconf 83' lang='lat' dir='ltr'><strong>valdeque</strong></span> <span class='ocrx_word' id='word_1_740' title='bbox 1941 5333 2259 5395; x_wconf 87' lang='lat' dir='ltr'><strong>incendunt,</strong></span> <span class='ocrx_word' id='word_1_741' title='bbox 2291 5344 2346 5389; x_wconf 89' lang='lat' dir='ltr'><strong>et</strong></span> 
     </span>
    </p>
   </div>
   <div class='ocr_carea' id='block_1_100' title="bbox 792 5423 2345 5494">
    <p class='ocr_par' dir='ltr' id='par_1_100' title="bbox 792 5423 2345 5494">
     <span class='ocr_line' id='line_1_100' title="bbox 792 5423 2345 5494; baseline 0.002 -19"><span class='ocrx_word' id='word_1_742' title='bbox 792 5426 1100 5494; x_wconf 73' lang='lat' dir='ltr'><strong>denigrant,</strong></span> <span class='ocrx_word' id='word_1_743' title='bbox 1135 5435 1190 5478; x_wconf 90' lang='lat' dir='ltr'><strong>et</strong></span> <span class='ocrx_word' id='word_1_744' title='bbox 1233 5425 1474 5478; x_wconf 87' lang='lat' dir='ltr'><strong>efliciunt</strong></span> <span class='ocrx_word' id='word_1_745' title='bbox 1516 5425 1634 5477; x_wconf 81' lang='lat' dir='ltr'><strong>visu</strong></span> <span class='ocrx_word' id='word_1_746' title='bbox 1662 5423 2039 5478; x_wconf 86' lang='lat' dir='ltr'><strong>deformiorcs.</strong></span> <span class='ocrx_word' id='word_1_747' title='bbox 2078 5423 2345 5479; x_wconf 88' lang='lat' dir='ltr'><strong>Colebaut</strong></span> 
     </span>
    </p>
   </div>
   <div class='ocr_carea' id='block_1_101' title="bbox 792 5516 2339 5585">
    <p class='ocr_par' dir='ltr' id='par_1_101' title="bbox 792 5516 2339 5585">
     <span class='ocr_line' id='line_1_101' title="bbox 792 5516 2339 5585; baseline -0.002 -14"><span class='ocrx_word' id='word_1_748' title='bbox 792 5530 971 5571; x_wconf 88' lang='lat' dir='ltr'><strong>autem</strong></span> <span class='ocrx_word' id='word_1_749' title='bbox 1007 5516 1093 5571; x_wconf 83' lang='lat' dir='ltr'><strong>isti</strong></span> <span class='ocrx_word' id='word_1_750' title='bbox 1128 5518 1414 5571; x_wconf 80' lang='lat' dir='ltr'><strong>simulacra</strong></span> <span class='ocrx_word' id='word_1_751' title='bbox 1456 5519 1594 5569; x_wconf 77' lang='lat' dir='ltr'><strong>facta</strong></span> <span class='ocrx_word' id='word_1_752' title='bbox 1622 5532 1686 5570; x_wconf 78' lang='lat' dir='ltr'><strong>ex</strong></span> <span class='ocrx_word' id='word_1_753' title='bbox 1711 5531 1871 5570; x_wconf 88' lang='lat' dir='ltr'><strong>omne</strong></span> <span class='ocrx_word' id='word_1_754' title='bbox 1898 5531 2069 5585; x_wconf 89' lang='lat' dir='ltr'><strong>genus</strong></span> <span class='ocrx_word' id='word_1_755' title='bbox 2094 5519 2339 5570; x_wconf 72' lang='lat' dir='ltr'><strong>materia:</strong></span> 
     </span>
    </p>
   </div>
   <div class='ocr_carea' id='block_1_102' title="bbox 792 5608 2341 5678">
    <p class='ocr_par' dir='ltr' id='par_1_102' title="bbox 792 5608 2341 5678">
     <span class='ocr_line' id='line_1_102' title="bbox 792 5608 2341 5678; baseline -0.001 -16"><span class='ocrx_word' id='word_1_756' title='bbox 792 5620 846 5662; x_wconf 89' lang='lat' dir='ltr'><strong>et</strong></span> <span class='ocrx_word' id='word_1_757' title='bbox 878 5609 1019 5678; x_wconf 87' lang='lat' dir='ltr'><strong>quod</strong></span> <span class='ocrx_word' id='word_1_758' title='bbox 1055 5610 1107 5663; x_wconf 91' lang='lat' dir='ltr'><strong>in</strong></span> <span class='ocrx_word' id='word_1_759' title='bbox 1157 5623 1218 5661; x_wconf 89' lang='lat' dir='ltr'><strong>ea</strong></span> <span class='ocrx_word' id='word_1_760' title='bbox 1271 5609 1655 5663; x_wconf 78' lang='lat' dir='ltr'><strong>conferebatur</strong></span> <span class='ocrx_word' id='word_1_761' title='bbox 1698 5608 1961 5672; x_wconf 87' lang='lat' dir='ltr'><strong>studium,</strong></span> <span class='ocrx_word' id='word_1_762' title='bbox 2000 5618 2055 5662; x_wconf 89' lang='lat' dir='ltr'><strong>et</strong></span> <span class='ocrx_word' id='word_1_763' title='bbox 2090 5608 2302 5662; x_wconf 89' lang='lat' dir='ltr'><strong>cultura</strong></span> <span class='ocrx_word' id='word_1_764' title='bbox 2328 5647 2341 5669; x_wconf 95' lang='lat'><strong>,</strong></span> 
     </span>
    </p>
   </div>
   <div class='ocr_carea' id='block_1_103' title="bbox 909 5790 2155 5861">
    <p class='ocr_par' dir='ltr' id='par_1_103' title="bbox 909 5790 2155 5861">
     <span class='ocr_line' id='line_1_103' title="bbox 909 5790 2155 5861; baseline -0.006 -13"><span class='ocrx_word' id='word_1_765' title='bbox 909 5790 1065 5848; x_wconf 80' lang='lat' dir='ltr'><strong>Joan.</strong></span> <span class='ocrx_word' id='word_1_766' title='bbox 1101 5808 1205 5853; x_wconf 77' lang='lat' dir='ltr'><strong>xxi,</strong></span> <span class='ocrx_word' id='word_1_767' title='bbox 1244 5791 1262 5845; x_wconf 87' lang='lat' dir='ltr'><strong>l</strong></span> <span class='ocrx_word' id='word_1_768' title='bbox 1300 5806 1451 5861; x_wconf 78' lang='lat' dir='ltr'><strong>seqq.</strong></span> <span class='ocrx_word' id='word_1_769' title='bbox 1531 5791 1547 5816; x_wconf 86' lang='lat'><strong><em>‘</em></strong></span> <span class='ocrx_word' id='word_1_770' title='bbox 1577 5790 1704 5844; x_wconf 81' lang='lat' dir='ltr'><strong>an.</strong></span> <span class='ocrx_word' id='word_1_771' title='bbox 1739 5807 1880 5859; x_wconf 77' lang='lat' dir='ltr'><strong>xxiv,</strong></span> <span class='ocrx_word' id='word_1_772' title='bbox 1907 5791 1971 5843; x_wconf 73' lang='lat'><strong>56</strong></span> <span class='ocrx_word' id='word_1_773' title='bbox 2004 5806 2155 5860; x_wconf 81' lang='lat' dir='ltr'><strong>seqq.</strong></span> 
     </span>
    </p>
   </div>
   <div class='ocr_carea' id='block_1_104' title="bbox 2271 5790 2774 5859">
    <p class='ocr_par' dir='ltr' id='par_1_104' title="bbox 2271 5790 2774 5859">
     <span class='ocr_line' id='line_1_104' title="bbox 2271 5790 2774 5859; baseline -0.01 -16"><span class='ocrx_word' id='word_1_774' title='bbox 2271 5790 2284 5799; x_wconf 83' lang='grc'><em>’</em></span> <span class='ocrx_word' id='word_1_775' title='bbox 2316 5790 2429 5844; x_wconf 75' lang='lat' dir='ltr'><strong>Act.</strong></span> <span class='ocrx_word' id='word_1_776' title='bbox 2470 5806 2526 5853; x_wconf 86' lang='lat' dir='ltr'><strong>tt,</strong></span> <span class='ocrx_word' id='word_1_777' title='bbox 2566 5791 2581 5843; x_wconf 80' lang='grc'><strong>1</strong></span> <span class='ocrx_word' id='word_1_778' title='bbox 2625 5805 2774 5859; x_wconf 80' lang='lat' dir='ltr'><strong>seqq.</strong></span> 
     </span>
    </p>
   </div>
   <div class='ocr_carea' id='block_1_105' title="bbox 2451 4601 4001 4678">
    <p class='ocr_par' dir='ltr' id='par_1_105' title="bbox 2451 4601 4001 4678">
     <span class='ocr_line' id='line_1_105' title="bbox 2451 4601 4001 4678; baseline -0.005 -14"><span class='ocrx_word' id='word_1_779' title='bbox 2451 4609 2666 4665; x_wconf 85' lang='lat' dir='ltr'><strong>videtur</strong></span> <span class='ocrx_word' id='word_1_780' title='bbox 2700 4606 3006 4678; x_wconf 87' lang='lat' dir='ltr'><strong>probrosa;</strong></span> <span class='ocrx_word' id='word_1_781' title='bbox 3051 4605 3307 4658; x_wconf 88' lang='lat' dir='ltr'><strong>virtutem</strong></span> <span class='ocrx_word' id='word_1_782' title='bbox 3355 4601 3795 4667; x_wconf 87' lang='lat' dir='ltr'><strong>resurrectionis,</strong></span> <span class='ocrx_word' id='word_1_783' title='bbox 3841 4614 3895 4657; x_wconf 90' lang='lat' dir='ltr'><strong>et</strong></span> <span class='ocrx_word' id='word_1_784' title='bbox 3938 4603 4001 4656; x_wconf 87' lang='lat' dir='ltr'><strong>ad</strong></span> 
     </span>
    </p>
   </div>
   <div class='ocr_carea' id='block_1_106' title="bbox 2451 4694 4003 4765">
    <p class='ocr_par' dir='ltr' id='par_1_106' title="bbox 2451 4694 4003 4765">
     <span class='ocr_line' id='line_1_106' title="bbox 2451 4694 4003 4765; baseline -0.008 -7"><span class='ocrx_word' id='word_1_785' title='bbox 2451 4702 2622 4758; x_wconf 79' lang='lat' dir='ltr'><strong>cmlos</strong></span> <span class='ocrx_word' id='word_1_786' title='bbox 2650 4699 3026 4754; x_wconf 80' lang='lat' dir='ltr'><strong>ascensionem</strong></span> <span class='ocrx_word' id='word_1_787' title='bbox 3064 4712 3081 4751; x_wconf 92' lang='lat'><strong>:</strong></span> <span class='ocrx_word' id='word_1_788' title='bbox 3109 4696 3279 4765; x_wconf 75' lang='lat' dir='ltr'><strong>Cujus</strong></span> <span class='ocrx_word' id='word_1_789' title='bbox 3310 4694 3634 4763; x_wconf 83' lang='lat' dir='ltr'><strong>discipulus,</strong></span> <span class='ocrx_word' id='word_1_790' title='bbox 3660 4694 3833 4764; x_wconf 91' lang='lat' dir='ltr'><strong>inquit</strong></span> <span class='ocrx_word' id='word_1_791' title='bbox 3862 4735 3877 4756; x_wconf 96' lang='lat'><strong>,</strong></span> <span class='ocrx_word' id='word_1_792' title='bbox 3907 4708 4003 4763; x_wconf 84' lang='lat' dir='ltr'><strong>ego</strong></span> 
     </span>
    </p>
   </div>
   <div class='ocr_carea' id='block_1_107' title="bbox 2451 4784 4005 4855">
    <p class='ocr_par' dir='ltr' id='par_1_107' title="bbox 2451 4784 4005 4855">
     <span class='ocr_line' id='line_1_107' title="bbox 2451 4784 4005 4855; baseline -0.007 -8"><span class='ocrx_word' id='word_1_793' title='bbox 2451 4803 2507 4847; x_wconf 90' lang='lat' dir='ltr'><strong>et</strong></span> <span class='ocrx_word' id='word_1_794' title='bbox 2541 4792 2790 4846; x_wconf 86' lang='lat' dir='ltr'><strong>minister</strong></span> <span class='ocrx_word' id='word_1_795' title='bbox 2820 4789 3253 4849; x_wconf 86' lang='lat' dir='ltr'><strong>admirabilium,</strong></span> <span class='ocrx_word' id='word_1_796' title='bbox 3279 4801 3402 4855; x_wconf 65' lang='lat' dir='ltr'><strong>qua</strong></span> <span class='ocrx_word' id='word_1_797' title='bbox 3432 4785 3547 4855; x_wconf 89' lang='lat' dir='ltr'><strong>ipse</strong></span> <span class='ocrx_word' id='word_1_798' title='bbox 3579 4785 3738 4848; x_wconf 89' lang='lat' dir='ltr'><strong>fecit,</strong></span> <span class='ocrx_word' id='word_1_799' title='bbox 3772 4784 4005 4837; x_wconf 82' lang='lat' dir='ltr'><strong>miracu-</strong></span> 
     </span>
    </p>
   </div>
   <div class='ocr_carea' id='block_1_108' title="bbox 2450 4873 4001 4949">
    <p class='ocr_par' dir='ltr' id='par_1_108' title="bbox 2450 4873 4001 4949">
     <span class='ocr_line' id='line_1_108' title="bbox 2450 4873 4001 4949; baseline -0.005 -13"><span class='ocrx_word' id='word_1_800' title='bbox 2450 4883 2652 4945; x_wconf 91' lang='lat' dir='ltr'><strong>lorum,</strong></span> <span class='ocrx_word' id='word_1_801' title='bbox 2683 4889 2847 4949; x_wconf 91' lang='lat' dir='ltr'><strong>atque</strong></span> <span class='ocrx_word' id='word_1_802' title='bbox 2872 4878 3192 4933; x_wconf 59' lang='lat' dir='ltr'><strong>oeconomiae</strong></span> <span class='ocrx_word' id='word_1_803' title='bbox 3220 4916 3235 4939; x_wconf 94' lang='lat'><strong>,</strong></span> <span class='ocrx_word' id='word_1_804' title='bbox 3279 4890 3409 4946; x_wconf 79' lang='lat' dir='ltr'><strong>qua-</strong></span> <span class='ocrx_word' id='word_1_805' title='bbox 3432 4875 3536 4928; x_wconf 89' lang='lat' dir='ltr'><strong>fuit</strong></span> <span class='ocrx_word' id='word_1_806' title='bbox 3567 4875 3712 4929; x_wconf 90' lang='lat' dir='ltr'><strong>Deus</strong></span> <span class='ocrx_word' id='word_1_807' title='bbox 3740 4882 3796 4928; x_wconf 90' lang='lat' dir='ltr'><strong>et</strong></span> <span class='ocrx_word' id='word_1_808' title='bbox 3824 4873 4001 4937; x_wconf 88' lang='lat' dir='ltr'><strong>homo,</strong></span> 
     </span>
    </p>
   </div>
   <div class='ocr_carea' id='block_1_109' title="bbox 2448 4963 4001 5039">
    <p class='ocr_par' dir='ltr' id='par_1_109' title="bbox 2448 4963 4001 5039">
     <span class='ocr_line' id='line_1_109' title="bbox 2448 4963 4001 5039; baseline -0.006 -11"><span class='ocrx_word' id='word_1_809' title='bbox 2448 4983 2667 5028; x_wconf 87' lang='lat' dir='ltr'><strong>creatus</strong></span> <span class='ocrx_word' id='word_1_810' title='bbox 2709 4986 2830 5025; x_wconf 87' lang='lat' dir='ltr'><strong>sum</strong></span> <span class='ocrx_word' id='word_1_811' title='bbox 2859 4984 3072 5039; x_wconf 70' lang='lat' dir='ltr'><strong>praaco;</strong></span> <span class='ocrx_word' id='word_1_812' title='bbox 3103 4968 3262 5036; x_wconf 80' lang='lat' dir='ltr'><strong>cuius</strong></span> <span class='ocrx_word' id='word_1_813' title='bbox 3301 4966 3635 5021; x_wconf 89' lang='lat' dir='ltr'><strong>annuntians</strong></span> <span class='ocrx_word' id='word_1_814' title='bbox 3675 4965 3727 5017; x_wconf 91' lang='lat' dir='ltr'><strong>in</strong></span> <span class='ocrx_word' id='word_1_815' title='bbox 3764 4963 4001 5018; x_wconf 77' lang='lat' dir='ltr'><strong>homines</strong></span> 
     </span>
    </p>
   </div>
   <div class='ocr_carea' id='block_1_110' title="bbox 2449 5055 3994 5134">
    <p class='ocr_par' dir='ltr' id='par_1_110' title="bbox 2449 5055 3994 5134">
     <span class='ocr_line' id='line_1_110' title="bbox 2449 5055 3994 5134; baseline -0.005 -17"><span class='ocrx_word' id='word_1_816' title='bbox 2449 5063 2861 5134; x_wconf 87' lang='lat' dir='ltr'><strong>benignitatem,</strong></span> <span class='ocrx_word' id='word_1_817' title='bbox 2883 5072 2938 5114; x_wconf 91' lang='lat' dir='ltr'><strong>et</strong></span> <span class='ocrx_word' id='word_1_818' title='bbox 2958 5062 3277 5114; x_wconf 89' lang='lat' dir='ltr'><strong>immensam</strong></span> <span class='ocrx_word' id='word_1_819' title='bbox 3301 5060 3355 5112; x_wconf 91' lang='lat' dir='ltr'><strong>in</strong></span> <span class='ocrx_word' id='word_1_820' title='bbox 3380 5059 3526 5128; x_wconf 88' lang='lat' dir='ltr'><strong>ipsos</strong></span> <span class='ocrx_word' id='word_1_821' title='bbox 3552 5055 3994 5122; x_wconf 86' lang='lat' dir='ltr'><strong>misericordiam,</strong></span> 
     </span>
    </p>
   </div>
   <div class='ocr_carea' id='block_1_111' title="bbox 2448 5147 4000 5220">
    <p class='ocr_par' dir='ltr' id='par_1_111' title="bbox 2448 5147 4000 5220">
     <span class='ocr_line' id='line_1_111' title="bbox 2448 5147 4000 5220; baseline -0.006 -11"><span class='ocrx_word' id='word_1_822' title='bbox 2448 5154 2514 5210; x_wconf 91' lang='lat' dir='ltr'><strong>ad</strong></span> <span class='ocrx_word' id='word_1_823' title='bbox 2549 5168 2645 5207; x_wconf 87' lang='lat' dir='ltr'><strong>vos</strong></span> <span class='ocrx_word' id='word_1_824' title='bbox 2676 5166 2847 5220; x_wconf 89' lang='lat' dir='ltr'><strong>usque</strong></span> <span class='ocrx_word' id='word_1_825' title='bbox 2882 5148 3126 5212; x_wconf 80' lang='lat' dir='ltr'><strong>accessi;</strong></span> <span class='ocrx_word' id='word_1_826' title='bbox 3162 5149 3320 5217; x_wconf 84' lang='lat' dir='ltr'><strong>cujus</strong></span> <span class='ocrx_word' id='word_1_827' title='bbox 3355 5147 3532 5200; x_wconf 85' lang='lat' dir='ltr'><strong>factus</strong></span> <span class='ocrx_word' id='word_1_828' title='bbox 3575 5161 3695 5201; x_wconf 87' lang='lat' dir='ltr'><strong>sum</strong></span> <span class='ocrx_word' id='word_1_829' title='bbox 3748 5156 3915 5216; x_wconf 85' lang='lat' dir='ltr'><strong>mysta</strong></span> <span class='ocrx_word' id='word_1_830' title='bbox 3949 5157 4000 5200; x_wconf 87' lang='lat' dir='ltr'><strong>et</strong></span> 
     </span>
    </p>
   </div>
   <div class='ocr_carea' id='block_1_112' title="bbox 2451 5236 3996 5315">
    <p class='ocr_par' dir='ltr' id='par_1_112' title="bbox 2451 5236 3996 5315">
     <span class='ocr_line' id='line_1_112' title="bbox 2451 5236 3996 5315; baseline -0.005 -15"><span class='ocrx_word' id='word_1_831' title='bbox 2451 5245 2754 5315; x_wconf 87' lang='lat' dir='ltr'><strong>apostolus.</strong></span> <span class='ocrx_word' id='word_1_832' title='bbox 2799 5242 2860 5293; x_wconf 78' lang='lat' dir='ltr'><strong>Et</strong></span> <span class='ocrx_word' id='word_1_833' title='bbox 2892 5255 3014 5294; x_wconf 91' lang='lat' dir='ltr'><strong>cum</strong></span> <span class='ocrx_word' id='word_1_834' title='bbox 3053 5239 3187 5308; x_wconf 89' lang='lat' dir='ltr'><strong>ipsis</strong></span> <span class='ocrx_word' id='word_1_835' title='bbox 3216 5236 3395 5292; x_wconf 89' lang='lat' dir='ltr'><strong>oculis</strong></span> <span class='ocrx_word' id='word_1_836' title='bbox 3435 5237 3574 5290; x_wconf 89' lang='lat' dir='ltr'><strong>facta</strong></span> <span class='ocrx_word' id='word_1_837' title='bbox 3604 5238 3674 5291; x_wconf 90' lang='lat' dir='ltr'><strong>sit</strong></span> <span class='ocrx_word' id='word_1_838' title='bbox 3703 5236 3835 5290; x_wconf 89' lang='lat' dir='ltr'><strong>mihi</strong></span> <span class='ocrx_word' id='word_1_839' title='bbox 3875 5236 3996 5292; x_wconf 77' lang='lat' dir='ltr'><strong>fides</strong></span> 
     </span>
    </p>
   </div>
   <div class='ocr_carea' id='block_1_113' title="bbox 2452 5327 3995 5401">
    <p class='ocr_par' dir='ltr' id='par_1_113' title="bbox 2452 5327 3995 5401">
     <span class='ocr_line' id='line_1_113' title="bbox 2452 5327 3995 5401; baseline -0.003 -13"><span class='ocrx_word' id='word_1_840' title='bbox 2452 5350 2642 5388; x_wconf 91' lang='lat' dir='ltr'><strong>eorum</strong></span> <span class='ocrx_word' id='word_1_841' title='bbox 2678 5347 2801 5401; x_wconf 66' lang='lat' dir='ltr'><strong>qum</strong></span> <span class='ocrx_word' id='word_1_842' title='bbox 2827 5331 3111 5393; x_wconf 90' lang='lat' dir='ltr'><strong>dicuntur,</strong></span> <span class='ocrx_word' id='word_1_843' title='bbox 3148 5344 3254 5382; x_wconf 91' lang='lat' dir='ltr'><strong>non</strong></span> <span class='ocrx_word' id='word_1_844' title='bbox 3282 5329 3330 5381; x_wconf 87' lang='lat' dir='ltr'><strong>vi</strong></span> <span class='ocrx_word' id='word_1_845' title='bbox 3365 5342 3461 5381; x_wconf 90' lang='lat' dir='ltr'><strong>eos</strong></span> <span class='ocrx_word' id='word_1_846' title='bbox 3500 5328 3594 5396; x_wconf 89' lang='lat' dir='ltr'><strong>qui</strong></span> <span class='ocrx_word' id='word_1_847' title='bbox 3626 5337 3886 5393; x_wconf 91' lang='lat' dir='ltr'><strong>renuunt,</strong></span> <span class='ocrx_word' id='word_1_848' title='bbox 3910 5327 3995 5383; x_wconf 84' lang='lat' dir='ltr'><strong>sed</strong></span> 
     </span>
    </p>
   </div>
   <div class='ocr_carea' id='block_1_114' title="bbox 2454 5420 3921 5490">
    <p class='ocr_par' dir='ltr' id='par_1_114' title="bbox 2454 5420 3921 5490">
     <span class='ocr_line' id='line_1_114' title="bbox 2454 5420 3921 5490; baseline -0.005 -10"><span class='ocrx_word' id='word_1_849' title='bbox 2454 5426 2603 5480; x_wconf 91' lang='lat' dir='ltr'><strong>omni</strong></span> <span class='ocrx_word' id='word_1_850' title='bbox 2634 5425 2899 5479; x_wconf 82' lang='lat' dir='ltr'><strong>charitate</strong></span> <span class='ocrx_word' id='word_1_851' title='bbox 2932 5423 3232 5490; x_wconf 89' lang='lat' dir='ltr'><strong>amplector</strong></span> <span class='ocrx_word' id='word_1_852' title='bbox 3258 5435 3353 5473; x_wconf 89' lang='lat' dir='ltr'><strong>eos</strong></span> <span class='ocrx_word' id='word_1_853' title='bbox 3379 5420 3470 5487; x_wconf 89' lang='lat' dir='ltr'><strong>qui</strong></span> <span class='ocrx_word' id='word_1_854' title='bbox 3503 5421 3921 5489; x_wconf 85' lang='lat' dir='ltr'><strong>persuadentnr.</strong></span> 
     </span>
    </p>
   </div>
   <div class='ocr_carea' id='block_1_115' title="bbox 2523 5510 3994 5582">
    <p class='ocr_par' dir='ltr' id='par_1_115' title="bbox 2523 5510 3994 5582">
     <span class='ocr_line' id='line_1_115' title="bbox 2523 5510 3994 5582; baseline -0.004 -12"><span class='ocrx_word' id='word_1_855' title='bbox 2523 5516 2590 5570; x_wconf 80' lang='grc' dir='ltr'>Χ.</span> <span class='ocrx_word' id='word_1_856' title='bbox 2624 5515 2737 5577; x_wconf 87' lang='lat' dir='ltr'><strong>His,</strong></span> <span class='ocrx_word' id='word_1_857' title='bbox 2769 5525 2823 5567; x_wconf 87' lang='lat' dir='ltr'><strong>et</strong></span> <span class='ocrx_word' id='word_1_858' title='bbox 2855 5515 3101 5582; x_wconf 87' lang='lat' dir='ltr'><strong>pluribus</strong></span> <span class='ocrx_word' id='word_1_859' title='bbox 3126 5510 3248 5564; x_wconf 88' lang='lat' dir='ltr'><strong>aliis</strong></span> <span class='ocrx_word' id='word_1_860' title='bbox 3267 5510 3527 5563; x_wconf 91' lang='lat' dir='ltr'><strong>divinitus</strong></span> <span class='ocrx_word' id='word_1_861' title='bbox 3553 5510 3780 5580; x_wconf 69' lang='lat' dir='ltr'><strong>prolatis</strong></span> <span class='ocrx_word' id='word_1_862' title='bbox 3804 5510 3994 5576; x_wconf 88' lang='lat' dir='ltr'><strong>verbis,</strong></span> 
     </span>
    </p>
   </div>
   <div class='ocr_carea' id='block_1_116' title="bbox 2454 5586 3997 5673">
    <p class='ocr_par' dir='ltr' id='par_1_116' title="bbox 2454 5586 3997 5673">
     <span class='ocr_line' id='line_1_116' title="bbox 2454 5586 3997 5673; baseline -0.003 -12"><span class='ocrx_word' id='word_1_863' title='bbox 2454 5606 2711 5661; x_wconf 82' lang='lat' dir='ltr'><strong>ludorum</strong></span> <span class='ocrx_word' id='word_1_864' title='bbox 2749 5605 2983 5673; x_wconf 89' lang='lat' dir='ltr'><strong>populus</strong></span> <span class='ocrx_word' id='word_1_865' title='bbox 3024 5603 3089 5655; x_wconf 90' lang='lat' dir='ltr'><strong>ad</strong></span> <span class='ocrx_word' id='word_1_866' title='bbox 3130 5602 3450 5671; x_wconf 80' lang='lat' dir='ltr'><strong>mysterium</strong></span> <span class='ocrx_word' id='word_1_867' title='bbox 3492 5586 3861 5665; x_wconf 75' lang='lat' dir='ltr'><strong>introductus,</strong></span> <span class='ocrx_word' id='word_1_868' title='bbox 3892 5601 3997 5657; x_wconf 74' lang='lat' dir='ltr'><strong>suis</strong></span> 
     </span>
    </p>
   </div>
   <div class='ocr_carea' id='block_1_117' title="bbox 2856 5785 3447 5849">
    <p class='ocr_par' dir='ltr' id='par_1_117' title="bbox 2856 5785 3447 5849">
     <span class='ocr_line' id='line_1_117' title="bbox 2856 5785 3447 5849; baseline -0.007 -6"><span class='ocrx_word' id='word_1_869' title='bbox 2856 5790 2873 5814; x_wconf 84' lang='lat'><strong>‘</strong></span> <span class='ocrx_word' id='word_1_870' title='bbox 2917 5787 3102 5842; x_wconf 75' lang='lat' dir='ltr'><strong>Matth.</strong></span> <span class='ocrx_word' id='word_1_871' title='bbox 3138 5800 3323 5849; x_wconf 70' lang='lat' dir='ltr'><strong>xxviii,</strong></span> <span class='ocrx_word' id='word_1_872' title='bbox 3365 5785 3447 5839; x_wconf 87' lang='lat' dir='ltr'><strong>l8.</strong></span> 
     </span>
    </p>
   </div>
  </div>
