4252 6440
217 400 328 466 565

1118 401 1588 464 MARTYRIUM
1634 405 1735 463 SS.
1772 404 1819 463 Χ
1867 405 2003 466 MM.
2032 406 2557 469 CRETENSIUM.

3355 409 3456 473 566

219 514 427 571 animis
483 514 730 586 susceplt
777 515 929 573 verbi
976 529 1185 572 semen.
1231 517 1437 575 Deinde
1486 520 1569 589 (ut
1616 520 1794 573 dicam
1830 532 1869 583 Α
1906 537 2029 591 pus,
2062 520 2308 602 fidelium
2334 520 2587 577 menibus
2610 517 2867 575 decenter
2898 514 3284 588 compositum,
3316 531 3467 588 sepe-

220 623 351 663 cutn
380 606 571 663 divino
612 608 927 680 Evangelio)
955 609 1186 665 Domino
1222 611 1538 681 adiuvante,
1579 623 1633 666 et
1668 628 1789 667 ser-

225 714 447 755 mortem
477 699 838 756 conﬁrmante
867 718 967 772 per
990 704 1141 773 signa
1166 705 1583 773 consequentia,
1614 705 1797 774 paula-

227 792 327 848 tim
356 785 583 863 quidem
621 794 845 849 abducti
877 806 1007 851 sunt
1036 797 1105 851 ab
1134 797 1405 851 idolorum
1440 798 1797 857 libaminibus

222 893 284 940 et
305 885 837 951 abeuiinationibus,
863 888 930 942 ad
967 904 1155 943 veram
1186 898 1369 945 autem
1406 889 1569 944 ﬁdem
1604 905 1793 945 acces-

225 983 442 1038 serunt.
484 986 538 1029 et
584 978 666 1030 sic
716 978 1032 1046 apostolicis
1082 980 1452 1035 transfermati
1507 979 1793 1045 doctrinis,

224 1064 447 1121 Christo
475 1066 773 1122 familiares
796 1081 1092 1124 evaserunt
1118 1086 1217 1140 per
1240 1070 1569 1139 baptismum
1595 1086 1606 1122 ε
1635 1070 1795 1137 adeo,

227 1165 291 1211 ut
320 1158 491 1211 etiam
522 1172 697 1228 usque
729 1160 797 1214 ad
831 1161 1005 1228 Ipsum
1035 1177 1218 1231 regem
1253 1164 1563 1231 pervenerit
1597 1163 1798 1232 praedi-

225 1248 392 1311 catio,
422 1249 641 1303 etiamsi
685 1266 796 1304 non
826 1254 1127 1318 penetrarit
1160 1269 1331 1322 usque
1367 1254 1431 1307 ad
1466 1252 1797 1322 profundum

225 1342 346 1412 ejus
378 1344 594 1397 mentis.
633 1345 820 1414 Itaque
847 1347 941 1415 qui
973 1362 1171 1417 genere
1217 1348 1439 1417 quidem
1486 1347 1551 1401 ad
1606 1363 1787 1417 regem

223 1433 557 1497 attinebant,
582 1451 708 1490 cum
733 1453 790 1491 se
815 1448 960 1495 totos
992 1438 1275 1494 dedissent
1296 1440 1644 1498 sermonibus
1671 1456 1799 1509 apo-

226 1525 377 1585 stoli,
410 1526 481 1579 ab
511 1540 578 1580 eo
613 1529 775 1583 avelli
822 1544 929 1582 non
970 1539 1274 1598 poterant:
1322 1545 1412 1584 rex
1454 1538 1637 1584 autem
1686 1531 1803 1599 ipse

225 1614 488 1669 detentus
519 1633 548 1669 a
591 1616 859 1685 profunda
897 1619 1127 1689 caligine
1156 1621 1497 1689 ignorantiae,
1528 1630 1582 1673 et
1612 1634 1642 1673 a
1674 1620 1801 1688 qui-

226 1703 332 1757 bus
362 1706 641 1759 miraculis
672 1708 1074 1775 oportebatad
1122 1708 1300 1762 lucem
1349 1709 1584 1770 traduci,
1618 1709 1684 1762 ab
1719 1709 1803 1762 eis

226 1794 536 1849 voluntaria
566 1800 808 1851 caecitate
835 1799 901 1851 ad
925 1800 1185 1868 majorem
1216 1814 1484 1854 accensus
1511 1798 1799 1862 insaniam,

1899 615 2065 669 litur:
2095 615 2237 684 regis
2261 624 2442 668 autem
2468 613 2612 668 Illius
2642 609 2837 667 incidit
2865 611 2917 664 in
2937 624 3159 681 gravem
3186 608 3465 671 morbum,

1840 775 1845 779 _
1898 718 1953 761 et
1983 707 2075 777 qui
2099 718 2220 762 erat
2242 714 2360 761 arte
2377 706 2613 759 humana
2630 704 2887 759 validior.
2909 701 3069 757 Pater
3093 717 3223 771 ergo
3253 702 3466 772 (quidni

1901 798 2070 863 enim,
2107 798 2151 853 si
2183 799 2399 869 pater?)
2436 795 2735 850 inﬂectitur
2779 812 2808 849 a
2838 804 3033 848 natura
3061 794 3387 862 ﬂetibusque
3414 803 3470 846 ct

1899 890 2161 960 Iacrymis
2210 891 2490 962 irrigatur,
2541 888 3030 943 lamentationibus
3062 886 3335 949 laniatur;
3372 884 3467 939 sed

1900 984 2108 1038 nullam
2159 984 2448 1039 inveniens
2497 982 2622 1038 mali
2671 979 3024 1045 solutionem,
3077 977 3467 1033 miraculorum

1900 1079 2129 1150 apostoli
2165 1079 2505 1143 recordatur,
2558 1086 2612 1131 et
2659 1073 2939 1145 quaerebat
2973 1086 3192 1141 parvam
3229 1071 3467 1138 aliquam

1899 1179 2109 1239 partem
2139 1184 2207 1223 ex
2236 1169 2356 1237 elus
2386 1166 2632 1237 reliquiis
2660 1165 2723 1219 ad
2756 1162 3089 1218 medendum
3117 1162 3165 1215 ei
3194 1163 3287 1230 qui
3321 1161 3471 1215 labo-

1902 1260 2079 1315 rabst.
2139 1256 2433 1327 Postquam
2481 1267 2662 1311 autem
2716 1254 2937 1308 rescivit
2979 1267 3085 1305 non
3139 1266 3457 1320 comparere

1901 1366 2101 1420 corpus
2132 1350 2519 1418 apostolicum,
2555 1349 2747 1402 saltem
2790 1346 3093 1414 pulverem,
3124 1356 3289 1411 quem
3332 1342 3465 1400 illud

1904 1444 2101 1513 tetigit,
2154 1442 2314 1514 jussit
2362 1441 2577 1495 aﬂerre.
2635 1437 2789 1504 Quod
2830 1436 3052 1506 quidem
3089 1449 3215 1489 cum
3264 1434 3465 1487 factum

1902 1543 2066 1596 esset.
2097 1544 2277 1604 pater,
2312 1531 2595 1602 mgroumti
2640 1530 2749 1583 lilio
2794 1529 3019 1598 pulvere
3068 1525 3343 1595 imposito,
3378 1538 3469 1580 ss-

1902 1638 2035 1677 num
2073 1622 2207 1677 vidit
2238 1634 2385 1685 eum,
2412 1626 2573 1689 Quem
2602 1618 2831 1688 putabat
2866 1616 3217 1680 moriturum,
3250 1614 3466 1668 etiamsi

1905 1714 1995 1768 ille
2020 1712 2289 1767 modicam
2319 1713 2496 1766 lucem
2525 1710 2839 1779 agnitionis,
2860 1722 3019 1778 quam
3046 1715 3347 1776 acceperat,
3374 1721 3468 1760 sua

1906 1814 2100 1874 sponte
2146 1806 2442 1874 repulerat,
2486 1812 2540 1857 et
2590 1816 2718 1857 vere
2767 1810 2887 1854 erat
2943 1810 3214 1864 mortuus,
3268 1808 3327 1852 ut
3375 1800 3470 1866 qui

224 1888 576 1941 consultabat
619 1888 687 1943 de
720 1900 896 1943 morte
949 1892 1203 1960 apostoli.
1250 1891 1621 1958 Quamobrem
1650 1893 1798 1948 dicto
1838 1888 1875 1940 Β
1906 1898 2163 1953 acerbam
2218 1906 2447 1950 mortem
2497 1894 2827 1963 suscepisset
2873 1890 3189 1961 impietatis.
3253 1889 3319 1944 Et
3356 1890 3473 1945 haec

232 1981 402 2034 citius
434 1980 488 2033 in
521 1996 650 2034 cum
678 1982 785 2035 fert
808 1984 1137 2037 sententiam
1172 2004 1183 2038 :
1215 1997 1271 2039 et
1304 1985 1508 2039 lanceis
1532 1986 1598 2039 de
1626 1985 1806 2038 medio

232 2072 447 2126 tollitur
479 2090 705 2143 magnus
729 2075 818 2129 hic
838 2077 1138 2143 apostolus,
1159 2078 1251 2146 qui
1281 2091 1504 2146 propter
1526 2077 1807 2132 Christum

229 2174 468 2220 mortem
500 2168 731 2221 libenter
764 2170 1028 2238 suscepit.
1066 2169 1203 2222 Eum
1236 2169 1454 2223 beatum
1484 2170 1706 2237 quidem
1727 2170 1810 2237 ju-

232 2258 443 2310 dicavit
475 2258 674 2312 chorus
704 2275 893 2313 eorum
929 2261 1019 2329 qui
1052 2277 1146 2328 per
1187 2262 1363 2330 ipsum
1394 2260 1751 2314 crediderunt
1784 2277 1796 2312 :

232 2349 460 2401 beatum
509 2359 691 2404 autem
726 2353 943 2405 censuit
988 2367 1209 2422 quoque
1248 2352 1453 2407 chorus
1484 2368 1671 2406 eorum
1706 2354 1797 2417 qui

236 2446 370 2489 sunt
422 2438 475 2491 in
519 2440 754 2493 excelsis
786 2454 802 2493 :
833 2441 1145 2510 plausitque
1180 2442 1455 2511 justorum
1508 2442 1802 2511 multitudo

232 2544 363 2582 cum
390 2532 674 2597 apostolis,
711 2532 962 2588 videntes
997 2549 1209 2588 sacram
1258 2535 1403 2587 illam
1456 2542 1511 2587 et
1560 2533 1800 2587 divinam

232 2620 477 2673 animam
511 2622 564 2675 in
602 2623 769 2677 celos
794 2624 1173 2688 asendentem,
1206 2634 1260 2679 et
1289 2625 1541 2694 stipatam
1578 2625 1799 2694 angelo-

236 2728 363 2765 rum
397 2715 707 2768 ordinibus.

312 2803 404 2858 ΧΙ.
438 2806 582 2871 Quid
622 2816 806 2860 autem
836 2807 1096 2877 deinceps
1122 2808 1500 2876 consequitur,
1532 2818 1586 2861 et
1614 2807 1743 2876 quid
1776 2822 1804 2860 e

235 2898 461 2966 superis
512 2899 761 2967 providet
815 2910 870 2953 et
927 2901 1212 2970 dispensat
1264 2900 1504 2964 bonitas.
1557 2900 1808 2954 homines

236 2990 532 3045 attrahens
560 2990 624 3044 ad
656 2991 955 3060 pietatem?
986 2992 1211 3046 Sacrum
1242 2992 1462 3062 quidem
1493 2992 1627 3045 illud
1678 3007 1804 3044 cor-

427 3156 521 3168 -η

243 3157 415 3171 *η

1538 3154 1753 3167 ...η-..-

1902 1992 2123 2060 quidem
2150 1998 2415 2059 quantum
2455 1988 2611 2042 licuit
2660 2002 2769 2041 non
2818 1983 3128 2039 aberrando
3162 1999 3192 2037 a
3218 1982 3470 2044 veritate,

1905 2086 2207 2152 composita
2238 2081 2483 2141 fuerunt.
2510 2089 2566 2133 et
2594 2078 2907 2147 conscripta
2932 2117 2947 2141 ,
2974 2085 3027 2131 et
3057 2074 3289 2145 apostoli
3324 2074 3469 2127 laudi

1905 2183 2034 2227 sunt
2064 2172 2337 2226 dedicata.
2376 2171 2561 2225 Tanta:
2582 2170 2738 2224 nobis
2770 2170 2970 2226 laetitia:
3000 2182 3159 2222 causa
3180 2176 3263 2222 est
3300 2166 3469 2222 hodie

1907 2266 2167 2319 Thomas.
2194 2264 2295 2316 Per
2329 2277 2491 2331 quem
2524 2263 2688 2317 etiam
2727 2261 2982 2317 Indorum
3008 2261 3258 2315 barbarae
3283 2266 3474 2330 gentes

1907 2357 2224 2411 didicerunt
2264 2370 2384 2409 eam
2428 2354 2593 2417 viam,
2627 2368 2746 2421 qua:
2771 2352 2877 2406 fert
2903 2353 2968 2406 ad
3006 2352 3174 2406 caelos
3205 2368 3219 2406 :
3245 2360 3301 2405 et
3334 2366 3474 2420 quo-

1914 2462 2035 2500 rum
2072 2461 2303 2515 corpora
2352 2458 2509 2498 erant
2565 2444 2697 2499 solis
2734 2444 2901 2497 radiis
2932 2444 3238 2513 denigrata,
3274 2456 3469 2498 evase-

1911 2546 2037 2591 runt
2060 2535 2306 2590 candidis
2334 2536 2579 2603 lactisque
2609 2544 2663 2588 et
2697 2534 2970 2587 alacribus
3017 2533 3216 2587 animis
3239 2574 3254 2597 ,
3289 2532 3382 2602 qui
3417 2532 3471 2584 in

1912 2625 2324 2696 intelligentiam
2355 2626 2518 2689 cadit,
2559 2625 2672 2678 sole
2708 2640 2843 2693 pure
2876 2639 2939 2677 ac
2969 2622 3209 2677 suaviter
3241 2623 3322 2677 cis
3348 2622 3473 2675 illu-

1908 2726 2159 2772 cescente
2193 2732 2205 2767 :
2234 2715 2297 2769 ad
2331 2716 2559 2786 gloriam
2605 2715 2784 2769 Patris
2813 2753 2827 2777 ,
2858 2725 2913 2769 et
2946 2713 3091 2780 Filii,
3135 2721 3192 2769 et
3236 2712 3477 2783 Spiritus

1909 2810 2124 2873 Sancti,
2160 2809 2342 2871 unius,
2381 2817 2436 2862 et
2469 2823 2589 2878 quae
2617 2807 2788 2862 dividi
2821 2821 2929 2861 non
2967 2815 3166 2877 potest,
3203 2805 3469 2860 divinita-

1911 2900 1983 2953 tis
2024 2916 2037 2953 :
2070 2914 2235 2967 quam
2268 2898 2427 2953 decet
2453 2898 2625 2967 gloria
2647 2938 2660 2961 ,
2695 2897 2873 2950 bonor
2909 2906 2966 2952 et
3012 2895 3258 2952 adoratio
3301 2910 3469 2959 nunc,

1913 3004 2150 3061 semper,
2185 2998 2239 3044 et
2269 2992 2321 3043 in
2353 2988 2549 3043 saecula
2578 2988 2926 3044 saeculorum.
2964 2986 3159 3042 Amen.

665 3306 1301 3394 ΜΑΡΤΥΡΙΟΝ
1378 3306 1601 3390 ΤΩΝ
1676 3301 2009 3389 ΑΓΙΩΝ
2089 3299 2280 3385 ΔΕΒ

1840 3301 2009 3386 [ΩΝ
2089 3299 2386 3386 ΔΕΚΑ
2459 3300 3049 3386 ΜΑΡΤΥΡΩΝ

1247 3499 1547 3613 ΤΩΝ
1626 3498 1825 3612 ΕΝ
1903 3494 2467 3607 ΚΡΗΤΗ.

532 3896 1390 4016 MARTYBIUM
1481 3894 1683 4007 SS.
1784 3891 2257 4005 DECEM
2350 3886 3162 4002 MARTYRUM

1019 4136 1225 4238 QUI
1310 4136 1435 4222 IN
1516 4132 1887 4220 CRETA
1969 4127 2276 4215 PASSI
2355 4126 2708 4215 SUN'I‘.

543 4335 735 4393 (Grece
759 4332 886 4394 apud
908 4330 1210 4403 Cornelium,
1232 4331 1375 4379 Creta
1394 4340 1554 4386 sacra,
1581 4326 1631 4374 ι’
1656 4323 1879 4374 Venetiis
1908 4323 1961 4372 i'l
1974 4325 2060 4380 lli;
2084 4322 2255 4372 Latine
2279 4323 2405 4382 apud
2432 4320 2627 4373 Surium
2646 4322 2706 4370 ad
2729 4320 2789 4369 23
2816 4322 3141 4387 Decembris.)

322 4630 403 4686 A'.
443 4630 637 4688 ’Δλὶος
672 4626 772 4695 μιν
798 4625 926 4677 ἄλλο
964 4641 1012 4676 τι
1039 4627 1136 4694 τῆς
1167 4624 1538 4694 Θρυλουμὲνης
1572 4622 1814 4685 διεξιέτω
1841 4621 1887 4683 C
1996 4619 2037 4673 I.
2070 4620 2222 4674 Alius
2246 4633 2279 4685 q

1841 4621 1887 4683 ε
1996 4619 2037 4673 Ι.
2070 4620 2222 4674 Alius
2246 4617 2469 4685 quidem
2518 4616 2723 4685 aliquid
2772 4616 2918 4671 aliud
2970 4627 3330 4687 persequatur
3360 4636 3480 4674 ora-

246 4724 500 4792 Κρήτης,
521 4721 550 4771 6
574 4719 673 4785 μὶν
703 4717 763 4770 τὸ
791 4718 1009 4781 κάλλος,
1032 4720 1060 4771 6
1085 4718 1141 4770 δι
1172 4720 1231 4770 τὸ
1258 4716 1508 4786 μέγεθος,
1541 4717 1635 4767 καὶ
1662 4718 1687 4766 6
1716 4713 1815 4782 μὲν

247 4814 412 4880 τείχη
448 4809 542 4863 καὶ
572 4808 820 4877 λιμένας,
844 4811 871 4861 6
900 4808 960 4860 δὲ
984 4807 1091 4860 τῶν
1118 4808 1276 4875 ὡρῶν
1296 4811 1394 4878 τὴν
1416 4809 1611 4878 κρᾶσιν
1644 4809 1732 4858 καὶ
1758 4806 1817 4858 τὸ

244 4907 361 4960 τῶν
384 4902 616 4974 καρπῶν
645 4899 915 4969 εὔφορον
967 4900 1078 4967 ἐγὼ
1124 4900 1179 4953 δὲ
1207 4899 1234 4951 6
1284 4901 1459 4953 πάντα
1498 4898 1663 4953 τᾶλλα
1692 4898 1817 4965 νικᾷ

245 4997 344 5048 καὶ
377 4995 445 5063 ἢν
480 4994 649 5062 μόνην
679 4990 838 5056 ἀξίαν
867 4992 1078 5059 εῐποιμι
1124 4990 1226 5043 τοῦ
1249 4991 1452 5059 ταύτης
1481 4987 1818 5059 δημιουργοῦ
1840 4988 1852 5018 λ·

245 5088 449 5157 φορὰν),
482 5083 692 5155 ταύτην
741 5082 849 5154 πρὸ
871 5083 980 5134 τῶν
1008 5082 1184 5135 ἄλλων
1232 5082 1369 5151 ἐρῶ.
1420 5081 1513 5141 Τίς
1538 5080 1595 5132 δὲ
1614 5072 1769 5139 οὗτος
1789 5081 1817 5130 ό

247 5176 465 5245 γαρπδς
507 5175 603 5226 καὶ
658 5171 745 5234 τίς
772 5174 801 5224 6
831 5170 1085 5232 τοσοῦτος
1119 5168 1219 5238 τῆς
1248 5170 1414 5237 νήσου
1445 5167 1678 5234 κόσμος;
1720 5163 1817 5239 Τίς

245 5272 438 5338 ἔτερος
465 5266 498 5333 ἢ
522 5268 550 5318 6
579 5265 726 5327 θεῖος
748 5263 860 5315 τῶν
893 5262 1191 5332 μαρτύρων
1216 5259 1396 5330 χορὸς,
1430 5260 1459 5312 6
1488 5257 1814 5326 ιπαινούμες

248 5376 345 5419 νος
378 5356 635 5429 ἀριθμδς,
695 5356 755 5408 τὸ
804 5355 1023 5407 πάντων
1077 5353 1175 5423 μὲν
1235 5352 1527 5421 θεαμάτων
1578 5351 1817 5421 ἥδιστον,

248 5451 476 5505 stivam;
515 5448 571 5502 δὲ
634 5448 999 5514 ἀκουσμάτων
1058 5444 1515 5515 ὠφελεμώτατονς
1563 5444 1612 5494 οἱ
1664 5441 1816 5501 δέκα,

249 5540 420 5613 φημὶ,
480 5538 576 5592 τοῦ
623 5538 863 5605 Χριστοῦ
915 5537 1417 5606 στιφσ.ντται,οἱέκ
1474 5534 1679 5599 ταύτης
1717 5532 1816 5603 μὲν

250 5631 634 5701 προελθόντες,
662 5630 1019 5695 γενναιότατα
1043 5627 1100 5681 δὲ
1132 5629 1225 5681 καὶ
1252 5627 1392 5697 ὑπὲρ
1424 5627 1465 5677 Χ
1477 5623 1658 5694 piaret”)
1682 5640 1819 5692 μαρ-

249 5724 617 5793 τυρήσαντες,
651 5722 700 5775 οἳ
731 5723 824 5775 καὶ
847 5720 991 5773 καλά
1021 5737 1084 5789 γι
1124 5721 1291 5782 ὅντως
1328 5717 1697 5773 ἀποδεδώκασι
1752 5714 1819 5766 τὰ

254 5820 485 5886 cpe-92!:
520 5817 682 5885 τιμῆς
726 5816 854 5884 ὅσης
906 5814 1074 5884 αὐτὴν
1102 5812 1431 5880 ἀξιώσαντες
1462 5812 1522 5863 ἰδ
1557 5826 1817 5879 μαρτυρι·

1921 4710 2087 4775 tione,
2130 4710 2276 4764 illius
2309 4724 2430 4777 qua:
2460 4708 2620 4777 vulgo
2639 4708 2894 4778 jactatur,
2924 4706 3133 4773 Cretae;
3189 4710 3328 4765 alius
3355 4715 3479 4781 qui-

1920 4802 2043 4855 dem
2084 4800 2572 4870 pulchritudinem,
2621 4798 2760 4852 alius
2787 4814 2917 4853 vero
2947 4799 3395 4868 magnitudinem,
3425 4813 3480 4856 et

1917 4891 2057 4943 alius
2086 4889 2310 4957 quidem
2342 4888 2541 4941 moenia
2590 4899 2646 4943 et
2679 4900 2888 4958 portus,
2918 4890 3059 4944 alius
3117 4900 3300 4945 autem
3337 4898 3478 4947 aeris

1921 4981 2369 5050 temperationem
2400 4989 2456 5034 et
2489 4980 2764 5033 fructuum
2815 4981 3171 5036 fertilitatem.
3206 4983 3319 5054 Ego
3348 4995 3478 5042 vcrb

1921 5077 1992 5140 id,
2017 5075 2163 5144 quod
2193 5075 2297 5129 alia
2347 5075 2520 5128 vincit
2564 5074 2775 5141 omnia,
2833 5084 2889 5129 et
2937 5089 3099 5143 quam
3143 5075 3311 5130 solam
3359 5080 3479 5146 eius

1918 5166 2109 5235 opiilce
2172 5166 2388 5236 dignam
2438 5165 2669 5219 dixerim
2719 5165 3077 5229 feracitatem,
3130 5182 3257 5220 eam
3299 5167 3472 5222 dicam

1918 5266 2044 5311 ante
2074 5256 2197 5310 alia.
2225 5256 2482 5322 Quisnam
2521 5265 2605 5310 est
2634 5258 2723 5310 hic
2754 5257 2983 5319 fructus,
3012 5264 3068 5311 et
3094 5255 3366 5325 quodnam
3391 5270 3479 5313 est

1920 5356 2128 5399 tantum
2156 5345 2349 5399 insula:
2380 5347 2801 5400 ornamentum?
2832 5345 2975 5411 Quid
3019 5345 3195 5409 aliud,
3244 5346 3351 5402 nisi
3390 5347 3478 5403 di-

1920 5438 2082 5492 vinus
2101 5437 2304 5491 chorus
2349 5450 2667 5508 martyrum,
2707 5448 2760 5490 et
2796 5437 2887 5505 qui
2922 5438 3172 5493 laudatur
3198 5453 3478 5501 numerus.

1919 5531 2143 5599 etquod
2178 5532 2417 5583 omnium
2451 5531 2668 5598 quidem
2702 5540 2784 5583 est
2828 5530 3259 5600 spectaculorum
3287 5533 3481 5600 jucun-

1921 5620 2226 5685 disSimum,
2259 5637 2325 5675 ac
2375 5630 2743 5676 acroamatum
2795 5623 3038 5676 omnium
3093 5623 3485 5677 utilissimum?

1923 5717 2139 5777 Decem,
2173 5715 2417 5783 inquam,
2480 5714 2557 5767 illi
2590 5728 2690 5783 pro
2735 5712 2954 5768 Christo
2987 5712 3229 5783 martyrii
3267 5715 3489 5768 coronis

1920 5809 2155 5865 redimiti
2201 5808 2338 5876 :qui
2393 5822 2455 5861 ex
2490 5822 2552 5861 ea
2601 5806 2820 5876 quidem
2861 5815 3263 5873 processerunt.
3301 5806 3477 5859 fertis»-
