4252 6440
735 373 836 430 567

1950 364 2233 423 MENSIS
2275 366 2702 426 DECEMBER.

3864 367 3985 428 563

730 486 869 536 sime
901 491 1080 534 autem
1114 497 1210 549 pro
1266 479 1483 533 Christo
1535 481 1754 534 subiere
1794 481 2112 549 martyrium
2148 497 2162 534 :
2199 481 2293 548 qui
2325 492 2368 544 Α
2399 501 2409 534 ι

2325 492 2368 544 Α
2399 483 2510 544 κῶς
2547 485 2605 536 ἐν
2635 485 2810 557 ταύτῃ
2845 483 3222 553 τελειωθῆναι.
3252 484 3440 546 Ὅπως
3477 483 3555 543 δδ.
3599 480 3838 534 συνελὼν
3867 482 3980 552 ἢδη

726 590 843 625 eam
875 587 975 640 pro
995 573 1265 625 alimentis
1298 586 1484 625 revera
1514 572 1736 638 pulchre
1754 581 1884 626 sunt
1924 577 2286 635 remunerati,

2395 573 2427 624 δ
2457 574 2613 640 λόγος
2642 578 2775 644 ἐρεῖ.

722 679 848 717 cum
877 679 996 717 eam
1025 673 1174 716 tanto
1227 662 1434 716 honore
1456 662 1762 727 aﬂ‘ecerint,
1799 673 1858 716 ut
1904 665 1956 717 in
1991 676 2051 714 ea
2085 677 2180 730 per
2222 665 2547 734 martyrium
2604 665 2815 722 fuerint
2847 667 3231 728 consummati.
3285 665 3575 732 Quomodo
3594 682 3747 732 vero,
3777 669 3988 739 paucis

723 758 837 825 jam
878 755 1024 808 dicet
1048 754 1248 808 oratio.

794 845 860 899 ll.
893 844 1088 900 Decius
1112 845 1219 910 ille,
1254 845 1345 914 qui
1381 861 1576 915 magno
1594 844 1698 898 fuit
1729 845 1910 898 furore
1945 845 2206 912 percitus,
2235 852 2291 898 et

728 938 795 992 ad
842 938 1255 1007 persequendos
1279 938 1622 993 Christianos
1655 937 1900 989 omnium
1945 934 2044 988 fuit
2077 936 2290 989 violen-

728 1027 996 1088 tissimus,
1028 1027 1072 1080 is
1105 1037 1234 1080 tunc
1273 1035 1488 1096 sceptra
1517 1035 1711 1082 tenens
1755 1025 1972 1094 imperii
2021 1026 2294 1080 Romano-

734 1135 880 1178 rum,
913 1119 1076 1189 hujus
1116 1120 1308 1174 insula
1330 1118 1618 1183 constituit
1674 1118 2059 1188 proconsulem
2112 1118 2290 1170 virum

732 1208 1048 1277 quemdam,
1089 1209 1182 1277 qui
1223 1210 1413 1262 eodem
1445 1223 1664 1276 quoque
1714 1207 1933 1260 nomine
1984 1207 2296 1275 appellaba~

731 1307 843 1361 tur,
875 1312 1069 1365 nempe
1113 1297 1329 1357 Decius,
1388 1310 1498 1348 non
1543 1295 1724 1348 minus
1776 1303 1984 1358 autem,
2036 1310 2196 1362 quam
2238 1294 2293 1347 in

729 1387 977 1448 nomine,
1018 1384 1382 1440 conveniebat
1412 1383 1465 1437 in
1500 1384 1766 1439 moribus.
1800 1383 2052 1451 Quicum
2101 1384 2295 1438 fuisset

2472 845 2545 900 [Υ.
2588 845 2776 906 Δέκιος
2803 845 2832 896 ό
2892 844 3058 906 πολὺς
3101 844 3199 912 τὴν
3253 843 3450 913 μανίαν
3505 844 3598 897 καὶ
3628 842 3688 896 τὸ
3720 843 3990 908 κολάζειν

2400 936 2786 1008 Χριστιανοὺς,
2821 937 3077 990 ἁπάντων
3123 937 3152 989 ό
3183 937 3490 1003 βιαιότατος
3521 931 3674 998 οὗτος
3700 939 3796 989 καὶ
3827 936 3988 1003 σκῆ-

2400 1044 2547 1096 πτρα
2573 1029 2693 1080 τότε
2742 1027 3032 1096 Ῥωμαίοις
3053 1026 3274 1091 διέπων,
3305 1026 3403 1092 τῆς
3431 1027 3593 1093 νήσου
3632 1026 3834 1094 ταύτης
3875 1027 3986 1078 ἀν-

2400 1120 2638 1173 θύπατον
2677 1117 2909 1186 καθιστᾷ
2936 1117 3106 1187 ἄνδρα
3147 1117 3293 1181 τινὰ,
3325 1117 3516 1168 Δέκιον
3551 1118 3648 1185 μὲν
3677 1119 3772 1169 καὶ
3807 1117 3988 1170 αὐτὸν

2397 1212 2709 1282 ὁμωνύμως
2742 1210 3102 1280 καλούμενον,
3135 1212 3231 1280 οὐχ
3269 1205 3434 1280 ἦττον
3463 1209 3519 1262 δὲ
3567 1209 3664 1261 τοῦ
3705 1210 3989 1278 ὀνόματος

2396 1303 2491 1356 καὶ
2519 1303 2629 1363 τοῖς
2649 1301 2872 1371 τρόποις
2901 1298 3352 1369 συνηρμοσμένον
3374 1316 3389 1330 ο
3422 1298 3479 1360 ὃς
3504 1300 3563 1350 ὲν
3597 1298 3791 1368 Κρήτῃ
3809 1297 3989 1362 γενό-

2399 1409 2556 1462 μενος
2593 1392 2791 1461 μικρὸν
2853 1389 3017 1461 ἔργον
3047 1392 3295 1460 ἡγήσατο
3343 1391 3436 1442 καὶ
3461 1389 3616 1442 οὐδὲν
3666 1388 3792 1457 ἔχον
3819 1386 3989 1456 ὠμὸν

734 1481 790 1531 in
822 1476 1006 1539 Creta,
1057 1492 1170 1530 rem
1209 1492 1430 1546 parvam
1457 1476 1815 1541 existimavit,
1859 1489 1915 1531 et
1944 1491 2062 1544 qua:
2091 1476 2295 1529 nullam
2393 1502 2413 1537 ε

2393 1485 2512 1537 οὐδὲ
2565 1485 2780 1554 ἄγριον,
2804 1483 2866 1536 τὺ
2897 1483 3107 1544 πάντας
3145 1483 3273 1544 τοὺς
3297 1483 3355 1534 ἑν
3395 1480 3570 1551 ταύτῃ
3609 1480 3989 1550 Χριστιανοὺς

731 1570 958 1636 haberet
993 1569 1385 1621 immanitatem
1411 1576 1464 1620 ct
1494 1567 1782 1627 saevitiam.
1826 1581 2017 1620 omnes
2045 1565 2138 1634 qui
2168 1574 2298 1620 sunt

2401 1575 2538 1644 μετά
2560 1574 2618 1627 τὸ
2659 1573 2880 1643 μυρίαις
2901 1571 3158 1625 ὑπελθεῖν
3206 1570 3458 1639 βασάνων
3499 1571 3691 1632 ἰδέαις,
3724 1567 3842 1622 εἶτα
3880 1568 3989 1622 καὶ

732 1665 785 1714 in
818 1678 880 1716 ea
908 1647 1266 1721 Christianus.
1296 1667 1580 1729 postquam
1621 1658 1944 1728 subjecisset
1980 1659 2299 1711 innumera-
2325 1680 2411 1748 Ba

2325 1689 2374 1748 Β
2399 1661 2613 1732 πικρῶς
2671 1661 2903 1748 ἀνελεῖν.
2958 1657 3375 1748 -Ἄνεζητοῦν-το-
3403 1658 3581 1748 τοίνυν
3636 1660 3728 1748 καὶ
3757 1657 3988 1727 ἀνευρί-

735 1753 939 1807 bilibus
992 1752 1290 1822 generibus
1340 1760 1764 1812 tormentorum,
1838 1749 2036 1804 deinde
2099 1749 2295 1804 acerbe

733 1845 924 1897 tollere
952 1843 1022 1896 de
1073 1841 1278 1896 medio.
1311 1840 1709 1907 Quaerebantur
1728 1855 1860 1911 ergo
1880 1856 2092 1899 omnes.
2134 1851 2189 1893 et
2210 1841 2295 1892 in-

733 1936 1129 2001 veniebantur,
1156 1944 1210 1989 et
1234 1934 1613 2004 comprehensi
1642 1934 1706 1988 ad
1731 1934 1904 2002 ipsum
1933 1932 2295 1987 ducebantur.

734 2029 868 2084 Cum
892 2028 1092 2098 quibus
1123 2028 1210 2081 hic
1235 2042 1457 2096 quoque
1487 2041 1642 2080 sacer
1684 2026 1910 2088 chorus,
1961 2025 2298 2096 praestantis-

739 2121 1003 2172 simorum
1035 2117 1279 2170 virorum
1312 2117 1594 2181 denarius,
1638 2115 1807 2170 veluti
1836 2132 1901 2169 ex
1934 2118 2156 2186 optimis
2188 2116 2300 2171 exi-

739 2211 836 2263 mii
872 2208 1057 2263 selecti
1086 2208 1402 2262 civitatibus
1434 2224 1449 2262 :
1476 2223 1710 2277 quorum
1742 2208 1878 2262 alios
1913 2209 2138 2276 quidem
2188 2224 2302 2262 ma-

740 2299 879 2350 sima
925 2297 1193 2360 omnium,
1250 2312 1372 2367 qua:
1401 2297 1514 2350 illic
1542 2304 1721 2360 erant,
1778 2297 2014 2366 praebuit
2066 2297 2296 2362 civitas;

736 2391 830 2444 alii
884 2399 1068 2443 autem
1095 2388 1200 2444 orti
1226 2399 1384 2444 erant
1433 2406 1497 2444 ex
1527 2388 1694 2451 aliis;
1755 2388 2123 2444 communiter
2165 2404 2300 2444 vero

737 2484 898 2537 simul
928 2497 1118 2535 omnes
1146 2480 1479 2536 festinabant
1502 2480 1569 2535 ad
1607 2497 1792 2545 unam,
1842 2497 1961 2550 qua:
1993 2489 2077 2536 est
2108 2481 2163 2535 in
2192 2497 2304 2536 ca:-

736 2574 829 2637 lis,
868 2574 1170 2628 civitatem.
1208 2572 1394 2627 licum
1427 2581 1557 2626 tunc
1585 2573 1864 2628 stetissent
1894 2584 2020 2627 ante
2065 2589 2302 2642 procon-

738 2665 932 2728 sulem,
969 2680 1106 2733 quos
1139 2679 1245 2718 non
1272 2673 1402 2718 tunc
1432 2663 1655 2733 quidem
1695 2678 1978 2719 sermones
2006 2665 2178 2718 libere
2208 2665 2307 2719 ba-

739 2757 1019 2813 buerunt?
1047 2755 1376 2824 quibusnam
1409 2764 1592 2810 autem
1621 2754 1780 2810 factis
1811 2769 1918 2808 non
1945 2757 2308 2811 obscurarunt

739 2843 1066 2898 sermones?
1112 2851 1166 2896 et
1195 2841 1470 2912 quodnam
1518 2842 1743 2912 quidem
1783 2851 2181 2898 tormentorum
2204 2845 2309 2898 iter

743 2948 854 2987 non
924 2934 1323 3004 pervaserunt?
1378 2933 1663 3000 Quodnam
1724 2945 1905 2990 autem
1975 2937 2307 3005 supplicium

2401 1764 2594 1801 σκοντο
2634 1747 2836 1808 πάντες
2883 1746 2982 1799 καὶ
3058 1745 3194 1816 πρὸς
3248 1744 3414 1799 αὑτὸν
3465 1747 3988 1814 συλλαμϐανόμενοι

2398 1843 2626 1911 ἤγοντο·
2659 1840 2781 1910 μεθ’
2809 1835 2883 1893 ὧν
2913 1840 3034 1892 ’καὶ
3064 1840 3093 1890 ό
3144 1839 3287 1907 ἱερὸς
3347 1832 3503 1900 οὗτος
3551 1841 3730 1907 χορὸς.
3797 1840 3829 1907 ἡ
3871 1838 3992 1890 τῶν

2398 1933 2668 2003 ἀριστέων
2703 1932 2886 1996 δεκάς,
2939 1931 3164 1999 λογάδες
3218 1928 3412 1997 ὥσπερ
3443 1929 3811 1996 ἐξειλεγμένοι
3871 1928 3992 1980 τῶν

2399 2025 2638 2096 ἀρίστων
2668 2023 2900 2088 πόλεων,
2932 2016 3007 2076 ὧν
3034 2023 3162 2086 τοὺς
3194 2021 3296 2092 μὲν
3323 2023 3355 2090 ﬂ
3388 2021 3620 2090 μεγίστη
3648 2019 3842 2072 πασῶν
3868 2019 3990 2071 τῶν

2401 2117 2518 2170 ἐκεῖ
2550 2116 2776 2184 παρεῖχε
2815 2113 2992 2178 πόλις,
3047 2114 3095 2166 οί
3145 2113 3200 2165 δὲ
3237 2113 3399 2174 ἄλλος
3441 2112 3540 2182 μὲν
3576 2112 3634 2175 ἐξ
3665 2112 3834 2178 ἄλλης
3873 2109 3993 2178 ὦρ-

2405 2227 2566 2280 μητο,
2585 2210 2735 2277 κοινῇ
2764 2207 2820 2260 δὲ
2850 2207 2996 2275 ὅμως
3024 2206 3230 2268 πάντες
3272 2205 3409 2276 πρὸς
3444 2205 3576 2273 μίαν
3609 2205 3708 2272 τὴν
3732 2206 3788 2256 ὲν
3814 2204 3993 2270 οὖρα-

2404 2303 2515 2363 νοῖς
2545 2300 2700 2352 πόλιν
2736 2298 3053 2369 ἠπείγοντο.
3097 2290 3283 2358 Οὗτοι,
3319 2297 3394 2359 ὡς
3430 2296 3506 2366 τῷ
3535 2295 3830 2363 ἀνθυπάτῳ
3859 2296 3991 2346 τότε

2403 2392 2778 2463 παρέστησαν,
2832 2393 2983 2454 τίνας
3014 2390 3113 2462 μὲν
3157 2391 3258 2443 οὐκ
3292 2388 3629 2458 ἐφθέγξαντο
3662 2387 3990 2460 παρρησίας

2404 2487 2618 2554 λόγους,
2653 2484 2761 2537 τίσι
2789 2484 2844 2537 δὲ
2878 2485 2978 2537 οὐκ
3005 2483 3335 2552 ἀπέκρυψαν
3367 2481 3549 2551 ἔργοις
3598 2481 3722 2542 τοὺς
3748 2481 3986 2548 λόγους;

2407 2575 2498 2627 καὶ
2520 2574 2640 2627 τίνα
2673 2574 2774 2641 μὲν
2799 2573 2901 2624 ούκ
2929 2570 3168 2641 ἐπῆλθον
3193 2571 3443 2641 βασάνων
3473 2570 3593 2623 ὁδόν
3619 2587 3632 2634 ;
3679 2571 3804 2623 τίνα
3835 2571 3894 2622 δὲ
3919 2569 3987 2622 οὐ

2409 2665 2689 2734 παρῆλθον
2739 2665 3018 2734 τιμωρίαν
3073 2666 3139 2734 τῇ
3193 2662 3482 2733 καρτερίᾳ,
3541 2664 3635 2715 ἐπὶ
3688 2665 3991 2734 τριάκοντα

2407 2757 2506 2818 τὰς
2534 2757 2713 2817 πάσας
2745 2755 2957 2825 ἡμέρας
2976 2753 3338 2823 αἰκιζόμενοι,
3364 2753 3624 2824 στρεϐλού
3634 2771 3811 2822 μενοι,
3839 2753 3992 2806 κατὰ

2409 2848 2512 2916 γῆς
2533 2847 2842 2916 συρόμενοι,
2872 2846 3042 2908 λίθοις
3072 2846 3416 2916 βαλλόμενοι,
3447 2848 3580 2916 πρὸς
3607 2846 3664 2898 δὲ
3685 2845 3991 2914 γελώμενοί

2412 2957 2469 2992 τε
2503 2941 2596 2991 καὶ
2643 2939 3013 3006 ὲμπτυόμενοι
3063 2937 3160 2991 καὶ
3215 2936 3361 2990 ἅπαν
3407 2934 3548 2999 εἶδος
3602 2935 3991 3006 μυκτηρισμοῦ

749 3042 859 3080 non
891 3036 1219 3096 superarunt
1252 3026 1561 3090 tolerantia,
1603 3028 1750 3089 caesi,
1787 3028 1934 3092 torti,
1970 3042 2068 3097 per
2113 3038 2314 3082 terram
2342 3026 2387 3088 C
2417 3047 2428 3079 ι

2313 3026 2387 3088 κϐ
2417 3029 2704 3097 φέροντες;
2757 3027 2918 3080 Ἀλλά
2956 3025 3132 3078 ταῦτα
3164 3026 3264 3094 μὲν
3305 3025 3539 3086 ἐκείνοις
3562 3025 3840 3093 γυμνάσια
3879 3023 3992 3076 τῶν

757 3121 941 3183 tracti,
1002 3118 1274 3186 lapidibus
1341 3118 1592 3188 appetiti,
1652 3118 1821 3180 irrisi,
1878 3121 2210 3188 consputati,
2262 3130 2315 3174 et

749 3227 911 3265 omne
973 3227 1146 3280 genus
1193 3211 1432 3266 ferentes
1487 3211 1972 3266 subsannationis?
2023 3211 2130 3266 Sed
2160 3221 2318 3265 erant

751 3306 866 3357 [nec
919 3304 1139 3372 quidem
1182 3303 1290 3356 illis
1342 3302 1653 3356 futurorum
1689 3304 1993 3373 gymnasia,
2041 3310 2097 3357 et
2145 3302 2316 3356 veluti

751 3397 1000 3463 quzedam
1034 3395 1585 3464 praeexercitationes.
1613 3394 1905 3462 Postquam
1937 3404 2119 3448 autem
2153 3408 2320 3462 opor-

753 3491 903 3542 tebat
919 3503 1012 3541 eos
1031 3501 1222 3555 magna
1242 3501 1462 3539 currere
1481 3484 1746 3554 Olympia,
1773 3487 2056 3552 temporis,
2075 3485 2317 3552 inquam,

755 3586 1196 3638 tormentorum;
1230 3584 1349 3628 erat
1387 3590 1518 3628 vero
1547 3573 1664 3628 dies
1705 3572 2045 3642 praestitutus
2105 3571 2320 3626 decimo

756 3669 1028 3722 kalendas
1047 3665 1367 3728 Ianuarias;
1420 3675 1476 3719 et
1528 3676 1776 3734 paratum
1813 3665 2036 3731 quidem
2075 3667 2322 3718 erattri-

762 3760 924 3812 tunal
979 3769 1034 3812 et
1058 3756 1382 3826 prmsidebat
1415 3757 1742 3825 proconsul,
1773 3756 2120 3810 ducebantur
2147 3756 2322 3809 athle-

761 3864 828 3904 ta:
859 3870 871 3902 ι
899 3851 1042 3918 pleni
1088 3863 1218 3902 vero
1251 3858 1406 3900 erant
1438 3845 1622 3910 ambo,
1669 3846 1723 3899 bi
1746 3846 1966 3914 quidem
2001 3846 2168 3899 animi
2209 3847 2322 3898 ala-

763 3944 977 4004 critate,
1010 3942 1099 3994 ille
1137 3954 1268 3994 vero
1320 3941 1506 3991 furore
1533 3948 1589 3990 et
1609 3937 1841 3990 insania.
1886 3938 1952 3990 Et
1986 3938 2075 3991 illc
2103 3938 2322 4005 quidem

761 4042 1206 4099 tiratpropcnsus
1257 4029 1321 4082 ad
1363 4029 1700 4097 puniendum
1746 4042 1917 4095 usque
1969 4027 2035 4079 ad
2074 4037 2324 4087 mortem.

2422 3121 2726 3190 μελλόντων
2774 3122 2870 3173 καὶ
2909 3117 2996 3172 οἷα
3040 3119 3508 3187 προαγωνίσματα
3569 3113 3654 3186 ἦν.
3722 3117 3879 3168 Ἐπεὶ
3933 3116 3991 3167 δὲ

2419 3210 2524 3262 ἑδει
2574 3212 2800 3273 τούτους
2851 3211 2944 3263 καὶ
2977 3210 3046 3263 τά
3082 3209 3298 3281 μεγάλα
3348 3209 3581 3278 δραμεῖν
3628 3207 3902 3275 Ὀλύμπια
3923 3207 3994 3257 τὰ

2417 3303 2528 3356 τῶν
2561 3303 2792 3374 καιρῶν,
2839 3303 3109 3372 βασάνων,
3162 3302 3327 3371 φημὶ,
3356 3294 3562 3370 ὥριστο
3590 3300 3645 3352 δὲ
3679 3302 3776 3352 καὶ
3803 3300 3991 3369 ἡμέρα

2420 3396 2527 3448 τῶν
2579 3395 2918 3464 Ἰαννουρίων
2947 3394 3227 3448 καλανδῶν
3257 3396 3288 3462 ἡ
3321 3400 3428 3463 πρὸ
3460 3394 3614 3456 δέκα,
3655 3393 3749 3444 καὶ
3789 3393 3848 3444 τὺ
3891 3393 3994 3460 μὲν

2425 3486 2579 3556 βῆμα
2603 3486 2936 3556 ηὐτρέπιστο
2988 3486 3083 3538 καὶ
3115 3487 3143 3537 ὁ
3176 3483 3488 3544 ἀνθύπατος
3540 3479 3910 3550 προεκάθητο,
3943 3481 3993 3531 οἱ

2419 3579 2475 3630 δὲ
2506 3577 2740 3646 ἀθληταὶ
2794 3579 2989 3645 ἤγοντο
3017 3592 3034 3607 ο
3067 3576 3295 3646 πλήρεις
3323 3576 3379 3628 δὲ
3407 3573 3549 3644 ἦσαν
3600 3573 3786 3642 ἄμφω,
3816 3573 3864 3623 οἱ
3895 3572 3995 3639 μὲν

2420 3671 2750 3740 προθυμίας,
2777 3669 2804 3721 ό
2828 3669 2884 3721 δὲ
2918 3667 3088 3738 θυμοῦ
3107 3670 3201 3720 καὶ
3233 3668 3439 3730 ἀνοίας,
3472 3669 3567 3718 καὶ
3599 3665 3674 3735 τῷ
3711 3665 3809 3732 μὲν
3835 3664 3997 3716 κολά-

2425 3764 2539 3826 ζειν
2565 3761 2727 3831 μέχρι
2757 3762 2851 3814 καὶ
2902 3761 3160 3829 τελευτῆς
3205 3763 3235 3827 ἡ
3266 3758 3428 3829 ῥοπὴ,
3459 3759 3572 3819 τοῖς
3603 3757 3659 3808 δὲ
3700 3755 3995 3823 ὑπομένειν

2421 3854 2640 3922 καὶτῆς
2678 3853 2914 3922 ἐσχάτης
2937 3853 3066 3922 ἄχρι
3099 3851 3268 3920 πνοῆς
3305 3853 3338 3920 ὴ
3371 3851 3721 3918 παρασκευή·
3775 3847 3995 3915 ὀργίλον

2424 3945 2606 4006 αὐτοῖς
2642 3943 2920 4012 tamen;
2953 3944 3052 3996 καὶ
3076 3942 3316 4011 φονικὸν,
3345 3942 3442 4004 τίς
3468 3943 3499 4006 ὴ
3533 3939 3793 4008 τοσαύτη,
3823 3940 3992 4006 λέγει,

2425 4036 2533 4087 τῶν
2585 4036 2798 4104 φρενῶν
2836 4033 3114 4096 ἔκστασις,
3168 4033 3254 4084 ὅτε
3292 4033 3428 4100 μήτε
3479 4031 3636 4096 λόγος
3663 4031 3797 4097 μήτε
3831 4029 3935 4097 μὴν
3967 4030 3998 4082 ό

770 4124 822 4175 hi
856 4138 986 4176 vero
1019 4122 1195 4190 parati
1230 4130 1388 4174 erant
1429 4119 1699 4177 sustinere
1725 4135 1898 4188 usque
1927 4118 1994 4172 ad
2022 4129 2325 4173 extremum
2425 4140 2449 4190 χ

2316 4135 2325 4173 |
2425 4123 2615 4190 χρόνος
2659 4121 2719 4172 τὸ
2749 4123 2994 4173 συνοῖσον
3024 4121 3171 4188 ἡμᾶς
3216 4119 3492 4185 ἐδίδαξενς
3528 4115 3659 4172 Εἶτα
3691 4119 3879 4188 ῶσπερ
3918 4119 3995 4186 τῷ

765 4214 1052 4280 spiritum:
1100 4213 1366 4265 iracundo
1395 4221 1449 4265 et
1501 4211 1706 4264 eaedem
1738 4212 1980 4279 spirante
2034 4211 2187 4262 vultu
2233 4225 2329 4264 eos
2429 4230 2444 4263 ι

2315 4226 2329 4264 t
2429 4213 2782 4284 προσχήματι
2809 4213 2956 4281 μόνῳ
2987 4213 3084 4280 τῆς
3111 4214 3280 4280 ὀργῆς
3312 4212 3662 4279 καταπλήξας
3687 4211 3880 4270 αὐτοὺς
3903 4212 3994 4262 καὶ

766 4318 1020 4358 τιιιιιειιεε
1054 4303 1310 4366 Quaenam
1341 4311 1444 4365 est,
1477 4301 1672 4370 inquit,
1725 4311 1872 4355 tanta
1906 4301 2327 4370 amentia,quod
2432 4305 2445 4355 l

2312 4301 2327 4354 Ι
2432 4305 2532 4372 ἠδη
2574 4303 2886 4371 πειθηνίους
2915 4302 3118 4365 λαϐὼν,
3143 4300 3374 4366 Θύσατε,
3421 4305 3607 4372 φησὶν,
3642 4296 3687 4354 ὣ
3711 4299 3888 4354 οὗτοιο
3945 4303 3991 4352 εί

766 4411 945 4462 neque
978 4395 1136 4456 ratio,
1170 4410 1344 4462 neque
1369 4402 1584 4461 tempus
1614 4409 1709 4446 vos
1739 4394 1792 4445 id
1840 4393 2044 4456 docuit,
2075 4394 2218 4461 quod
2247 4403 2329 4446 est
2365 4378 2404 4431 ι)
2433 4396 2445 4448 ί

2314 4403 2329 4446 ι
2365 4378 2404 4431 ι)
2433 4395 2488 4448 δὲ
2521 4395 2618 4464 μὴ,
2649 4395 2764 4447 ἀλλ’
2791 4394 2902 4461 εγὼ
2935 4394 3033 4463 μὲν
3056 4395 3207 4447 οὐδὲν
3233 4394 3400 4445 πλέον
3430 4395 3564 4463 ἐρῶ,
3604 4396 3759 4463 ὑμεῖς
3783 4393 3839 4445 δι
3860 4393 3993 4444 εἵσε-

770 4490 1012 4540 1ἰιιυι-υιη
1045 4487 1437 4541 conducibile?
1484 4486 1690 4539 Deinde
1728 4487 1955 4554 perinde
1994 4499 2058 4539 ac
2092 4485 2136 4538 si
2185 4485 2324 4551 sola,
2436 4504 2449 4537 <

2209 4485 2324 4551 uola,
2436 4487 2528 4539 σθε
2563 4486 2678 4554 μετ’
2709 4486 2888 4554 ὀλίγον
2913 4486 2994 4547 τίς
3024 4487 3172 4537 ἐστιν
3195 4481 3237 4553 ᾧ
3263 4485 3356 4538 νῦν
3379 4487 3654 4538 ἀπειθεῖτε
3677 4485 3888 4541 Δέκιος.

768 4597 930 4648 quam
955 4596 1067 4649 prze
1104 4596 1163 4634 se
1194 4579 1428 4644 ferebat,
1461 4580 1540 4632 ira
1596 4595 1694 4633 eos
1740 4578 2223 4647 perterrefecisset,
2271 4589 2326 4634 et
2361 4580 2472 4649 jam
2528 4579 2632 4642 eis,
2688 4590 2750 4633 ut
2828 4587 3107 4646 parerent,
3183 4578 3587 4647 persuasisset:
3660 4577 3992 4641 Sacriﬁcate,

773 4675 988 4744 inquit;
1035 4673 1118 4727 sin
1172 4675 1371 4740 minus,
1413 4689 1514 4744 ego
1549 4673 1774 4743 quidem
1828 4674 1967 4726 nihil
1997 4674 2176 4728 dicam
2217 4675 2495 4743 amplius;
2544 4689 2643 4727 vos
2688 4683 2869 4728 autem
2938 4673 3128 4726 scietis
3167 4671 3330 4740 paulo
3368 4681 3530 4740 post,
3604 4675 3852 4740 quisnam
3926 4675 3991 4729 sit

769 4769 988 4828 Decius.
1015 4766 1105 4821 cui
1139 4783 1237 4821 vos
1259 4782 1365 4820 non
1404 4767 1568 4820 vultis
1595 4782 1742 4821 nunc
1779 4781 1987 4820 morem
2044 4783 2256 4836 gerere.

843 4861 928 4915 Ill.
964 4859 1044 4911 Ad
1073 4860 1189 4912 haec
1247 4869 1555 4929 martyres:
1595 4860 1706 4913 Nos
1752 4859 1996 4925 quidem,
2030 4875 2064 4914 o
2109 4873 2330 4927 pra-ses,

773 4951 1204 5022 responderunt,
1236 4959 1293 5004 et
1318 4952 1504 5005 verbis
1529 4960 1585 5005 et
1615 4951 1799 5014 factis,
1823 4963 1879 5006 et
1893 4954 2058 5005 etiam
2089 4961 2332 5018 tempore

772 5047 908 5099 satis
939 5059 1184 5112 magnam
1235 5042 1487 5097 dedimus
1513 5045 1934 5111 experientiam,
1981 5045 2124 5112 quod
2157 5059 2332 5112 neque

773 5135 881 5188 diis
911 5131 1362 5196 sacrificabimus,
1393 5148 1572 5202 neque
1607 5133 1673 5186 ad
1708 5132 1813 5187 hoc
1849 5133 2083 5203 alicujus
2108 5133 2336 5186 alterius

773 5222 1036 5278 cedemus
1065 5223 1435 5277 sermonibus.
1482 5222 1590 5278 Sed
1627 5239 1824 5291 neque,
1860 5223 2219 5292 interpellans
2245 5224 2332 5276 di-

779 5314 857 5367 xit
892 5313 1112 5382 impius,
1141 5314 1313 5380 vobis,
1352 5331 1386 5370 ο
1408 5314 1578 5383 impii,
1605 5323 1771 5369 erunt
1795 5330 1942 5369 cum
1970 5315 2077 5368 ulla
2097 5323 2334 5369 tormen-

787 5405 877 5458 ta?
932 5406 1309 5474 Nequaquam,
1371 5406 1630 5461 dixerunt
1677 5410 1888 5474 sancti;
1941 5409 2335 5478 propemodum

779 5499 926 5552 enim
953 5499 1056 5552 hoc
1085 5500 1306 5553 nomine
1347 5501 1441 5553 tibi
1490 5501 1754 5556 habemus
1807 5501 2028 5566 gratias,
2069 5501 2214 5568 quod
2238 5513 2335 5553 no-

783 5593 869 5647 bis
894 5590 1134 5652 dederis,
1162 5602 1221 5645 ut
1241 5587 1340 5645 bis
1369 5592 1708 5662 accipiamur
1733 5593 1931 5661 epulis.
1964 5592 2071 5647 Sed
2103 5607 2210 5646 non
2239 5592 2340 5654 sic,

785 5685 962 5752 inquit
994 5698 1216 5754 prem,
1245 5685 1352 5738 erit
1377 5685 1669 5757 deinceps;
1721 5686 1816 5741 sed
1871 5686 2076 5748 stietzs,
2139 5693 2339 5754 quanta

783 5773 1234 5830 sitmaximorum
1281 5776 1507 5830 deorum
1572 5776 1835 5844 potentia,
1901 5791 2038 5844 quos
2076 5790 2171 5830 vos
2229 5785 2334 5830 tam

2501 4854 2573 4906 ιν.
2613 4853 2755 4920 Πρὸς
2806 4849 2979 4902 ταῦτα
3009 4850 3059 4900 οί
3095 4847 3398 4918 μάρτυρες,
3467 4849 3679 4919 Ἡμεῖς,
3717 4843 3760 4901 ὦ
3791 4851 3987 4919 ἄρχων,

2431 4945 2814 5013 ἀπεκρίναντο,
2849 4943 2942 4994 καὶ
2968 4940 3110 5010 λόγῳ
3160 4940 3338 5008 πολλῷ
3378 4941 3471 4993 καί
3491 4941 3658 5010 ἔργῳ,
3687 4942 3788 5010 ἥδη
3820 4943 3874 4994 δὲ
3905 4945 3991 4996 καὶ

2434 5039 2612 5106 χρόνῳ
2643 5035 2739 5103 τὴν
2765 5035 2963 5101 πεῖραν
2995 5031 3309 5100 δεδώκαμεν
3331 5031 3405 5094 ὡς
3435 5032 3557 5085 οὔτε
3576 5034 3718 5094 θεοῖς
3741 5033 3988 5101 θύσομεν,

2437 5126 2558 5182 οὔτε
2579 5128 2720 5189 τινὸς
2745 5125 2906 5179 ἄλλου
2937 5125 3072 5194 πρὸς
3116 5124 3272 5177 τοῦτο
3307 5125 3494 5192 λόγους
3517 5126 3834 5194 ὑπείξομεν.
3862 5126 3991 5180 Οὔτε

2444 5221 2549 5290 μὴν
2574 5219 2710 5284 ἀλλ’,
2738 5217 2975 5286 ἐγκύψας
3002 5220 3029 5271 ό
3052 5218 3341 5286 δυσσεϐὴς,
3361 5217 3480 5270 οὐδὲ
3499 5219 3605 5270 τῶν
3636 5218 3883 5288 βασάνων
3903 5223 3990 5273 οὗ-

2440 5312 2565 5377 δὲν,
2614 5312 2856 5375 ἀνόσιοι,
2924 5309 3080 5380 μέλον
3141 5312 3302 5377 ὑμῖνς
3361 5310 3671 5379 Ούμενοῦν,
3732 5307 3886 5365 εἷπον
3941 5317 3988 5366 οἱ

2445 5402 2589 5462 ἅγιοι
2615 5417 2627 5430 ·
2688 5399 2884 5468 μικροῦ
2904 5401 3009 5467 γάρ
3047 5416 3128 5452 σοι
3154 5402 3244 5454 καὶ
3277 5402 3504 5470 χάριτας
3547 5401 3987 5470 προσοφείλομεν,

2445 5494 2525 5546 ὅτι
2565 5493 2787 5553 ταύταις
2820 5493 2949 5560 ἡμῖν
2975 5491 3370 5560 ὲνευωχηθήναι
3392 5492 3648 5554 δέδωκας.
3690 5493 3829 5544 Ἀλλ’
3861 5493 3989 5557 οὔτι,

2447 5589 2608 5656 φησιν
2625 5588 2652 5637 ό
2668 5587 2871 5653 ἄρχων,
2889 5583 2949 5634 τὸ
2966 5582 3090 5650 ἑξῆς
3113 5581 3284 5645 οὓτως
3307 5582 3459 5636 ἔσται
3479 5583 3544 5635 iv
3564 5582 3674 5650 ἐγώ
3696 5601 3750 5636 τε
3770 5578 3816 5637 ὦ
3834 5585 3893 5654 (2’)
3910 5588 3993 5638 καὶ

2445 5682 2478 5748 ἠ
2509 5679 2615 5730 τῶν
2653 5677 2924 5746 μεγίστων
2954 5674 3088 5726 θεῶν
3119 5674 3368 5744 δύναμις.
3393 5671 3473 5740 οἷς
3502 5678 3633 5746 ἡμῖν
3663 5679 3882 5746 άναίδην
3915 5681 3995 5730 0'3-

2447 5776 2577 5825 τωσὶ
2605 5768 3018 5836 διαλοιδορεῑσθε
3068 5769 3199 5839 μηδὲ
3235 5771 3359 5834 τοὺς
3392 5787 3532 5842 rupe
3548 5772 3750 5834 πτῶτας
3778 5773 3991 5834 τούτο-λς
