4252 6440
242 396 366 459 569

1162 394 1630 457 ΜΑΒΤΥΒΙΗΜ
1664 395 1771 454 SS.
1812 394 1865 452 Χ
1900 392 2042 451 MM.
2075 390 2595 451 CRETENSIUM.

3397 378 3502 436 570

245 509 598 577 αἰδούμενοι,
630 508 864 568 πολλούς
893 525 951 563 τε
974 509 1091 577 ἃμα
1117 510 1213 560 καὶ
1243 509 1445 575 σοφοὺς
1468 508 1831 574 ὑπάρχοντας,
1862 505 1906 562 Α

1823 540 1831 565 ,
1862 505 1906 562 Α
1936 502 2286 570 impudenter
2308 496 2612 552 maledictis
2657 486 3025 554 lnsectamini,
3064 499 3247 577 neque
3284 483 3386 539 hos
3410 484 3502 551 qui

246 600 312 652 οἱ
349 601 446 652 καὶ
488 601 703 667 πρῶτον
741 600 839 669 μὲν
885 602 944 652 ὲν
996 599 1142 662 θεοῖς
1172 598 1290 659 Δία,
1323 598 1517 650 ἔπειτα
1546 598 1728 664 Ἦραν
1770 611 1827 646 τε

249 691 360 741 καὶ
403 689 559 742 Ῥέαν
590 688 685 740 καὶ
713 689 841 749 τοὺς
873 687 1094 749 λοιποὺς
1141 685 1563 756 πρεσϐεύουσιν.
1624 686 1682 736 Ἀ
1723 682 1832 751 γὰρ

250 778 326 829 τὸ
357 778 572 846 πρῶτον
605 777 873 848 ὑπέστη-ιε
910 778 1075 830 οίονεὶ
1132 778 1283 830 σκιαὶ
1318 776 1478 844 μόνον
1510 770 1650 845 ἦσαν
1674 770 1863 825 κολά-”

255 884 433 933 σεων,
461 868 578 920 νυνὶ
625 868 683 921 δὲ
713 867 1005 931 τοσαύταις
1046 865 1494 936 ύποϐληθήσεσθε
1537 865 1832 935 τιμωρίαις

254 961 343 1020 ὡς
379 961 453 1028 μὴ
473 958 535 1010 τὸ
563 958 719 1027 ὑμῶν
742 960 940 1028 θράσος
966 961 1057 1011 ὑπ’
1079 960 1259 1012 αὐτῶν
1288 957 1615 1024 συσταλῆναι
1648 956 1831 1023 μόνον,

257 1051 409 1102 ἀλλά
438 1052 532 1103 καὶ
560 1052 768 1121 ἑτέροις
807 1050 1068 1120 ἰμϐαλεῖν
1088 1050 1253 1118 φόϐον
1279 1052 1392 1112 τοῖς
1423 1050 1542 1119 ἴσην
1578 1048 1708 1115 ὑμῖν
1736 1046 1833 1117 τὴν

258 1142 580 1203 ἀπείθειαν,
617 1145 734 1211 εῐγε
768 1145 864 1196 καὶ
903 1141 1138 1195 τοιοῦτοί
1173 1158 1315 1204 τινες
1363 1137 1493 1208 τίεν,
1526 1139 1833 1192 ὲπιδεικνυ-

264 1240 477 1307 μένεις.

337 1420 413 1468 Δ⁹,
450 1414 593 1483 Πρὸς
620 1414 797 1467 ταῦτα
832 1412 994 1467 πάλιν
1037 1414 1088 1465 οἱ
1114 1414 1378 1481 ἀριστεῐςο
1442 1411 1578 1479 Περὶ
1612 1411 1713 1480 μιν
1740 1410 1833 1464 τοῦ

260 1505 413 1568 Διὸς,
443 1501 486 1558 ὧ
520 1507 726 1575 ἄρχων,
754 1510 846 1558 καὶ
869 1508 965 1569 τῆς
989 1506 1200 1557 ἐκείνου
1229 1505 1438 1574 μητρὸς
1478 1502 1636 1566 Ῥέας
1672 1503 1837 1573 μηδὲν

264 1598 406 1666 πρὸς
458 1600 639 1668 ἡμᾶς’
700 1599 827 1650 ἐπεὶ
886 1598 960 1667 μὴ
1014 1596 1151 1666 πρὸς
1199 1595 1531 1663 ἀγνοοῦντας
1578 1596 1607 1646 6
1639 1594 1833 1661 λόγος’

267 1693 315 1739 ῖς
329 1707 431 1758 μεν
464 1691 572 1758 γάρ
601 1691 665 1741 ὲκ
716 1689 976 1757 πατέρων
1000 1687 1306 1754 ἀκηκοότες
1334 1686 1430 1739 καὶ
1477 1686 1634 1753 γένος
1669 1684 1836 1738 αὑτοῦ

264 1780 366 1831 καὶ
401 1781 569 1849 τύχην
602 1781 697 1833 καὶ
727 1781 931 1848 τρόπον
954 1797 965 1811 ·
997 1779 1094 1832 τὸν
1125 1780 1180 1830 δὲ
1205 1778 1401 1847 τάφον,
1430 1779 1478 1830 εί
1514 1776 1716 1846 βούλει,
1742 1778 1835 1829 καὶ

1930 592 2148 653 adsunt,
2182 596 2517 650 reverentes,
2547 584 2639 655 qui
2672 581 2837 638 simul
2861 589 2991 634 sunt
3020 576 3178 631 multi
3204 583 3261 627 et
3286 574 3504 642 sapien-

1932 695 2047 737 tes:
2078 682 2171 750 qui
2201 682 2342 734 inter
2368 679 2502 733 deos
2549 676 2771 745 quidem
2818 672 3082 740 primum,
3136 665 3355 726 Jovem,
3408 666 3506 717 de-

1933 774 2061 828 inde
2100 773 2371 827 lunonem
2403 778 2459 822 et
2484 767 2717 826 Rheam,
2747 771 2804 816 et
2833 760 3075 826 reliquos
3100 755 3309 809 colunt.
3368 751 3499 817 Quae

1931 866 2077 918 enim
2110 864 2347 933 primum
2370 856 2738 915 sustinuistis,
2777 862 2937 908 erant
2960 848 3128 903 veluti
3166 846 3356 898 solum
3394 857 3512 896 um»

1933 954 2046 1008 bne
2072 953 2493 1020 suppliciorum.
2540 948 2700 1003 Nunc
2730 955 2916 998 autem
2947 952 3056 994 tam
3085 937 3276 991 multis
3302 934 3511 1002 suppli—

1932 1043 2035 1098 ciis
2073 1041 2476 1102 crucialiimini,
2508 1049 2568 1091 ut
2596 1052 2704 1091 non
2730 1045 2916 1088 vestra
2946 1030 3170 1083 audacia
3203 1027 3272 1081 ab
3305 1028 3387 1079 eis
3423 1040 3512 1077 so-

1932 1137 2046 1190 lum
2077 1134 2492 1203 comprimatur,
2538 1131 2633 1183 sed
2663 1128 2786 1182 aliis
2841 1137 3059 1195 quoque
3111 1129 3312 1173 metum
3359 1118 3513 1169 incu—

1934 1228 2056 1290 tiat,
2096 1227 2191 1295 qui
2241 1239 2396 1293 mque
2425 1237 2488 1276 sc
2514 1235 2610 1274 vos
2634 1227 2762 1272 sunt
2810 1214 3209 1273 inohedicntes,
3269 1209 3314 1262 si
3346 1208 3509 1261 modo

1935 1317 2029 1371 ulli
2051 1326 2180 1369 sunt
2202 1314 2491 1383 ejusmodi.

2006 1405 2097 1461 iV.
2148 1405 2232 1460 Ad
2273 1406 2389 1459 hac
2432 1416 2626 1457 rursus
2678 1399 2783 1454 viri
2833 1394 3118 1450 fortissimi
3172 1409 3187 1449 :
3236 1390 3313 1444 De
3374 1388 3509 1447 Jove

1935 1500 2181 1571 quidem.
2208 1514 2243 1553 ο
2264 1510 2485 1567 praeses,
2519 1502 2576 1548 et
2596 1493 2741 1546 illius
2771 1500 2943 1544 matre
2988 1487 3138 1539 Rhea
3170 1482 3307 1535 nihil
3350 1480 3509 1534 nobis

1936 1591 2155 1645 dixeris.
2187 1590 2374 1655 Neque
2402 1587 2550 1641 enim
2580 1583 2723 1652 apud
2775 1595 2870 1636 eos
2892 1578 2987 1647 qui
3040 1578 3317 1644 ignorant,
3344 1573 3508 1626 verba

1936 1682 2091 1736 facis.
2123 1680 2342 1735 Scimus
2375 1679 2546 1740 enim,
2583 1686 2643 1730 ut
2669 1675 2761 1744 qui
2789 1689 2818 1726 a
2845 1668 3095 1741 patribus
3118 1666 3322 1719 nostris
3350 1664 3512 1717 audi-

1936 1773 2201 1835 verimus,
2234 1786 2406 1841 genus
2432 1769 2553 1839 ejus
2595 1776 2651 1819 et
2675 1766 2949 1818 fortunam
2977 1773 3033 1816 et
3063 1772 3267 1813 mores.
3314 1754 3513 1821 Sepul-

265 1873 353 1925 σοὶ
388 1845 677 1942 παριόντες
727 1845 997 1942 δείξομεν,
1056 1872 1168 1924 Καὶ
1197 1845 1305 1941 γὰρ
1334 1871 1435 1938 τῆς
1465 1845 1574 1922 τών
1605 1868 1836 1937 Κρητῶν
1868 1855 1909 1909 Β
1938 1885 1944 1913 ι

1826 1887 1836 1917 ν
1868 1855 1909 1909 Β
1938 1878 2090 1919 crum
2126 1872 2331 1919 autem,
2357 1859 2400 1913 si
2429 1859 2531 1920 vis,
2577 1858 2739 1911 etiam
2776 1860 3072 1921 praesentes
3122 1845 3505 1899 indicabimus.

263 1965 363 2015 καὶ
395 1964 556 2025 αὐτὸς
609 1963 861 2031 ὡρμᾶτο·
912 1963 1103 2030 γέγονε
1152 1961 1210 2014 at
1247 1962 1355 2013 τῶν
1398 1960 1710 2030 ἐπιχωρίων
1742 1959 1835 2011 τύ-

267 2071 484 2123 ραν.ος.
514 2055 667 2107 Οὕτω
694 2056 747 2107 δὲ
778 2055 1013 2123 ἀσελγὴς
1036 2051 1103 2125 ἦν
1132 2054 1225 2105 καί
1257 2055 1393 2123 πρὸς
1421 2053 1615 2118 ἡδονὰς
1640 2052 1831 2118 titich-

270 2163 383 2213 ρος,
414 2148 555 2200 ὥστε
590 2148 661 2215 μὴ
686 2147 901 2212 γυναιξὶ
939 2147 1119 2215 μόνον,
1142 2146 1277 2198 ἀλλὰ
1316 2150 1410 2196 καὶ
1449 2144 1677 2215 ἄρρεσιν
1711 2143 1835 2193 sm-

268 2240 585 2309 μαίνεσθαι·
618 2239 751 2307 γόης
778 2239 835 2293 δὲ
865 2239 1151 2308 ἄνθρωπος
1192 2240 1285 2290 καὶ
1316 2238 1661 2305 κακότεχνος,
1692 2253 1829 2287 παν-

264 2333 483 2402 ούργως
531 2332 725 2384 ἑαυτὸν
754 2332 1092 2397 ἐξαλλάττων
1111 2331 1179 2383 δι’
1210 2331 1505 2390 ἀκολασίας
1529 2329 1832 2400 ὑπερϐολὴν

264 2428 361 2475 καί
380 2425 500 2476 ὅσαι
529 2420 669 2492 ὧραι
698 2424 907 2492 μίξεσιν
930 2424 1150 2487 ἀτόποις
1178 2422 1623 2493 ὲμμιαινόμενος.
1668 2422 1833 2489 Ἀμέ-

262 2517 349 2567 λει
384 2515 477 2567 καί
506 2532 649 2576 τινες
697 2514 1042 2582 ὁμοιοπαθῶς
1102 2515 1321 2584 ιχοντες
1374 2515 1469 2566 καὶ
1492 2516 1592 2581 τὴν
1623 2512 1834 2564 ἐκείνου

266 2606 551 2675 βδελυρίαν
608 2603 947 2671 ζηλώσαντες
988 2604 1060 2671 (τί
1105 2606 1214 2673 γὰρ
1236 2602 1380 2655 οὕτω
1428 2604 1556 2673 ῥᾷον
1580 2602 1708 2670 ώςή
1741 2599 1834 2653 τοῦ

265 2696 444 2749 κακοῦ
476 2697 705 2765 μίμησις
731 2695 770 2764 ;)
810 2694 928 2746 θεόν
958 2710 1017 2745 τε
1058 2692 1250 2746 τοῦτον
1296 2693 1711 2763 ἀναγορεύουσι,
1744 2696 1835 2745 καὶ

265 2791 405 2852 νεὼς
472 2790 729 2844 ἀνιστῶσι
770 2791 863 2844 καὶ
919 2789 1136 2841 θύουσιν
1179 2789 1267 2841 ἵνα
1312 2787 1372 2840 τὸ
1417 2786 1558 2840 κατά
1612 2786 1835 2857 γνώμην

263 2886 451 2945 αὐτοῖς
481 2884 571 2935 καὶ
612 2882 717 2951 θεῷ
761 2882 907 2934 κατά
956 2880 1182 2950 γνώμην
1228 2882 1381 2949 δοκῇ,
1432 2882 1526 2933 καὶ
1565 2878 1736 2941 οὓτως
1776 2879 1835 2930 οὗ

263 2978 517 3046 θεομισὲς
541 2977 724 3045 μόνον,
760 2974 1007 3027 ἀλλὰκαὶ
1037 2972 1201 3037 θεῖον,
1217 2972 1362 3036 οίμοι
1385 2973 1397 3025 !
1417 2970 1479 3025 τὸ
1500 2970 1837 3040 ἀσελγαίνειν

263 3068 579 3137 νομίζηται.

1866 3184 1908 3240 C

342 3328 412 3379 E'.
448 3321 631 3377 Ταῦτα
678 3320 773 3374 τοῦ
827 3319 970 3373 θείου
1020 3318 1398 3388 φθεγγομένου
1460 3320 1623 3387 χοροῦ
1676 3322 1702 3372 ὁ
1738 3319 1835 3388 μὲν

264 3416 577 3476 ἀνθύπατος
606 3414 741 3482 πρὸς
771 3411 863 3463 τὸν
910 3410 1132 3479 ιλεγχον
1167 3410 1570 3479 ἀπερρήγνυτο,
1605 3409 1739 3461 πολὺ
1780 3409 1836 3461 δὲ

264 3508 362 3560 κιὶ
402 3506 600 3575 μᾶλλον
629 3505 724 3556 καὶ
751 3503 779 3554 6
806 3502 977 3571 δῆμος
1012 3503 1255 3571 ἐκμανὶμ
1289 3499 1355 3571 ἦν
1391 3502 1483 3553 καὶ
1518 3500 1682 3571 ὥρμα
1712 3503 1836 3563 τοὺς

266 3601 555 3669 μάρτυρας
584 3593 887 3656 συλλαϐεῖν,
932 3592 1023 3644 καὶ
1052 3592 1249 3661 μικροῦ
1282 3593 1347 3644 ἄν
1383 3594 1476 3644 καὶ
1508 3594 1697 3659 χερσὶν
1736 3592 1835 3643 αύ-

260 3692 391 3749 τοὺέ
426 3687 810 3747 διεσπάσαντο,
841 3686 888 3735 εί
918 3686 991 3752 μὴ
1017 3684 1043 3734 6
1068 3682 1255 3745 Δέκιος
1286 3684 1377 3736 καὶ
1401 3685 1545 3751 χειρὶ
1571 3682 1663 3734 καὶ
1683 3685 1834 3751 φωνῇ

265 3785 470 3853 στήσας
505 3780 685 3841 αὐτοῖς
714 3778 813 3845 τὴν
835 3777 1009 3846 ὁρμὴν
1032 3777 1126 3827 καὶ
1156 3777 1388 3844 ἠρεμεῖν
1415 3775 1838 3842 διακελευσάμε-

264 3890 377 3934 νος,
413 3871 737 3939 πικρότερον
767 3868 952 3928 αὐτοῖς
976 3868 1185 3927 ἐκεῖνος
1217 3867 1307 3918 τὸν
1329 3866 1423 3918 τοῦ
1458 3867 1691 3918 θανάτου
1714 3866 1839 3935 τρό-

265 3982 369 4015 πον
406 3964 735 4032 ὲμηχανᾶτο.
776 3954 935 4037 Εἷχρν
982 3959 1082 4028 μὲν
1126 3958 1218 4010 οὖν
1244 3959 1443 4014 αὐτίκα
1475 3960 1599 4021 τοὺς
1649 3959 1836 4025 ἁγίους

263 4058 324 4108 al
374 4054 631 4124 βάσανοι·
682 4048 828 4121 εἶχον
883 4052 941 4103 δὲ
992 4051 1167 4112 ἄλλως
1228 4051 1325 4118 μὲν
1362 4052 1517 4124 άλλη,
1558 4052 1728 4103 πᾶσαι
1780 4051 1835 4103 δὲ

263 4149 467 4216 ὁμοίως
520 4148 583 4213 τῇ
641 4144 933 4212 πικρότητι
964 4142 1057 4194 καὶ
1089 4146 1154 4211 τῇ
1186 4142 1280 4209 τῆς
1307 4142 1497 4211 ὀδύνης
1538 4142 1831 4213 ὑπερϐολῇ.

276 4234 340 4287 Ὀ
367 4234 465 4300 μὲν
506 4235 611 4301 γάρ
652 4232 832 4284 αὐτῶν
869 4232 1197 4300 άναρτηθεὶς
1260 4233 1494 4301 σιδηροῖς
1548 4232 1645 4300 μὲν
1690 4233 1834 4296 ὖνυξι

264 4328 581 4390 ειεξαίνετο,
641 4324 809 4392 νεῦρα
856 4323 911 4375 δὲ
950 4325 1243 4397 διεσπᾶτο,
1285 4325 1485 4392 σάρκες
1531 4324 1587 4375 δὲ
1624 4324 1831 4376 ὲκείνευ

268 4424 405 4487 πρὸς
434 4417 539 4485 γῆν
598 4418 913 4485 κατέρρεον*
952 4416 980 4467 6
1015 4415 1073 4467 at
1124 4416 1299 4479 ξύλοις
1332 4417 1425 4467 καὶ
1478 4413 1644 4477 λίθοις
1687 4416 1831 4481 ὀξέσι

1936 1956 2071 2010 Nam
2107 1954 2221 2023 ipse
2242 1964 2460 2021 quoque
2490 1949 2544 2002 in
2562 1946 2721 2002 Creta
2747 1954 2902 1998 ortus
2923 1949 3029 1994 est.
3084 1938 3210 1992 Fuit
3259 1949 3390 1988 vero
3414 1948 3511 1987 eo-

1938 2056 2059 2093 rum
2091 2040 2183 2107 qui
2226 2038 2281 2091 in
2318 2052 2380 2090 ea
2422 2034 2767 2094 habitabant,
2822 2040 3110 2100 tyrannus.
3176 2025 3304 2078 Erat
3330 2032 3509 2075 autem

1936 2132 2075 2184 adeo
2106 2130 2485 2195 intemperans
2510 2134 2565 2179 et
2589 2123 2846 2194 proclivis
2873 2120 2943 2174 ad
2974 2116 3257 2171 libidines.
3312 2123 3374 2168 ut
3403 2130 3514 2167 non

1936 2223 2109 2276 solum
2135 2222 2187 2275 in
2218 2218 2466 2279 feminas,
2496 2218 2588 2270 sed
2621 2216 2785 2269 etiam
2813 2213 3079 2266 insaniret
3108 2211 3162 2262 in
3198 2206 3471 2261 masculos
3496 2244 3513 2269 .

1936 2312 2225 2385 pmstigiis
2257 2327 2389 2366 vero
2422 2309 2690 2364 utebatur
2722 2315 2777 2361 et
2836 2305 2993 2358 malis
3024 2302 3262 2362 artibus.
3308 2314 3367 2353 se
3406 2299 3516 2351 cal-

1940 2408 2051 2462 lide
2086 2416 2307 2459 mutans
2353 2411 2576 2472 propter
2626 2412 2893 2454 summam
2930 2390 3426 2461 intemperantiam,
3461 2394 3516 2444 et

1937 2499 2167 2568 singulis
2202 2496 2351 2550 horis
2402 2510 2459 2549 se
2516 2493 2766 2561 polluens
2802 2488 3027 2543 nefariis
3090 2484 3508 2538 concubitibus.

1936 2592 2166 2658 Quidam
2215 2598 2418 2651 autem,
2469 2586 2561 2655 qui
2610 2584 2819 2639 eisdem
2865 2578 3192 2634 laborabant
3236 2576 3401 2629 vitiis.
3460 2585 3515 2627 et

1937 2684 2128 2739 imitati
2181 2682 2396 2736 fuerant
2464 2678 2615 2733 illius
2688 2674 3154 2730 abuminationem
3227 2666 3381 2737 (quid
3430 2676 3516 2721 est

1938 2776 2089 2831 enim
2161 2783 2270 2825 tam
2301 2769 2484 2831 facile,
2516 2784 2678 2839 quam
2743 2767 2870 2821 mali
2930 2761 3222 2829 imitatio?)
3272 2772 3328 2815 et
3388 2774 3513 2813 eum

1940 2868 2106 2923 deum
2155 2881 2272 2921 esse
2321 2863 2702 2935 pronuntiant,
2753 2869 2811 2914 et
2844 2860 2895 2913 ei
2922 2860 3121 2925 templa
3174 2854 3411 2909 excitant
3462 2861 3516 2907 et

1938 2958 2265 3018 sacrificant,
2313 2965 2371 3009 ut
2404 2954 2546 3021 quod
2573 2952 2655 3006 eis
2687 2952 2884 3020 placet,
2935 2949 3043 3003 deo
3079 2960 3304 3015 quoque
3330 2944 3517 2997 videa-

1940 3061 2030 3104 tttr
2061 3051 2277 3117 placere
2302 3064 2317 3113 ;
2351 3056 2407 3100 et
2432 3046 2510 3099 sic
2544 3059 2652 3097 non
2682 3042 2855 3095 solum
2880 3046 2984 3093 deo
3010 3055 3117 3091 non
3137 3037 3396 3096 illViaUlll.
3416 3032 3513 3088 sed

1941 3142 2129 3205 etiam,
2163 3139 2298 3208 proh
2338 3138 2498 3190 dolor
2530 3137 2541 3187 l
2571 3135 2821 3187 divinum
2856 3130 3202 3184 existimetur
3247 3144 3303 3182 se
3330 3128 3516 3181 libidi-

1942 3247 2074 3285 nose
2127 3241 2183 3284 et
2218 3230 2653 3299 intemperanter
2703 3240 2916 3294 gerere.

2006 3324 2070 3376 ν.
2106 3323 2300 3376 Divino
2338 3320 2452 3373 haec
2504 3319 2765 3388 loquente
2816 3316 3008 3376 choro,
3052 3312 3347 3382 proconsul
3394 3312 3518 3380 qui-

1941 3414 2066 3468 dem
2106 3412 2573 3480 disrumpebatur,
2615 3417 2673 3461 ut
2713 3408 2811 3477 qui
2843 3406 3305 3465 convinceretur;
3344 3403 3516 3456 multo

1938 3514 2119 3557 autem
2171 3503 2341 3571 magis
2401 3500 2616 3554 furebat
2674 3500 2838 3551 etiam
2901 3496 3160 3566 populus.
3210 3504 3268 3548 et
3306 3494 3514 3562 impetu

1938 3596 2257 3648 ferebantur
2303 3593 2370 3644 ad
2421 3589 2976 3657 comprehendendos
3005 3593 3293 3651 martyres,
3336 3595 3391 3637 et
3419 3600 3517 3637 eos

1937 3687 2188 3740 manibus
2213 3683 2608 3754 pr0peinodum
2631 3679 3075 3747 discerpsissent,
3108 3678 3209 3730 nisi
3238 3678 3437 3731 Decius
3458 3684 3511 3730 et

1936 3791 2068 3831 voce
2092 3786 2148 3829 et
2179 3791 2338 3827 manu
2394 3788 2489 3827 eos
2537 3771 2875 3825 cohibuisset
2912 3784 2929 3823 :
2963 3778 3017 3819 et
3072 3783 3195 3820 cum
3256 3765 3514 3835 iussisset

1936 3886 2033 3924 eos
2069 3872 2380 3938 quiescere,
2432 3866 2680 3919 acerbius
2709 3864 2819 3917 illis
2858 3872 3049 3915 mortis
3103 3874 3273 3929 genus
3296 3857 3511 3911 maehi~

1937 3961 2187 4014 nabatur.
2228 3958 2294 4011 Et
2326 3968 2548 4012 sanctos
2569 3955 2790 4024 quidem
2848 3953 3031 4005 statim
3069 3952 3359 4019 arripuere
3397 3960 3513 4001 tor-

1936 4062 2116 4105 menta
2143 4073 2155 4102 -.
2187 4050 2321 4103 alios
2349 4049 2569 4116 quidem
2597 4047 2721 4108 alia,
2762 4052 2862 4097 sed
2894 4042 3192 4097 acerbitate
3207 4051 3265 4095 et
3303 4040 3519 4109 magni-

1937 4142 2123 4197 tudine
2159 4139 2369 4193 doloris
2401 4137 2621 4190 similia.
2680 4135 2816 4189 Nam
2847 4134 2988 4186 alius
3018 4132 3245 4201 quidem
3278 4145 3344 4186 ex
3375 4133 3511 4199 ipsis

1934 4246 2259 4301 suspensus,
2294 4228 2850 4283 ferreislacerabatur
2886 4224 3104 4292 ungulis
3139 4239 3155 4277 :
3191 4237 3345 4276 nerw
3377 4237 3506 4276 vero

1935 4324 2354 4393 divellebantur,
2387 4336 2577 4374 carnes
2606 4329 2788 4371 autem
2812 4318 2955 4371 illius
2980 4315 3033 4369 iu
3066 4325 3264 4368 terram
3292 4314 3483 4367 deﬂue-

1936 4419 2099 4480 bant;
2136 4417 2226 4469 alii
2263 4429 2390 4468 vero
2429 4412 2705 4475 lapidibus
2735 4420 2790 4464 et
2821 4409 2995 4461 acutis
3025 4408 3257 4461 sudibus
3286 4406 3500 4459 saucia-

264 4513 365 4574 ri;
421 4509 663 4577 πλευρὰς
712 4509 900 4569 αὐτοῖς
952 4509 1159 4569 ὀστέοις
1211 4506 1832 4577 διετιτρώσκετο,άλλος
1865 4514 1943 4571 Dl

1831 4516 1909 4571 ‘D
1938 4514 2134 4565 bantur
2183 4510 2351 4562 latera
2384 4521 2555 4574 usque
2613 4504 2680 4557 ad
2729 4518 2890 4566 ossa;
2953 4500 3043 4554 alii
3099 4499 3318 4569 quidem
3359 4500 3510 4568 gravi

269 4602 522 4672 μολίϐδου
546 4600 703 4671 βάρει
734 4600 1068 4667 τυπτόμενος
1098 4600 1192 4659 τας
1217 4599 1484 4669 ἁρμονίας
1505 4616 1562 4651 τε
1593 4600 1834 4652 διελύετο

266 4698 363 4748 καὶ
380 4697 448 4747 τὰ
478 4697 611 4746 ὀστᾶ
650 4693 947 4745 συνεθλᾶτο
993 4692 1088 4744 καὶ
1120 4691 1475 4761 διεθρύπτετο
1501 4708 1512 4721 ’
1563 4692 1745 4763 ἕτερος
1778 4693 1835 4746 δὲ

266 4790 466 4856 ἑτέρως
495 4802 508 4816 ο
536 4784 782 4851 ἀλγεινὸν
834 4786 944 4852 γὰρ
968 4784 1061 4835 καὶ
1082 4783 1231 4855 ,ἀκοὴ
1286 4782 1421 4851 μόνη
1451 4782 1509 4834 τὸ
1533 4783 1697 4853 δριμὺ
1726 4783 1833 4835 τῶν

265 4880 565 4933 κολάσεων.
604 4878 761 4928 Ἐπεὶ
800 4876 987 4945 ὥσπερ
1022 4876 1114 4928 καὶ
1172 4876 1298 4929 ίδεῖν
1337 4878 1511 4929 ταῦτα
1540 4879 1651 4939 τοῖς
1690 4894 1831 4943 συμ-

264 4968 624 5036 παθεστέροις
666 4966 726 5018 ού
786 4965 1041 5035 φορητὸν,
1096 4964 1238 5017 οὕτω
1268 4965 1361 5018 καὶ
1400 4966 1459 5018 τὸ
1490 4966 1629 5018 κατά
1664 4967 1830 5035 μέρος

262 5061 517 5125 διεξιέναι
538 5076 594 5110 τε
624 5060 716 5110 καὶ
747 5057 969 5109 ἀκούειν
999 5059 1128 5125 περὶ
1159 5056 1341 5109 αὐτῶν
1365 5056 1425 5108 ού
1454 5055 1684 5125 μετρίως
1708 5056 1831 5107 ὀδυ-

264 5155 450 5222 νηρόν.
491 5149 633 5204 Ἀλλ’
658 5149 705 5202 oi
738 5148 1016 5219 μάρτυρες
1040 5150 1135 5200 καὶ
1162 5148 1335 5200 ταῦτα
1359 5149 1658 5216 πάσχοντες
1687 5146 1829 5201 οὕτω

267 5246 489 5316 ῥαῗίως,
527 5242 610 5311 ἦτ’
666 5240 1029 5309 ἀληθέστερον
1064 5240 1260 5299 εἰπεῖν,
1300 5238 1465 5307 ἡδέως
1499 5238 1715 5306 ἔφερον,
1753 5239 1828 5300 ὡς

266 5336 507 5397 εἰκάζειν
546 5332 669 5393 τοὺς
710 5347 1064 5400 παρεστωτας
1091 5329 1165 5398 μη
1192 5328 1394 5398 μᾶλλον
1423 5331 1511 5378 ὲπί
1540 5332 1650 5391 τοῖς
1680 5346 1826 5397 γινο-

271 5430 458 5495 μένοις
484 5421 725 5492 ὰλγείνῆ
759 5424 840 5473 ὅτι
880 5420 955 5491 μὴ
986 5422 1079 5473 καὶ
1106 5420 1323 5482 πλείους
1343 5415 1483 5490 ἦσαν
1512 5421 1565 5469 αἱ
1602 5419 1823 5488 βάσανοι

257 5520 655 5589 δυσχεραίνειν.

336 5615 425 5679 ς’.
456 5612 753 5680 Συ-ιέρρεον
792 5606 883 5661 οὖν
922 5608 1008 5659 ἐπ’
1059 5606 1256 5665 αὐτοὺς
1290 5606 1488 5667 πάντες
1515 5604 1701 5675 ὥσπερ
1732 5605 1822 5655 ἐπί

258 5725 309 5757 τι
344 5706 450 5757 τῶν
476 5704 676 5755 καινῶν
710 5719 765 5752 τε
798 5703 891 5754 καὶ
925 5696 1259 5766 παραδόξων,
1286 5697 1467 5749 πιστοί
1499 5713 1555 5747 τε
1583 5697 1695 5764 ἅμα
1728 5697 1820 5751 καὶ

255 5802 368 5851 ὅσοι
408 5796 538 5865 πρὸς
571 5793 666 5865 τὴν
696 5794 977 5845 εὑσέεειαν
1026 5790 1416 5859 ὲπεττὴρωντο·
1475 5789 1588 5843 ἀλλ’
1637 5793 1683 5842 οἱ
1724 5790 1818 5859 μὲν

1940 4603 2162 4672 plumbo
2194 4600 2483 4653 verberato
2522 4594 2968 4649 dissolvebantur
3003 4606 3314 4660 compages,
3352 4605 3505 4643 ossa-

1936 4710 2041 4763 que
2072 4691 2560 4759 confringebantur
2587 4699 2642 4741 et
2672 4686 3136 4745 conterebantur;
3190 4682 3327 4734 alius
3379 4681 3507 4734 item

1935 4786 2129 4849 aliter;
2168 4790 2253 4836 est
2294 4783 2442 4835 enim
2497 4781 2579 4832 vel
2611 4778 2727 4832 solo
2764 4778 2955 4830 auditu
2995 4772 3324 4827 miserabilis
3351 4785 3511 4825 scer-

1932 4876 2073 4931 bitas
2096 4874 2514 4943 suppliciorum.
2552 4870 2769 4925 Etenim
2805 4867 3085 4937 quomodo
3132 4866 3199 4919 iis
3244 4863 3339 4932 qui
3381 4870 3510 4917 sunt

1932 4969 2096 5038 paulo
2125 4965 2613 5025 misericordiores,
2651 4963 2769 5015 haec
2801 4962 2985 5014 videre
3018 4966 3102 5012 est
3140 4956 3507 5021 intolerabile,

1931 5062 2005 5115 ita
2036 5059 2201 5114 etiam
2231 5057 2547 5128 singillatim
2593 5053 2848 5125 persequi
2877 5060 2932 5104 et
2960 5049 3170 5111 audire,
3237 5055 3323 5101 est
3349 5048 3508 5117 longe

1934 5151 2401 5206 molestissimum.
2439 5148 2545 5201 Sed
2577 5155 2842 5213 martyres
2874 5146 2987 5198 haec
3018 5143 3182 5197 etiam
3212 5142 3502 5211 patientes,

1930 5244 2067 5298 adeo
2098 5243 2278 5305 facile,
2310 5248 2423 5305 aut,
2457 5249 2516 5294 ut
2543 5241 2728 5294 verius
2750 5235 3207 5306 dicam,jucunde
3228 5234 3498 5295 ferebant,

1929 5346 1987 5389 ut
2032 5335 2124 5403 qui
2159 5334 2409 5395 aderant,
2463 5333 2803 5401 conjicerent
2841 5345 2938 5383 eos
2998 5344 3103 5382 non
3152 5336 3257 5381 tam
3315 5326 3501 5380 dolere

1925 5436 2150 5496 propter
2180 5441 2242 5480 ea
2267 5440 2387 5494 quae
2406 5424 2772 5483 sustinebant.
2814 5437 2975 5491 quam
2988 5434 3130 5489 agre
3144 5417 3312 5480 ferre,
3350 5416 3498 5485 quod

1926 5532 2035 5569 non
2064 5525 2247 5570 essent
2278 5516 2431 5583 plura
2464 5522 2758 5566 tormenta.

1998 5610 2081 5664 Vl.
2108 5608 2309 5664 Omnes
2346 5610 2529 5677 itaque
2573 5607 2639 5659 ad
2672 5620 2767 5660 eos
2822 5601 3190 5666 confluebant,
3233 5610 3490 5669 tanquam

1924 5700 1989 5753 ad
2026 5714 2113 5753 res
2143 5714 2312 5753 novas
2357 5708 2412 5751 et
2468 5696 2839 5758 admirabiles,
2888 5705 2994 5749 tam
3061 5692 3268 5755 fideles,
3326 5706 3515 5761 quam.

1927 5791 2128 5860 quibus
2166 5806 2356 5845 manca
2379 5798 2495 5845 crat
2527 5788 2717 5857 pictas.
2768 5786 2873 5841 Sed
2900 5787 2974 5841 illi
3010 5783 3253 5855 quidem,
3300 5791 3359 5837 ut
3386 5780 3485 5837 ad-
