4252 6440
725 360 826 428 δτι

1945 357 2231 419 MENSIS
2273 357 2708 422 DECEMBER.

3886 352 4016 414 572

723 478 1061 534 mirarentur
1083 472 1416 531 athletarum
1461 469 1849 538 constantiam,
1883 479 1938 526 et
1977 485 2132 526 suam
2162 482 2295 524 con-
2322 467 2402 529 Αι

2333 467 2374 529 Α
2399 469 2540 526 ὥστε
2594 470 2875 542 θαυμάσαι
2927 471 3029 543 τῆς
3083 471 3380 543 καρτερίας
3415 468 3538 531 τοὺς
3594 463 3831 534 ἀθλητὰς
3891 465 4012 516 ac}.

727 570 1012 625 ﬁrmarent
1033 566 1326 638 pietatem;
1358 565 1414 621 hi
1440 573 1646 630 autem,
1675 572 1739 620 ut
1772 563 2072 620 irriderent
2099 577 2291 618 eorum

728 660 1072 716 tolerantiam
1101 665 1158 714 et
1189 670 1383 712 eorum
1417 657 1590 728 plagis
1621 656 2025 728 quodammodo
2042 655 2296 712 lataren-

725 763 815 807 tur
866 759 1096 822 propter
1146 751 1414 822 insignem
1472 750 1874 806 crudelitatem.
1928 749 2295 816 Quamobrem

728 859 839 900 non
881 844 1048 900 modo
1109 844 1259 899 nulla
1318 844 1678 899 movebantur
1723 845 2124 910 misericordia,
2196 844 2294 900 sed

733 935 902 990 etiam
937 935 1226 1005 prasidem
1260 944 1317 990 et
1339 935 1562 990 lictores
1587 935 1760 1005 magis
1784 935 2074 990 irritabant
2111 935 2296 991 adse-

729 1029 943 1084 vitiam.
973 1028 1040 1081 Et
1075 1028 1131 1081 bi
1164 1027 1383 1097 quidem
1416 1027 1499 1082 sic
1547 1027 1872 1091 incitabant,
1929 1028 2020 1083 ille
2053 1043 2185 1084 vero
2207 1029 2297 1098 ju-

729 1121 911 1185 bebat,
947 1119 1172 1174 lictores
1198 1128 1380 1173 autem
1402 1120 1866 1187 exsequebantur.
1899 1120 2070 1174 Porro
2111 1131 2296 1175 autem

725 1225 904 1280 praco
925 1226 1146 1281 quoque
1175 1210 1443 1264 clamabat
1467 1227 1480 1263 :
1511 1210 1722 1264 Parcite
1741 1210 1896 1264 vobis
1923 1211 2085 1279 ipsis;
2111 1220 2296 1280 parete

727 1302 1099 1373 principibus;
1149 1302 1453 1355 sacriﬁcate
1477 1301 1606 1356 diis.
1633 1301 1899 1372 Martyres
1921 1312 2108 1358 autem
2130 1305 2298 1359 etiam

729 1395 786 1447 in
809 1401 958 1448 tanta
985 1391 1140 1461 copia
1189 1407 1375 1446 rerum
1434 1407 1778 1461 asperarum,
1832 1405 1990 1447 erant
2042 1394 2298 1448 omnibus

729 1484 894 1539 simul
918 1485 1256 1554 superiores,
1286 1484 1465 1545 turba,
1504 1500 1774 1553 praecone,
1828 1485 2139 1548 tormentis,
2176 1484 2298 1553 ipso

731 1577 980 1646 preside,
1012 1586 1069 1631 et
1110 1587 1235 1631 ante
1262 1592 1359 1630 eos
1403 1577 1647 1630 omnium
1691 1576 1934 1645 principe
1990 1576 2211 1642 Satana,
2246 1584 2300 1631 et

732 1670 1006 1724 universis
1025 1685 1144 1739 qua:
1167 1669 1247 1724 eis
1264 1668 1652 1738 subjiciuntur,
1679 1669 1870 1737 copiis.
1897 1667 2100 1724 Omnes
2126 1669 2296 1732 enim,

732 1762 902 1816 veluti
936 1762 1093 1831 signo
1119 1763 1268 1825 dato,
1298 1776 1462 1815 unam
1495 1761 1660 1815 simul
1690 1775 1885 1815 vocem
1922 1761 2122 1814 tollunt
2155 1759 2297 1815 :Su-

731 1867 854 1907 mus
881 1850 1207 1916 Christiani,
1268 1852 1473 1907 Christi
1521 1853 1729 1915 hostiae,
1786 1850 1989 1906 Christi
2023 1851 2294 1919 victimae;

731 1944 952 2002 etiamsi
985 1944 1185 1998 millies
1223 1944 1362 1997 mori
1394 1951 1665 2014 oporteat,
1697 1941 1934 1996 libenter
1973 1943 2295 1998 moriemur.

2325 1812 2374 1872 B

807 2121 1080 2178 Vll.Cum
1106 2131 1289 2175 autem
1318 2129 1618 2190 martyrum
1661 2120 1884 2185 negotio
1925 2119 2108 2173 omnia
2153 2128 2303 2189 post-

735 2223 1092 2285 ponerentur,
1126 2213 1217 2281 qui
1246 2219 1365 2264 erat
1388 2211 1545 2264 valde
1600 2219 1889 2278 promptus
1944 2209 2156 2264 Satana
2202 2211 2305 2264 mi-

739 2306 911 2358 nister
937 2304 1154 2364 Decius,
1187 2302 1485 2371 desperans
1510 2300 1626 2355 ﬁeri
1653 2314 1834 2369 posse.
1863 2309 1922 2353 ut
1953 2299 2308 2368 persuaderet

737 2395 920 2449 adhuc
968 2404 1024 2447 et
1055 2402 1297 2460 cogeret,
1357 2392 1465 2446 fert
1497 2393 1552 2446 in
1577 2405 1674 2445 eos
1709 2391 1902 2444 mortis
1953 2392 2304 2446 sententiam.

745 2486 1099 2540 Ducebantur
1132 2485 1316 2553 itaque
1349 2483 1545 2547 sancti,
1580 2490 1641 2535 ut
1686 2497 1816 2537 ense
1843 2481 2304 2543 interﬁcerentur,

741 2578 808 2632 ad
840 2578 1048 2644 locum,
1092 2578 1186 2647 qui
1245 2592 1440 2646 parum
1475 2574 1697 2644 quidem
1727 2575 1882 2628 abest
1910 2589 1938 2626 a
1964 2572 2202 2636 civitate,
2242 2574 2309 2628 ab

743 2673 941 2726 incolis
972 2687 1106 2728 vero
1139 2681 1366 2726 vocatur
1395 2671 1674 2725 Alonium.
1729 2669 1808 2724 Ad
1841 2684 1966 2724 eum
1991 2669 2312 2726 festinantes

750 2775 1046 2834 martyres,
1074 2763 1436 2818 ostenderunt
1464 2777 1666 2816 novum
1689 2761 1845 2829 quid,
1875 2770 1930 2814 et
1980 2761 2125 2830 quod
2161 2760 2313 2815 vide-

742 2859 899 2910 lnatur
923 2855 1225 2910 insolitum.
1245 2853 1303 2908 In
1323 2862 1436 2908 toto
1451 2855 1596 2908 enim
1616 2868 1779 2908 cursu
1801 2855 2072 2925 martyrii,
2094 2855 2236 2910 inter
2255 2869 2314 2910 se

743 2949 1035 3003 tmanimes
1063 2959 1118 3002 et
1144 2949 1305 3002 simul
1338 2947 1738 3014 conspirantes,
1773 2946 1825 3000 in
1865 2949 1967 3001 hoc
1990 2949 2166 3002 solum
2188 2964 2317 3003 con-

745 3040 1069 3100 tendebant,
1108 3042 1360 3108 quisnam
1405 3055 1593 3095 eorum
1624 3040 1834 3107 primus
1867 3055 2053 3094 ensem
2085 3040 2314 3106 subiret,

2398 564 2754 637 βεϐαιοτέραν
2806 565 2996 620 θέσθαι
3049 565 3183 637 παρ’
3209 566 3424 626 ἑαυτοῖς
3453 562 3553 631 τὴν
3579 558 3897 620 εὐσέϐειαν,
3945 557 4010 607 οι

2393 661 2450 713 δὲ
2483 659 2616 729 πρὸς
2647 660 2709 712 τὸ
2748 659 3085 728 μυκτηρίσαι
3122 657 3326 729 μᾶλλον
3358 657 3459 726 τὴν
3509 650 3734 706 ἐκείνων
3766 647 4012 716 ὑπομο-

2395 749 2492 821 νὴν
2511 750 2610 803 καὶ
2642 746 2734 805 οἷα
2754 753 2872 815 ταῖς
2898 750 3080 804 αὑτῶν
3102 750 3340 822 πληγαῖς
3367 744 3671 815 ἐφησθῆναι
3701 741 3791 795 διά
3813 755 4011 808 περι-ν

2395 838 2584 897 ουσίαν
2614 843 2919 912 ὠμότητος.
2983 843 3052 897 δι’
3105 846 3171 915 ἢν
3231 841 3417 895 αίτίαν
3470 838 3529 892 οὑ
3584 835 3746 905 μόνον
3782 832 4010 884 οὐδένα

2395 933 2574 990 οἶκτον
2603 935 2911 1006 ιλάμδανον
2964 936 3108 990 οὕτω
3138 934 3482 1006 πασχόντων,
3519 928 3656 985 ἀλλά
3710 925 3800 980 καὶ
3838 923 4011 992 πρὸς

2396 1029 2696 1101 ἀγριότητα
2731 1028 2932 1097 μᾶλλον
2967 1028 3131 1081 αὑτόν
3160 1043 3221 1081 τε
3276 1026 3369 1078 τὸν
3402 1023 3640 1093 ἄρχοντα
3693 1017 3790 1072 καὶ
3847 1017 4010 1076 τοὺς

2395 1119 2626 1191 δημίους
2651 1118 2930 1189 ἠρέθιζον.
2957 1118 3069 1171 Καὶ
3095 1121 3144 1171 οί
3180 1117 3278 1188 μὶν
3313 1114 3460 1168 οῦτω
3489 1109 3808 1177 παρέθηγον
3828 1123 3847 1139 ο
3874 1108 3907 1158 ὁ
3940 1105 4008 1158 δὲ

2398 1209 2715 1262 ἐκέλευσενο
2744 1211 2793 1261 ot
2828 1208 2885 1261 δὲ
2904 1206 3220 1260 ιπετέλουν.
3255 1203 3490 1258 Ἐπεσὸα
3521 1201 3578 1254 δὲ
3608 1199 3701 1251 καὶ
3724 1197 3753 1248 ὁ
3778 1197 3848 1264 κή
3861 1192 4006 1263 ρυξ’

2398 1301 2660 1354 Φείσασθε
2715 1299 2946 1365 ἑαυτῶν,
2988 1295 3251 1366 πείσθητε
3291 1296 3406 1357 τοῖς
3455 1291 3741 1361 κρατοῦσι,
3775 1285 4011 1338 θύσατε

2398 1395 2512 1455 τοῖς
2547 1392 2713 1454 θεοῖς.
2740 1393 2804 1444 Oi
2831 1391 3111 1461 μάρτυρες
3132 1386 3189 1441 δὲ
3226 1387 3320 1439 καὶ
3358 1385 3498 1452 πρὸς
3542 1380 3788 1450 τοσαύτῃ
3814 1375 4010 1446 χαλε-

2400 1483 2519 1536 πῶν
2534 1481 2769 1551 ἀφθονίᾳ
2793 1483 3004 1534 τούτων
3022 1479 3158 1549 ὁμοῦ
3181 1477 3463 1548 κρείττους
3485 1471 3648 1544 ἦσαν,
3677 1470 3770 1524 τοῦ
3795 1469 4004 1538 δχλου,

2399 1573 2493 1626 τοῦ
2517 1575 2782 1643 κήρυκος,
2808 1571 2919 1624 τῶν
2943 1571 3217 1641 βασάνων,
3256 1566 3423 1621 αὑτοῦ
3454 1565 3548 1617 τοῦ
3569 1564 3852 1632 ἄρχοντος,
3879 1557 4007 1625 πρὸ

2399 1665 2455 1717 δὲ
2479 1663 2685 1718 τούτων
2720 1663 2938 1718 πάντων
2964 1659 3062 1714 τοῦ
3089 1661 3350 1730 ἄρχοντος
3373 1657 3591 1710 Σατανᾶ
3619 1656 3711 1707 καὶ
3750 1651 3852 1721 τῆς
3897 1647 4004 1702 ὑπ’

2400 1756 2564 1809 αὑτὸν
2582 1754 2802 1824 ἀπάσης
2829 1752 3138 1822 δυνάμεως.
3166 1752 3377 1820 Ὠσπερ
3406 1749 3516 1817 γὰρ
3540 1749 3603 1798 ὲκ
3637 1745 4004 1813 συνθήματος

2404 1851 2608 1913 πάντες
2643 1849 2774 1919 μίαν
2810 1847 3060 1917 αἴρουσιν
3108 1843 3244 1916 ὁμοῦ
3272 1844 3371 1914 τὴν
3428 1838 3631 1909 φωνὴν,
3661 1835 4002 1903 Χριστιανοί

2403 1945 2592 2011 ἐσμεν,
2619 1937 2859 2008 Χριστοῦ
2889 1938 3095 2004 θυσίαι,
3116 1935 3355 2007 Χριστοῦ
3380 1934 3610 2002 σφάγια.
3631 1930 3750 1982 Κᾶν
3779 1929 4003 1997 μυριὰο

2404 2051 2490 2097 κις
2511 2033 2608 2104 δέῃ
2635 2031 2839 2098 θανεῖν,
2882 2032 3052 2100 ἡδέως
3091 2026 3537 2096 ἀποθανούμεθα.

2477 2127 2550 2181 Ζ’.
2595 2127 2684 2188 Ὧς
2738 2123 2832 2179 οὖν
2882 2127 3061 2177 πάντα
3094 2123 3204 2176 τῶν
3238 2121 3537 2191 μαρτύρων
3587 2117 3815 2187 δεύτερα
3837 2112 3935 2185 ἦν,
3969 2119 4000 2168 ὀ

2406 2217 2551 2270 πάνυ
2583 2217 2861 2288 πρόθυμος
2893 2215 3174 2286 ὑπηρέτης
3197 2212 3290 2265 τοῦ
3317 2212 3532 2280 Σατανᾷ
3573 2209 3786 2271 Δέκιος,
3819 2209 4001 2260 ἀπει-

2407 2309 2523 2362 πὼν
2553 2310 2649 2362 καὶ
2672 2309 2731 2361 τὸ
2763 2308 2973 2360 πείθειν
3026 2306 3107 2358 ἐτι
3167 2306 3264 2358 καὶ
3295 2303 3356 2357 τὸ
3390 2301 3698 2372 βιάζεσθαι,
3757 2300 3857 2369 τὴν
3893 2297 3999 2350 τοῦ

2409 2400 2638 2454 Θανάτου
2671 2399 2789 2452 κατ’
2835 2398 3219 2467 αὑτῶνψῆφον
3246 2397 3490 2465 ὶκφέρει.
3537 2393 3773 2459 Ἤγοντο
3806 2391 3905 2444 οὖν
3943 2391 3999 2441 τί

2412 2496 2558 2562 ἅγιοι
2612 2491 2700 2546 διὰ
2733 2489 2918 2557 ξίφους
2963 2487 3346 2557 θανατωθῆναι
3407 2483 3562 2552 παρὰ
3612 2483 3704 2535 τὸν
3731 2484 3902 2534 τόπον
3934 2478 3998 2540 δς

2413 2584 2585 2657 βραχῦ
2645 2583 2746 2653 μὲν
2803 2583 2995 2650 ἀπεῖχε
3047 2579 3145 2649 τῆς
3195 2578 3427 2640 πόλεως,
3453 2579 3564 2638 τοῖς
3616 2571 3996 2644 ἑγχωρίοιςδὲ

2423 2677 2677 2732 Ἀλώνιον
2701 2674 2969 2743 ἐκαλεῖτο.
3019 2670 3175 2742 Παρὰ
3204 2667 3389 2723 τοῦτον
3434 2669 3484 2720 oi
3515 2669 3796 2737 μάρτυρες
3837 2668 4000 2717 ἐπει-

2414 2772 2639 2838 γόμενοι
2674 2766 2862 2820 καινόν
2897 2782 2947 2816 τι
2978 2765 3070 2816 καὶ
3103 2760 3291 2814 δοκοῦν
3317 2758 3585 2828 ἀσύνηθες
3619 2759 3834 2817 ἑαυτοῖς
3864 2761 3999 2808 ιπε-

2415 2864 2716 2917 δείκνυντο.
2753 2858 2913 2929 Παρὰ.
2943 2859 3121 2908 πάντα
3146 2853 3252 2924 γὰρ
3281 2854 3374 2906 τὸν
3403 2851 3499 2904 τοῦ
3536 2851 3841 2922 μαρτυρίου
3865 2850 3997 2919 δρό-

2423 2973 2520 3022 μον
2550 2953 2832 3023 σύμπνουν
2864 2967 2917 3000 τι
2948 2949 3041 3000 καὶ
3069 2946 3349 3016 ὁμόψυχον
3372 2943 3621 3012 ἀλλήλοις
3655 2944 3998 3003 πνεύσαντες

2421 3045 2562 3101 κατά
2583 3044 2742 3097 τοῦτο
2768 3043 2926 3112 μόιον
2956 3037 3329 3109 ἐφιλονείκουν
3363 3035 3444 3098 τίς
3475 3036 3540 3088 ἂν
3570 3035 3752 3087 αὐτῶν
3775 3035 3999 3104 πρῶτος

750 3142 806 3184 et
835 3131 1045 3200 primus
1069 3147 1327 3185 coronam
1381 3132 1673 3201 acciperet.
1734 3130 1885 3186 Hanc
1931 3140 2110 3185 autem
2160 3131 2310 3185 litem
2340 3152 2382 3209 ρ
2418 3141 2429 3191 ε

2340 3152 2382 3209 c
2418 3137 2642 3192 ὑπέλθοι
2703 3136 2763 3188 τὸ
2797 3135 2945 3202 ξῖφος
2987 3134 3081 3184 καὶ
3133 3131 3349 3199 πρῶτος
3403 3129 3510 3198 ἄρῃ
3554 3128 3646 3179 τὸν
3701 3127 3993 3195 στέφανον.

745 3224 1024 3292 componit
1081 3224 1422 3292 Tlieodulus,
1497 3227 1590 3294 qui
1639 3233 1761 3279 erat
1807 3241 1951 3280 unus
2001 3239 2068 3277 ex
2127 3223 2313 3277 divino

748 3317 941 3381 choro,
973 3315 1238 3371 dictitans
1277 3318 1422 3386 quod
1459 3319 1504 3371 is
1537 3318 1755 3372 futurus
1773 3323 1919 3370 esset
1962 3316 2190 3386 primus,
2224 3317 2315 3384 qui

746 3408 993 3460 omnium
1027 3407 1254 3462 ultimus
1279 3410 1590 3471 excederet,
1647 3424 1772 3464 cum
1804 3409 1940 3463 nihil
1963 3419 2119 3478 turpe
2145 3418 2200 3463 et
2231 3410 2318 3462 in-

747 3496 1010 3549 decorum
1036 3512 1102 3550 ex
1136 3500 1454 3566 spectaculo
1478 3499 1712 3553 aliorum
1746 3500 2092 3563 sustinuerit,
2115 3499 2208 3553 sed
2240 3500 2317 3554 sic

751 3599 946 3637 revera
978 3587 1150 3640 multa
1177 3588 1475 3642 certamina
1516 3589 1771 3643 subierit.
1802 3589 2012 3642 Placuit
2038 3589 2315 3656 omnibus,

748 3673 896 3742 quod
947 3674 1160 3730 dixerat
1190 3695 1202 3730 :
1245 3688 1300 3732 et
1330 3680 1566 3747 primum
1595 3679 1818 3748 quidem
1858 3680 1926 3734 ad
1961 3681 2128 3734 Deum
2165 3696 2318 3735 com-

751 3782 968 3820 munem
994 3768 1252 3838 hymnum
1277 3780 1520 3828 canunt:
1561 3788 1581 3823 ε
1601 3770 1927 3826 Benedictus
1954 3788 2033 3832 es,
2069 3773 2315 3838 Domine,

751 3856 1025 3922 dicentes,
1051 3862 1143 3930 qui
1188 3876 1295 3914 non
1325 3861 1522 3915 dedisti
1554 3877 1656 3915 nos
1691 3862 1745 3915 in
1793 3865 2103 3932 captionem
2135 3865 2316 3920 denti-

755 3948 858 4002 bus
887 3964 1098 4010 eorum,
1140 3968 1160 4001 ι
1199 3961 1254 4005 et
1277 3967 1397 4021 qum
1432 3952 1694 4021 deinceps
1727 3953 1946 4022 scripsit
1988 3953 2322 4026 Psalmogra-

753 4039 898 4108 phus
917 4039 955 4093 ‘.
979 4039 1186 4095 Deinde
1215 4043 1376 4096 etiam
1397 4043 1464 4096 ad
1485 4042 1668 4097 locum
1693 4047 2032 4109 accedentes,
2071 4048 2320 4102 fecerunt

755 4132 1146 4202 unusquisque
1211 4134 1555 4188 orationem:
1606 4135 1794 4202 Parce,
1853 4137 2101 4199 Domine,
2146 4140 2319 4194 servis

755 4223 886 4287 tuis,
919 4223 1186 4291 dicentes,
1238 4235 1293 4279 et
1319 4225 1545 4304 suscipe
1564 4228 1889 4294 sanguinem
1941 4237 2188 4284 nostrum
2222 4247 2321 4301 pro

757 4313 940 4378 nobis,
995 4330 1094 4384 pro
1125 4317 1346 4381 nostris,
1378 4333 1479 4386 pro
1509 4327 1695 4372 nostra
1713 4319 1908 4388 patria,
1941 4329 2001 4373 ut
2028 4336 2091 4374 ea
2120 4321 2320 4378 libere-

753 4415 845 4460 tur
873 4422 902 4460 a
949 4407 1192 4463 tenebris
1229 4410 1613 4479 ignorationis,
1665 4421 1721 4465 et
1761 4412 1916 4481 puris
1969 4412 2147 4467 oculis
2185 4429 2317 4468 con-

2419 3231 2591 3284 Παύει
2649 3225 2707 3279 δὲ
2755 3226 2853 3294 τὴν
2906 3225 3022 3292 έριν
3070 3220 3274 3290 ταύτην
3307 3217 3616 3285 Θεόδουλος,
3675 3212 3754 3280 εἷς
3790 3216 3866 3269 ὢν
3895 3217 3994 3269 τοῦ

2419 3319 2561 3373 θείου
2592 3316 2745 3370 τοῦδε
2778 3314 2968 3387 χοροῦ,
2997 3311 3244 3364 ἐπειπὼν
3266 3309 3340 3371 ὡς
3372 3305 3542 3372 Οὗτος
3577 3310 3642 3362 ἂν
3676 3311 3760 3380 εἴη
3791 3309 3997 3379 μᾶλλον

2420 3409 2652 3464 ενταῦθα
2681 3409 2894 3478 πρῶτος
2916 3405 2972 3468 ὃς
3002 3404 3065 3458 ἂν
3089 3402 3314 3457 ἀπέλθοι
3353 3401 3462 3453 τῶν
3494 3400 3712 3454 πάντων
3737 3400 3992 3468 ἔσχατος,

2423 3502 2590 3575 μηδεν
2644 3498 2870 3567 ἀγεννὲς
2911 3496 3153 3558 ὑποστὰς
3212 3496 3275 3547 ὲκ
3335 3493 3435 3562 τῆς
3467 3494 3575 3546 τῶν
3636 3492 3811 3546 ἄλλων
3842 3491 3992 3557 θέας,

2421 3595 2557 3647 ἀλλὰ
2591 3594 2685 3645 καὶ
2720 3589 3026 3651 πολύαθλος
3054 3587 3230 3650 οὕτως
3266 3587 3523 3648 επιεικῶς
3548 3586 3843 3655 γενόμενος
3906 3588 3994 3638 διὰ

2421 3685 2579 3738 τοῦτο
2632 3685 2727 3735 καὶ
2779 3680 3042 3734 πλειόνων
3101 3681 3209 3750 ἄρα
3269 3678 3551 3748 στεφάνων
3582 3678 3754 3743 ἄξιος.
3793 3679 3992 3747 Ἥρεσς

2420 3778 2533 3838 τοῖς
2560 3776 2727 3826 πᾶσιν
2749 3773 2777 3825 ό
2805 3773 2962 3840 λόγος
2987 3783 3001 3798 °
3030 3771 3126 3824 καὶ
3142 3770 3332 3840 πρῶτα
3360 3771 3459 3839 μὲν
3485 3769 3672 3840 κοινὴν
3714 3769 3992 3824 ποιοῦνται

2423 3867 2558 3935 πρὸς
2586 3864 2717 3917 Θεὸν
2742 3863 2842 3934 τὴν
2870 3862 3032 3934 ᾠδὴν,
3070 3881 3088 3913 ι
3129 3861 3434 3931 Εὐλογητὸς
3466 3859 3535 3926 εί,
3573 3861 3766 3931 Κύριε,
3807 3880 3824 3913 ι
3860 3861 3992 3930 ψάλο

2420 3959 2622 4024 λοντες,
2654 3975 2673 4008 ι
2701 3956 2759 4019 δς
2787 3957 2887 4008 οὐκ
2913 3956 3120 4017 ἔδωκας
3151 3955 3298 4022 ἡμᾶς
3326 3954 3409 4016 εἰς
3439 3953 3612 4023 θήραν
3637 3957 3751 4017 τοῖς
3783 3952 3990 4006 ὀδοῦσιν

2420 4051 2620 4116 αὐτῶν,
2668 4067 2686 4101 ι
2719 4049 2813 4122 κα).
2855 4049 2955 4102 ὅσα
2990 4048 3080 4099 ἰπὶ
3105 4045 3311 4108 τούτοις
3341 4048 3368 4098 ὁ
3395 4045 3723 4116 Ψαλμῳδὸς.
3760 4047 3986 4099 Ἔπειτα

2423 4144 2517 4196 καὶ
2573 4139 2863 4208 παριόντες
2928 4138 3020 4189 ἐπὶ
3070 4137 3165 4189 τὸν
3194 4135 3359 4187 τόπον
3410 4135 3641 4197 ἕκαστος
3685 4135 3990 4206 προσευχὴν

2421 4229 2726 4292 ἐποιοῦντο,
2753 4230 2962 4292 Φεῖσαι,
2994 4227 3189 4296 Κύριε,
3217 4223 3325 4277 τῶν
3348 4223 3550 4276 δούλων
3582 4240 3702 4288 σου,
3721 4225 3985 4292 λέγοντες,

2421 4326 2515 4377 καὶ
2536 4322 2685 4386 δέξαι
2716 4321 2777 4374 τὸ
2803 4315 2948 4389 αἷμα
2982 4317 3142 4389 ἡμῶν
3173 4316 3313 4386 ὑπὲρ
3344 4314 3526 4386 ἡμῶν,
3558 4315 3698 4385 ὑπὲρ
3732 4315 3840 4368 τῶν
3863 4317 3978 4385 ἠμε-

2422 4419 2617 4488 τὲρων,
2644 4415 2786 4483 ὑπὶρ
2818 4411 3100 4482 πατρίδος,
3135 4409 3275 4463 ὥστε
3304 4407 3400 4486 τοῦ
3431 4406 3661 4471 σκότους
3697 4408 3864 4477 αὐτὴν
3895 4411 3985 4478 τῆς

757 4500 1053 4568 templetur
1102 4502 1381 4570 pietatem,
1444 4511 1501 4558 et
1554 4512 1808 4558 teveram
1857 4502 2058 4569 lucem,
2120 4519 2153 4559 o
2202 4506 2318 4562 Rex
2354 4486 2436 4563 De

2300 4524 2318 4561 ι
2354 4486 2396 4540 D
2423 4483 2648 4577 ἀγνοίας
2677 4504 3057 4573 ἀπαλλαγῆναι
3112 4503 3207 4555 καὶ
3237 4483 3500 4570 καθαροῖς
3554 4499 3766 4571 δμμασι
3799 4499 3979 4553 θεάσαο

756 4602 981 4647 aterne.

829 4773 963 4830 Vill.
1008 4774 1308 4843 Postquam
1351 4777 1430 4831 sic
1465 4777 1671 4846 precati
1701 4786 1888 4833 essent
1920 4780 2323 4851 unusquisque,

762 4881 915 4921 sacra
939 4875 996 4920 et
1028 4867 1254 4921 victoria
1288 4867 1518 4939 insignia
1551 4871 1633 4924 eis
1656 4879 1784 4924 sunt
1809 4881 2087 4941 amputata
2122 4874 2323 4943 capita,

761 4973 885 5012 cum
913 4973 972 5014 se
992 4960 1179 5030 patrie
1203 4960 1651 5015 distribuissent:
1678 4971 1734 5016 et
1760 4963 2079 5032 sanguinem
2102 4963 2324 5032 quidem

761 5049 1009 5116 infernae,
1028 5067 1224 5120 nempe
1245 5052 1380 5106 illud
1408 5053 1552 5122 quod
1583 5053 1791 5117 interit,
1822 5054 2143 5120 intereunti,
2172 5056 2331 5125 spiri-

763 5153 875 5196 lum
898 5152 1078 5197 autem
1095 5143 1375 5199 dedissent
1398 5159 1666 5213 supernae,
1683 5145 1733 5200 ei
1751 5162 1869 5216 quae
1887 5162 2104 5216 semper
2124 5156 2327 5210 manet,

764 5231 899 5286 illud
937 5229 1086 5300 quod
1133 5239 1217 5286 est
1252 5247 1599 5300 permanens.
1619 5233 1754 5288 Cum
1779 5249 1908 5289 vero
1935 5245 2053 5304 post
2082 5250 2334 5291 consum-

766 5323 1062 5376 mationem
1111 5323 1466 5378 recessissent
1521 5325 1766 5391 lictores,
1793 5325 2011 5396 quidam
2047 5342 2115 5382 ex
2142 5342 2332 5382 eorum

765 5413 1034 5483 cognatis,
1054 5415 1146 5482 qui
1171 5413 1223 5466 in
1243 5429 1309 5468 eo
1334 5415 1455 5469 loco
1490 5427 1891 5483 remanserant,
1921 5418 2117 5474 horum
2149 5435 2333 5476 sacras

770 5503 1160 5559 venerabiliter
1189 5515 1527 5574 componunt
1553 5514 1610 5561 et
1643 5507 1927 5576 deponunt
1958 5511 2237 5580 reliquias.
2265 5511 2333 5566 Et

774 5603 903 5649 tunc
934 5595 1158 5664 quidem
1219 5607 1467 5654 mortuos
1501 5598 1714 5667 habuit,
1779 5616 1898 5670 qua:
1937 5602 2054 5657 illos
2114 5602 2329 5658 tulerat.

855 5792 870 5819 '
904 5785 1043 5841 Psal.
1085 5799 1272 5847 cum,
1305 5787 1356 5841 6.

2429 4603 2551 4653 σθαι
2581 4600 2680 4670 τὴν
2714 4595 3002 4650 εὐσέϐειαν
3033 4595 3126 4647 καὶ
3160 4595 3219 4647 σε
3250 4593 3311 4647 τὸ
3346 4591 3604 4664 ἀληθινὸν
3637 4590 3775 4661 φῶς,
3815 4590 3985 4645 αίώνιε

2431 4691 2680 4764 βασιλεῦ.
2705 4717 2708 4722 -

2499 4781 2580 4839 Η’.
2614 4781 2799 4844 Οὕτως
2817 4780 3045 4842 Exacto;
3076 4777 3516 4850 προσευξάμενοι
3535 4778 3632 4840 τὰς
3661 4776 3986 4839 καλλινίκους

2430 4874 2578 4945 αύτῷ
2603 4875 2696 4926 καὶ
2720 4873 2872 4941 ἱερὰς
2905 4869 3307 4940 ἀπετμήθησαν
3329 4870 3592 4938 κεφαλὰς,
3625 4869 3987 4938 διανείμαντες

2431 4967 2659 5029 ἑαυτοὺς
2718 4967 2839 5026 ταῖς
2898 4960 3162 5032 πατρίσι’
3192 4960 3287 5013 καὶ
3328 4961 3388 5012 τὸ
3438 4961 3538 5030 μὲν
3584 4954 3724 5029 αἷμα
3749 4961 3815 5029 τῇ
3848 4959 3982 5011 κάτω

2431 5057 2632 5119 δῦντες,
2653 5059 2718 5126 τῇ
2751 5054 3085 5125 φθειρομένη
3118 5051 3177 5104 τὸ
3202 5051 3578 5122 φθειρόμενον,
3611 5050 3672 5102 τὸ
3704 5049 3914 5118 πνεῦμα
3936 5048 3983 5102 δὲ

2433 5151 2499 5218 τῇ
2531 5147 2663 5214 ἀνω,
2687 5150 2753 5217 τῇ
2786 5145 2874 5199 ἀεὶ
2899 5143 3134 5215 μενούσῃ
3157 5142 3216 5196 τδ
3244 5143 3521 5212 διαμένον.
3555 5140 3676 5194 Τῶν
3707 5140 3763 5193 δὲ
3792 5141 3985 5212 δημίων

2440 5243 2579 5310 μετά
2612 5242 2708 5310 τὴν
2737 5237 3020 5291 τελείωσιν
3052 5237 3547 5306 ὑποχωρησάντων,
3578 5235 3686 5287 τῶν
3722 5237 3984 5303 συγγενῶν

2439 5333 2620 5394 αὐτοῖς
2651 5349 2816 5396 τινες,
2850 5331 2978 5400 περὶ
3015 5330 3107 5382 τὸν
3137 5329 3303 5382 τόπον
3345 5327 3758 5395 ὑπολειφθέντες
3785 5329 3852 5380 τά
3882 5330 3984 5398 [cpi

2439 5421 2644 5474 τούτων
2675 5419 2903 5488 λείψανα
2931 5417 3345 5488 περιστέλλουσι
3379 5434 3434 5470 τε
3473 5416 3670 5486 τιμίως
3707 5419 3798 5468 καὶ
3834 5435 3984 5470 auta-

2441 5511 2703 5564 τίθενται.
2731 5509 2839 5562 Kal.
2865 5509 2989 5562 τότε
3022 5509 3120 5577 μὲν
3141 5510 3284 5579 ἥπερ
3316 5509 3513 5570 αὐτοὺς
3548 5508 3799 5578 ἤνεγκεν,
3821 5511 3981 5579 ἐκείνη

2444 5606 2533 5658 καὶ
2563 5603 2889 5674 τεθνηκόττς
2917 5598 3091 5671 εἶχεν·
3130 5602 3358 5672 ὕστερθν
3388 5601 3440 5652 δὲ
3470 5603 3629 5654 δπδπ
3664 5602 3693 5670 ἡ
3726 5599 3829 5670 τῆς,
3852 5604 3980 5655 "363'
