  <div class='ocr_page' id='page_1' title='image "/cluster/home/n/w/nwhite01/storage/ocr_20150623/116/nnc1.0046980156/330.png"; bbox 0 0 4252 6440; ppageno 0'>
   <div class='ocr_carea' id='block_1_1' title="bbox 219 394 341 458">
    <p class='ocr_par' dir='ltr' id='par_1_1' title="bbox 219 394 341 458">
     <span class='ocr_line' id='line_1_1' title="bbox 219 394 341 458; baseline -0.008 0"><span class='ocrx_word' id='word_1_1' title='bbox 219 394 341 458; x_wconf 75' lang='lat'><strong>577</strong></span> 
     </span>
    </p>
   </div>
   <div class='ocr_carea' id='block_1_2' title="bbox 1026 393 3473 460">
    <p class='ocr_par' dir='ltr' id='par_1_2' title="bbox 1026 393 3473 460">
     <span class='ocr_line' id='line_1_2' title="bbox 1026 393 3473 460; baseline 0.003 -7"><span class='ocrx_word' id='word_1_2' title='bbox 1026 394 1511 455; x_wconf 63' lang='lat' dir='ltr'><strong>MARTYRIUTJ</strong></span> <span class='ocrx_word' id='word_1_3' title='bbox 1556 394 1620 456; x_wconf 86' lang='lat' dir='ltr'><strong>S.</strong></span> <span class='ocrx_word' id='word_1_4' title='bbox 1665 394 2111 454; x_wconf 71' lang='lat' dir='ltr'><strong>ANASTASl/E</strong></span> <span class='ocrx_word' id='word_1_5' title='bbox 2154 393 2249 454; x_wconf 88' lang='lat' dir='ltr'><strong>ET</strong></span> <span class='ocrx_word' id='word_1_6' title='bbox 2285 395 2705 455; x_wconf 76' lang='lat' dir='ltr'><strong>SOClAilUM.</strong></span> <span class='ocrx_word' id='word_1_7' title='bbox 3406 397 3473 460; x_wconf 80' lang='lat'><strong>57</strong></span> 
     </span>
    </p>
   </div>
   <div class='ocr_carea' id='block_1_3' title="bbox 220 502 1899 589">
    <p class='ocr_par' dir='ltr' id='par_1_3' title="bbox 220 504 1885 589">
     <span class='ocr_line' id='line_1_3' title="bbox 220 504 1885 589; baseline 0.002 -32"><span class='ocrx_word' id='word_1_8' title='bbox 220 509 261 557; x_wconf 74' lang='lat'><strong>6</strong></span> <span class='ocrx_word' id='word_1_9' title='bbox 289 506 637 577; x_wconf 78' lang='grc' dir='ltr'>Χρυσόγονος</span> <span class='ocrx_word' id='word_1_10' title='bbox 669 504 882 574; x_wconf 74' lang='grc' dir='ltr'>χαίρειν</span> <span class='ocrx_word' id='word_1_11' title='bbox 910 504 1048 576; x_wconf 75' lang='grc' dir='ltr'>αὐτῇ</span> <span class='ocrx_word' id='word_1_12' title='bbox 1087 509 1181 559; x_wconf 70' lang='grc' dir='ltr'><strong>καὶ</strong></span> <span class='ocrx_word' id='word_1_13' title='bbox 1213 507 1281 558; x_wconf 69' lang='grc' dir='ltr'><strong>τὰ</strong></span> <span class='ocrx_word' id='word_1_14' title='bbox 1319 506 1500 589; x_wconf 66' lang='grc' dir='ltr'>ἀγαθὰ</span> <span class='ocrx_word' id='word_1_15' title='bbox 1543 505 1814 575; x_wconf 87' lang='grc' dir='ltr'>πράττειν</span> <span class='ocrx_word' id='word_1_16' title='bbox 1846 512 1885 565; x_wconf 80' lang='grc' dir='ltr'><strong>Α</strong></span> 
     </span>
    </p>
   </div>
   <div class='ocr_carea' id='block_1_4' title="bbox 1831 502 3510 589">
    <p class='ocr_par' dir='ltr' id='par_1_4' title="bbox 1846 502 3510 577">
     <span class='ocr_line' id='line_1_4' title="bbox 1846 502 3510 577; baseline 0.001 -20"><span class='ocrx_word' id='word_1_17' title='bbox 1846 512 1885 565; x_wconf 79' lang='grc' dir='ltr'><strong>Α</strong></span> <span class='ocrx_word' id='word_1_18' title='bbox 1917 504 1984 557; x_wconf 90' lang='lat' dir='ltr'><strong>ad</strong></span> <span class='ocrx_word' id='word_1_19' title='bbox 2025 503 2237 561; x_wconf 82' lang='lat' dir='ltr'><strong>Persas.</strong></span> <span class='ocrx_word' id='word_1_20' title='bbox 2267 507 2399 572; x_wconf 76' lang='lat' dir='ltr'><strong>Qua:</strong></span> <span class='ocrx_word' id='word_1_21' title='bbox 2450 521 2575 559; x_wconf 91' lang='lat' dir='ltr'><strong>eum</strong></span> <span class='ocrx_word' id='word_1_22' title='bbox 2610 505 2892 558; x_wconf 87' lang='lat' dir='ltr'><strong>didicisset</strong></span> <span class='ocrx_word' id='word_1_23' title='bbox 2914 502 3321 575; x_wconf 58' lang='lat' dir='ltr'><strong>Chrysoxonus,</strong></span> <span class='ocrx_word' id='word_1_24' title='bbox 3356 508 3510 577; x_wconf 76' lang='lat' dir='ltr'><strong>jubet</strong></span> 
     </span>
    </p>
   </div>
   <div class='ocr_carea' id='block_1_5' title="bbox 220 596 1818 669">
    <p class='ocr_par' dir='ltr' id='par_1_5' title="bbox 220 596 1818 669">
     <span class='ocr_line' id='line_1_5' title="bbox 220 596 1818 669; baseline 0 -20"><span class='ocrx_word' id='word_1_25' title='bbox 220 598 427 665; x_wconf 70' lang='grc' dir='ltr'>ὶδήλου</span> <span class='ocrx_word' id='word_1_26' title='bbox 473 596 543 649; x_wconf 90' lang='grc' dir='ltr'><strong>τά</strong></span> <span class='ocrx_word' id='word_1_27' title='bbox 566 611 627 648; x_wconf 88' lang='grc' dir='ltr'><strong>τε</strong></span> <span class='ocrx_word' id='word_1_28' title='bbox 650 596 899 661; x_wconf 86' lang='grc' dir='ltr'>παρόντα</span> <span class='ocrx_word' id='word_1_29' title='bbox 924 598 1191 666; x_wconf 76' lang='grc' dir='ltr'>γενναῖως</span> <span class='ocrx_word' id='word_1_30' title='bbox 1238 599 1430 669; x_wconf 71' lang='grc' dir='ltr'>φέρειν</span> <span class='ocrx_word' id='word_1_31' title='bbox 1458 598 1554 651; x_wconf 72' lang='grc' dir='ltr'>καὶ</span> <span class='ocrx_word' id='word_1_32' title='bbox 1590 596 1728 667; x_wconf 75' lang='grc' dir='ltr'>πρὸς</span> <span class='ocrx_word' id='word_1_33' title='bbox 1758 598 1818 649; x_wconf 77' lang='grc' dir='ltr'>τὸ</span> 
     </span>
    </p>
   </div>
   <div class='ocr_carea' id='block_1_6' title="bbox 224 685 1813 760">
    <p class='ocr_par' dir='ltr' id='par_1_6' title="bbox 224 685 1813 760">
     <span class='ocr_line' id='line_1_6' title="bbox 224 685 1813 760; baseline 0.001 -22"><span class='ocrx_word' id='word_1_34' title='bbox 224 687 434 755; x_wconf 74' lang='grc' dir='ltr'>μέλλον</span> <span class='ocrx_word' id='word_1_35' title='bbox 460 685 755 741; x_wconf 81' lang='grc' dir='ltr'>ἀκόλουθον</span> <span class='ocrx_word' id='word_1_36' title='bbox 789 688 887 741; x_wconf 78' lang='grc' dir='ltr'>καὶ</span> <span class='ocrx_word' id='word_1_37' title='bbox 918 688 979 741; x_wconf 76' lang='grc' dir='ltr'>τὸ</span> <span class='ocrx_word' id='word_1_38' title='bbox 1007 690 1183 760; x_wconf 76' lang='grc' dir='ltr'>πέρας</span> <span class='ocrx_word' id='word_1_39' title='bbox 1212 690 1518 760; x_wconf 75' lang='grc' dir='ltr'>προσδοκᾷν</span> <span class='ocrx_word' id='word_1_40' title='bbox 1546 688 1622 759; x_wconf 79' lang='grc' dir='ltr'>τῷ</span> <span class='ocrx_word' id='word_1_41' title='bbox 1655 689 1813 758; x_wconf 87' lang='grc' dir='ltr'>θελή-</span> 
     </span>
    </p>
   </div>
   <div class='ocr_carea' id='block_1_7' title="bbox 227 797 391 849">
    <p class='ocr_par' dir='ltr' id='par_1_7' title="bbox 227 797 391 849">
     <span class='ocr_line' id='line_1_7' title="bbox 227 797 391 849; baseline 0.012 -17"><span class='ocrx_word' id='word_1_42' title='bbox 227 797 391 849; x_wconf 71' lang='grc' dir='ltr'>μανι.</span> 
     </span>
    </p>
   </div>
   <div class='ocr_carea' id='block_1_8' title="bbox 304 869 1816 936">
    <p class='ocr_par' dir='ltr' id='par_1_8' title="bbox 304 869 1816 936">
     <span class='ocr_line' id='line_1_8' title="bbox 304 869 1816 936; baseline 0.002 -14"><span class='ocrx_word' id='word_1_43' title='bbox 304 870 380 924; x_wconf 87' lang='grc' dir='ltr'><strong>Δ’.</strong></span> <span class='ocrx_word' id='word_1_44' title='bbox 428 869 727 925; x_wconf 84' lang='grc' dir='ltr'>Ῥώννυται</span> <span class='ocrx_word' id='word_1_45' title='bbox 758 871 973 936; x_wconf 80' lang='grc' dir='ltr'><strong>τούτοις</strong></span> <span class='ocrx_word' id='word_1_46' title='bbox 1002 872 1328 926; x_wconf 80' lang='grc' dir='ltr'>Ἀναστασία</span> <span class='ocrx_word' id='word_1_47' title='bbox 1356 873 1451 926; x_wconf 76' lang='grc' dir='ltr'>καὶ</span> <span class='ocrx_word' id='word_1_48' title='bbox 1484 871 1816 927; x_wconf 75' lang='grc' dir='ltr'>αὐτάταῦτα</span> 
     </span>
    </p>
   </div>
   <div class='ocr_carea' id='block_1_9' title="bbox 221 961 1817 1035">
    <p class='ocr_par' dir='ltr' id='par_1_9' title="bbox 221 961 1817 1035">
     <span class='ocr_line' id='line_1_9' title="bbox 221 961 1817 1035; baseline 0.003 -21"><span class='ocrx_word' id='word_1_49' title='bbox 221 962 333 1031; x_wconf 79' lang='grc' dir='ltr'>τῆς</span> <span class='ocrx_word' id='word_1_50' title='bbox 366 961 561 1030; x_wconf 78' lang='grc' dir='ltr'><strong>ἡδονῆς</strong></span> <span class='ocrx_word' id='word_1_51' title='bbox 604 963 842 1015; x_wconf 78' lang='grc' dir='ltr'>ἐποιεῖτο</span> <span class='ocrx_word' id='word_1_52' title='bbox 867 962 1144 1033; x_wconf 82' lang='grc' dir='ltr'>πρόφασιν</span> <span class='ocrx_word' id='word_1_53' title='bbox 1176 966 1395 1034; x_wconf 75' lang='grc' dir='ltr'>καὶτῆς</span> <span class='ocrx_word' id='word_1_54' title='bbox 1416 967 1631 1035; x_wconf 78' lang='grc' dir='ltr'><strong>ἀγαθῆς</strong></span> <span class='ocrx_word' id='word_1_55' title='bbox 1663 967 1817 1018; x_wconf 76' lang='grc' dir='ltr'>ἑλπί-</span> 
     </span>
    </p>
   </div>
   <div class='ocr_carea' id='block_1_10' title="bbox 220 1054 1813 1129">
    <p class='ocr_par' dir='ltr' id='par_1_10' title="bbox 220 1054 1813 1129">
     <span class='ocr_line' id='line_1_10' title="bbox 220 1054 1813 1129; baseline 0.003 -22"><span class='ocrx_word' id='word_1_56' title='bbox 220 1056 319 1116; x_wconf 56' lang='lat' dir='ltr'><strong>to;</strong></span> <span class='ocrx_word' id='word_1_57' title='bbox 344 1054 507 1125; x_wconf 82' lang='grc' dir='ltr'>χάριν</span> <span class='ocrx_word' id='word_1_58' title='bbox 552 1054 587 1107; x_wconf 79' lang='grc' dir='ltr'><strong>ἀ.</strong></span> <span class='ocrx_word' id='word_1_59' title='bbox 618 1056 721 1124; x_wconf 71' lang='grc' dir='ltr'><strong>πρὸ</strong></span> <span class='ocrx_word' id='word_1_60' title='bbox 755 1056 850 1108; x_wconf 91' lang='grc' dir='ltr'><strong>τοῦ</strong></span> <span class='ocrx_word' id='word_1_61' title='bbox 887 1058 1176 1129; x_wconf 68' lang='grc' dir='ltr'>συμφορὰν</span> <span class='ocrx_word' id='word_1_62' title='bbox 1228 1058 1446 1127; x_wconf 79' lang='grc' dir='ltr'>ένόμιζε</span> <span class='ocrx_word' id='word_1_63' title='bbox 1479 1061 1579 1129; x_wconf 81' lang='grc' dir='ltr'><strong>τήν</strong></span> <span class='ocrx_word' id='word_1_64' title='bbox 1636 1076 1693 1112; x_wconf 87' lang='grc' dir='ltr'><strong>τε</strong></span> <span class='ocrx_word' id='word_1_65' title='bbox 1717 1058 1813 1112; x_wconf 90' lang='grc' dir='ltr'><strong>τοῦ</strong></span> 
     </span>
    </p>
   </div>
   <div class='ocr_carea' id='block_1_11' title="bbox 223 1145 1818 1219">
    <p class='ocr_par' dir='ltr' id='par_1_11' title="bbox 223 1145 1818 1219">
     <span class='ocr_line' id='line_1_11' title="bbox 223 1145 1818 1219; baseline 0.004 -23"><span class='ocrx_word' id='word_1_66' title='bbox 223 1145 425 1214; x_wconf 79' lang='grc' dir='ltr'>ἀνδρὸς</span> <span class='ocrx_word' id='word_1_67' title='bbox 460 1145 720 1214; x_wconf 85' lang='grc' dir='ltr'>ὠμότητα</span> <span class='ocrx_word' id='word_1_68' title='bbox 747 1147 845 1199; x_wconf 77' lang='grc' dir='ltr'>καὶ</span> <span class='ocrx_word' id='word_1_69' title='bbox 872 1148 972 1216; x_wconf 79' lang='grc' dir='ltr'>τὴν</span> <span class='ocrx_word' id='word_1_70' title='bbox 999 1150 1202 1219; x_wconf 79' lang='grc' dir='ltr'>πολλὴν</span> <span class='ocrx_word' id='word_1_71' title='bbox 1244 1150 1543 1219; x_wconf 76' lang='grc' dir='ltr'><strong>ἀγριότητα</strong></span> <span class='ocrx_word' id='word_1_72' title='bbox 1575 1152 1685 1203; x_wconf 86' lang='grc' dir='ltr'><strong>τῶν</strong></span> <span class='ocrx_word' id='word_1_73' title='bbox 1716 1167 1818 1219; x_wconf 84' lang='grc' dir='ltr'>φυ-</span> 
     </span>
    </p>
   </div>
   <div class='ocr_carea' id='block_1_12' title="bbox 225 1239 1812 1312">
    <p class='ocr_par' dir='ltr' id='par_1_12' title="bbox 225 1239 1812 1312">
     <span class='ocr_line' id='line_1_12' title="bbox 225 1239 1812 1312; baseline 0.003 -22"><span class='ocrx_word' id='word_1_74' title='bbox 225 1239 437 1301; x_wconf 82' lang='grc' dir='ltr'>λάκων,</span> <span class='ocrx_word' id='word_1_75' title='bbox 470 1240 519 1291; x_wconf 76' lang='grc' dir='ltr'>οἳ</span> <span class='ocrx_word' id='word_1_76' title='bbox 553 1239 758 1301; x_wconf 88' lang='grc' dir='ltr'>πάντες</span> <span class='ocrx_word' id='word_1_77' title='bbox 782 1240 881 1308; x_wconf 80' lang='grc' dir='ltr'>μὲν</span> <span class='ocrx_word' id='word_1_78' title='bbox 906 1242 1107 1310; x_wconf 84' lang='grc' dir='ltr'>ὁμοίως</span> <span class='ocrx_word' id='word_1_79' title='bbox 1136 1242 1448 1312; x_wconf 84' lang='grc' dir='ltr'>ἀμείλικτοι</span> <span class='ocrx_word' id='word_1_80' title='bbox 1479 1245 1573 1296; x_wconf 73' lang='grc' dir='ltr'>καὶ</span> <span class='ocrx_word' id='word_1_81' title='bbox 1605 1245 1812 1312; x_wconf 83' lang='grc' dir='ltr'>πικροὶ,</span> 
     </span>
    </p>
   </div>
   <div class='ocr_carea' id='block_1_13' title="bbox 229 1328 1814 1403">
    <p class='ocr_par' dir='ltr' id='par_1_13' title="bbox 229 1328 1814 1403">
     <span class='ocr_line' id='line_1_13' title="bbox 229 1328 1814 1403; baseline 0.003 -22"><span class='ocrx_word' id='word_1_82' title='bbox 229 1328 519 1391; x_wconf 82' lang='grc' dir='ltr'>Κοδίσσιος</span> <span class='ocrx_word' id='word_1_83' title='bbox 550 1331 605 1381; x_wconf 74' lang='grc' dir='ltr'>δὲ</span> <span class='ocrx_word' id='word_1_84' title='bbox 628 1330 728 1398; x_wconf 85' lang='grc' dir='ltr'>τὴν</span> <span class='ocrx_word' id='word_1_85' title='bbox 755 1332 1023 1400; x_wconf 78' lang='grc' dir='ltr'>πονηρίαν</span> <span class='ocrx_word' id='word_1_86' title='bbox 1046 1332 1474 1403; x_wconf 80' lang='grc' dir='ltr'>διαφορώτατος,</span> <span class='ocrx_word' id='word_1_87' title='bbox 1512 1334 1541 1387; x_wconf 86' lang='grc' dir='ltr'><strong>δ</strong></span> <span class='ocrx_word' id='word_1_88' title='bbox 1565 1336 1657 1388; x_wconf 79' lang='grc' dir='ltr'>καὶ</span> <span class='ocrx_word' id='word_1_89' title='bbox 1676 1337 1814 1388; x_wconf 83' lang='grc' dir='ltr'>Που-</span> 
     </span>
    </p>
   </div>
   <div class='ocr_carea' id='block_1_14' title="bbox 226 1419 1813 1494">
    <p class='ocr_par' dir='ltr' id='par_1_14' title="bbox 226 1419 1813 1494">
     <span class='ocr_line' id='line_1_14' title="bbox 226 1419 1813 1494; baseline 0.006 -26"><span class='ocrx_word' id='word_1_90' title='bbox 226 1419 375 1489; x_wconf 88' lang='grc' dir='ltr'>πλίῳ</span> <span class='ocrx_word' id='word_1_91' title='bbox 405 1419 685 1490; x_wconf 82' lang='grc' dir='ltr'>γνώριμον</span> <span class='ocrx_word' id='word_1_92' title='bbox 712 1420 772 1473; x_wconf 83' lang='grc' dir='ltr'><strong>δν</strong></span> <span class='ocrx_word' id='word_1_93' title='bbox 816 1421 991 1492; x_wconf 87' lang='grc' dir='ltr'>τούτῳ</span> <span class='ocrx_word' id='word_1_94' title='bbox 1030 1424 1267 1490; x_wconf 77' lang='grc' dir='ltr'>μάλιστα</span> <span class='ocrx_word' id='word_1_95' title='bbox 1319 1424 1667 1494; x_wconf 74' lang='grc' dir='ltr'><strong>στελλόμενος</strong></span> <span class='ocrx_word' id='word_1_96' title='bbox 1696 1428 1813 1477; x_wconf 76' lang='grc' dir='ltr'>ἐνε-</span> 
     </span>
    </p>
   </div>
   <div class='ocr_carea' id='block_1_15' title="bbox 226 1511 1814 1589">
    <p class='ocr_par' dir='ltr' id='par_1_15' title="bbox 226 1511 1814 1589">
     <span class='ocr_line' id='line_1_15' title="bbox 226 1511 1814 1589; baseline 0.006 -28"><span class='ocrx_word' id='word_1_97' title='bbox 226 1511 471 1574; x_wconf 82' lang='grc' dir='ltr'>τέλλετο,</span> <span class='ocrx_word' id='word_1_98' title='bbox 513 1514 647 1578; x_wconf 87' lang='grc' dir='ltr'>μήτε</span> <span class='ocrx_word' id='word_1_99' title='bbox 674 1512 765 1564; x_wconf 80' lang='grc' dir='ltr'>τὸν</span> <span class='ocrx_word' id='word_1_100' title='bbox 810 1513 1010 1578; x_wconf 78' lang='grc' dir='ltr'>ἔξωθεν</span> <span class='ocrx_word' id='word_1_101' title='bbox 1061 1514 1156 1567; x_wconf 89' lang='grc' dir='ltr'><strong>τοῦ</strong></span> <span class='ocrx_word' id='word_1_102' title='bbox 1189 1514 1437 1584; x_wconf 80' lang='grc' dir='ltr'><strong>θαλάμου</strong></span> <span class='ocrx_word' id='word_1_103' title='bbox 1492 1518 1633 1587; x_wconf 76' lang='grc' dir='ltr'>ἀέρα</span> <span class='ocrx_word' id='word_1_104' title='bbox 1680 1520 1814 1589; x_wconf 80' lang='grc' dir='ltr'>όρᾷν</span> 
     </span>
    </p>
   </div>
   <div class='ocr_carea' id='block_1_16' title="bbox 229 1602 1811 1675">
    <p class='ocr_par' dir='ltr' id='par_1_16' title="bbox 229 1602 1811 1675">
     <span class='ocr_line' id='line_1_16' title="bbox 229 1602 1811 1675; baseline 0.008 -22"><span class='ocrx_word' id='word_1_105' title='bbox 229 1602 361 1671; x_wconf 82' lang='grc' dir='ltr'>μήτ’</span> <span class='ocrx_word' id='word_1_106' title='bbox 395 1603 678 1666; x_wconf 81' lang='grc' dir='ltr'>ἀναπνεῖν,</span> <span class='ocrx_word' id='word_1_107' title='bbox 708 1606 759 1657; x_wconf 88' lang='grc' dir='ltr'><strong>εί</strong></span> <span class='ocrx_word' id='word_1_108' title='bbox 788 1604 1035 1668; x_wconf 67' lang='grc' dir='ltr'>δυνατὸν,</span> <span class='ocrx_word' id='word_1_109' title='bbox 1064 1607 1386 1675; x_wconf 76' lang='grc' dir='ltr'><strong>ἐλευθερίως</strong></span> <span class='ocrx_word' id='word_1_110' title='bbox 1430 1609 1811 1666; x_wconf 77' lang='grc' dir='ltr'>’Λναστασίαν.</span> 
     </span>
    </p>
   </div>
   <div class='ocr_carea' id='block_1_17' title="bbox 224 1695 1815 1770">
    <p class='ocr_par' dir='ltr' id='par_1_17' title="bbox 224 1695 1815 1770">
     <span class='ocr_line' id='line_1_17' title="bbox 224 1695 1815 1770; baseline 0.008 -26"><span class='ocrx_word' id='word_1_111' title='bbox 224 1695 417 1746; x_wconf 75' lang='grc' dir='ltr'>Δεινδν</span> <span class='ocrx_word' id='word_1_112' title='bbox 456 1696 563 1763; x_wconf 74' lang='grc' dir='ltr'><strong>γὰρ</strong></span> <span class='ocrx_word' id='word_1_113' title='bbox 593 1696 827 1747; x_wconf 71' lang='grc' dir='ltr'>ἐποιεῖτο</span> <span class='ocrx_word' id='word_1_114' title='bbox 859 1697 906 1747; x_wconf 78' lang='grc' dir='ltr'>εἰ</span> <span class='ocrx_word' id='word_1_115' title='bbox 932 1699 1029 1764; x_wconf 80' lang='grc' dir='ltr'>τῆς</span> <span class='ocrx_word' id='word_1_116' title='bbox 1057 1699 1354 1767; x_wconf 72' lang='grc' dir='ltr'>πρεσὸεεας</span> <span class='ocrx_word' id='word_1_117' title='bbox 1388 1701 1680 1770; x_wconf 67' lang='grc' dir='ltr'>ἐπανήκων</span> <span class='ocrx_word' id='word_1_118' title='bbox 1704 1702 1815 1767; x_wconf 79' lang='grc' dir='ltr'>ζῶν</span> 
     </span>
    </p>
   </div>
   <div class='ocr_carea' id='block_1_18' title="bbox 223 1785 1815 1864">
    <p class='ocr_par' dir='ltr' id='par_1_18' title="bbox 223 1785 1815 1864">
     <span class='ocr_line' id='line_1_18' title="bbox 223 1785 1815 1864; baseline 0.009 -29"><span class='ocrx_word' id='word_1_119' title='bbox 223 1785 415 1853; x_wconf 70' lang='grc' dir='ltr'>ὅψοιτο</span> <span class='ocrx_word' id='word_1_120' title='bbox 445 1790 503 1837; x_wconf 72' lang='grc' dir='ltr'><strong>τ³›</strong></span> <span class='ocrx_word' id='word_1_121' title='bbox 537 1788 758 1852; x_wconf 76' lang='grc' dir='ltr'>γύναιον</span> <span class='ocrx_word' id='word_1_122' title='bbox 782 1788 878 1848; x_wconf 77' lang='grc' dir='ltr'>τὰς</span> <span class='ocrx_word' id='word_1_123' title='bbox 916 1790 1043 1856; x_wconf 84' lang='grc' dir='ltr'>πρὸς</span> <span class='ocrx_word' id='word_1_124' title='bbox 1067 1791 1229 1843; x_wconf 65' lang='grc' dir='ltr'>αὐτὸν</span> <span class='ocrx_word' id='word_1_125' title='bbox 1261 1793 1359 1862; x_wconf 56' lang='grc' dir='ltr'>ἥδ.)</span> <span class='ocrx_word' id='word_1_126' title='bbox 1390 1794 1660 1864; x_wconf 76' lang='grc' dir='ltr'><strong>συνθήκας</strong></span> <span class='ocrx_word' id='word_1_127' title='bbox 1687 1796 1815 1863; x_wconf 63' lang='grc' dir='ltr'>ἠθε-</span> 
     </span>
    </p>
   </div>
   <div class='ocr_carea' id='block_1_19' title="bbox 222 1877 1813 1959">
    <p class='ocr_par' dir='ltr' id='par_1_19' title="bbox 222 1877 1813 1959">
     <span class='ocr_line' id='line_1_19' title="bbox 222 1877 1813 1959; baseline 0.007 -30"><span class='ocrx_word' id='word_1_128' title='bbox 222 1877 365 1946; x_wconf 88' lang='grc' dir='ltr'>τηκό</span> <span class='ocrx_word' id='word_1_129' title='bbox 402 1916 415 1930; x_wconf 90' lang='grc'><strong>.</strong></span> <span class='ocrx_word' id='word_1_130' title='bbox 449 1878 589 1944; x_wconf 80' lang='grc' dir='ltr'>Πρὸς</span> <span class='ocrx_word' id='word_1_131' title='bbox 613 1879 668 1930; x_wconf 78' lang='grc' dir='ltr'>δὲ</span> <span class='ocrx_word' id='word_1_132' title='bbox 720 1881 812 1931; x_wconf 72' lang='grc' dir='ltr'>καὶ</span> <span class='ocrx_word' id='word_1_133' title='bbox 842 1880 1049 1935; x_wconf 77' lang='grc' dir='ltr'>πολλῶν</span> <span class='ocrx_word' id='word_1_134' title='bbox 1078 1886 1380 1952; x_wconf 76' lang='grc' dir='ltr'>χρημάτων</span> <span class='ocrx_word' id='word_1_135' title='bbox 1403 1888 1539 1955; x_wconf 83' lang='grc' dir='ltr'>ὁμοῦ</span> <span class='ocrx_word' id='word_1_136' title='bbox 1568 1890 1659 1941; x_wconf 76' lang='grc' dir='ltr'>καὶ</span> <span class='ocrx_word' id='word_1_137' title='bbox 1686 1907 1813 1959; x_wconf 60' lang='grc' dir='ltr'>κτη-</span> 
     </span>
    </p>
   </div>
   <div class='ocr_carea' id='block_1_20' title="bbox 225 1965 1811 2048">
    <p class='ocr_par' dir='ltr' id='par_1_20' title="bbox 225 1965 1811 2048">
     <span class='ocr_line' id='line_1_20' title="bbox 225 1965 1811 2048; baseline 0.009 -29"><span class='ocrx_word' id='word_1_138' title='bbox 225 1971 420 2036; x_wconf 65' lang='grc' dir='ltr'>μάτων</span> <span class='ocrx_word' id='word_1_139' title='bbox 470 1965 624 2031; x_wconf 76' lang='grc' dir='ltr'>οὗτος</span> <span class='ocrx_word' id='word_1_140' title='bbox 651 1970 890 2039; x_wconf 22' lang='grc' dir='ltr'>*ὀφθῆναι</span> <span class='ocrx_word' id='word_1_141' title='bbox 925 1972 1116 2035; x_wconf 77' lang='grc' dir='ltr'>κύριος</span> <span class='ocrx_word' id='word_1_142' title='bbox 1169 1974 1389 2038; x_wconf 76' lang='grc' dir='ltr'>εὔελπις</span> <span class='ocrx_word' id='word_1_143' title='bbox 1448 1972 1534 2048; x_wconf 83' lang='grc' dir='ltr'>ἦν.</span> <span class='ocrx_word' id='word_1_144' title='bbox 1576 1980 1811 2044; x_wconf 82' lang='grc' dir='ltr'>Ἐκεῖνος</span> 
     </span>
    </p>
   </div>
   <div class='ocr_carea' id='block_1_21' title="bbox 227 2056 1815 2141">
    <p class='ocr_par' dir='ltr' id='par_1_21' title="bbox 227 2056 1815 2141">
     <span class='ocr_line' id='line_1_21' title="bbox 227 2056 1815 2141; baseline 0.008 -27"><span class='ocrx_word' id='word_1_145' title='bbox 227 2062 333 2131; x_wconf 83' lang='grc' dir='ltr'>μὲν</span> <span class='ocrx_word' id='word_1_146' title='bbox 363 2056 457 2115; x_wconf 81' lang='grc' dir='ltr'>οὖν</span> <span class='ocrx_word' id='word_1_147' title='bbox 489 2066 629 2115; x_wconf 85' lang='grc' dir='ltr'><strong>κατά</strong></span> <span class='ocrx_word' id='word_1_148' title='bbox 659 2064 757 2134; x_wconf 79' lang='grc' dir='ltr'>τὴν</span> <span class='ocrx_word' id='word_1_149' title='bbox 789 2064 906 2116; x_wconf 73' lang='grc' dir='ltr'>ὁδὸν</span> <span class='ocrx_word' id='word_1_150' title='bbox 937 2065 1230 2120; x_wconf 80' lang='grc' dir='ltr'>ἀκόλουθον</span> <span class='ocrx_word' id='word_1_151' title='bbox 1257 2072 1323 2139; x_wconf 82' lang='grc' dir='ltr'>τῇ</span> <span class='ocrx_word' id='word_1_152' title='bbox 1360 2075 1595 2141; x_wconf 78' lang='grc' dir='ltr'>πονηρία</span> <span class='ocrx_word' id='word_1_153' title='bbox 1631 2075 1725 2125; x_wconf 74' lang='grc' dir='ltr'>καὶ</span> <span class='ocrx_word' id='word_1_154' title='bbox 1754 2074 1815 2127; x_wconf 83' lang='grc' dir='ltr'>τὸ</span> 
     </span>
    </p>
   </div>
   <div class='ocr_carea' id='block_1_22' title="bbox 223 2153 1812 2231">
    <p class='ocr_par' dir='ltr' id='par_1_22' title="bbox 223 2153 1812 2231">
     <span class='ocr_line' id='line_1_22' title="bbox 223 2153 1812 2231; baseline 0.009 -29"><span class='ocrx_word' id='word_1_155' title='bbox 223 2153 406 2229; x_wconf 65' lang='grc' dir='ltr'>πέρας</span> <span class='ocrx_word' id='word_1_156' title='bbox 438 2153 705 2221; x_wconf 79' lang='grc' dir='ltr'>εὑρίσκει.</span> <span class='ocrx_word' id='word_1_157' title='bbox 742 2156 981 2224; x_wconf 83' lang='grc' dir='ltr'><strong>Θνήσκει</strong></span> <span class='ocrx_word' id='word_1_158' title='bbox 1021 2159 1131 2225; x_wconf 74' lang='grc' dir='ltr'><strong>γὰρ</strong></span> <span class='ocrx_word' id='word_1_159' title='bbox 1182 2161 1415 2231; x_wconf 74' lang='grc' dir='ltr'>κινδύνῳ</span> <span class='ocrx_word' id='word_1_160' title='bbox 1463 2162 1812 2231; x_wconf 65' lang='grc' dir='ltr'>διαφθαρεὶς,</span> 
     </span>
    </p>
   </div>
   <div class='ocr_carea' id='block_1_23' title="bbox 224 2245 1811 2326">
    <p class='ocr_par' dir='ltr' id='par_1_23' title="bbox 224 2245 1811 2326">
     <span class='ocr_line' id='line_1_23' title="bbox 224 2245 1811 2326; baseline 0.005 -29"><span class='ocrx_word' id='word_1_161' title='bbox 224 2245 378 2313; x_wconf 81' lang='grc' dir='ltr'>ἇπερ</span> <span class='ocrx_word' id='word_1_162' title='bbox 401 2246 599 2316; x_wconf 72' lang='grc' dir='ltr'>ᾕλπισε</span> <span class='ocrx_word' id='word_1_163' title='bbox 630 2246 764 2318; x_wconf 78' lang='grc' dir='ltr'>δρᾷν</span> <span class='ocrx_word' id='word_1_164' title='bbox 780 2250 943 2311; x_wconf 86' lang='grc' dir='ltr'>αὐτὸς</span> <span class='ocrx_word' id='word_1_165' title='bbox 990 2251 1255 2321; x_wconf 84' lang='grc' dir='ltr'>πρότερον</span> <span class='ocrx_word' id='word_1_166' title='bbox 1310 2257 1405 2307; x_wconf 55' lang='lat' dir='ltr'><strong>etv</strong></span> <span class='ocrx_word' id='word_1_167' title='bbox 1440 2255 1562 2326; x_wconf 77' lang='grc' dir='ltr'>δίκη</span> <span class='ocrx_word' id='word_1_168' title='bbox 1603 2256 1811 2322; x_wconf 73' lang='grc' dir='ltr'>παθὼν,</span> 
     </span>
    </p>
   </div>
   <div class='ocr_carea' id='block_1_24' title="bbox 222 2341 1814 2420">
    <p class='ocr_par' dir='ltr' id='par_1_24' title="bbox 222 2341 1814 2420">
     <span class='ocr_line' id='line_1_24' title="bbox 222 2341 1814 2420; baseline 0.008 -30"><span class='ocrx_word' id='word_1_169' title='bbox 222 2341 573 2409; x_wconf 75' lang='grc' dir='ltr'>καὶχηρείας</span> <span class='ocrx_word' id='word_1_170' title='bbox 618 2342 947 2413; x_wconf 75' lang='grc' dir='ltr'>Ἀναστασίᾳ</span> <span class='ocrx_word' id='word_1_171' title='bbox 988 2344 1250 2414; x_wconf 74' lang='grc' dir='ltr'>πρόξενος</span> <span class='ocrx_word' id='word_1_172' title='bbox 1289 2350 1562 2411; x_wconf 70' lang='grc' dir='ltr'>καταστὰς</span> <span class='ocrx_word' id='word_1_173' title='bbox 1590 2351 1649 2401; x_wconf 87' lang='grc' dir='ltr'><strong>οὐ</strong></span> <span class='ocrx_word' id='word_1_174' title='bbox 1682 2350 1814 2420; x_wconf 80' lang='grc' dir='ltr'>θρη-</span> 
     </span>
    </p>
   </div>
   <div class='ocr_carea' id='block_1_25' title="bbox 221 2433 1809 2508">
    <p class='ocr_par' dir='ltr' id='par_1_25' title="bbox 221 2433 1809 2508">
     <span class='ocr_line' id='line_1_25' title="bbox 221 2433 1809 2508; baseline 0.009 -26"><span class='ocrx_word' id='word_1_175' title='bbox 221 2434 363 2495; x_wconf 80' lang='grc' dir='ltr'>νεῖν,</span> <span class='ocrx_word' id='word_1_176' title='bbox 397 2433 531 2485; x_wconf 76' lang='grc' dir='ltr'>ἀλλὰ</span> <span class='ocrx_word' id='word_1_177' title='bbox 568 2435 799 2505; x_wconf 76' lang='grc' dir='ltr'>σκιρτᾷν</span> <span class='ocrx_word' id='word_1_178' title='bbox 847 2435 1205 2508; x_wconf 76' lang='grc' dir='ltr'>έμποιούσης.</span> <span class='ocrx_word' id='word_1_179' title='bbox 1270 2439 1598 2495; x_wconf 75' lang='grc' dir='ltr'>’Λναστασία</span> <span class='ocrx_word' id='word_1_180' title='bbox 1630 2443 1686 2497; x_wconf 73' lang='grc' dir='ltr'>δὲ</span> <span class='ocrx_word' id='word_1_181' title='bbox 1716 2444 1809 2497; x_wconf 92' lang='grc' dir='ltr'><strong>τοῦ</strong></span> 
     </span>
    </p>
   </div>
   <div class='ocr_carea' id='block_1_26' title="bbox 224 2527 1811 2599">
    <p class='ocr_par' dir='ltr' id='par_1_26' title="bbox 224 2527 1811 2599">
     <span class='ocr_line' id='line_1_26' title="bbox 224 2527 1811 2599; baseline 0.008 -22"><span class='ocrx_word' id='word_1_182' title='bbox 224 2527 435 2595; x_wconf 65' lang='grc' dir='ltr'>δεσμοῦ</span> <span class='ocrx_word' id='word_1_183' title='bbox 487 2531 581 2578; x_wconf 77' lang='grc' dir='ltr'>καὶ</span> <span class='ocrx_word' id='word_1_184' title='bbox 616 2527 722 2578; x_wconf 87' lang='grc' dir='ltr'><strong>τῶν</strong></span> <span class='ocrx_word' id='word_1_185' title='bbox 757 2528 1137 2595; x_wconf 73' lang='grc' dir='ltr'>φυλαττόντων</span> <span class='ocrx_word' id='word_1_186' title='bbox 1166 2530 1336 2599; x_wconf 78' lang='grc' dir='ltr'>αὐτὴν</span> <span class='ocrx_word' id='word_1_187' title='bbox 1394 2534 1570 2587; x_wconf 81' lang='grc' dir='ltr'>κυνῶν</span> <span class='ocrx_word' id='word_1_188' title='bbox 1600 2536 1811 2589; x_wconf 78' lang='grc' dir='ltr'>ἐλευθε-</span> 
     </span>
    </p>
   </div>
   <div class='ocr_carea' id='block_1_27' title="bbox 227 2617 1809 2697">
    <p class='ocr_par' dir='ltr' id='par_1_27' title="bbox 227 2617 1809 2697">
     <span class='ocr_line' id='line_1_27' title="bbox 227 2617 1809 2697; baseline 0.006 -28"><span class='ocrx_word' id='word_1_189' title='bbox 227 2620 471 2688; x_wconf 77' lang='grc' dir='ltr'>ρωθεῖσα</span> <span class='ocrx_word' id='word_1_190' title='bbox 506 2617 685 2686; x_wconf 81' lang='grc' dir='ltr'>(οὓτω</span> <span class='ocrx_word' id='word_1_191' title='bbox 721 2621 825 2689; x_wconf 70' lang='grc' dir='ltr'><strong>γὰρ</strong></span> <span class='ocrx_word' id='word_1_192' title='bbox 856 2621 1053 2685; x_wconf 76' lang='grc' dir='ltr'>αὐτοὺς</span> <span class='ocrx_word' id='word_1_193' title='bbox 1087 2625 1264 2677; x_wconf 79' lang='grc' dir='ltr'>εἰπεῖν</span> <span class='ocrx_word' id='word_1_194' title='bbox 1312 2626 1679 2697; x_wconf 81' lang='grc' dir='ltr'>οἰκειότερον)</span> <span class='ocrx_word' id='word_1_195' title='bbox 1717 2628 1809 2679; x_wconf 72' lang='grc' dir='ltr'>επὶ</span> 
     </span>
    </p>
   </div>
   <div class='ocr_carea' id='block_1_28' title="bbox 220 2704 1808 2784">
    <p class='ocr_par' dir='ltr' id='par_1_28' title="bbox 220 2704 1808 2784">
     <span class='ocr_line' id='line_1_28' title="bbox 220 2704 1808 2784; baseline 0.008 -28"><span class='ocrx_word' id='word_1_196' title='bbox 220 2705 329 2774; x_wconf 83' lang='grc' dir='ltr'>τὴν</span> <span class='ocrx_word' id='word_1_197' title='bbox 366 2704 629 2773; x_wconf 86' lang='grc' dir='ltr'>σύννομον</span> <span class='ocrx_word' id='word_1_198' title='bbox 656 2707 859 2775; x_wconf 90' lang='grc' dir='ltr'>ἀγέλην</span> <span class='ocrx_word' id='word_1_199' title='bbox 897 2712 992 2764; x_wconf 82' lang='grc' dir='ltr'>καὶ</span> <span class='ocrx_word' id='word_1_200' title='bbox 1028 2709 1128 2779; x_wconf 71' lang='grc' dir='ltr'>τὴν</span> <span class='ocrx_word' id='word_1_201' title='bbox 1156 2713 1361 2784; x_wconf 78' lang='grc' dir='ltr'>συνήθη</span> <span class='ocrx_word' id='word_1_202' title='bbox 1396 2718 1496 2784; x_wconf 75' lang='grc' dir='ltr'>τῆς</span> <span class='ocrx_word' id='word_1_203' title='bbox 1524 2717 1808 2782; x_wconf 79' lang='grc' dir='ltr'>εὐσεϐείας</span> 
     </span>
    </p>
   </div>
   <div class='ocr_carea' id='block_1_29' title="bbox 225 2796 1807 2874">
    <p class='ocr_par' dir='ltr' id='par_1_29' title="bbox 225 2796 1807 2874">
     <span class='ocr_line' id='line_1_29' title="bbox 225 2796 1807 2874; baseline 0.012 -31"><span class='ocrx_word' id='word_1_204' title='bbox 225 2796 401 2863; x_wconf 78' lang='grc' dir='ltr'>νομὴν</span> <span class='ocrx_word' id='word_1_205' title='bbox 425 2797 651 2863; x_wconf 78' lang='grc' dir='ltr'><strong>ἐφέρετο</strong></span> <span class='ocrx_word' id='word_1_206' title='bbox 676 2798 862 2869; x_wconf 82' lang='grc' dir='ltr'>σχῆμά</span> <span class='ocrx_word' id='word_1_207' title='bbox 886 2818 943 2854; x_wconf 88' lang='grc' dir='ltr'><strong>τε</strong></span> <span class='ocrx_word' id='word_1_208' title='bbox 990 2803 1213 2874; x_wconf 90' lang='grc' dir='ltr'>μέτριον</span> <span class='ocrx_word' id='word_1_209' title='bbox 1251 2806 1494 2859; x_wconf 80' lang='grc' dir='ltr'>ὑποδῦσα</span> <span class='ocrx_word' id='word_1_210' title='bbox 1529 2807 1691 2862; x_wconf 84' lang='grc' dir='ltr'>πάλιν</span> <span class='ocrx_word' id='word_1_211' title='bbox 1710 2811 1807 2872; x_wconf 68' lang='grc' dir='ltr'><strong>τάς</strong></span> 
     </span>
    </p>
   </div>
   <div class='ocr_carea' id='block_1_30' title="bbox 224 2889 1808 2975">
    <p class='ocr_par' dir='ltr' id='par_1_30' title="bbox 224 2889 1808 2975">
     <span class='ocr_line' id='line_1_30' title="bbox 224 2889 1808 2975; baseline 0.013 -40"><span class='ocrx_word' id='word_1_212' title='bbox 224 2902 291 2937; x_wconf 84' lang='grc' dir='ltr'><strong>τε</strong></span> <span class='ocrx_word' id='word_1_213' title='bbox 320 2889 567 2954; x_wconf 74' lang='grc' dir='ltr'>φυλακὰς</span> <span class='ocrx_word' id='word_1_214' title='bbox 626 2893 961 2962; x_wconf 82' lang='grc' dir='ltr'>περιήρχετο</span> <span class='ocrx_word' id='word_1_215' title='bbox 996 2898 1083 2948; x_wconf 53' lang='grc' dir='ltr'>καὶ</span> <span class='ocrx_word' id='word_1_216' title='bbox 1115 2896 1212 2950; x_wconf 80' lang='grc' dir='ltr'>σὺν</span> <span class='ocrx_word' id='word_1_217' title='bbox 1254 2896 1458 2975; x_wconf 78' lang='grc' dir='ltr'>πλείονι</span> <span class='ocrx_word' id='word_1_218' title='bbox 1506 2904 1571 2971; x_wconf 71' lang='grc' dir='ltr'>τῇ</span> <span class='ocrx_word' id='word_1_219' title='bbox 1602 2903 1808 2973; x_wconf 80' lang='grc' dir='ltr'>σπουδῇ</span> 
     </span>
    </p>
   </div>
   <div class='ocr_carea' id='block_1_31' title="bbox 225 2979 1811 3059">
    <p class='ocr_par' dir='ltr' id='par_1_31' title="bbox 225 2979 1811 3059">
     <span class='ocr_line' id='line_1_31' title="bbox 225 2979 1811 3059; baseline 0.012 -31"><span class='ocrx_word' id='word_1_220' title='bbox 225 2979 291 3028; x_wconf 87' lang='grc' dir='ltr'><strong>οὐ</strong></span> <span class='ocrx_word' id='word_1_221' title='bbox 320 2980 389 3031; x_wconf 67' lang='grc' dir='ltr'>τὰ</span> <span class='ocrx_word' id='word_1_222' title='bbox 416 2979 712 3049; x_wconf 80' lang='grc' dir='ltr'>τραύματα</span> <span class='ocrx_word' id='word_1_223' title='bbox 747 2984 909 3051; x_wconf 86' lang='grc' dir='ltr'>μόνον</span> <span class='ocrx_word' id='word_1_224' title='bbox 959 2987 1055 3039; x_wconf 78' lang='grc' dir='ltr'>καὶ</span> <span class='ocrx_word' id='word_1_225' title='bbox 1095 2990 1220 3047; x_wconf 80' lang='grc' dir='ltr'>τοὺς</span> <span class='ocrx_word' id='word_1_226' title='bbox 1254 2990 1454 3059; x_wconf 50' lang='grc' dir='ltr'>ίιῶρας</span> <span class='ocrx_word' id='word_1_227' title='bbox 1477 2994 1589 3053; x_wconf 69' lang='grc' dir='ltr'>τοῖς</span> <span class='ocrx_word' id='word_1_228' title='bbox 1636 2994 1811 3059; x_wconf 87' lang='grc' dir='ltr'>ἀγίοις</span> 
     </span>
    </p>
   </div>
   <div class='ocr_carea' id='block_1_32' title="bbox 229 3068 1813 3148">
    <p class='ocr_par' dir='ltr' id='par_1_32' title="bbox 229 3068 1813 3148">
     <span class='ocr_line' id='line_1_32' title="bbox 229 3068 1813 3148; baseline 0.01 -29"><span class='ocrx_word' id='word_1_229' title='bbox 229 3068 654 3137; x_wconf 77' lang='grc' dir='ltr'>ἑξεθεράπευεν,</span> <span class='ocrx_word' id='word_1_230' title='bbox 688 3072 824 3126; x_wconf 88' lang='grc' dir='ltr'><strong>ἀλλά</strong></span> <span class='ocrx_word' id='word_1_231' title='bbox 855 3074 965 3143; x_wconf 84' lang='grc' dir='ltr'><strong>γὰρ</strong></span> <span class='ocrx_word' id='word_1_232' title='bbox 1023 3078 1117 3130; x_wconf 83' lang='grc' dir='ltr'>καὶ</span> <span class='ocrx_word' id='word_1_233' title='bbox 1170 3079 1307 3147; x_wconf 73' lang='grc' dir='ltr'>πρὸς</span> <span class='ocrx_word' id='word_1_234' title='bbox 1358 3080 1451 3132; x_wconf 78' lang='grc' dir='ltr'><strong>τὸν</strong></span> <span class='ocrx_word' id='word_1_235' title='bbox 1500 3082 1686 3148; x_wconf 89' lang='grc' dir='ltr'>ἀγῶνα</span> <span class='ocrx_word' id='word_1_236' title='bbox 1720 3084 1813 3135; x_wconf 83' lang='grc' dir='ltr'>τὸν</span> 
     </span>
    </p>
   </div>
   <div class='ocr_carea' id='block_1_33' title="bbox 1918 597 3507 668">
    <p class='ocr_par' dir='ltr' id='par_1_33' title="bbox 1918 597 3507 668">
     <span class='ocr_line' id='line_1_33' title="bbox 1918 597 3507 668; baseline -0.001 -17"><span class='ocrx_word' id='word_1_237' title='bbox 1918 612 2038 651; x_wconf 90' lang='lat' dir='ltr'><strong>eam</strong></span> <span class='ocrx_word' id='word_1_238' title='bbox 2089 598 2329 668; x_wconf 87' lang='lat' dir='ltr'><strong>gaudere</strong></span> <span class='ocrx_word' id='word_1_239' title='bbox 2369 608 2424 653; x_wconf 93' lang='lat' dir='ltr'><strong>ct</strong></span> <span class='ocrx_word' id='word_1_240' title='bbox 2472 598 2614 651; x_wconf 89' lang='lat' dir='ltr'><strong>bona</strong></span> <span class='ocrx_word' id='word_1_241' title='bbox 2666 598 2868 660; x_wconf 85' lang='lat' dir='ltr'><strong>facere,</strong></span> <span class='ocrx_word' id='word_1_242' title='bbox 2920 606 2974 650; x_wconf 92' lang='lat' dir='ltr'><strong>et</strong></span> <span class='ocrx_word' id='word_1_243' title='bbox 3030 598 3321 666; x_wconf 65' lang='lat' dir='ltr'><strong>praesentia</strong></span> <span class='ocrx_word' id='word_1_244' title='bbox 3377 597 3507 651; x_wconf 84' lang='lat' dir='ltr'><strong>forti</strong></span> 
     </span>
    </p>
   </div>
   <div class='ocr_carea' id='block_1_34' title="bbox 1917 689 3507 759">
    <p class='ocr_par' dir='ltr' id='par_1_34' title="bbox 1917 689 3507 759">
     <span class='ocr_line' id='line_1_34' title="bbox 1917 689 3507 759; baseline 0.001 -17"><span class='ocrx_word' id='word_1_245' title='bbox 1917 691 2099 743; x_wconf 90' lang='lat' dir='ltr'><strong>animo</strong></span> <span class='ocrx_word' id='word_1_246' title='bbox 2144 692 2311 753; x_wconf 82' lang='lat' dir='ltr'><strong>ferre,</strong></span> <span class='ocrx_word' id='word_1_247' title='bbox 2348 699 2404 743; x_wconf 88' lang='lat' dir='ltr'><strong>et</strong></span> <span class='ocrx_word' id='word_1_248' title='bbox 2434 690 2487 743; x_wconf 93' lang='lat' dir='ltr'><strong>in</strong></span> <span class='ocrx_word' id='word_1_249' title='bbox 2538 689 2779 743; x_wconf 85' lang='lat' dir='ltr'><strong>futurum</strong></span> <span class='ocrx_word' id='word_1_250' title='bbox 2809 689 3077 743; x_wconf 95' lang='lat' dir='ltr'><strong>voluntati</strong></span> <span class='ocrx_word' id='word_1_251' title='bbox 3112 705 3333 759; x_wconf 88' lang='lat' dir='ltr'><strong>quoque</strong></span> <span class='ocrx_word' id='word_1_252' title='bbox 3370 706 3507 744; x_wconf 82' lang='lat' dir='ltr'><strong>ron—</strong></span> 
     </span>
    </p>
   </div>
   <div class='ocr_carea' id='block_1_35' title="bbox 1918 782 2856 852">
    <p class='ocr_par' dir='ltr' id='par_1_35' title="bbox 1918 782 2856 852">
     <span class='ocr_line' id='line_1_35' title="bbox 1918 782 2856 852; baseline -0.001 -17"><span class='ocrx_word' id='word_1_253' title='bbox 1918 792 2245 837; x_wconf 84' lang='lat' dir='ltr'><strong>sentaneum</strong></span> <span class='ocrx_word' id='word_1_254' title='bbox 2271 793 2593 852; x_wconf 83' lang='lat' dir='ltr'><strong>exspectare</strong></span> <span class='ocrx_word' id='word_1_255' title='bbox 2624 782 2856 836; x_wconf 78' lang='lat' dir='ltr'><strong>exitum.</strong></span> 
     </span>
    </p>
   </div>
   <div class='ocr_carea' id='block_1_36' title="bbox 1996 870 3507 940">
    <p class='ocr_par' dir='ltr' id='par_1_36' title="bbox 1996 870 3507 940">
     <span class='ocr_line' id='line_1_36' title="bbox 1996 870 3507 940; baseline -0.001 -12"><span class='ocrx_word' id='word_1_256' title='bbox 1996 875 2082 929; x_wconf 83' lang='lat' dir='ltr'><strong>IV.</strong></span> <span class='ocrx_word' id='word_1_257' title='bbox 2120 874 2216 930; x_wconf 81' lang='lat' dir='ltr'><strong>llis</strong></span> <span class='ocrx_word' id='word_1_258' title='bbox 2238 874 2598 928; x_wconf 78' lang='lat' dir='ltr'><strong>continuatur</strong></span> <span class='ocrx_word' id='word_1_259' title='bbox 2622 872 2931 934; x_wconf 80' lang='lat' dir='ltr'><strong>Anastasia,</strong></span> <span class='ocrx_word' id='word_1_260' title='bbox 2960 884 3016 925; x_wconf 89' lang='lat' dir='ltr'><strong>et</strong></span> <span class='ocrx_word' id='word_1_261' title='bbox 3041 870 3157 926; x_wconf 50' lang='lat' dir='ltr'><strong>haec</strong></span> <span class='ocrx_word' id='word_1_262' title='bbox 3184 871 3297 940; x_wconf 92' lang='lat' dir='ltr'><strong>ipsa</strong></span> <span class='ocrx_word' id='word_1_263' title='bbox 3351 873 3507 927; x_wconf 74' lang='lat' dir='ltr'><strong>duxit</strong></span> 
     </span>
    </p>
   </div>
   <div class='ocr_carea' id='block_1_37' title="bbox 1917 964 3499 1035">
    <p class='ocr_par' dir='ltr' id='par_1_37' title="bbox 1917 964 3499 1035">
     <span class='ocr_line' id='line_1_37' title="bbox 1917 964 3499 1035; baseline -0.003 -11"><span class='ocrx_word' id='word_1_264' title='bbox 1917 985 2042 1024; x_wconf 87' lang='lat' dir='ltr'><strong>esse</strong></span> <span class='ocrx_word' id='word_1_265' title='bbox 2076 968 2260 1035; x_wconf 87' lang='lat' dir='ltr'><strong>gaudii</strong></span> <span class='ocrx_word' id='word_1_266' title='bbox 2304 968 2673 1025; x_wconf 86' lang='lat' dir='ltr'><strong>occasionem.</strong></span> <span class='ocrx_word' id='word_1_267' title='bbox 2724 974 2781 1019; x_wconf 90' lang='lat' dir='ltr'><strong>et</strong></span> <span class='ocrx_word' id='word_1_268' title='bbox 2812 964 2967 1018; x_wconf 80' lang='lat' dir='ltr'><strong>home</strong></span> <span class='ocrx_word' id='word_1_269' title='bbox 3010 964 3127 1034; x_wconf 85' lang='lat' dir='ltr'><strong>spei</strong></span> <span class='ocrx_word' id='word_1_270' title='bbox 3168 966 3499 1033; x_wconf 88' lang='lat' dir='ltr'><strong>principium</strong></span> 
     </span>
    </p>
   </div>
   <div class='ocr_carea' id='block_1_38' title="bbox 1918 1057 3501 1123">
    <p class='ocr_par' dir='ltr' id='par_1_38' title="bbox 1918 1057 3501 1123">
     <span class='ocr_line' id='line_1_38' title="bbox 1918 1057 3501 1123; baseline -0.003 -9"><span class='ocrx_word' id='word_1_271' title='bbox 1918 1060 2254 1114; x_wconf 71' lang='lat' dir='ltr'><strong>existimavit</strong></span> <span class='ocrx_word' id='word_1_272' title='bbox 2279 1072 2399 1111; x_wconf 86' lang='lat' dir='ltr'><strong>esse</strong></span> <span class='ocrx_word' id='word_1_273' title='bbox 2426 1058 2815 1120; x_wconf 82' lang='lat' dir='ltr'><strong>calamitatem,</strong></span> <span class='ocrx_word' id='word_1_274' title='bbox 2848 1070 3047 1123; x_wconf 90' lang='lat' dir='ltr'><strong>nempe</strong></span> <span class='ocrx_word' id='word_1_275' title='bbox 3077 1064 3132 1109; x_wconf 91' lang='lat' dir='ltr'><strong>et</strong></span> <span class='ocrx_word' id='word_1_276' title='bbox 3162 1057 3344 1109; x_wconf 90' lang='lat' dir='ltr'><strong>mariti</strong></span> <span class='ocrx_word' id='word_1_277' title='bbox 3370 1072 3501 1111; x_wconf 91' lang='lat' dir='ltr'><strong>cru-</strong></span> 
     </span>
    </p>
   </div>
   <div class='ocr_carea' id='block_1_39' title="bbox 1918 1145 3499 1213">
    <p class='ocr_par' dir='ltr' id='par_1_39' title="bbox 1918 1145 3499 1213">
     <span class='ocr_line' id='line_1_39' title="bbox 1918 1145 3499 1213; baseline -0.002 -9"><span class='ocrx_word' id='word_1_278' title='bbox 1918 1150 2231 1209; x_wconf 89' lang='lat' dir='ltr'><strong>delitatem,</strong></span> <span class='ocrx_word' id='word_1_279' title='bbox 2290 1156 2345 1202; x_wconf 91' lang='lat' dir='ltr'><strong>et</strong></span> <span class='ocrx_word' id='word_1_280' title='bbox 2416 1148 2644 1201; x_wconf 84' lang='lat' dir='ltr'><strong>nimiam</strong></span> <span class='ocrx_word' id='word_1_281' title='bbox 2700 1145 2996 1199; x_wconf 87' lang='lat' dir='ltr'><strong>custodum</strong></span> <span class='ocrx_word' id='word_1_282' title='bbox 3050 1146 3338 1200; x_wconf 70' lang='lat' dir='ltr'><strong>szevitiam.</strong></span> <span class='ocrx_word' id='word_1_283' title='bbox 3395 1146 3499 1213; x_wconf 82' lang='lat' dir='ltr'><strong>Qui</strong></span> 
     </span>
    </p>
   </div>
   <div class='ocr_carea' id='block_1_40' title="bbox 1917 1237 3503 1305">
    <p class='ocr_par' dir='ltr' id='par_1_40' title="bbox 1917 1237 3503 1305">
     <span class='ocr_line' id='line_1_40' title="bbox 1917 1237 3503 1305; baseline -0.001 -12"><span class='ocrx_word' id='word_1_284' title='bbox 1917 1248 2076 1293; x_wconf 89' lang='lat' dir='ltr'><strong>erant</strong></span> <span class='ocrx_word' id='word_1_285' title='bbox 2115 1238 2370 1294; x_wconf 90' lang='lat' dir='ltr'><strong>similiter</strong></span> <span class='ocrx_word' id='word_1_286' title='bbox 2419 1238 2643 1305; x_wconf 89' lang='lat' dir='ltr'><strong>quidem</strong></span> <span class='ocrx_word' id='word_1_287' title='bbox 2696 1252 2886 1290; x_wconf 91' lang='lat' dir='ltr'><strong>omnes</strong></span> <span class='ocrx_word' id='word_1_288' title='bbox 2933 1237 3117 1290; x_wconf 83' lang='lat' dir='ltr'><strong>acerbi</strong></span> <span class='ocrx_word' id='word_1_289' title='bbox 3169 1248 3225 1292; x_wconf 92' lang='lat' dir='ltr'><strong>et</strong></span> <span class='ocrx_word' id='word_1_290' title='bbox 3273 1239 3503 1292; x_wconf 90' lang='lat' dir='ltr'><strong>immiti-</strong></span> 
     </span>
    </p>
   </div>
   <div class='ocr_carea' id='block_1_41' title="bbox 1916 1328 3501 1400">
    <p class='ocr_par' dir='ltr' id='par_1_41' title="bbox 1916 1328 3501 1400">
     <span class='ocr_line' id='line_1_41' title="bbox 1916 1328 3501 1400; baseline -0.001 -17"><span class='ocrx_word' id='word_1_291' title='bbox 1916 1330 2123 1400; x_wconf 78' lang='lat' dir='ltr'><strong>gabiles</strong></span> <span class='ocrx_word' id='word_1_292' title='bbox 2156 1348 2169 1383; x_wconf 89' lang='lat'><strong>:</strong></span> <span class='ocrx_word' id='word_1_293' title='bbox 2206 1328 2492 1383; x_wconf 82' lang='lat' dir='ltr'><strong>Codissius</strong></span> <span class='ocrx_word' id='word_1_294' title='bbox 2526 1337 2708 1381; x_wconf 91' lang='lat' dir='ltr'><strong>autem</strong></span> <span class='ocrx_word' id='word_1_295' title='bbox 2746 1338 2867 1382; x_wconf 71' lang='lat' dir='ltr'><strong>erat</strong></span> <span class='ocrx_word' id='word_1_296' title='bbox 2905 1328 3198 1381; x_wconf 76' lang='lat' dir='ltr'><strong>excellenti</strong></span> <span class='ocrx_word' id='word_1_297' title='bbox 3236 1328 3501 1395; x_wconf 82' lang='lat' dir='ltr'><strong>improbi-</strong></span> 
     </span>
    </p>
   </div>
   <div class='ocr_carea' id='block_1_42' title="bbox 1919 1418 3505 1488">
    <p class='ocr_par' dir='ltr' id='par_1_42' title="bbox 1919 1418 3505 1488">
     <span class='ocr_line' id='line_1_42' title="bbox 1919 1418 3505 1488; baseline 0 -15"><span class='ocrx_word' id='word_1_298' title='bbox 1919 1430 2049 1483; x_wconf 84' lang='lat' dir='ltr'><strong>tate,</strong></span> <span class='ocrx_word' id='word_1_299' title='bbox 2084 1419 2177 1488; x_wconf 90' lang='lat' dir='ltr'><strong>qui</strong></span> <span class='ocrx_word' id='word_1_300' title='bbox 2206 1430 2263 1471; x_wconf 87' lang='lat' dir='ltr'><strong>et</strong></span> <span class='ocrx_word' id='word_1_301' title='bbox 2288 1427 2451 1473; x_wconf 91' lang='lat' dir='ltr'><strong>notus</strong></span> <span class='ocrx_word' id='word_1_302' title='bbox 2484 1428 2602 1472; x_wconf 89' lang='lat' dir='ltr'><strong>erat</strong></span> <span class='ocrx_word' id='word_1_303' title='bbox 2637 1419 2851 1478; x_wconf 87' lang='lat' dir='ltr'><strong>Publio.</strong></span> <span class='ocrx_word' id='word_1_304' title='bbox 2902 1429 2957 1472; x_wconf 90' lang='lat' dir='ltr'><strong>et</strong></span> <span class='ocrx_word' id='word_1_305' title='bbox 3015 1420 3101 1473; x_wconf 93' lang='lat' dir='ltr'><strong>cui</strong></span> <span class='ocrx_word' id='word_1_306' title='bbox 3152 1418 3505 1488; x_wconf 78' lang='lat' dir='ltr'><strong>proficiscens</strong></span> 
     </span>
    </p>
   </div>
   <div class='ocr_carea' id='block_1_43' title="bbox 1918 1510 3503 1572">
    <p class='ocr_par' dir='ltr' id='par_1_43' title="bbox 1918 1510 3503 1572">
     <span class='ocr_line' id='line_1_43' title="bbox 1918 1510 3503 1572; baseline 0 -8"><span class='ocrx_word' id='word_1_307' title='bbox 1918 1510 2022 1564; x_wconf 91' lang='lat' dir='ltr'><strong>hoc</strong></span> <span class='ocrx_word' id='word_1_308' title='bbox 2067 1510 2302 1564; x_wconf 79' lang='lat' dir='ltr'><strong>maxime</strong></span> <span class='ocrx_word' id='word_1_309' title='bbox 2345 1510 2720 1572; x_wconf 84' lang='lat' dir='ltr'><strong>mandaverat,</strong></span> <span class='ocrx_word' id='word_1_310' title='bbox 2770 1520 2959 1563; x_wconf 89' lang='lat' dir='ltr'><strong>utnec</strong></span> <span class='ocrx_word' id='word_1_311' title='bbox 3004 1521 3159 1563; x_wconf 76' lang='lat' dir='ltr'><strong>extra</strong></span> <span class='ocrx_word' id='word_1_312' title='bbox 3204 1511 3503 1564; x_wconf 84' lang='lat' dir='ltr'><strong>thalamum</strong></span> 
     </span>
    </p>
   </div>
   <div class='ocr_carea' id='block_1_44' title="bbox 1916 1600 3503 1671">
    <p class='ocr_par' dir='ltr' id='par_1_44' title="bbox 1916 1600 3503 1671">
     <span class='ocr_line' id='line_1_44' title="bbox 1916 1600 3503 1671; baseline -0.001 -14"><span class='ocrx_word' id='word_1_313' title='bbox 1916 1603 2104 1657; x_wconf 84' lang='lat' dir='ltr'><strong>videre</strong></span> <span class='ocrx_word' id='word_1_314' title='bbox 2138 1616 2342 1663; x_wconf 90' lang='lat' dir='ltr'><strong>acrem,</strong></span> <span class='ocrx_word' id='word_1_315' title='bbox 2368 1616 2472 1655; x_wconf 91' lang='lat' dir='ltr'><strong>nec</strong></span> <span class='ocrx_word' id='word_1_316' title='bbox 2502 1601 2697 1663; x_wconf 80' lang='lat' dir='ltr'><strong>libere;</strong></span> <span class='ocrx_word' id='word_1_317' title='bbox 2733 1601 2778 1655; x_wconf 89' lang='lat' dir='ltr'><strong>si</strong></span> <span class='ocrx_word' id='word_1_318' title='bbox 2823 1600 2941 1655; x_wconf 86' lang='lat' dir='ltr'><strong>fieri</strong></span> <span class='ocrx_word' id='word_1_319' title='bbox 2988 1611 3195 1670; x_wconf 85' lang='lat' dir='ltr'><strong>posset,</strong></span> <span class='ocrx_word' id='word_1_320' title='bbox 3230 1604 3503 1671; x_wconf 87' lang='lat' dir='ltr'><strong>respirare</strong></span> 
     </span>
    </p>
   </div>
   <div class='ocr_carea' id='block_1_45' title="bbox 1918 1693 3502 1758">
    <p class='ocr_par' dir='ltr' id='par_1_45' title="bbox 1918 1693 3502 1758">
     <span class='ocr_line' id='line_1_45' title="bbox 1918 1693 3502 1758; baseline 0.001 -9"><span class='ocrx_word' id='word_1_321' title='bbox 1918 1695 2127 1749; x_wconf 87' lang='lat' dir='ltr'><strong>sineret</strong></span> <span class='ocrx_word' id='word_1_322' title='bbox 2161 1694 2527 1747; x_wconf 78' lang='lat' dir='ltr'><strong>Anastasism.</strong></span> <span class='ocrx_word' id='word_1_323' title='bbox 2557 1693 2733 1747; x_wconf 84' lang='lat' dir='ltr'><strong>Grave</strong></span> <span class='ocrx_word' id='word_1_324' title='bbox 2765 1695 2910 1746; x_wconf 87' lang='lat' dir='ltr'><strong>enim</strong></span> <span class='ocrx_word' id='word_1_325' title='bbox 2942 1694 3199 1758; x_wconf 81' lang='lat' dir='ltr'><strong>ducebat,</strong></span> <span class='ocrx_word' id='word_1_326' title='bbox 3232 1696 3277 1749; x_wconf 90' lang='lat' dir='ltr'><strong>si</strong></span> <span class='ocrx_word' id='word_1_327' title='bbox 3313 1710 3502 1751; x_wconf 83' lang='lat' dir='ltr'><strong>rever-</strong></span> 
     </span>
    </p>
   </div>
   <div class='ocr_carea' id='block_1_46' title="bbox 1919 1786 3507 1857">
    <p class='ocr_par' dir='ltr' id='par_1_46' title="bbox 1919 1786 3507 1857">
     <span class='ocr_line' id='line_1_46' title="bbox 1919 1786 3507 1857; baseline 0.003 -18"><span class='ocrx_word' id='word_1_328' title='bbox 1919 1796 2042 1841; x_wconf 91' lang='lat' dir='ltr'><strong>tcns</strong></span> <span class='ocrx_word' id='word_1_329' title='bbox 2092 1802 2121 1840; x_wconf 92' lang='lat' dir='ltr'><strong>a</strong></span> <span class='ocrx_word' id='word_1_330' title='bbox 2172 1787 2465 1856; x_wconf 73' lang='lat' dir='ltr'><strong>legatione,</strong></span> <span class='ocrx_word' id='word_1_331' title='bbox 2533 1787 2708 1839; x_wconf 87' lang='lat' dir='ltr'><strong>vivam</strong></span> <span class='ocrx_word' id='word_1_332' title='bbox 2763 1786 2977 1840; x_wconf 85' lang='lat' dir='ltr'><strong>videret</strong></span> <span class='ocrx_word' id='word_1_333' title='bbox 3024 1787 3333 1849; x_wconf 87' lang='lat' dir='ltr'><strong>mulierem,</strong></span> <span class='ocrx_word' id='word_1_334' title='bbox 3382 1802 3507 1857; x_wconf 70' lang='lat' dir='ltr'><strong>que</strong></span> 
     </span>
    </p>
   </div>
   <div class='ocr_carea' id='block_1_47' title="bbox 1916 1874 3500 1951">
    <p class='ocr_par' dir='ltr' id='par_1_47' title="bbox 1916 1874 3500 1951">
     <span class='ocr_line' id='line_1_47' title="bbox 1916 1874 3500 1951; baseline 0.001 -22"><span class='ocrx_word' id='word_1_335' title='bbox 1916 1874 2098 1929; x_wconf 79' lang='lat' dir='ltr'><strong>fmdus</strong></span> <span class='ocrx_word' id='word_1_336' title='bbox 2142 1892 2265 1929; x_wconf 81' lang='lat' dir='ltr'><strong>cum</strong></span> <span class='ocrx_word' id='word_1_337' title='bbox 2313 1892 2378 1930; x_wconf 91' lang='lat' dir='ltr'><strong>eo</strong></span> <span class='ocrx_word' id='word_1_338' title='bbox 2431 1877 2628 1951; x_wconf 76' lang='lat' dir='ltr'><strong>initum</strong></span> <span class='ocrx_word' id='word_1_339' title='bbox 2676 1878 2786 1945; x_wconf 87' lang='lat' dir='ltr'><strong>jam</strong></span> <span class='ocrx_word' id='word_1_340' title='bbox 2824 1877 3149 1930; x_wconf 74' lang='lat' dir='ltr'><strong>violaverat.</strong></span> <span class='ocrx_word' id='word_1_341' title='bbox 3230 1876 3500 1932; x_wconf 68' lang='lat' dir='ltr'><strong>Pmterea</strong></span> 
     </span>
    </p>
   </div>
   <div class='ocr_carea' id='block_1_48' title="bbox 1918 1968 3495 2038">
    <p class='ocr_par' dir='ltr' id='par_1_48' title="bbox 1918 1968 3495 2038">
     <span class='ocr_line' id='line_1_48' title="bbox 1918 1968 3495 2038; baseline 0.002 -18"><span class='ocrx_word' id='word_1_342' title='bbox 1918 1983 2049 2021; x_wconf 88' lang='lat' dir='ltr'><strong>vero</strong></span> <span class='ocrx_word' id='word_1_343' title='bbox 2086 1969 2343 2038; x_wconf 87' lang='lat' dir='ltr'><strong>sperabat</strong></span> <span class='ocrx_word' id='word_1_344' title='bbox 2378 1970 2456 2022; x_wconf 78' lang='lat' dir='ltr'><strong>sic</strong></span> <span class='ocrx_word' id='word_1_345' title='bbox 2488 1984 2707 2035; x_wconf 90' lang='lat' dir='ltr'><strong>quoque</strong></span> <span class='ocrx_word' id='word_1_346' title='bbox 2741 1968 2874 2030; x_wconf 83' lang='lat' dir='ltr'><strong>fore,</strong></span> <span class='ocrx_word' id='word_1_347' title='bbox 2910 1978 2971 2021; x_wconf 91' lang='lat' dir='ltr'><strong>ut</strong></span> <span class='ocrx_word' id='word_1_348' title='bbox 3000 1969 3294 2021; x_wconf 91' lang='lat' dir='ltr'><strong>multarum</strong></span> <span class='ocrx_word' id='word_1_349' title='bbox 3322 1985 3495 2037; x_wconf 88' lang='lat' dir='ltr'><strong>pecu-</strong></span> 
     </span>
    </p>
   </div>
   <div class='ocr_carea' id='block_1_49' title="bbox 1916 2046 3491 2128">
    <p class='ocr_par' dir='ltr' id='par_1_49' title="bbox 1916 2046 3491 2128">
     <span class='ocr_line' id='line_1_49' title="bbox 1916 2046 3491 2128; baseline 0.001 -15"><span class='ocrx_word' id='word_1_350' title='bbox 1916 2063 2134 2114; x_wconf 83' lang='lat' dir='ltr'><strong>niarum</strong></span> <span class='ocrx_word' id='word_1_351' title='bbox 2170 2073 2221 2113; x_wconf 90' lang='lat' dir='ltr'><strong>et</strong></span> <span class='ocrx_word' id='word_1_352' title='bbox 2250 2060 2659 2128; x_wconf 86' lang='lat' dir='ltr'><strong>possessionum</strong></span> <span class='ocrx_word' id='word_1_353' title='bbox 2694 2058 3004 2113; x_wconf 87' lang='lat' dir='ltr'><strong>efliceretur</strong></span> <span class='ocrx_word' id='word_1_354' title='bbox 3042 2046 3325 2112; x_wconf 81' lang='lat' dir='ltr'><strong>dominus.</strong></span> <span class='ocrx_word' id='word_1_355' title='bbox 3392 2058 3491 2114; x_wconf 82' lang='lat' dir='ltr'><strong>At-</strong></span> 
     </span>
    </p>
   </div>
   <div class='ocr_carea' id='block_1_50' title="bbox 1915 2150 3500 2222">
    <p class='ocr_par' dir='ltr' id='par_1_50' title="bbox 1915 2150 3500 2222">
     <span class='ocr_line' id='line_1_50' title="bbox 1915 2150 3500 2222; baseline -0.001 -17"><span class='ocrx_word' id='word_1_356' title='bbox 1915 2169 2021 2222; x_wconf 87' lang='lat' dir='ltr'><strong>que</strong></span> <span class='ocrx_word' id='word_1_357' title='bbox 2054 2154 2141 2207; x_wconf 82' lang='lat' dir='ltr'><strong>ille</strong></span> <span class='ocrx_word' id='word_1_358' title='bbox 2168 2152 2389 2221; x_wconf 89' lang='lat' dir='ltr'><strong>quidem</strong></span> <span class='ocrx_word' id='word_1_359' title='bbox 2420 2152 2629 2205; x_wconf 85' lang='lat' dir='ltr'><strong>invenit</strong></span> <span class='ocrx_word' id='word_1_360' title='bbox 2662 2153 2714 2205; x_wconf 91' lang='lat' dir='ltr'><strong>in</strong></span> <span class='ocrx_word' id='word_1_361' title='bbox 2754 2152 2862 2214; x_wconf 85' lang='lat' dir='ltr'><strong>via,</strong></span> <span class='ocrx_word' id='word_1_362' title='bbox 2895 2165 3056 2219; x_wconf 87' lang='lat' dir='ltr'><strong>quem</strong></span> <span class='ocrx_word' id='word_1_363' title='bbox 3089 2167 3187 2220; x_wconf 86' lang='lat' dir='ltr'><strong>par</strong></span> <span class='ocrx_word' id='word_1_364' title='bbox 3209 2160 3351 2215; x_wconf 88' lang='lat' dir='ltr'><strong>erat,</strong></span> <span class='ocrx_word' id='word_1_365' title='bbox 3380 2150 3500 2204; x_wconf 82' lang='lat' dir='ltr'><strong>exi-</strong></span> 
     </span>
    </p>
   </div>
   <div class='ocr_carea' id='block_1_51' title="bbox 1917 2244 3499 2314">
    <p class='ocr_par' dir='ltr' id='par_1_51' title="bbox 1917 2244 3499 2314">
     <span class='ocr_line' id='line_1_51' title="bbox 1917 2244 3499 2314; baseline -0.001 -14"><span class='ocrx_word' id='word_1_366' title='bbox 1917 2255 2053 2300; x_wconf 87' lang='lat' dir='ltr'><strong>tum.</strong></span> <span class='ocrx_word' id='word_1_367' title='bbox 2089 2247 2316 2300; x_wconf 81' lang='lat' dir='ltr'><strong>Moritur</strong></span> <span class='ocrx_word' id='word_1_368' title='bbox 2345 2246 2491 2299; x_wconf 90' lang='lat' dir='ltr'><strong>enim</strong></span> <span class='ocrx_word' id='word_1_369' title='bbox 2529 2244 2775 2313; x_wconf 89' lang='lat' dir='ltr'><strong>periculo</strong></span> <span class='ocrx_word' id='word_1_370' title='bbox 2809 2244 3078 2313; x_wconf 88' lang='lat' dir='ltr'><strong>perditus,</strong></span> <span class='ocrx_word' id='word_1_371' title='bbox 3130 2259 3252 2313; x_wconf 80' lang='lat' dir='ltr'><strong>qua:</strong></span> <span class='ocrx_word' id='word_1_372' title='bbox 3282 2259 3339 2298; x_wconf 89' lang='lat' dir='ltr'><strong>se</strong></span> <span class='ocrx_word' id='word_1_373' title='bbox 3373 2258 3499 2314; x_wconf 89' lang='lat' dir='ltr'><strong>spe-</strong></span> 
     </span>
    </p>
   </div>
   <div class='ocr_carea' id='block_1_52' title="bbox 1914 2335 3501 2407">
    <p class='ocr_par' dir='ltr' id='par_1_52' title="bbox 1914 2335 3501 2407">
     <span class='ocr_line' id='line_1_52' title="bbox 1914 2335 3501 2407; baseline -0.003 -12"><span class='ocrx_word' id='word_1_374' title='bbox 1914 2342 2068 2395; x_wconf 87' lang='lat' dir='ltr'><strong>rabat</strong></span> <span class='ocrx_word' id='word_1_375' title='bbox 2095 2340 2393 2400; x_wconf 83' lang='lat' dir='ltr'><strong>facturum,</strong></span> <span class='ocrx_word' id='word_1_376' title='bbox 2427 2339 2541 2407; x_wconf 69' lang='lat' dir='ltr'><strong>ipse</strong></span> <span class='ocrx_word' id='word_1_377' title='bbox 2575 2336 2727 2407; x_wconf 86' lang='lat' dir='ltr'><strong>prius</strong></span> <span class='ocrx_word' id='word_1_378' title='bbox 2756 2337 2897 2395; x_wconf 87' lang='lat' dir='ltr'><strong>iuste</strong></span> <span class='ocrx_word' id='word_1_379' title='bbox 2936 2351 3161 2405; x_wconf 85' lang='lat' dir='ltr'><strong>passus:</strong></span> <span class='ocrx_word' id='word_1_380' title='bbox 3185 2346 3235 2389; x_wconf 91' lang='lat' dir='ltr'><strong>et</strong></span> <span class='ocrx_word' id='word_1_381' title='bbox 3272 2335 3501 2392; x_wconf 77' lang='lat' dir='ltr'><strong>effectus</strong></span> 
     </span>
    </p>
   </div>
   <div class='ocr_carea' id='block_1_53' title="bbox 1918 2428 3498 2499">
    <p class='ocr_par' dir='ltr' id='par_1_53' title="bbox 1918 2428 3498 2499">
     <span class='ocr_line' id='line_1_53' title="bbox 1918 2428 3498 2499; baseline -0.003 -11"><span class='ocrx_word' id='word_1_382' title='bbox 1918 2433 2221 2489; x_wconf 69' lang='lat' dir='ltr'><strong>Anastasia:</strong></span> <span class='ocrx_word' id='word_1_383' title='bbox 2261 2432 2586 2487; x_wconf 91' lang='lat' dir='ltr'><strong>conciliator</strong></span> <span class='ocrx_word' id='word_1_384' title='bbox 2618 2428 2928 2494; x_wconf 79' lang='lat' dir='ltr'><strong>viduitatis,</strong></span> <span class='ocrx_word' id='word_1_385' title='bbox 2979 2444 3101 2499; x_wconf 75' lang='lat' dir='ltr'><strong>qua:</strong></span> <span class='ocrx_word' id='word_1_386' title='bbox 3132 2445 3240 2483; x_wconf 89' lang='lat' dir='ltr'><strong>non</strong></span> <span class='ocrx_word' id='word_1_387' title='bbox 3290 2429 3498 2483; x_wconf 78' lang='lat' dir='ltr'><strong>luctum</strong></span> 
     </span>
    </p>
   </div>
   <div class='ocr_carea' id='block_1_54' title="bbox 1920 2520 3500 2587">
    <p class='ocr_par' dir='ltr' id='par_1_54' title="bbox 1920 2520 3500 2587">
     <span class='ocr_line' id='line_1_54' title="bbox 1920 2520 3500 2587; baseline -0.003 -8"><span class='ocrx_word' id='word_1_388' title='bbox 1920 2525 2207 2587; x_wconf 73' lang='lat' dir='ltr'><strong>afferebat,</strong></span> <span class='ocrx_word' id='word_1_389' title='bbox 2240 2524 2334 2577; x_wconf 83' lang='lat' dir='ltr'><strong>Sed</strong></span> <span class='ocrx_word' id='word_1_390' title='bbox 2366 2522 2810 2577; x_wconf 78' lang='lat' dir='ltr'><strong>exsultationem.</strong></span> <span class='ocrx_word' id='word_1_391' title='bbox 2841 2521 3127 2575; x_wconf 77' lang='lat' dir='ltr'><strong>Anastasia</strong></span> <span class='ocrx_word' id='word_1_392' title='bbox 3154 2529 3337 2574; x_wconf 88' lang='lat' dir='ltr'><strong>autem</strong></span> <span class='ocrx_word' id='word_1_393' title='bbox 3366 2520 3500 2575; x_wconf 89' lang='lat' dir='ltr'><strong>lihe-</strong></span> 
     </span>
    </p>
   </div>
   <div class='ocr_carea' id='block_1_55' title="bbox 1920 2612 3501 2682">
    <p class='ocr_par' dir='ltr' id='par_1_55' title="bbox 1920 2612 3501 2682">
     <span class='ocr_line' id='line_1_55' title="bbox 1920 2612 3501 2682; baseline -0.003 -12"><span class='ocrx_word' id='word_1_394' title='bbox 1920 2628 2033 2671; x_wconf 89' lang='lat' dir='ltr'><strong>rata</strong></span> <span class='ocrx_word' id='word_1_395' title='bbox 2064 2632 2094 2670; x_wconf 91' lang='lat' dir='ltr'><strong>a</strong></span> <span class='ocrx_word' id='word_1_396' title='bbox 2132 2618 2352 2669; x_wconf 88' lang='lat' dir='ltr'><strong>vinculo</strong></span> <span class='ocrx_word' id='word_1_397' title='bbox 2400 2625 2455 2669; x_wconf 91' lang='lat' dir='ltr'><strong>et</strong></span> <span class='ocrx_word' id='word_1_398' title='bbox 2483 2630 2511 2668; x_wconf 91' lang='lat' dir='ltr'><strong>a</strong></span> <span class='ocrx_word' id='word_1_399' title='bbox 2542 2614 2772 2669; x_wconf 50' lang='lat' dir='ltr'><strong>canibus</strong></span> <span class='ocrx_word' id='word_1_400' title='bbox 2813 2613 2905 2682; x_wconf 90' lang='lat' dir='ltr'><strong>qui</strong></span> <span class='ocrx_word' id='word_1_401' title='bbox 2940 2629 3061 2667; x_wconf 88' lang='lat' dir='ltr'><strong>eam</strong></span> <span class='ocrx_word' id='word_1_402' title='bbox 3109 2612 3501 2667; x_wconf 78' lang='lat' dir='ltr'><strong>custodiebant</strong></span> 
     </span>
    </p>
   </div>
   <div class='ocr_carea' id='block_1_56' title="bbox 1912 2704 3501 2778">
    <p class='ocr_par' dir='ltr' id='par_1_56' title="bbox 1912 2704 3501 2778">
     <span class='ocr_line' id='line_1_56' title="bbox 1912 2704 3501 2778; baseline -0.005 -14"><span class='ocrx_word' id='word_1_403' title='bbox 1912 2710 2015 2778; x_wconf 88' lang='lat' dir='ltr'><strong>(sic</strong></span> <span class='ocrx_word' id='word_1_404' title='bbox 2045 2711 2193 2762; x_wconf 89' lang='lat' dir='ltr'><strong>enim</strong></span> <span class='ocrx_word' id='word_1_405' title='bbox 2224 2724 2321 2762; x_wconf 90' lang='lat' dir='ltr'><strong>eos</strong></span> <span class='ocrx_word' id='word_1_406' title='bbox 2349 2708 2607 2762; x_wconf 88' lang='lat' dir='ltr'><strong>convenit</strong></span> <span class='ocrx_word' id='word_1_407' title='bbox 2636 2706 2960 2776; x_wconf 84' lang='lat' dir='ltr'><strong>appellare),</strong></span> <span class='ocrx_word' id='word_1_408' title='bbox 2988 2704 3056 2759; x_wconf 90' lang='lat' dir='ltr'><strong>ad</strong></span> <span class='ocrx_word' id='word_1_409' title='bbox 3111 2705 3331 2759; x_wconf 90' lang='lat' dir='ltr'><strong>solitum</strong></span> <span class='ocrx_word' id='word_1_410' title='bbox 3379 2720 3501 2775; x_wconf 85' lang='lat' dir='ltr'><strong>gre-</strong></span> 
     </span>
    </p>
   </div>
   <div class='ocr_carea' id='block_1_57' title="bbox 1911 2798 3498 2873">
    <p class='ocr_par' dir='ltr' id='par_1_57' title="bbox 1911 2798 3498 2873">
     <span class='ocr_line' id='line_1_57' title="bbox 1911 2798 3498 2873; baseline -0.004 -16"><span class='ocrx_word' id='word_1_411' title='bbox 1911 2818 2032 2873; x_wconf 83' lang='lat' dir='ltr'><strong>gem</strong></span> <span class='ocrx_word' id='word_1_412' title='bbox 2080 2802 2381 2865; x_wconf 83' lang='lat' dir='ltr'><strong>ferebatur,</strong></span> <span class='ocrx_word' id='word_1_413' title='bbox 2416 2811 2471 2855; x_wconf 93' lang='lat' dir='ltr'><strong>et</strong></span> <span class='ocrx_word' id='word_1_414' title='bbox 2522 2799 2588 2853; x_wconf 88' lang='lat' dir='ltr'><strong>ad</strong></span> <span class='ocrx_word' id='word_1_415' title='bbox 2618 2809 2879 2852; x_wconf 83' lang='lat' dir='ltr'><strong>consueta</strong></span> <span class='ocrx_word' id='word_1_416' title='bbox 2912 2798 3131 2867; x_wconf 84' lang='lat' dir='ltr'><strong>pictatis</strong></span> <span class='ocrx_word' id='word_1_417' title='bbox 3160 2813 3361 2866; x_wconf 85' lang='lat' dir='ltr'><strong>pascua</strong></span> <span class='ocrx_word' id='word_1_418' title='bbox 3390 2813 3407 2851; x_wconf 89' lang='lat'><strong>:</strong></span> <span class='ocrx_word' id='word_1_419' title='bbox 3442 2806 3498 2850; x_wconf 91' lang='lat' dir='ltr'><strong>et</strong></span> 
     </span>
    </p>
   </div>
   <div class='ocr_carea' id='block_1_58' title="bbox 1914 2889 3495 2955">
    <p class='ocr_par' dir='ltr' id='par_1_58' title="bbox 1914 2889 3495 2955">
     <span class='ocr_line' id='line_1_58' title="bbox 1914 2889 3495 2955; baseline -0.006 -3"><span class='ocrx_word' id='word_1_420' title='bbox 1914 2897 2221 2951; x_wconf 87' lang='lat' dir='ltr'><strong>modestum</strong></span> <span class='ocrx_word' id='word_1_421' title='bbox 2274 2908 2467 2946; x_wconf 90' lang='lat' dir='ltr'><strong>rursus</strong></span> <span class='ocrx_word' id='word_1_422' title='bbox 2509 2892 2745 2945; x_wconf 89' lang='lat' dir='ltr'><strong>inducns</strong></span> <span class='ocrx_word' id='word_1_423' title='bbox 2780 2890 3052 2955; x_wconf 86' lang='lat' dir='ltr'><strong>habitum,</strong></span> <span class='ocrx_word' id='word_1_424' title='bbox 3097 2889 3282 2944; x_wconf 87' lang='lat' dir='ltr'><strong>obibat</strong></span> <span class='ocrx_word' id='word_1_425' title='bbox 3311 2904 3495 2943; x_wconf 89' lang='lat' dir='ltr'><strong>carce-</strong></span> 
     </span>
    </p>
   </div>
   <div class='ocr_carea' id='block_1_59' title="bbox 1911 2982 3499 3053">
    <p class='ocr_par' dir='ltr' id='par_1_59' title="bbox 1911 2982 3499 3053">
     <span class='ocr_line' id='line_1_59' title="bbox 1911 2982 3499 3053; baseline -0.004 -12"><span class='ocrx_word' id='word_1_426' title='bbox 1911 3004 2022 3050; x_wconf 87' lang='lat' dir='ltr'><strong>res,</strong></span> <span class='ocrx_word' id='word_1_427' title='bbox 2053 2996 2108 3040; x_wconf 93' lang='lat' dir='ltr'><strong>et</strong></span> <span class='ocrx_word' id='word_1_428' title='bbox 2148 3000 2340 3053; x_wconf 88' lang='lat' dir='ltr'><strong>magna</strong></span> <span class='ocrx_word' id='word_1_429' title='bbox 2368 2999 2499 3037; x_wconf 90' lang='lat' dir='ltr'><strong>cura</strong></span> <span class='ocrx_word' id='word_1_430' title='bbox 2528 2999 2592 3036; x_wconf 92' lang='lat' dir='ltr'><strong>ac</strong></span> <span class='ocrx_word' id='word_1_431' title='bbox 2623 2982 2906 3050; x_wconf 77' lang='lat' dir='ltr'><strong>diligentia</strong></span> <span class='ocrx_word' id='word_1_432' title='bbox 2938 2997 3043 3034; x_wconf 91' lang='lat' dir='ltr'><strong>non</strong></span> <span class='ocrx_word' id='word_1_433' title='bbox 3071 2982 3246 3034; x_wconf 88' lang='lat' dir='ltr'><strong>solum</strong></span> <span class='ocrx_word' id='word_1_434' title='bbox 3271 2982 3499 3035; x_wconf 86' lang='lat' dir='ltr'><strong>vulnera</strong></span> 
     </span>
    </p>
   </div>
   <div class='ocr_carea' id='block_1_60' title="bbox 1913 3072 3497 3142">
    <p class='ocr_par' dir='ltr' id='par_1_60' title="bbox 1913 3072 3497 3142">
     <span class='ocr_line' id='line_1_60' title="bbox 1913 3072 3497 3142; baseline -0.007 -6"><span class='ocrx_word' id='word_1_435' title='bbox 1913 3097 1978 3136; x_wconf 92' lang='lat' dir='ltr'><strong>ac</strong></span> <span class='ocrx_word' id='word_1_436' title='bbox 2030 3080 2239 3134; x_wconf 88' lang='lat' dir='ltr'><strong>saniem</strong></span> <span class='ocrx_word' id='word_1_437' title='bbox 2298 3076 2503 3132; x_wconf 80' lang='lat' dir='ltr'><strong>sanctis</strong></span> <span class='ocrx_word' id='word_1_438' title='bbox 2556 3074 2827 3139; x_wconf 83' lang='lat' dir='ltr'><strong>curabat,</strong></span> <span class='ocrx_word' id='word_1_439' title='bbox 2876 3073 2969 3127; x_wconf 82' lang='lat' dir='ltr'><strong>sed</strong></span> <span class='ocrx_word' id='word_1_440' title='bbox 3023 3072 3091 3126; x_wconf 89' lang='lat' dir='ltr'><strong>ad</strong></span> <span class='ocrx_word' id='word_1_441' title='bbox 3152 3073 3497 3142; x_wconf 80' lang='lat' dir='ltr'><strong>prepositum</strong></span> 
     </span>
    </p>
   </div>
   <div class='ocr_carea' id='block_1_61' title="bbox 230 3163 1909 3259">
    <p class='ocr_par' dir='ltr' id='par_1_61' title="bbox 230 3163 1884 3259">
     <span class='ocr_line' id='line_1_61' title="bbox 230 3163 1884 3259; baseline 0.012 -50"><span class='ocrx_word' id='word_1_442' title='bbox 230 3163 599 3230; x_wconf 80' lang='grc' dir='ltr'>προκείμενον</span> <span class='ocrx_word' id='word_1_443' title='bbox 628 3164 865 3230; x_wconf 77' lang='grc' dir='ltr'>εὐγενῶς</span> <span class='ocrx_word' id='word_1_444' title='bbox 906 3166 1149 3237; x_wconf 74' lang='grc' dir='ltr'>ἠλειφεν.</span> <span class='ocrx_word' id='word_1_445' title='bbox 1204 3165 1331 3222; x_wconf 78' lang='grc' dir='ltr'>Οῐον</span> <span class='ocrx_word' id='word_1_446' title='bbox 1382 3172 1441 3223; x_wconf 75' lang='grc' dir='ltr'>δὲ</span> <span class='ocrx_word' id='word_1_447' title='bbox 1470 3171 1561 3227; x_wconf 72' lang='grc' dir='ltr'><strong>τὸν</strong></span> <span class='ocrx_word' id='word_1_448' title='bbox 1600 3177 1808 3246; x_wconf 67' lang='grc' dir='ltr'>καρπὸν</span> <span class='ocrx_word' id='word_1_449' title='bbox 1840 3202 1884 3259; x_wconf 76' lang='lat' dir='ltr'>c</span> 
     </span>
    </p>
   </div>
   <div class='ocr_carea' id='block_1_62' title="bbox 1817 3163 3496 3259">
    <p class='ocr_par' dir='ltr' id='par_1_62' title="bbox 1840 3164 3496 3259">
     <span class='ocr_line' id='line_1_62' title="bbox 1840 3164 3496 3259; baseline -0.007 -30"><span class='ocrx_word' id='word_1_450' title='bbox 1840 3202 1884 3259; x_wconf 67' lang='grc' dir='ltr'>ο</span> <span class='ocrx_word' id='word_1_451' title='bbox 1917 3188 2137 3244; x_wconf 88' lang='lat' dir='ltr'><strong>quoque</strong></span> <span class='ocrx_word' id='word_1_452' title='bbox 2169 3182 2448 3227; x_wconf 88' lang='lat' dir='ltr'><strong>certamen</strong></span> <span class='ocrx_word' id='word_1_453' title='bbox 2479 3184 2573 3223; x_wconf 85' lang='lat' dir='ltr'><strong>eos</strong></span> <span class='ocrx_word' id='word_1_454' title='bbox 2607 3167 2868 3238; x_wconf 70' lang='lat' dir='ltr'><strong>pra-clare</strong></span> <span class='ocrx_word' id='word_1_455' title='bbox 2915 3164 3178 3220; x_wconf 89' lang='lat' dir='ltr'><strong>incitabat</strong></span> <span class='ocrx_word' id='word_1_456' title='bbox 3206 3176 3260 3219; x_wconf 88' lang='lat' dir='ltr'><strong>et</strong></span> <span class='ocrx_word' id='word_1_457' title='bbox 3286 3180 3496 3234; x_wconf 69' lang='lat' dir='ltr'><strong>praepa-</strong></span> 
     </span>
    </p>
   </div>
   <div class='ocr_carea' id='block_1_63' title="bbox 230 3254 1909 3331">
    <p class='ocr_par' dir='ltr' id='par_1_63' title="bbox 230 3254 1881 3331">
     <span class='ocr_line' id='line_1_63' title="bbox 230 3254 1881 3331; baseline 0.01 -26"><span class='ocrx_word' id='word_1_458' title='bbox 230 3254 486 3306; x_wconf 74' lang='grc' dir='ltr'>εντεῦοεν</span> <span class='ocrx_word' id='word_1_459' title='bbox 507 3258 685 3325; x_wconf 82' lang='grc' dir='ltr'>τρυγᾷ</span> <span class='ocrx_word' id='word_1_460' title='bbox 713 3259 773 3308; x_wconf 72' lang='grc' dir='ltr'>τὸ</span> <span class='ocrx_word' id='word_1_461' title='bbox 799 3258 1007 3329; x_wconf 82' lang='grc' dir='ltr'>ταύτης</span> <span class='ocrx_word' id='word_1_462' title='bbox 1028 3262 1259 3330; x_wconf 78' lang='grc' dir='ltr'>δηλώσει</span> <span class='ocrx_word' id='word_1_463' title='bbox 1288 3263 1460 3327; x_wconf 85' lang='grc' dir='ltr'>τέλος,</span> <span class='ocrx_word' id='word_1_464' title='bbox 1497 3264 1555 3316; x_wconf 78' lang='grc' dir='ltr'>τὸ</span> <span class='ocrx_word' id='word_1_465' title='bbox 1574 3265 1629 3318; x_wconf 70' lang='grc' dir='ltr'>δὲ</span> <span class='ocrx_word' id='word_1_466' title='bbox 1659 3268 1810 3331; x_wconf 84' lang='grc' dir='ltr'>τέλος</span> <span class='ocrx_word' id='word_1_467' title='bbox 1851 3254 1881 3259; x_wconf 44' lang='grc'><strong>⁷</strong></span> 
     </span>
    </p>
   </div>
   <div class='ocr_carea' id='block_1_64' title="bbox 1817 3254 3496 3331">
    <p class='ocr_par' dir='ltr' id='par_1_64' title="bbox 1851 3254 3496 3329">
     <span class='ocr_line' id='line_1_64' title="bbox 1851 3254 3496 3329; baseline -0.005 -11"><span class='ocrx_word' id='word_1_468' title='bbox 1851 3254 1881 3259; x_wconf 52' lang='grc'><strong>⁷</strong></span> <span class='ocrx_word' id='word_1_469' title='bbox 1916 3267 2089 3318; x_wconf 90' lang='lat' dir='ltr'><strong>rabat.</strong></span> <span class='ocrx_word' id='word_1_470' title='bbox 2123 3264 2350 3329; x_wconf 82' lang='lat' dir='ltr'><strong>Qualem</strong></span> <span class='ocrx_word' id='word_1_471' title='bbox 2383 3278 2513 3316; x_wconf 91' lang='lat' dir='ltr'><strong>vero</strong></span> <span class='ocrx_word' id='word_1_472' title='bbox 2544 3262 2783 3314; x_wconf 84' lang='lat' dir='ltr'><strong>fructum</strong></span> <span class='ocrx_word' id='word_1_473' title='bbox 2813 3260 2941 3313; x_wconf 89' lang='lat' dir='ltr'><strong>hinc</strong></span> <span class='ocrx_word' id='word_1_474' title='bbox 2974 3258 3261 3328; x_wconf 86' lang='lat' dir='ltr'><strong>percipiat,</strong></span> <span class='ocrx_word' id='word_1_475' title='bbox 3313 3258 3496 3311; x_wconf 63' lang='lat' dir='ltr'><strong>declao</strong></span> 
     </span>
    </p>
   </div>
   <div class='ocr_carea' id='block_1_65' title="bbox 229 3349 1186 3422">
    <p class='ocr_par' dir='ltr' id='par_1_65' title="bbox 229 3349 1186 3422">
     <span class='ocr_line' id='line_1_65' title="bbox 229 3349 1186 3422; baseline 0.01 -26"><span class='ocrx_word' id='word_1_476' title='bbox 229 3349 451 3409; x_wconf 77' lang='grc' dir='ltr'>παντως</span> <span class='ocrx_word' id='word_1_477' title='bbox 482 3352 509 3399; x_wconf 89' lang='grc' dir='ltr'><strong>ό</strong></span> <span class='ocrx_word' id='word_1_478' title='bbox 535 3349 690 3411; x_wconf 87' lang='grc' dir='ltr'>λόγος</span> <span class='ocrx_word' id='word_1_479' title='bbox 717 3350 778 3401; x_wconf 75' lang='grc' dir='ltr'>τὸ</span> <span class='ocrx_word' id='word_1_480' title='bbox 806 3349 870 3416; x_wconf 83' lang='grc' dir='ltr'>δὴ</span> <span class='ocrx_word' id='word_1_481' title='bbox 912 3351 1005 3403; x_wconf 77' lang='grc' dir='ltr'><strong>νῦν</strong></span> <span class='ocrx_word' id='word_1_482' title='bbox 1041 3355 1186 3422; x_wconf 73' lang='grc' dir='ltr'>ἔχον.</span> 
     </span>
    </p>
   </div>
   <div class='ocr_carea' id='block_1_66' title="bbox 306 3438 1810 3521">
    <p class='ocr_par' dir='ltr' id='par_1_66' title="bbox 306 3438 1810 3521">
     <span class='ocr_line' id='line_1_66' title="bbox 306 3438 1810 3521; baseline 0.009 -31"><span class='ocrx_word' id='word_1_483' title='bbox 306 3438 380 3491; x_wconf 73' lang='lat' dir='ltr'><strong>E&#39;.</strong></span> <span class='ocrx_word' id='word_1_484' title='bbox 412 3442 789 3508; x_wconf 84' lang='grc' dir='ltr'>Διοκλητιανὸς</span> <span class='ocrx_word' id='word_1_485' title='bbox 817 3442 918 3510; x_wconf 72' lang='grc' dir='ltr'>μὲν</span> <span class='ocrx_word' id='word_1_486' title='bbox 951 3446 979 3495; x_wconf 85' lang='grc' dir='ltr'>ὁ</span> <span class='ocrx_word' id='word_1_487' title='bbox 1000 3443 1269 3509; x_wconf 79' lang='grc' dir='ltr'>δυσσεϐὴς</span> <span class='ocrx_word' id='word_1_488' title='bbox 1292 3449 1350 3499; x_wconf 66' lang='grc' dir='ltr'>ὲν</span> <span class='ocrx_word' id='word_1_489' title='bbox 1405 3449 1670 3521; x_wconf 69' lang='grc' dir='ltr'>Δκουῖλία</span> <span class='ocrx_word' id='word_1_490' title='bbox 1689 3450 1810 3503; x_wconf 76' lang='grc' dir='ltr'><strong>διιὶ-⁸</strong></span> 
     </span>
    </p>
   </div>
   <div class='ocr_carea' id='block_1_67' title="bbox 227 3530 1827 3612">
    <p class='ocr_par' dir='ltr' id='par_1_67' title="bbox 227 3530 1827 3612">
     <span class='ocr_line' id='line_1_67' title="bbox 227 3530 1827 3612; baseline 0.02 -46"><span class='ocrx_word' id='word_1_491' title='bbox 227 3530 469 3604; x_wconf 57' lang='grc' dir='ltr'><strong>,ίωνῆνο</strong></span> <span class='ocrx_word' id='word_1_492' title='bbox 520 3537 694 3603; x_wconf 80' lang='grc' dir='ltr'>τούτῳ</span> <span class='ocrx_word' id='word_1_493' title='bbox 741 3536 800 3589; x_wconf 66' lang='grc' dir='ltr'>δὶ</span> <span class='ocrx_word' id='word_1_494' title='bbox 836 3537 907 3588; x_wconf 71' lang='grc' dir='ltr'><strong>τὰ</strong></span> <span class='ocrx_word' id='word_1_495' title='bbox 966 3538 1065 3606; x_wconf 71' lang='grc' dir='ltr'>μὲν</span> <span class='ocrx_word' id='word_1_496' title='bbox 1096 3538 1232 3592; x_wconf 85' lang='grc' dir='ltr'>ἀλλα</span> <span class='ocrx_word' id='word_1_497' title='bbox 1278 3540 1540 3611; x_wconf 73' lang='grc' dir='ltr'>δευτέρας</span> <span class='ocrx_word' id='word_1_498' title='bbox 1595 3542 1827 3612; x_wconf 77' lang='grc' dir='ltr'>ἠξιοῦτο</span> 
     </span>
    </p>
   </div>
   <div class='ocr_carea' id='block_1_68' title="bbox 230 3625 1812 3700">
    <p class='ocr_par' dir='ltr' id='par_1_68' title="bbox 230 3625 1812 3700">
     <span class='ocr_line' id='line_1_68' title="bbox 230 3625 1812 3700; baseline 0.006 -24"><span class='ocrx_word' id='word_1_499' title='bbox 230 3625 533 3695; x_wconf 69' lang='grc' dir='ltr'>φροντίδος,</span> <span class='ocrx_word' id='word_1_500' title='bbox 588 3626 648 3679; x_wconf 79' lang='grc' dir='ltr'>τὸ</span> <span class='ocrx_word' id='word_1_501' title='bbox 678 3627 1043 3698; x_wconf 75' lang='grc' dir='ltr'>διαφερόντως</span> <span class='ocrx_word' id='word_1_502' title='bbox 1087 3630 1145 3682; x_wconf 74' lang='grc' dir='ltr'>δὶ</span> <span class='ocrx_word' id='word_1_503' title='bbox 1203 3632 1640 3700; x_wconf 73' lang='grc' dir='ltr'>σπουδαζόμενον</span> <span class='ocrx_word' id='word_1_504' title='bbox 1664 3636 1812 3697; x_wconf 85' lang='grc' dir='ltr'>ὅπως</span> 
     </span>
    </p>
   </div>
   <div class='ocr_carea' id='block_1_69' title="bbox 231 3717 1806 3796">
    <p class='ocr_par' dir='ltr' id='par_1_69' title="bbox 231 3717 1806 3796">
     <span class='ocr_line' id='line_1_69' title="bbox 231 3717 1806 3796; baseline 0.007 -28"><span class='ocrx_word' id='word_1_505' title='bbox 231 3718 423 3789; x_wconf 76' lang='grc' dir='ltr'>μηδεὶς</span> <span class='ocrx_word' id='word_1_506' title='bbox 479 3717 641 3771; x_wconf 74' lang='grc' dir='ltr'>αὐτὸν</span> <span class='ocrx_word' id='word_1_507' title='bbox 697 3720 916 3791; x_wconf 67' lang='grc' dir='ltr'>ἐκφύγῃ</span> <span class='ocrx_word' id='word_1_508' title='bbox 987 3722 1340 3792; x_wconf 81' lang='grc' dir='ltr'>Χριστιανῶν</span> <span class='ocrx_word' id='word_1_509' title='bbox 1411 3728 1806 3796; x_wconf 78' lang='grc' dir='ltr'>κρυπτόμενος.</span> 
     </span>
    </p>
   </div>
   <div class='ocr_carea' id='block_1_70' title="bbox 242 3810 1811 3887">
    <p class='ocr_par' dir='ltr' id='par_1_70' title="bbox 242 3810 1811 3887">
     <span class='ocr_line' id='line_1_70' title="bbox 242 3810 1811 3887; baseline 0.002 -23"><span class='ocrx_word' id='word_1_510' title='bbox 242 3810 605 3880; x_wconf 63' lang='grc' dir='ltr'>Ἀναφέρεται</span> <span class='ocrx_word' id='word_1_511' title='bbox 631 3811 760 3877; x_wconf 87' lang='grc' dir='ltr'>γοῦν</span> <span class='ocrx_word' id='word_1_512' title='bbox 784 3813 933 3881; x_wconf 80' lang='grc' dir='ltr'>αὐτῷ</span> <span class='ocrx_word' id='word_1_513' title='bbox 964 3818 1057 3866; x_wconf 81' lang='grc' dir='ltr'>καὶ</span> <span class='ocrx_word' id='word_1_514' title='bbox 1090 3817 1218 3885; x_wconf 79' lang='grc' dir='ltr'>περὶ</span> <span class='ocrx_word' id='word_1_515' title='bbox 1240 3816 1349 3868; x_wconf 82' lang='grc' dir='ltr'><strong>τῶν</strong></span> <span class='ocrx_word' id='word_1_516' title='bbox 1373 3817 1431 3867; x_wconf 75' lang='grc' dir='ltr'>ὲν</span> <span class='ocrx_word' id='word_1_517' title='bbox 1464 3816 1652 3887; x_wconf 76' lang='grc' dir='ltr'>Ῥώμῃ</span> <span class='ocrx_word' id='word_1_518' title='bbox 1675 3817 1811 3868; x_wconf 85' lang='grc' dir='ltr'>πάν-</span> 
     </span>
    </p>
   </div>
   <div class='ocr_carea' id='block_1_71' title="bbox 228 3903 1809 3977">
    <p class='ocr_par' dir='ltr' id='par_1_71' title="bbox 228 3903 1809 3977">
     <span class='ocr_line' id='line_1_71' title="bbox 228 3903 1809 3977; baseline 0.004 -22"><span class='ocrx_word' id='word_1_519' title='bbox 228 3921 341 3955; x_wconf 86' lang='grc' dir='ltr'><strong>των</strong></span> <span class='ocrx_word' id='word_1_520' title='bbox 366 3903 441 3964; x_wconf 85' lang='grc' dir='ltr'>ὡς</span> <span class='ocrx_word' id='word_1_521' title='bbox 506 3903 765 3970; x_wconf 79' lang='grc' dir='ltr'>πάμπολυ</span> <span class='ocrx_word' id='word_1_522' title='bbox 804 3905 1012 3973; x_wconf 77' lang='grc' dir='ltr'>πλῆθος</span> <span class='ocrx_word' id='word_1_523' title='bbox 1045 3908 1390 3975; x_wconf 81' lang='grc' dir='ltr'>Χριστιανῶν</span> <span class='ocrx_word' id='word_1_524' title='bbox 1442 3911 1716 3977; x_wconf 74' lang='grc' dir='ltr'>φυλακαῖς</span> <span class='ocrx_word' id='word_1_525' title='bbox 1750 3926 1809 3961; x_wconf 86' lang='grc' dir='ltr'><strong>τε</strong></span> 
     </span>
    </p>
   </div>
   <div class='ocr_carea' id='block_1_72' title="bbox 230 3995 1809 4069">
    <p class='ocr_par' dir='ltr' id='par_1_72' title="bbox 230 3995 1809 4069">
     <span class='ocr_line' id='line_1_72' title="bbox 230 3995 1809 4069; baseline 0.003 -21"><span class='ocrx_word' id='word_1_526' title='bbox 230 3995 537 4064; x_wconf 74' lang='grc' dir='ltr'>παραδοθὲν</span> <span class='ocrx_word' id='word_1_527' title='bbox 569 3998 663 4049; x_wconf 81' lang='grc' dir='ltr'>καὶ</span> <span class='ocrx_word' id='word_1_528' title='bbox 686 3995 940 4065; x_wconf 73' lang='grc' dir='ltr'>βασάνοις</span> <span class='ocrx_word' id='word_1_529' title='bbox 969 4000 1119 4061; x_wconf 77' lang='grc' dir='ltr'>ὅσαις</span> <span class='ocrx_word' id='word_1_530' title='bbox 1142 4000 1450 4069; x_wconf 56' lang='lat' dir='ltr'><strong>suosmet»:</strong></span> <span class='ocrx_word' id='word_1_531' title='bbox 1474 4001 1687 4053; x_wconf 78' lang='grc' dir='ltr'>οὐδέπω</span> <span class='ocrx_word' id='word_1_532' title='bbox 1715 4000 1809 4052; x_wconf 85' lang='grc' dir='ltr'>καὶ</span> 
     </span>
    </p>
   </div>
   <div class='ocr_carea' id='block_1_73' title="bbox 228 4085 1808 4160">
    <p class='ocr_par' dir='ltr' id='par_1_73' title="bbox 228 4085 1808 4160">
     <span class='ocr_line' id='line_1_73' title="bbox 228 4085 1808 4160; baseline 0.004 -24"><span class='ocrx_word' id='word_1_533' title='bbox 228 4087 326 4139; x_wconf 83' lang='grc' dir='ltr'><strong>νῦν</strong></span> <span class='ocrx_word' id='word_1_534' title='bbox 358 4088 662 4153; x_wconf 76' lang='grc' dir='ltr'>ἀπομαθεῖν</span> <span class='ocrx_word' id='word_1_535' title='bbox 691 4088 948 4157; x_wconf 76' lang='grc' dir='ltr'>ἠνέσχετο</span> <span class='ocrx_word' id='word_1_536' title='bbox 980 4090 1077 4155; x_wconf 81' lang='grc' dir='ltr'>τὴν</span> <span class='ocrx_word' id='word_1_537' title='bbox 1107 4090 1417 4155; x_wconf 62' lang='grc' dir='ltr'>εὐσέϐειαν,</span> <span class='ocrx_word' id='word_1_538' title='bbox 1439 4085 1512 4143; x_wconf 76' lang='grc' dir='ltr'><strong>ῶν</strong></span> <span class='ocrx_word' id='word_1_539' title='bbox 1544 4091 1808 4160; x_wconf 73' lang='grc' dir='ltr'>ἀλείπτην</span> 
     </span>
    </p>
   </div>
   <div class='ocr_carea' id='block_1_74' title="bbox 1913 3352 3074 3424">
    <p class='ocr_par' dir='ltr' id='par_1_74' title="bbox 1913 3352 3074 3424">
     <span class='ocr_line' id='line_1_74' title="bbox 1913 3352 3074 3424; baseline -0.007 -13"><span class='ocrx_word' id='word_1_540' title='bbox 1913 3357 2195 3424; x_wconf 87' lang='lat' dir='ltr'><strong>rahitejus</strong></span> <span class='ocrx_word' id='word_1_541' title='bbox 2232 3357 2354 3409; x_wconf 87' lang='lat' dir='ltr'><strong>finis</strong></span> <span class='ocrx_word' id='word_1_542' title='bbox 2385 3374 2397 3408; x_wconf 85' lang='lat'><strong>:</strong></span> <span class='ocrx_word' id='word_1_543' title='bbox 2436 3356 2597 3407; x_wconf 89' lang='lat' dir='ltr'><strong>linem</strong></span> <span class='ocrx_word' id='word_1_544' title='bbox 2628 3366 2836 3412; x_wconf 90' lang='lat' dir='ltr'><strong>autem,</strong></span> <span class='ocrx_word' id='word_1_545' title='bbox 2872 3352 3074 3405; x_wconf 87' lang='lat' dir='ltr'><strong>oratio.</strong></span> 
     </span>
    </p>
   </div>
   <div class='ocr_carea' id='block_1_75' title="bbox 1982 3441 3499 3515">
    <p class='ocr_par' dir='ltr' id='par_1_75' title="bbox 1982 3441 3499 3515">
     <span class='ocr_line' id='line_1_75' title="bbox 1982 3441 3499 3515; baseline -0.006 -12"><span class='ocrx_word' id='word_1_546' title='bbox 1982 3450 2045 3503; x_wconf 73' lang='grc' dir='ltr'><strong>ν.</strong></span> <span class='ocrx_word' id='word_1_547' title='bbox 2070 3450 2180 3502; x_wconf 89' lang='lat' dir='ltr'><strong>lloe</strong></span> <span class='ocrx_word' id='word_1_548' title='bbox 2206 3457 2451 3515; x_wconf 89' lang='lat' dir='ltr'><strong>tempore</strong></span> <span class='ocrx_word' id='word_1_549' title='bbox 2472 3448 2671 3515; x_wconf 85' lang='lat' dir='ltr'><strong>impius</strong></span> <span class='ocrx_word' id='word_1_550' title='bbox 2698 3446 2916 3513; x_wconf 78' lang='lat' dir='ltr'><strong>quidem</strong></span> <span class='ocrx_word' id='word_1_551' title='bbox 2951 3443 3317 3497; x_wconf 83' lang='lat' dir='ltr'><strong>Diocletianus</strong></span> <span class='ocrx_word' id='word_1_552' title='bbox 3338 3441 3499 3512; x_wconf 82' lang='lat' dir='ltr'><strong>dege-</strong></span> 
     </span>
    </p>
   </div>
   <div class='ocr_carea' id='block_1_76' title="bbox 1914 3535 3496 3609">
    <p class='ocr_par' dir='ltr' id='par_1_76' title="bbox 1914 3535 3496 3609">
     <span class='ocr_line' id='line_1_76' title="bbox 1914 3535 3496 3609; baseline -0.004 -13"><span class='ocrx_word' id='word_1_553' title='bbox 1914 3540 2314 3609; x_wconf 76' lang='lat' dir='ltr'><strong>batAquileize.</strong></span> <span class='ocrx_word' id='word_1_554' title='bbox 2352 3538 2413 3593; x_wconf 84' lang='lat' dir='ltr'><strong>Ei</strong></span> <span class='ocrx_word' id='word_1_555' title='bbox 2441 3552 2573 3591; x_wconf 88' lang='lat' dir='ltr'><strong>vero</strong></span> <span class='ocrx_word' id='word_1_556' title='bbox 2618 3536 2854 3591; x_wconf 85' lang='lat' dir='ltr'><strong>aliorqu</strong></span> <span class='ocrx_word' id='word_1_557' title='bbox 2898 3535 3123 3604; x_wconf 85' lang='lat' dir='ltr'><strong>quidem</strong></span> <span class='ocrx_word' id='word_1_558' title='bbox 3178 3550 3308 3587; x_wconf 90' lang='lat' dir='ltr'><strong>cura</strong></span> <span class='ocrx_word' id='word_1_559' title='bbox 3376 3544 3496 3589; x_wconf 84' lang='lat' dir='ltr'><strong>erat</strong></span> 
     </span>
    </p>
   </div>
   <div class='ocr_carea' id='block_1_77' title="bbox 1911 3629 3495 3703">
    <p class='ocr_par' dir='ltr' id='par_1_77' title="bbox 1911 3629 3495 3703">
     <span class='ocr_line' id='line_1_77' title="bbox 1911 3629 3495 3703; baseline -0.004 -16"><span class='ocrx_word' id='word_1_560' title='bbox 1911 3634 2183 3703; x_wconf 89' lang='lat' dir='ltr'><strong>posterior</strong></span> <span class='ocrx_word' id='word_1_561' title='bbox 2213 3649 2226 3685; x_wconf 91' lang='lat'><strong>:</strong></span> <span class='ocrx_word' id='word_1_562' title='bbox 2262 3631 2367 3684; x_wconf 91' lang='lat' dir='ltr'><strong>hoc</strong></span> <span class='ocrx_word' id='word_1_563' title='bbox 2401 3646 2532 3684; x_wconf 85' lang='lat' dir='ltr'><strong>vero</strong></span> <span class='ocrx_word' id='word_1_564' title='bbox 2570 3629 2844 3699; x_wconf 72' lang='lat' dir='ltr'><strong>praecipue</strong></span> <span class='ocrx_word' id='word_1_565' title='bbox 2873 3638 2993 3682; x_wconf 82' lang='lat' dir='ltr'><strong>erat</strong></span> <span class='ocrx_word' id='word_1_566' title='bbox 3025 3644 3189 3689; x_wconf 69' lang='lat' dir='ltr'><strong>curae,</strong></span> <span class='ocrx_word' id='word_1_567' title='bbox 3217 3642 3275 3680; x_wconf 89' lang='lat' dir='ltr'><strong>ut</strong></span> <span class='ocrx_word' id='word_1_568' title='bbox 3312 3629 3495 3681; x_wconf 86' lang='lat' dir='ltr'><strong>nullus</strong></span> 
     </span>
    </p>
   </div>
   <div class='ocr_carea' id='block_1_78' title="bbox 1908 3721 3491 3793">
    <p class='ocr_par' dir='ltr' id='par_1_78' title="bbox 1908 3721 3491 3793">
     <span class='ocr_line' id='line_1_78' title="bbox 1908 3721 3491 3793; baseline -0.004 -12"><span class='ocrx_word' id='word_1_569' title='bbox 1908 3727 2262 3783; x_wconf 84' lang='lat' dir='ltr'><strong>Christianus</strong></span> <span class='ocrx_word' id='word_1_570' title='bbox 2318 3724 2413 3793; x_wconf 90' lang='lat' dir='ltr'><strong>qui</strong></span> <span class='ocrx_word' id='word_1_571' title='bbox 2461 3724 2684 3786; x_wconf 87' lang='lat' dir='ltr'><strong>latebat,</strong></span> <span class='ocrx_word' id='word_1_572' title='bbox 2739 3738 2865 3776; x_wconf 86' lang='lat' dir='ltr'><strong>cum</strong></span> <span class='ocrx_word' id='word_1_573' title='bbox 2914 3721 3204 3790; x_wconf 80' lang='lat' dir='ltr'><strong>effugeret.</strong></span> <span class='ocrx_word' id='word_1_574' title='bbox 3253 3721 3332 3775; x_wconf 79' lang='lat' dir='ltr'><strong>Ad</strong></span> <span class='ocrx_word' id='word_1_575' title='bbox 3364 3736 3491 3775; x_wconf 89' lang='lat' dir='ltr'><strong>eum</strong></span> 
     </span>
    </p>
   </div>
   <div class='ocr_carea' id='block_1_79' title="bbox 1908 3810 3493 3885">
    <p class='ocr_par' dir='ltr' id='par_1_79' title="bbox 1908 3810 3493 3885">
     <span class='ocr_line' id='line_1_79' title="bbox 1908 3810 3493 3885; baseline -0.003 -16"><span class='ocrx_word' id='word_1_576' title='bbox 1908 3830 2041 3885; x_wconf 91' lang='lat' dir='ltr'><strong>ergo</strong></span> <span class='ocrx_word' id='word_1_577' title='bbox 2073 3815 2321 3868; x_wconf 87' lang='lat' dir='ltr'><strong>defertur</strong></span> <span class='ocrx_word' id='word_1_578' title='bbox 2355 3814 2426 3868; x_wconf 90' lang='lat' dir='ltr'><strong>ah</strong></span> <span class='ocrx_word' id='word_1_579' title='bbox 2461 3814 2741 3876; x_wconf 87' lang='lat' dir='ltr'><strong>omnibus,</strong></span> <span class='ocrx_word' id='word_1_580' title='bbox 2776 3812 2871 3881; x_wconf 85' lang='lat' dir='ltr'><strong>qui</strong></span> <span class='ocrx_word' id='word_1_581' title='bbox 2908 3810 3093 3865; x_wconf 80' lang='lat' dir='ltr'><strong>Ruina:</strong></span> <span class='ocrx_word' id='word_1_582' title='bbox 3122 3822 3302 3872; x_wconf 83' lang='lat' dir='ltr'><strong>erant,</strong></span> <span class='ocrx_word' id='word_1_583' title='bbox 3345 3813 3493 3881; x_wconf 87' lang='lat' dir='ltr'><strong>quod</strong></span> 
     </span>
    </p>
   </div>
   <div class='ocr_carea' id='block_1_80' title="bbox 1909 3905 3492 3973">
    <p class='ocr_par' dir='ltr' id='par_1_80' title="bbox 1909 3905 3492 3973">
     <span class='ocr_line' id='line_1_80' title="bbox 1909 3905 3492 3973; baseline -0.002 -14"><span class='ocrx_word' id='word_1_584' title='bbox 1909 3907 2145 3960; x_wconf 82' lang='lat' dir='ltr'><strong>maxima</strong></span> <span class='ocrx_word' id='word_1_585' title='bbox 2172 3906 2472 3959; x_wconf 91' lang='lat' dir='ltr'><strong>multitudo</strong></span> <span class='ocrx_word' id='word_1_586' title='bbox 2501 3906 2969 3967; x_wconf 77' lang='lat' dir='ltr'><strong>Christianorum,</strong></span> <span class='ocrx_word' id='word_1_587' title='bbox 2999 3905 3249 3973; x_wconf 84' lang='lat' dir='ltr'><strong>conjecta</strong></span> <span class='ocrx_word' id='word_1_588' title='bbox 3281 3905 3333 3956; x_wconf 93' lang='lat' dir='ltr'><strong>in</strong></span> <span class='ocrx_word' id='word_1_589' title='bbox 3365 3920 3492 3957; x_wconf 62' lang='lat' dir='ltr'><strong>caro</strong></span> 
     </span>
    </p>
   </div>
   <div class='ocr_carea' id='block_1_81' title="bbox 1909 3995 3491 4067">
    <p class='ocr_par' dir='ltr' id='par_1_81' title="bbox 1909 3995 3491 4067">
     <span class='ocr_line' id='line_1_81' title="bbox 1909 3995 3491 4067; baseline -0.003 -15"><span class='ocrx_word' id='word_1_590' title='bbox 1909 4012 2088 4057; x_wconf 83' lang='lat' dir='ltr'><strong>ceres.</strong></span> <span class='ocrx_word' id='word_1_591' title='bbox 2126 4006 2182 4051; x_wconf 93' lang='lat' dir='ltr'><strong>et</strong></span> <span class='ocrx_word' id='word_1_592' title='bbox 2217 3997 2470 4067; x_wconf 87' lang='lat' dir='ltr'><strong>plurimis</strong></span> <span class='ocrx_word' id='word_1_593' title='bbox 2508 3996 2703 4050; x_wconf 87' lang='lat' dir='ltr'><strong>aflecta</strong></span> <span class='ocrx_word' id='word_1_594' title='bbox 2739 3996 3047 4064; x_wconf 82' lang='lat' dir='ltr'><strong>suppliciis,</strong></span> <span class='ocrx_word' id='word_1_595' title='bbox 3100 3995 3348 4048; x_wconf 84' lang='lat' dir='ltr'><strong>nondum</strong></span> <span class='ocrx_word' id='word_1_596' title='bbox 3395 4009 3491 4065; x_wconf 85' lang='lat' dir='ltr'><strong>pe-</strong></span> 
     </span>
    </p>
   </div>
   <div class='ocr_carea' id='block_1_82' title="bbox 1897 4089 3487 4157">
    <p class='ocr_par' dir='ltr' id='par_1_82' title="bbox 1897 4089 3487 4157">
     <span class='ocr_line' id='line_1_82' title="bbox 1897 4089 3487 4157; baseline 0 -14"><span class='ocrx_word' id='word_1_597' title='bbox 1897 4092 2015 4144; x_wconf 84' lang='lat' dir='ltr'><strong>&#39;tuit</strong></span> <span class='ocrx_word' id='word_1_598' title='bbox 2050 4090 2336 4144; x_wconf 83' lang='lat' dir='ltr'><strong>dediscere</strong></span> <span class='ocrx_word' id='word_1_599' title='bbox 2359 4090 2640 4157; x_wconf 81' lang='lat' dir='ltr'><strong>pietatem.</strong></span> <span class='ocrx_word' id='word_1_600' title='bbox 2668 4089 2911 4154; x_wconf 89' lang='lat' dir='ltr'><strong>Quorum</strong></span> <span class='ocrx_word' id='word_1_601' title='bbox 2941 4102 3062 4143; x_wconf 90' lang='lat' dir='ltr'><strong>esse</strong></span> <span class='ocrx_word' id='word_1_602' title='bbox 3097 4099 3487 4157; x_wconf 73' lang='lat' dir='ltr'><strong>praeceptorem</strong></span> 
     </span>
    </p>
   </div>
   <div class='ocr_carea' id='block_1_83' title="bbox 228 4173 1907 4250">
    <p class='ocr_par' dir='ltr' id='par_1_83' title="bbox 228 4173 1907 4250">
     <span class='ocr_line' id='line_1_83' title="bbox 228 4173 1907 4250; baseline 0.005 -23"><span class='ocrx_word' id='word_1_603' title='bbox 228 4175 369 4228; x_wconf 79' lang='grc' dir='ltr'>εἶναι</span> <span class='ocrx_word' id='word_1_604' title='bbox 424 4173 766 4245; x_wconf 76' lang='grc' dir='ltr'>Χρυσόγονον</span> <span class='ocrx_word' id='word_1_605' title='bbox 822 4178 1184 4248; x_wconf 73' lang='grc' dir='ltr'>πειθομένους</span> <span class='ocrx_word' id='word_1_606' title='bbox 1245 4183 1397 4250; x_wconf 87' lang='grc' dir='ltr'><strong>αὐτῷ</strong></span> <span class='ocrx_word' id='word_1_607' title='bbox 1454 4185 1663 4245; x_wconf 82' lang='grc' dir='ltr'>πάντας</span> <span class='ocrx_word' id='word_1_608' title='bbox 1714 4188 1806 4236; x_wconf 73' lang='grc' dir='ltr'>καὶ</span> <span class='ocrx_word' id='word_1_609' title='bbox 1904 4208 1907 4223; x_wconf 71' lang='grc' dir='ltr'><strong>ε</strong></span> 
     </span>
    </p>
   </div>
   <div class='ocr_carea' id='block_1_84' title="bbox 1806 4173 3485 4250">
    <p class='ocr_par' dir='ltr' id='par_1_84' title="bbox 1904 4180 3485 4250">
     <span class='ocr_line' id='line_1_84' title="bbox 1904 4180 3485 4250; baseline 0 -15"><span class='ocrx_word' id='word_1_610' title='bbox 1904 4190 1963 4235; x_wconf 82' lang='grc' dir='ltr'><strong>οι</strong></span> <span class='ocrx_word' id='word_1_611' title='bbox 1987 4182 2362 4235; x_wconf 84' lang='lat' dir='ltr'><strong>institutorem</strong></span> <span class='ocrx_word' id='word_1_612' title='bbox 2397 4180 2838 4250; x_wconf 77' lang='lat' dir='ltr'><strong>Chrysogonum,</strong></span> <span class='ocrx_word' id='word_1_613' title='bbox 2869 4180 2963 4249; x_wconf 92' lang='lat' dir='ltr'><strong>qui</strong></span> <span class='ocrx_word' id='word_1_614' title='bbox 3001 4181 3240 4235; x_wconf 75' lang='lat' dir='ltr'><strong>habebat</strong></span> <span class='ocrx_word' id='word_1_615' title='bbox 3290 4196 3485 4235; x_wconf 88' lang='lat' dir='ltr'><strong>omnes</strong></span> 
     </span>
    </p>
   </div>
   <div class='ocr_carea' id='block_1_85' title="bbox 228 4267 1806 4341">
    <p class='ocr_par' dir='ltr' id='par_1_85' title="bbox 228 4267 1806 4341">
     <span class='ocr_line' id='line_1_85' title="bbox 228 4267 1806 4341; baseline 0.004 -22"><span class='ocrx_word' id='word_1_616' title='bbox 228 4270 365 4329; x_wconf 80' lang='grc' dir='ltr'>ὅλως</span> <span class='ocrx_word' id='word_1_617' title='bbox 386 4267 483 4333; x_wconf 81' lang='grc' dir='ltr'>τῆς</span> <span class='ocrx_word' id='word_1_618' title='bbox 513 4267 677 4319; x_wconf 80' lang='grc' dir='ltr'>αὐτοῦ</span> <span class='ocrx_word' id='word_1_619' title='bbox 699 4268 947 4339; x_wconf 81' lang='grc' dir='ltr'>γλώττης</span> <span class='ocrx_word' id='word_1_620' title='bbox 974 4270 1379 4340; x_wconf 71' lang='grc' dir='ltr'>ἐξηρτημένους</span> <span class='ocrx_word' id='word_1_621' title='bbox 1407 4271 1622 4341; x_wconf 80' lang='grc' dir='ltr'>έχοντα.</span> <span class='ocrx_word' id='word_1_622' title='bbox 1668 4272 1724 4325; x_wconf 88' lang='grc'><strong>’0</strong></span> <span class='ocrx_word' id='word_1_623' title='bbox 1744 4272 1806 4326; x_wconf 72' lang='grc' dir='ltr'>δὲ</span> 
     </span>
    </p>
   </div>
   <div class='ocr_carea' id='block_1_86' title="bbox 230 4361 1805 4433">
    <p class='ocr_par' dir='ltr' id='par_1_86' title="bbox 230 4361 1805 4433">
     <span class='ocr_line' id='line_1_86' title="bbox 230 4361 1805 4433; baseline 0.004 -21"><span class='ocrx_word' id='word_1_624' title='bbox 230 4363 549 4428; x_wconf 78' lang='grc' dir='ltr'>παραυτίκα</span> <span class='ocrx_word' id='word_1_625' title='bbox 578 4361 705 4423; x_wconf 82' lang='grc' dir='ltr'>τοὺς</span> <span class='ocrx_word' id='word_1_626' title='bbox 740 4362 840 4429; x_wconf 77' lang='grc' dir='ltr'>μὲν</span> <span class='ocrx_word' id='word_1_627' title='bbox 872 4362 1070 4425; x_wconf 69' lang='grc' dir='ltr'>ἄλλους</span> <span class='ocrx_word' id='word_1_628' title='bbox 1102 4366 1313 4427; x_wconf 66' lang='grc' dir='ltr'>πάντας</span> <span class='ocrx_word' id='word_1_629' title='bbox 1356 4364 1612 4433; x_wconf 80' lang='grc' dir='ltr'>βασάνοις</span> <span class='ocrx_word' id='word_1_630' title='bbox 1650 4364 1805 4418; x_wconf 75' lang='grc' dir='ltr'>έκδο-</span> 
     </span>
    </p>
   </div>
   <div class='ocr_carea' id='block_1_87' title="bbox 230 4447 1803 4523">
    <p class='ocr_par' dir='ltr' id='par_1_87' title="bbox 230 4447 1803 4523">
     <span class='ocr_line' id='line_1_87' title="bbox 230 4447 1803 4523; baseline 0.006 -26"><span class='ocrx_word' id='word_1_631' title='bbox 230 4450 408 4516; x_wconf 73' lang='grc' dir='ltr'>Οῆναι.</span> <span class='ocrx_word' id='word_1_632' title='bbox 444 4447 559 4502; x_wconf 76' lang='grc' dir='ltr'>εἶτα</span> <span class='ocrx_word' id='word_1_633' title='bbox 598 4455 690 4501; x_wconf 72' lang='grc' dir='ltr'>καὶ</span> <span class='ocrx_word' id='word_1_634' title='bbox 720 4451 937 4521; x_wconf 80' lang='grc' dir='ltr'>θανάτῳ</span> <span class='ocrx_word' id='word_1_635' title='bbox 967 4453 1040 4520; x_wconf 81' lang='grc' dir='ltr'>μὴ</span> <span class='ocrx_word' id='word_1_636' title='bbox 1064 4452 1419 4521; x_wconf 79' lang='grc' dir='ltr'>πειθομένους</span> <span class='ocrx_word' id='word_1_637' title='bbox 1444 4454 1803 4523; x_wconf 73' lang='grc' dir='ltr'>προσέταττε,</span> 
     </span>
    </p>
   </div>
   <div class='ocr_carea' id='block_1_88' title="bbox 1908 4270 3485 4344">
    <p class='ocr_par' dir='ltr' id='par_1_88' title="bbox 1908 4270 3485 4344">
     <span class='ocr_line' id='line_1_88' title="bbox 1908 4270 3485 4344; baseline -0.001 -15"><span class='ocrx_word' id='word_1_638' title='bbox 1908 4274 2015 4329; x_wconf 88' lang='lat' dir='ltr'><strong>sibi</strong></span> <span class='ocrx_word' id='word_1_639' title='bbox 2042 4283 2298 4344; x_wconf 88' lang='lat' dir='ltr'><strong>parentes</strong></span> <span class='ocrx_word' id='word_1_640' title='bbox 2320 4282 2377 4327; x_wconf 92' lang='lat' dir='ltr'><strong>et</strong></span> <span class='ocrx_word' id='word_1_641' title='bbox 2398 4275 2703 4343; x_wconf 84' lang='lat' dir='ltr'><strong>pendentes</strong></span> <span class='ocrx_word' id='word_1_642' title='bbox 2725 4272 2793 4326; x_wconf 90' lang='lat' dir='ltr'><strong>ab</strong></span> <span class='ocrx_word' id='word_1_643' title='bbox 2811 4274 2932 4343; x_wconf 87' lang='lat' dir='ltr'><strong>ejus</strong></span> <span class='ocrx_word' id='word_1_644' title='bbox 2959 4273 3162 4342; x_wconf 86' lang='lat' dir='ltr'><strong>lingua.</strong></span> <span class='ocrx_word' id='word_1_645' title='bbox 3184 4270 3275 4327; x_wconf 89' lang='lat' dir='ltr'><strong>llle</strong></span> <span class='ocrx_word' id='word_1_646' title='bbox 3302 4282 3485 4327; x_wconf 87' lang='lat' dir='ltr'><strong>autem</strong></span> 
     </span>
    </p>
   </div>
   <div class='ocr_carea' id='block_1_89' title="bbox 1906 4365 3485 4435">
    <p class='ocr_par' dir='ltr' id='par_1_89' title="bbox 1906 4365 3485 4435">
     <span class='ocr_line' id='line_1_89' title="bbox 1906 4365 3485 4435; baseline -0.001 -15"><span class='ocrx_word' id='word_1_647' title='bbox 1906 4366 2043 4421; x_wconf 88' lang='lat' dir='ltr'><strong>alios</strong></span> <span class='ocrx_word' id='word_1_648' title='bbox 2081 4367 2298 4435; x_wconf 83' lang='lat' dir='ltr'><strong>quidem</strong></span> <span class='ocrx_word' id='word_1_649' title='bbox 2335 4380 2528 4420; x_wconf 87' lang='lat' dir='ltr'><strong>omnes</strong></span> <span class='ocrx_word' id='word_1_650' title='bbox 2552 4366 2719 4431; x_wconf 84' lang='lat' dir='ltr'><strong>jussit</strong></span> <span class='ocrx_word' id='word_1_651' title='bbox 2758 4366 2884 4417; x_wconf 78' lang='lat' dir='ltr'><strong>dedi</strong></span> <span class='ocrx_word' id='word_1_652' title='bbox 2920 4365 3231 4430; x_wconf 86' lang='lat' dir='ltr'><strong>tormentis,</strong></span> <span class='ocrx_word' id='word_1_653' title='bbox 3278 4374 3336 4419; x_wconf 92' lang='lat' dir='ltr'><strong>et</strong></span> <span class='ocrx_word' id='word_1_654' title='bbox 3388 4366 3485 4419; x_wconf 84' lang='lat' dir='ltr'><strong>de-</strong></span> 
     </span>
    </p>
   </div>
   <div class='ocr_carea' id='block_1_90' title="bbox 1909 4455 3488 4528">
    <p class='ocr_par' dir='ltr' id='par_1_90' title="bbox 1909 4455 3488 4528">
     <span class='ocr_line' id='line_1_90' title="bbox 1909 4455 3488 4528; baseline 0.002 -19"><span class='ocrx_word' id='word_1_655' title='bbox 1909 4455 2036 4511; x_wconf 87' lang='lat' dir='ltr'><strong>inde</strong></span> <span class='ocrx_word' id='word_1_656' title='bbox 2065 4458 2229 4511; x_wconf 88' lang='lat' dir='ltr'><strong>etiam</strong></span> <span class='ocrx_word' id='word_1_657' title='bbox 2252 4458 2432 4523; x_wconf 91' lang='lat' dir='ltr'><strong>morti,</strong></span> <span class='ocrx_word' id='word_1_658' title='bbox 2466 4460 2513 4511; x_wconf 90' lang='lat' dir='ltr'><strong>si</strong></span> <span class='ocrx_word' id='word_1_659' title='bbox 2541 4472 2646 4511; x_wconf 91' lang='lat' dir='ltr'><strong>non</strong></span> <span class='ocrx_word' id='word_1_660' title='bbox 2674 4457 3157 4525; x_wconf 88' lang='lat' dir='ltr'><strong>persuaderentur,</strong></span> <span class='ocrx_word' id='word_1_661' title='bbox 3182 4457 3488 4528; x_wconf 75' lang='lat' dir='ltr'><strong>Chrysogo-</strong></span> 
     </span>
    </p>
   </div>
   <div class='ocr_carea' id='block_1_91' title="bbox 231 4542 1910 4619">
    <p class='ocr_par' dir='ltr' id='par_1_91' title="bbox 231 4542 1887 4614">
     <span class='ocr_line' id='line_1_91' title="bbox 231 4542 1887 4614; baseline 0.003 -21"><span class='ocrx_word' id='word_1_662' title='bbox 231 4543 586 4608; x_wconf 65' lang='grc' dir='ltr'>Χρυσόγονον</span> <span class='ocrx_word' id='word_1_663' title='bbox 641 4542 699 4594; x_wconf 63' lang='lat' dir='ltr'><strong>Gs</strong></span> <span class='ocrx_word' id='word_1_664' title='bbox 740 4542 903 4610; x_wconf 81' lang='grc' dir='ltr'>μόνον</span> <span class='ocrx_word' id='word_1_665' title='bbox 965 4543 1098 4611; x_wconf 79' lang='grc' dir='ltr'>πρὸς</span> <span class='ocrx_word' id='word_1_666' title='bbox 1149 4544 1310 4597; x_wconf 71' lang='grc' dir='ltr'>αὐτὸν</span> <span class='ocrx_word' id='word_1_667' title='bbox 1359 4545 1809 4614; x_wconf 81' lang='grc' dir='ltr'>ἀνα-πεμφθῆναι,</span> <span class='ocrx_word' id='word_1_668' title='bbox 1846 4545 1887 4598; x_wconf 90' lang='lat' dir='ltr'><strong>D</strong></span> 
     </span>
    </p>
   </div>
   <div class='ocr_carea' id='block_1_92' title="bbox 1807 4542 3486 4619">
    <p class='ocr_par' dir='ltr' id='par_1_92' title="bbox 1807 4545 3486 4619">
     <span class='ocr_line' id='line_1_92' title="bbox 1807 4545 3486 4619; baseline 0.002 -17"><span class='ocrx_word' id='word_1_669' title='bbox 1807 4589 1809 4602; x_wconf 91' lang='lat'><strong>.</strong></span> <span class='ocrx_word' id='word_1_670' title='bbox 1846 4545 1887 4598; x_wconf 91' lang='lat' dir='ltr'><strong>D</strong></span> <span class='ocrx_word' id='word_1_671' title='bbox 1914 4564 2045 4603; x_wconf 91' lang='lat' dir='ltr'><strong>num</strong></span> <span class='ocrx_word' id='word_1_672' title='bbox 2098 4560 2279 4603; x_wconf 87' lang='lat' dir='ltr'><strong>autem</strong></span> <span class='ocrx_word' id='word_1_673' title='bbox 2322 4550 2499 4604; x_wconf 87' lang='lat' dir='ltr'><strong>solum</strong></span> <span class='ocrx_word' id='word_1_674' title='bbox 2558 4551 2623 4603; x_wconf 79' lang='lat' dir='ltr'><strong>ad</strong></span> <span class='ocrx_word' id='word_1_675' title='bbox 2675 4551 2854 4618; x_wconf 90' lang='lat' dir='ltr'><strong>ipsum</strong></span> <span class='ocrx_word' id='word_1_676' title='bbox 2888 4550 3026 4603; x_wconf 90' lang='lat' dir='ltr'><strong>mitti</strong></span> <span class='ocrx_word' id='word_1_677' title='bbox 3057 4568 3069 4603; x_wconf 91' lang='lat'>:</span> <span class='ocrx_word' id='word_1_678' title='bbox 3113 4550 3216 4603; x_wconf 87' lang='lat' dir='ltr'><strong>hoc</strong></span> <span class='ocrx_word' id='word_1_679' title='bbox 3249 4552 3393 4619; x_wconf 90' lang='lat' dir='ltr'><strong>apud</strong></span> <span class='ocrx_word' id='word_1_680' title='bbox 3428 4566 3486 4606; x_wconf 78' lang='lat' dir='ltr'><strong>se</strong></span> 
     </span>
    </p>
   </div>
   <div class='ocr_carea' id='block_1_93' title="bbox 229 4630 1807 4704">
    <p class='ocr_par' dir='ltr' id='par_1_93' title="bbox 229 4630 1807 4704">
     <span class='ocr_line' id='line_1_93' title="bbox 229 4630 1807 4704; baseline 0.004 -23"><span class='ocrx_word' id='word_1_681' title='bbox 229 4633 388 4682; x_wconf 63' lang='grc' dir='ltr'>τοῦτο</span> <span class='ocrx_word' id='word_1_682' title='bbox 420 4630 541 4683; x_wconf 79' lang='grc' dir='ltr'>καθ’</span> <span class='ocrx_word' id='word_1_683' title='bbox 566 4632 758 4684; x_wconf 67' lang='grc' dir='ltr'>ἑαυτὸν</span> <span class='ocrx_word' id='word_1_684' title='bbox 790 4632 1131 4700; x_wconf 68' lang='grc' dir='ltr'>σκεψάμενος</span> <span class='ocrx_word' id='word_1_685' title='bbox 1157 4633 1231 4695; x_wconf 87' lang='grc' dir='ltr'><strong>ῶς</strong></span> <span class='ocrx_word' id='word_1_686' title='bbox 1273 4635 1482 4687; x_wconf 74' lang='grc' dir='ltr'>ἐκείνου</span> <span class='ocrx_word' id='word_1_687' title='bbox 1524 4636 1807 4704; x_wconf 80' lang='grc' dir='ltr'>κρατήσας</span> 
     </span>
    </p>
   </div>
   <div class='ocr_carea' id='block_1_94' title="bbox 232 4724 1807 4795">
    <p class='ocr_par' dir='ltr' id='par_1_94' title="bbox 232 4724 1807 4795">
     <span class='ocr_line' id='line_1_94' title="bbox 232 4724 1807 4795; baseline 0.004 -21"><span class='ocrx_word' id='word_1_688' title='bbox 232 4726 440 4784; x_wconf 70' lang='grc' dir='ltr'>πάντας</span> <span class='ocrx_word' id='word_1_689' title='bbox 476 4724 636 4784; x_wconf 73' lang='grc' dir='ltr'>εὐθὺς</span> <span class='ocrx_word' id='word_1_690' title='bbox 670 4724 823 4775; x_wconf 66' lang='grc' dir='ltr'>ἔσται</span> <span class='ocrx_word' id='word_1_691' title='bbox 852 4725 1178 4793; x_wconf 59' lang='grc' dir='ltr'>νενικηκώς.</span> <span class='ocrx_word' id='word_1_692' title='bbox 1204 4726 1395 4795; x_wconf 82' lang='grc' dir='ltr'>Τούτῳ</span> <span class='ocrx_word' id='word_1_693' title='bbox 1424 4727 1525 4794; x_wconf 75' lang='grc' dir='ltr'>μὲν</span> <span class='ocrx_word' id='word_1_694' title='bbox 1550 4726 1643 4779; x_wconf 79' lang='grc' dir='ltr'>οὖν</span> <span class='ocrx_word' id='word_1_695' title='bbox 1675 4730 1807 4795; x_wconf 86' lang='grc' dir='ltr'>ἀγο-</span> 
     </span>
    </p>
   </div>
   <div class='ocr_carea' id='block_1_95' title="bbox 232 4817 1808 4887">
    <p class='ocr_par' dir='ltr' id='par_1_95' title="bbox 232 4817 1808 4887">
     <span class='ocr_line' id='line_1_95' title="bbox 232 4817 1808 4887; baseline 0.006 -24"><span class='ocrx_word' id='word_1_696' title='bbox 232 4819 382 4885; x_wconf 72' lang='grc' dir='ltr'>μένῳ</span> <span class='ocrx_word' id='word_1_697' title='bbox 412 4817 542 4883; x_wconf 62' lang='grc' dir='ltr'>πρὶς</span> <span class='ocrx_word' id='word_1_698' title='bbox 568 4817 795 4885; x_wconf 75' lang='grc' dir='ltr'>βασιλέα</span> <span class='ocrx_word' id='word_1_699' title='bbox 825 4820 920 4869; x_wconf 77' lang='grc' dir='ltr'>καὶ</span> <span class='ocrx_word' id='word_1_700' title='bbox 946 4818 976 4885; x_wconf 77' lang='grc' dir='ltr'>ἡ</span> <span class='ocrx_word' id='word_1_701' title='bbox 1005 4818 1297 4887; x_wconf 79' lang='grc' dir='ltr'>θαυμαστὴ</span> <span class='ocrx_word' id='word_1_702' title='bbox 1340 4822 1623 4871; x_wconf 70' lang='grc' dir='ltr'>συνείπετο</span> <span class='ocrx_word' id='word_1_703' title='bbox 1650 4820 1808 4873; x_wconf 76' lang='grc' dir='ltr'>Ἀνα-</span> 
     </span>
    </p>
   </div>
   <div class='ocr_carea' id='block_1_96' title="bbox 238 4908 1807 4979">
    <p class='ocr_par' dir='ltr' id='par_1_96' title="bbox 238 4908 1807 4979">
     <span class='ocr_line' id='line_1_96' title="bbox 238 4908 1807 4979; baseline 0.003 -20"><span class='ocrx_word' id='word_1_704' title='bbox 238 4910 458 4974; x_wconf 82' lang='grc' dir='ltr'>στασίσ,</span> <span class='ocrx_word' id='word_1_705' title='bbox 491 4910 755 4961; x_wconf 75' lang='grc' dir='ltr'>πάντοθεν</span> <span class='ocrx_word' id='word_1_706' title='bbox 787 4908 1163 4977; x_wconf 82' lang='grc' dir='ltr'>συγκροτοῦσα</span> <span class='ocrx_word' id='word_1_707' title='bbox 1190 4912 1283 4962; x_wconf 72' lang='grc' dir='ltr'>καὶ</span> <span class='ocrx_word' id='word_1_708' title='bbox 1316 4910 1386 4961; x_wconf 78' lang='grc' dir='ltr'><strong>τά</strong></span> <span class='ocrx_word' id='word_1_709' title='bbox 1413 4911 1546 4979; x_wconf 78' lang='grc' dir='ltr'>πρὸς</span> <span class='ocrx_word' id='word_1_710' title='bbox 1577 4912 1807 4979; x_wconf 73' lang='grc' dir='ltr'>ἀνδρίαν</span> 
     </span>
    </p>
   </div>
   <div class='ocr_carea' id='block_1_97' title="bbox 229 5002 1845 5074">
    <p class='ocr_par' dir='ltr' id='par_1_97' title="bbox 229 5002 1845 5074">
     <span class='ocr_line' id='line_1_97' title="bbox 229 5002 1845 5074; baseline 0.001 -20"><span class='ocrx_word' id='word_1_711' title='bbox 229 5004 554 5071; x_wconf 53' lang='lat' dir='ltr'><strong>autem“,</strong></span> <span class='ocrx_word' id='word_1_712' title='bbox 581 5002 676 5053; x_wconf 83' lang='grc' dir='ltr'>καὶ</span> <span class='ocrx_word' id='word_1_713' title='bbox 698 5002 956 5054; x_wconf 81' lang='grc' dir='ltr'>δεικνῦσα</span> <span class='ocrx_word' id='word_1_714' title='bbox 994 5003 1186 5069; x_wconf 90' lang='grc' dir='ltr'>γένους</span> <span class='ocrx_word' id='word_1_715' title='bbox 1230 5002 1516 5055; x_wconf 81' lang='grc' dir='ltr'>ἀσθένειαν</span> <span class='ocrx_word' id='word_1_716' title='bbox 1553 5004 1805 5074; x_wconf 74' lang='grc' dir='ltr'>εὐγενείᾳ</span> <span class='ocrx_word' id='word_1_717' title='bbox 1832 5008 1845 5037; x_wconf 79' lang='lat'><strong>&#39;-</strong></span> 
     </span>
    </p>
   </div>
   <div class='ocr_carea' id='block_1_98' title="bbox 231 5093 948 5161">
    <p class='ocr_par' dir='ltr' id='par_1_98' title="bbox 231 5093 948 5161">
     <span class='ocr_line' id='line_1_98' title="bbox 231 5093 948 5161; baseline 0.006 -20"><span class='ocrx_word' id='word_1_718' title='bbox 231 5109 337 5161; x_wconf 73' lang='grc' dir='ltr'><strong>φρο</strong></span> <span class='ocrx_word' id='word_1_719' title='bbox 350 5093 582 5159; x_wconf 69' lang='grc' dir='ltr'>,ἡματος</span> <span class='ocrx_word' id='word_1_720' title='bbox 612 5093 948 5161; x_wconf 72' lang='grc' dir='ltr'>νικωμένην.</span> 
     </span>
    </p>
   </div>
   <div class='ocr_carea' id='block_1_99' title="bbox 305 5183 1805 5255">
    <p class='ocr_par' dir='ltr' id='par_1_99' title="bbox 305 5183 1805 5255">
     <span class='ocr_line' id='line_1_99' title="bbox 305 5183 1805 5255; baseline 0.003 -20"><span class='ocrx_word' id='word_1_721' title='bbox 305 5184 398 5251; x_wconf 72' lang='grc' dir='ltr'>ς’.</span> <span class='ocrx_word' id='word_1_722' title='bbox 439 5183 525 5244; x_wconf 82' lang='grc' dir='ltr'>Ὠς</span> <span class='ocrx_word' id='word_1_723' title='bbox 556 5184 612 5236; x_wconf 66' lang='grc' dir='ltr'>δὲ</span> <span class='ocrx_word' id='word_1_724' title='bbox 644 5187 738 5235; x_wconf 68' lang='grc' dir='ltr'>καὶ</span> <span class='ocrx_word' id='word_1_725' title='bbox 772 5184 1019 5253; x_wconf 81' lang='grc' dir='ltr'>παρέστη</span> <span class='ocrx_word' id='word_1_726' title='bbox 1039 5185 1116 5255; x_wconf 84' lang='grc' dir='ltr'>τῷ</span> <span class='ocrx_word' id='word_1_727' title='bbox 1140 5185 1350 5255; x_wconf 81' lang='grc' dir='ltr'>βασιλεῖ</span> <span class='ocrx_word' id='word_1_728' title='bbox 1378 5187 1747 5253; x_wconf 81' lang='grc' dir='ltr'>Χρυσόγονος,</span> <span class='ocrx_word' id='word_1_729' title='bbox 1776 5189 1805 5239; x_wconf 84' lang='grc' dir='ltr'><strong><em>ὁ</em></strong></span> 
     </span>
    </p>
   </div>
   <div class='ocr_carea' id='block_1_100' title="bbox 234 5276 1802 5349">
    <p class='ocr_par' dir='ltr' id='par_1_100' title="bbox 234 5276 1802 5349">
     <span class='ocr_line' id='line_1_100' title="bbox 234 5276 1802 5349; baseline 0.003 -22"><span class='ocrx_word' id='word_1_730' title='bbox 234 5278 330 5346; x_wconf 76' lang='grc' dir='ltr'>μὲν</span> <span class='ocrx_word' id='word_1_731' title='bbox 358 5276 560 5329; x_wconf 76' lang='grc' dir='ltr'>αὐτίκα</span> <span class='ocrx_word' id='word_1_732' title='bbox 603 5278 846 5347; x_wconf 72' lang='grc' dir='ltr'>ῥήμασιν</span> <span class='ocrx_word' id='word_1_733' title='bbox 894 5281 1224 5348; x_wconf 71' lang='grc' dir='ltr'>ἠπιωτέροις</span> <span class='ocrx_word' id='word_1_734' title='bbox 1261 5282 1487 5348; x_wconf 64' lang='grc' dir='ltr'>ἐχρῆτο,</span> <span class='ocrx_word' id='word_1_735' title='bbox 1522 5280 1802 5349; x_wconf 56' lang='lat' dir='ltr'><strong>nucem,</strong></span> 
     </span>
    </p>
   </div>
   <div class='ocr_carea' id='block_1_101' title="bbox 228 5362 1805 5441">
    <p class='ocr_par' dir='ltr' id='par_1_101' title="bbox 228 5362 1805 5441">
     <span class='ocr_line' id='line_1_101' title="bbox 228 5362 1805 5441; baseline 0.004 -23"><span class='ocrx_word' id='word_1_736' title='bbox 228 5368 425 5434; x_wconf 75' lang='grc' dir='ltr'>λέγων,</span> <span class='ocrx_word' id='word_1_737' title='bbox 461 5362 507 5419; x_wconf 77' lang='grc' dir='ltr'><strong>ὦ</strong></span> <span class='ocrx_word' id='word_1_738' title='bbox 536 5369 869 5437; x_wconf 67' lang='grc' dir='ltr'>Χρυσόγ-υνε,</span> <span class='ocrx_word' id='word_1_739' title='bbox 899 5372 1187 5423; x_wconf 74' lang='grc' dir='ltr'>συνθέσθαι</span> <span class='ocrx_word' id='word_1_740' title='bbox 1217 5374 1329 5433; x_wconf 82' lang='grc' dir='ltr'>τοῖς</span> <span class='ocrx_word' id='word_1_741' title='bbox 1369 5374 1681 5441; x_wconf 75' lang='grc' dir='ltr'>ἡμετέροις,</span> <span class='ocrx_word' id='word_1_742' title='bbox 1709 5373 1805 5425; x_wconf 80' lang='grc' dir='ltr'>καὶ</span> 
     </span>
    </p>
   </div>
   <div class='ocr_carea' id='block_1_102' title="bbox 231 5460 1805 5533">
    <p class='ocr_par' dir='ltr' id='par_1_102' title="bbox 231 5460 1805 5533">
     <span class='ocr_line' id='line_1_102' title="bbox 231 5460 1805 5533; baseline 0.004 -23"><span class='ocrx_word' id='word_1_743' title='bbox 231 5462 370 5521; x_wconf 76' lang='grc' dir='ltr'>θεοῖς</span> <span class='ocrx_word' id='word_1_744' title='bbox 404 5460 502 5528; x_wconf 77' lang='grc' dir='ltr'>μὲν</span> <span class='ocrx_word' id='word_1_745' title='bbox 533 5461 890 5529; x_wconf 74' lang='grc' dir='ltr'>χαρίσασθαι,</span> <span class='ocrx_word' id='word_1_746' title='bbox 942 5463 1119 5532; x_wconf 85' lang='grc' dir='ltr'>σαυτῷ</span> <span class='ocrx_word' id='word_1_747' title='bbox 1146 5462 1201 5515; x_wconf 70' lang='grc' dir='ltr'>δὲ</span> <span class='ocrx_word' id='word_1_748' title='bbox 1223 5464 1289 5515; x_wconf 76' lang='grc' dir='ltr'><strong>τά</strong></span> <span class='ocrx_word' id='word_1_749' title='bbox 1320 5464 1517 5533; x_wconf 76' lang='grc' dir='ltr'>ἥδιστα</span> <span class='ocrx_word' id='word_1_750' title='bbox 1552 5464 1659 5516; x_wconf 90' lang='grc' dir='ltr'><strong>τῶν</strong></span> <span class='ocrx_word' id='word_1_751' title='bbox 1709 5464 1805 5517; x_wconf 81' lang='grc' dir='ltr'>ἀλ-</span> 
     </span>
    </p>
   </div>
   <div class='ocr_carea' id='block_1_103' title="bbox 230 5552 1802 5625">
    <p class='ocr_par' dir='ltr' id='par_1_103' title="bbox 230 5552 1802 5625">
     <span class='ocr_line' id='line_1_103' title="bbox 230 5552 1802 5625; baseline 0.004 -23"><span class='ocrx_word' id='word_1_752' title='bbox 230 5552 561 5616; x_wconf 74' lang='grc' dir='ltr'>γεινοτατων</span> <span class='ocrx_word' id='word_1_753' title='bbox 595 5552 689 5603; x_wconf 72' lang='grc' dir='ltr'>καὶ</span> <span class='ocrx_word' id='word_1_754' title='bbox 752 5554 819 5604; x_wconf 68' lang='grc' dir='ltr'><strong>τά</strong></span> <span class='ocrx_word' id='word_1_755' title='bbox 871 5555 1223 5625; x_wconf 76' lang='grc' dir='ltr'>συμφέροντα</span> <span class='ocrx_word' id='word_1_756' title='bbox 1277 5555 1384 5606; x_wconf 91' lang='grc' dir='ltr'><strong>τῶν</strong></span> <span class='ocrx_word' id='word_1_757' title='bbox 1416 5555 1476 5607; x_wconf 78' lang='grc' dir='ltr'><strong>οὐ</strong></span> <span class='ocrx_word' id='word_1_758' title='bbox 1506 5556 1802 5609; x_wconf 84' lang='grc' dir='ltr'>λυσιτελῶν</span> 
     </span>
    </p>
   </div>
   <div class='ocr_carea' id='block_1_104' title="bbox 230 5645 1800 5715">
    <p class='ocr_par' dir='ltr' id='par_1_104' title="bbox 230 5645 1800 5715">
     <span class='ocr_line' id='line_1_104' title="bbox 230 5645 1800 5715; baseline 0.003 -19"><span class='ocrx_word' id='word_1_759' title='bbox 230 5645 575 5697; x_wconf 75' lang='grc' dir='ltr'>ἀνθελέσθαι.</span> <span class='ocrx_word' id='word_1_760' title='bbox 613 5645 686 5698; x_wconf 82' lang='grc' dir='ltr'>Εῦ</span> <span class='ocrx_word' id='word_1_761' title='bbox 712 5647 817 5715; x_wconf 84' lang='grc' dir='ltr'><strong>γὰρ</strong></span> <span class='ocrx_word' id='word_1_762' title='bbox 845 5648 953 5701; x_wconf 85' lang='grc' dir='ltr'>ῖσθι</span> <span class='ocrx_word' id='word_1_763' title='bbox 982 5648 1056 5710; x_wconf 90' lang='grc' dir='ltr'><strong>ώς</strong></span> <span class='ocrx_word' id='word_1_764' title='bbox 1084 5648 1145 5700; x_wconf 83' lang='grc' dir='ltr'><strong>οὐ</strong></span> <span class='ocrx_word' id='word_1_765' title='bbox 1180 5647 1337 5715; x_wconf 77' lang='grc' dir='ltr'>μόνον</span> <span class='ocrx_word' id='word_1_766' title='bbox 1368 5664 1449 5699; x_wconf 72' lang='grc' dir='ltr'><strong>σοι</strong></span> <span class='ocrx_word' id='word_1_767' title='bbox 1480 5650 1575 5708; x_wconf 73' lang='grc' dir='ltr'><strong>τας</strong></span> <span class='ocrx_word' id='word_1_768' title='bbox 1608 5664 1667 5700; x_wconf 87' lang='grc' dir='ltr'><strong>τε</strong></span> <span class='ocrx_word' id='word_1_769' title='bbox 1701 5647 1800 5712; x_wconf 85' lang='grc' dir='ltr'><strong>βα-</strong></span> 
     </span>
    </p>
   </div>
   <div class='ocr_carea' id='block_1_105' title="bbox 230 5739 1800 5808">
    <p class='ocr_par' dir='ltr' id='par_1_105' title="bbox 230 5739 1800 5808">
     <span class='ocr_line' id='line_1_105' title="bbox 230 5739 1800 5808; baseline 0.003 -19"><span class='ocrx_word' id='word_1_770' title='bbox 230 5741 426 5802; x_wconf 70' lang='grc' dir='ltr'>σάνους</span> <span class='ocrx_word' id='word_1_771' title='bbox 467 5742 767 5808; x_wconf 83' lang='grc' dir='ltr'>ἀνήσομεν,</span> <span class='ocrx_word' id='word_1_772' title='bbox 794 5740 856 5791; x_wconf 88' lang='grc' dir='ltr'><strong>τό</strong></span> <span class='ocrx_word' id='word_1_773' title='bbox 891 5758 951 5793; x_wconf 89' lang='grc' dir='ltr'><strong>τε</strong></span> <span class='ocrx_word' id='word_1_774' title='bbox 993 5742 1278 5794; x_wconf 82' lang='grc' dir='ltr'>κάλλιστον</span> <span class='ocrx_word' id='word_1_775' title='bbox 1310 5739 1471 5793; x_wconf 86' lang='grc' dir='ltr'>τοῦτο</span> <span class='ocrx_word' id='word_1_776' title='bbox 1508 5741 1599 5793; x_wconf 77' lang='grc' dir='ltr'>καὶ</span> <span class='ocrx_word' id='word_1_777' title='bbox 1632 5742 1800 5793; x_wconf 76' lang='grc' dir='ltr'>πᾶσιν</span> 
     </span>
    </p>
   </div>
   <div class='ocr_carea' id='block_1_106' title="bbox 230 5831 1800 5903">
    <p class='ocr_par' dir='ltr' id='par_1_106' title="bbox 230 5831 1800 5903">
     <span class='ocr_line' id='line_1_106' title="bbox 230 5831 1800 5903; baseline 0.003 -21"><span class='ocrx_word' id='word_1_778' title='bbox 230 5833 326 5899; x_wconf 63' lang='grc' dir='ltr'><strong>ἡδὺ</strong></span> <span class='ocrx_word' id='word_1_779' title='bbox 356 5832 702 5902; x_wconf 74' lang='grc' dir='ltr'>χαριούμεθα</span> <span class='ocrx_word' id='word_1_780' title='bbox 732 5831 868 5900; x_wconf 57' lang='grc' dir='ltr'>φῶς,</span> <span class='ocrx_word' id='word_1_781' title='bbox 887 5834 1002 5887; x_wconf 80' lang='grc' dir='ltr'>ἀλλ’</span> <span class='ocrx_word' id='word_1_782' title='bbox 1027 5835 1226 5886; x_wconf 75' lang='grc' dir='ltr'>αὐτί..α</span> <span class='ocrx_word' id='word_1_783' title='bbox 1254 5848 1312 5885; x_wconf 89' lang='grc' dir='ltr'><strong>σε</strong></span> <span class='ocrx_word' id='word_1_784' title='bbox 1346 5834 1437 5885; x_wconf 75' lang='grc' dir='ltr'>καὶ</span> <span class='ocrx_word' id='word_1_785' title='bbox 1469 5832 1687 5902; x_wconf 81' lang='grc' dir='ltr'>Ῥώμης</span> <span class='ocrx_word' id='word_1_786' title='bbox 1704 5834 1800 5903; x_wconf 72' lang='grc' dir='ltr'>τῆς</span> 
     </span>
    </p>
   </div>
   <div class='ocr_carea' id='block_1_107' title="bbox 1912 4640 3487 4709">
    <p class='ocr_par' dir='ltr' id='par_1_107' title="bbox 1912 4640 3487 4709">
     <span class='ocr_line' id='line_1_107' title="bbox 1912 4640 3487 4709; baseline 0.003 -16"><span class='ocrx_word' id='word_1_787' title='bbox 1912 4640 2285 4702; x_wconf 88' lang='lat' dir='ltr'><strong>considerans,</strong></span> <span class='ocrx_word' id='word_1_788' title='bbox 2308 4642 2452 4709; x_wconf 89' lang='lat' dir='ltr'><strong>quod</strong></span> <span class='ocrx_word' id='word_1_789' title='bbox 2490 4644 2534 4695; x_wconf 90' lang='lat' dir='ltr'><strong>si</strong></span> <span class='ocrx_word' id='word_1_790' title='bbox 2559 4641 2708 4695; x_wconf 89' lang='lat' dir='ltr'><strong>illum</strong></span> <span class='ocrx_word' id='word_1_791' title='bbox 2740 4643 2987 4703; x_wconf 85' lang='lat' dir='ltr'><strong>vicisset,</strong></span> <span class='ocrx_word' id='word_1_792' title='bbox 3011 4656 3204 4696; x_wconf 88' lang='lat' dir='ltr'><strong>omnes</strong></span> <span class='ocrx_word' id='word_1_793' title='bbox 3234 4644 3487 4709; x_wconf 86' lang='lat' dir='ltr'><strong>protinus</strong></span> 
     </span>
    </p>
   </div>
   <div class='ocr_carea' id='block_1_108' title="bbox 1910 4730 3487 4799">
    <p class='ocr_par' dir='ltr' id='par_1_108' title="bbox 1910 4730 3487 4799">
     <span class='ocr_line' id='line_1_108' title="bbox 1910 4730 3487 4799; baseline 0.003 -17"><span class='ocrx_word' id='word_1_794' title='bbox 1910 4737 2031 4783; x_wconf 91' lang='lat' dir='ltr'><strong>erat</strong></span> <span class='ocrx_word' id='word_1_795' title='bbox 2056 4740 2438 4798; x_wconf 78' lang='lat' dir='ltr'><strong>superaturos.</strong></span> <span class='ocrx_word' id='word_1_796' title='bbox 2467 4731 2644 4799; x_wconf 81' lang='lat' dir='ltr'><strong>Atque</strong></span> <span class='ocrx_word' id='word_1_797' title='bbox 2675 4730 2725 4784; x_wconf 90' lang='lat' dir='ltr'><strong>ei</strong></span> <span class='ocrx_word' id='word_1_798' title='bbox 2757 4730 3000 4798; x_wconf 89' lang='lat' dir='ltr'><strong>quidem,</strong></span> <span class='ocrx_word' id='word_1_799' title='bbox 3039 4746 3164 4785; x_wconf 87' lang='lat' dir='ltr'><strong>eum</strong></span> <span class='ocrx_word' id='word_1_800' title='bbox 3194 4732 3487 4787; x_wconf 85' lang='lat' dir='ltr'><strong>duceretur</strong></span> 
     </span>
    </p>
   </div>
   <div class='ocr_carea' id='block_1_109' title="bbox 1910 4820 3486 4889">
    <p class='ocr_par' dir='ltr' id='par_1_109' title="bbox 1910 4820 3486 4889">
     <span class='ocr_line' id='line_1_109' title="bbox 1910 4820 3486 4889; baseline 0.003 -17"><span class='ocrx_word' id='word_1_801' title='bbox 1910 4820 1978 4873; x_wconf 86' lang='lat' dir='ltr'><strong>ad</strong></span> <span class='ocrx_word' id='word_1_802' title='bbox 2032 4822 2457 4888; x_wconf 79' lang='lat' dir='ltr'><strong>imperatorem,</strong></span> <span class='ocrx_word' id='word_1_803' title='bbox 2522 4835 2707 4875; x_wconf 82' lang='lat' dir='ltr'><strong>comes</strong></span> <span class='ocrx_word' id='word_1_804' title='bbox 2751 4821 2855 4875; x_wconf 85' lang='lat' dir='ltr'><strong>fuit</strong></span> <span class='ocrx_word' id='word_1_805' title='bbox 2906 4823 3213 4885; x_wconf 81' lang='lat' dir='ltr'><strong>Anastasia,</strong></span> <span class='ocrx_word' id='word_1_806' title='bbox 3244 4823 3486 4889; x_wconf 72' lang='lat' dir='ltr'><strong>uidique</strong></span> 
     </span>
    </p>
   </div>
   <div class='ocr_carea' id='block_1_110' title="bbox 1908 4911 3484 4981">
    <p class='ocr_par' dir='ltr' id='par_1_110' title="bbox 1908 4911 3484 4981">
     <span class='ocr_line' id='line_1_110' title="bbox 1908 4911 3484 4981; baseline 0.001 -15"><span class='ocrx_word' id='word_1_807' title='bbox 1908 4911 2195 4966; x_wconf 79' lang='lat' dir='ltr'><strong>conferens</strong></span> <span class='ocrx_word' id='word_1_808' title='bbox 2232 4923 2288 4965; x_wconf 87' lang='lat' dir='ltr'><strong>et</strong></span> <span class='ocrx_word' id='word_1_809' title='bbox 2311 4926 2635 4979; x_wconf 81' lang='lat' dir='ltr'><strong>comparans</strong></span> <span class='ocrx_word' id='word_1_810' title='bbox 2670 4926 2733 4964; x_wconf 91' lang='lat' dir='ltr'><strong>ea</strong></span> <span class='ocrx_word' id='word_1_811' title='bbox 2759 4928 2881 4981; x_wconf 74' lang='lat' dir='ltr'><strong>qua:</strong></span> <span class='ocrx_word' id='word_1_812' title='bbox 2923 4914 3271 4981; x_wconf 80' lang='lat' dir='ltr'><strong>pertinebant</strong></span> <span class='ocrx_word' id='word_1_813' title='bbox 3291 4916 3357 4967; x_wconf 91' lang='lat' dir='ltr'><strong>ad</strong></span> <span class='ocrx_word' id='word_1_814' title='bbox 3385 4930 3484 4967; x_wconf 87' lang='lat' dir='ltr'><strong>au-</strong></span> 
     </span>
    </p>
   </div>
   <div class='ocr_carea' id='block_1_111' title="bbox 1910 5004 3485 5075">
    <p class='ocr_par' dir='ltr' id='par_1_111' title="bbox 1910 5004 3485 5075">
     <span class='ocr_line' id='line_1_111' title="bbox 1910 5004 3485 5075; baseline 0.001 -15"><span class='ocrx_word' id='word_1_815' title='bbox 1910 5008 2137 5075; x_wconf 74' lang='lat' dir='ltr'><strong>gendam</strong></span> <span class='ocrx_word' id='word_1_816' title='bbox 2178 5004 2348 5057; x_wconf 89' lang='lat' dir='ltr'><strong>animi</strong></span> <span class='ocrx_word' id='word_1_817' title='bbox 2395 5005 2851 5074; x_wconf 71' lang='lat' dir='ltr'><strong>magnitudinem,</strong></span> <span class='ocrx_word' id='word_1_818' title='bbox 2885 5016 2941 5059; x_wconf 92' lang='lat' dir='ltr'><strong>et</strong></span> <span class='ocrx_word' id='word_1_819' title='bbox 2988 5008 3283 5060; x_wconf 87' lang='lat' dir='ltr'><strong>ostendens</strong></span> <span class='ocrx_word' id='word_1_820' title='bbox 3320 5022 3485 5061; x_wconf 83' lang='lat' dir='ltr'><strong>sexus</strong></span> 
     </span>
    </p>
   </div>
   <div class='ocr_carea' id='block_1_112' title="bbox 1913 5096 3480 5168">
    <p class='ocr_par' dir='ltr' id='par_1_112' title="bbox 1913 5096 3480 5168">
     <span class='ocr_line' id='line_1_112' title="bbox 1913 5096 3480 5168; baseline 0.003 -18"><span class='ocrx_word' id='word_1_821' title='bbox 1913 5097 2339 5151; x_wconf 88' lang='lat' dir='ltr'><strong>imbecillitatem</strong></span> <span class='ocrx_word' id='word_1_822' title='bbox 2360 5098 2554 5151; x_wconf 87' lang='lat' dir='ltr'><strong>vincia</strong></span> <span class='ocrx_word' id='word_1_823' title='bbox 2580 5096 2949 5167; x_wconf 81' lang='lat' dir='ltr'><strong>magnitudine</strong></span> <span class='ocrx_word' id='word_1_824' title='bbox 2966 5099 3210 5153; x_wconf 91' lang='lat' dir='ltr'><strong>animiet</strong></span> <span class='ocrx_word' id='word_1_825' title='bbox 3233 5101 3480 5168; x_wconf 89' lang='lat' dir='ltr'><strong>spiritus.</strong></span> 
     </span>
    </p>
   </div>
   <div class='ocr_carea' id='block_1_113' title="bbox 1979 5191 3476 5263">
    <p class='ocr_par' dir='ltr' id='par_1_113' title="bbox 1979 5191 3476 5263">
     <span class='ocr_line' id='line_1_113' title="bbox 1979 5191 3476 5263; baseline -0.001 -18"><span class='ocrx_word' id='word_1_826' title='bbox 1979 5191 2067 5245; x_wconf 77' lang='lat' dir='ltr'><strong>Vl.</strong></span> <span class='ocrx_word' id='word_1_827' title='bbox 2092 5191 2383 5259; x_wconf 83' lang='lat' dir='ltr'><strong>Postquam</strong></span> <span class='ocrx_word' id='word_1_828' title='bbox 2404 5206 2531 5244; x_wconf 88' lang='lat' dir='ltr'><strong>vero</strong></span> <span class='ocrx_word' id='word_1_829' title='bbox 2552 5200 2677 5244; x_wconf 90' lang='lat' dir='ltr'><strong>ante</strong></span> <span class='ocrx_word' id='word_1_830' title='bbox 2693 5191 3077 5260; x_wconf 90' lang='lat' dir='ltr'><strong>imperatorem</strong></span> <span class='ocrx_word' id='word_1_831' title='bbox 3099 5193 3275 5246; x_wconf 87' lang='lat' dir='ltr'><strong>astitit</strong></span> <span class='ocrx_word' id='word_1_832' title='bbox 3299 5193 3476 5263; x_wconf 83' lang='lat' dir='ltr'><strong>Chry-</strong></span> 
     </span>
    </p>
   </div>
   <div class='ocr_carea' id='block_1_114' title="bbox 1907 5280 3481 5350">
    <p class='ocr_par' dir='ltr' id='par_1_114' title="bbox 1907 5280 3481 5350">
     <span class='ocr_line' id='line_1_114' title="bbox 1907 5280 3481 5350; baseline 0.001 -16"><span class='ocrx_word' id='word_1_833' title='bbox 1907 5295 2166 5350; x_wconf 85' lang='lat' dir='ltr'><strong>sogonus,</strong></span> <span class='ocrx_word' id='word_1_834' title='bbox 2199 5280 2287 5334; x_wconf 85' lang='lat' dir='ltr'><strong>ille</strong></span> <span class='ocrx_word' id='word_1_835' title='bbox 2306 5280 2526 5349; x_wconf 84' lang='lat' dir='ltr'><strong>quidem</strong></span> <span class='ocrx_word' id='word_1_836' title='bbox 2556 5281 2740 5334; x_wconf 86' lang='lat' dir='ltr'><strong>statim</strong></span> <span class='ocrx_word' id='word_1_837' title='bbox 2766 5282 2949 5335; x_wconf 88' lang='lat' dir='ltr'><strong>verbis</strong></span> <span class='ocrx_word' id='word_1_838' title='bbox 2988 5296 3120 5335; x_wconf 86' lang='lat' dir='ltr'><strong>usus</strong></span> <span class='ocrx_word' id='word_1_839' title='bbox 3144 5292 3226 5337; x_wconf 87' lang='lat' dir='ltr'><strong>est</strong></span> <span class='ocrx_word' id='word_1_840' title='bbox 3247 5283 3481 5338; x_wconf 84' lang='lat' dir='ltr'><strong>mitiori-</strong></span> 
     </span>
    </p>
   </div>
   <div class='ocr_carea' id='block_1_115' title="bbox 1906 5370 3478 5445">
    <p class='ocr_par' dir='ltr' id='par_1_115' title="bbox 1906 5370 3478 5445">
     <span class='ocr_line' id='line_1_115' title="bbox 1906 5370 3478 5445; baseline 0.003 -22"><span class='ocrx_word' id='word_1_841' title='bbox 1906 5370 2009 5424; x_wconf 88' lang='lat' dir='ltr'><strong>bus</strong></span> <span class='ocrx_word' id='word_1_842' title='bbox 2048 5388 2063 5423; x_wconf 88' lang='lat'><strong>:</strong></span> <span class='ocrx_word' id='word_1_843' title='bbox 2097 5372 2488 5432; x_wconf 84' lang='lat' dir='ltr'><strong>Persuadeare,</strong></span> <span class='ocrx_word' id='word_1_844' title='bbox 2534 5386 2567 5424; x_wconf 86' lang='grc' dir='ltr'><strong>ο</strong></span> <span class='ocrx_word' id='word_1_845' title='bbox 2594 5370 2965 5442; x_wconf 80' lang='lat' dir='ltr'><strong>Chrysogone,</strong></span> <span class='ocrx_word' id='word_1_846' title='bbox 2998 5374 3198 5428; x_wconf 83' lang='lat' dir='ltr'><strong>nostris</strong></span> <span class='ocrx_word' id='word_1_847' title='bbox 3218 5374 3478 5445; x_wconf 82' lang='lat' dir='ltr'><strong>conjungi</strong></span> 
     </span>
    </p>
   </div>
   <div class='ocr_carea' id='block_1_116' title="bbox 1909 5464 3477 5535">
    <p class='ocr_par' dir='ltr' id='par_1_116' title="bbox 1909 5464 3477 5535">
     <span class='ocr_line' id='line_1_116' title="bbox 1909 5464 3477 5535; baseline 0.005 -20"><span class='ocrx_word' id='word_1_848' title='bbox 1909 5464 2181 5531; x_wconf 82' lang='lat' dir='ltr'><strong>partibus,</strong></span> <span class='ocrx_word' id='word_1_849' title='bbox 2216 5472 2272 5518; x_wconf 90' lang='lat' dir='ltr'><strong>et</strong></span> <span class='ocrx_word' id='word_1_850' title='bbox 2314 5464 2422 5518; x_wconf 90' lang='lat' dir='ltr'><strong>diis</strong></span> <span class='ocrx_word' id='word_1_851' title='bbox 2447 5464 2668 5533; x_wconf 82' lang='lat' dir='ltr'><strong>quidem</strong></span> <span class='ocrx_word' id='word_1_852' title='bbox 2710 5466 3029 5535; x_wconf 78' lang='lat' dir='ltr'><strong>gratiﬁcari,</strong></span> <span class='ocrx_word' id='word_1_853' title='bbox 3072 5467 3169 5521; x_wconf 90' lang='lat' dir='ltr'><strong>tibi</strong></span> <span class='ocrx_word' id='word_1_854' title='bbox 3195 5478 3379 5522; x_wconf 85' lang='lat' dir='ltr'><strong>autem</strong></span> <span class='ocrx_word' id='word_1_855' title='bbox 3412 5484 3477 5523; x_wconf 89' lang='lat' dir='ltr'><strong>ea</strong></span> 
     </span>
    </p>
   </div>
   <div class='ocr_carea' id='block_1_117' title="bbox 1908 5556 3480 5627">
    <p class='ocr_par' dir='ltr' id='par_1_117' title="bbox 1908 5556 3480 5627">
     <span class='ocr_line' id='line_1_117' title="bbox 1908 5556 3480 5627; baseline 0.004 -18"><span class='ocrx_word' id='word_1_856' title='bbox 1908 5572 2032 5625; x_wconf 69' lang='lat' dir='ltr'><strong>qua</strong></span> <span class='ocrx_word' id='word_1_857' title='bbox 2064 5566 2195 5610; x_wconf 86' lang='lat' dir='ltr'><strong>sunt</strong></span> <span class='ocrx_word' id='word_1_858' title='bbox 2235 5556 2653 5627; x_wconf 67' lang='lat' dir='ltr'><strong>iucundissima,</strong></span> <span class='ocrx_word' id='word_1_859' title='bbox 2703 5559 2962 5625; x_wconf 72' lang='lat' dir='ltr'><strong>praeferre</strong></span> <span class='ocrx_word' id='word_1_860' title='bbox 3015 5562 3366 5625; x_wconf 84' lang='lat' dir='ltr'><strong>tristissimis,</strong></span> <span class='ocrx_word' id='word_1_861' title='bbox 3423 5571 3480 5615; x_wconf 90' lang='lat' dir='ltr'><strong>et</strong></span> 
     </span>
    </p>
   </div>
   <div class='ocr_carea' id='block_1_118' title="bbox 1905 5649 3479 5718">
    <p class='ocr_par' dir='ltr' id='par_1_118' title="bbox 1905 5649 3479 5718">
     <span class='ocr_line' id='line_1_118' title="bbox 1905 5649 3479 5718; baseline 0.003 -16"><span class='ocrx_word' id='word_1_862' title='bbox 1905 5665 2028 5718; x_wconf 57' lang='lat' dir='ltr'><strong>quae</strong></span> <span class='ocrx_word' id='word_1_863' title='bbox 2056 5658 2184 5703; x_wconf 87' lang='lat' dir='ltr'><strong>sunt</strong></span> <span class='ocrx_word' id='word_1_864' title='bbox 2212 5649 2597 5712; x_wconf 88' lang='lat' dir='ltr'><strong>conducibilia,</strong></span> <span class='ocrx_word' id='word_1_865' title='bbox 2626 5650 2853 5706; x_wconf 87' lang='lat' dir='ltr'><strong>minime</strong></span> <span class='ocrx_word' id='word_1_866' title='bbox 2886 5652 3133 5708; x_wconf 89' lang='lat' dir='ltr'><strong>utilibus.</strong></span> <span class='ocrx_word' id='word_1_867' title='bbox 3168 5654 3295 5707; x_wconf 86' lang='lat' dir='ltr'><strong>Scio</strong></span> <span class='ocrx_word' id='word_1_868' title='bbox 3331 5656 3479 5707; x_wconf 72' lang='lat' dir='ltr'><strong>enim</strong></span> 
     </span>
    </p>
   </div>
   <div class='ocr_carea' id='block_1_119' title="bbox 1907 5742 3481 5806">
    <p class='ocr_par' dir='ltr' id='par_1_119' title="bbox 1907 5742 3481 5806">
     <span class='ocr_line' id='line_1_119' title="bbox 1907 5742 3481 5806; baseline 0.003 -10"><span class='ocrx_word' id='word_1_869' title='bbox 1907 5742 2042 5804; x_wconf 90' lang='lat' dir='ltr'><strong>fore,</strong></span> <span class='ocrx_word' id='word_1_870' title='bbox 2063 5752 2122 5796; x_wconf 92' lang='lat' dir='ltr'><strong>ut</strong></span> <span class='ocrx_word' id='word_1_871' title='bbox 2146 5743 2243 5797; x_wconf 87' lang='lat' dir='ltr'><strong>tibi</strong></span> <span class='ocrx_word' id='word_1_872' title='bbox 2268 5758 2375 5797; x_wconf 90' lang='lat' dir='ltr'><strong>non</strong></span> <span class='ocrx_word' id='word_1_873' title='bbox 2402 5743 2575 5797; x_wconf 86' lang='lat' dir='ltr'><strong>solum</strong></span> <span class='ocrx_word' id='word_1_874' title='bbox 2595 5753 2865 5799; x_wconf 87' lang='lat' dir='ltr'><strong>tormenta</strong></span> <span class='ocrx_word' id='word_1_875' title='bbox 2883 5747 3245 5806; x_wconf 77' lang='lat' dir='ltr'><strong>remittamus.</strong></span> <span class='ocrx_word' id='word_1_876' title='bbox 3268 5756 3322 5801; x_wconf 91' lang='lat' dir='ltr'><strong>et</strong></span> <span class='ocrx_word' id='word_1_877' title='bbox 3341 5747 3481 5801; x_wconf 87' lang='lat' dir='ltr'><strong>hane</strong></span> 
     </span>
    </p>
   </div>
   <div class='ocr_carea' id='block_1_120' title="bbox 1908 5834 3477 5905">
    <p class='ocr_par' dir='ltr' id='par_1_120' title="bbox 1908 5834 3477 5905">
     <span class='ocr_line' id='line_1_120' title="bbox 1908 5834 3477 5905; baseline 0.003 -17"><span class='ocrx_word' id='word_1_878' title='bbox 1908 5834 2335 5903; x_wconf 88' lang='lat' dir='ltr'><strong>pulcherrimam</strong></span> <span class='ocrx_word' id='word_1_879' title='bbox 2378 5836 2742 5905; x_wconf 82' lang='lat' dir='ltr'><strong>omnibusque</strong></span> <span class='ocrx_word' id='word_1_880' title='bbox 2783 5837 3237 5905; x_wconf 72' lang='lat' dir='ltr'><strong>iucundissimam</strong></span> <span class='ocrx_word' id='word_1_881' title='bbox 3296 5840 3477 5895; x_wconf 71' lang='lat' dir='ltr'><strong>lucem</strong></span> 
     </span>
    </p>
   </div>
  </div>
