4252 6440
779 391 885 456 579

2022 389 2314 451 MENSIS
2361 391 2800 454 DECEMBER.

3940 398 4062 461 530

777 501 1094 569 largiamur,
1117 497 1211 552 sed
1244 508 1293 552 te
1325 497 1491 552 etiam
1525 495 1953 551 statimefliciam
1975 513 2182 568 magna:
2199 498 2356 551 urbis
2387 507 2410 561 Α

2461 503 2732 572 μεγίστης
2757 502 2999 573 ἔπαρχον
3025 503 3318 568 ἀποδείξω.
3389 503 3447 557 '0
3483 505 3542 558 δέ
3577 505 3718 576 μήτε
3749 506 3852 576 τῆς
3883 510 4064 578 βασι-

780 592 963 645 Romae
1005 591 1344 661 prtefectum.
1383 590 1478 642 llle
1510 599 1694 643 autem
1725 606 1826 644 nec
1859 589 2222 660 imperatoria:
2248 604 2348 659 ρο-

777 684 989 738 testatis
1031 682 1450 750 obstupefactus
1489 683 1891 752 magnitudine,
1939 696 2120 751 neque
2173 682 2350 736 dono-

778 790 896 830 rum
925 774 1096 836 ﬂexus
1151 775 1354 843 ingenti
1416 774 1714 841 oblatione,
1763 774 1935 828 libere
1970 774 2131 852 Odixit
2180 793 2193 828 :
2242 774 2349 845 Ego

777 881 944 920 unum
988 867 1162 919 solum
1212 865 1336 917 novi
1379 865 1575 928 Deum,
1619 877 1674 920 et
1718 882 1842 920 eum
1885 866 2107 935 quidem
2159 866 2349 936 judico

775 959 968 1028 quavis
999 960 1114 1011 luce
1150 960 1463 1012 suaviorem
1494 999 1508 1023 ,
1536 959 1730 1028 quavis
1764 975 1893 1013 vero
1928 962 2036 1012 vita
2060 959 2346 1014 desidera-

776 1049 1048 1108 biliorem,
1079 1051 1334 1103 omnibus
1369 1059 1549 1102 autem
1587 1051 1836 1118 pecuniis
1862 1049 2343 1118 quaestuosiorem.

775 1138 911 1191 Eum
941 1145 997 1190 et
1023 1139 1202 1190 anima
1235 1141 1375 1202 colo,
1406 1139 1656 1207 etlabris
1686 1141 1968 1202 conliteor,
2003 1149 2056 1193 et
2091 1139 2348 1194 omnibus

772 1229 1087 1284 videntibus
1116 1231 1285 1283 adoro
1315 1231 1565 1299 genibus.
1596 1232 1832 1284 Deorum
1879 1240 2061 1284 autem
2097 1231 2349 1285 multitu-

771 1321 956 1373 dinem
988 1333 1042 1371 ιιι
1076 1321 1286 1374 fabulas
1316 1333 1370 1374 et
1402 1322 1699 1378 dzemones.
1729 1330 1936 1374 tantum
1966 1321 2120 1375 abest
2157 1329 2216 1374 ut
2256 1337 2349 1376 co-

771 1411 899 1475 lam,
966 1419 1024 1465 ut
1076 1413 1178 1464 sim
1255 1415 1500 1482 ejusdem
1552 1428 1677 1466 cum
1735 1414 1960 1468 Socrate
2027 1417 2335 1478 sententiae,

771 1513 1023 1571 oportere
1060 1518 1155 1556 eos
1186 1503 1372 1572 fugere
1405 1519 1506 1573 pro
1540 1505 1773 1566 viribus.
1805 1514 1862 1557 ut
1894 1506 1988 1573 qui
2021 1507 2130 1559 sint
2167 1507 2347 1559 homi-

771 1609 900 1647 num
931 1594 1213 1662 deceptio,
1245 1605 1299 1648 et
1327 1596 1634 1648 animarum
1670 1605 1855 1664 aperta
1889 1597 2184 1664 pernicies.
2217 1598 2349 1662 Quae

772 1701 903 1738 vero
938 1701 966 1738 a
1017 1695 1068 1740 te
1125 1686 1258 1740 mihi
1310 1697 1692 1756 proponuntur
1731 1702 1957 1740 munera
1998 1699 2054 1742 et
2086 1689 2347 1752 honores,

772 1777 906 1830 nihil
970 1778 1167 1831 melius
1225 1779 1425 1831 habere
1481 1778 1755 1844 arbitror,
1811 1795 1977 1848 quam
2035 1782 2247 1835 somnia
2293 1791 2349 1836 et

772 1871 1012 1933 umbras,
1036 1879 1097 1921 et
1115 1885 1175 1922 ea
1197 1870 1352 1921 nihili
1375 1870 1540 1925 facio.

842 1977 954 2032 Vll.
984 1979 1102 2032 Non
1139 1980 1262 2033 tulit
1293 1981 1511 2034 dicendi
1556 1981 1866 2036 libertatem
1894 1983 2218 2051 imperator,
2249 1984 2344 2037 sed

771 2072 996 2138 perinde
1030 2087 1091 2124 ac
1120 2072 1170 2124 in
1205 2074 1376 2140 prima
1410 2084 1740 2141 prostratum
1780 2076 2192 2143 congressione,
2219 2092 2346 2130 eum

768 2163 1006 2231 abripu.t
1042 2167 1295 2233 impetus,
1355 2174 1412 2217 ut
1457 2168 1556 2219 soli
1591 2168 1684 2219 ira:
1708 2166 2141 2235 gratiﬁcaretur;
2169 2170 2350 2238 jubet-

768 2269 874 2322 que
918 2266 973 2307 ut
1006 2271 1129 2309 cum
1166 2258 1216 2308 in
1248 2259 1526 2311 desertum
1559 2261 1739 2312 locum
1772 2259 2058 2314 duxissent
2104 2259 2347 2329 Chryso-

768 2361 991 2414 gonum,
1047 2349 1097 2400 ei
1145 2359 1308 2416 caput
1338 2359 1706 2417 amputarent,
1745 2351 1949 2405 invitus
1995 2368 2118 2407 eum
2159 2354 2346 2421 majori

767 2438 1007 2492 alliciens
1033 2439 1320 2505 benelieio,
1351 2457 1512 2510 quam
1541 2444 1762 2512 quando
1810 2445 1988 2500 libens
2025 2447 2168 2500 dona
2207 2447 2346 2502 οπε-

770 2527 942 2591 rebai,
975 2532 1292 2583 existimans
1324 2531 1458 2592 fore,
1510 2543 1570 2584 ut
1598 2550 1724 2588 eum
1757 2535 1811 2588 in
1843 2549 1998 2589 suam
2033 2537 2346 2591 traduceret

768 2623 1118 2675 sententiam.
1160 2625 1337 2692 Atque
1388 2625 1491 2678 hoc
1525 2627 1746 2695 quidem
1793 2627 1999 2681 factum
2047 2640 2130 2683 est
2183 2641 2344 2698 prout

768 2713 881 2782 ipse
911 2716 1150 2768 decrevit
1179 2734 1191 2767 :
1225 2725 1281 2770 et
1308 2732 1523 2771 sacrum
1556 2719 1687 2771 illud
1723 2734 1924 2790 corpus
1971 2721 2262 2792 projicitur
2289 2723 2342 2778 in

770 2807 950 2860 littore
985 2812 1153 2861 maris
1201 2810 1288 2863 ubi
1331 2811 1495 2864 etiam
1533 2822 1644 2865 tres
1680 2827 1901 2867 sorores
1932 2825 1989 2867 et
2041 2817 2261 2878 animis,
2293 2827 2346 2872 et

769 2900 1122 2966 corporibus,
1143 2909 1199 2952 et
1217 2903 1414 2969 pietate
1434 2904 1482 2955 in
1511 2904 1701 2966 Deum,
1723 2919 1873 2957 suam
1901 2905 2348 2962 habebanthabi-

771 2993 1034 3046 tationem
1065 3009 1187 3046 cum
1221 2995 1456 3063 quodam
1489 2995 1638 3048 Zoilo
1658 2997 1774 3049 viro
1809 3001 1896 3065 pio
1918 3006 1973 3051 et
2003 3002 2340 3069 presbytero.

767 3081 1064 3138 Sororibus
1098 3096 1284 3142 autem
1314 3095 1469 3138 erant
1505 3089 1745 3150 nomina,
1784 3094 1964 3159 Agape
2003 3101 2059 3144 et
2089 3093 2340 3158 Chionia,

766 3183 820 3226 et
844 3176 1022 3229 lrene.
1055 3177 1150 3229 llic
1177 3192 1304 3229 vero
1328 3176 1533 3238 Zoilus,
1559 3192 1680 3230 cum
1713 3181 1815 3232 sibi
1853 3181 2116 3236 revelatas
2140 3196 2340 3254 marty-

767 3267 840 3318 ris
857 3265 1190 3335 Chrysogoni
1228 3271 1486 3337 reliquias
1520 3272 1954 3326 sustulissetuna
1986 3291 2108 3327 cum
2139 3278 2337 3344 capite,
2368 3238 2410 3292 ϐ

763 3369 817 3410 et
851 3375 900 3410 ιιι
938 3361 1169 3426 quadam
1221 3377 1381 3427 capsa
1414 3376 1536 3413 cum
1581 3373 1786 3429 quauto
1841 3368 2087 3431 Oportuit
2131 3366 2338 3419 honore

764 3452 1130 3519 deposuisset,
1183 3454 1466 3504 abscondit
1507 3454 1561 3505 in
1595 3469 1691 3507 sua
1743 3457 2097 3509 domuncula.
2158 3460 2336 3526 Atque

766 3547 1073 3595 tricesimus
1123 3545 1340 3610 quidem
1373 3554 1490 3597 erat
1517 3545 1655 3607 dies,
1705 3561 1770 3598 ex
1818 3562 1927 3615 quo
1965 3549 2083 3600 sitae
2118 3546 2338 3603 fuerant

766 3635 1030 3702 reliquiae,
1072 3636 1124 3687 in
1159 3637 1364 3688 somnis-
1383 3646 1562 3689 autem
1601 3639 1917 3708 presbytero
1950 3638 2101 3693 Zoilo
2130 3651 2336 3711 martyr

765 3737 1034 3791 apparens
1067 3725 1488 3794 Chrysogonus,
1548 3728 1663 3779 haec
1694 3730 1743 3780 ei
1780 3729 1930 3783 visus
1974 3742 2059 3784 est
2108 3731 2332 3787 dicere:

763 3814 914 3869 Scias
945 3817 1171 3885 impium
1201 3819 1584 3886 imperatorem
1632 3819 2060 3884 Diocletianum,
2099 3839 2224 3875 cum
2264 3824 2332 3877 de

762 3907 963 3961 Chi-isti
997 3910 1210 3962 ancillis
1252 3921 1306 3962 et
1335 3912 1644 3973 sororibus,
1677 3913 1847 3974 lrene,
1879 3915 2058 3982 Agape
2091 3926 2140 3968 et
2170 3915 2336 3969 Chio-

765 4001 852 4053 nia
900 4001 1062 4054 fuerit
1113 4002 1288 4054 factus
1348 4005 1573 4066 certior,
1635 4005 1777 4057 intra
1830 4021 2023 4058 novem
2063 4007 2178 4059 di-s
2213 4009 2331 4062 illas

768 4107 984 4160 quoque
1012 4095 1147 4146 velle
1183 4095 1671 4164 comprehendere.
1714 4096 1792 4148 Tu
1823 4110 2002 4149 autem
2047 4098 2219 4163 efiiee,
2274 4109 2333 4152 ut

766 4184 1046 4237 Anastasia
1093 4185 1398 4238 Deiancilla
1433 4202 1522 4238 eas
1567 4199 1723 4238 curet
1770 4202 1868 4254 pro
1904 4190 2134 4252 viribus,
2181 4199 2234 4242 et
2264 4191 2329 4243 ad

761 4286 1034 4329 certamen
1072 4278 1488 4345 sust-ipiendum
1519 4275 1600 4332 eis
1645 4279 1809 4331 addat
1841 4281 2104 4344 animum,
2156 4283 2331 4336 donec

761 4368 963 4420 fuerint
994 4370 1260 4422 redimita:
1288 4385 1488 4421 corona
1515 4371 1792 4439 martyrii;
1824 4373 1936 4438 ipse
1971 4388 2100 4424 vero
2131 4373 2326 4428 bonam

760 4475 911 4527 spem
930 4461 1226 4529 concipias,
1244 4459 1360 4514 fore
1385 4470 1443 4514 ut
1464 4463 1816 4515 suavissimos
1843 4462 2053 4517 fructus
2079 4465 2325 4519 laborum

2456 594 2615 664 λικῆς
2670 596 2923 661 ἐξουσίας
2955 595 3049 650 τὸν
3073 596 3240 664 ὄγκον
3271 595 3672 665 καταπλαγεὶς,
3725 600 3868 668 μήτε
3900 601 4062 669 πρὸς

2460 684 2520 737 τὸ
2551 687 2648 754 τῆς
2673 687 2881 756 δωρεᾶς
2933 688 3170 757 μέγεθος
3198 689 3486 756 καθυφεὶς,
3530 688 3695 755 Ἐγὼ,
3729 693 3870 760 μετά
3899 697 4062 763 παῤ·-

2454 775 2652 844 ρησίας
2680 777 2806 847 ἔφη,
2852 778 2949 831 ἕνα
2982 778 3142 847 μόνον
3188 773 3307 831 οἶδα
3330 777 3463 830 Θεὸν
3485 780 3590 832 ,καὶ
3615 777 3805 832 τοῦτον
3837 782 4058 843 una;

2456 867 2557 935 μιν
2586 869 2758 937 κρίνω
2814 869 2992 936 φωτὸς
3041 869 3328 940 ἡδύτερον,
3395 871 3614 924 πάντων
3644 871 3698 923 δὲ
3731 872 4055 940 χρημάτων

2450 960 2890 1029 κερδαλεώτερον
2908 979 2923 995 ο
2957 961 3147 1016 τοῦτον
3179 964 3275 1014 καὶ
3297 962 3445 1033 ψυχῇ
3470 962 3719 1031 λατρεύω
3741 965 3838 1016 καὶ
3860 963 4056 1031 χείλεα

2453 1071 2538 1106 σιν
2559 1053 2806 1123 ὁμολογῶ
2836 1057 2929 1108 καὶ
2962 1055 3178 1108 πάντων
3211 1054 3466 1125 ὁρώντων
3492 1058 3604 1118 τοτς
3631 1055 3825 1122 γόνασι
3858 1070 3977 1121 προ
3991 1073 4052 1105 :-

2453 1147 2619 1200 κυνῶ.
2680 1147 2830 1200 Θεῶν
2889 1147 2944 1199 δὲ
2981 1147 3185 1217 πλῆθος
3218 1148 3312 1200 καὶ
3375 1145 3580 1216 μύθους
3642 1151 3735 1200 καὶ
3769 1148 4051 1214 δαίμονας

2450 1240 2705 1291 τοσοῦτον
2745 1238 2936 1308 ἀπέχω
2970 1237 3282 1309 λατρεύειν,
3321 1237 3464 1290 ὥστε
3500 1240 3596 1290 καὶ
3626 1238 3703 1308 τῷ
3735 1239 3814 1308 σῷ
3839 1237 4050 1307 κράτει

2451 1333 2918 1402 συμϐουλεύσαιμι
2981 1333 3049 1385 ἂν
3107 1333 3329 1401 φεύγειν
3390 1333 3588 1394 αὐτοὺς
3649 1330 3756 1383 ἀνά
3829 1331 4050 1400 κράτος

2448 1424 2523 1485 ὡς
2582 1426 2802 1493 ἀπάτην
2841 1423 3148 1495 ἀνθρώπων
3202 1426 3294 1476 καὶ
3328 1423 3519 1492 ψυχῶν
3546 1423 3726 1492 λύμην
3790 1423 4053 1491 φανεράν

2449 1514 2961 1585 ἀποδεδειγμένους.
3005 1516 3084 1568 “re
3107 1515 3164 1567 δέ
3197 1532 3260 1582 γε
3290 1516 3443 1584 παρά
3495 1513 3591 1568 σοῦ
3623 1531 3715 1584 μοι
3750 1514 4051 1584 προτεινό-

2453 1623 2592 1676 μενα.
2623 1607 2771 1676 δῶρα
2796 1609 2890 1660 καὶ
2911 1608 3009 1666 τὰς
3038 1609 3202 1676 τιμὰς
3222 1608 3376 1660 οὐδὲν
3401 1608 3700 1676 ὀνειράτων
3721 1609 3847 1659 οὐδὲ
3872 1609 4050 1669 σκιᾶς

2447 1704 2670 1770 ἄμεινον
2705 1699 3134 1771 ἔχεινήγοῦμαι,
3169 1702 3262 1754 καὶ
3301 1701 3436 1769 παρ’
3460 1701 3616 1753 οὐδὲν
3637 1702 3889 1769 τίθεμαι.

2523 1977 2734 2030 Ζ’.Ούκ
2789 1978 2986 2046 ἠνεγκε
3045 1979 3143 2050 τὴν
3196 1979 3511 2051 παρρησίαν
3540 1982 3567 2031 ὁ
3607 1979 3886 2047 βασιλεὺς,
3918 1979 4041 2030 ἀλλ’

2451 2067 2642 2138 ὥσπερ
2673 2069 2790 2140 ἅμα
2818 2073 2896 2135 τῷ
2943 2072 3333 2140 συμπλακῆναι
3375 2072 3760 2140 καταϐληθεὶς,
3799 2072 4041 2143 ὥρμησε

2455 2162 2600 2230 μόνῳ
2626 2161 2758 2230 γοῦν
2803 2163 2880 2232 τῷ
2938 2163 3094 2233 Θυμῷ
3127 2165 3483 2233 χαρίσασθαι,
3538 2167 3634 2217 καὶ⁹
3693 2165 3910 2217 κελεύει
3947 2167 4041 2217 τὸν

2450 2254 2794 2324 Χρυσόγονον
2828 2257 2887 2307 ὲν
2931 2258 3126 2326 ἐρήμῳ
3174 2258 3326 2328 τόπῳ
3357 2258 3624 2321 λαϐόντας
3655 2257 3755 2327 τὴν
3783 2258 4042 2326 κεφαλὴν

2449 2347 2730 2416 ἐκτεμεῖν,
2766 2348 2916 2401 ἄκων
2949 2350 3098 2419 αὐτῷ
3129 2351 3354 2419 μείζονα
3373 2351 3494 2414 δοὺς
3521 2353 3620 2419 τὴν
3648 2352 3976 2420 εὐεργεσίαν
4001 2353 4037 2422 ἦ

2447 2440 2534 2492 ὅτε
2566 2439 2706 2492 ἑκὼν
2738 2440 3024 2510 ἐχαρίζετο
3046 2443 3396 2510 μεταπείσειν
3414 2442 3837 2511 ὑπολαμϐάνων.
3855 2443 4041 2496 Τοῦτο

2453 2533 2552 2601 μὲν
2607 2529 2699 2584 οὖν
2731 2537 2870 2585 κατὰ
2929 2533 2988 2585 τὸ
3023 2533 3308 2603 διαταχθὲν
3343 2536 3648 2604 ἐπράττετο
3677 2539 3768 2588 καὶ
3801 2537 3860 2588 τὸ
3884 2537 4038 2607 ἱερὸν

2448 2626 2626 2677 ἐκεῖνο
2653 2624 2812 2692 σῶμα
2847 2625 2986 2694 πρὸς
3015 2624 3090 2692 τῷ
3121 2626 3356 2694 αἰγιαλῷ
3404 2626 3502 2689 τῆς
3535 2626 3809 2696 Θαλάσσης
3844 2628 4037 2695 ῥίπτε-

2446 2733 2556 2779 ται,
2597 2716 2684 2769 ἴνα
2711 2718 2805 2769 καὶ
2836 2719 2988 2786 τρεῖς
3013 2716 3244 2785 ἀδελφαὶ
3277 2719 3371 2769 καὶ
3418 2716 3641 2785 γνώμας
3672 2721 3766 2770 καὶ
3797 2719 4036 2786 σώματα

2448 2809 2541 2861 καὶ
2564 2808 2662 2878 τὴν
2696 2809 2832 2878 πρὸς
2863 2810 2995 2860 Θεὸν
3022 2809 3309 2862 εὐσέϐειαν
3343 2811 3481 2876 μετὰ
3509 2810 3716 2861 Ζωΐλου
3756 2811 3904 2872 τινὸς
3935 2812 4027 2861 c5-

2448 2900 2649 2962 λαϐοῦς
2680 2903 2769 2952 καὶ
2797 2901 3173 2970 πρεσϐυτέρου
3203 2901 3302 2969 τὴν
3331 2900 3546 2971 οἴκησιν
3569 2902 3872 2955 ἐποιοῦντο.
3893 2902 4034 2964 Ταῖς

2444 2993 2698 3060 ἀδελφαῖς
2723 2993 2776 3043 δὲ
2807 2996 2874 3044 τὰ
2914 2994 3152 3062 ὀνόματα
3189 2993 3404 3064 Ἀγάπη
3429 2999 3522 3046 καὶ
3543 2995 3732 3045 Χιονία
3761 2997 3904 3064 φημὶ
3933 2997 4033 3047 καὶ

2446 3083 2673 3153 Εἰρήνη.
2697 3077 2864 3145 Οὗτος
2895 3086 3075 3152 μέντοι
3107 3087 3135 3137 ὁ
3159 3087 3359 3149 Ζωΐλος
3380 3088 3766 3154 ἀποκαλυςρθὲν
3792 3090 3940 3154 αὐτῷ
3967 3090 4031 3141 τὸ

2444 3176 2538 3225 τοῦ
2574 3179 2850 3244 μάρτυρος
2882 3177 3226 3246 Χρυσογόνου
3262 3177 3517 3247 λείψανον
3550 3178 3872 3246 ἀνελόμενος
3908 3180 4030 3248 ἅμα

2446 3269 2510 3334 τῇ
2543 3268 2753 3335 κεφαλῇ
2783 3271 2879 3320 καὶ
2913 3267 3059 3338 θήκῃ
3087 3270 3196 3320 τινὶ
3236 3269 3365 3337 μεθ’
3399 3270 3530 3336 ὅστις
3575 3269 3681 3321 ἔδει
3720 3271 3885 3338 τιμῆς
3923 3290 4028 3324 κα-

2443 3361 2763 3427 ταθέμενος,
2796 3362 2854 3412 ὲν
2880 3360 2955 3429 τῷ
2979 3359 3238 3429 δωματίῳ
3275 3361 3351 3428 τῷ
3383 3348 3580 3414 ἑαυτοῦ
3613 3364 4021 3431 κατακρύπτει.

2445 3450 2755 3518 Τριακοστῇ
2817 3449 2915 3517 μὲν
2965 3445 3059 3500 οὖν
3107 3450 3292 3517 ἡμέρᾳ
3351 3449 3428 3519 τῷ
3482 3450 3721 3519 λειψάνῳ
3781 3454 4023 3521 κειμένῳ

2442 3545 2628 3613 Ζωΐλῳ
2654 3545 2787 3611 δναρ
2817 3545 2842 3594 ὁ
2872 3544 3082 3613 μάρτυς
3114 3543 3403 3610 ἐπιφανεὶς
3452 3543 3796 3614 Χρυσόγονος
3845 3545 4023 3597 ταῦτα

2438 3638 2486 3687 ol
2510 3637 2685 3702 λέγειν
2711 3639 2888 3690 ἐδόκει
2914 3653 2927 3667 ⁸
2971 3637 3112 3689 Ἰσθι
3139 3637 3230 3689 τὸν
3255 3636 3492 3706 δυσσεϐῆ
3531 3637 3760 3706 βασιλέα
3791 3641 4021 3706 Atax)»,-

2435 3729 2641 3794 τιανὸν,
2667 3729 2907 3796 γνωσθὲν
2937 3727 3086 3798 αὐτῴ
3117 3731 3244 3797 περὶ
3283 3728 3392 3781 τῶν
3425 3727 3517 3780 τοῦ
3544 3726 3782 3796 Χριστοῦ
3813 3729 4020 3782 δούλων

2439 3819 2532 3870 καὶ
2591 3818 2839 3884 ἀδελφῶν
2870 3819 3124 3888 Εἰρήνης,
3193 3820 3438 3886 Ἀγάπης
3467 3821 3560 3871 καὶ
3599 3819 3846 3885 Χιονίαε,
3883 3820 4016 3872 εῐσω

2437 3909 2661 3977 ἡμερῶν
2693 3911 2842 3962 ἐννέα
2876 3909 3234 3963 συλλαϐέσθαι
3268 3914 3361 3964 καὶ
3393 3912 3563 3974 αὑτάς
3595 3911 3904 3979 βούλεσθαι.
3941 3912 4013 3963 Σὺ

2435 4000 2490 4051 δὲ
2510 3998 2622 4052 ἀλλ’
2654 4001 3014 4054 ’Δναστασίαν
3035 4002 3131 4069 τὴν
3154 4001 3246 4055 τοῦ
3271 4001 3404 4054 Θεοῦ
3433 4003 3629 4070 δούλην
3655 4007 4015 4072 παρασκερσ-

2437 4108 2529 4143 σον
2572 4094 2773 4156 ταύτας
2810 4094 2950 4146 κατά
3003 4097 3063 4145 τὸ
3117 4095 3341 4146 δυνατὸν
3377 4094 3472 4145 καὶ
3529 4094 3867 4163 θεραπεύσαι
3917 4097 4011 4148 καὶ

2436 4184 2571 4251 πρὶς
2605 4185 2696 4235 τὸν
2723 4185 2910 4250 ἀγῶνα
2945 4185 3313 4257 ἐπιθαρρῦναι
3336 4188 3464 4256 ἄχρι
3498 4188 3593 4239 καὶ
3621 4189 3714 4239 τὸν
3744 4207 4009 4257 μαρτυρι-

2433 4277 2529 4326 κῖ.ν
2561 4275 2916 4346 ἀναϐήσονται
2977 4279 3262 4346 στέφανον.
3313 4279 3484 4341 Αὐτὸς
3514 4278 3569 4331 δὲ
3604 4279 3730 4340 τοὺς
3756 4282 4007 4348 καρπούς

2434 4380 2516 4416 σοι
2542 4365 2650 4418 τῶν
2678 4367 2854 4418 πόνων
2877 4367 3129 4436 ἠδίστους
3157 4367 3458 4420 ἀπολαϐεῖν
3487 4367 3706 4429 εὔελπις
3739 4368 3852 4422 ἔσο.
3873 4371 4004 4422 Μετ’

2432 4457 2492 4508 οὑ
2534 4457 2670 4509 πολὺ
2694 4458 2801 4526 γάρ
2843 4459 2953 4510 τῶν
2975 4458 3212 4512 ἐνταῦθά
3238 4475 3297 4510 τε
3331 4459 3610 4512 έπιπόνων
3633 4461 4002 4534 ἀπαλλαγήσῃ

760 4552 1017 4620 accipias.
1072 4551 1202 4604 Nam
1238 4569 1342 4605 non
1378 4553 1546 4606 multo
1579 4563 1701 4622 post
1734 4564 1995 4623 tempore,
2031 4565 2086 4609 et
2122 4572 2148 4609 a
2181 4557 2327 4610 labo--
2359 4567 2402 4620 ι)

2452 4549 2526 4599 tati.
2574 4549 2713 4617 μετά
2759 4551 2866 4602 τῶν
2913 4550 3054 4620 ὑπὲρ
3103 4549 3342 4620 Χριστοῦ
3384 4551 3738 4619 ἀθλησάντων
3784 4553 4003 4624 Χριστῷ

763 4644 931 4705 ribus,
965 4647 1055 4711 qui
1085 4645 1169 4696 hic
1198 4657 1344 4707 sunt,
1381 4646 1726 4708 liberaberis,
1755 4656 1808 4700 et
1840 4648 1904 4700 ad
1928 4646 2205 4702 Christum
2237 4654 2326 4702 ad-

759 4734 978 4787 duceris
1002 4751 1124 4787 cum
1161 4735 1226 4787 iis
1259 4737 1349 4802 qui
1387 4751 1486 4803 pro
1517 4736 1731 4788 Christo
1757 4736 2126 4790 decertarunt.

836 4825 966 4879 \‘lll.
1022 4825 1263 4879 Fuerunt
1315 4828 1428 4879 haec
1469 4841 1686 4894 quoque
1734 4826 1946 4895 cognita
2002 4828 2325 4881 venerandae

759 4917 1028 4986 imprimis
1056 4919 1374 4976 Anastasiae.
1413 4927 1467 4970 et
1506 4917 1692 4970 divino
1728 4915 1934 4985 Spiritu
1969 4927 2135 4982 mota,
2176 4919 2327 4974 venit

760 5011 941 5061 statim
973 5009 1037 5061 ad
1068 5008 1479 5070 domunculam,
1511 5023 1673 5077 quam
1727 5009 1966 5062 nondum
2017 5019 2322 5078 aspexerat,

761 5110 815 5153 et
842 5101 1105 5154 accedens
1135 5099 1198 5154 ad
1237 5103 1616 5169 presbyterum
1649 5103 1882 5166 Zoilum,
1934 5104 2210 5172 qurercbat
2237 5119 2324 5158 so-

762 5205 932 5252 rores,
969 5200 1023 5244 et
1064 5193 1286 5258 rogabat
1326 5191 1391 5244 de
1425 5193 1490 5246 iis
1531 5209 1651 5260 quae
1700 5195 1754 5246 in
1807 5193 2013 5246 somnis
2056 5193 2157 5246 sibi
2211 5193 2324 5246 visa

759 5282 994 5336 fuerant.
1027 5283 1160 5334 Cum
1193 5294 1374 5336 autem
1413 5283 1639 5337 vidisset
1668 5285 1925 5354 virgines,
1971 5294 2026 5337 et
2055 5285 2234 5340 locum
2269 5288 2323 5340 in

761 5389 868 5442 quo
901 5374 1016 5427 sita:
1050 5385 1204 5426 erant
1230 5374 1567 5444 Chrysogoni
1603 5376 1868 5445 reliquiaz,
1895 5391 2018 5430 cum
2053 5378 2169 5431 illas
2199 5379 2323 5446 qui-

761 5467 882 5519 dem
916 5481 1104 5533 magna
1136 5466 1424 5519 all'ectione
1455 5476 1508 5518 et
1539 5468 1740 5535 pietate
1767 5468 2064 5531 adorasset,
2090 5484 2211 5522 cum
2243 5471 2323 5524 eis

763 5571 942 5614 autem
975 5573 1136 5610 unam
1169 5571 1384 5613 noctem
1418 5559 1788 5628 transegisset,
1815 5561 2002 5628 eisque
2030 5574 2322 5630 congratu-

761 5647 889 5706 lata.
931 5648 994 5701 ad
1029 5650 1266 5717 martyrii
1300 5649 1511 5703 fortiter
1542 5651 1825 5704 subeunda
1876 5652 2174 5705 certamina
2207 5653 2324 5705 ani-

765 5755 914 5792 mum
949 5743 1080 5795 satis
1110 5742 1431 5806 addidisset,
1467 5744 1705 5810 profectu
1754 5754 1836 5797 est
1862 5745 2184 5813 Aquileiam.
2223 5745 2321 5798 Eas

762 5830 907 5883 enim
946 5846 1068 5885 cum
1115 5833 1300 5886 multis
1331 5834 1449 5890 aliis
1497 5837 1703 5888 sciebat
1738 5850 1958 5890 cursmn
2008 5847 2321 5904 peracturus

2430 4642 2777 4711 παραστήσῃ.

2501 4821 2583 4877 H'.
2633 4821 2910 4892 Ἐγνώσθη
2956 4824 3130 4877 ταῦτα
3157 4826 3255 4878 καὶ
3280 4828 3345 4896 τῇ
3388 4829 3694 4900 σεμνοτάτη
3739 4830 3998 4886 Ἀναστα-

2430 4913 2544 4982 σία,
2570 4915 2661 4965 καὶ
2693 4915 2970 4983 Πνεύματι
3018 4916 3154 4968 Θεοῦ
3193 4918 3480 4984 κινηθεῖσα
3515 4921 3606 4972 τὸν
3643 4923 3908 4987 οἰκίσκον,
3938 4926 3996 4978 δν

2427 5004 2636 5056 οὐδέπω
2671 5005 2910 5069 τεθέατο,
2939 5009 3285 5076 παραχρῆμα
3309 5011 3745 5081 καταλαμϐάνει,
3788 5016 3883 5068 καὶ
3923 5017 3996 5084 τῷ

2430 5097 2788 5166 πρεσϐυτέρῳ
2820 5100 3148 5165 παραστᾶσα
3190 5101 3377 5168 Ζωΐλῳ
3410 5103 3509 5164 τὰς
3550 5103 3784 5170 ἀδελφὰς
3817 5107 3993 5176 ἐζήτει

2428 5186 2522 5237 καὶ
2545 5187 2674 5255 περὶ
2699 5187 2805 5236 τῶν
2829 5185 2963 5254 ὄναρ
2994 5189 3128 5256 αὑτῇ
3162 5191 3521 5255 γνωσθέντων
3565 5194 3860 5246 ἀνεπυειθά-
3881 5212 3989 5252 ετο.

2440 5277 2641 5329 Ἰδοῦσα
2667 5277 2723 5328 δὲ
2772 5278 2866 5338 τὰς
2901 5280 3204 5347 παρθένους
3257 5281 3353 5333 καὶ
3387 5286 3476 5334 τὶν
3509 5285 3671 5335 τόπον
3703 5286 3828 5338 ἔνθα
3862 5305 3993 5340 κατ-

2428 5369 2602 5421 έκειτο
2622 5369 2681 5421 τὸ
2709 5369 2801 5421 τοῦ
2837 5371 3180 5440 Χρυσογόνου
3231 5373 3509 5442 λείψανον,
3548 5379 3609 5428 τὸ
3635 5379 3730 5442 μὲν
3761 5397 3993 5447 mpm:-

2427 5461 2534 5522 θῶς
2562 5461 2675 5528 ἅμα
2709 5465 2802 5514 καὶ
2852 5464 3087 5525 εὐλαϐῶς
3146 5469 3596 5536 προσκυνήσασα,
3628 5472 3747 5532 ταῖς
3781 5471 3832 5522 δὲ
3867 5474 3990 5539 μίλν

2427 5553 2594 5604 νύκτα
2637 5554 3070 5621 συνδιαγαγοῦσα
3101 5558 3194 5608 καὶ
3227 5558 3556 5626 συνησθεῖσα
3581 5562 3674 5613 καὶ
3697 5562 3835 5630 πρὸς
3866 5566 3989 5627 τοὺς

2429 5651 2798 5717 μαρτυρικοὺς
2855 5651 3048 5713 ἄθλους
3107 5653 3308 5717 ἱκανῶς
3361 5656 3714 5723 ὑπαλείψαςα
3779 5659 3858 5721 εις
3897 5662 3990 5725 τὴν

2439 5741 2742 5794 ’Δκουῖλίαν
2771 5743 3062 5812 ἐπορεύθη.
3100 5745 3322 5810 Ταύτας
3341 5764 3399 5799 τε
3431 5749 3538 5818 γάρ
3569 5749 3707 5817 μετὰ
3740 5753 3833 5801 καὶ
3868 5750 3989 5801 πρ).-

2426 5834 2531 5886 λών
2562 5834 2734 5889 ἀλλων
2765 5837 2938 5889 ἐκεῖσε
2973 5839 3060 5890 τὸν
3085 5839 3286 5908 δρόμον
3321 5841 3439 5910 ᾔδει
3481 5841 3870 5912 δραμουμὲνας
3897 5843 3987 5896 τού
