4252 6440
232 392 339 455 581

1019 395 1492 456 MARTYRIUM
1529 394 1593 453 S.
1640 391 2085 453 ANASTASIKE
2126 393 2226 452 ET
2265 390 2684 454 SOClAflUM.

3385 392 3492 453 582

234 502 546 572 μαρτυρίου
574 502 669 555 καὶ
697 500 811 571 ἅμα
846 501 945 572 τῆς
980 507 1237 575 προνοίας
1266 508 1359 558 καὶ
1386 505 1552 580 αὐτὴν
1574 502 1807 569 εὐαερόρ-
1836 510 1881 564 Α
1912 502 2131 571 martyri

1912 501 2181 571 martyrii,
2228 500 2573 569 providentia
2631 513 2849 567 quoque
2904 497 3067 551 sinzul
3125 498 3319 566 ψει-ιι,
3371 517 3498 554 cum

233 608 355 659 μως
382 593 472 644 ἐπὶ
500 594 591 643 τὸν
612 594 797 659 ἀγῶνα
843 596 1343 664 παραπεμπούσης.
1391 594 1536 661 Αὕτη
1581 594 1681 662 μὲν
1721 589 1814 644 οὖν

227 685 551 754 ἐπορεύετο,
586 686 678 737 καὶ
702 687 759 737 τὸ
791 687 1101 757 προρρηθὲν
1132 688 1186 739 δὲ
1215 689 1402 756 Ζωΐλῳ
1440 687 1611 755 πέρας
1647 686 1816 753 ἐλάμ-

228 774 393 828 ϐανε.
429 778 515 843 Τῷ
552 779 660 846 γάρ
682 776 802 844 Θεῷ
826 777 985 829 τοῦτο
1012 778 1200 829 δοκοῦν
1230 779 1339 829 τῶν
1368 778 1649 845 παρόντων
1679 778 1812 846 μεθ·
1858 784 1861 787 ’

234 865 447 919 ίστατο.
489 868 640 917 Ἐπεὶ
664 868 719 918 δὲ
752 868 858 920 ἔδει
889 870 1024 938 μηδὲ
1054 869 1119 921 τά
1142 868 1281 920 κατά
1308 868 1406 937 τὴν
1455 868 1701 934 Ἀγάπην
1724 867 1817 918 καὶ

228 956 475 1027 Εἰρήνην
514 961 606 1009 καὶ
656 959 878 1009 Χιονίαν
931 960 1054 1028 είκῆ
1082 958 1160 1028 τῷ
1215 957 1539 1027 Χρυσογόνῳ
1565 958 1815 1027 ῥηθῆναι⁹

232 1050 424 1115 μαθων
452 1051 543 1102 καὶ
570 1052 635 1101 τά
665 1050 785 1103 κατ’
806 1050 975 1113 αὺτάς
995 1054 1021 1102 ὁ
1046 1053 1263 1103 πάντων
1289 1051 1347 1101 ὲν
1370 1049 1657 1117 δυσσεϐείᾳ
1682 1066 1816 1116 κρα-

227 1143 407 1210 τήσεις
426 1142 806 1209 Διοκλητιανὸς
833 1143 1200 1211 μετακλήτους
1222 1142 1419 1195 αὐτίκα
1451 1142 1615 1202 ποιεῖ,
1636 1138 1816 1207 ἵστησί

228 1250 293 1285 τε
320 1236 491 1294 αὑτάς
522 1235 628 1299 πρὸ
651 1233 745 1286 τοῦ
776 1235 1037 1304 βήματος.
1074 1236 1369 1305 Ἀγάμενος
1399 1234 1454 1286 δὲ
1479 1233 1570 1285 τοῦ
1600 1251 1657 1285 τε
1687 1233 1817 1301 σχή-

235 1344 410 1395 ματος
438 1327 531 1377 καὶ
557 1330 901 1395 φρονήματος
954 1328 1047 1379 καὶ
1101 1328 1239 1398 πρὸς
1294 1327 1506 1388 τούτοις
1548 1326 1644 1394 τῆς
1671 1326 1820 1395 ῶρσς

232 1421 333 1471 καὶ
359 1421 455 1485 τῆς
509 1418 851 1488 ἐπανθούσης
904 1421 1095 1481 αὑταῖς
1146 1420 1223 1490 τῷ
1256 1419 1531 1489 προσώπῳ
1577 1424 1815 1488 χάριτος,

230 1512 410 1573 ἄλλως
439 1528 496 1562 τε
526 1512 579 1563 δὲ
605 1514 698 1563 καὶ
728 1512 885 1563 τοῦτο
933 1513 1137 1574 ἑκεῖνος
1184 1512 1339 1571 εἰδὼς
1365 1512 1439 1574 ὼς
1470 1512 1631 1579 ἡθους
1656 1512 1819 1581 βάρος

232 1607 331 1656 καὶ
363 1604 537 1672 ψυχῆς
574 1605 789 1673 ἀξίωμα
820 1606 913 1656 καὶ
948 1605 1198 1669 εὐγένεια
1234 1604 1331 1656 οὐκ
1361 1605 1424 1657 ἀν
1464 1620 1589 1655 ποτε
1619 1602 1822 1672 τραχύ-

230 1712 396 1763 τητος
449 1695 728 1763 ἡττηθείη,
759 1696 872 1746 ἀλλ’
893 1695 1075 1764 ἠπίοις
1122 1697 1321 1763 μᾶλλον
1353 1695 1530 1760 λόγοις
1556 1693 1692 1744 εἴκει
1728 1692 1821 1745 καὶ

232 1787 528 1838 κλέπτεται
550 1786 887 1855 θεραπείαις,
907 1787 1110 1857 ταύτην
1128 1790 1189 1859 δὴ
1220 1791 1313 1840 καὶ
1346 1788 1505 1850 αὐτὸς
1534 1787 1640 1857 ᾔει.

308 1965 389 2020 Θ’.
426 1968 536 2019 Καὶ
577 1967 769 2037 πρῶτα
820 1968 921 2035 μὲν
969 1968 1104 2029 ὁμοῦ
1152 1968 1258 2019 τῶν
1308 1968 1475 2035 τριῶν
1534 1966 1818 2035 διάπειραν

234 2061 494 2123 ἕποιεῖτο,
532 2060 768 2111 ἐπαινῶν
817 2077 877 2112 τε
918 2060 1033 2127 ἅμα
1072 2061 1166 2112 καὶ
1212 2059 1518 2129 παραινῶν,
1557 2060 1728 2127 Ὁρῶν
1762 2064 1818 2112 ὲν

235 2152 391 2219 ὑμῖν,
449 2150 639 2216 λέγων,
699 2150 855 2213 ἄνθος
904 2167 962 2201 τε
996 2149 1210 2218 ἡλικίας
1255 2152 1348 2202 καὶ
1375 2150 1520 2218 ὥραν
1548 2148 1816 2216 σώματος,

235 2242 347 2306 πρὸ
368 2241 423 2293 δὲ
454 2240 655 2293 τούτων
688 2238 865 2309 ψυχῆς
899 2238 1238 2309 παράστημα
1285 2237 1505 2304 εὐγενὲς
1558 2240 1650 2288 καὶ
1684 2237 1818 2305 φρό-

234 2351 391 2400 νημα
418 2332 517 2400 τῆς
552 2330 747 2395 ἔξωθεν
784 2333 883 2401 οὐχ
934 2327 1097 2401 ἦττον
1124 2334 1341 2399 χάριτος
1391 2330 1720 2397 διαλάμπον,
1760 2329 1818 2380 ού

241 2426 350 2492 μὴν
377 2424 511 2476 ἀλλά
537 2425 631 2475 καὶ
654 2424 864 2490 ἀγαθάς
884 2425 977 2475 καὶ
1005 2422 1062 2487 ἐξ
1092 2422 1311 2490 ἀγαθῶν
1345 2421 1631 2490 γεγονυίας
1660 2418 1821 2472 ἀκού-

240 2535 365 2580 σας,
387 2518 520 2586 πρδς
549 2516 605 2569 δὲ
635 2516 842 2576 τούτοις
875 2518 967 2569 καὶ
989 2515 1162 2583 λόγων
1195 2516 1391 2576 ἱκανῶς
1419 2513 1816 2583 μετασγούσας,

238 2605 420 2660 οἶκτον
446 2608 618 2677 ὑμῶν,
646 2609 721 2675 μὰ
751 2610 874 2668 τοὺς
902 2610 1075 2673 θεοὺς,
1112 2608 1210 2659 οὐκ
1240 2607 1416 2675 ὀλίγον
1456 2606 1736 2676 λαμϐάνω,
1771 2606 1818 2657 εί

240 2705 372 2771 περὶ
402 2701 571 2754 ταῦτα
612 2702 784 2753 πάντα
818 2701 911 2754 καὶΙ
943 2703 1041 2772 τὴν
1096 2702 1372 2771 ὑμετέραν
1403 2702 1546 2770 ζωὴν
1578 2702 1665 2753 τὸν
1702 2701 1817 2752 κίν-

241 2796 397 2849 δυνον
430 2794 796 2862 ὑποστήσεσθε
829 2797 920 2846 καὶ
954 2795 1027 2864 μή
1053 2813 1104 2846 τι
1131 2794 1368 2863 χρηστὸν
1406 2794 1649 2863 φθάσητε
1694 2795 1819 2861 βου-

242 2886 543 2939 λεύσασθαι.
568 2888 694 2955 περὶ
726 2888 957 2940 ἑαυτῶν.
996 2887 1198 2938 Τούτου
1235 2887 1341 2955 γάρ
1379 2886 1539 2937 ἕνεκα
1575 2887 1665 2936 καὶ
1701 2888 1816 2936 κατ’

244 2981 367 3048 ὕψι-ι
396 2981 535 3048 ὑμᾶς
561 2978 693 3048 ἐμοῦ
718 2979 909 3047 στῆναι
934 2982 1026 3031 καὶ
1045 2979 1217 3043 λόγων
1241 2976 1559 3046 μεταδοῦναι
1589 2976 1817 3044 ἠξίωσα,

245 3073 334 3123 ἵνα
370 3075 463 3124 καὶ
497 3071 625 3141 παρ’
656 3070 787 3140 ἐμοῦ
819 3073 912 3122 καὶ
943 3072 1070 3139 παρ’
1117 3071 1325 3122 ἑαυτῶν
1371 3068 1442 3121 τὰ
1470 3068 1657 3120 δέοντα
1693 3085 1819 3118 συν-

249 3168 380 3219 ιδείν
413 3164 723 3233 δυνηθεῖσαν.
758 3160 1072 3230 ἀπόσχησθε
1108 3162 1205 3229 μὲν
1234 3160 1509 3228 λογισμῶν
1541 3162 1815 3229 ἀφρόνων,

247 3258 440 3310 θυσίαν
474 3257 528 3308 δε
554 3258 663 3317 τοῖς
686 3256 825 3316 θεοῖς
860 3254 1263 3322 προσενέγκητε
1288 3265 1302 3279 ⁶
1337 3254 1429 3303 καὶ
1459 3252 1545 3304 διὰ
1568 3251 1723 3303 τοῦτο
1767 3252 1817 3303 τί

248 3348 328 3416 μὴ
354 3348 459 3399 τῶν
506 3346 725 3412 ἀγαθῶν
759 3345 975 3406 ἑαυταῖς
1009 3342 1518 3411 πραγματεύσεσθε,
1544 3342 1683 3392 θεῶν
1730 3360 1819 3409 φι-

246 3439 391 3499 λίαν,
427 3435 564 3505 ἐμὴν
618 3432 849 3495 εὔνοιαν,
885 3430 1041 3498 δόξης
1088 3430 1368 3497 ἀφθονίαν,
1409 3430 1672 3496 νυμφίους
1728 3428 1819 3479 τοῦ

246 3527 476 3586 κάλλους
507 3524 659 3592 ὑμῶν
716 3522 918 3587 ἀξίους,
965 3520 1191 3572 πλοῦτον
1232 3520 1325 3571 καὶ
1365 3519 1555 3582 ὴδονάς
1591 3520 1684 3571 καὶ
1716 3518 1820 3567 πᾶν

246 3623 275 3674 ὃ
317 3636 369 3671 τι
405 3635 508 3686 περ
542 3616 796 3684 εῦδαιμον
832 3614 923 3667 τοῦ
955 3614 1072 3682 βίου
1108 3614 1201 3665 καὶ
1235 3612 1435 3679 ἀγαθόν
1460 3611 1572 3662 ἔστι
1619 3627 1675 3662 τε
1731 3614 1821 3662 καὶ

246 3714 415 3765 δοκεῖ.

326 3804 379 3855 I'.
407 3803 545 3872 Πρὸς
569 3801 739 3853 ταῦτα
761 3802 794 3868 ή
824 3800 922 3865 τὴν
951 3798 1163 3865 ἡλικίαν
1189 3797 1400 3865 πρώτη,
1425 3796 1522 3867 τὴν
1551 3798 1607 3850 δὲ
1632 3800 1820 3866 κλῆσιν

266 3892 505 3957 Ἀγάπη,
544 3889 765 3957 πρώτην
801 3890 892 3939 καὶ
930 3887 1026 3955 τὴν
1055 3889 1132 3948 είς
1166 3886 1297 3937 Θεὸν
1344 3888 1562 3955 ἀγάπην
1594 3886 1821 3953 όφθῆναι

251 3980 557 4031 σπεύδουσα
586 3977 724 4031 αἰδοῖ
760 3977 956 4047 μίξασα
990 3977 1323 4047 παρρησίαν,
1364 3978 1643 4045 εὐκόσμως
1676 3996 1733 4029 τε
1760 3982 1823 4028 τὰ

250 4072 405 4139 χείλη
431 4069 685 4136 διάρασα,
718 4068 919 4135 Μηδείς
952 4083 1065 4130 σου,
1108 4068 1267 4134 φησὶ,
1327 4067 1563 4119 πειθέτω
1588 4068 1757 4133 λόγος,
1779 4060 1822 4119 ὧ

254 4160 501 4230 βασιλεῦ,
535 4160 610 4220 ὡς
637 4160 780 4227 ἡμᾶς
818 4160 849 4228 ἢ
878 4158 1039 4223 φόϐος
1069 4160 1353 4227 πτοήσειεν
1385 4160 1415 4225 ἢ
1447 4158 1616 4210 πειθὼ
1647 4159 1760 4211 δελε
1774 4162 1825 4211 io

254 4254 452 4319 σειενῆ
495 4251 739 4311 κολάσεις
793 4248 1282 4316 διαπειλούμεναιῆ
1322 4249 1502 4315 ἀγαθά
1546 4252 1822 4318 προτεινό-

257 4363 395 4413 μενα
426 4345 457 4411 ἢ
485 4346 731 4411 νεότητος
762 4336 991 4410 οἶκτοςσῆ
1018 4340 1243 4401 κάλλους
1275 4342 1417 4402 ἔλεος
1457 4341 1488 4411 ἢ
1516 4341 1608 4393 τοῦ
1637 4345 1823 4408 γένους

253 4439 573 4505 λαμπρότης
613 4435 851 4502 μαλακόν
897 4449 945 4483 τι
993 4432 1232 4483 πείσειεν
1262 4433 1395 4494 ὅλως
1424 4432 1824 4503 ὑπονοήσασθαι

1923 592 2061 644 bona
2091 602 2146 644 et
2169 589 2311 643 facili
2332 592 2641 651 occasione,
2666 588 3074 641 transmittent:
3104 589 3168 641 ad
3199 598 3496 644 certamen.

1919 683 2096 751 Atque.
2130 683 2243 750 ipsa
2276 681 2500 749 quidem
2541 678 3011 747 prolicisccbatur,
3067 690 3125 732 et
3175 682 3265 749 qui
3305 682 3499 747 pradi-

1919 785 2040 825 ctus
2069 772 2221 824 Zoilo
2268 771 2465 833 fuerat,
2505 774 2627 821 vitae
2659 769 2782 820 linis
2814 768 3060 836 contigit.
3092 770 3221 822 Nam
3248 784 3373 823 cum
3400 770 3503 823 hoc

1918 862 2029 915 Deo
2052 863 2122 914 ita
2161 862 2335 913 visum
2364 870 2528 918 esset.
2564 859 2800 911 excessit
2828 874 2854 909 a
2901 861 3006 910 vita
3040 861 3316 926 praesenti.
3347 859 3499 924 Quo-

1919 954 2066 1005 niam
2102 960 2285 1004 autem
2322 967 2498 1019 neque
2533 951 2599 1004 de
2651 953 2833 1019 Agape
2862 960 2915 1001 et
2976 952 3129 1004 lrene
3182 960 3235 1002 et
3268 949 3499 1003 Cliionia

1923 1046 2217 1113 Oportebat
2249 1055 2455 1097 temere
2486 1045 2695 1097 dictum
2726 1058 2845 1096 esse
2878 1060 2905 1095 a
2951 1044 3329 1113 Chrysogono,
3372 1058 3494 1096 cum

1920 1138 1987 1191 de
2017 1138 2081 1192 iis
2137 1138 2469 1199 rescivisset,
2506 1137 2595 1204 qui
2646 1152 2837 1189 omnes
2884 1136 3163 1205 impietate
3198 1136 3499 1204 superavit,

1924 1231 2311 1288 Dioc‘etianus.
2352 1245 2448 1282 eas
2487 1229 2672 1282 statim
2700 1232 2950 1291 accersit,
2983 1238 3039 1280 et
3069 1228 3211 1281 sistit
3250 1240 3377 1281 ante
3406 1229 3504 1280 tri-

1922 1318 2088 1372 bunal
2117 1336 2128 1371 :
2162 1328 2218 1371 et
2246 1318 2527 1370 admirans
2579 1333 2767 1369 earum
2821 1316 3067 1369 habitum
3117 1324 3172 1369 et
3216 1317 3495 1385 spiritum,

1920 1421 1976 1464 et
2009 1418 2273 1478 praeterea
2318 1410 2581 1478 speciem,
2611 1419 2665 1461 et
2695 1424 2814 1475 quae
2849 1410 2899 1460 in
2936 1424 3125 1461 earum
3161 1409 3314 1461 vultu
3353 1411 3498 1476 vige-

1924 1500 2017 1553 bat
2061 1500 2314 1568 gratiam,
2337 1500 2612 1566 etalioqui
2638 1514 2761 1552 cum
2785 1499 2888 1552 hoc
2917 1501 3097 1559 sciret,
3118 1498 3263 1568 quod
3289 1512 3503 1554 morum

1924 1592 2180 1660 gravitas,
2214 1600 2267 1643 et
2298 1590 2561 1659 dignitate
2607 1589 2869 1657 praeditus
2915 1604 2977 1641 ac
3030 1600 3330 1657 generosus
3380 1591 3500 1642 ani-

1925 1702 2049 1740 mus
2090 1703 2370 1754 nunquam
2434 1689 2670 1739 vincitur
2714 1688 2780 1740 ab
2827 1688 3141 1753 asperitate,
3202 1688 3295 1740 sed
3355 1688 3504 1741 cedit

1926 1779 2110 1845 potius
2149 1780 2329 1831 verbis
2374 1780 2632 1831 mollibus
2692 1789 2746 1832 et
2801 1780 3049 1849 placidis,
3102 1790 3159 1831 et
3205 1780 3503 1832 attrahitur

1845 1845 1893 1904 Β
1922 1869 2135 1933 ofﬁciis,
2170 1887 2230 1923 ea
2268 1873 2353 1922 via
2390 1872 2502 1939 ipse
2535 1888 2752 1939 quoque
2788 1873 3115 1939 ingreditur.

1999 1959 2093 2013 IX.
2127 1961 2191 2013 Et
2224 1963 2457 2029 primum
2495 1963 2718 2029 quidem
2774 1963 2937 2015 trium
2980 1964 3142 2016 simul
3189 1964 3317 2017 facit
3350 1968 3498 2035 peri-

1922 2051 2129 2113 eulum,
2159 2054 2320 2105 simul
2353 2056 2580 2105 laudans
2607 2065 2661 2107 et
2693 2055 2998 2107 admonens
3030 2075 3038 2105 :
3074 2055 3211 2109 Cum
3246 2057 3298 2109 in
3342 2059 3502 2111 vobis

1923 2143 2160 2205 videam,
2195 2144 2405 2206 diecns,
2440 2161 2493 2196 et
2530 2145 2715 2197 florem
2748 2147 2923 2199 mtatis
2958 2188 2971 2209 ,
3006 2157 3059 2199 et
3094 2150 3329 2215 speciem
3379 2166 3500 2204 cor-

1923 2236 2098 2304 poris,
2131 2247 2183 2288 ct
2215 2253 2510 2305 gciierosos
2542 2248 2803 2307 praeterea
2836 2240 3084 2307 spiritus,
3124 2241 3219 2309 qui
3253 2258 3361 2297 non
3398 2246 3499 2298 mi-

1923 2342 2027 2379 nus
2065 2329 2435 2395 resplendent,
2470 2344 2631 2397 quam
2678 2342 2900 2384 externa
2933 2333 3100 2400 gratia
3136 2336 3307 2403 :quin
3335 2337 3499 2391 etiam

1922 2420 2225 2473 audivernn
2263 2437 2358 2474 vos
2390 2438 2507 2474 esse
2544 2421 2734 2484 bonas,
2782 2432 2836 2476 et
2878 2424 3035 2477 bonis
3086 2437 3400 2495 prognatas,
3450 2440 3503 2482 et

1922 2522 2184 2579 praeterea
2219 2515 2466 2566 doctrina
2503 2529 2720 2581 quoque
2763 2532 2868 2569 non
2905 2517 3258 2572 mediocriter
3312 2520 3502 2574 excul-

1922 2613 2025 2667 tas,
2067 2619 2163 2672 per
2196 2604 2350 2667 deos,
2404 2621 2626 2658 moveor
2685 2622 2791 2685 non
2848 2624 3014 2675 parva
3065 2610 3233 2663 vestri
3291 2612 3505 2665 miseri-

1922 2695 2130 2756 cordia,
2178 2696 2220 2749 si
2268 2698 2335 2750 de
2383 2697 2468 2755 his
2514 2699 2770 2752 omnibus
2819 2709 2873 2753 et
2920 2701 2987 2753 de
3043 2714 3222 2756 vestra
3282 2720 3503 2775 quoque

1924 2788 2032 2840 vita
2082 2788 2316 2841 venietis
2357 2789 2410 2841 in
2464 2790 2794 2857 periculum,
2829 2802 2882 2844 et
2931 2808 3039 2847 non
3084 2795 3233 2863 prius
3281 2797 3502 2865 aliquod

1924 2877 2127 2930 bonum
2149 2879 2215 2931 de
2241 2879 2393 2933 vobis
2416 2880 2547 2946 ipsis
2570 2882 2796 2949 capietis
2814 2885 3126 2939 consilium.
3153 2887 3420 2941 Haeenim
3436 2890 3503 2943 de

1922 2985 2082 3023 causa
2124 2985 2220 3023 vos
2253 2987 2471 3039 quoque
2505 2972 2649 3023 volui
2686 2984 2809 3026 ante
2839 2990 3019 3028 meum
3048 2987 3402 3045 conspectuin
3426 2980 3504 3034 si-

1922 3072 2068 3113 stere
2089 3071 2137 3113 et
2163 3076 2256 3113 vos
2272 3065 2588 3125 convenire,
2611 3073 2668 3115 ut
2685 3079 2808 3116 cum
2837 3081 2901 3118 ex
2924 3082 3007 3119 me
3025 3076 3080 3119 et
3102 3084 3167 3121 ex
3190 3070 3347 3124 vobis
3371 3071 3505 3139 ipsis

1923 3169 1983 3205 ea
2018 3169 2137 3220 quze
2185 3163 2421 3220 Oportet,
2472 3157 2762 3221 potueritis
2792 3157 3115 3226 intelligere,
3170 3164 3499 3218 abstineatis

1924 3244 2143 3310 quidem
2173 3246 2239 3298 ab
2273 3246 2663 3313 insipientibus
2706 3252 3150 3317 cogitationibus,
3180 3255 3287 3309 diis
3318 3268 3500 3311 autem

1923 3335 2167 3387 oerratis
2213 3338 2565 3397 sacrificium.
2622 3347 2672 3390 et
2734 3354 2829 3406 per
2870 3342 2973 3395 hoc
3019 3345 3155 3410 quid
3206 3360 3314 3397 non
3368 3346 3498 3399 boni

1926 3426 2082 3478 vobis
2106 3426 2240 3494 ipsis
2258 3429 2844 3495 comparetis,deorum
2867 3433 3185 3501 amicitiam,
3208 3452 3382 3489 meam
3398 3437 3496 3491 be-

1930 3519 2322 3583 nevolentiam,
2351 3521 2535 3588 gloriae
2583 3523 2998 3587 abundantiam,
3053 3542 3285 3596 sponsos
3308 3531 3503 3599 dignos

1926 3620 2101 3663 vestra
2126 3611 2554 3678 pulchritudine,
2584 3613 2802 3666 divitias
2819 3624 2874 3667 et
2901 3616 3224 3685 voluptates.
3254 3630 3309 3673 et
3337 3621 3499 3691 quid-

1924 3702 2054 3770 quid
2088 3702 2141 3755 in
2174 3704 2281 3755 vita
2318 3704 2446 3756 felix
2480 3704 2796 3772 bonumque
2824 3717 2907 3759 est
2945 3718 3001 3761 et
3026 3709 3259 3764 videtur.

1994 3793 2062 3847 X.
2101 3795 2180 3848 Ad
2208 3796 2320 3849 haec
2354 3806 2534 3850 autem
2570 3814 2631 3850 ea
2665 3814 2784 3865 qua:
2808 3810 2925 3853 erat
2956 3804 3127 3872 major
3157 3815 3312 3870 natu,
3333 3823 3496 3861 voca-

1927 3889 2085 3942 batur
2131 3905 2261 3943 vero
2304 3890 2504 3959 Agape,
2558 3907 2678 3958 qua:
2728 3892 2984 3948 studebat
3040 3912 3260 3965 quoque
3326 3900 3498 3953 videri

1926 3980 2096 4047 prima
2145 3981 2436 4035 dilectione
2501 3982 2556 4034 in
2608 3983 2803 4043 Deum.
2862 4000 2984 4037 cum
3030 3989 3358 4043 verecundia
3394 3993 3499 4043 mi-

1900 4086 2085 4124 -scens
2129 4071 2345 4126 dicendi
2395 4076 2728 4136 libertatem,
2792 4088 2847 4131 et
2892 4080 3043 4133 labra
3093 4083 3323 4139 honeste
3372 4102 3500 4154 ape-

1928 4162 2074 4214 riens
2104 4180 2115 4213 :
2148 4162 2326 4221 Nulla.
2362 4165 2559 4233 inquit.
2596 4169 2736 4220 ratio
2769 4169 2862 4223 tibi
2893 4174 3239 4239 persuadeat,
3269 4192 3302 4229 ο
3335 4177 3502 4246 impe-

1928 4265 2094 4316 rator,
2128 4255 2271 4321 quod
2305 4269 2406 4309 nos
2449 4258 2535 4310 vel
2598 4270 2777 4312 metus
2831 4266 3212 4328 perterruerit.
3259 4277 3503 4335 autper-

1929 4343 2112 4395 suasio
2192 4344 2550 4401 inescaverit.
2608 4356 2703 4401 aut
2762 4349 3043 4405 intentata:
3104 4354 3499 4421 suppliciorum

1929 4435 2109 4496 minae,
2161 4442 2252 4487 aut
2292 4435 2430 4489 bona
2458 4442 2757 4505 proposita,
2802 4451 2896 4494 aut
2938 4444 3251 4510 iuventutis
3284 4448 3500 4501 miseri-

257 4531 333 4599 μὴ
362 4532 441 4579 ὅτι
474 4544 536 4592 γε
570 4526 869 4581 καὶείπεῖν,
901 4523 1013 4575 ἀλλ’
1054 4524 1189 4576 αύτά
1225 4525 1288 4593 δὴ
1313 4526 1478 4576 ταῦτα
1506 4528 1680 4577 πείθει
1730 4527 1820 4577 καὶ
1854 4537 1895 4590 υ
1929 4524 2111 4577 cordia

1929 4524 2151 4588 cordia,
2219 4536 2313 4580 aut
2389 4531 2793 4584 commiseratio
2856 4535 3284 4600 pulchritudinis
3403 4555 3497 4593 aut

258 4621 495 4688 μάλιστα
535 4618 764 4669 θανάτου
802 4617 1177 4683 καταφρονεῖν,
1224 4616 1304 4667 ὅτι
1357 4614 1627 4676 τοσούτοις
1676 4618 1825 4681 παρά

254 4712 391 4765 Θεοῦ
451 4709 809 4776 κοσμηθεῖσαι
863 4709 972 4767 τοῖς
1023 4705 1244 4771 ἀγαθοῖς
1292 4708 1386 4757 καὶ
1415 4706 1555 4757 οὕτω
1614 4706 1826 4766 πολλοῖς

257 4803 694 4869 πλεονεκτήμασι
747 4798 1097 4865 διαφέρουσαι
1132 4799 1345 4849 πάντων
1382 4798 1446 4849 ἂν
1509 4797 1827 4866 ἀτοπώτερα

253 4896 605 4964 ὃιανοηθῆσαι
635 4890 914 4961 φανῶμεν,
962 4890 1007 4940 εἰ
1058 4890 1146 4941 τὸν
1192 4891 1460 4943 δεδωκότα
1506 4890 1636 4941 Θεὸν
1667 4893 1826 4959 ἡμεῖς

255 4988 623 5056 ἀρνηθείημεν
676 4981 918 5043 ἀϐούλως
969 4981 1171 5049 σφόδρα
1210 4983 1301 5033 καὶ
1347 4984 1695 5050 ἀγνωμόνως.
1731 4984 1850 5034 καὶ.

258 5084 333 5152 μὴ
368 5082 432 5134 τα
468 5079 593 5148 παρ’
629 5075 790 5129 αὑτοῦ
816 5074 1016 5143 μᾶλλον
1047 5076 1103 5125 ἐν
1129 5075 1306 5136 αὐτοῖς
1332 5075 1468 5143 ὑπὲρ
1501 5074 1663 5127 αὑτοῦ
1693 5074 1824 5142 πρό-

260 5187 424 5241 φασιν
453 5166 662 5228 εὐνοίας
695 5167 787 5217 καὶ
820 5163 1057 5223 πίστεως
1082 5163 1349 5229 ἀσφαλοῦς
1379 5162 1733 5232 πο;ησόμεοα.

1928 4616 2187 4681 splendor
2235 4621 2473 4684 generis,
2517 4620 2675 4675 nobis
2736 4626 2961 4677 omnino
3016 4631 3374 4695 persuaserit,
3436 4643 3495 4685 ut

1927 4704 2130 4771 aliquid
2184 4707 2345 4760 molle
2396 4716 2451 4761 et
2498 4709 2793 4767 delicatum
2869 4718 3094 4771 omnino
3173 4722 3495 4788 cogitemus,

1932 4798 2131 4849 nedum
2162 4809 2223 4851 ut
2269 4800 2536 4856 dicamus.
2571 4804 2677 4857 Sed
2710 4806 2821 4858 ba'c
2853 4809 3070 4873 quidem
3103 4809 3217 4878 ipsa
3262 4812 3345 4866 vel
3384 4830 3497 4864 ma-

1929 4888 2068 4940 xime
2120 4891 2445 4956 persuadent
2496 4904 2729 4947 mortem
2779 4909 3159 4963 contemnere,
3212 4903 3358 4970 quod
3419 4914 3495 4956 tot

1929 4979 2086 5032 bonis
2116 4995 2144 5031 a
2177 4981 2287 5034 Deo
2333 4993 2559 5045 ornatae,
2612 4996 2719 5039 tam
2756 4990 2943 5044 multis
3001 4995 3302 5046 commodis
3360 5010 3496 5061 prm-

1924 5083 2155 5135 stantes,
2194 5075 2439 5129 omnium
2472 5077 2866 5133 absurdissima
2892 5082 3208 5135 videremur
3231 5084 3491 5153 cogitare,

1926 5164 1968 5215 si
2006 5164 2197 5228 Deum,
2233 5166 2324 5233 qui
2350 5182 2410 5219 ea
2434 5167 2605 5231 dedit,
2636 5185 2736 5223 nos
2764 5171 3164 5227 inconsiderate
3192 5174 3487 5229 admodum

256 5277 312 5322 et
368 5266 577 5331 ingrate
622 5257 1008 5328 negaverimus
1050 5264 1104 5307 et
1141 5271 1248 5308 non
1299 5272 1361 5309 ea
1412 5273 1530 5325 quae
1598 5257 1666 5309 ab
1717 5272 1783 5309 eo
1834 5259 2164 5325 accepimus,
2238 5259 2289 5311 in
2358 5260 2421 5313 iis
2460 5277 2578 5330 quae
2609 5278 2705 5331 pro
2740 5264 2859 5331 ipso
2890 5280 3129 5332 passura:
3158 5281 3367 5331 sumus,
3402 5283 3494 5320 oc-

254 5358 531 5413 casionem
566 5351 979 5413 benevolentiae,
1023 5361 1295 5419 certaeque
1352 5360 1406 5405 et
1434 5350 1644 5404 stabilis
1687 5352 1811 5404 fidei
1850 5349 2186 5404 duxerimus.

326 5452 427 5506 ΙΝ.
464 5451 681 5518 Ταύτην
704 5454 732 5504 ό
773 5450 1033 5519 τύραννος
1065 5448 1163 5517 τὴν
1210 5447 1520 5517 παρρησίαν
1579 5446 1821 5509 ἐκτόπως

256 5544 547 5611 θαυμάσας
580 5542 675 5594 καὶ
706 5539 933 5610 νομίσας
963 5535 1104 5592 εἷναι
1131 5536 1343 5607 μανίαν,
1363 5537 1436 5597 ῶς
1455 5537 1509 5589 δὲ
1537 5537 1629 5587 καὶ
1655 5536 1816 5588 καλέ-

255 5652 376 5700 σας,
408 5634 617 5687 οἴκοθεν
646 5631 882 5702 ἀτεχνῶς
905 5629 1003 5699 τὴν
1031 5629 1209 5698 κρίσιν
1232 5628 1547 5696 ποιούμενος
1572 5627 1668 5696 τῆς
1714 5628 1813 5695 μὲν

265 5726 509 5793 ’Δγάπης
531 5725 592 5776 οὐ
623 5723 781 5774 πλέον
808 5722 1165 5789 ἀπεπειρᾶτο,
1196 5719 1455 5789 δευτέραν
1485 5718 1538 5771 δὲ
1565 5720 1659 5787 τὴν
1694 5720 1815 5771 δευ-

250 5815 419 5887 τέραν
452 5816 689 5886 παριστᾷ
716 5814 807 5867 καὶ
832 5812 955 5876 τοὺς
978 5812 1165 5881 λέγους
1197 5812 1486 5882 προσῆγεν.
1528 5814 1613 5873 Ὠς
1642 5814 1691 5866 δὲ
1724 5817 1813 5868 καὶ

1998 5444 2091 5499 XI.
2141 5445 2289 5500 Hanc
2317 5446 2576 5515 loquendi
2605 5449 2915 5503 libertatem
2948 5466 3112 5519 supra
3140 5452 3361 5506 modum
3396 5454 3489 5506 ad-

1928 5540 2157 5590 miratus
2184 5548 2462 5606 tyrannus,
2496 5550 2552 5593 et
2592 5550 2742 5593 ratus
2785 5556 2905 5595 esse
2958 5543 3248 5606 insaniam,
3280 5552 3335 5597 et
3368 5560 3487 5597 eam

1921 5628 1995 5681 ita
2027 5629 2321 5697 appellans.
2394 5645 2456 5682 ex
2491 5644 2547 5683 se
2591 5631 2745 5697 plane
2784 5631 2990 5686 faciens
3015 5635 3307 5703 judicium,
3353 5636 3492 5707 Aga-

1923 5735 2023 5787 pen
2070 5719 2290 5786 quidem
2342 5734 2449 5772 non
2500 5721 2730 5776 tentavit
2774 5722 3042 5791 amplius,
3104 5724 3348 5778 secundo
3393 5740 3460 5777 ait

1926 5824 2031 5865 tem
2076 5813 2235 5881 jussit
2326 5813 2444 5865 sisti
2500 5814 2817 5881 secundam,
2877 5826 2931 5870 et
2994 5816 3175 5870 verbis
3230 5831 3349 5870 eam
3405 5826 3488 5871 est
