4252 6440
789 403 890 465 583

2017 385 2302 447 MENSlS
2343 388 2588 448 DECEM
2601 389 2773 451 BER.

3923 391 4038 455 584

776 520 1017 573 adortus.
1053 513 1342 580 Postquam
1364 524 1496 564 vero
1532 508 1695 579 hujus
1737 522 1957 579 quoque
1991 505 2269 571 similiter,
2297 513 2354 560 et
2378 509 2428 568 Α

2378 509 2428 568 Α
2455 507 2625 576 αὐτῆς
2653 507 2875 576 ὁμοίως,
2923 504 3042 560 εἶτα
3093 508 3186 561 καὶ
3223 506 3322 578 τῆς
3366 508 3556 578 τρίτης
3597 506 3693 577 τὴν
3724 505 4037 575 μεταίολὴν

774 609 970 664 deinde
1029 607 1204 660 tertia:
1271 602 1581 672 desperavit
1632 602 2016 664 mutationem,
2057 610 2337 670 postremo

774 705 961 758 dicens
984 718 998 752 :
1025 698 1147 751 Haec
1177 695 1399 748 audacia
1438 703 1616 748 vestra
1649 709 1908 763 responsa
1969 694 2118 746 nulla
2153 709 2210 746 re
2233 693 2335 746 alia

772 807 930 860 quam
960 788 1181 842 inﬂictis
1210 787 1498 840 tormentis
1549 786 1911 848 curabuntur,
1946 785 2067 840 illas
2113 785 2335 854 quidem

771 887 993 956 conjicit
1054 885 1106 937 in
1165 897 1440 936 carcerem
1489 881 1652 950 :ipse
1706 891 1888 934 autem
1950 883 2001 934 in
2067 880 2335 948 supplicio

777 975 1178 1034 considerando
1228 990 1289 1027 ac
1345 973 1685 1042 exquirendo
1734 973 2059 1026 versabatur
2112 975 2332 1038 animo,

771 1087 963 1128 novam
995 1070 1232 1136 aliquam
1263 1077 1316 1119 et
1359 1069 1516 1133 longe
1553 1065 1928 1135 gravissimam
1977 1067 2058 1119 eis
2105 1077 2332 1119 mortem

769 1162 1010 1218 invenire
1041 1160 1399 1213 contendens.
1428 1157 1558 1223 Quae
1589 1173 1716 1210 vero
1745 1157 1827 1209 vel
1863 1169 1987 1209 ante
2011 1157 2330 1220 certamina,

767 1272 831 1307 an
862 1268 948 1306 mo
982 1262 1037 1304 et
1077 1253 1326 1304 instituto
1375 1258 1494 1302 erat
1549 1263 1738 1302 eorum
1793 1247 2112 1301 certationis
2161 1247 2330 1308 socia,

765 1343 1061 1400 Anastasia,
1082 1356 1141 1392 ea
1161 1355 1280 1408 quae
1307 1347 1688 1398 consueverat,
1723 1352 1828 1388 non
1873 1336 2122 1390 cessabat
2146 1335 2327 1389 adhuc

770 1434 968 1492 facere,
1001 1429 1184 1482 verbis
1217 1430 1437 1496 quidem
1474 1427 1776 1480 accendens
1819 1428 1883 1479 ad
1913 1435 2213 1486 certamen,
2251 1441 2334 1478 re-

766 1527 876 1594 ipsa
907 1535 1088 1577 autem
1126 1539 1308 1577 earum
1343 1537 1532 1574 curam
1566 1536 1760 1589 gerens
1805 1539 1816 1572 :
1863 1530 1918 1574 et
1974 1536 2080 1573 non
2134 1520 2328 1572 harum

763 1618 959 1677 solum,
1013 1629 1190 1683 neque
1243 1613 1578 1681 reliquorum
1633 1613 1876 1664 omnium
1927 1612 2020 1679 qui
2081 1609 2332 1663 similiter

765 1705 1149 1763 decertabant,
1225 1703 1477 1755 similiter
1535 1716 1719 1753 curam
1775 1701 2038 1770 gerebat,
2083 1701 2178 1756 sed
2238 1715 2332 1754 eos

766 1799 947 1854 etiam,
977 1797 1066 1864 qui
1096 1795 1296 1860 alioqui
1327 1804 1484 1846 erant
1513 1794 1724 1863 inopes.
1756 1793 2123 1848 Christianam
2150 1805 2329 1847 autem

2449 601 2691 667 ἀπέγνω,
2719 601 3028 654 τελευταῖον
3063 602 3253 664 αὐταῖς
3298 599 3541 654 ἐπειπὼν
3573 600 3649 660 ὡς
3680 600 3746 652 Δί
3775 600 4033 668 θρασεῖαι

2448 693 2600 762 ὑμῶν
2653 694 2970 761 ἀποκρίσεις
3002 687 3162 746 αὗται
3213 694 3468 763 οὐδαμῶς
3511 693 3741 761 ἄλλωςῆ
3775 691 4036 760 βασάνων

2446 787 2732 856 ἐπιφοραῖς
2771 785 3105 855 ίαθήσονται,
3139 787 3357 847 ὶκείνας
3385 785 3485 858 μὲν
3509 787 3582 854 ’τῇ
3613 786 3805 853 είρκτῇ
3839 799 4031 851 παραο

2442 880 2674 945 δίδωσιν,
2706 877 2868 939 αὐτὸς
2897 877 2951 930 δὲ
2988 877 3114 946 περὶ
3137 881 3237 944 τὴν
3267 876 3556 944 διάσκεψιν
3590 876 3695 928 τῶν
3727 875 4025 944 τιμωριῶν

2442 967 2735 1037 ἀπησχόλει
2773 968 2864 1019 τὸν
2896 966 3042 1029 νοῦν,
3071 967 3390 1019 καινότατόν
3421 983 3542 1018 τινα
3573 970 3663 1018 καὶ
3696 964 4025 1035 χαλεπώτα-

2442 1075 2533 1111 τον
2562 1058 2750 1119 αὐταῖς
2779 1056 3011 1110 θάνατον
3042 1058 3286 1121 ἐξευρεῖν
3311 1058 3692 1124 ἐπειγόμενος.
3755 1054 3821 1105 Ἤ
3860 1055 3917 1106 δέ
3953 1070 4023 1119 γε

2443 1155 2535 1206 καὶ
2562 1154 2665 1220 πρὸ
2690 1155 2799 1206 τῶν
2850 1154 3078 1220 ἀγώνων
3108 1158 3172 1222 τῇ
3215 1157 3534 1222 προαιρέσει
3589 1153 3848 1213 aninmo;
3881 1153 4022 1207 ταύο

2442 1261 2559 1306 ταις
2597 1242 2922 1297 Ἀναστασία
2950 1246 3012 1294 τὰ
3035 1243 3260 1295 είωθότα
3281 1244 3374 1295 καὶ
3401 1243 3479 1294 ἔτι
3502 1247 3678 1294 ποιεῖν
3705 1246 3804 1296 οὐκ
3825 1244 4020 1310 ἔληγε,

2441 1332 2619 1398 λόγοις
2651 1332 2750 1400 μὲν
2789 1333 2920 1401 πρὸς
2955 1333 3048 1382 τὸν
3086 1331 3271 1396 ἀγῶνα
3295 1329 3779 1398 διαθερμαὶνουσα,
3829 1331 4018 1398 ἔργοις

2439 1423 2494 1475 δὲ
2527 1423 2594 1475 τὰ
2637 1426 2737 1491 τῆς
2794 1425 3050 1492 προνοίας
3113 1422 3460 1488 ὲκιτελοῦσα,
3506 1424 3599 1474 καί
3651 1423 3772 1490 οὐχὶ
3803 1421 4019 1476 τούτων

2444 1515 2618 1582 μόνων
2649 1512 2769 1564 οὐδὲ
2801 1515 2910 1564 τῶν
2946 1514 3146 1565 λοιπῶν
3177 1514 3393 1564 πάντων
3419 1512 3531 1564 τῶν
3552 1511 3750 1580 ὁμοίως
3780 1510 4014 1562 ἀθλούν-

2438 1622 2544 1655 των
2572 1603 2771 1671 ὁμοίως
2806 1605 3003 1671 εἴχετο,
3041 1604 3174 1655 ἀλλὰ
3207 1605 3299 1656 καὶ
3321 1603 3429 1654 τῶν
3459 1602 3630 1661 ἄλλως
3655 1601 4013 1671 ἀπορούντων

2438 1697 2550 1749 ὅσοι
2583 1697 2653 1748 τε
2714 1696 3055 1765 Χριστιανῶν
3113 1695 3509 1766 πρεσϐεύοντες
3552 1689 3696 1763 ἦσαν
3751 1691 4013 1757 οὐδαμῶς

2441 1788 2634 1856 ἠμέλει
2665 1791 2774 1850 τοῖς
2811 1788 2909 1849 μὲν
2939 1787 3164 1858 τροςὰς,
3201 1791 3312 1847 τοῖς
3347 1788 3402 1837 δὲ
3444 1785 3658 1847 στολὰς,
3687 1787 3796 1845 τοῖς
3823 1784 3880 1834 δὲ
3911 1781 4014 1834 καὶ

767 1887 1227 1955 amplectebantur
1299 1887 1640 1955 rel%gioe-em,
1695 1887 1921 1939 minimc
1979 1888 2287 1955 ne-gligebat
2319 1905 2330 1939 :
2368 1871 2446 1934 Βί

2368 1871 2406 1922 Β
2437 1883 2602 1948 ἄμφω
2633 1880 2925 1948 φιλοτίμως
2960 1884 3294 1947 παρέχουσα,
3342 1871 3418 1930 ὧν
3447 1875 3680 1944 ἁμοιὸὴν
3708 1879 3832 1944 μίαν
3863 1875 4013 1926 ὲκεί-

765 1981 869 2033 tllis
910 1979 1132 2047 quidem
1187 1978 1466 2037 alimenta,
1517 1978 1602 2031 his
1664 1994 1792 2032 vero
1828 1979 2169 2039 vestimenta,
2212 1979 2335 2032 aliis

765 2078 942 2121 autem
977 2078 1208 2136 utraque
1242 2070 1492 2136 prmbens
1536 2070 1861 2133 liberaliter,
1914 2085 2144 2138 quorum
2193 2075 2334 2124 etab

771 2161 878 2212 illis
921 2175 1079 2211 unam
1128 2160 1347 2227 petebat
1384 2161 1908 2223 remunerationem,
1954 2171 2009 2213 et
2045 2162 2159 2229 ipsa
2199 2179 2335 2230 quo-

765 2267 866 2321 que
899 2251 1241 2319 precabatur.
1298 2263 1354 2302 ut
1403 2254 1483 2304 eis
1514 2267 1741 2304 aureum
1795 2253 2100 2318 imponeret
2158 2252 2335 2321 signa-

765 2344 964 2398 culum.
1022 2341 1265 2409 martyrii
1318 2357 1598 2394 coronam.
1637 2342 1700 2395 Et
1749 2342 1892 2410 quod
1949 2343 2060 2410 ipsa
2107 2344 2331 2411 quidem

765 2448 859 2501 spe
899 2449 1002 2486 non
1040 2434 1108 2486 sit
1139 2434 1293 2497 falsa,
1336 2434 1516 2486 statim
1547 2433 1842 2487 declarabit
1870 2437 2068 2488 oratio.

835 2523 950 2576 XII.
1008 2524 1375 2578 Diocletianus
1429 2537 1636 2586 autem,
1678 2540 1802 2578 cum
1871 2527 1938 2580 de
2001 2529 2333 2597 martyribus

766 2614 932 2665 multa
977 2614 1158 2666 animo
1210 2615 1483 2682 agitasSet,
1522 2624 1577 2667 et
1628 2616 1677 2666 in
1738 2615 1906 2668 dubio
1959 2619 2077 2686 ejus
2145 2619 2326 2674 adhuc

766 2714 911 2758 esset
937 2705 1171 2766 animus,
1199 2715 1254 2758 et
1281 2705 1442 2758 simul
1489 2715 1549 2758 ut
1602 2706 2042 2775 proficisceretur
2079 2711 2130 2762 in
2163 2711 2331 2765 Mace-

770 2795 988 2848 doniam
1042 2811 1070 2848 a
1125 2796 1450 2865 quibusdam
1487 2798 1721 2867 publicis
1757 2813 2046 2870 urgeretur
2078 2804 2328 2872 negotiis,

774 2903 900 2942 cum
943 2888 1176 2942 Dulcitio
1229 2888 1483 2956 praefecto
1531 2904 1722 2944 earum
1776 2892 2084 2948 mandasset
2128 2895 2334 2948 exami-

770 2982 1070 3039 natiouem,
1105 2982 1249 3045 quod
1297 2994 1391 3032 eas
1421 2990 1702 3048 oporteret
1746 2983 1965 3052 punire.
1998 2987 2168 3038 multa
2204 3001 2332 3054 prae-

771 3069 934 3135 cepit.
972 3069 1063 3122 llle
1099 3085 1226 3122 vero
1265 3085 1389 3124 cum
1444 3073 1601 3126 mala:
1637 3081 1843 3126 natura:
1875 3073 2166 3144 adjecisset
2215 3093 2330 3132 ma-

2437 1987 2557 2032 νους
2586 1987 2642 2021 τε
2669 1971 2894 2038 ἀπῄτει,
2923 1974 3013 2020 καὶ
3043 1969 3178 2038 αὐτὴ
3210 1968 3276 2020 δι’
3308 1967 3473 2035 εὐχῆς
3514 1968 3750 2018 ἐποιεῖτο
3779 1967 3840 2016 τὸ
3872 1967 4009 2017 πᾶσι

2436 2064 2644 2125 τούτοις
2675 2067 2884 2132 χρυσῆν
2937 2062 3208 2114 ἐπιθεῖναι
3251 2059 3520 2130 σφραγῖδα
3545 2060 3636 2110 τὸν
3670 2057 4010 2126 μαρτυρικὶν

2439 2156 2719 2221 στέφανον.
2744 2154 2852 2203 Καὶ
2883 2152 3023 2219 αὐτη
3066 2151 3163 2218 μὲν
3197 2152 3279 2200 ὃτι
3325 2151 3421 2217 τῆς
3453 2149 3661 2209 ἐλπίδος
3697 2148 3754 2198 οὐ
3793 2144 4012 2215 διεψεύ-

2437 2246 2541 2314 σθη
2566 2247 2688 2296 ὅσον
2717 2244 2871 2296 οὐπω
2899 2247 2987 2294 καὶ
3016 2245 3043 2295 ό
3076 2243 3230 2310 λόγος
3261 2240 3511 2308 δηλώσει.

2505 2515 2606 2571 ῙΒ’.
2638 2517 3016 2584 Διοκλητιανός
3057 2516 3116 2567 δὲ
3166 2513 3337 2566 πολλὰ
3395 2513 3525 2580 περὶ
3550 2510 3658 2564 τῶν
3712 2507 4010 2579 μαρτύρων

2433 2610 2888 2677 διασκεψάμενος,
2919 2611 2976 2659 ὲν
3012 2608 3205 2676 ἀπόρῳ
3249 2622 3307 2658 τε
3335 2605 3414 2656 ἔτι
3446 2605 3544 2672 τὴν
3577 2602 3800 2670 γνώμην
3839 2601 4005 2667 ἔχων.

2433 2703 2523 2754 καὶ
2561 2703 2676 2769 ἅμα
2731 2701 2828 2768 τὴν
2886 2702 2940 2762 ἐς
2992 2697 3328 2751 Μακεδονίαν
3376 2696 3616 2748 ἐλαύνειν
3678 2694 3781 2745 ὑπὸ
3840 2705 4010 2744 τινων

2432 2794 2802 2862 ἐπειγόμενος,
2829 2791 3097 2859 δημοσίων
3118 2789 3409 2856 Δουλκιτίῳ
3437 2787 3660 2855 ἐπάρχῳ
3676 2784 3772 2854 τὴν
3797 2781 4007 2835 τούτων

2431 2887 2674 2949 ἐξέτασιν
2707 2886 3028 2954 ἐπιτρέψας,
3085 2883 3254 2935 πολλὰ
3293 2884 3424 2950 περὶ
3458 2880 3548 2932 τοῦ
3577 2881 3686 2932 δεῖν
3717 2879 3885 2938 αὐτὰς
3909 2893 4007 2927 κο·

2431 2982 2613 3042 nam
2665 2979 3022 3046 ἐπήγγελλεν.
3081 2975 3144 3029 Ὀ
3197 2976 3254 3028 δὲ
3311 2975 3522 3043 πονηρᾷ
3570 2973 3727 3039 φύσει
3759 2970 4005 3037 πονηρὰν

2432 3072 2689 3142 προσθεὶς
2715 3071 2976 3138 βασιλέως
3001 3068 3263 3133 διάταξιν,
3295 3066 3388 3118 καὶ
3412 3067 3504 3117 τὸν
3534 3064 3706 3132 θυμὸν
3729 3063 3804 3122 ὡς
3841 3061 4008 3130 μαλι-

770 3161 880 3212 lum
910 3162 1257 3227 imperatoris
1291 3162 1629 3224 mandatum,
1681 3174 1734 3216 et
1763 3165 1900 3218 iram
1938 3170 2170 3222 maxime
2205 3186 2331 3222 exa-
2361 3200 2401 3254 ε
2437 3182 2449 3216 <

2325 3199 2401 3254 -Ο
2437 3182 2533 3216 στα
2589 3162 2909 3231 παραθήξας
2957 3162 3171 3227 ἕτοιμος
3226 3153 3292 3227 ἦ)
3344 3158 3634 3224 ἀπλήστως
3686 3157 3751 3254 τῇ
3805 3154 4004 3254 γνώμῃ

771 3253 996 3316 ruisset,
1047 3266 1267 3321 paratus
1295 3267 1412 3310 erat
1463 3271 1618 3310 suum
1657 3257 2038 3326 inexplebilem
2090 3261 2329 3315 animum

769 3346 1060 3398 exsatiare.
1092 3345 1227 3398 Cum
1259 3357 1439 3399 autem
1465 3348 1574 3416 jam
1605 3359 1789 3416 parata
1817 3360 2001 3404 essent
2034 3362 2328 3417 tormenta,

772 3445 826 3489 ct
859 3453 957 3504 pro
989 3438 1246 3490 tribunali
1280 3449 1488 3491 starent
1524 3441 1784 3509 virgines,
1838 3442 1931 3509 qui
1979 3453 2162 3497 mente
2210 3455 2335 3498 erat

774 3528 932 3595 plane
965 3529 1304 3590 excutienze,
1348 3539 1574 3596 repente
1609 3531 1774 3598 coepit
1808 3533 1976 3583 etiam
2007 3547 2128 3586 esse
2157 3548 2335 3587 caseus

770 3620 982 3677 oculis:
1018 3620 1097 3670 Vel
1131 3622 1311 3688 potius
1350 3637 1472 3675 cum
1503 3623 1784 3676 videretur
1828 3627 2092 3693 aspicere,
2143 3636 2198 3679 et
2226 3641 2330 3680 non

769 3707 985 3760 clausos
1010 3707 1236 3760 haberet
1286 3709 1495 3769 oculos.
1551 3711 1827 3764 neminem
1879 3713 2102 3766 videbat
2144 3729 2210 3767 ex
2264 3714 2334 3768 iis

766 3797 861 3865 qui
897 3797 1143 3853 aderant.
1196 3798 1314 3863 Quo
1364 3799 1571 3853 faetum
1621 3811 1724 3865 est,
1755 3813 1814 3855 ut
1871 3804 2102 3857 maxima
2137 3805 2218 3858 ira
2251 3807 2334 3859 in-

770 3903 984 3950 census,
1028 3897 1139 3941 tum
1187 3891 1407 3958 quidem
1463 3893 1544 3946 vel
1595 3894 1795 3948 invitus
1843 3910 1936 3948 eas
1980 3896 2334 3950 abducereta

770 3978 1061 4040 tribunali;
1117 3979 1298 4032 timuit
1350 3982 1494 4032 enim
1532 3997 1600 4036 ne
1648 3983 1851 4052 aliquid
1886 3986 2122 4054 amplius
2178 3998 2332 4055 pate-

769 4081 939 4134 retur,
973 4072 1017 4124 si
1044 4071 1316 4125 adessent.
1370 4073 1559 4127 Postea
1591 4090 1720 4128 vero
1770 4092 1892 4130 eum
1927 4094 2118 4132 rursus
2150 4091 2334 4134 essent

768 4163 1024 4227 conjecta:
1078 4162 1132 4212 in
1167 4175 1466 4223 carcerem,
1519 4171 1574 4216 et
1618 4167 1726 4232 jam
1758 4166 1822 4218 ad
1879 4167 2044 4221 Deum
2105 4169 2335 4239 hymnos

773 4251 955 4303 dicere
981 4262 1034 4304 et
1067 4253 1276 4306 cantica
1309 4244 1552 4321 psallere
1573 4269 1839 4324 aggressa:
1877 4267 2082 4322 essent,
2116 4261 2169 4311 in
2217 4260 2335 4313 ani-

776 4356 865 4393 mo
901 4341 1123 4409 quidem
1150 4343 1340 4396 habuit
1363 4345 1692 4413 irrumpere.
1727 4355 1782 4400 et
1808 4361 1874 4400 ex
1915 4348 2211 4416 improviso
2243 4366 2333 4404 ac-

772 4433 988 4492 cedens,
1025 4433 1236 4486 illarum
1282 4437 1489 4498 venari,
1540 4445 1602 4488 ut
1652 4436 1896 4504 putabat,
1939 4439 2239 4507 praestigias
2275 4449 2333 4494 et

2437 3256 2761 3328 χρήσασθαι.
2809 3254 2897 3316 Ὦς
2944 3254 2999 3305 δὲ
3028 3252 3122 3304 καὶ
3147 3251 3475 3320 ηὐτρέπιστο
3495 3250 3562 3302 τὰ
3607 3249 3749 3302 δεινὰ
3779 3248 3870 3300 καὶ
3904 3249 4007 3310 τὰς

2435 3349 2735 3418 παρθένους
2766 3347 3003 3416 παρίττη
3028 3345 3106 3413 τῷ
3140 3344 3364 3412 βήματι,
3405 3343 3434 3393 ό
3460 3342 3554 3410 τὴν
3582 3342 3816 3394 διάνοιαν
3839 3342 4004 3408 ἀκρι-

2435 3437 2542 3500 ϐῶς
2593 3438 2913 3505 τυφλώττων
2973 3437 3172 3504 τυφλὸς
3219 3434 3444 3497 ἐξάπινα
3476 3434 3570 3484 καὶ
3601 3433 3697 3493 τας
3725 3432 3877 3498 ὕψει(
3908 3426 4002 3500 ἦν,

2437 3532 2638 3602 μᾶλλον
2675 3531 2732 3584 δὲ
2767 3530 2982 3600 βλέπειν
3007 3529 3181 3581 δοκῶν
3232 3527 3321 3579 καὶ
3347 3527 3471 3587 τοὺς
3503 3524 3812 3591 ὀςθιλροὺς
3858 3523 4005 3592 ἔχων

2441 3625 2783 3687 ἀκλείστους,
2818 3623 3007 3674 οὐδένα
3036 3621 3143 3674 τῶν
3195 3620 3478 3688 παρόντων
3510 3616 3687 3685 ἑώρα·
3730 3609 3858 3683 ᾧίὴ
3907 3617 4006 3666 καὶ

2436 3717 2667 3784 μάλιστα
2697 3714 2788 3766 τὸν
2848 3714 3016 3781 θυμὸν
3073 3710 3357 3769 ἑκκαυθεὶς
3408 3708 3527 3760 τότε
3558 3709 3655 3775 μὲν
3705 3707 3876 3768 αὐτὰς
3906 3707 4004 3756 καὶ

2433 3807 2580 3857 ἄκων
2617 3805 2818 3869 ἀπάγει
2874 3802 2966 3854 τοῦ
3013 3800 3251 3870 βήματος
3278 3814 3291 3828 °
3347 3798 3537 3850 ἐδεδίει
3569 3797 3674 3864 γὰρ
3706 3797 3779 3863 μή
3815 3812 3865 3846 τι
3905 3796 4004 3847 καὶ

2436 3898 2596 3949 πλέον
2636 3895 3057 3965 παρισταμένων
3092 3892 3236 3960 αὐτῷ
3269 3891 3426 3942 πάθοι
3451 3905 3462 3916 ·
3501 3889 3724 3956 ὕστερον
3752 3887 3807 3940 δὲ
3829 3887 3904 3947 ὡς
3930 3888 3999 3955 τῇ

2434 3990 2620 4057 εἱρκτῇ
2652 3986 2992 4056 παρεδίδοντο
3021 3984 3113 4036 καὶ
3149 3983 3248 4052 ήδη
3277 3983 3385 4035 τῶν
3431 3984 3507 4042 εἰς
3539 3980 3673 4032 Θείν
3698 3979 3880 4046 ὖ;-νων
3905 3981 4003 4029 καὶ

2432 4080 2582 4149 ᾠδῶν
2610 4081 2835 4147 εἴχοντο,
2857 4078 3005 4146 ὁρμᾷ
3039 4078 3136 4140 μὲν
3186 4075 3467 4142 είσπηδῆσ.
3491 4092 3508 4125 ι
3538 4075 3630 4125 καὶ
3660 4071 3895 4139 θηρᾶσαι
3923 4069 4005 4137 τῷ

2433 4167 2727 4236 ἀπροόπτῳ
2785 4169 2881 4234 τὴν
2911 4165 3135 4217 ἐκείνοιν
3191 4163 3422 4230 φθάσας,
3463 4162 3534 4222 ὡς
3569 4160 3722 4229 ᾤετο,
3785 4173 4005 4225 μαγγα-

2433 4258 2612 4308 νείανσ
2653 4256 2768 4325 θείᾳ
2791 4255 2847 4306 δὲ
2870 4254 3033 4323 βουλῇ
3071 4255 3164 4304 καὶ
3203 4253 3404 4320 ταύτης
3446 4254 3648 4312 ἐκεῖνος
3679 4251 3770 4316 τῆς
3806 4248 4005 4316 βουλῆς

2434 4349 2695 4415 εἴργεται.
2733 4347 2843 4413 Τῆς
2891 4346 2997 4414 γὰρ
3047 4343 3261 4405 εὐθείας
3304 4342 3686 4411 παρατραπεὶς
3744 4340 3837 4391 καί
3878 4355 4002 4399 ¹κως

2437 4436 2572 4504 πρός
2604 4452 2721 4486 τινα
2752 4435 2978 4502 πλησίον
3023 4433 3260 4484 οίκίσκον
3284 4430 3662 4500 παρενεχθεὶς,
3691 4429 3747 4490 ὃς
3774 4429 3838 4496 δὴ
3885 4431 4004 4488 τοῖς

774 4522 1190 4578 incantationes.
1262 4525 1453 4579 Divina
1517 4535 1697 4579 autem
1765 4527 2043 4583 voluntate
2101 4530 2190 4582 ille
2266 4520 2453 4584 σου(

2323 4546 2335 4582 ι
2369 4520 2410 4574 ο
2442 4523 2666 4591 φύλαξιν
2690 4527 2766 4585 εἱς
2782 4525 3065 4576 ὀπτανεῖον
3088 4524 3232 4576 ὲτέλε
3244 4541 3281 4583 ι,
3302 4517 3534 4574 ἐνταῦθα
3559 4523 3623 4589 δὴ
3656 4521 4002 4589 μαγειρικοῖς

774 4614 876 4667 hoc
907 4630 1126 4683 quoque
1186 4625 1402 4669 arcetur
1445 4618 1697 4671 consilio.
1731 4617 1867 4672 Cum
1914 4621 2060 4672 enim
2116 4635 2145 4672 a
2181 4630 2330 4673 recta

777 4699 1126 4760 decliuasset.
1159 4711 1216 4755 et
1249 4702 1314 4755 ad
1363 4703 1653 4770 quamdam
1707 4707 2066 4773 propinquam
2121 4707 2335 4763 delatus

772 4799 918 4844 esset
975 4791 1383 4857 domunculam,
1447 4811 1567 4863 qua:
1614 4797 1833 4863 quidem
1869 4798 2188 4852 custodibus
2219 4808 2338 4853 erat

774 4879 894 4934 loco
923 4883 1139 4944 culinas.
1173 4884 1262 4937 bie
1288 4901 1411 4937 cum
1452 4887 1507 4938 in
1550 4901 1676 4939 vasa
1707 4888 1976 4941 culinaria
2003 4897 2058 4942 et
2088 4890 2221 4942 ollas
2255 4893 2337 4943 in-

2434 4618 2671 4683 ἀγγείοις
2695 4618 2786 4668 καὶ
2817 4615 3040 4686 χύτραις
3075 4613 3410 4684 περιτυχὼν,
3443 4616 3658 4682 ικφρων
3686 4629 3742 4662 τε
3782 4612 3840 4663 τὸ
3878 4611 4006 4662 οὐν-

2434 4708 2554 4759 ολον
2579 4707 2812 4773 γεγονὼς
2851 4709 2944 4759 καὶ
2976 4707 3142 4768 αὐτὰς
3191 4707 3432 4772 οἰόμενος
3476 4706 3574 4765 τὰς
3606 4702 3911 4772 παρθένους
3947 4703 4004 4753 ι»

2435 4802 2623 4867 χερσὶν
2677 4799 2844 4867 ἔχειν,
2878 4797 3113 4865 ἀσϐόλης
3143 4797 3240 4865 μὲν
3271 4797 3369 4864 τὴν
3397 4796 3537 4862 δῷιν,
3568 4794 3780 4860 λιγνύσς
3815 4792 3876 4844 δὲ
3903 4795 4008 4860 τὴν

2433 4892 2636 4956 ἐσθῆτα
2666 4893 2760 4941 aut
2784 4890 2993 4942 καπνοῦ
3017 4892 3230 4957 πλήρης
3271 4891 3362 4939 καὶ
3394 4888 3656 4948 δυσωδίας
3695 4887 4001 4938 ἐδείκνυτο.

774 4973 1016 5038 cidisset,
1049 4984 1104 5029 et
1133 4985 1278 5029 esset
1306 4979 1528 5030 omnino
1553 4990 1746 5032 emotae
1782 4981 1998 5043 mentis,
2031 4991 2086 5033 et
2112 4990 2330 5048 putaret
2366 4998 2424 5037 se
2459 4985 2604 5052 ipsas
2633 4984 2877 5052 virgines
2918 4984 3118 5035 habere
3171 4983 3226 5035 in
3256 4981 3531 5041 manibus,
3565 4980 3747 5031 vultus
3773 4979 4005 5046 quidem

776 5066 825 5119 ei
858 5068 960 5121 fuit
1009 5066 1250 5138 repletus
1283 5069 1531 5140 fuligine,
1585 5073 1755 5127 vestis
1785 5086 1966 5129 autem
2000 5076 2159 5144 plena
2189 5076 2409 5140 favillis,
2439 5076 2592 5129 fumo
2629 5087 2687 5130 et
2714 5087 2853 5130 tetro
2881 5074 3072 5128 odore.

850 5158 986 5212 Xlll.
1016 5160 1151 5214 Cum
1205 5173 1383 5216 autem
1415 5178 1535 5232 qua:
1574 5166 1754 5217 animo
1787 5166 2040 5231 habebat,
2075 5167 2289 5221 fecisset
2316 5208 2331 5233 ,

781 5261 842 5303 ut
890 5251 1245 5313 existimavit,
1301 5255 1451 5309 illine
1504 5264 1587 5310 est
1645 5272 1914 5325 egressus,
1970 5259 2227 5312 omnibus
2283 5260 2334 5313 ei

780 5344 1038 5409 subjectis
1062 5355 1214 5398 extra
1239 5345 1384 5400 fores
1406 5363 1528 5401 eum
1559 5349 2018 5415 exspectantibus.
2045 5349 2335 5418 Postquam

783 5448 914 5487 vero
947 5435 1020 5487 illi
1063 5451 1186 5488 eum
1221 5436 1495 5500 viderunt,
1526 5451 1646 5491 esse
1678 5438 1893 5506 aliquod
1921 5450 2196 5506 spectrum
2246 5448 2340 5503 aut

783 5533 1084 5578 monstrum
1119 5527 1350 5593 Opinati,
1409 5528 1462 5579 in
1515 5529 1691 5597 fugam
1742 5537 1872 5581 sunt
1915 5530 2189 5583 conversi.
2243 5531 2337 5584 Ille

785 5626 968 5669 autem
998 5630 1056 5670 se
1085 5628 1453 5687 contemptum
1483 5628 1697 5687 putans,
1723 5627 1782 5671 ut
1812 5620 1905 5688 qui
1941 5619 2180 5673 nondum
2211 5635 2338 5674 sen-

785 5710 944 5760 sissvt
979 5723 1040 5761 ea
1075 5723 1194 5778 quae
1221 5710 1323 5762 sibi
1359 5711 1690 5772 acciderant,
1725 5712 1967 5763 nondum
1995 5711 2214 5779 quidem
2238 5710 2336 5763 do-

787 5815 952 5864 manu,
990 5805 1082 5854 sed
1113 5806 1163 5854 in
1197 5805 1395 5872 regiam
1445 5817 1634 5870 magna
1673 5802 1748 5854 ira
1804 5812 1858 5856 et
1905 5803 2086 5856 studio
2110 5810 2336 5856 conten-

2514 5168 2610 5219 ll".
2657 5166 2810 5219 Ἐπεὶ
2833 5167 2888 5218 δὲ
2920 5169 2987 5218 τὰ
3023 5165 3160 5218 κατὰ
3194 5162 3338 5227 νοῦν,
3375 5162 3446 5222 ὡς
3475 5163 3758 5232 ὑπείληφε,
3795 5160 4008 5228 δράσας

2444 5257 2650 5310 ἐκεῖθεν
2681 5256 2848 5326 ἐξῄει,
2882 5257 2988 5308 τῶν
3019 5255 3123 5308 ὐπὸ
3166 5255 3321 5322 χεῖρα
3354 5254 3570 5305 πάντων
3601 5253 3706 5314 ἕξω
3729 5256 3859 5322 περὶ
3907 5256 4009 5323 τὴν

2445 5347 2617 5417 θύραν
2647 5350 3043 5416 ἀναμενόντων,
3069 5347 3144 5406 ὡς
3177 5343 3316 5397 εἶδον
3350 5345 3512 5396 αὐτὸν
3553 5346 3745 5396 εκεῖνιι
3782 5362 4012 5414 quam-

2446 5439 2585 5506 τώδη
2616 5441 2734 5490 τινὰ
2785 5440 2877 5489 καὶ
2922 5438 3204 5506 τεράστιον
3258 5434 3619 5496 ὑπολαϐόντες
3657 5432 3814 5499 εἶναι,
3869 5442 4010 5506 πρ¹ς

2448 5532 2622 5600 φυγὴν
2650 5532 2907 5599 ἐχώρουν.
2945 5528 3006 5581 ⁸0
3037 5530 3091 5581 δὲ
3121 5529 3512 5599 περιφρόνησιν
3534 5521 3673 5579 εἶναι
3703 5529 3761 5580 τὸ
3783 5535 3966 5594 γεγον”
3985 5549 4012 5592 ς

2445 5623 2690 5689 οἰόμενος
2717 5625 2811 5673 καὶ
2839 5620 2994 5674 οὔπω
3023 5620 3132 5673 τῶν
3159 5614 3232 5673 ὧν
3266 5619 3533 5672 πέπονθεν
3581 5619 3832 5688 αἰσθησιν
3859 5622 4012 5690 εἰλη-

2446 5712 2560 5781 φὼς
2595 5712 2790 5764 οὐκετι
2819 5713 2916 5780 μὲν
2946 5714 3035 5764 επὶ
3068 5712 3160 5780 τὴν
3182 5712 3378 5775 οίκὲαν,
3402 5711 3514 5763 ἀλλ’
3545 5712 3636 5763 ἰπὶ
3661 5711 3727 5763 τὰ
3760 5713 4000 5780 escam

2442 5805 2577 5874 ὀργῇ
2619 5805 2783 5872 πο).λῇ
2816 5805 2908 5855 καὶ
2940 5806 3141 5872 σπουδῇ
3166 5801 3367 5873 ἐχώρει
3397 5803 3563 5856 πολὺν
3585 5805 3695 5866 τοῖς
3723 5805 3899 5872 ὁρῶσι
3923 5812 4014 5858 τὶν
