4252 6440
221 411 342 473 535
1013 406 1486 466 MARTYRH'M
1529 407 1586 465 S.
1633 404 2080 466 ANASTASIJS
2122 403 2220 464 ΕΤ
2259 401 2678 463 SOCIARUM.
3367 393 3470 456 586

217 519 443 587 γέλωτα
479 514 765 585 συγκινῶν.
814 512 928 582 Τῆς
976 515 1031 566 δὲ
1058 514 1541 584 βασιλικῆςταύλῆς
1576 516 1668 569 καὶ
1699 515 1805 566 τῶν
1836 555 1844 576 ι

1909 514 2010 579 dit,
2046 522 2300 583 magnum
2335 510 2504 564 risum
2538 521 2765 562 movens
2796 505 2863 559 iis
2896 505 2989 575 qui
3035 504 3309 561 videbmt.
3339 500 3477 556 Cum

219 608 549 677 δορυφόρων
579 610 658 669 εἰς
683 607 846 675 μέσον
884 605 1054 658 ἐλθὼν
1083 606 1318 677 θορύϐου
1353 608 1548 675 μεστὸς
1576 606 1652 658 ῶν
1675 605 1805 674 ἐζή-

1907 617 2091 661 autem
2125 604 2366 659 venisset
2398 604 2452 655 in
2498 600 2740 654 medium
2774 598 2912 652 aula!
2963 598 3123 667 regiae
3168 606 3222 651 et
3271 595 3477 648 satelli-

220 717 313 753 τει
347 702 443 753 τὸν
471 698 719 768 βασιλέα,
756 697 853 751 ἃτε
874 697 937 767 δὴ
967 697 1057 750 καὶ
1092 698 1234 751 κατὰ
1258 698 1367 750 τῶν
1387 699 1493 750 ὑπὸ
1512 699 1668 768 χεῖρα
1696 697 1826 755 τῶν,

1910 705 2049 759 tum,
2095 702 2151 747 et
2197 700 2344 746 totus
2373 690 2735 745 conturbatus
2768 696 3036 758 quaereret
3070 689 3478 755 imperatorem,

222 793 428 847 ἑαυτοῦ
468 793 813 861 ἐντυγχάνειν
839 792 1046 860 μέλλων
1081 790 1155 853 ὡς
1186 793 1279 845 ὑπ’
1300 793 1480 845 αὐτῶν
1504 792 1573 845 τὰ
1603 793 1806 862 ἐσχατα

1909 798 1969 844 ιιι
2000 788 2093 855 qui
2126 786 2194 839 de
2222 786 2287 838 iis
2337 785 2430 853 qui
2480 783 2585 837 sibi
2624 781 2853 851 subjecti
2884 791 3061 841 erant,
3098 786 3243 831 esset
3272 776 3481 847 aliquid

223 884 692 955 περιυσρισμὲνος
727 899 743 915 ο
771 884 820 936 οἱ
858 884 914 936 δέ
946 884 1239 954 ὑπόμωρόν
1284 902 1405 937 τινα
1456 887 1547 937 καὶ
1577 885 1807 952 γελωτο·

1906 881 2175 943 dicturns,
2228 891 2484 950 tanquam
2520 881 2588 933 ab
2646 879 2727 934 eis
2765 885 3009 933 extrema
3056 876 3287 931 aﬂectus
3338 876 3484 942 inju-

224 979 387 1029 ποιὸν
425 978 519 1029 καὶ
551 978 869 1045 παραῳορον
898 978 988 1027 καὶ
1024 977 1201 1029 πάντα
1234 976 1435 1045 μᾶλλον
1471 977 1687 1048 αὐτὸνῆ
1716 978 1806 1029 τὸν

1911 972 2012 1036 ria,
2068 974 2145 1026 illi
2195 971 2503 1027 morionem
2549 972 2788 1042 aliquem
2834 980 2891 1025 et
2924 985 3171 1023 scurram
3202 978 3258 1023 et
3302 980 3486 1022 mente

226 1070 474 1141 ἔπαρχον
538 1070 892 1132 ὑπονοοῦντες
956 1068 1268 1123 Δουλκίτιον
1321 1072 1567 1139 πυγμαὶς
1612 1086 1671 1121 τε
1714 1068 1808 1122 καὶ

1909 1068 2154 1127 captum,
2191 1068 2246 1114 et
2295 1061 2548 1129 quemvis
2588 1061 2772 1127 potius
2806 1061 3009 1129 ipsum,
3083 1073 3247 1127 quam
3294 1056 3489 1127 praefe-

225 1162 499 1230 ὼθισμσῐς
545 1162 780 1227 ἐξώῗουν
820 1162 914 1216 καὶ
964 1149 1231 1231 ἀπεῖργον
1278 1160 1428 1230 αὗτῷ
1456 1160 1554 1231 τὴν
1580 1160 1805 1214 εἴσοδον.

242 1255 402 1308 Ἐπεὶ
432 1256 488 1307 δέ
514 1272 657 1317 τινες
695 1257 803 1307 τῶν
845 1256 1051 1324 σφόδρα
1081 1254 1349 1323 συνήθων,
1378 1254 1475 1324 est
1488 1254 1606 1306 ⁴διαὶ
1656 1254 1809 1322 μόλις

223 1345 562 1412 ἀναγνόντες
590 1346 679 1398 τὸν
706 1345 877 1415 ἄνδρα
906 1346 1002 1398 καὶ
1025 1345 1085 1397 τδ
1114 1346 1406 1415 γενόμενον
1442 1343 1809 1413 συμϐαλόντες

227 1436 455 1502 καὶτῆς
504 1440 827 1506 παραφορᾶς
874 1438 1216 1506 ἐλεήσαντες,
1244 1438 1323 1500 εις
1360 1438 1460 1506 τὴν
1501 1437 1809 1489 οἰκίαναπο

226 1528 464 1597 ἤγαγον.
519 1527 674 1596 ὤφθη
714 1529 813 1596 μέν
838 1530 1001 1581 κάκεῖ
1050 1529 1272 1596 γυναικί
1315 1545 1374 1581 τε
1402 1530 1494 1580 καὶ
1520 1532 1679 1581 παισὶ
1717 1530 1810 1581 καὶ

225 1621 346 1680 τοῖς
377 1622 432 1671 ἐν
466 1620 598 1687 οἴκῳ
632 1622 799 1672 πᾶσιν
834 1619 1093 1688 αἰσχύνη.
1138 1619 1286 1688 Πλὴν
1324 1619 1446 1670 ’ἀλλ’
1495 1620 1575 1682 εις
1604 1616 1665 1671 τὸ
1696 1618 1812 1686 φῶς

229 1712 536 1781 eumeum
568 1715 663 1765 καὶ
695 1713 794 1779 τὴν
823 1711 1093 1782 ἀλήθειαν
1138 1712 1437 1779 ἐπιγνῶναι
1490 1712 1610 1764 οὐδὲ
1639 1710 1811 1773 οὕτως

230 1802 398 1855 αὐτὸν
422 1803 545 1865 νοῦς
602 1803 852 1873 εἰσῆλθεν
874 1846 889 1869 ,
954 1804 1069 1856 ἀλλ’
1097 1806 1176 1866 εἰς
1223 1803 1478 1870 γοητείαν
1505 1804 1565 1855 τὸ
1590 1804 1811 1871 γεγονὸς

230 1896 561 1964 ἀναφέρων,
596 1895 954 1966 σφοδρότερον
1013 1896 1089 1947 ἐτι
1141 1897 1236 1948 καὶ
1270 1894 1640 1966 μανικώτερον
1670 1898 1811 1951 κατὰ

230 1986 348 2039 τῶν
379 1989 663 2057 παρθένων
696 1988 848 2040 ἔπνει
877 2006 892 2021 ο
930 1988 1122 2057 ἀμέλει
1162 1989 1255 2041 καὶ
1287 1990 1533 2059 βήματος
1562 1992 1814 2062 εὐτρεπι-

234 2078 458 2143 σθέντος
490 2079 639 2148 αὑτῷ
676 2080 910 2151 ἀχθῆναι
944 2080 1042 2143 τὰς
1068 2080 1375 2151 παρθένους
1397 2083 1634 2139 κελεύει.

311 2349 409 2403 υτ,
430 2348 582 2401 Ἐπεὶ
604 2349 658 2402 δὲ
695 2349 786 2401 καὶ
814 2348 1083 2418 ἤχθησαν,
1108 2350 1321 2419 γυμνὰς
1347 2352 1610 2406 ἐπέταττε
1638 2372 1817 2425 παρα-

240 2444 455 2510 στῆναι.
500 2443 586 2504 Ὠς
619 2443 790 2506 δὲτὰς
814 2445 1004 2512 χεῖρας
1028 2444 1077 2496 οἱ
1098 2445 1284 2514 δήμιοι
1322 2449 1431 2510 τοῖς
1465 2448 1820 2518 παρθενικοῖς

238 2535 510 2588 ἐπέϐαλον
569 2535 838 2605 σώμασιν,
872 2534 950 2605 (ὣ
984 2538 1300 2607 παραδόξων
1341 2541 1681 2610 πραγμάτων
1730 2541 1822 2611 δη..

240 2625 473 2693 μιουργὲ
536 2625 782 2694 Κύριεε)
844 2626 893 2677 0i
947 2627 1170 2694 χιτῶνες
1196 2626 1272 2690 ὡς
1318 2628 1567 2700 δεύτεραι
1620 2631 1821 2700 σάρκες

238 2719 335 2769 καὶ
362 2718 606 2786 δέρματα
636 2720 754 2779 ταῖς
794 2717 1081 2785 παρθένοις
1129 2720 1516 2790 περιταθέντες
1551 2727 1823 2791 συμφυεῖς

236 2812 361 2873 ταῖς
396 2811 641 2880 πρώταις
674 2812 829 2879 σαρξὶ
855 2810 946 2863 καὶ
973 2814 1080 2874 τοῖς
1115 2811 1321 2875 ὀστέοις
1350 2812 1638 2866 ἐνέκειντο.
1676 2814 1824 2884 Θάμ-

239 2901 337 2965 6ος
370 2903 464 2953 ἐπὶ
488 2901 563 2970 τῷ
591 2902 879 2971 παραδόξῳ
896 2903 1021 2965 τοὺς
1043 2902 1287 2973 ὁρῶντας
1309 2902 1420 2973 εἶχε
1446 2905 1538 2957 καὶ
1560 2906 1822 2975 ἔκπληξις

238 2998 369 3058 τοὺς
396 2996 714 3058 ἀκούοντας.
744 2997 847 3049 Τὸν
867 2996 923 3049 δέ
954 2996 1218 3066 τύραννον
1250 2999 1415 3065 ἑτέρα
1444 2999 1605 3051 πάλιν
1643 3000 1836 3070 πληγὴ

241 3086 676 3155 κατελάμϐανεν.
706 3087 847 3155 Ἤδη
868 3088 975 3156 γὰρ
1000 3088 1091 3139 καὶ
1117 3087 1225 3139 τῶν
1252 3086 1524 3157 ὁμοδόξων
1554 3089 1720 3142 αὐτὸν
1745 3091 1826 3150 εις

1914 1159 2069 1207 ctum
2101 1153 2488 1208 existimantes
2524 1152 2863 1219 ,Dulcitium,
2895 1152 3093 1222 pugnis
3145 1162 3201 1207 et
3244 1150 3489 1206 calcibus

1909 1258 2035 1299 eum
2079 1245 2466 1310 extrudebant,
2514 1254 2571 1301 et
2606 1246 2869 1302 arcebant
2894 1244 2965 1299 ab
3002 1246 3248 1314 ingressu
3326 1244 3490 1298 Post—

1912 1351 2074 1405 quam
2106 1352 2240 1392 vero
2271 1338 2491 1406 quidam
2523 1354 2591 1393 ex
2618 1340 2701 1393 eis
2739 1338 2835 1409 qui
2864 1346 3023 1392 erant
3043 1338 3093 1392 ei
3128 1335 3283 1390 valde
3326 1334 3490 1412 fami-

1914 1428 2099 1492 liares,
2126 1444 2252 1483 cum
2284 1445 2409 1483 sero
2442 1431 2658 1485 tandem
2692 1440 2749 1485 et
2782 1431 2872 1484 vix
2901 1428 3081 1483 virum
3114 1428 3487 1498 agnovissent,

1913 1532 1969 1579 et
2004 1525 2057 1578 id
2104 1526 2249 1595 quod
2282 1525 2564 1583 acciderat
2615 1528 3003 1592 coniecissent,
3031 1534 3087 1579 et
3118 1525 3343 1579 insania
3393 1523 3490 1575 mi-

1914 1618 2044 1672 serti
2073 1628 2279 1684 essent,
2313 1636 2437 1674 eum
2488 1620 2709 1674 domum
2747 1620 3135 1683 abduxerunt,
3169 1618 3344 1670 visum
3370 1616 3494 1686 qui-

1916 1707 2040 1762 dem
2070 1719 2157 1762 est
2184 1708 2297 1763 illic
2344 1724 2565 1780 quoque
2611 1710 2767 1763 uxori
2815 1720 2870 1763 et
2904 1709 3117 1770 liberis,
3149 1716 3205 1761 et
3235 1707 3493 1760 omnibus

1916 1801 2010 1867 qui
2050 1800 2197 1855 domi
2242 1811 2424 1866 erant,
2471 1802 2729 1856 dedecus.
2782 1801 2889 1855 Sed
2925 1801 3106 1854 lucem
3133 1798 3401 1868 aspicere,
3434 1808 3493 1851 et

1915 1893 2202 1948 veritatem
2247 1909 2582 1965 cognoscere
2630 1908 2696 1947 ne
2742 1894 2821 1947 sic
2867 1892 3091 1961 quidem
3132 1891 3183 1945 ei
3237 1889 3388 1943 venit
3438 1890 3489 1941 in

1916 1994 2155 2037 mentem
2180 2002 2193 2046 ;
2221 1984 2315 2037 sed
2340 1985 2391 2037 id
2428 1984 2572 2053 quod
2613 1982 2815 2037 factum
2850 1980 3029 2036 fuerat
3074 1980 3380 2035 attribuens
3409 1979 3493 2031 in-

1915 2078 2244 2139 cantationi,
2286 2076 2667 2131 vehementius
2721 2076 2905 2130 adhuc
2953 2085 3009 2129 et
3042 2074 3287 2129 insanius
3318 2072 3495 2143 spira—

1919 2166 2011 2220 bat
2044 2169 2100 2220 in
2133 2168 2391 2238 virgines.
2434 2168 2497 2223 Ei
2540 2169 2729 2238 itaque
2776 2177 2964 2239 parato
3018 2167 3299 2232 tribunali,
3334 2165 3494 2235 jubet

1917 2256 2116 2311 adduci
2150 2258 2412 2327 virgines.

1989 2349 2126 2404 XIV.
2176 2352 2471 2421 Postquam
2504 2360 2687 2406 autem
2731 2351 2978 2407 adducta:
3029 2361 3177 2415 sunt,
3207 2349 3371 2420 jussit
3400 2361 3494 2403 eas

1919 2450 2099 2496 astare
2130 2426 2327 2497 nudas.
2360 2444 2655 2513 Postquam
2693 2458 2824 2498 vero
2858 2444 3122 2513 virgineis
3157 2442 3264 2496 illis
3293 2455 3495 2509 corpo-

1923 2536 2077 2591 ribus
2110 2553 2305 2593 manus
2327 2538 2623 2595 admovere
2660 2540 2883 2593 lictores
2912 2541 2929 2607 (
2958 2553 2990 2591 o
3032 2537 3284 2598 Domine,
3312 2536 3496 2603 opifex

1924 2645 2107 2684 rerum
2153 2629 2629 2700 admirabilium),
2670 2630 2893 2691 tunicae,
2929 2639 3189 2695 tanquam
3241 2625 3497 2681 secundm

1923 2737 2119 2777 carnes
2146 2730 2203 2776 et
2237 2722 2430 2793 pelles,
2483 2724 2841 2777 circumcirca
2894 2731 3133 2776 extensa
3168 2719 3498 2789 virginibus,

1926 2816 2266 2871 inhaerebant
2290 2817 2666 2871 coalescentes
2693 2826 2748 2870 et
2775 2817 3083 2885 conjuncta:
3137 2814 3329 2884 primis
3378 2827 3502 2865 car-

1926 2908 2090 2962 nibus
2115 2918 2172 2963 et
2197 2909 2434 2963 ossibus.
2468 2907 2624 2976 Cepit
2648 2925 2744 2963 eos
2776 2910 2868 2978 qui
2904 2908 3167 2963 videbant
3202 2906 3501 2959 admiratio

1929 3011 2153 3068 propter
2184 3015 2297 3054 rem
2316 3001 2717 3066 admirabilem,
2732 3010 2920 3070 etquze
2940 3009 3060 3053 erat
3078 3010 3274 3067 pra-ter
3288 2996 3503 3067 opinio-

1930 3108 2053 3146 nem
2088 3130 2102 3156 ,
2134 3103 2190 3146 et
2220 3104 2413 3161 stupor
2452 3095 2651 3148 invasit
2686 3110 2781 3149 eos
2812 3096 2906 3162 qui
2937 3089 3255 3146 audiebant.
3293 3086 3504 3161 Tyran-

239 3180 507 3250 ὠμότητα
528 3180 890 3247 διασυρόντων
917 3180 1010 3231 καὶ
1038 3179 1241 3242 πᾶσαις
1280 3180 1527 3249 γνώμαις
1561 3180 1817 3253 αὐθαίρευ

1928 3200 2032 3238 nus
2062 3196 2243 3240 autem
2276 3187 2437 3240 aliam
2470 3203 2662 3241 rursus
2696 3186 2907 3255 accepit
2944 3187 3177 3254 plagam.
3209 3182 3342 3237 Nam
3375 3196 3503 3237 cum

239 3292 337 3327 τον
371 3274 533 3327 αὑτοῦ
570 3274 839 3340 τύφλωσιν
894 3273 988 3324 καὶ
1034 3275 1233 3341 μανίαν
1291 3274 1819 3345 καταψηφιζομένων

240 3370 395 3439 καὶὴ
429 3368 638 3421 ἄνωθεν
694 3367 989 3437 συνηγόρει
1040 3365 1239 3434 ψῆφος.
1302 3367 1510 3419 Αὐτίκα
1542 3371 1650 3437 γὰρ
1699 3366 1823 3440 θεία

242 3460 359 3510 τινὶ
377 3460 469 3511 καί
494 3457 723 3528 οὐρανίᾳ
739 3458 966 3527 δυνάμει
992 3459 1227 3528 ἀορασῑᾳ
1249 3456 1672 3527 πλήττεται,καὶ
1689 3459 1823 3514 καθ-

244 3551 393 3617 άπερ
427 3549 712 3618 βαθυτάτῳ
747 3550 1093 3618 κατενεχθελς
1148 3551 1301 3621 ὖπνῳ
1356 3553 1451 3604 καὶ
1507 3552 1673 3622 μηδὲν
1718 3554 1825 3606 τῶν

249 3642 644 3711 πραττομένων
668 3648 869 3706 συνεῖς,
892 3642 1063 3704 οὕτως
1094 3644 1326 3711 ἐκάθητο
1347 3641 1621 3695 καθεύδων
1639 3642 1826 3713 ὥσπερ

248 3736 346 3787 ἐπὶ
374 3735 561 3803 κλίνης
613 3735 703 3785 καὶ
730 3734 962 3802 ρἐχων.
1002 3736 1231 3800 Ἀγουσι
1264 3730 1355 3788 οὖν
1383 3736 1547 3787 αὐτὸν
1576 3738 1626 3788 0i.
1655 3753 1826 3805 προσ-

247 3828 477 3899 ήκοντες
504 3830 597 3880 καὶ
653 3828 816 3880 πάλιν
847 3830 926 3889 εἰς
962 3826 1059 3897 τὴν
1092 3828 1270 3880 οἰκίαν
1319 3828 1395 3890 ὡς
1449 3827 1654 3898 ἄψυχόν
1702 3845 1825 3881 τινα

249 3920 449 3989 φόρτον
498 3918 977 3982 διαϐαστάζοντες.
1022 3914 1159 3972 Εἶτα
1213 3919 1476 3987 μανθάνει
1508 3919 1682 3973 ταῦτα
1732 3922 1824 3971 καὶ

254 4010 507 4078 βασιλεὺς
564 4012 658 4063 καὶ
705 4012 896 4063 τούτου
934 4011 1035 4079 μὲν
1094 4012 1356 4079 ἐλαφρίαν
1384 4011 1821 4077 καταγινώσκει·

257 4103 510 4171 Σισιννῐῳ
563 4101 619 4153 δέ
674 4121 780 4155 τινι
840 4104 1039 4171 κόμητι
1074 4102 1171 4173 τὴν
1221 4103 1363 4155 κατὰ
1402 4104 1507 4155 τῶν
1544 4102 1824 4171 παρθένων

254 4192 502 4256 ἐξέτασιν
532 4194 840 4263 ἐπιτρέπει.

1920 3281 2029 3351 jam
2062 3280 2273 3333 iietiam
2293 3281 2387 3349 qui
2409 3280 2829 3350 erantejusdem
2853 3279 3161 3336 sententis.
3202 3293 3345 3345 repr.
3366 3275 3503 3329 hen-

1927 3374 2121 3427 derent
2161 3374 2281 3441 ejus
2322 3372 2731 3437 crudelitatem,
2783 3381 2841 3426 et
2885 3373 3208 3426 damnarent
3259 3384 3369 3422 uno
3404 3383 3500 3422 oro

1930 3464 2051 3535 ejus
2078 3464 2444 3518 voluntariam
2480 3464 2787 3519 cmcitatem
2831 3473 2889 3518 et
2914 3464 3206 3523 insaniam,
3247 3462 3329 3516 eis
3364 3476 3505 3529 quo-

1927 3571 2036 3625 que
2071 3565 2156 3611 est
2205 3556 2503 3624 suffragata
2559 3572 2800 3623 superna
2874 3555 3170 3609 sententia.
3246 3554 3503 3607 Protinus

1928 3650 2076 3704 enim
2122 3648 2357 3717 quadam
2405 3649 2590 3701 divina
2616 3659 2667 3701 et
2700 3647 2913 3702 caelesti
2952 3656 3227 3713 potestate
3258 3646 3505 3714 privatur

1931 3740 2152 3794 videndi
2200 3739 2455 3794 facultate
2487 3759 2499 3794 :
2533 3749 2587 3793 et
2622 3739 2853 3809 perinde
2880 3754 2943 3793 ac
2976 3752 3175 3792 somno
3201 3752 3506 3806 oppressus

1931 3833 2399 3903 profundissimo,
2449 3844 2504 3888 et
2555 3834 2694 3888 nihil
2751 3832 3067 3902 intelligens
3136 3847 3329 3886 eorum
3385 3847 3508 3899 que

1933 3924 2161 3984 ﬁebant,
2217 3925 2291 3978 ita
2325 3925 2553 3979 sedebat
2606 3926 2910 3987 dormiens,
2964 3936 3236 3991 tanquam'
3265 3923 3317 3975 in
3363 3921 3507 3975 lecto

1902 4026 1987 4069 .ct
2019 4025 2281 4069 stertens.
2336 4016 2474 4069 Eum
2523 4025 2708 4083 itaque
2759 4028 2949 4068 rursus
3010 4013 3235 4067 domum
3295 4013 3507 4067 ducunt

1936 4106 2249 4175 prepinqui,
2289 4116 2546 4174 tanquam
2582 4107 2883 4160 inanimum
2931 4105 3151 4174 aliquod
3193 4120 3335 4158 unus
3386 4118 3510 4172 por-

1934 4209 2134 4254 tantes.
2187 4200 2389 4253 Deinde
2435 4200 2550 4253 hzee
2588 4201 2753 4253 etiam
2809 4199 3032 4256 rescivit
3084 4200 3407 4267 imperator,
3453 4204 3509 4249 et

249 4286 374 4356 ejus
404 4286 624 4355 quidem
664 4290 995 4340 condemnat
1034 4286 1337 4352 levitatem,
1392 4285 1638 4342 Sisinnio
1708 4296 1892 4342 autem
1938 4292 2155 4347 cuidam
2214 4294 2400 4349 comiti
2454 4293 2725 4364 permittit
2777 4292 3040 4347 adversus
3096 4290 3337 4361 virgines
3382 4305 3510 4344 exa-

254 4381 638 4434 minatiouem.

326 4470 427 4526 ιε’.
471 4472 531 4526 '0
557 4470 746 4541 δὲτὴν
803 4470 971 4543 αὐτὴν
992 4471 1080 4541 ᾔει
1135 4472 1213 4542 τῷ
1255 4472 1466 4543 βασιλεῖ
1498 4474 1640 4528 κατὰ
1693 4475 1825 4544 μίαν

2002 4479 2115 4535 XV.
2146 4480 2240 4535 llle
2272 4494 2403 4534 vero
2434 4479 2715 4549 ingressus
2760 4485 2846 4531 est
2886 4475 3079 4532 eadem
3117 4476 3224 4535 via,
3266 4488 3375 4542 qua
3410 4472 3510 4526 im-

256 4580 314 4615 τε
344 4563 589 4630 διαιρῶν,
626 4566 717 4615 καὶ
743 4564 819 4632 πῆ
844 4564 943 4631 μὲν
973 4564 1336 4632 τυραννικῶς,
1358 4568 1431 4636 πῆ
1465 4566 1522 4619 δέ
1552 4566 1822 4621 θωπευτιά

1930 4580 2167 4639 perator,
2214 4569 2509 4637 aliquando
2558 4568 2782 4637 quidem
2841 4566 3146 4636 tyrannice,
3205 4561 3507 4631 aliquando

256 4655 366 4717 κῶς
394 4655 586 4716 αὐταῖς
615 4657 1077 4725 προσφερόμενος.
1128 4657 1283 4709 Ἐπεὶ
1308 4656 1366 4710 δέ
1394 4658 1574 4710 πάντα
1615 4659 1710 4711 καὶ
1746 4658 1832 4711 λι.

255 4764 370 4815 γων
402 4748 495 4799 καὶ
542 4749 797 4817 πράττων
828 4748 1059 4816 σώματα
1097 4749 1197 4816 μὲν
1238 4750 1384 4817 ἐώρα
1416 4749 1524 4802 τῶν
1549 4747 1834 4817 παρθένων

152 4849 158 4853 ‘
256 4838 395 4907 πρὸς
420 4838 625 4906 ἄλληλα
655 4838 1001 4907 διαφέροντα,
1029 4839 1255 4908 γνώμην
1283 4841 1337 4893 δέ
1377 4840 1508 4907 μίαν
1539 4843 1632 4893 καὶ
1656 4838 1712 4893 ἐν
1742 4841 1835 4894 καὶ

256 4932 318 4983 τὸ
352 4930 484 4983 αὐτὸ
513 4933 695 4994 πάσας
746 4932 1030 4999 λεγούσας,
1063 4932 1136 4995 ὡς
1164 4930 1302 4985 Οὔτε
1336 4929 1573 4985 ἀπειλῶν
1594 4933 1863 5003 ἐκφοσήο-,

262 5041 406 5090 σεις,
443 5022 566 5077 οὕτε
604 5024 870 5077 θωπεύων
910 5026 1226 5087 ἀναπείσεις
1250 5039 1265 5055 ·
1324 5026 1457 5093 ἡμῖν
1495 5026 1603 5095 γὰρ
1628 5026 1687 5078 τὸ
1736 5025 1836 5093 μέν

261 5115 443 5167 θανεῖν
468 5116 609 5183 ὑπὲρ
649 5101 885 5183 Χριστοῦ
914 5114 1051 5183 ζωὴ,
1079 5116 1139 5168 τὸ
1171 5115 1225 5169 δέ
1252 5116 1353 5186 ζῇν
1381 5117 1481 5169 οὐκ
1528 5118 1586 5169 ἐν
1611 5116 1836 5187 Χριστῷ

260 5205 491 5269 θάνατος
524 5220 537 5231 '
591 5206 712 5257 ἐπεὶ
773 5205 949 5257 ταῦτα
1001 5206 1218 5272 διέγνω,
1273 5207 1371 5275 τῆς
1410 5206 1512 5276 μιν
1564 5210 1833 5277 νεωτέρας

260 5297 442 5350 αὐτῶν
466 5300 698 5368 Εἰρήνης
725 5297 833 5349 οὐδ’
863 5295 924 5349 οὗ
937 5316 1034 5360 τως
1062 5302 1304 5365 ἀπέγνω,
1336 5300 1471 5352 ἀλλὰ
1495 5294 1601 5352 τῶν
1631 5300 1837 5352 λοιπῶν

261 5394 435 5464 αὐτὴν
470 5394 783 5460 διαστήσας,
832 5394 1073 5459 Ἀγάπης
1127 5392 1384 5461 ἐπειρᾶτο
1423 5393 1490 5442 τὰ
1544 5390 1834 5442 τελευταῖα

262 5485 359 5542 καὶ
387 5487 623 5547 Χιονὶας.
690 5483 776 5545 '0;
802 5485 857 5537 δέ
914 5489 1005 5536 καὶ
1055 5484 1211 5545 abiit;
1279 5485 1501 5545 πολλοὺς
1557 5483 1837 5543 ἀναλώσας

262 5582 454 5650 λόγους
497 5579 731 5633 ἀδύνατα
768 5576 942 5647 θηρᾷ-δ
966 5578 1058 5628 καὶ
1108 5580 1186 5637 εἰς
1214 5575 1350 5646 αὔρα
1386 5575 1567 5642 δέρειν
1592 5575 1836 5647 ἀκριϐῶς

264 5674 612 5741 ἐγινώσκετο,
648 5671 741 5723 τόν
767 5671 852 5722 διὰ
887 5671 1055 5739 πυρὸς
1097 5669 1291 5732 αὑταῖς
1319 5669 1706 5739 ἐπιψηφίζεται
1737 5668 1837 5721 θα-

262 5781 445 5819 νατον.
485 5764 551 5817 Ἠ
586 5764 683 5831 μέν
711 5758 806 5814 οὖν
833 5760 1063 5828 κάμινος
1107 5760 1377 5831 εὐτρεπὴς
1410 5756 1478 5829 ἦν
1502 5776 1515 5788 ·
1550 5761 1606 5811 αἱ
1630 5758 1838 5827 παρθέ-

263 5875 346 5912 νοι
380 5858 436 5910 δέ
462 5856 537 5929 τῷ
571 5854 841 5923 καλλίστῳ
862 5851 973 5905 τῶν
1001 5851 1181 5905 ὅπλων
1208 5856 1273 5922 τῇ
1308 5855 1441 5924 εὐχῇ
1468 5851 1833 5923 φραξᾶμεναι,

611 5953 883 6013 ΡΑτιιοι..
933 5958 1045 6015 Gn.
1096 5953 1233 6012 C.\'\
1264 5951 1310 6011 l.

1940 4675 2074 4715 vero
2110 4660 2306 4714 blande
2340 4676 2466 4713 eum
2500 4660 2581 4715 eis
2605 4674 2792 4729 agens.
2830 4660 3122 4728 Postquam
3158 4666 3343 4709 autem
3386 4667 3509 4705 ont-

1941 4752 2033 4806 nia
2069 4752 2253 4806 dicens
2282 4763 2337 4807 et
2371 4751 2598 4813 faciens,
2634 4750 2769 4803 vidit
2798 4750 3019 4819 quidem
3049 4749 3327 4817 virginum
3365 4746 3508 4800 inter

1943 4858 2000 4897 se
2035 4842 2257 4897 differre
2295 4858 2549 4913 corpora,
2606 4857 2766 4897 unam
2796 4852 2977 4896 autem
3016 4856 3135 4895 esse
3171 4850 3429 4903 mentem,
3457 4846 3512 4890 et

1944 4954 2142 4994 omnes
2170 4955 2335 4993 unum
2366 4948 2422 4991 et
2453 4940 2594 4992 idem
2629 4939 2837 4999 dicere,
2866 4950 3062 5003 nempe
3095 4954 3109 4987 ι
3162 4933 3375 4985 Minans
3413 4947 3514 4983 nos

1946 5045 2053 5083 non
2081 5030 2337 5094 terrebis,
2386 5045 2563 5100 neque
2599 5028 2889 5082 blandiens
2925 5025 3322 5097 persuadebis:
3357 5022 3516 5076 nobis

1944 5121 2091 5175 enim
2140 5137 2237 5190 pro
2289 5121 2509 5177 Christo
2560 5122 2697 5174 mori
2741 5120 3018 5182 estvita;
3080 5118 3268 5171 vivere
3327 5120 3516 5168 autem

1942 5227 2053 5266 non
2085 5213 2139 5267 in
2166 5212 2409 5274 Christo,
2438 5228 2583 5265 mors
2610 5228 2623 5264 :
2668 5220 2957 5281 postquam
2987 5210 3102 5265 haec
3133 5207 3411 5277 cognovit,
3451 5206 3517 5256 de

1939 5300 2141 5369 juniori
2166 5301 2387 5369 quidem
2427 5300 2582 5354 lrenc
2633 5316 2699 5354 ne
2737 5301 2815 5354 sic
2841 5300 3062 5369 quidem
3094 5312 3243 5367 spem
3295 5311 3516 5351 omnem

1944 5392 2161 5461 abjecit,
2215 5392 2307 5446 sed
2372 5407 2497 5445 cum
2553 5407 2673 5446 eam
2733 5400 3042 5461 separasset
3087 5406 3115 5441 a
3147 5388 3399 5455 reliquis,
3446 5387 3517 5439 ab

1943 5484 2148 5553 Agape,
2201 5486 2445 5553 inquam.
2496 5493 2551 5537 et
2604 5483 2857 5545 Cbionia,
2906 5498 3000 5535 eas
3035 5491 3310 5550 postremo
3342 5486 3521 5534 tenta-

1946 5577 2044 5631 vit.
2098 5577 2203 5630 Sed
2254 5592 2379 5630 cum
2426 5576 2614 5630 multis
2663 5574 3005 5643 consumptis
3041 5570 3418 5627 sermonibus.
3459 5582 3519 5621 se

1946 5666 2104 5736 plane
2153 5669 2305 5721 novit
2341 5682 2405 5721 ea
2462 5667 2669 5727 venari,
2734 5680 2855 5735 qua:
2898 5664 3014 5729 capi
3068 5675 3176 5716 non
3242 5666 3519 5728 poterant,

1946 5770 2003 5815 et
2034 5759 2193 5828 plane
2251 5759 2541 5814 verberare
2575 5774 2781 5819 aerem,
2822 5771 2914 5810 cas
2948 5754 3280 5809 condemnat
3312 5760 3370 5804 ut
3394 5749 3520 5818 igne

1950 5860 2181 5907 mortem
2229 5852 2496 5907 subirent.
2546 5849 2607 5905 Et
2650 5858 2833 5917 parata
2884 5846 3102 5916 quidem
3148 5850 3266 5897 erat
3324 5840 3518 5893 foruax

3016 5936 3082 5998 19
