4252 6440
775 400 878 464 587

768 513 1049 572 luculenta
1096 528 1109 563 :

772 608 944 663 armis
989 600 1272 663 orationis,
1310 615 1416 654 una
1463 597 1686 667 quidem
1729 611 1862 650 voce
1910 595 1980 649 ad
2030 594 2329 658 canticum,

775 714 885 756 uno
920 707 1100 754 autem
1145 701 1397 764 prompto
1424 698 1480 743 et
1517 687 1682 742 alacri
1731 688 1916 742 animo
1963 685 2337 757 procedebant

773 793 841 847 ad
865 791 1044 861 ignem
1074 804 1088 840 :
1117 794 1173 840 et
1202 785 1281 838 sic
1305 780 1465 836 simul
1491 788 1775 843 canentes,
1810 778 1866 832 in
1892 777 2074 848 ignem
2104 775 2335 830 insilue-

774 891 926 936 runt.
977 879 1124 949 lgnis
1164 889 1289 929 vero
1335 887 1444 926 non
1492 878 1611 924 erat
1661 869 1898 939 amplius
1925 866 2088 937 Ignis,
2119 866 2214 921 sed
2248 880 2338 920 ros

778 979 1000 1027 teneret
1017 966 1215 1021 mollis.
1241 964 1386 1018 Dens
1403 968 1583 1016 autem
1607 957 2148 1014 dividitmiraculum
2171 973 2185 1008 :
2213 970 2340 1024 par-

778 1068 871 1121 tim
920 1059 1140 1132 quidem
1187 1056 1410 1126 illarum
1452 1051 1685 1122 implens
1737 1049 2085 1120 petitionem,
2139 1047 2339 1116 partim

779 1172 907 1212 vero
936 1168 1090 1209 suam
1118 1151 1412 1205 ostendens
1440 1142 1760 1214 potentiam.
1787 1140 1922 1195 Nam
1969 1138 2074 1193 illae
2117 1136 2338 1207 quidem

778 1250 896 1305 sine
934 1246 1122 1300 dolore
1151 1255 1278 1296 suas
1324 1237 1534 1291 animas
1581 1235 1635 1288 in
1679 1245 1872 1285 manus
1922 1230 2016 1284 Dei
2066 1227 2338 1298 deposue-

778 1350 929 1405 runt,
950 1336 1090 1407 ignis
1117 1343 1299 1388 autem
1324 1331 1424 1384 fuit
1457 1327 1801 1383 exstinctus:
1830 1334 1887 1377 et
1915 1336 2150 1392 corpora
2175 1320 2342 1389 virgi-

778 1449 881 1488 nea
908 1434 1041 1486 adeo
1071 1429 1237 1481 illaesa
1278 1434 1336 1479 et
1378 1423 1580 1476 intacta
1612 1427 1800 1488 aperte
1830 1424 1960 1471 sunt
2010 1415 2249 1485 cognita,
2287 1422 2346 1466 ut

780 1540 957 1595 neque
999 1522 1104 1576 ulla
1135 1535 1261 1590 pars
1295 1515 1482 1577 vestis,
1514 1527 1689 1580 neque
1719 1510 1864 1564 ullus
1909 1507 2147 1576 denique
2176 1505 2344 1575 pilus,

780 1617 892 1671 ullo
919 1613 1081 1667 modo
1115 1611 1285 1665 ferret
1338 1603 1558 1673 aliquod
1604 1602 1817 1671 signum
1848 1597 2170 1653 exttstionis.
2203 1598 2348 1652 Rur-

779 1721 873 1760 sus
930 1718 1061 1757 vero
1115 1702 1310 1753 barum
1347 1705 1734 1765 generosarum
1770 1689 2042 1758 virginum
2081 1685 2346 1758 reliquias

781 1814 906 1852 cum
945 1793 1241 1866 unguentis
1284 1800 1339 1845 et
1401 1786 1742 1842 aromatibus
1788 1794 2092 1854 martyrum
2161 1796 2350 1836 amans

1982 389 2265 448 MENSIS
2305 388 2739 449 DECEMBER.

1167 509 1407 577 virgines
1460 520 1592 560 vero
1651 503 1874 557 munita
1948 501 2336 570 pulcherrimis
2369 510 2408 560 Α
2441 500 2539 569 μιᾷ
2572 498 2676 568 μὲν
2706 498 2846 565 φωνῇ

2369 510 2408 560 Α
2441 500 2539 569 μιᾷ
2572 498 2676 568 μὲν
2706 497 2857 565 φωνῇ
2886 496 3023 563 πρὸς
3056 493 3221 564 ᾠδὴν,
3254 496 3352 563 μιᾷ
3378 495 3436 546 δι
3484 494 3761 566 προθυμίᾳ
3803 495 3938 565 πρὸς
3967 499 4035 551 τὸ

3917 383 4033 448 588

2444 589 2554 659 πῦρ
2581 588 2845 658 ἐχώρουν,
2881 588 2976 641 καὶ
2996 585 3170 651 οὕτως
3194 586 3420 657 ᾄδουσαι
3445 587 3563 656 ἅμα
3592 591 3658 658 τῇ
3688 589 3850 656 φλογὶ
3896 590 4036 660 ἕνη-

2437 683 2623 735 λαντο.
2657 681 2730 734 Τὸ
2758 680 2817 734 δὲ
2853 679 2966 751 πῦρ
3000 679 3106 733 οὐκ
3133 679 3214 732 ἔτι
3253 681 3460 750 παρῆν,
3490 680 3628 733 ἀλλά
3663 681 3882 752 μαλακὴ
3905 682 4042 750 δρό-

2441 791 2556 836 σος.
2587 771 2819 843 Μερίξει
2846 771 2902 825 δὲ
2938 772 2999 824 τὸ
3029 771 3220 842 θαῦμα
3241 773 3396 840 Θεὸς,
3429 774 3492 827 τὸ
3514 773 3635 844 ’μὶν
3667 774 3766 844 τὴν
3793 777 4040 828 ἐκείνων

2439 864 2605 936 εὐχὴν
2627 863 2871 934 πληρῶν,
2905 863 2966 916 τὸ
2987 862 3044 916 δὲ
3076 863 3176 933 τὴν
3204 864 3414 917 οίκείαν
3448 865 3730 934 παριστῶν
3759 866 4032 934 δύναμιν.

2439 958 2505 1012 Al
2536 957 2632 1027 μὲν
2663 957 2772 1026 γὰρ
2811 955 3038 1019 ἀλύπως
3081 956 3184 1018 τάς
3231 956 3444 1009 ἑαυτῶν
3490 956 3670 1026 ψυχὰς
3714 959 3792 1021 είς
3837 959 4040 1027 χεῖρας

2441 1047 2577 1101 Θεοῦ
2606 1046 2976 1116 παρετίθεντο,
3014 1045 3076 1100 τὸ
3105 1047 3165 1100 δὲ
3197 1047 3312 1118 πῦρ
3338 1049 3406 1102 τὰ
3438 1047 3746 1114 παρθενικά
3785 1048 4034 1117 σώματα

2443 1140 2552 1192 τῶν
2588 1139 2882 1210 μαρτύρων
2913 1139 3086 1204 οὕτως
3115 1139 3304 1210 ἀπαθῆ
3361 1140 3454 1194 καὶ
3503 1140 3704 1195 ἀθικτα
3747 1139 4042 1204 διαφανῶς

2445 1233 2775 1303 ἐγνωρίζετο
2808 1233 2881 1295 ὠς
2915 1234 3052 1302 μήτε
3079 1249 3132 1285 τι
3160 1233 3255 1287 τοῦ
3282 1232 3582 1300 ἐνδύματος
3610 1235 3746 1304 μήτε
3774 1235 3879 1302 μὴν
3931 1233 4042 1300 τῆς

2446 1325 2628 1395 τριχὸς
2679 1325 2908 1393 σημεῖον
2970 1325 3221 1388 καύσεως
3283 1325 3551 1395 μηδαμῶς
3621 1324 4038 1395 ἀποφέρεσθαι.

2448 1414 2612 1478 Αὖθις
2639 1414 2694 1467 δὲ
2722 1418 2813 1480 καὶ
2852 1415 2918 1468 τὰ
2944 1414 3172 1484 λείψανα
3203 1417 3315 1469 τῶν
3341 1417 3606 1485 γενναίων
3634 1416 3831 1487 μύροις
3855 1432 3917 1469 τε
3942 1417 4043 1468 καὶ

2448 1507 2737 1579 ἀρώμασιν
2798 1507 2832 1576 ή
2887 1507 3227 1577 φιλόμαρτυς
3287 1511 3624 1564 ’Δναστασία
3667 1511 3951 1582 μυρίσασα
3979 1509 4044 1562 εν

2450 1616 2556 1652 τινι
2581 1599 2723 1670 θήκῃ
2758 1599 2858 1653 σὺν
2885 1599 3024 1654 αἰδοῖ
3044 1601 3214 1670 πολλῇ
3247 1618 3308 1654 τε
3339 1603 3435 1656 καὶ
3463 1602 3714 1673 εὐλαϐείᾳ
3750 1603 4042 1667 κατέθετο,

2453 1695 2778 1760 κοινωνῆσαι
2835 1692 3061 1758 ταύταις
3116 1694 3210 1748 τοῦ
3280 1695 3584 1766 μαρτυρίου
3647 1696 3812 1766 εὐχῆς
3872 1694 4045 1765 ἔργον

2456 1784 2720 1839 ἑκάστοτε
2743 1788 3065 1856 ποιουμένη.

782 1895 1080 1952 condiisset
1123 1889 1426 1951 Anastasia,
1477 1886 1530 1938 in
1583 1882 1816 1954 quadam
1864 1894 2026 1950 capsa
2077 1879 2330 1948 depasuit
2398 1894 2524 1935 cum
2570 1881 2777 1952 pietate
2828 1898 3029 1955 magna
3089 1892 3146 1939 et
3175 1883 3504 1950 reverentia,
3534 1890 3596 1938 ut
3656 1897 3852 1938 earum
3888 1891 4044 1940 esset

783 1994 838 2046 in
869 1986 1131 2056 martyrio
1164 1981 1309 2036 socia
1344 1991 1560 2044 semper
1593 1988 1841 2043 precans.

853 2083 988 2138 XVI.
1027 2079 1117 2133 Sic
1142 2076 1350 2130 duabus
1401 2068 1706 2138 virginibus
1759 2066 1811 2120 in
1836 2063 2056 2120 Christo
2086 2077 2345 2118 consum-
2377 2073 2417 2128 Β
2517 2061 2532 2114 1

2377 2073 2417 2128 Β
2517 2061 2634 2128 ις’.
2667 2058 2825 2114 Οὕτω
2859 2058 2971 2114 τῶν
2998 2059 3093 2113 δύο
3118 2059 3412 2129 παρθένων
3462 2058 3522 2112 ὲν
3561 2058 3784 2128 Χριστῷ
3819 2059 4046 2112 τελειω-

781 2176 963 2238 matis,
987 2184 1170 2227 comes
1193 2164 1514 2237 productam
1543 2161 1808 2229 virginem
1838 2156 2004 2228 jussit
2034 2153 2348 2210 sacriﬁcare

783 2263 1106 2329 simulacris,
1131 2259 1211 2316 Ne
1243 2270 1412 2320 mors,
1452 2251 1662 2315 dicens,
1704 2262 1825 2316 qua:
1859 2255 1978 2300 tuas
2005 2258 2349 2316 praeoccupa-

784 2361 863 2416 vit
892 2369 1128 2415 sorores,
1171 2360 1222 2406 te
1275 2342 1722 2415 comprehendat.
1757 2339 1850 2395 llla
1880 2348 2060 2392 autem
2085 2337 2136 2390 ei
2163 2335 2297 2392 dicit
2333 2351 2349 2389 :

787 2456 959 2509 Deum
987 2460 1192 2508 meum,
1253 2442 1451 2509 inquit,
1494 2450 1624 2504 rogo
1653 2442 1711 2487 ut
1743 2447 1834 2486 eas
1860 2444 2057 2499 sequar
2080 2429 2134 2482 in
2167 2426 2350 2482 omni-

789 2549 913 2600 bus.
968 2541 1257 2611 Tyrannus
1294 2545 1427 2585 vero
1465 2542 1593 2582 cum
1633 2533 1779 2579 esset
1828 2521 1982 2575 valde
2015 2517 2266 2582 callidus,
2297 2525 2352 2572 et

789 2637 954 2693 sciret
977 2610 1137 2702 quam
1170 2636 1314 2682 esset
1331 2637 1489 2690 grave
1521 2627 1576 2673 et
1605 2612 2010 2675 detestandum,
2042 2620 2097 2667 et
2117 2610 2202 2665 vel
2234 2610 2352 2677 ipsa

790 2739 967 2784 morte
994 2700 1261 2779 acerbius
1292 2713 1496 2770 Christi
1527 2709 1702 2764 servis
1745 2701 2164 2774 intemperantia
2210 2717 2224 2753 :
2255 2700 2354 2760 Te,

789 2821 991 2891 inquit,
1017 2818 1069 2869 in
1089 2813 1307 2879 publico
1325 2817 1557 2862 statuam
1582 2798 1909 2872 prostibulo,
1940 2793 2116 2850 cuivis
2150 2791 2355 2846 volenti

794 2879 1146 2985 prostituens,
1169 2911 1226 2957 ut
1253 2899 1434 2954 anima
1463 2904 1764 2961 etcorpore
1794 2887 2026 2958 polluta,
2049 2892 2108 2937 ut
2141 2879 2357 2951 eloquia

794 2976 993 3058 docent
1018 3008 1123 3050 tuae.
1159 2993 1477 3061 Scriptura,
1524 2984 1665 3037 male
1691 2993 1906 3049 pereas.
1940 2976 2141 3046 Martyr
2174 2983 2356 3028 autem

794 3110 919 3150 cum
956 3090 1138 3146 statim
1173 3088 1226 3140 in
1277 3082 1474 3138 caelum
1508 3074 1818 3131 sustulisset
1850 3069 2060 3133 oculos,
2092 3077 2147 3122 et
2176 3081 2207 3120 e
2232 3080 2360 3135 pro-

798 3185 964 3241 fundo
1015 3175 1445 3236 Iamentabiliter
1467 3169 1797 3238 suspirasset
1827 3180 1842 3216 :
1870 3161 2123 3223 Conﬁdo,
2153 3159 2356 3227 inquit,

798 3281 853 3332 in
888 3277 1002 3330 Deo
1036 3272 1326 3328 Servatore
1360 3280 1507 3325 meo,
1543 3258 1688 3330 quod
1715 3255 1880 3326 pedes
1923 3268 2074 3308 meos
2108 3253 2307 3306 evellet
2330 3266 2361 3304 e

798 3373 1016 3439 laqueo,
1051 3374 1107 3420 et
1139 3363 1374 3417 animam
1423 3370 1597 3410 meam
1643 3349 1904 3406 liberabit
1968 3346 2037 3400 ab
2067 3345 2215 3398 omni
2258 3345 2364 3396 im-

801 3435 1086 3514 munditia.
1124 3451 1324 3508 Fidelis
1345 3455 1429 3501 est
1458 3444 1623 3502 enim,
1657 3441 1752 3509 qui
1787 3436 2059 3508 promisit,
2093 3435 2236 3502 quod
2257 3446 2364 3485 non

799 3557 944 3606 sinet
977 3561 1077 3601 nos
1107 3540 1302 3597 tentari
1320 3552 1503 3605 supra,
1530 3547 1690 3602 quam
1722 3540 2011 3595 possumus
2046 3526 2083 3576 '.
2108 3523 2220 3592 Ego
2243 3536 2370 3574 vero

800 3642 934 3695 deos
976 3648 1099 3691 tuos
1138 3649 1244 3686 non
1277 3631 1473 3692 colam,
1532 3637 1711 3692 neque
1746 3623 1834 3675 eis
1875 3618 2100 3672 otl‘eram
2131 3627 2371 3682 unquam

801 3730 1151 3786 sacriﬁcium.
1185 3722 1343 3790 Quod
1389 3730 1568 3772 autem
1598 3717 1657 3768 iit
1694 3729 1790 3782 per
1823 3711 1926 3765 vim
1955 3720 2010 3763 et
2042 3713 2374 3776 repugnante

804 3828 1103 3884 voluntate,
1129 3817 1348 3888 quando
1375 3823 1530 3880 turpe
1564 3808 1752 3870 fuerit,
1784 3807 1848 3857 iis
1875 3802 2096 3873 quidem
2128 3800 2220 3868 qui
2249 3805 2376 3850 sunt

809 3917 1013 3979 coacti,
1050 3912 1267 3967 videtur
1292 3906 1472 3976 potius
1505 3915 1624 3956 esse
1653 3897 2002 3966 Supplicium,
2057 3907 2218 3960 quam
2251 3903 2377 3958 pec—

813 4020 994 4064 catum
1024 4022 1036 4059 :
1073 3983 1197 4059 reos
1243 4007 1424 4054 autem
1459 3990 1743 4049 constituit
1780 4002 1876 4042 eos
1905 3987 1997 4055 qul
2031 3985 2139 4037 vim
2181 3982 2377 4035 attule-

814 4117 962 4157 runt.
1004 4099 1179 4152 Meum
1227 4097 1409 4159 itaque
1449 4103 1557 4140 non
1583 4084 1748 4139 fuerit
1781 4083 1884 4135 hoc
1916 4087 2218 4148 peccatum,
2267 4088 2378 4143 quo

808 4195 971 4249 modo
1037 4204 1139 4243 nec
1174 4188 1240 4239 iis
1300 4181 1394 4251 qui
1427 4195 1513 4232 me
1569 4181 1986 4245 pmcesserunt,
2024 4167 2376 4237 martyribus,

813 4287 1036 4356 pollutae
1069 4292 1263 4336 carnes
1295 4283 1350 4329 et
1381 4257 1940 4328 vinumilibaminum,
1968 4278 2065 4331 per
2104 4261 2212 4313 vim
2244 4259 2297 4312 in
2319 4272 2381 4312 os

807 4394 997 4436 eorum
1031 4363 1638 4441 interjectum,omnino
1664 4360 1860 4415 obfuit.
1889 4357 1945 4411 Si
1963 4357 2106 4412 enim
2128 4369 2236 4407 non
2260 4367 2386 4422 per-

811 4472 1050 4528 suadens
1074 4509 1088 4532 ,
1141 4463 1239 4519 sed
1276 4463 1385 4515 vim
1416 4457 1674 4515 aﬂerens,
1713 4453 1796 4506 vis
1827 4451 2036 4504 trahere
2079 4446 2144 4501 ad
2180 4446 2386 4499 cultum

819 4576 1039 4617 tuorum
1095 4561 1347 4616 deorum,
1379 4563 1477 4604 cur
1505 4559 1614 4599 non
1649 4543 1757 4596 cito
1784 4549 1942 4593 utens
1967 4544 2232 4606 potestate
2258 4573 2273 4598 ,
2303 4533 2387 4587 vel

815 4653 1016 4707 invitos
1063 4644 1402 4703 Christianos
1452 4636 1600 4707 cogis
1617 4648 1756 4704 genu
1779 4631 2000 4685 ﬂectere
2027 4624 2389 4682 daemonibus?

2452 2152 2668 2220 θεισῶν,
2698 2151 2796 2221 τὴν
2820 2151 3058 2223 Είρήνην
3082 2151 3110 2203 6
3144 2150 3319 2221 κόμης
3364 2150 3864 2221 παραστησάμενος
3886 2149 4045 2204 θύειν

2453 2247 2671 2299 ἐκέλευε
2690 2246 2804 2306 τοῖς
2823 2244 3081 2306 είδὼλοις,
3116 2245 3206 2314 Μή
3229 2259 3310 2311 σε,
3332 2243 3525 2311 λέγων,
3550 2245 3579 2295 6
3609 2243 3898 2314 προλαϐὼν
3918 2246 4046 2307 ταῖς

2453 2338 2711 2405 ἀδελφαῖς
2744 2337 2973 2398 θάνατος
2999 2336 3306 2407 καταλάϐῃ.
3378 2334 3437 2387 Ἢ
3471 2334 3528 2387 δὲ
3563 2336 3700 2405 πρὸς
3719 2336 3905 2400 αὑτὸν,
3934 2333 4045 2388 E6-

2454 2448 2649 2500 χομαι,
2695 2429 2823 2500 ἔφη,
2858 2428 2936 2499 τῷ
2959 2428 3078 2498 Θεῷ
3126 2445 3227 2498 μου
3261 2428 3319 2479 ὲν
3355 2427 3542 2498 μηδενὶ
3569 2428 3773 2480 τούτων
3807 2428 4043 2480 ἀπολει-

2456 2521 2681 2592 φθῆναι.
2740 2522 2852 2575 Καὶ
2882 2523 2911 2574 ό
2935 2520 3200 2591 τύραννος
3238 2519 3440 2589 σφόδρα
3467 2519 3636 2582 δεινὸς
3657 2517 3732 2572 ὢν
3758 2521 3854 2572 καὶ
3882 2519 4046 2581 είδὼς

2455 2618 2602 2678 ὅπως
2634 2613 2776 2684 βαρὺ
2805 2613 2899 2666 καὶ
2925 2610 3220 2681 ἀπώμοτον
3255 2615 3346 2663 καὶ
3380 2610 3552 2663 αὑτοῦ
3580 2610 3812 2663 θανάτου
3846 2611 4046 2678 πικρό-

2455 2725 2613 2778 τερον
2651 2709 2762 2769 τοϊς
2795 2703 3038 2775 Χριστοῦ
3085 2703 3294 2766 δούλοις
3343 2702 3629 2768 ἀκολασία,
3687 2702 3776 2755 Ἐν
3804 2705 4048 2771 πορνείῳ

2459 2814 2540 2860 σε,
2567 2795 2696 2865 ἔφη,
2723 2796 3144 2867 καταστήσομαι
3168 2796 3413 2864 δημοσίῳ
3440 2794 3602 2846 παντὶ
3630 2793 3708 2863 τῷ
3733 2793 4049 2862 βουλομένῳ

2462 2888 2706 2958 προθεὶς,
2737 2888 2804 2938 ἵν’
2834 2885 2952 2955 ἅμα
2983 2887 3077 2939 καὶ
3106 2884 3284 2956 ψυχὴν
3314 2886 3408 2938 καὶ
3468 2883 3626 2951 σῶμα
3652 2882 4048 2952 διαφθαρεῖσα.

2461 2981 2533 3044 ὡς
2549 2982 2617 3035 τά
2631 2981 2729 3049 τῆς
2743 2979 2840 3050 σῆς
2862 2978 3437 3048 Γραφῆςὶκδιδάκουσι
3473 2975 3660 3042 λόγια,
3687 2973 3877 3037 κακῶς
3899 2989 4049 3044 παρ·

2461 3075 2669 3129 απολεί.
2702 3076 2810 3128 Καὶ
2857 3075 2890 3143 ὴ
2934 3071 3143 3142 μάρτυς
3184 3069 3344 3132 εὐθὺς
3373 3069 3433 3122 τὸ
3461 3070 3614 3138 δμμα
3659 3068 3739 3130 είς
3781 3067 4052 3137 οὐρανοὺς

2463 3170 2648 3238 ἄρασα
2681 3167 2774 3219 καὶ
2807 3164 2990 3235 βύθιόν
3025 3180 3079 3214 τι
3111 3163 3204 3214 καὶ
3223 3167 3454 3230 τακερὸν
3484 3159 3807 3226 στενάξασα,
3843 3161 4052 3212 [lin-0t-

2464 3261 2552 3324 θα,
2585 3259 2711 3328 ἔφη,
2745 3257 2840 3310 ἐπὶ
2868 3258 2947 3325 τῷ
2976 3254 3096 3326 Θεῷ
3123 3253 3202 3324 τῷ
3252 3253 3466 3322 Σωτῆριζ
3497 3270 3619 3321 μου,
3655 3253 3741 3306 ὅτι
3773 3253 4051 3304 ὲκσπάσςι

2469 3350 2696 3418 παγίδος
2716 3350 2843 3411 τοὺς
2878 3348 3043 3410 πόδας
3073 3362 3174 3416 μου
3209 3346 3303 3399 καὶ
3335 3345 3435 3412 τὴν
3479 3346 3657 3413 ψυχήν
3686 3360 3790 3413 μου
3822 3343 4052 3414 ῥύσεται

2473 3445 2651 3510 πάσης
2682 3439 3043 3510 ἀκαθαρσίας.
3104 3437 3301 3500 Πιστὸς
3349 3435 3458 3507 γὰρ
3501 3441 3529 3490 6
3580 3436 4054 3505 ἐπαγγειλάμενος

2465 3536 2554 3604 ⁸ὅτι
2581 3534 2678 3585 οὐκ
2705 3534 2854 3584 ἐάσει
2906 3529 3270 3600 πειρασθῆναι
3325 3531 3469 3598 ἡμᾶς
3508 3530 3651 3598 ὑπὲρ
3685 3527 3713 3580 6
3750 3529 4050 3596 δυνάμεθα.

2488 3623 2630 3691 Ἐγὼ
2663 3623 2719 3675 δὲ
2747 3622 2887 3675 ἀλλά
2919 3625 3032 3683 τοῖς
3075 3622 3220 3684 θεοῖς
3252 3638 3345 3673 σου
3385 3622 3444 3672 οὐ
3488 3620 3777 3688 λατρεύσω
3805 3619 3929 3671 οὐδὲ
3963 3619 4055 3670 θυε-

2479 3715 2600 3767 σίαν
2632 3715 2811 3776 αὐτοῖς
2844 3714 3118 3783 προσοίσω
3145 3712 3292 3765 ποτέ.
3320 3712 3464 3764 ΤΡ)δέ
3489 3728 3549 3777 γε
3580 3712 3717 3779 πρὸς
3744 3710 3866 3780 βίαν
3890 3710 4057 3762 65w-

2477 3807 2654 3876 λήτως
2723 3807 3121 3874 πραττόμενον,
3159 3804 3361 3856 ὁπόταν
3420 3804 3645 3871 αἰσχρὸν
3698 3797 3755 3871 ᾖ,
3811 3802 3927 3862 τοῖς
3959 3799 4055 3870 μιν

2478 3896 2917 3967 ἠναγκασμένοις
2949 3895 3189 3965 τιμωρία
3222 3895 3441 3965 μᾶλλον,
3481 3895 3578 3960 οὐχ
3619 3892 3864 3960 ἁμαρτία
3883 3891 4052 3954 δοκεῖ,

2479 3995 2605 4056 τοὺς
2633 3993 2687 4044 δὲ
2719 3990 3083 4062 βιασαμένους
3119 3989 3452 4050 ὑπευθύνους
3497 3987 3664 4038 ποιεῖ.
3693 3985 3809 4037 Οὐκ
3837 3983 3905 4036 ἂν
3962 3981 4054 4036 οὖν

2482 4088 2565 4154 εἴη
2595 4084 2750 4135 τοῦτο
2777 4083 2906 4152 ἐμὸν
2933 4082 3256 4151 ἀμάρτημα,
3285 4079 3474 4147 ὥσπερ
3510 4076 3605 4130 οὖν
3639 4075 3757 4127 οἱδὶ
3805 4077 3917 4135 τοῖς
3949 4072 4055 4138 πρὸ

2485 4176 2639 4245 ἡμῶν
2675 4176 2944 4244 μάρτυσιν
2974 4167 3054 4235 οἷς
3090 4172 3180 4242 βίᾳ
3217 4171 3283 4224 τά
3320 4169 3667 4239 μεμιασμένα
3695 4167 3850 4234 κρέα,
3887 4168 3915 4216 6
3949 4164 4054 4217 τῶν

2487 4267 2726 4319 σπονδῶν
2773 4262 2913 4327 οἶνος
2965 4263 3042 4335 τῷ
3069 4261 3296 4330 στόματι
3345 4259 3640 4329 ἐπηνέχθη,
3670 4257 3706 4310 ἀ
3734 4257 3888 4309 οὐδὲν
3919 4257 4052 4318 ὅλως

2487 4361 2681 4421 αὐτοὺς
2713 4356 3076 4427 παρέωαψεν.
3105 4356 3166 4407 El
3188 4354 3296 4423 γὰρ
3327 4353 3401 4421 μὴ
3435 4351 3659 4412 πείθων,
3691 4347 3828 4401 ἀ).λὲ
3865 4347 4050 4416 βιαζό-

2493 4466 2651 4520 μενος
2679 4448 2800 4500 ῑλκε
2812 4465 2861 4500 ιν
2886 4445 3061 4517 βούλει
3085 4444 3221 4514 πρὸς
3238 4444 3336 4513 τὴν
3364 4441 3473 4516 τῶν
3498 4440 3635 4493 θεῶν
3659 4453 3752 4490 σου
3775 4436 4049 4503 λατρείαν,

2489 4545 2540 4596 τί
2578 4542 2652 4613 μὴ
2684 4541 2822 4610 ταχὺ
2851 4541 2916 4611 τῇ
2946 4537 3163 4608 ἐξουσίᾳ
3211 4539 3490 4608 χρώμενος
3523 4534 3615 4585 καὶ
3643 4531 3874 4590 ἄκοντας
3918 4529 4051 4598 Χρι·

2494 4635 2742 4695 στιανοὺς
2778 4631 2906 4701 γόνυ
2935 4630 3140 4685 κλίνειν
3175 4622 3620 4698 παρασκευάζεις
3656 4623 3766 4682 τοῖς
3800 4622 4048 4688 δαίμοσι;

883 4741 1045 4797 XVII.
1089 4738 1210 4792 Hac
1247 4740 1534 4804 postquam
1595 4725 1770 4781 audiit
1818 4721 2131 4792 praefectus,
2165 4717 2387 4774 tradens
2419 4746 2462 4800 ο

2371 4732 2387 4770 5
2419 4746 2462 4800 ο
2563 4723 2664 4778 IZ'.
2681 4721 2895 4775 Τούτων
2911 4720 3138 4789 ὁάρχων
3155 4717 3226 4781 ὡς
3251 4716 3477 4786 ἢκουσε,
3501 4709 3858 4780 στρατιώταις
3885 4707 4050 4777 αὐτὴν

810 4851 932 4892 eam
997 4829 1306 4890 militibus,
1354 4823 1516 4895 jussit
1568 4820 1841 4872 abducere
1896 4813 1952 4868 in
1990 4810 2380 4882 prostibulum.

812 4930 955 4984 Deus
1002 4931 1181 4978 autem
1233 4933 1341 4972 non
1381 4915 1533 4977 sinit,
1566 4925 1789 4966 suorum
1813 4907 2038 4962 omnino
2061 4918 2253 4958 curam
2283 4917 2382 4972 ge-

814 5037 985 5077 rens:
1017 5016 1112 5071 sed
1145 5012 1395 5084 protinus
1445 5006 1514 5061 ad
1557 5004 1761 5058 milites
1801 5001 2124 5056 accedentes
2174 4997 2376 5068 angeli,

2489 4817 2762 4886 παραδοὺς
2792 4813 3028 4880 ἀπάγειν
3053 4811 3302 4864 ἐκέλευεν
3329 4810 3409 4869 είς
3434 4801 3848 4874 πορνεῖον-Θεὸς
3873 4800 3932 4853 δὲ
3957 4800 4052 4852 οὐκ

2483 4911 2623 4965 ἀνίει
2654 4909 2868 4968 πάντως
2900 4904 3008 4956 τῶν
3058 4899 3257 4954 ἑαυτοῦ
3297 4897 3728 4968 προῖστάμενοςο
3778 4891 3919 4943 ἀλλά
3947 4893 4049 4951 τοῖς

2483 4992 2842 5072 στρατιώταις
2873 4996 3096 5065 ἄγγελοι
3125 4993 3286 5054 εὐθὺς
3333 4984 3907 5072 ἐπιστάντεςσχῆμα
3961 4983 4054 5034 καὶ

812 5111 903 5180 qui
937 5108 1039 5178 ipsi
1076 5069 1234 5160 erant
1297 5098 1472 5154 induti
1516 5096 1703 5150 habitu
1736 5102 1791 5147 et
1837 5103 1988 5147 veste
2046 5090 2290 5152 militari,
2319 5097 2375 5142 et
2478 5107 2491 5143 ι

2374 5131 2375 5134 η
2478 5069 2632 5144 αὐτοὶ
2666 5083 3055 5158 στρατιωτικὸν
3084 5081 3179 5133 καὶ
3223 5077 3423 5146 σκευὴν
3457 5071 3938 5144 περιϐεϐλημένοι,
3969 5069 4053 5120 καὶ

816 5215 1069 5269 tanquam
1096 5195 1320 5252 secundi
1346 5208 1375 5246 a
1397 5189 1653 5261 praelecto
1679 5187 1918 5249 missi,et
1941 5200 2060 5239 eam
2080 5185 2188 5237 alio
2204 5192 2373 5236 trans-
2474 5183 2495 5235 ό

2474 5183 2547 5245 ὡς
2576 5179 2819 5248 δεύτεροι
2872 5175 3008 5246 πρὸς
3061 5171 3155 5225 τοῦ
3203 5172 3468 5241 ἄρχοντος
3525 5163 3938 5234 ἐκπεμφθέντες
3968 5161 4053 5213 καὶ

815 5255 958 5348 terre
989 5290 1145 5359 iussi,
1189 5255 1442 5340 auferunt
1489 5281 1707 5351 quidem
1736 5281 1802 5332 ab
1848 5280 1914 5330 iis
1963 5279 2054 5345 qui
2087 5291 2205 5329 eam
2233 5274 2372 5328 deti-
2478 5273 2494 5325 ὲ

2478 5271 2740 5339 ἀλλαχόσε
2777 5266 2977 5334 ταύτην
3007 5262 3336 5335 μετενέγκας,
3370 5255 3862 5330 προστεταγμένοι,
3901 5255 4056 5320 ἀφαι-

818 5386 1038 5439 nebant.
1094 5379 1229 5433 Cum
1281 5389 1412 5430 vero
1450 5388 1568 5426 eam
1614 5370 1966 5424 abduxissent
2022 5368 2076 5421 in
2108 5381 2371 5420 cacumen
2483 5379 2497 5432 ε

2483 5361 2696 5432 ροῦνται
2761 5359 2856 5427 μὲν
2909 5357 2972 5408 ὲκ
3009 5355 3119 5407 τῶν
3151 5351 3494 5419 κατεχόντων
3531 5347 3626 5400 καὶ
3682 5342 3777 5396 τοῦ
3811 5341 4052 5409 πορνείου

817 5473 1036 5536 montis,
1063 5472 1264 5525 mirum
1300 5469 1353 5520 in
1390 5465 1610 5518 moJum
1639 5463 1754 5522 alti,
1790 5462 1899 5513 illic
1924 5468 2190 5516 statuunt.
2224 5465 2373 5508 metu
2481 5459 2496 5506 ἑ

2481 5455 2794 5519 ἐξάγουσιν·
2853 5447 2930 5509 εἷς
2966 5465 3084 5498 τινα
3114 5444 3170 5497 6‘s
3199 5441 3512 5512 ἀκρώρειαν
3547 5437 3706 5507 ὅρους
3743 5431 4053 5500 θαυμαστοῦ

816 5563 1036 5634 quidem
1087 5572 1142 5614 et
1171 5555 1580 5627 perturbatione
1626 5551 1860 5619 plenam,
1911 5546 2054 5616 quod
2096 5546 2162 5600 ad
2193 5547 2373 5614 priora
2481 5564 2495 5596 π

2370 5589 2373 5598 .
2481 5545 2540 5597 τὸ
2573 5543 2702 5611 ὕψος
2737 5540 3136 5608 ἀπαγαγόντες,
3194 5536 3372 5586 ἐκεῖσε
3421 5531 3627 5598 ταύτην
3671 5527 3863 5579 ίστῶσι
3896 5521 4049 5593 φόϐου

818 5611 1036 5634 -ι-------
1096 5611 1139 5614 -κ
1171 5611 1191 5627 ι
1627 5611 1639 5619 .
1849 5611 1854 5613 .
1928 5611 1941 5616 -
2193 5611 2207 5614 -

818 5658 1011 5711 attinet
1042 5670 1054 5707 :
1088 5651 1282 5706 deinde
1305 5649 1466 5702 etiam
1492 5645 1532 5699 D
1551 5660 1598 5699 ro
1617 5644 1960 5711 eloquentem
1985 5640 2142 5693 veer
2170 5640 2370 5707 gratia-
2487 5655 2497 5690 ι

2487 5639 2581 5691 καὶ
2612 5635 2852 5706 ταραχῆς
2876 5635 2996 5686 ὅσον
3037 5631 3128 5683 ἐπὶ
3159 5629 3272 5688 τοῖς
3304 5626 3590 5694 προτέροις
3620 5619 3878 5691 ἔμπλεων
3899 5657 3913 5680 ,
3947 5611 4051 5668 εἶτα

880 5840 894 5865 ³
933 5838 949 5886 l
985 5836 1110 5887 Cor.
1151 5850 1201 5892 λ,
1249 5829 1332 5882 15.
