4252 6440
767 383 866 447 591

1987 392 2274 455 MENSIS
2309 395 2744 460 DECEMBER.

3912 400 4032 462 592

765 489 1064 558 suppliciis.
1116 489 1218 546 Ubi
1253 492 1370 547 haec
1409 509 1539 564 ergo
1589 494 1800 550 audivit
1825 495 2158 566 Leucadius,
2189 518 2328 571 quo-
2358 501 2407 559 A

2437 521 2576 566 σαις.
2616 507 2704 570 '0;
2735 507 2830 561 οὖν
2853 508 3028 563 ταῦτα
3059 511 3296 579 ἢκουσεν
3325 511 3354 562 ὀ
3382 510 3699 576 Λευκάδιος,
3727 509 3849 562 ﬁnal
3873 525 4029 580 παρ-

766 580 909 633 niam
939 590 1162 650 paratus
1214 592 1333 636 erat
1386 600 1491 638 una
1537 601 1660 640 cum
1693 589 2008 658 cgrediente
2047 593 2197 646 exire
2232 594 2333 646 im-

765 682 1036 740 peratore,
1073 672 1218 727 domi
1275 675 1495 742 quidem
1517 679 1737 748 reliquit
1792 681 2158 746 Tlteodotem,
2213 685 2331 754 ipse

769 777 897 816 vero
936 765 1040 816 iter
1093 774 1179 817 est
1232 765 1542 835 ingressus,
1575 770 1873 826 Theodotz
1900 776 2179 844 negotium
2221 791 2330 830 non

767 853 960 906 leviter
991 863 1046 908 et
1085 855 1137 907 in
1163 859 1392 911 transitu
1421 861 1766 915 tractandum
1796 879 1917 918 esse
1976 867 2203 928 ducens,
2237 867 2332 922 sed

771 943 822 998 id
858 961 1142 1000 reservans
1162 949 1227 1000 ad
1253 952 1424 1002 otium
1460 959 1514 1003 et
1550 961 1768 1021 tempus
1799 957 2154 1011 conveniens.
2186 957 2322 1013 Cum

768 1051 896 1105 ergo
924 1038 1162 1092 relaxata
1215 1038 1411 1094 fuisset
1443 1042 1745 1108 Theodote,
1789 1053 1844 1099 et
1870 1048 2104 1102 similem
2146 1049 2199 1102 in
2225 1050 2335 1103 vir-

769 1134 884 1180 tute
919 1135 973 1180 et
1024 1127 1128 1182 liae
1156 1133 1542 1198 assumpsissct
1599 1135 1972 1201 Anastasiam,
2021 1153 2127 1191 una
2167 1141 2332 1194 animi

769 1217 1049 1273 alacritate
1097 1231 1150 1273 et
1211 1224 1594 1287 consensione,
1643 1234 1699 1279 et
1729 1227 1881 1294 quasi
1905 1229 2330 1297 conspiratione,

771 1313 998 1378 parique
1040 1311 1158 1364 zelo
1204 1316 1535 1383 peragebant
1593 1317 1813 1371 solitum
1845 1335 2065 1374 cursum
2116 1323 2335 1392 pietatis

768 1400 1119 1462 Christianis.
1142 1405 1232 1471 qui
1265 1406 1316 1457 in
1341 1408 1661 1461 carceribus
1680 1411 1916 1479 publicis
1936 1413 2130 1467 inclusi
2153 1424 2330 1478 erant,

771 1492 982 1547 ell'veta:
1050 1496 1254 1557 omnia,
1325 1496 1520 1550 medici
1556 1499 1869 1563 vulnerum,
1899 1503 2335 1571 suppeditatores

773 1588 1152 1654 pecuniarum,
1193 1591 1594 1656 prmteritorum
1645 1594 1913 1647 malorum
1970 1595 2249 1658 solatium,
2281 1607 2336 1653 et

772 1678 837 1732 ad
881 1682 1116 1732 futurum
1172 1680 1509 1735 validissima
1555 1685 1882 1739 consolatio.
1909 1685 1976 1740 Et
2009 1687 2087 1742 sic
2115 1688 2334 1758 quidem

773 1771 1032 1840 virgines.

837 1862 975 1916 XXI.
1019 1863 1153 1918 Cum
1186 1873 1367 1918 autem
1401 1883 1590 1920 rursus
1641 1866 1998 1923 intellexisset
2043 1870 2335 1926 Diocletia-
2362 1838 2409 1897 Β

770 1971 891 2016 nus,
925 1971 1087 2023 quam
1123 1964 1304 2010 essent
1334 1957 1554 2024 quidem
1627 1960 1844 2029 augusti
1897 1975 2145 2016 carceres
2200 1976 2330 2031 pro-

770 2055 892 2114 pter
926 2047 1330 2100 multitudinem
1392 2047 1628 2114 piorum,
1662 2051 1755 2119 qui
1817 2050 1872 2104 in
1906 2051 1973 2105 iis
2017 2051 2337 2106 detineban-

772 2146 878 2201 tur,
905 2146 1244 2191 essent'vero
1276 2140 1454 2193 inania
1490 2141 2006 2212 quaevisexcogitata
2041 2152 2331 2210 tormenta,

771 2244 798 2280 a
832 2227 1176 2282 confessione
1227 2229 1443 2283 nemine
1500 2245 1691 2284 eorum
1741 2232 2050 2299 recedente,
2091 2248 2183 2288 eos
2213 2235 2335 2305 qui-

771 2320 894 2374 dem
928 2321 1081 2389 jubet
1126 2321 1361 2375 diversis
1395 2322 1588 2376 mortis
1622 2322 1786 2377 illatis
1814 2324 2110 2393 generibus
2126 2326 2194 2380 de
2219 2341 2334 2380 me-

771 2412 861 2465 dio
891 2413 1002 2466 tolli
1036 2428 1101 2466 ex
1157 2411 1494 2477 hominibus,
1528 2423 1584 2467 et
1609 2413 1681 2466 ita
1730 2413 1910 2467 locum
1941 2416 2070 2470 dare
2097 2417 2338 2471 carceri-

772 2502 875 2557 bus
901 2519 916 2556 :
945 2504 1080 2557 alios
1110 2511 1292 2557 autem
1325 2504 1822 2573 comprehendere,
1855 2505 1950 2576 qui
1979 2505 2170 2562 eadem
2208 2523 2336 2562 sen-

775 2598 982 2651 tiebant
1023 2613 1034 2648 :
1065 2607 1120 2652 et
1153 2596 1388 2665 primum
1419 2598 1641 2666 quidem
1685 2599 1737 2652 in
1789 2600 2008 2655 vincula
2035 2602 2334 2672 conjicere,

773 2689 972 2744 deinde
1003 2691 1044 2742 si
1065 2689 1170 2743 sibi
1195 2705 1303 2744 non
1338 2691 1732 2760 persuaderent
1755 2701 1814 2746 ut
1842 2708 1995 2747 suam
2019 2695 2339 2764 abjurarent

776 2783 1097 2852 religionem
1131 2825 1144 2847 ,
1202 2799 1299 2838 eos
1347 2784 1636 2838 tormentis
1665 2783 1963 2840 allicerent.
2005 2786 2177 2841 Tanta
2221 2796 2338 2843 erat

781 2877 935 2945 impii
1001 2877 1280 2931 contentio
1345 2877 1612 2932 adversus
1659 2877 2050 2944 Christianos,
2125 2882 2341 2937 occulto

776 2977 1030 3039 tyranno,
1057 2971 1360 3032 communi,
1390 2969 1635 3045 inquam,
1687 2970 1841 3025 hoste
1897 2970 2334 3026 Christianorum

766 3062 930 3115 illum
961 3061 1025 3115 ad
1052 3061 1153 3114 hoc
1182 3061 1467 3117 incitante.
1496 3065 1671 3132 Atque
1693 3063 1896 3117 sanctis
1927 3063 2148 3134 quidem
2170 3064 2337 3119 multa

2435 597 2734 651 εσκεύσστο
2764 599 3068 668 ἑξορμῶντι
3121 600 3245 652 τότε
3281 599 3360 667 τῷ
3408 599 3620 670 βασιλεῖ
3647 599 4026 668 συνοίχεσθιι,

2433 689 2533 758 τὴν
2560 690 2658 758 μὲν
2696 690 2960 760 Θεοδότην
2980 692 3121 746 οίκοι
3155 692 3505 758 καταλείπει,
3538 695 3566 745 ό
3590 692 3647 745 δὲ
3670 691 4032 762 παραχρῆμα

2435 782 2555 834 ὀδοῦ
2592 782 2794 852 εἴχετο,
2817 783 2880 836 τὸ
2906 782 3039 849 περὶ
3071 784 3332 852 Θεοδότης
3358 783 3519 854 ἔργον
3541 784 3641 838 οὐκ
3663 784 3722 837 εν
3750 783 4031 851 παρέργῳ

2435 873 2626 937 τιθεὶς,
2671 873 2788 926 ἀλλ’
2819 877 2879 928 ὲν
2902 875 3062 946 σχολῇ
3085 874 3246 929 τοῦτο
3275 877 3677 945 ταμιευόμενος
3711 877 3808 928 καὶ
3834 872 4032 943 καιρῷ

2437 965 2786 1036 προσήκοντι.
2863 965 3144 1020 Ἀνεθεῖσα
3199 967 3384 1021 τοίνυν
3423 969 3457 1036 πή
3512 966 3744 1035 Θεοδότη
3791 966 3890 1018 καὶ
3921 965 4032 1032 τὴν

2435 1057 2628 1126 ὁμοίαν
2661 1059 2743 1122 είς
2768 1057 2968 1128 ἀρετὴν
2996 1060 3093 1112 καὶ
3147 1058 3331 1112 πίστιν
3375 1058 3734 1112 Ἀναστασίαν
3763 1057 4034 1127 παραλα-

2436 1148 2605 1202 ϐοῦσα
2636 1150 2740 1219 μιᾷ
2761 1149 3040 1220 προθυμίᾳ
3069 1168 3129 1203 τε
3167 1153 3262 1204 καὶ
3294 1151 3570 1222 συμπνοίᾳ
3601 1149 3694 1204 καὶ
3732 1151 3834 1219 ῖσῳ
3867 1149 4032 1218 ζήλῳ

2433 1243 2524 1293 τὸν
2556 1240 2762 1311 συνήθη
2803 1243 3005 1311 δρόμον
3058 1243 3158 1312 τῆς
3212 1241 3498 1304 εὐσεϐείας
3548 1242 3795 1312 ιτρεχον,
3834 1241 4031 1293 πάτα

2435 1337 2549 1397 τοῖς
2577 1335 2634 1387 ιν
2664 1333 2954 1404 δημοσίαις
2987 1335 3258 1402 φυλακαῖς
3293 1334 3636 1405 είργομένοις
3664 1333 4030 1404 Χριστιανοῖς

2436 1427 2752 1496 γινόμεναι,
2791 1425 3125 1497 τραυμάτων
3158 1427 3356 1497 ίατροὶ,
3409 1426 3637 1496 χορηγοὶ
3685 1425 4027 1496 χρημάτων,

2437 1517 2547 1569 τῶν
2580 1534 2650 1569 τε-
2671 1517 3055 1588 παρελθόντων
3083 1518 3276 1571 δεινῶν
3317 1519 3617 1587 παραψυχὴ
3649 1519 3745 1571 καὶ
3787 1517 3928 1586 πρὸς
3958 1515 4030 1568 τὸ

2440 1609 2632 1679 μέλλον
2666 1611 2996 1680 ἰσχυροτάτη
3029 1610 3397 1681 παράκλησις.
3437 1611 3502 1661 Δί
3539 1611 3638 1680 μὲν
3680 1606 3774 1663 οῦν
3809 1608 4029 1681 παρθέ-

2437 1717 2517 1755 νοι
2554 1699 2747 1766 οὕτως.

2512 1883 2645 1937 KA'.
2677 1882 3061 1952 Διοκλητιανδς
3104 1883 3161 1936 δὲ
3199 1883 3386 1953 μαθὼν
3429 1885 3523 1938 καὶ
3549 1879 3703 1948 αὖθις
3749 1885 3880 1954 περὶ
3908 1883 4026 1936 τῶν

2438 1972 2680 2026 εὐσεϐῶν
2723 1973 2798 2037 ὡς
2861 1974 2917 2027 αί
2955 1974 3056 2044 μὲν
3102 1976 3345 2045 φυλακαὶ
3408 1975 3485 2046 τῷ
3521 1977 3722 2046 πλήθει
3758 1977 3870 2028 τῶν
3915 1977 4024 2045 ἤδη

2440 2065 2888 2135 κατασχεθέντων
2919 2068 3125 2133 στεναὶ,
3146 2070 3299 2120 κεναί
3330 2068 3386 2122 δὲ
3416 2069 3711 2121 πᾶσαιτῶν
3748 2066 3974 2134 άλγεινιτ
3994 2085 4025 2118 ν

2438 2159 2492 2211 αί
2517 2158 2776 2225 ἐπίνοιαι,
2810 2160 3034 2229 μηδενὸς
3066 2160 3246 2214 αὐτῶν
3264 2163 3358 2228 τῆς
3385 2161 3674 2229 ὁμολογίας
3703 2160 4022 2230 ἀφισταμέ-

2438 2267 2556 2316 νου,
2583 2251 2810 2316 τούτους
2845 2253 2945 2322 μὲν
2968 2253 3183 2307 κελεύει
3209 2254 3493 2324 δια’,;όροις
3522 2253 3770 2307 θανάτων
3795 2257 4025 2319 ἐπαγω-

2440 2346 2565 2412 γαῖς
2598 2343 2658 2408 ἐξ
2702 2343 3006 2415 ἀνθρώπων
3037 2348 3232 2412 ποιεῖν,
3284 2347 3379 2398 καὶ
3406 2347 3548 2398 οῦτω
3593 2345 3780 2415 χώραν
3814 2345 4020 2397 διδόναι

2440 2442 2560 2501 ταῖς
2610 2439 2905 2506 φυλακαῖς,
2959 2439 3181 2509 ἑτέρους
3235 2437 3289 2491 δὲ
3346 2437 3746 2505 συλλαμϐάνειν
3780 2437 3850 2489 τὰ
3875 2437 4022 2489 αὐτὰ

2441 2531 2795 2604 φρονοῦντας,
2817 2533 2912 2584 καὶ
2936 2532 3128 2601 πρῶτα
3154 2533 3252 2600 μὲν
3280 2533 3394 2592 τοῖς
3424 2529 3822 2600 δεσμωτηρίοις
3850 2531 4024 2598 ἐγκα-

2439 2624 2733 2691 τακλείειν,
2765 2623 2956 2678 ἔπειτα
2975 2624 3032 2678 δὶ
3066 2623 3143 2694 μὴ
3172 2623 3532 2693 πειθομένους
3584 2622 3644 2676 τὸ
3683 2623 3888 2676 οἰκεῖον
3935 2621 4028 2689 ἐξ-

2443 2717 2712 2786 όμνυσθαι
2730 2715 2895 2778 σέϐας
2918 2719 3039 2779 ταῖς
3066 2715 3321 2786 βασάνοις
3348 2715 3732 2786 παραδιδόναιο
3772 2715 4022 2785 τοσαύτη

2443 2807 2743 2876 φιλονεικία
2764 2806 2843 2877 τῷ
2866 2806 3170 2876 παρανόμῳ
3194 2808 3336 2859 κατὰ
3361 2805 3726 2875 Χριστιανῶν.
3753 2804 3863 2859 Τοῦ
3893 2823 4025 2875 κρυ·

2444 2897 2582 2951 πτοῦ
2613 2898 2880 2968 τυράννου
2932 2896 3027 2950 τοῦ
3062 2897 3247 2951 κοινοῦ
3303 2897 3413 2950 τῶν
3447 2896 3791 2967 Χριστιανῶν
3818 2895 4019 2965 ἐχθροῦ

2447 2993 2657 3044 ἐκεῖνον
2713 2989 3131 3060 διερεθίζοντος,
3168 2991 3293 3054 τοὺς
3333 2990 3436 3060 μὲν
3469 2990 3661 3056 άγίους
3702 2989 3887 3042 πολλοὶ
3927 2991 4025 3044 καὶ

2450 3081 2686 3135 ποικίλοι
2716 3080 2952 3136 θανάτου
2980 3081 3172 3152 τρόποι
3202 3080 3580 3152 διεμερίζοντο
3600 3096 3615 3113 ο
3675 3082 3768 3133 καὶ
3791 3080 3889 3144 οῦς
3926 3083 4027 3150 μὲν

779 3163 834 3206 ct
868 3153 1016 3208 varia
1051 3154 1240 3208 mortis
1265 3169 1462 3222 genera
1488 3164 1615 3208 sunt
1641 3155 1925 3225 dispertita
1949 3175 1962 3210 :
1990 3167 2045 3210 et
2066 3156 2200 3211 alios
2222 3158 2340 3227 qui-
2366 3179 2410 3241 ρ

2448 3173 2578 3244 πῦρ,
2610 3173 2703 3236 οὓς
2737 3173 2794 3227 δὲ
2822 3172 2988 3242 ὕδωρ,
3021 3172 3113 3237 οὓς
3138 3174 3192 3228 δὲ
3219 3175 3392 3242 ξίφος,
3425 3174 3594 3238 οὓςδὶ
3627 3173 3756 3228 άλλο
3787 3190 3838 3226 τι
3872 3173 4026 3243 παρὰ

782 3247 904 3300 dem
934 3248 1091 3317 ignis.
1126 3249 1261 3301 alios
1289 3263 1418 3302 vero
1450 3263 1611 3318 aqua,
1637 3248 1770 3302 alios
1799 3258 1980 3303 autem
2013 3250 2182 3312 ensis,
2207 3249 2344 3305 alios

779 3355 912 3394 vero
947 3340 1150 3408 aliquid
1192 3339 1338 3392 aliud
1368 3355 1433 3393 ex
1462 3341 1616 3394 novis
1644 3339 1752 3393 illis
1786 3350 1980 3409 przeter
2009 3342 2119 3396 haec
2156 3340 2347 3394 inven-

781 3433 851 3486 tis
880 3442 1102 3497 repente
1135 3440 1189 3484 et
1219 3434 1274 3485 in
1318 3447 1422 3485 una
1474 3442 1633 3486 nocte
1677 3447 1870 3486 omnes
1908 3432 2341 3501 comprehendit.
2408 3453 2413 3458 ι

845 3521 1013 3577 XXII.
1047 3522 1342 3593 Martyrum
1367 3531 1550 3577 autem
1583 3539 1795 3590 amans,
1820 3539 1939 3592 qua:
1970 3523 2084 3590 ipsa
2125 3539 2346 3593 quoque

780 3631 903 3669 mox
940 3625 1145 3683 martyr
1178 3624 1296 3670 erat
1326 3615 1532 3679 futura,
1559 3617 1862 3679 Anastasia,
1894 3629 2018 3669 eum
2043 3614 2109 3669 de
2140 3615 2224 3670 Ιιῖε
2259 3631 2347 3669 re-

779 3707 1030 3764 sciviSSet
1062 3716 1241 3778 (mane
1287 3709 1435 3763 enim
1501 3710 1836 3772 advenerat,
1877 3725 1943 3764 ex
1988 3722 2139 3762 more
2187 3708 2347 3763 solito

784 3805 1086 3868 curatura),
1119 3802 1212 3856 ubi
1251 3801 1515 3856 intellexit
1540 3817 1771 3856 vacuum
1813 3815 1935 3856 esse
1961 3816 2260 3864 carcerem,
2291 3809 2347 3854 et

782 3907 963 3945 aerem
1001 3891 1247 3960 implevit
1272 3891 1696 3958 vociferatione,
1744 3903 1798 3947 et
1849 3891 2046 3946 uberes
2095 3892 2347 3962 Iacryma:

781 3983 987 4036 ﬂuxere
1011 3997 1078 4036 ex
1113 3983 1289 4038 oculis
1320 3999 1590 4052 :camque
1622 3982 1967 4054 opprimebat
2011 3982 2263 4052 gemitus,
2292 3991 2346 4037 et

779 4075 1096 4128 lacerabant
1128 4075 1382 4142 eiulatus.
1422 4074 1626 4144 Rogata
1651 4089 1783 4129 vero
1813 4089 1912 4127 cur
1945 4072 2119 4139 ﬂeret,
2147 4074 2237 4128 illa
2263 4074 2348 4128 ni-

783 4167 860 4220 hil
891 4166 1083 4226 verita,
1121 4182 1300 4232 neque
1327 4166 1513 4220 volens
1553 4181 1672 4220 esse
1702 4176 1974 4220 nocturna
2021 4165 2227 4220 Christi
2260 4166 2347 4221 di-

781 4259 1010 4327 scipula,
1035 4257 1128 4311 sed
1161 4258 1359 4312 timens
1388 4253 1570 4327 potius
1599 4274 1669 4314 ne
1701 4273 1799 4327 pro
1829 4273 1896 4313 eo
1926 4273 2034 4313 non
2068 4267 2348 4328 pateretur

782 4366 884 4404 nec
919 4357 1251 4411 moreretur,
1274 4347 1583 4403 vociferans
1615 4349 1751 4402 dixit
1796 4365 1808 4401 :
1857 4347 2056 4414 Quare
2103 4350 2199 4404 Dei
2238 4350 2344 4403 mei

783 4456 992 4506 servos,
1021 4439 1114 4509 qui
1145 4438 1310 4495 modo
1336 4450 1494 4494 erant
1523 4442 1576 4495 in
1600 4441 1868 4495 custodia.
1907 4441 2201 4511 Postquam
2243 4456 2346 4495 au-

2447 3267 2618 3320 ταῦτα
2664 3267 2773 3318 τῶν
2825 3265 3034 3319 καινῶν
3093 3267 3305 3320 ἐκείκου
3373 3267 3762 3336 ἐξευρημάτων
3807 3266 4028 3334 ἁθρόως

2451 3351 2541 3403 καὶ
2567 3352 2624 3404 ὲν
2649 3352 2749 3423 μιᾷ
2773 3353 2930 3404 νυκτὶ
2960 3354 3168 3413 πάντας
3193 3351 3521 3421 ἐλάμϐανεν.

2520 3527 2646 3581 KB’.
2683 3525 2750 3579 'H
2780 3525 2837 3579 δι
2884 3525 3231 3596 φιλόμαρτυς
3263 3528 3355 3578 καὶ
3406 3527 3532 3579 ὅσον
3563 3526 3715 3579 οῦπω
3745 3527 3842 3580 καὶ
3883 3529 4028 3600 αὐτὴ

2452 3617 2663 3686 μάρτυς
2709 3618 3041 3670 ’Δναστασία
3083 3616 3330 3685 γνωσθὲν
3365 3619 3504 3688 αὐτῇ
3528 3619 3595 3672 τὰ
3645 3620 3772 3689 περὶ
3819 3619 4025 3683 αὐτοὺς

2450 3705 2690 3775 (ἐπέστη
2721 3709 2829 3776 γάρ
2859 3705 2985 3777 ἄρτι
3019 3707 3147 3777 περὶ
3196 3709 3296 3778 τὴν
3318 3708 3416 3774 ἔω,
3455 3709 3547 3762 τὸν
3581 3709 3787 3779 συνήθη
3817 3711 4026 3778 τρόπον

2447 3796 2670 3860 τούτους
2703 3797 3219 3869 ικθεραπεύουσα),
3259 3798 3336 3863 ὡς
3375 3799 3476 3870 τὴν
3506 3800 3732 3870 εἱρκτὴν
3775 3800 4024 3869 ἐμάνθα-

2449 3905 2539 3942 νεν
2571 3885 2714 3942 εῖναι
2747 3889 2933 3960 κενὴν,
2966 3890 3094 3960 βοῆς
3123 3907 3181 3944 τε
3233 3891 3325 3943 τὸν
3363 3891 3501 3960 άέρα
3531 3891 3771 3960 ιπλήρου
3803 3893 3896 3944 καὶ
3933 3893 4026 3946 δά-

2448 3995 2616 4049 κρυον
2656 3979 2877 4049 δαψιλὲς
2914 3981 3022 4034 τῶν
3057 3981 3322 4052 ὀμμάτων
3368 3983 3655 4052 κατέῤῥεε,
3694 3986 4026 4052 στεναγμοῖς

2447 4085 2506 4121 τε
2539 4070 2818 4138 συνείχετο
2842 4070 2936 4123 καὶ
2970 4069 3227 4141 ὀδυρμοῖς
3250 4071 3535 4126 ἑκόπτετο.
3579 4071 3942 4142 Ἐρωτωμένη
3962 4073 4022 4127 δὲ

2450 4159 2545 4230 τὴν
2576 4160 2758 4214 αἰτίαν
2783 4161 2894 4214 τῶν
2916 4160 3194 4232 ὀδυρμῶν,
3224 4161 3411 4232 εκείνη
3437 4163 3610 4231 μηδδν
3634 4163 3861 4217 δείσασα
3888 4165 4024 4236 μηδὲ

2451 4252 2738 4323 νυκτερινὴ
2775 4249 3052 4323 μαθήτρια
3100 4252 3393 4322 τυγχάνειν
3427 4252 3690 4306 ἐθέλουσα
3731 4253 3828 4306 τοῦ
3887 4255 4024 4326 Χρι-

2454 4343 2601 4407 στοῦ,
2629 4341 2770 4398 me
2798 4341 2858 4395 τὸ
2889 4344 2964 4413 μή
2988 4360 3040 4396 τι
3060 4341 3252 4397 παθεῖν
3282 4343 3486 4413 μᾶλλον
3515 4343 3652 4414 μηδὲ
3677 4343 3860 4398 θανεῖν
3883 4348 4022 4418 ὑπὲρ

2453 4433 2619 4488 αὑτοῦ
2639 4434 2934 4500 δεδοικυῖα,
2972 4436 3070 4488 σὺν
3105 4435 3227 4505 βοῇ,
3263 4436 3405 4498 Τοὺς
3439 4435 3534 4489 τοῦ
3561 4435 3699 4489 Θεοῦ
3736 4454 3865 4504 μου,
3894 4439 4024 4504 εφα-

786 4546 892 4587 tem
922 4532 1307 4586 intellexerunt
1340 4546 1459 4586 eam
1490 4546 1610 4587 esse
1639 4531 2031 4596 Christianam,
2066 4548 2184 4587 eam
2218 4550 2344 4603 pro-
2374 4524 2413 4583 1]

2457 4545 2573 4596 σκε,
2608 4526 2830 4590 δούλους
2854 4570 2868 4593 ,
2908 4529 3152 4599 ἐπιζητῶ
3180 4530 3306 4592 τοὺς
3339 4530 3466 4602 ἄρτι
3521 4531 3672 4601 παρὰ
3702 4535 3766 4604 τῇ
3804 4534 4019 4606 φυλακῇ

785 4626 934 4678 tinus
975 4623 1427 4692 comprehensam
1481 4623 1756 4678 duxerunt
1786 4623 1851 4678 ad
1901 4622 2124 4678 Florum
2159 4623 2349 4693 prafe-

787 4728 934 4772 ctum
966 4716 1184 4786 Illyrici,
1215 4715 1461 4770 dicentes
1489 4731 1502 4767 :
1537 4715 1849 4769 Invenimus
1879 4715 2016 4769 hanc
2043 4713 2260 4770 ﬂentem
2292 4716 2347 4770 in

783 4825 1024 4875 carcere,
1060 4820 1116 4863 et
1149 4825 1273 4863 cum
1307 4807 1772 4862 intellexissemus
1801 4822 1922 4862 esse
1950 4807 2342 4872 Christianam,

782 4913 836 4956 et
865 4902 993 4956 Ilere
1029 4910 1252 4968 propter
1275 4898 1638 4961 Christianos,
1669 4913 1788 4954 eam
1811 4898 1879 4953 ad
1909 4907 2059 4952 tuum
2087 4898 2348 4968 judiciale

785 4994 1020 5047 tribunal
1057 4992 1408 5046 adduximus.
1443 4989 1578 5046 Cum
1615 5004 1743 5045 vero
1779 4988 2068 5059 praefectus
2104 5003 2224 5042 eam
2269 4990 2350 5042 in-

788 5092 1119 5153 terrogasset
1148 5098 1272 5135 eum
1327 5081 1688 5135 admiratione
1723 5096 1736 5132 :
1775 5080 1856 5134 Tu
1909 5095 2043 5151 ergo
2093 5096 2152 5134 es
2182 5078 2349 5135 Chri-

784 5173 1000 5228 stiana?
1048 5174 1136 5226 illa
1188 5174 1335 5228 clara
1370 5187 1502 5228 voce
1533 5192 1546 5228 :
1577 5171 1760 5239 Certe,
1801 5172 2002 5243 inquit,
2037 5188 2155 5227 sum
2186 5173 2349 5228 Chri-

783 5269 980 5323 stiana.
1016 5266 1150 5320 Nam
1182 5266 1326 5336 quod
1353 5267 1456 5321 tibi
1490 5266 1709 5321 videtur
1739 5281 1862 5321 esse
1897 5282 2066 5320 unum
2097 5281 2163 5319 ex
2196 5263 2348 5320 nefa-

786 5361 903 5423 riis,
940 5359 1044 5412 lioc
1103 5367 1185 5411 cst
1233 5358 1368 5411 milii
1402 5366 1785 5413 ornamentum
1821 5367 1876 5412 et
1918 5373 2117 5413 nomen
2160 5357 2351 5426 praeci-

784 5467 972 5522 puum.

858 5545 1050 5602 XXIII.
1090 5546 1382 5615 Postquam
1415 5555 1598 5600 autem
1645 5546 1734 5601 ille
1768 5554 1823 5600 et
1854 5549 1976 5600 vita:
2005 5547 2124 5616 ejus
2155 5548 2347 5601 condio

790 5644 1018 5702 tionem,
1050 5649 1104 5692 et
1135 5636 1388 5706 patriam,
1419 5647 1472 5690 et
1497 5653 1669 5705 genus
1697 5638 1932 5707 accepit,
1961 5637 2106 5707 quod
2133 5639 2349 5693 sciiicet

786 5733 843 5788 in
874 5731 1044 5785 veteri
1081 5730 1214 5783 urbe
1252 5728 1422 5781 Roma
1453 5730 1648 5782 illustri
1687 5731 1808 5784 loco
1839 5740 1986 5784 esset
2016 5742 2140 5784 nata
2208 5731 2350 5796 Quid

789 5836 936 5889 vero,
969 5823 1164 5890 inquit,
1197 5833 1247 5876 te
1277 5823 1569 5892 persznasit,
1598 5833 1654 5876 ut
1689 5822 1914 5876 Romam
1937 5823 2155 5892 quidem
2187 5825 2350 5878 relin-

2449 4621 2629 4685 ὂντας.
2657 4621 2806 4674 Ἐπεὶ
2837 4623 2892 4676 δὲ
2917 4624 3250 4695 Χριστιανὴν
3274 4621 3415 4678 εῖναι
3448 4627 3656 4696 ταύτην
3688 4629 4018 4698 ὶμάνθανον,

2451 4716 2654 4769 αὐτίκα
2696 4715 2989 4786 συσχόντες
3040 4716 3177 4788 πρὶς
3217 4718 3435 4789 Φλῶρον
3495 4720 3586 4774 τὶν
3646 4720 3888 4790 ἔπαρχον
3929 4723 4019 4775 τοῦ

2465 4808 2763 4877 Ἰλλυρικοῦ
2815 4810 3166 4880 παρήγαγον,
3210 4810 3428 4880 Ταύτην
3464 4811 3718 4883 εὕρομεν,
3747 4813 4018 4882 λέγοντες,

2455 4902 2589 4973 πρὸς
2618 4904 2684 4972 τῇ
2721 4902 2936 4973 φυλακῇ
2973 4902 3292 4967 κλαίουσαν,
3341 4906 3438 4958 καὶ
3476 4906 3740 4974 μαθόντες
3770 4908 3852 4961 ὅτι
3888 4910 4019 4975 Χρι·

2456 4996 2647 5065 στιανὴ
2688 4994 2780 5048 καὶ
2823 4994 3170 5065 Χριστιανῶν
3210 4997 3372 5066 χάριν
3397 4997 3532 5066 αὐτῇ
3572 4997 3631 5050 τὸ
3654 4997 3917 5068 δακρύειν
3945 5002 4019 5071 τῷ

2451 5085 2751 5158 δικαστικῷ
2788 5103 2883 5140 σου
2916 5086 3125 5160 βήματι
3173 5091 3617 5159 παρεστήσαμεν.
3690 5091 3748 5145 '0
3779 5091 4020 5161 ἔπαρχος

2451 5180 2632 5233 τοίνυν
2656 5179 2730 5242 ὡς
2756 5181 2923 5250 ἧρετο
2963 5180 3079 5252 μετ’
3113 5180 3432 5251 ἑκπλήξεως
3460 5196 3474 5211 °
3517 5182 3586 5234 Σὺ
3632 5181 3687 5234 δὲ
3727 5181 3841 5252 ἄρα
3892 5183 4022 5253 Χρι-

2453 5270 2680 5339 στιανή;
2749 5271 2936 5340 εκείνη
2986 5271 3215 5342 λαμπρᾷ
3240 5274 3307 5342 τῇ
3351 5274 3527 5342 φωνῇ,
3562 5271 3670 5324 Ναὶ
3691 5272 4019 5342 Χριστιανὴ,

2451 5363 2554 5433 ἔφη
2580 5380 2594 5394 ο
2629 5365 2727 5416 καὶ
2785 5365 2892 5435 γάρ
2923 5366 3057 5434 ὅπερ
3094 5366 3176 5417 σοὶ
3225 5365 3283 5418 ἓν
3319 5382 3369 5417 τι
3421 5366 3529 5417 τῶν
3569 5367 3850 5434 ἀθεμίτων
3883 5363 4020 5419 εἶναι

2453 5456 2620 5519 δοκεῖ,
2657 5453 2815 5507 τοῦτο
2843 5457 2966 5525 ἐμοὶ
3002 5456 3204 5523 κόσμος
3230 5457 3322 5509 καὶ
3347 5455 3518 5526 ὄνομα
3550 5457 3913 5527 κυριώτατον.

2527 5546 2654 5601 ΚΓ.
2705 5548 2862 5600 Ἐπεὶ
2900 5547 2956 5601 δὲ
2991 5547 3086 5600 καὶ
3115 5549 3286 5617 τύχην
3316 5549 3521 5610 ικεῖνος
3549 5551 3640 5602 καὶ
3662 5547 3762 5620 τὴν
3797 5551 4021 5616 ἐνεγκα-

2458 5642 2626 5709 μένην
2651 5646 2746 5694 xxi
2765 5641 2826 5696 τδ
2855 5643 3012 5709 γένος
3042 5641 3314 5712 ἐμάνθανε
3351 5644 3442 5695 καὶ
3477 5644 3559 5696 ὅτι
3589 5643 3686 5712 τῆς
3719 5643 4020 5712 πρεσϐυτέ-

2459 5749 2558 5802 ρας
2600 5733 2819 5803 Ῥώμης
2841 5735 2958 5788 toti
2985 5737 3078 5789 καὶ
3099 5735 3206 5789 τῶν
3238 5737 3552 5804 ἑπισήμων,
3589 5735 3655 5788 Τί
3695 5731 3790 5788 οὖν
3819 5735 3879 5788 τὸ
3905 5737 4020 5788 πεῖ·

2455 5843 2575 5891 σαν,
2633 5826 2784 5890 αὖθις
2841 5829 3028 5897 εἴρηκε
3088 5829 3225 5900 πρὸς
3274 5829 3464 5896 αὐτὴν,
3504 5828 3603 5898 τὴν
3656 5827 3755 5898 μὲν
3799 5827 4015 5898 Ῥώμην
