4252 6440
244 382 356 446 593

1028 395 1504 458 MARTYRIUM
1542 396 1605 459 S.
1652 398 2108 463 ANASTASIE
2147 406 2244 465 ET
2286 405 2710 472 SOCIARUM.

3418 409 3518 471 59$

241 499 544 553 ἀπολιπεῖν
606 516 691 564 σε,
742 500 812 554 τά
838 500 894 555 δῦ
919 502 1156 556 ἐνταῦθα
1182 506 1556 572 καταλασεῖνς
1596 508 1665 559 Ἦ
1695 507 1834 577 μάρ-
1874 522 1915 575 Α

1874 522 1915 575 Α
1946 530 2167 582 queres,
2201 516 2310 571 huc
2337 528 2522 571 autem
2549 518 2801 573 venires?
2822 519 3028 589 Martyr
3058 532 3211 583 vero,
3247 515 3519 582 Quidnam

255 604 366 655 ευς,
396 591 506 644 Καὶ
551 592 605 643 τί
655 593 767 661 γὰρ
799 592 951 657 ἄλλο,
987 597 1179 664 φησὶν,
1228 596 1345 649 ἀλλ’
1373 597 1407 667 ἢ
1448 597 1664 667 μόνονή
1689 596 1828 650 Θεοῦ

252 702 359 752 μου
398 686 676 737 Δεσπότου
711 687 901 757 φωνῆς
934 686 1109 759 ταύτῃ
1138 688 1251 759 γὰρ
1304 690 1553 759 ἀπομένη
1615 690 1709 743 καὶ
1740 706 1832 757 γο-
1862 756 1867 760 _

249 777 388 827 νέων
409 776 525 843 ἄμα
553 775 649 828 καὶ
668 777 954 843 συγγενῶν
974 780 1072 831 καὶ
1101 778 1339 832 πλούτου
1365 782 1833 851 καταφρονήσασα

250 869 350 920 καὶ
378 868 631 935 πατρίδος
664 868 821 936 φίλον
854 868 1054 937 ιδαφος
1091 871 1397 924 ἐκλιποῦσα
1435 872 1529 925 τὸν
1558 871 1655 925 τοῦ
1696 870 1831 941 έμοῦ

249 958 491 1024 Χριστοῦ
522 959 754 1029 σταυρὸν
771 956 905 1031 ἤρα,
926 962 1023 1014 καὶ
1045 964 1174 1014 ποσὶ
1200 960 1506 1032 προθύμοις
1528 961 1682 1031 αὐτῷ
1700 962 1835 1024 ﬁxo-

249 1050 517 1116 λούοησα.
547 1050 656 1102 Kal
682 1052 711 1103 ὁ
740 1048 981 1122 ῑπαρχος
1001 1067 1017 1084 ο
1064 1051 1177 1106 Ποῦ
1202 1052 1259 1105 δέ
1288 1056 1442 1107 εστιν
1468 1048 1625 1117 οὗτος
1652 1051 1717 1105 ὃν
1747 1051 1832 1104 λέ-

251 1158 374 1208 γεις
410 1142 681 1209 Χριστόν;
718 1143 1026 1213 Πανταχοῦ,
1055 1146 1092 1214 ἡ
1132 1145 1343 1215 μάρτυς
1369 1144 1499 1216 εφη,
1530 1148 1627 1199 καὶ
1655 1144 1834 1208 οὐδεὶς

174 1296 178 1299 _
252 1233 423 1295 τόπος
454 1232 621 1286 αὑτοῦ
648 1232 859 1304 ερημος
879 1254 893 1267 ·
926 1235 1078 1289 ἔστιν
1113 1238 1173 1289 ἰν
1199 1238 1438 1309 οὐρανῷ,
1464 1238 1615 1291 εστιν
1644 1240 1703 1291 ἑν
1733 1237 1831 1289 θα-

254 1324 460 1396 λάσσῃ.
495 1325 646 1379 law
680 1326 740 1380 tv
772 1329 840 1397 γῇ
871 1367 887 1391 ,
929 1328 1028 1400 οὐχ
1054 1324 1219 1400 ἦττον
1252 1330 1309 1383 δὲ
1334 1332 1429 1385 καὶ
1467 1332 1527 1385 έν
1555 1332 1694 1385 πᾶσι
1720 1334 1833 1395 τοῖς

256 1414 710 1482 ἐπικαλουμένοις
741 1415 904 1468 αὑτὸν
961 1417 1056 1470 καὶ
1106 1417 1473 1486 φοϐουμένοις
1519 1418 1725 1489 νοερῶς
1753 1420 1837 1471 ιλ-

257 1502 491 1571 λάμπων
517 1504 612 1557 καὶ
638 1504 1058 1573 συγγινόμενος.
1086 1507 1194 1559 Καὶ
1222 1506 1312 1571 δς,
1344 1508 1449 1559 Καὶ
1477 1506 1604 1571 ποῦ,
1645 1507 1835 1577 φησὶν,

258 1589 407 1647 οὗτοι
456 1596 544 1648 ῐνα
576 1594 795 1665 γνῶμεν
835 1595 1074 1674 αὐτούςς
1140 1598 1205 1651 Ἦ
1247 1597 1324 1661 δὲ,
1357 1598 1523 1667 ’Δχρι
1558 1597 1678 1668 μὶν,
1707 1597 1835 1666 ἔφη,

259 1689 359 1757 τῆς
384 1686 541 1757 δεῦρ)
568 1688 666 1759 τὴν
694 1688 929 1743 ἐνταῦθα
954 1690 1241 1759 διατριϐὴν
1270 1685 1439 1761 εἶχον,
1470 1692 1565 1745 καὶ
1591 1707 1840 1760 σωματι-

260 1780 375 1841 κῶς
409 1779 650 1851 ὡμίλουν
686 1783 820 1851 ἡμῖν
843 1795 858 1811 ⁶
891 1782 1011 1835 νυνὶ
1050 1782 1108 1835 δὲ
1150 1783 1251 1852 τὴν
1275 1782 1382 1851 γῆν
1419 1783 1678 1848 λιπόντες
1705 1781 1839 1857 πόρο

263 1838 618 1943 ρωθενῖὴμᾶς
662 1838 841 1943 δρῶσι
883 1874 997 1937 τοῖς
1048 1838 1349 1945 οὐρανίοις.
1384 1838 1837 1946 ἐνδιατρίϐοντες.
1871 1838 1915 1894 Β

260 1960 484 2014 Τούτων
505 1962 614 2033 γὰρ
643 1962 781 2016 ὀ.δι5ι
804 1964 1041 2033 Χριστὸν
1070 1964 1301 2026 Θάνατος
1330 1962 1516 2025 αὐτοῖς
1552 1964 1841 2032 πρόξενος,

259 2046 459 2123 οἷσπερ
507 2051 740 2123 εὔχομαι
796 2056 951 2123 κάγὼ
1007 2055 1340 2125 συνταγῆναι
1396 2055 1489 2107 καὶ
1519 2054 1620 2126 τὴν
1668 2056 1843 2126 αὐτὴν

262 2144 497 2209 ἐκείνοις
523 2146 751 2217 πορείαν
777 2146 1109 2201 στείλασθαι.

336 2232 466 2288 KA'.
510 2236 596 2298 Ὧς
623 2236 681 2288 δὲ
716 2236 846 2308 περὶ
883 2236 994 2291 τῶν
1023 2240 1079 2290 εν
1104 2240 1169 2309 τῇ
1195 2238 1412 2311 φυλακῇ
1442 2237 1843 2309 ἀναιρεθέντων

263 2328 617 2399 Χριστιανῶν
663 2329 967 2399 εμάνθανεν
1014 2333 1044 2385 δ
1085 2332 1326 2403 έπαρχος
1354 2331 1635 2403 ειρηκέναι
1674 2330 1845 2384 ταῦτα

261 2425 369 2494 τὴν
395 2422 671 2492 μάρτυρα,
701 2422 927 2485 Ἐοικάς
957 2440 1069 2493 μοι,
1089 2426 1249 2494 φησὶ,
1273 2424 1410 2495 πρὸς
1441 2423 1613 2494 αὐτὴν
1636 2422 1847 2476 πολλῶν

264 2513 478 2568 δεῖσθαι
499 2514 819 2584 τιμωριῶνο
864 2513 973 2567 ίδοὺ
1008 2513 1120 2584 γὰρ
1167 2515 1418 2569 ὑπονοεῖν
1458 2532 1549 2585 μοι
1579 2515 1737 2578 δίδως
1771 2515 1848 2577 ὡς

264 2610 409 2681 αὑτὴ
443 2610 718 2673 κάκείνοις
748 2608 898 2663 αἰτία
913 2609 1007 2662 τοῦ
1035 2609 1268 2664 θανάτου
1292 2615 1593 2679 κατέστης,
1622 2608 1849 2663 κινοῦσά

266 2722 332 2759 τε
363 2705 485 2758 καθ’
516 2704 676 2774 ἡμῶν
724 2704 819 2757 καὶ
861 2706 953 2759 τὸν
995 2705 1119 2759 νοῦν
1164 2702 1535 2759 ἀναπείθουσα
1587 2705 1701 2765 τοῖς
1742 2701 1851 2757 τῶν

268 2797 690 2868 αὐτοκρατόρων
755 2797 1130 2867 θεσπίσμασιν
1185 2796 1511 2865 ἀντιλέγειν.
1579 2794 1721 2848 Ἀλλ’
1749 2795 1851 2847 οὐκ

269 2891 501 2960 ιμελλες
537 2889 725 2960 λήσειν
776 2890 906 2952 τοὺς
949 2887 1252 2959 ἀλαθὴτους
1298 2887 1475 2953 θεοὺς,
1518 2887 1716 2947 οἵτινές
1756 2903 1849 2938 σου

269 3000 371 3038 ιω
403 2982 668 3051 λογισμοῦ
693 2982 896 3054 πολλὴν
929 2980 1096 3051 ἀχλὺν
1146 2979 1514 3049 καταχέαντες
1555 2978 1631 3048 μὴ
1662 2994 1851 3048 προει-

271 3078 431 3133 δυῖαν
459 3076 526 3128 τὰ
553 3073 754 3143 εαυτῆς
796 3076 929 3143 πρὸς
971 3072 1143 3127 ταῦτά
1165 3088 1225 3125 τε
1259 3069 1579 3142 συνὼθησαν
1620 3072 1717 3124 καὶ
1743 3086 1852 3138 φα-

1933 606 2109 671 aliud,
2150 606 2330 675 inquit
2358 649 2373 669 ,
2412 610 2516 663 nisi
2556 611 2732 664 solum
2770 626 2877 663 vox
2919 611 3025 664 mei
3075 608 3337 662 Domini?
3370 610 3519 662 lianc

1933 700 2083 751 enim
2112 700 2285 752 solam
2313 716 2573 770 sequens,
2610 702 2938 771 parentibus
2981 700 3141 754 simul
3172 709 3228 754 et
3261 704 3512 769 cognatis

1932 800 1990 845 et
2014 793 2213 859 opibus
2242 793 2519 860 despectis
2543 834 2557 856 ,
2590 805 2649 848 et
2678 795 2855 848 amico
2900 794 3093 862 patria:
3148 794 3264 845 solo
3302 795 3497 845 relicto

1935 881 2041 934 mei
2081 881 2284 935 Christi
2318 897 2540 937 crucem
2567 884 2785 945 sustuli,
2815 885 3197 952 promptisquc
3229 895 3283 935 et
3316 882 3517 933 alacri—

1936 968 2042 1023 bus
2077 985 2202 1023 eum
2252 986 2371 1025 sum
2410 981 2599 1025 secuta
2635 972 2887 1041 pedibus.
2933 973 3076 1027 Dicit
3110 984 3291 1025 autem
3330 973 3518 1038 ιιι-ηιρ-

1933 1066 2092 1113 ctus:
2127 1060 2230 1115 Ubi
2259 1069 2343 1114 est
2373 1061 2420 1115 is
2461 1077 2621 1131 quem
2657 1070 2712 1116 tu
2739 1062 2898 1125 dicis,
2939 1062 3230 1117 Christus?
3268 1063 3509 1129 Ubique.

1937 1151 2117 1220 inquit
2171 1162 2396 1225 martyr,
2455 1171 2635 1223 neque
2685 1164 2766 1210 est
2816 1156 2960 1211 ullus
2992 1157 3166 1218 locus,
3202 1159 3291 1224 qui
3335 1172 3399 1208 eo
3434 1172 3522 1208 ca-

1937 1253 2073 1299 reat.
2102 1245 2200 1300 Est
2230 1246 2285 1299 in
2314 1247 2474 1312 caelo,
2515 1259 2600 1303 est
2632 1249 2685 1302 in
2724 1250 2884 1314 mari,
2911 1260 2993 1303 est
3022 1250 3073 1302 in
3112 1260 3277 1303 terra.
3332 1240 3517 1301 Nihilo

1938 1336 2120 1392 secius
2145 1347 2328 1394 autem
2355 1347 2442 1394 est
2469 1341 2632 1394 etiam
2655 1345 2707 1395 in
2730 1342 2988 1397 omnibus
3007 1345 3097 1411 qui
3118 1357 3242 1395 eum
3263 1342 3521 1412 invocant

1940 1439 1997 1485 et
2029 1432 2249 1493 timent,
2281 1432 2655 1501 intelligenter
2682 1448 2779 1488 eos
2828 1435 3165 1495 illutninans.
3196 1445 3250 1488 et
3284 1450 3407 1488 cum
3439 1434 3521 1487 eis

1942 1534 2183 1574 versans.
2221 1520 2318 1574 llle
2360 1537 2533 1575 vero:
2571 1521 2805 1577 Ubinam
2858 1534 3007 1586 sunt,
3057 1524 3256 1591 inquit,
3298 1524 3406 1581 isti.
3461 1531 3521 1576 ut

1940 1627 2037 1667 eos
2063 1614 2501 1682 cognoscamus?
2548 1616 2641 1667 illa
2679 1631 2807 1669 vero
2852 1635 2865 1671 :
2912 1616 3208 1685 ilucusque
3255 1616 3476 1683 quidem
3503 1655 3517 1675 ,

1942 1705 2143 1774 inquit,
2171 1706 2261 1761 hic
2285 1716 2415 1760 sunt
2455 1709 2679 1769 versati,
2731 1717 2785 1761 et
2836 1708 3123 1763 nobiscum
3175 1718 3408 1775 egerunt
3460 1707 3513 1758 in

1943 1809 2196 1864 corpore.
2230 1797 2387 1851 Nunc
2417 1807 2598 1851 autem
2644 1810 2788 1855 terra
2827 1801 3036 1864 relicta,
3068 1815 3168 1853 nos
3215 1801 3405 1868 procul
3446 1800 3525 1851 γί-

1943 1884 2095 1952 dent,
2128 1896 2408 1942 versantes
2436 1888 2489 1941 in
2516 1890 2851 1944 cmlestihus.
2881 1890 3022 1945 Mors
3070 1893 3217 1945 enim
3267 1904 3520 1959 suscepta

1945 1984 2170 2045 propter
2194 1974 2477 2032 Christum
2546 1980 2659 2034 ha-c
2689 1982 2767 2035 eis
2798 1983 3157 2037 conciliavit:
3195 1985 3246 2036 in
3284 2000 3518 2051 quorum

1943 2081 2238 2120 numerum
2276 2070 2439 2133 cupio
2467 2085 2569 2140 ego
2603 2088 2824 2142 quoque
2866 2074 3081 2139 referri,
3115 2084 3167 2129 et
3206 2075 3348 2128 idem
3375 2078 3519 2143 quod

1946 2155 2026 2209 illi
2057 2157 2161 2209 iter
2188 2157 2423 2226 ingredi.

2018 2246 2208 2304 XXIV.
2238 2248 2533 2319 Postquam
2562 2262 2747 2307 autem
2778 2253 3047 2310 intellexit
3083 2256 3377 2323 praefectus
3403 2256 3518 2308 hazc

1946 2340 2150 2396 dixisse
2173 2354 2465 2414 martyrem
2484 2345 2551 2399 de
2573 2344 2922 2409 Christianis,
2951 2348 3044 2415 qui
3076 2349 3384 2414 interempti
3416 2348 3522 2400 fue-

1948 2443 2072 2488 rant
2100 2434 2154 2488 in
2183 2450 2405 2490 carcere
2436 2455 2449 2489 :
2484 2437 2614 2491 Mihi
2650 2438 2875 2502 videris,
2908 2440 2980 2492 ait
3016 2440 3091 2493 illi
3120 2480 3135 2501 ,
3168 2442 3357 2494 multis
3383 2455 3524 2509 opus

1948 2526 2156 2580 habere
2188 2527 2494 2595 suppliciis.
2529 2528 2669 2582 Ecce
2710 2531 2855 2583 enim
2892 2531 3122 2600 injeeisti
3158 2532 3315 2586 nobis
3346 2533 3523 2601 suspi-

1950 2621 2191 2683 cionem,
2224 2628 2276 2674 te
2304 2620 2412 2674 illis
2440 2621 2609 2676 fuisse
2635 2636 2855 2676 causam
2897 2623 3107 2685 mortis,
3149 2634 3206 2677 ut
3257 2640 3379 2693 qua:
3429 2639 3525 2677 eos

1950 2718 2141 2763 contra
2171 2724 2273 2763 nos
2302 2725 2573 2775 moveres,
2607 2720 2658 2764 et
2685 2715 2767 2766 eis
2819 2713 3181 2781 persuaderes
3216 2728 3523 2781 repugnare

1950 2800 2149 2855 edictis
2181 2800 2598 2879 imperatorum.
2627 2800 2733 2856 Sed
2769 2818 2886 2856 non
2924 2816 3144 2873 poteras
3174 2805 3343 2857 latere
3371 2805 3525 2866 deos,

1952 2910 2093 2964 quos
2123 2895 2260 2948 nihil
2296 2894 2430 2948 latet
2469 2912 2483 2948 :
2519 2895 2613 2964 qui
2657 2910 2781 2949 cum
2819 2904 2924 2949 tua:
2956 2896 3122 2949 menti
3167 2911 3415 2965 magnam
3448 2897 3527 2948 of-

1954 2988 2230 3042 fudissent
2267 2988 2579 3058 caliginem,
2624 2998 2676 3042 te
2724 3000 2815 3043 tua
2864 3006 2971 3042 non
3023 2990 3413 3058 prmvitlentem
3457 2990 3522 3041 ad

1959 3080 2075 3134 haec
2104 3080 2460 3148 impulerunt,
2492 3090 2547 3133 et
2581 3088 2638 3133 ut
2671 3090 2722 3133 te
2754 3079 2913 3134 nobis
2939 3081 3203 3143 aperires,
3239 3096 3527 3148 persuase-

274 3169 443 3239 νερὰν
474 3168 607 3237 ἡμῖν
635 3166 871 3237 σεαυτὴν
902 3166 1244 3236 καταστῆσαι
1281 3164 1639 3234 παρέπεισαν.
1697 3163 1850 3216 Ἐπεὶ
1876 3170 1920 3229 c

1876 3170 1920 3229 ϐ
1957 3180 2104 3225 runt.
2130 3171 2403 3237 Quoniam
2440 3187 2571 3226 vero
2604 3185 2727 3226 cum
2763 3172 2960 3226 illustri
2994 3187 3193 3241 genere
3225 3184 3348 3225 nata
3384 3182 3529 3225 esset

274 3261 337 3314 ἃ
366 3261 428 3313 τὸ
450 3260 643 3327 γένους
681 3254 824 3313 εἶναι
871 3258 971 3329 τὴν
997 3258 1354 3311 Ἀναστασίαν
1376 3255 1708 3327 περιφανοῦς
1749 3260 1849 3313 οὐκ

274 3359 366 3411 ala
381 3356 471 3409 τὸν
489 3354 728 3423 έπαρχον
758 3353 863 3415 πρὸ
890 3352 1144 3418 γνώσεως
1170 3348 1456 3419 βασιλικῆς
1486 3348 1657 3417 αὐτὴν
1679 3366 1851 3417 τιμω-

278 3447 518 3520 ρεῖσθαι,
543 3445 807 3516 ἀναφέρει
831 3446 1007 3499 πάντα
1036 3444 1113 3513 τῷ
1147 3442 1381 3512 βασιλεῖ.
1423 3441 1482 3496 ⁸0
1511 3440 1570 3493 δὶ
1593 3442 1615 3511 (
1629 3442 1727 3495 καὶ
1746 3443 1855 3511 γὰρ

278 3544 496 3613 ὑπῆρχε
528 3540 718 3611 μαθὼν
774 3541 924 3602 ὅπως
959 3539 1127 3593 πολύν
1155 3554 1275 3592 τινα
1305 3535 1696 3606 παραλαϐοῦσα
1724 3535 1856 3605 κλῆ-

283 3649 378 3704 ρον
400 3632 465 3684 εκ
493 3628 587 3682 τοῦ
620 3628 824 3697 πατρὸς
843 3626 1060 3682 ἃπαντα
1087 3625 1275 3679 τοῦτον
1295 3624 1637 3693 Χριπιανοτς
1659 3623 1854 3676 διενεί-

283 3723 456 3795 ματο)
496 3721 753 3789 ἀσφαλῶς
805 3718 983 3790 αὐτὴν
1008 3706 1291 3787 τηρεῖσθαὶ
1332 3716 1527 3786 μέχρις
1552 3714 1618 3767 ἀν
1656 3714 1853 3782 ἀπιστῇ

277 3821 349 3889 τῇ
386 3815 536 3869 πόλει
573 3813 964 3883 προσέταττεν.
1037 3810 1353 3863 Ἐπιστάντι
1384 3808 1442 3861 δὲ
1467 3809 1660 3877 ἀγεται
1707 3805 1855 3877 αὐτῷ

281 3908 403 3964 κατ’
434 3906 557 3976 ὂψιν
588 3908 619 3976 ἡ
656 3904 920 3975 μακαρία.
978 3904 1087 3957 Καὶ
1122 3901 1181 3964 δς
1213 3900 1319 3973 πρὸ
1369 3900 1478 3953 τῶν
1529 3899 1702 3953 ἀλλων
1730 3900 1857 3968 περὶ

281 4003 380 4069 τῆς
413 4000 603 4062 οὐσίας
636 3998 1023 4051 διεπυνθάνετο
1045 4011 1063 4029 ο
1101 3994 1308 4063 ταύτην
1327 3994 1436 4065 γὰρ
1459 3992 1633 4061 ἐφίλει
1657 3991 1858 4060 μᾶλλον

283 4093 318 4161 ἢ
356 4091 485 4152 τοὺς
506 4088 694 4151 θεούς“
722 4089 831 4140 Καὶ
861 4087 963 4140 ποῦ
999 4087 1129 4155 ἄρα.
1174 4086 1331 4161 φησι,
1360 4085 1421 4137 τὸ
1459 4101 1522 4136 πε
1535 4081 1743 4153 ριελθόν
1774 4099 1858 4135 σοι

286 4181 510 4251 χρυσίον
530 4180 594 4231 ὲκ
615 4178 708 4231 ⁴ιοῦ
742 4178 980 4248 πατρόςς
1013 4177 1077 4231 'il
1104 4178 1160 4229 δὲ
1187 4178 1280 4228 καὶ
1302 4176 1423 4227 λίαν
1442 4173 1855 4244 μεγαλοψύχως

288 4277 465 4345 Εἴπερ
517 4275 595 4327 ἐτι
652 4289 739 4341 μοι
788 4274 882 4323 καὶ
909 4270 1008 4323 νῦν
1032 4270 1252 4339 χρυσίον
1298 4268 1676 4338 περιελείπετο
1704 4266 1771 4320 δι’
1798 4258 1861 4319 οὗ

287 4371 414 4429 τοὺς
449 4367 548 4435 μιν
578 4366 669 4418 τοῦ
696 4361 938 4431 Χριστοῦ
988 4362 1226 4424 δούλους,
1270 4362 1396 4430 ἐμοὶ
1425 4360 1481 4413 δὲ
1538 4358 1861 4428 ὁμοδούλους

290 4458 615 4529 θεραπεύειν
639 4457 708 4511 ἂν
747 4452 919 4525 εἶχον,
938 4454 1038 4507 οὐκ
1063 4456 1129 4507 ἂν
1162 4453 1406 4523 ἐμαυτὴν
1429 4450 1728 4520 παρέδωκα
1748 4450 1861 4510 τοίς

1957 3263 2263 3326 Anastasia,
2294 3277 2405 3316 non
2434 3264 2515 3317 fas
2541 3274 2659 3328 erat
2690 3264 2946 3332 praelecto
2977 3278 3095 3317 eam
3136 3265 3529 3332 punire,ante-

1956 3368 2122 3423 quam
2145 3352 2213 3407 de
2235 3367 2300 3407 ea
2326 3362 2679 3421 cognosceret
2706 3354 3025 3423 imperator,
3052 3353 3237 3408 omnia
3270 3352 3434 3406 refert
3461 3351 3529 3405 ad

1958 3444 2368 3513 imperatorem.
2402 3443 2495 3497 ille
2523 3454 2705 3498 autem
2761 3446 3129 3512 (intellexerat
3174 3446 3322 3498 enim
3378 3443 3527 3514 q‘nod

1956 3552 2081 3591 cum
2110 3551 2139 3589 a
2163 3544 2314 3605 patre
2346 3550 2594 3605 magnam
2625 3538 2928 3605 accepisset
2955 3535 3355 3601 lnereditatem,
3394 3552 3516 3589 eam

1956 3642 2176 3681 omnem
2226 3626 2585 3681 distribuerat
2617 3628 2974 3696 pauperibus)
3023 3628 3187 3697 jussit
3238 3642 3358 3681 eam
3409 3638 3527 3685 tuto

1958 3718 2267 3781 custodiri,
2299 3719 2474 3773 donec
2521 3719 2736 3772 veniret
2787 3719 2841 3772 in
2887 3720 3184 3774 civitatem.
3214 3717 3351 3774 Cum
3392 3736 3521 3773 vero

1960 3810 2303 3873 accessisset,
2324 3810 2379 3863 in
2404 3810 2523 3880 ejus
2548 3820 2901 3880 conspectum
2928 3810 3220 3864 deducitur
3237 3811 3326 3865 illa
3352 3813 3529 3865 beata.

1960 3903 2055 3958 llle
2086 3915 2268 3957 autem
2309 3911 2434 3956 ante
2476 3902 2580 3955 alia
2622 3917 2744 3956 eam
2774 3903 2985 3971 rogavit
3017 3902 3084 3955 de
3121 3902 3479 3956 facultatibus
3508 3920 3523 3968 ;

1951 4010 2054 4064 _eas
2079 3994 2227 4049 enim
2272 3995 2443 4061 magis
2471 3994 2691 4048 amabat
2722 4010 2884 4062 quam
2932 3993 3065 4049 deos
3096 4011 3110 4047 :
3161 3994 3263 4050 Ubi
3298 4006 3403 4058 est,
3451 3995 3534 4049 iu-

1960 4087 2100 4155 quit,
2136 4100 2356 4147 aurum,
2387 4083 2536 4153 quod
2583 4084 2681 4137 tibi
2724 4084 2951 4139 obvenit
2993 4099 3022 4137 a
3049 4093 3203 4155 patre
3226 4084 3250 4137 2
3274 4083 3368 4139 Illa
3401 4100 3533 4138 vero

1963 4177 2247 4246 respondit
2284 4191 2480 4247 magno
2504 4186 2560 4231 et
2593 4177 2809 4231 excelso
2835 4178 3020 4230 animo
3047 4190 3061 4229 :
3091 4176 3145 4230 Si
3177 4177 3358 4230 adhuc
3401 4177 3533 4230 mihi

1964 4270 2237 4339 reliquum
2284 4280 2431 4325 esset
2479 4286 2699 4333 aurum,
2737 4285 2834 4339 per
2880 4270 3027 4340 quod
3064 4270 3268 4325 Christi
3312 4270 3533 4339 quidem

1964 4364 2159 4426 servis,
2196 4363 2331 4416 meis
2375 4373 2555 4416 autem
2610 4363 2906 4425 coaservis,
2959 4378 3174 4430 possem
3219 4364 3534 4423 subvenire,

1968 4472 2079 4510 non
2108 4471 2194 4509 me
2237 4454 2304 4509 iis
2342 4455 2433 4524 qui
2469 4453 2810 4522 qumrebaut,
2862 4454 3230 4507 tradidissem.
3264 4452 3534 4518 Quoniam

290 4549 683 4620 επιξητοῦσινο
727 4548 917 4620 ἐπειδὴ
983 4549 1040 4601 δι
1073 4546 1252 4609 καλῶς
1309 4543 1541 4616 ποιούσῃ
1570 4542 1747 4595 πάντα
1782 4541 1861 4601 είς
1893 4570 1937 4627 D

1857 4558 1861 4595 ῖ
1893 4570 1937 4627 ι)
1969 4558 2152 4605 autem
2188 4548 2241 4601 in
2274 4561 2371 4601 eos
2404 4548 2498 4615 qui
2530 4554 2679 4599 recte
2730 4546 2984 4616 agebant,
3042 4548 3246 4608 omnia,
3284 4556 3343 4597 ut
3370 4560 3536 4613 Opor-

292 4646 413 4698 δέον
436 4659 527 4712 μοι
550 4642 943 4709 δεδαπάνηται,
984 4640 1012 4693 δ
1040 4635 1381 4708 παρελείφθη
1424 4652 1516 4706 μοι
1547 4632 1711 4705 μόνον
1768 4632 1862 4685 καὶ

294 4738 432 4790 αὐτὸ
455 4736 671 4790 σπεύδω
693 4734 854 4801 σῶμα
882 4734 961 4803 τῷ
982 4730 1204 4803 Χριστῷ
1230 4748 1335 4798 μου
1363 4728 1771 4801 προσενεγκεῖν.
1801 4722 1863 4779 Ὀ

298 4829 549 4901 βασιλεὺς
568 4827 660 4882 οὖν
694 4828 915 4898 ῥήματα
939 4826 1063 4880 νοῦν
1087 4827 1278 4895 ἔχοντα
1309 4823 1627 4886 διακούσας,
1655 4819 1737 4892 τῷ
1764 4819 1867 4889 μιν

293 4925 472 4979 δοκεῖν
492 4921 780 4994 ὑπερορῶν
808 4921 977 4992 αὐτῆς
1004 4919 1102 4974 ἀτε
1140 4916 1398 4987 γυναικὸς
1418 4916 1513 4969 καὶ
1538 4914 1691 4977 νέας,
1716 4916 1784 4985 τῇ
1807 4911 1867 4965 ει
1898 4962 1914 4994 λ

294 5017 526 5087 ἀληθείᾳ
551 5015 733 5077 δείσας
771 5015 847 5084 μὴ
884 5011 1107 5083 μείζονα
1140 5013 1238 5080 τὴν
1260 5007 1521 5091 αίσχύνην
1552 5006 1713 5077 δφλῃ,
1732 5003 1869 5058 καθ·

302 5112 446 5180 άπερ
463 5110 549 5162 διὰ
576 5107 684 5160 τῶν
715 5106 997 5177 ῥημάτων,
1020 5103 1165 5158 οὕτω
1185 5102 1252 5172 δὴ
1289 5104 1383 5155 καὶ
1416 5099 1618 5171 μᾶλλον
1666 5100 1731 5151 εκ
1759 5096 1869 5150 τῶν

303 5202 639 5273 πραγμάτων
668 5200 1005 5268 ἡττώμενος,
1036 5194 1278 5266 ὁπηνίκα
1320 5192 1417 5245 καὶ
1452 5190 1700 5261 βασάνων
1730 5188 1867 5258 αὐτῇ

303 5298 496 5363 πεῖραν
530 5294 804 5362 ἐπαγάγῃ,
860 5292 1023 5353 αὐτὸς
1055 5290 1152 5357 μὲν
1207 5288 1307 5340 οὐκ
1338 5286 1489 5352 ἀξιον
1520 5279 1660 5337 εἶναι
1692 5284 1870 5351 φήσας

303 5387 528 5455 γυναικὶ
596 5385 875 5456 μεμηνυίᾳ
934 5379 1426 5451 προσδιαλέγεσθαι
1478 5378 1583 5447 τὴν
1621 5374 1872 5440 ἐξέτασιν

302 5479 600 5548 ἀπειρήκει
623 5495 638 5509 ο
666 5478 743 5545 τῴ
771 5479 993 5545 ἐπάρχῳ
1022 5475 1080 5528 δὲ
1111 5475 1175 5542 τὰ
1202 5476 1323 5525 κατ’
1358 5470 1529 5540 αὐτὴν
1559 5465 1871 5537 ἐπιτρέπει.

377 5654 506 5711 κε’.
541 5657 651 5708 Καὶ
677 5656 734 5717 ὃς
765 5654 928 5716 εὐθὺς
965 5652 1065 5724 τὴν
1096 5650 1386 5721 ἀλωπεκῆν
1412 5647 1635 5713 ὑποδὺς,
1664 5646 1877 5701 θωπευ-

303 5752 481 5809 τικοῐς
517 5750 757 5817 ῥήμασιν
784 5747 1042 5816 ἐπειρᾶτο
1088 5745 1291 5816 ταύτην
1332 5742 1731 5813 ἀπαγαγέσθαιο
1759 5741 1874 5805 καὶ,

317 5841 503 5906 'lvazi,
539 5845 719 5907 φησιν,
755 5833 797 5892 ᾧ
829 5840 1009 5906 γύναι,
1052 5837 1124 5908 μὴ
1155 5837 1347 5891 θυσίαν
1380 5835 1555 5907 βούλει
1596 5850 1877 5906 προσαγαο

1964 4652 2062 4704 tet,
2105 4652 2236 4696 sunt
2270 4654 2299 4693 a
2332 4654 2416 4693 me
2450 4647 2772 4707 consumpta
2800 4679 2812 4701 ,
2859 4638 3003 4700 quod
3054 4636 3187 4690 mihi
3231 4635 3409 4691 solum
3455 4648 3538 4688 est

1965 4731 2261 4801 reliquum,
2312 4728 2492 4797 ipsum
2542 4742 2764 4797 quoque
2823 4742 3029 4795 corpus
3080 4726 3273 4781 studeo
3316 4726 3537 4780 Christo

1967 4837 2092 4877 meo
2118 4821 2340 4875 offerre.
2371 4819 2676 4889 imperator
2719 4832 2851 4871 vero
2881 4830 3006 4871 cum
3056 4816 3220 4872 verba
3271 4816 3536 4870 audiisset

1966 4914 2260 4984 sapientia,
2283 4910 2465 4982 specie
2493 4909 2715 4980 quidem
2745 4910 2919 4979 ipsam
2944 4908 3257 4977 despiciens
3290 4917 3350 4962 ut
3373 4906 3537 4962 femi-

1968 5020 2096 5059 nam
2129 5013 2184 5058 et
2211 5006 2468 5074 juvenem
2495 5045 2508 5066 ,
2544 5017 2737 5056 revera
2770 5012 2953 5055 autem
2990 5001 3190 5056 timens
3232 5014 3301 5057 ne
3342 5000 3534 5065 majori

1969 5095 2277 5151 afficeretur
2298 5096 2587 5157 dedecore,
2610 5094 2886 5163 quomodo
2917 5092 3118 5157 verbis,
3147 5093 3220 5145 ita
3250 5092 3415 5161 etiam
3442 5105 3531 5142 re-

1971 5191 2075 5245 bus
2109 5190 2241 5259 ipsis
2267 5187 2435 5257 magis
2464 5187 2659 5251 victus,
2684 5186 2902 5259 quando
2949 5187 3069 5256 ejus
3116 5200 3212 5253 per
3261 5192 3530 5241 tormenta

1972 5283 2176 5338 faceret
2229 5280 2553 5349 periculum,
2612 5280 2726 5347 ipse
2778 5278 2999 5347 quidem
3040 5278 3229 5331 dicens
3286 5291 3394 5329 non
3440 5289 3538 5343 par

1971 5390 2114 5436 esse.
2157 5384 2217 5427 ut
2255 5387 2378 5426 cum
2420 5372 2648 5426 muliere
2696 5371 2884 5427 insana
2934 5371 3296 5437 loqueretur,
3332 5368 3542 5422 destitit

1973 5468 2043 5522 ab
2071 5464 2496 5530 examinatione,
2524 5462 2785 5531 praefecto
2808 5472 2989 5517 autem
3018 5476 3137 5519 eam
3167 5459 3385 5514 mandat
3413 5472 3541 5512 exa-

1975 5558 2312 5613 tuinandam.

2047 5648 2211 5705 XXV.
2249 5648 2344 5702 ille
2375 5661 2507 5699 ναι.το
2535 5661 2659 5698 cum
2684 5645 2864 5698 statim
2901 5644 3096 5712 pellem
3125 5643 3395 5698 induisset
3424 5642 3539 5695 vul-

1977 5741 2189 5811 pinam,
2243 5736 2460 5793 blandis
2508 5736 2691 5789 verbis
2738 5750 2857 5787 cani
2908 5734 3210 5788 conabatur
3259 5733 3541 5795 inducere,

1980 5832 2170 5888 dicens
2204 5848 2215 5883 :
2242 5829 2371 5894 Cur,
2403 5845 2434 5881 ο
2464 5829 2680 5897 mulier,
2718 5842 2829 5884 non
2856 5829 2936 5884 vis
2966 5828 3069 5883 diis
3100 5826 3299 5889 un‘erre
3330 5829 3539 5881 sat-riti-
