4252 6440
761 358 864 429 595
1979 356 2261 415 MENSIS
2306 356 2554 415 DECEM
2570 357 2732 414 BER.
3905 351 4034 410 505

753 469 926 534 cium,
950 469 1227 537 quomodo
1253 477 1408 538 pater
1441 477 1571 522 tuus
1601 469 1822 533 obtulit,
1852 471 1944 524 sed
1989 470 2058 524 iis
2100 469 2326 531 relictis,
2355 471 2402 525 A
2430 489 2432 495 ·

2356 471 2402 525 Δ
2430 473 2544 534 γεῖν
2571 469 2715 529 θεοῖς
2741 468 2801 520 δν
2837 470 3042 537 τρόπον
3074 468 3167 520 καὶ
3200 468 3227 519 ό
3254 466 3343 527 σὸς
3368 463 3610 531 προσῆγε
3647 459 3851 528 πατὴρ,
3875 460 4035 511 ἀλλὰ

751 559 888 615 colis
915 557 1214 625 Christum,
1247 575 1408 628 quem
1445 558 1624 614 nescis
1658 569 1714 614 et
1745 575 1811 613 ex
1840 560 2043 615 Iudaeis
2091 571 2278 614 natum
2307 600 2321 623 ,
2425 580 2430 594 ι

2425 559 2649 621 τούτους
2688 557 3033 612 ἀπολιποῦσα
3087 559 3222 629 σέϐῃ
3273 556 3534 626 Χριστὸν,
3573 554 3632 605 ὃν
3669 552 3773 604 οὒκ
3819 548 4033 614 οἶδας,

755 661 806 706 ct
843 652 910 705 ab
937 651 1004 705 iis
1045 651 1176 719 ipsis
1208 660 1465 720 tanquam
1495 651 1800 705 maleﬁcum
1826 652 1894 706 de
1924 652 2108 706 medio
2139 651 2324 706 subla-
2425 659 2434 706 ί

2425 651 2712 720 ἄνθρωπον
2748 653 2900 721 παρὰ
2948 650 3225 712 Ἰουδαίοις
3270 667 3330 702 τε
3374 649 3704 716 γεννηθέντα
3735 646 3830 697 καὶ
3874 645 4030 711 παρ’

757 740 898 794 tum?
916 741 1202 796 Anastasis
1235 752 1415 796 autem
1446 742 1767 811 respondit:
1797 743 1908 812 Ego
1933 743 2064 797 deos
2089 752 2146 797 et
2169 742 2320 804 deas,
2425 763 2436 795 ‹

2425 744 2604 796 αὐτῶν
2642 744 2868 796 ἐκείνων
2915 737 3004 796 οἷα
3037 741 3349 810 κακοῦργον
3387 740 3780 808 ἀναίρεθέντα;
3820 738 3944 789 Καὶ
3993 737 4031 802 ὴ

751 847 891 900 quos
921 841 978 885 tu
1008 831 1164 896 dicis,
1199 831 1444 887 colebam
1493 833 1823 902 aliquando;
1875 849 2018 888 nunc
2069 849 2199 888 vero
2236 849 2321 888 re—

2439 835 2803 889 ’Δναστασία·
2854 836 2994 903 Ἐγὼ
3029 835 3188 896 θεοὺς
3226 831 3321 892 οὓς
3347 831 3524 898 λέγεις
3546 830 3706 890 αὐτὸς
3735 829 3835 882 καὶ
3881 827 4035 889 θεὰς

751 922 913 977 ιιιίοιιὶ
948 935 1200 993 suscepta
1229 926 1524 988 sententia,
1561 940 1658 979 eos
1691 925 1912 994 quidem
1947 928 2016 982 ab
2055 928 2188 996 ipsis
2222 928 2324 980 im—
2426 947 2430 957 ί

2426 929 2574 998 ἥμην
2605 928 2737 980 ποτε
2769 927 3010 997 τιμῶσα,
3041 929 3206 997 ἡνίκα
3236 943 3325 994 μοι
3363 923 3631 994 ηπιῶδες
3651 922 3745 973 καὶ
3764 920 3827 972 τὸ
3865 935 4026 988 φρο-

751 1013 944 1072 ιιυείιίε
986 1013 1200 1068 araneis
1228 1023 1283 1068 et
1315 1014 1530 1079 avibus,
1561 1031 1684 1084 quae
1707 1032 1803 1070 eos
1835 1016 2147 1072 aﬂiciebant
2177 1020 2323 1087 inju-
2426 1039 2430 1051 ·

2426 1025 2537 1074 νεῖν
2569 1017 2667 1091 ἦν’
2715 1019 2810 1073 νῦν
2861 1020 2920 1074 et
2955 1018 3303 1089 βεϐαιοτέρου
3365 1017 3713 1086 φρονήματος
3747 1009 4036 1063 ἐπιλαϐο-

753 1105 849 1164 ria.
885 1115 939 1159 et
984 1121 1013 1159 a
1045 1107 1247 1164 muscis
1277 1121 1399 1176 qua:
1434 1109 1492 1161 in
1526 1108 1605 1162 eis
1640 1107 2000 1175 habitabant,
2045 1111 2321 1176 liberans.
2429 1138 2432 1179 ε

2429 1114 2588 1182 μένη,
2619 1112 2842 1175 τούτους
2876 1112 2975 1181 μὲν
2999 1113 3110 1164 τῶν
3141 1109 3506 1176 ἐπικειμένων
3523 1105 3720 1166 αὐτοὺς
3748 1099 4031 1174 ἀραχνῶν

753 1198 860 1263 igni
901 1197 1103 1251 tradidi
1141 1215 1152 1250 :
1189 1209 1244 1253 et
1295 1214 1423 1254 cum
1461 1200 1540 1254 sic
1566 1215 1662 1256 eos
1701 1202 2098 1258 convertissem
2125 1205 2179 1258 in
2223 1220 2319 1272 pe-
2427 1218 2432 1249 1

2427 1197 2652 1251 καὶτῶν
2685 1198 3082 1270 ἐξυϐριζόντων
3106 1200 3186 1260 εἰς
3219 1198 3417 1258 αὐτοὺς
3450 1196 3656 1261 ὀρνέων
3693 1191 3802 1244 τῶν
3863 1194 4027 1242 ένοι-

753 1288 967 1352 tunias,
993 1290 1128 1345 satia
1140 1291 1186 1344 vi
1224 1291 1518 1345 multorum
1543 1301 1762 1347 ventres
1783 1293 2109 1358 esurientes,
2128 1303 2183 1349 et
2204 1295 2326 1350 aliis
2429 1308 2432 1318 '

2429 1290 2672 1345 κούντων
2706 1308 2766 1344 τε
2818 1292 3003 1354 αὐτοῖς
3041 1291 3194 1360 μυῶν
3221 1288 3644 1341 ἁπαλλάττουσα
3675 1284 3810 1352 πυρὶ
3845 1281 4031 1335 δέδω-

757 1381 1044 1450 egeutibus
1067 1381 1275 1450 prmbui
1308 1383 1432 1439 vitae
1464 1384 1817 1440 adminicula.
1864 1384 2063 1455 Sicque
2099 1402 2166 1441 ea
2203 1402 2325 1455 qua:
2427 1401 2436 1436 :

2427 1401 2518 1447 κα,
2546 1385 2644 1436 καλ⁸
2694 1381 2870 1445 οὕτως
2910 1383 2989 1446 είς
3035 1383 3293 1452 χρήματα
3350 1378 3732 1449 μεταϐαλοῦσα
3789 1374 4028 1428 πολλῶν

756 1470 893 1523 nulli
921 1479 1082 1523 erant
1114 1471 1256 1533 usui,
1320 1471 1477 1526 eﬂeci
1514 1483 1570 1527 ut
1612 1489 1720 1527 non
1768 1484 1952 1530 essent
1986 1476 2183 1538 Otiosa,
2227 1477 2322 1530 sed
2425 1493 2435 1527 ι

2425 1475 2697 1536 πεινὼσας
2721 1476 2994 1544 γαστέρας
3020 1473 3376 1542 ἐμπέπληκα,
3403 1473 3494 1525 καὶ
3527 1469 3804 1538 δεομένοις
3823 1467 4026 1529 ἄλλοις

758 1559 916 1614 valde
946 1560 1118 1614 utilia.
1156 1561 1450 1617 Praefectus
1498 1572 1683 1618 autem
1730 1563 1911 1619 statim
1959 1581 2084 1620 cum
2131 1582 2323 1635 magna
2423 1585 2437 1617 ιι

2423 1569 2520 1630 τάς
2551 1566 2686 1636 πρὸς
2739 1565 2840 1636 ζῇν
2897 1565 3150 1634 ἀφορμάς
3190 1563 3489 1632 παρέσχον,
3544 1560 3717 1630 ταύτῃ
3769 1558 3840 1611 τά
3870 1556 4027 1626 πρὸς

760 1651 1058 1706 acerbitate
1095 1667 1106 1703 :
1141 1651 1207 1706 At
1236 1669 1357 1722 ego,
1393 1653 1590 1724 inquit,
1626 1671 1731 1711 non
1775 1658 1969 1726 patiar,
2013 1669 2071 1712 ut
2104 1658 2205 1712 hoc
2234 1676 2320 1714 sa-
2423 1675 2439 1710 ι

2423 1659 2577 1710 οὐδὲν
2631 1658 2903 1728 χρήσιμον
2963 1655 3323 1710 συντελοῦντα
3383 1654 3580 1724 ἐνεργὰ
3637 1652 3850 1721 σφόδρα
3916 1648 4025 1702 καὶ

763 1744 1026 1812 crilegum
1084 1745 1295 1800 facinus
1345 1763 1413 1800 ne
1453 1749 1678 1802 auribus
1730 1750 1952 1819 quidem
1998 1751 2317 1821 accipiatur.
2353 1769 2442 1821 η)

2353 1801 2394 1821 η
2425 1751 2659 1820 χρειώδη
2736 1749 2987 1817 γενέσθαι
3039 1748 3527 1818 παρασκευάσασα.
3580 1746 3688 1799 Καὶ
3713 1744 4020 1810 όὲπαρχος

762 1834 1063 1889 Subridens
1093 1852 1222 1892 vero
1253 1846 1497 1908 martyr:
1530 1839 1734 1910 ingenii
1767 1843 1841 1894 tui
1875 1857 2104 1897 acumen
2133 1844 2313 1896 admi-
2351 1833 2396 1859 ⁵³
2427 1860 2441 1894 ι

2351 1833 2396 1859 ⁵³
2427 1843 2624 1894 αὐτίκα
2663 1843 2802 1911 μετά
2833 1842 3036 1908 πολλῆς
3065 1843 3196 1908 ὅσης
3227 1841 3327 1908 τῆς
3361 1837 3690 1906 αὐστηρίας,
3739 1834 3886 1887 Ἀλλ’
3910 1833 4021 1902 οὐχ

766 1942 878 1992 ror,
935 1943 965 1981 ο
996 1927 1185 1998 judex,
1223 1932 1369 1998 quod
1417 1932 1558 1986 hanc
1607 1949 1722 1986 rem
1763 1951 1924 1989 voces
1953 1935 2322 2006 sacrilegium.
2429 1935 2445 1986 ί

2429 1933 2707 2002 ὑπομενῶ,
2772 1932 2897 2002 ἔφη,
2932 1934 3032 2002 τὴν
3094 1933 3370 2001 ίερόσυλον
3423 1929 3628 1998 ταύτην
3672 1927 3875 1995 πρᾶξιν
3897 1923 4019 1990 ἐγὼ

764 2020 820 2074 Si
858 2024 1004 2073 enim
1041 2020 1186 2075 ullus
1221 2037 1432 2086 sensus,
1465 2035 1558 2078 aut
1593 2025 1698 2078 ulla
1730 2027 1809 2078 vis
1838 2036 1984 2080 esset
2018 2031 2071 2079 ln
2102 2027 2186 2081 bis
2211 2031 2320 2081 ina-
2426 2045 2443 2078 ε

2426 2027 2547 2079 οὐδὲ
2582 2030 2691 2086 τοῖς
2717 2027 2855 2077 ὠσὶν
2894 2025 3147 2078 ἀκοῦσαι.
3175 2023 3506 2090 Μειδιάματι
3545 2021 3603 2074 δὲ
3632 2023 3662 2089 ἡ
3701 2020 3917 2088 μάρτυς
3939 2017 4017 2070 τὰ

764 2110 945 2174 nimis,
976 2111 1106 2180 quid
1145 2113 1404 2178 obstaret,
1427 2115 1719 2183 quominus
1743 2117 1870 2180 sibi,
1897 2118 2026 2172 dum
2059 2119 2323 2188 irangun-
2427 2138 2443 2187 )

2427 2119 2577 2188 χείλη
2619 2119 2998 2182 διακινήσασα.
3042 2117 3290 2184 ’Λγαμαί
3330 2133 3389 2168 σε
3421 2118 3520 2183 τῆς
3545 2113 3848 2183 ἀγχινοίας,
3875 2113 4015 2181 ἔφη.

765 2212 854 2255 tur
878 2213 933 2256 et
951 2204 1355 2272 convelluntur,
1379 2215 1434 2260 et
1455 2206 1559 2260 alia
1592 2208 1895 2276 patiuntur,
1916 2224 2073 2278 opem
2097 2208 2324 2276 ferrent,
2426 2205 2444 2263 ἰ

2426 2205 2471 2264 ὦ
2492 2211 2739 2275 suam,
2774 2212 2966 2278 ὅτιπερ
3001 2210 3312 2280 ἱεροσυλίαν
3340 2210 3401 2260 τὸ
3436 2210 3673 2278 πρᾶγμα
3699 2207 3917 2267 καλεῖς.
3947 2203 4018 2256 Ei

762 2305 819 2349 et
851 2310 948 2350 eos
998 2297 1090 2366 qui
1142 2297 1447 2364 insultant,
1503 2299 1915 2366 ulciscerentur,
1954 2312 2051 2356 aut
2084 2304 2325 2358 alienum
2427 2324 2441 2372 π

2427 2307 2536 2374 γάρ
2563 2321 2647 2368 τις
2680 2303 2936 2372 αἴσθησις
2963 2306 3022 2357 ἐν
3043 2305 3154 2364 τοῖς
3188 2301 3422 2370 ἀψύχοις
3468 2299 3680 2361 τούτοις
3708 2298 3740 2367 ἢ
3768 2297 4015 2363 δύναμις

765 2390 955 2443 saltem
982 2400 1036 2445 et
1060 2401 1305 2446 vestrum
1332 2401 1462 2446 tunc
1487 2391 1842 2461 implorarent
1860 2395 2153 2450 auxilium?
2172 2397 2330 2452 Nunc
2425 2392 2444 2451 ἱ

2327 2422 2330 2447 ι
2425 2392 2517 2467 ἦν,
2548 2397 2599 2450 τί
2625 2395 2833 2449 ἐκώλυε
2864 2393 3312 2463 κατακλωμένοις
3360 2393 3544 2453 αὑτοῖς
3571 2390 3666 2443 καὶ
3698 2403 4006 2442 κατασπω-

763 2489 946 2534 autem
982 2495 1049 2534 ne
1087 2481 1190 2537 hoc
1216 2480 1394 2552 ipsum
1421 2482 1641 2552 quidem
1670 2487 1851 2540 sciunt
1877 2499 2066 2557 aperte
2101 2504 2160 2542 se
2193 2490 2326 2560 pati.
2431 2507 2442 2560 ι

2431 2489 2616 2560 μένοις
2657 2490 2752 2542 καὶ
2781 2488 2950 2542 τάλλα
2982 2485 3340 2555 πάσχουσινῆ
3377 2486 3592 2546 ἑαυτοῖς
3640 2481 3859 2552 βοηθεῖν
3909 2479 4010 2533 καὶ

764 2571 1076 2628 Orationem
1094 2589 1221 2629 vero
1250 2575 1654 2646 interrumpens
1685 2579 1972 2647 praefectus
2003 2598 2017 2635 :
2048 2581 2331 2638 Divinissi-
2426 2598 2443 2632 ἰ

2426 2581 2554 2642 τοὺς
2577 2577 3050 2649 ἐμπαροινοῦντας
3080 2575 3413 2645 ἀμύνασθαι,
3446 2575 3478 2643 ἢ
3501 2573 3634 2640 γοῦν
3662 2574 3788 2634 τοὺς
3807 2572 4012 2632 ἄλλους

765 2679 906 2727 mus,
937 2663 1134 2734 inquit,
1160 2677 1347 2721 noster
1367 2670 1662 2736 imperator
1682 2671 1861 2739 jussit,
1889 2681 1947 2726 ut
1978 2673 2082 2727 alia
2105 2675 2326 2744 quidem
2430 2690 2444 2723 π

2430 2672 2644 2732 πάντως
2668 2670 2812 2738 ὑμᾶς
2833 2667 2970 2738 πρὸς
2992 2667 3205 2736 ἄμυναν
3238 2666 3376 2728 τέως
3407 2663 3806 2733 ἐπιϐοήσασθαι
3828 2679 3842 2726 ;
3867 2662 4013 2714 Νυνὶ

762 2754 1013 2823 juberem
1043 2758 1244 2823 valere,
1306 2758 1409 2812 hoc
1433 2770 1615 2813 autem
1640 2762 1816 2817 solum
1849 2761 2108 2831 facerem,
2131 2781 2328 2836 nempe
2426 2763 2441 2815 ἆ

2426 2763 2484 2816 δὲ
2514 2761 2623 2815 οὐδ’
2659 2761 2790 2814 αὐτὸ
2823 2759 2984 2813 τοῦτο
3017 2759 3304 2830 ἄντικρυς,
3340 2760 3421 2812 ὅτι
3453 2758 3775 2826 πάσχουσιν,
3799 2755 4008 2809 ἴσασιν.

770 2860 826 2902 ιιι
855 2849 940 2903 νει
972 2851 1360 2918 pcrsuadcrem
1408 2861 1467 2906 ut
1523 2854 1881 2921 sacriﬁcares,
1906 2866 2000 2912 aut
2028 2865 2084 2914 tu
2123 2859 2329 2930 alioqui
2442 2854 2449 2868 ¹

2442 2852 2714 2922 Ἐγκόψας
2746 2852 2803 2904 δὲ
2858 2852 2951 2904 τὸν
3003 2851 3162 2918 λόγον
3215 2852 3244 2902 ό
3307 2849 3570 2917 ἔπαρχος,
3637 2848 3700 2900 '0
3728 2846 4014 2908 θειότατος

769 2941 908 2996 male
937 2945 1164 3012 perires.
2430 2947 2448 2997 Ἰ

2430 2945 2586 3015 ἡμῶν
2616 2944 2886 3016 βασιλεὺς,
2921 2942 3048 3013 ἔφη,
3085 2942 3252 2998 τᾶλλα
3291 2943 3390 3012 μὲν
3436 2939 3651 3010 χαίρειν
3693 2941 3811 3010 έᾷν,
3841 2936 4013 2990 τοῦτο

2427 3035 2485 3091 δὲ
2522 3037 2680 3106 μόνον
2715 3037 2976 3105 πράττειν
3026 3034 3336 3099 ικέλευσεν,
3412 3033 3444 3103 ἢ
3485 3033 3647 3086 θῦσαι
3695 3033 3809 3094 τοῖς
3857 3031 4010 3095 θεοῖς

2357 3151 2400 3210 ο
2433 3130 2773 3195 πεισθεῖσαν,
2799 3128 2834 3198 ῆ
2875 3127 3064 3190 κακῶς
3095 3125 3419 3181 ἀπολέσθαι.

838 3213 1023 3270 XXVI.
1087 3216 1379 3284 Postquam
1424 3230 1557 3270 vero
1589 3217 1723 3270 dixit
1769 3229 1995 3287 martyr,
2043 3232 2154 3271 non
2207 3232 2329 3272 esse
2501 3224 2517 3275 Ι

2501 3224 2649 3288 κεῖν.
2684 3220 2840 3275 Ἐπεὶ
2863 3221 2919 3274 δὲ
2949 3221 2984 3290 ή
3017 3220 3251 3291 μάρτυς,
3296 3220 3412 3272 Οὐκ
3442 3220 3593 3276 ἐστιν
3620 3217 3922 3290 ἀπολέσθαι
3950 3217 4012 3270 τὺ

771 3307 969 3374 perire,
1001 3308 1138 3362 mori
1180 3319 1399 3377 propter
1442 3309 1741 3373 Christum,
1792 3309 1886 3364 sed
1930 3311 2097 3365 vitam
2149 3311 2330 3380 potius
2429 3315 2450 3368 ὃ

2429 3315 2517 3368 διά
2566 3313 2800 3384 Χριστὸν
2829 3314 3145 3379 ἀποθανεῖν,
3200 3311 3411 3380 ιλεγεν,
3461 3311 3603 3363 άλλά
3629 3313 3774 3380 ζωῆς
3807 3310 4012 3376 μᾶλλον

773 3408 1032 3452 αξιοι-ηοω
1085 3399 1314 3454 ﬁrmiter
1365 3400 1781 3469 apprehendere
1824 3418 1840 3455 ι
1881 3417 2004 3455 cum
2043 3403 2334 3472 praefectus
2432 3423 2452 3461 α

2332 3441 2334 3450 ι
2432 3408 2652 3461 αίωνίου
2712 3405 2948 3476 βεϐαίως
3001 3402 3413 3467 ἀντιλαϐέσθαι,
3460 3401 3692 3462 πολλοὺς
3724 3405 3818 3454 καὶ
3847 3397 4011 3464 αὖθις

773 3505 964 3544 rursus
997 3491 1258 3547 movisset
1283 3492 1452 3545 multa
1497 3494 1789 3546 verborum
1820 3495 2092 3559 examina,
2128 3495 2333 3551 multos
2433 3518 2452 3553 ι

2330 3530 2333 3544 ι
2433 3500 2664 3569 κινήσας
2707 3499 2736 3552 ό
2789 3498 2974 3567 ἄρχων
3011 3497 3190 3563 λόγων
3228 3495 3453 3564 ισμοῦς,
3487 3493 3700 3546 πολλῶν
3726 3493 3786 3546 δὲ
3824 3492 4009 3560 φόϐων

773 3590 956 3635 autem
995 3592 1170 3638 metus
1197 3592 1359 3652 atque
1392 3584 1530 3638 adeo
1553 3583 1723 3652 ipsam
1748 3594 1978 3639 mortem
2003 3586 2053 3640 ei
2083 3587 2324 3657 redegis—
2433 3609 2452 3645 ι

2433 3592 2527 3645 καὶ
2548 3588 2718 3643 αὑτοῦ
2743 3589 3065 3658 ὑπομνήσας
3089 3586 3350 3651 θανάτου,
3386 3587 3512 3638 επεὶ
3554 3586 3776 3639 πάντων
3810 3586 4007 3654 έπίσης

773 3684 857 3727 set
909 3674 962 3726 in
1013 3675 1351 3737 memoriam,
1404 3673 1496 3728 ubi
1529 3674 1665 3727 vidit
1695 3689 1814 3728 eam
1844 3677 2028 3730 omnia
2073 3693 2141 3730 ex
2169 3692 2327 3748 atquo
2435 3685 2452 3737 ἐ

2435 3684 2580 3754 ἑώρα
2615 3679 3032 3748 καταγελῶσαν,
3080 3679 3343 3747 ἀναφέρει
3379 3678 3477 3731 καὶ
3511 3674 3668 3738 αὖθις
3719 3675 3902 3728 πάντα
3931 3675 4009 3744 τῷ

774 3765 1072 3832 ridentem,
1123 3765 1305 3820 omnia
1360 3781 1551 3820 rursus
1601 3765 1768 3821 refert
1816 3767 1883 3820 ad
1919 3767 2330 3836 imperatorem.
2438 3775 2453 3844 ε

2438 3775 2668 3844 βασιλεῖ·
2698 3773 2784 3843 ἐφ’
2805 3768 2889 3835 οἷς
2918 3771 3132 3824 ἐκείνου
3169 3767 3372 3837 μᾶλλον
3412 3771 3492 3832 εἰς
3529 3766 3702 3838 ὀργὴν
3737 3767 4009 3835 ὑποκινή-

775 3858 1003 3928 Propter
1037 3874 1158 3927 qua:
1184 3873 1307 3913 cum
1341 3859 1429 3912 ille
1461 3857 1655 3912 fuisset
1682 3860 1853 3930 magis
1884 3860 1949 3914 ad
1975 3862 2113 3914 iram
2142 3864 2334 3918 incita-
2437 3870 2454 3922 ε

2327 3894 2334 3906 ι
2437 3870 2648 3930 θέντος,
2678 3865 2772 3919 καὶ
2802 3864 2853 3917 τί
2891 3862 3001 3915 δέοι
3022 3863 3287 3930 πράττειν
3317 3860 3404 3912 έπ⁹
3435 3861 3575 3928 αὐτῇ
3601 3858 4006 3925 διασκεπτομέ-

776 3963 884 4012 tus,
917 3959 971 4004 et
993 3951 1250 4020 quidnam
1279 3951 1345 4005 de
1371 3968 1435 4006 ea
1476 3960 1758 4021 oporteret
1810 3955 1950 4017 ﬁeri.
1988 3954 2335 4022 deliberaret,
2436 3976 2455 4012 ι

2326 4000 2335 4021 ,
2436 3976 2550 4022 νου,
2583 3955 2836 4025 πρόσεισί
2883 3972 2966 4017 τις
3006 3954 3115 4007 τῶν
3166 3952 3438 4004 συνόντων
3477 3949 3572 4002 καὶ
3606 3948 3932 4020 χαρίζεσθαί
3956 3951 4005 4001 oi

777 4043 989 4100 accedit
1017 4043 1216 4111 aliquis
1242 4059 1306 4096 ex
1340 4043 1407 4098 iis
1422 4044 1518 4114 qui
1544 4060 1671 4099 cum
1703 4060 1769 4100 eo
1797 4048 2180 4112 versabantur,
2206 4059 2264 4104 et
2285 4051 2336 4106 ei
2435 4048 2456 4099 ὃ

2332 4051 2336 4106 i
2435 4048 2522 4100 διά
2549 4045 2787 4114 σπουδῆς
2813 4042 3136 4111 τιθεμένων,
3171 4041 3290 4105 καὶ,
3324 4039 3618 4102 Κέλευσον,
3646 4027 3896 4107 malm?»
3917 4036 4011 4107 βα-

777 4135 1000 4189 studeba
1031 4143 1067 4186 .t
1103 4132 1417 4203 gratificari,
1441 4144 1534 4188 et:
1567 4135 1727 4201 Jube,
1753 4137 2000 4205 inquit,o
2025 4140 2338 4208 imperator,
2441 4157 2456 4192 ι

2332 4182 2338 4205 ,
2441 4137 2614 4204 σιλεῦ,
2643 4135 2934 4204 Οὐλπιανῷ
2979 4116 3188 4202 ταύτην
3237 4133 3316 4203 τῷ
3346 4133 3596 4201 ἀρχιερεῖ
3623 4129 3719 4183 τοῦ
3765 4145 4011 4182 καπιτω-

778 4241 896 4278 eam
931 4227 1067 4278 tradi
1105 4224 1332 4292 Ulpiano
1366 4223 1610 4294 pontiﬁci
1641 4225 1916 4296 Capitolii.
1959 4229 2023 4283 Ei
2068 4232 2215 4284 enim
2253 4233 2338 4286 vel
2440 4232 2457 4282 i

2330 4233 2338 4286 Ι
2440 4231 2555 4283 λίου
2579 4228 2974 4300 παραδοθῆναι.
2998 4226 3191 4294 Τούτῳ
3213 4226 3322 4294 γάρ
3348 4226 3439 4276 καὶ
3466 4223 3702 4291 μάλιστα
3720 4220 3796 4285 ὡς
3827 4223 4009 4291 ἀρχιε.

779 4318 1016 4370 maxime
1047 4331 1191 4369 cura:
1216 4317 1343 4379 erit,
1371 4327 1430 4369 ut
1457 4318 1549 4385 qui
1582 4317 1650 4370 sit
1691 4317 1918 4372 deorum
1969 4321 2205 4387 pontilex
2227 4361 2242 4384 ,
2281 4333 2336 4374 et
2445 4342 2458 4394 ι

2332 4360 2336 4374 .
2445 4327 2527 4394 ρεῖ
2559 4324 2666 4375 τῶν
2695 4319 2834 4374 θεῶν
2874 4318 3124 4389 μελήσει,
3158 4318 3253 4370 καὶ
3282 4317 3316 4386 ή
3359 4315 3544 4368 πείσει
3569 4315 3812 4377 πάντως,
3849 4314 3881 4382 ἢ
3922 4330 4011 4365 πιο

779 4408 864 4462 vel
906 4409 1131 4462 omnino
1163 4407 1541 4476 persuadebit,
1573 4408 1658 4462 vel
1705 4409 2055 4463 acerbissime
2105 4413 2341 4479 puniens
2444 4431 2458 4466 ι

2332 4429 2341 4464 ι
2444 4413 2685 4483 κρότατα
2709 4409 3122 4482 τιμωρούμενος
3147 4409 3464 4477 ἀναιρήσει,
3495 4405 3594 4476 τὴν
3621 4405 3681 4458 δέ
3707 4421 3770 4472 γε
3797 4421 4011 4474 περιου·

784 4499 936 4553 tollet
966 4499 1034 4552 de
1062 4499 1277 4561 medio;
1325 4514 1516 4553 omnes
1566 4512 1747 4555 autem
1794 4503 1913 4571 ejus
1959 4501 2264 4568 facultates,
2297 4491 2412 4558 siC
2451 4523 2463 4557 <

2329 4504 2341 4556 i
2368 4491 2412 4554 C
2451 4506 2575 4558 σίαν
2599 4503 2770 4572 αὐτῆς
2801 4504 3006 4562 πᾶσαν,
3041 4501 3094 4554 εῖ
3123 4515 3206 4562 τις
3244 4499 3354 4569 ἄρα
3385 4501 3479 4552 καὶ
3504 4497 3910 4560 ὑπολέλειπται,
3934 4496 4008 4564 τῷ

784 4589 948 4644 modo
998 4589 1107 4643 sint
1140 4588 1261 4643 ullae
1291 4591 1535 4659 reliquae,
1585 4592 1856 4646 dedicabit
1891 4591 2180 4662 Capitolio.
2218 4596 2342 4649 Pla-
2453 4613 2463 4646 ι

2326 4626 2342 4638 -
2453 4595 2770 4662 καπιτωλίῳ
2819 4593 3110 4660 ἀνάθηται.
3169 4590 3412 4661 Ἥρεσκε
3463 4588 3637 4643 ταῦτα
3663 4588 3740 4658 τῷ
3779 4587 4005 4658 βασιλεῖ,

783 4697 1016 4744 cuerunt
1043 4688 1158 4742 hac
1197 4688 1531 4758 imperatori,
1593 4700 1649 4745 ct
1680 4704 1842 4760 prout
1875 4690 2050 4746 fuerat
2085 4693 2343 4756 monitus,
2453 4704 2462 4740 1

2328 4731 2343 4756 ,
2453 4689 2548 4741 καὶ
2577 4686 2718 4740 κατά
2742 4688 2838 4747 τάς
2866 4685 3150 4753 ὑποθήκας
3203 4680 3505 4736 Οὐλπιανὸν
3542 4681 3776 4742 καλέσας
3807 4679 4001 4746 ταύτην

787 4779 1049 4833 accersito
1082 4779 1333 4846 Ulpianu,
1364 4795 1482 4834 eam
1507 4783 1556 4834 ci
1602 4781 1788 4836 tradit.
1818 4782 1911 4835 llle
1954 4797 2082 4836 vero
2133 4781 2344 4837 faciens
2453 4798 2466 4834 ι

2323 4799 2344 4837 s
2453 4777 2602 4848 αὺτῷ
2631 4777 3017 4849 παραδίδωσιν.
3067 4777 3125 4828 '0
3156 4774 3210 4828 δὴ
3240 4777 3336 4842 τῆς
3373 4773 3637 4843 βασιλέως
3668 4771 4002 4841 τραχύτητος

788 4873 1064 4924 diversum
1114 4869 1183 4924 ab
1229 4871 1525 4938 asperitate
1572 4871 1917 4939 imperatoris
1953 4913 1967 4938 ,
1997 4882 2118 4926 astu
2161 4886 2344 4928 autem
2453 4888 2467 4919 η

2332 4891 2344 4926 ι
2453 4870 2765 4923 τούναντίον
2809 4868 3003 4934 ποιῶν,
3034 4869 3296 4936 δεινότητι
3341 4869 3397 4919 δὲ
3434 4865 3635 4934 μᾶλλον
3663 4865 4011 4936 περιέσεσθαι

791 4964 971 5032 potius
1014 4976 1070 5016 se
1108 4976 1229 5016 eam
1281 4976 1401 5016 esse
1437 4973 1849 5032 superaturum,
1883 4976 1938 5017 et
1965 4963 2016 5019 ei
2048 4980 2337 5034 persuasu-
2457 4982 2470 5015 ι

2332 4994 2337 5005 ι
2457 4965 2550 5015 καὶ
2580 4964 2766 5016 πεῖσαι
2819 4962 3038 5031 θαρρῶν
3079 4961 3174 5013 σὺν
3201 4961 3336 5028 τιμῇ
3386 4959 3588 5027 ταύτην
3617 4962 3696 5020 είς
3727 4957 3822 5009 τὸν
3853 4954 4011 5007 αὐτο]

789 5068 910 5106 rum
945 5050 1243 5114 conlidens,
1280 5067 1399 5105 eam
1444 5052 1741 5108 honoriuce
1771 5052 1992 5107 abducit
2023 5053 2077 5105 in
2124 5054 2344 5106 domum
2456 5069 2468 5102 ι

1180 5066 1243 5114 IS,
1280 5067 1399 5105 eam
1444 5052 1741 5108 honoriuce
1771 5052 1992 5107 abducit
2023 5053 2077 5105 in
2124 5054 2344 5106 domum
2456 5047 2604 5103 οἷκον
2629 5050 2859 5116 ἀπάγει.

794 5159 970 5197 suam.

864 5230 1075 5286 XXVII.
1111 5232 1178 5286 Et
1212 5232 1445 5301 primum
1477 5231 1696 5301 quidem
1730 5235 1914 5287 nmltis
1947 5235 2122 5302 iisque
2156 5235 2348 5303 proba-
2528 5237 2543 5288 1

2329 5263 2348 5272 -
2528 5232 2654 5288 KZ'.
2681 5232 2787 5284 Καὶ
2822 5232 3014 5301 πρῶτα
3051 5228 3148 5298 μὲν
3181 5228 3394 5289 πολλοῖς
3433 5226 3527 5279 καὶ
3573 5225 3814 5290 πιθανοῖς
3844 5225 4007 5293 λόγοις

791 5324 995 5379 bilibus
1026 5324 1205 5379 verbis
1229 5363 1244 5388 ,
1294 5340 1389 5394 [er
1423 5325 1672 5378 auditum
1707 5325 2110 5394 quodammodo
2166 5326 2351 5379 infuu-
2458 5328 2470 5379 ί

2328 5357 2351 5366 -
2458 5328 2543 5380 διὰ
2569 5326 2665 5395 τῆς
2695 5325 2861 5393 ἀκοῆς
2884 5321 3071 5390 ὥσπερ
3102 5321 3394 5389 κατασχεῖν
3414 5319 3740 5384 ἐφιλονείκει
3770 5318 3833 5370 τὸ
3859 5318 4007 5386 δηλη-

791 5417 923 5470 οίοτο
954 5430 1222 5469 venenum
1251 5413 1632 5469 coiitendebat.
1658 5414 1861 5469 Deinde
1888 5415 2049 5469 etiam
2076 5431 2170 5484 per
2194 5432 2350 5485 aspc-
2458 5436 2470 5469 ι

2326 5448 2350 5457 -
2458 5420 2678 5487 τήριον·
2715 5409 2836 5468 εἶτα
2879 5413 2973 5465 καὶ
3004 5412 3071 5465 δι’
3123 5411 3303 5480 ὅψεως
3351 5410 3452 5479 τὴν
3507 5411 3724 5478 ἀπάτην
3775 5409 4003 5479 προσῆγε

795 5519 939 5560 ctum
970 5506 1219 5562 adhibuit
1255 5505 1630 5575 deceptionem
1654 5546 1668 5568 ,
1697 5507 1850 5560 valde
1882 5507 2122 5573 improbe
2153 5521 2205 5560 et
2241 5524 2350 5560 ma-
2462 5529 2474 5562 <

2329 5538 2350 5548 -
2462 5510 2662 5577 σφόδρα
2697 5505 3037 5573 κακοτέχνως
3083 5504 3149 5556 τά
3197 5501 3414 5555 ἐναντία
3442 5503 3552 5563 τοῖς
3583 5501 3844 5562 ἐναντίοις
3873 5500 4003 5552 ἀντι-

796 5599 974 5654 litiose
1006 5615 1284 5668 opponens
1313 5601 1583 5652 contraria
1609 5600 1931 5652 contrariis:
1971 5601 2096 5652 hinc
2129 5600 2349 5668 quidem
2462 5623 2475 5653 -ι

2324 5617 2349 5652 ιι
2462 5602 2658 5664 τιθείς·
2696 5599 2846 5651 ἐνθεν
2884 5601 2982 5668 μὲν
3009 5597 3352 5663 γυναικείους
3373 5595 3613 5664 κόσμους
3651 5590 4003 5654 εύανθεῖςκαὶ

798 5691 1036 5746 mundos
1072 5692 1366 5746 muliebres
1400 5690 1708 5744 luculentus
1756 5700 1810 5743 et
1859 5703 2227 5760 sumptuosos,
2287 5691 2353 5743 il-
2463 5706 2477 5738 ι

2332 5719 2353 5728 -
2463 5687 2797 5749 πολυτελεῖς,
2832 5683 3042 5736 ἐκεῖθεν
3065 5683 3119 5737 δὲ
3142 5680 3462 5735 παντοδαπά
3490 5679 3806 5751 στρεϐλωτή
3817 5695 3907 5747 ρια
3927 5680 4006 5734 καὶ

800 5785 908 5841 linc
961 5795 1141 5840 autem
1189 5799 1347 5840 omne
1393 5799 1565 5855 genus
1620 5791 1926 5849 tormenta;
1985 5785 2108 5838 hinc
2144 5783 2352 5853 lapides
2465 5799 2479 5832 ι

2329 5799 2352 5839 s
2465 5781 2720 5832 ποικίλων
2771 5778 2978 5849 ὄργανα
3040 5770 3508 5844 βασανισίιςτλρίιιὸειοΓ
3539 5769 3691 5826 ενθεν
3730 5769 3911 5834 λίθους
3938 5787 4008 5823 τι-
