4252 6440
263 415 369 475 597
1054 416 1527 475 MARTYRIUM
1572 416 1632 472 S.
1670 414 1942 473 ANASTi

1054 416 1527 475 MARTYRIUM
1572 416 1632 472 S.
1670 414 2125 475 ANASTASIE
2163 417 2259 474 ΕΤ
2300 418 2714 477 δυαιΑιιϋΜ.

3405 422 3508 485 598

269 525 424 593 μίους
480 524 575 577 καὶ
622 524 817 594 χάριεν
845 525 1086 595 ἀτεχνῶς
1133 527 1584 595 ἀπολάμποντας,
1640 526 1848 577 ἐκεῖθεν
1877 529 1921 584 Α

1830 547 1848 573 1
1877 529 1921 584 Α
1953 529 2222 595 pretiosos
2247 537 2302 582 et
2333 539 2490 599 grato
2515 530 2692 584 nitore
2718 530 3148 600 resplendentes,
3179 534 3328 589 illinc
3348 549 3509 589 enses

264 616 394 688 ξίφη
435 617 706 688 φρικῶδες
741 619 833 670 καὶ
861 618 1100 688 φοϐερον
1146 620 1569 679 ἀποστίλϐοντα.
1602 618 1841 671 ἐνταῦθα

1831 636 1841 670 ι
1949 621 2214 674 micantes
2254 622 2635 686 liorriblliter;
2671 623 2800 677 hinc
2828 624 3049 691 quidem
3088 627 3257 681 lectos
3283 639 3510 698 argento

264 708 365 776 μιν
399 707 584 769 κλίνας
616 709 1038 777 ἀργυρηλάτους
1076 711 1172 765 καὶ
1207 711 1495 783 στρώμασι
1529 710 1861 779 φιλοκάλοις

1826 729 1861 772 ςν
1947 711 2296 775 incrustatos,
2323 722 2376 767 et
2410 715 2664 782 stragulis
2690 716 3031 784 elegantibus
3057 726 3279 773 ornatos
3304 759 3317 783 ,
3356 720 3505 774 illinc

262 799 709 867 κεκοσμημένας,
729 798 941 851 ἐκεῖθεν
966 799 1023 851 δὲ
1051 800 1268 863 κλοιοὺς
1293 803 1386 853 καὶ
1405 801 1582 870 δεσμά
1601 802 1840 870 κακούρ-

263 906 377 956 γων
429 891 521 943 καὶ
569 890 814 959 χαλεπὰς
866 892 1162 960 μάστιγας.
1226 891 1289 944 Τί
1319 893 1384 963 δὴ
1410 891 1583 947 ταῦτα
1611 893 1780 946 ποιῶν
1815 894 1842 944 ὁ

261 981 436 1043 δεινὸς
459 984 553 1035 καὶ
581 983 674 1035 διὰ
705 985 758 1035 τί
780 987 895 1047 τοῖς
925 986 1183 1054 χρηστοῖς
1217 986 1512 1039 συνάπτων
1544 986 1613 1038 τά
1643 986 1839 1055 δυσχε-

265 1072 374 1143 ρῆς
411 1074 478 1127 ἶν’
518 1074 552 1144 ἢ
592 1077 706 1139 τοῖς
741 1076 987 1145 φαιδροῖς
1037 1078 1394 1147 ἐπαγάγηται
1448 1076 1481 1147 ἢ
1520 1076 1843 1146 καταπλήξῃ

260 1168 380 1229 τοῖς
438 1165 712 1235 φοᾶεροῖς.
776 1167 918 1219 Ἀλλ’
956 1168 1229 1237 ἐψεύσατο
1286 1171 1319 1240 ἡ
1378 1169 1565 1223 ἀδικία
1619 1168 1841 1240 ἑαυτὴν,

264 1258 412 1311 κατὰ
442 1258 536 1310 τὸν
566 1258 713 1311 θεῖον
740 1258 908 1325 φάναι
939 1259 1129 1324 Δαυῖδ,
1163 1262 1257 1314 καὶ
1287 1262 1366 1323 είς
1390 1260 1542 1313 οὐδὲν
1567 1260 1738 1313 ταῦτα
1774 1264 1841 1331 τῇ

267 1348 509 1417 μάρτυρι
539 1347 923 1418 ἐλογίσθησαν.
974 1350 1112 1419 Φησὶ
1161 1352 1271 1420 γάρ
1307 1351 1446 1421 μετά
1500 1353 1844 1420 φρονήματος

263 1440 554 1511 ἐλευθέρου
579 1443 676 1494 καὶ
696 1441 922 1494 συνετοῦ
946 1445 1368 1513 καταστήματος
1388 1460 1400 1473 °
1442 1444 1564 1496 Ἐπὶ
1590 1444 1649 1496 σε
1675 1446 1843 1497 ταῦτα

264 1534 467 1596 πάντα,
498 1532 734 1599 διάδολε,
760 1535 855 1587 καὶ
884 1536 967 1587 σοὶ
998 1534 1242 1588 εστωσαν
1276 1535 1423 1605 μόνῳ
1447 1554 1459 1567 ·
1505 1536 1701 1603 ὅτιπερ
1742 1538 1838 1589 σὺν

262 1625 449 1685 αὐτοῖς
482 1627 549 1693 τῇ
582 1624 833 1695 ἀπωλείᾳ.
866 1624 1241 1696 παραδοθήσῃ.
1264 1625 1325 1678 El
1354 1625 1410 1678 δὲ
1440 1625 1536 1679 καὶ
1562 1628 1842 1694 μαστίγων

264 1716 324 1764 ἐν
359 1713 522 1782 πείρᾳ
564 1730 629 1781 με
684 1714 938 1779 γενέσθαι
994 1713 1441 1784 παρασκευάσας
1482 1717 1575 1766 καὶ
1609 1718 1723 1790 τοῖς
1758 1717 1843 1769 δε-

266 1806 426 1874 σμοῖς
466 1803 682 1867 τούτοις
736 1804 833 1857 καὶ
880 1806 993 1867 τοῖς
1054 1805 1258 1869 κλοιοῖς
1296 1806 1549 1876 βαρυνεῖς
1586 1806 1679 1861 τὸν
1710 1810 1841 1879 ἐμὸν

260 1896 491 1965 αὐχένα,
525 1897 646 1948 τότε
675 1896 737 1965 δὴ
772 1898 866 1950 καὶ
899 1897 1102 1965 μᾶλλον
1141 1897 1215 1961 ὡς
1248 1898 1453 1968 κόσμον
1506 1901 1627 1953 τινὰ
1668 1902 1837 1954 ἐπαυ-

260 1987 441 2056 χένιον
470 1986 562 2037 τὸν
585 1986 738 2053 παρὰ
773 1984 865 2038 σοῦ
894 1986 1071 2039 κλοιὸν
1094 1988 1339 2057 φέρουσα
1370 1991 1577 2060 ἀρεστὴ
1601 1992 1695 2045 καὶ
1720 1995 1841 2045 ἑπε-

269 2093 434 2146 χαρις
456 2074 531 2145 τῷ
564 2076 786 2145 Χριστῷ
813 2075 1090 2145 φανοῦμαι
1118 2094 1130 2107 ·
1181 2079 1264 2129 ὅτι
1299 2078 1463 2143 αὐτός
1497 2083 1613 2134 ἐστι
1652 2084 1840 2154 Σωτήρ

275 2184 382 2235 μου
432 2170 526 2220 καὶ
576 2168 930 2237 άντιλήπτωρ
958 2185 1057 2238 μου
1090 2169 1183 2225 καὶ
1230 2169 1320 2222 ἐπ’
1351 2170 1501 2241 αὐτῷ
1531 2172 1759 2242 ἧλπισεν
1808 2178 1840 2244 ἡ

261 2254 465 2322 καρδία
504 2270 629 2324 μου.

338 2345 475 2399 κη’.
502 2346 611 2414 Τῆς
637 2339 728 2398 οὖν
757 2346 1177 2417 μεγαλοψυχίας
1227 2348 1525 2418 ἐκπλαγεὶς
1564 2351 1661 2422 τὴν
1699 2355 1841 2426 μάρ-

260 2456 405 2509 τυρα
435 2441 463 2492 ὀ
492 2438 791 2501 Οὐλπιανὸς
819 2443 914 2492 καὶ.
944 2444 1119 2511 χρόνῳ
1159 2444 1397 2512 μαλάξαι
1431 2444 1531 2513 τὴν
1562 2446 1842 2500 ἀνένδοτον

262 2531 475 2601 οἰηθεὶς
504 2531 585 2593 είς
610 2531 800 2603 τρίτην
828 2533 1041 2602 ἡμέραν
1064 2534 1437 2588 ἀναϐαλέσθαι
1463 2538 1533 2589 τὰ
1561 2537 1691 2605 περὶ
1728 2540 1842 2591 αύ-

263 2625 365 2693 τῆς
393 2623 769 2677 διεσκέπτετο.
808 2623 873 2675 'H
894 2624 952 2677 δὲ
984 2625 1119 2695 πρὸς
1150 2626 1311 2679 αὐτὸν
1341 2630 1407 2695 τῇ
1432 2628 1687 2700 διατριϐῇ
1716 2630 1843 2683 δυσ-

265 2715 633 2785 χεραίνουσα·
690 2716 827 2786 Ἤδη
867 2734 957 2785 μοι
1010 2720 1108 2781 τὰς
1147 2721 1299 2789 τρεῖς
1362 2721 1566 2784 ταύτας
1628 2723 1841 2793 ἡμέρας

269 2806 462 2875 νόμιζε
488 2805 777 2875 παρελθεῖν
806 2811 901 2859 καὶ
925 2809 1035 2870 τοῖς
1070 2812 1220 2879 ἐμοῖς
1252 2810 1429 2877 λόγοις
1458 2811 1728 2883 πρόσσχες
1750 2818 1844 2866 τὸν

266 2898 421 2952 νοῦν.
463 2899 596 2951 Ἰδοὺ
633 2899 744 2968 γάρ
774 2899 841 2952 τά
880 2900 1017 2952 αὐτά
1049 2917 1132 2953 σοι
1167 2902 1262 2954 καὶ
1296 2902 1390 2955 νῦν
1425 2904 1560 2971 ἐρῶ,
1601 2904 1745 2975 άπερ
1778 2905 1843 2957 ἂν

266 2990 414 3042 είπω
438 2992 528 3040 xxi
559 2990 694 3057 μετά
721 2990 820 3057 τὴν
842 2989 1146 3058 διάσκεψιν,
1188 2992 1272 3044 ὅτι
1321 2994 1435 3055 τοῖς
1476 2991 1617 3055 θεοῖς
1666 3010 1759 3046 σου
1782 2993 1843 3046 οὐ

268 3079 521 3141 λατρεύω
549 3080 642 3132 καὶ
675 3078 749 3149 τῷ
787 3079 863 3148 σῷ
895 3078 1165 3150 θελήματι
1198 3083 1290 3134 καὶ
1339 3082 1417 3151 τῷ
1445 3081 1540 3136 τοῦ
1569 3082 1843 3151 αὐτοκρά-

1946 814 2128 858 autem
2173 805 2397 858 collaria
2440 815 2495 859 et
2546 808 2760 860 vincula
2812 806 3204 871 maleﬁcorum,
3238 817 3292 864 et
3318 812 3503 879 gravia

1949 895 2179 966 uagi-lla.
2221 895 2331 950 Cur
2358 913 2489 951 vero
2521 898 2623 951 hoc
2659 897 2895 953 faciebat
2934 901 3017 951 vir
3068 900 3156 953 ille
3189 900 3421 955 callidus
3454 913 3501 955 ct

1945 996 2179 1049 astutus,
2214 998 2268 1041 et
2310 1004 2410 1041 cur
2436 1005 2558 1043 cum
2609 992 2860 1058 benignis
2905 992 3269 1060 conjungebat
3312 992 3506 1047 acerba

1942 1090 1998 1133 et
2028 1082 2295 1135 molesta?
2319 1080 2387 1135 Ut
2414 1082 2493 1134 vel
2531 1083 2695 1135 rebus
2738 1082 2880 1137 ltetis
2920 1084 3147 1137 illiceret
3174 1123 3187 1144 ,
3217 1084 3301 1137 vel
3334 1092 3510 1138 terro-

1945 1186 2059 1223 rem
2086 1171 2306 1224 aﬂerret
2337 1171 2497 1224 rebus
2521 1173 2877 1226 terribilibus.
2912 1172 3015 1226 Sed
3049 1173 3282 1241 scipsam
3312 1173 3511 1228 fefellit

1946 1260 2235 1328 iniustitia,
2272 1270 2329 1313 ut
2381 1261 2515 1315 dicit
2572 1262 2795 1315 divinus
2847 1262 3015 1316 David
3044 1263 3086 1325 ³,
3118 1273 3173 1318 et
3224 1264 3341 1317 hac
3384 1275 3511 1317 sunt

1947 1366 2044 1411 pro
2080 1350 2256 1403 nihilo
2287 1364 2537 1421 rvputata
2570 1368 2597 1404 a
2634 1363 2887 1423 martyre.
2914 1354 3057 1407 Dicit
3090 1356 3258 1415 enim,
3302 1354 3502 1421 libera-

1945 1438 2051 1491 lem
2076 1454 2185 1506 pra:
2205 1453 2261 1492 se
2285 1439 2463 1495 Ierens
2491 1443 2765 1509 spiritum,
2789 1458 3120 1511 gravemque
3141 1453 3195 1496 et
3222 1428 3515 1497 honestum

1948 1530 2195 1584 habitum
2227 1549 2239 1584 :
2278 1532 2336 1586 ln
2386 1543 2435 1585 te
2486 1532 2603 1587 haec
2645 1533 2824 1587 omnia
2851 1574 2863 1593 ,
2900 1534 3138 1595 diabole,
3172 1547 3227 1589 et
3264 1535 3362 1588 tibi
3401 1534 3512 1588 sint

1948 1619 2047 1672 soli
2078 1634 2092 1669 :
2133 1619 2391 1687 quoniam
2428 1637 2551 1675 cum
2583 1623 2662 1676 cis
2696 1623 2926 1678 traderis
2960 1624 3027 1677 ad
3070 1624 3379 1677 interitum.
3409 1624 3505 1679 Sin

1944 1721 2129 1766 autem
2163 1712 2386 1775 ellicies,
2432 1725 2490 1766 ut
2516 1714 2855 1784 ﬂagellorum
2892 1732 3110 1785 quoque
3141 1716 3334 1769 Iaciam
3367 1719 3510 1785 peri—

1944 1803 2149 1866 culum,
2173 1813 2229 1857 et
2252 1803 2338 1857 his
2363 1806 2595 1858 vinculis
2624 1817 2679 1859 et
2708 1807 3004 1860 collaribus
3026 1808 3275 1876 gravabis
3308 1808 3507 1862 collum

1947 1910 2153 1958 meum,
2186 1908 2313 1950 tunc
2345 1906 2600 1965 tanquam
2649 1898 2867 1967 aliquod
2921 1901 3046 1953 colli
3095 1912 3509 1965 ornamentum,

1945 1989 2093 2057 quod
2127 1988 2258 2041 mihi
2291 1991 2558 2057 impones,
2594 1991 2793 2045 collare
2822 2004 3040 2061 geStans
3061 2034 3074 2057 ,
3105 1994 3321 2048 Christo
3347 2009 3511 2063 appa-

1947 2081 2077 2134 rebo
2108 2086 2312 2149 gratior
2342 2091 2396 2134 et
2426 2083 2711 2135 venustior
2743 2100 2757 2137 :
2786 2084 3042 2152 quoniam
3094 2085 3208 2153 ipse
3254 2098 3339 2139 cst
3386 2087 3512 2140 Ser-

1948 2181 2101 2224 vator
2136 2188 2289 2225 meus
2331 2181 2387 2225 et
2431 2172 2690 2227 defensor
2731 2188 2882 2227 meus
2908 2214 2923 2237 ,
2958 2184 3013 2226 et
3060 2176 3112 2226 in
3168 2191 3234 2227 eo
3269 2175 3512 2241 speravit

1944 2277 2040 2316 cor
2065 2279 2245 2317 meum
2277 2261 2319 2317 ⁸.

2019 2354 2248 2407 XXVIII.
2304 2354 2556 2425 Martyris
2605 2357 2793 2425 itaque
2849 2356 3017 2409 animi
3067 2357 3504 2426 magnitudinem

1945 2446 2247 2501 admiratus
2278 2446 2565 2515 Ulpianus,
2598 2460 2654 2501 et
2685 2456 2835 2501 ratus
2863 2448 2978 2501 fore
3009 2460 3067 2502 ut
3110 2463 3230 2502 eam
3266 2448 3512 2503 molliret

1948 2546 2211 2607 tempore,
2244 2554 2363 2607 qua:
2394 2538 2587 2593 cedere
2637 2539 2897 2602 nolebat,
2949 2541 3001 2593 in
3054 2541 3237 2593 animo
3278 2540 3514 2594 habebat

1944 2632 2065 2699 ejus
2090 2644 2305 2684 causam
2338 2630 2560 2683 diﬂerre
2596 2631 2650 2683 in
2682 2632 2905 2685 tertium
2940 2632 3109 2685 diem.
3162 2632 3255 2685 Illa
3288 2647 3419 2686 vero
3457 2632 3509 2684 ei

1959 2731 2184 2791 propter
2220 2736 2425 2774 moram
2460 2722 2746 2791 indignans
2775 2742 2784 2773 :
2814 2723 2930 2777 .lam
2959 2765 2971 2783 ,
3024 2722 3217 2791 inquit,
3264 2722 3513 2777 existima

1945 2812 2048 2866 hos
2080 2822 2191 2866 tres
2227 2812 2342 2865 dies
2372 2812 2501 2865 mihi
2532 2814 2889 2880 praeteriisse,
2922 2823 2977 2866 et
3011 2817 3148 2867 meis
3171 2813 3362 2867 verbis
3396 2816 3515 2867 ani-

1946 2920 2094 2958 mum
2126 2903 2349 2958 adhibe.
2382 2905 2519 2957 Ecce
2548 2904 2694 2957 enim
2741 2904 2931 2957 eadem
2984 2905 3081 2959 tibi
3118 2920 3264 2959 nunc
3295 2906 3511 2971 dicam,

1945 3009 2068 3065 qua:
2094 2994 2305 3049 dictura
2341 3009 2459 3049 sum
2502 3003 2623 3064 post
2658 2994 3111 3049 deliberationem
3158 3014 3174 3051 :
3209 2998 3352 3052 Deos
3385 3008 3511 3050 tuos

1947 3100 2054 3139 non
2089 3085 2237 3145 colo,
2273 3095 2328 3137 et
2380 3096 2484 3139 tua:
2531 3084 2985 3154 imperatorisque
3033 3102 3278 3157 repugno
3320 3088 3515 3142 volun-

268 3188 427 3241 τορος
481 3173 900 3236 ἀντιτάσσομαι.
965 3172 1089 3222 Θύω
1127 3172 1182 3224 δὲ
1236 3171 1427 3226 θυσίαν
1478 3174 1733 3236 αἰνέσεως
1761 3176 1836 3244 τῷ
1865 3195 1908 3255 c
1945 3194 1947 3226 Α

1832 3196 1836 3221 ι
1865 3195 1908 3255 c
1945 3179 2060 3231 tati.
2095 3175 2351 3231 Sacriﬁco
2384 3188 2564 3231 autem
2589 3176 2918 3230 sacriﬁcium
2963 3178 3142 3231 laudis
3189 3178 3511 3233 saeculorum

273 3260 487 3332 βασιλεῖ
510 3261 619 3314 τῶν
646 3261 856 3316 αἰώνων
884 3264 1103 3333 Χριστῷ
1132 3266 1209 3332 τῷ
1239 3267 1357 3336 ἐμῷ
1384 3268 1477 3319 καὶ
1522 3268 1666 3337 μόνῳ
1702 3268 1839 3321 ἀθα-

270 3354 418 3421 νάτῳ
450 3353 587 3423 Θεῷ,
622 3353 760 3423 ὑπὲρ
784 3347 844 3407 οὗ
876 3356 969 3408 καὶ
993 3357 1091 3425 τὴν
1120 3355 1301 3424 ψυχὴν
1328 3358 1587 3428 προῖεμαι
1615 3360 1708 3410 καὶ
1734 3359 1840 3412 τῶν

274 3445 386 3497 σῶν
414 3445 664 3513 βασάνων
688 3446 1133 3514 καταφρονῶ,ῖνα
1153 3449 1389 3515 Χριστὸν
1413 3450 1572 3517 μόνον
1595 3451 1844 3521 κερδήσω

270 3540 374 3606 τὴν
406 3539 630 3590 αἰωνίαν
686 3538 853 3604 ζωήν.
886 3539 995 3591 Καὶ
1025 3539 1103 3604 ὃς,
1161 3540 1395 3608 Ἐγνων,
1440 3540 1569 3609 ἔφη,
1602 3542 1839 3608 πάντως,

271 3632 355 3682 ὃτι
378 3632 467 3682 τὸν
489 3632 673 3698 ὅμοιον
700 3630 778 3700 τῷ
806 3630 1028 3699 Χριστῷ
1062 3646 1153 3683 σου
1186 3630 1416 3685 θάνατον
1448 3632 1839 3699 ἀνοηταίνουσα

273 3725 369 3775 καὶ
399 3721 541 3791 αὑτὴ
563 3724 713 3792 αἱρῇ.
743 3722 810 3773 'H
830 3722 885 3775 δὲ
908 3722 1189 3775 ἀκούσασα
1212 3722 1401 3793 καὶτῷ
1421 3722 1565 3793 λόγῳ
1588 3724 1844 3795 καθάπερ

274 3815 523 3884 ἡσθεῖσα,
565 3814 755 3881 Ἀμην,
816 3814 984 3883 ἀμὴν,
1021 3813 1151 3883 εφη,
1211 3815 1429 3883 γένοιτό
1490 3832 1602 3884 μοι,
1646 3815 1843 3885 Χριοτέ

274 3905 475 3973 νυμφίε
500 3904 591 3955 καὶ
620 3902 867 3971 βασιλεῦί
893 3904 1043 3955 Καὶὸ
1062 3905 1353 3973 ἀρχιερεὺς
1372 3904 1531 3969 εὐθὺς
1560 3904 1842 3975 ἐπηρώτα·

275 4000 341 4050 Τί
362 3998 422 4047 τὸ
463 3997 632 4063 Ἀμὴν
657 3997 792 4063 αὐτῇ
819 3993 1105 4063 βούλεται;
1148 3993 1209 4047 ’11
1237 3996 1294 4048 δὲ
1320 3998 1552 4067 μάρτυς,
1587 3998 1748 4053 Ἀλλά
1782 3999 1843 4051 σύ

276 4105 340 4156 γε
366 4089 468 4140 οὐκ
504 4088 675 4151 ἄξιος,
715 4086 842 4154 ἐφη,
890 4086 1046 4137 τοῦτο
1082 4087 1271 4154 μαθεῖν
1294 4102 1307 4116 ο
1346 4087 1468 4139 οὐδὲ
1510 4088 1618 4159 γάρ
1652 4090 1844 4160 σαπρῷ

275 4182 471 4249 δοχείῳ
502 4178 671 4248 μύρον
700 4179 763 4231 ἀν
813 4194 897 4239 τις
938 4177 1283 4229 πιστεύσειεν
1319 4177 1378 4230 εὖ
1429 4180 1663 4250 φρονῶν.
1707 4182 1844 4233 Οὑλέ

280 4274 473 4333 πιανὸς
499 4270 590 4323 οὖν
624 4266 767 4343 ᾗπερ
794 4270 1065 4338 ἐσκέψατο
1091 4272 1186 4322 καὶ
1220 4271 1507 4343 πεποίηκε,
1555 4273 1650 4327 καὶ
1680 4275 1846 4344 τριῶν

280 4363 504 4434 ημερῷν
559 4363 681 4425 δοὺς
727 4362 864 4431 αὐτῇ
900 4361 1266 4431 προθεσμίαν,
1290 4364 1539 4429 γυναιξὶν
1578 4364 1847 4435 Ἑλληνίσι

280 4458 375 4509 καὶ
406 4454 549 4507 κατά
579 4454 733 4521 γένος
760 4453 910 4524 αὐτῷ
942 4453 1353 4525 προσηκούσαις
1394 4456 1750 4528 παραδίδωσι,
1780 4461 1845 4529 τῇ

1950 3268 2060 3337 regi
2116 3265 2375 3329 Christo,
2412 3269 2506 3335 qui
2550 3277 2633 3321 est
2671 3282 2829 3320 meus
2878 3278 2934 3321 et
2989 3268 3136 3321 solus
3191 3269 3513 3324 immortalis

1948 3358 2113 3419 Deus,
2145 3372 2242 3425 pro
2268 3372 2376 3424 quo
2410 3358 2567 3409 etiam
2602 3355 2869 3424 profundo
2910 3358 3146 3409 animam
3175 3366 3231 3410 et
3259 3368 3349 3410 tua
3397 3369 3513 3411 tor-

1950 3460 2129 3502 menta
2159 3445 2423 3514 despicio,
2450 3456 2506 3498 ut
2532 3447 2706 3499 solum
2730 3444 3009 3498 Christum
3042 3444 3511 3514 lucri!aciam,qui

1950 3545 2034 3593 est
2067 3536 2175 3590 vita
2204 3544 2427 3589 aster-na.
2462 3535 2554 3587 llle
2587 3549 2714 3587 vero
2762 3550 2774 3586 :
2811 3532 3057 3588 Sciebam
3084 3577 3099 3597 ,
3150 3534 3347 3601 inquit,
3374 3533 3511 3597 Ione,

1951 3636 2011 3682 ut
2036 3629 2272 3681 similem
2296 3626 2515 3680 Christo
2552 3634 2782 3678 mortem
2818 3633 2872 3676 tu
2904 3638 3121 3693 quoque
3149 3624 3315 3677 stulta
3343 3625 3514 3693 elige-

1950 3734 2057 3774 res.
2089 3719 2185 3773 llla
2232 3727 2412 3771 autem
2460 3732 2584 3770 cum
2636 3715 2917 3779 audiisset,
2967 3724 3020 3769 et
3053 3731 3119 3769 ex
3154 3730 3220 3769 eo
3251 3715 3395 3784 quod
3427 3716 3513 3770 di-

1950 3820 2096 3866 ctum
2134 3819 2265 3871 erat,
2294 3809 2534 3863 laetitiam
2562 3808 2864 3876 accepisset
2892 3823 2903 3857 :
2949 3809 3119 3861 Amen
3144 3848 3160 3871 ,
3191 3822 3350 3863 amen
3378 3848 3393 3872 ,
3424 3809 3516 3862 ﬁat

1955 3901 2114 3964 mihi,
2162 3901 2359 3970 inquit,
2407 3899 2629 3953 Christe
2677 3900 2747 3951 mi
2782 3914 2978 3967 sponse
3023 3908 3076 3951 et
3112 3902 3238 3952 rex!
3270 3899 3515 3953 Pontifex

1924 4002 2132 4066 autem
2188 3992 2544 4059 interrogavit
2566 3990 2816 4058 protinus
2850 4007 2863 4042 :
2898 3989 3037 4054 Quid
3084 3989 3186 4043 sibi
3218 3989 3333 4042 vult
3384 3988 3516 4042 illud

1953 4084 2163 4139 Amen?
2199 4083 2398 4147 Martyr
2430 4098 2559 4134 vero
2585 4099 2596 4133 :
2623 4081 2729 4134 Sed
2753 4092 2810 4134 tu
2848 4096 2958 4133 non
2989 4096 3069 4139 es,
3096 4080 3291 4148 inquit,
3318 4080 3517 4148 dignus

1952 4177 2043 4246 qui
2078 4175 2179 4227 hoc
2210 4174 2407 4228 discas.
2436 4173 2605 4225 Nemo
2627 4173 2793 4233 enim,
2827 4171 3027 4238 inquit,
3052 4172 3145 4239 qui
3176 4172 3339 4237 sapit,
3368 4186 3517 4225 com—

1954 4270 2164 4324 miserit
2200 4278 2537 4336 unguentum
2571 4268 2682 4319 vasi
2714 4266 2880 4334 putri.
2918 4267 3181 4335 Ulpianus
3212 4277 3392 4320 autem
3436 4273 3515 4320 le-

1952 4361 2028 4416 cit
2081 4371 2140 4413 ut
2183 4370 2481 4421 statuerat;
2532 4368 2587 4411 et
2636 4374 2758 4412 cum
2814 4360 2861 4411 ei
2921 4358 3162 4411 dedisset
3222 4360 3517 4412 terminum

1959 4456 2124 4510 trium
2156 4454 2388 4513 dierum,
2424 4452 2587 4504 tradit
2610 4466 2729 4504 eam
2763 4451 3086 4504 mulieribus
3122 4452 3438 4520 gentilibus,
3464 4460 3518 4504 et

281 4561 340 4597 τε
371 4543 557 4613 ὁμιλίᾳ
585 4541 693 4594 τῶν
722 4540 1002 4609 γυναικῶν
1028 4543 1122 4595 καὶ
1148 4544 1212 4613 τῇ
1250 4546 1561 4613 παρατάσει
1580 4544 1690 4598 τῶν
1709 4548 1849 4615 ημε·
1877 4543 1930 4603 D
1956 4570 1960 4594 ‹

1837 4575 1849 4588 -
1877 4543 1930 4603 D
1956 4561 2075 4614 quae
2109 4555 2305 4613 genere
2342 4542 2407 4594 ad
2434 4556 2555 4594 eam
2589 4542 2913 4603 attinebant,
2938 4542 3231 4594 mulierum
3265 4556 3516 4594 sermone

286 4631 397 4708 ρῷν
430 4638 559 4699 ίσως
589 4653 641 4689 τι
675 4636 773 4704 τῆς
803 4635 1032 4705 γνώμης
1063 4634 1233 4705 αὐτὴν
1266 4638 1359 4688 καὶ
1392 4637 1717 4705 μεταϐαλεῖν
1744 4639 1850 4691 οίό-

286 4746 473 4801 μενος.
543 4728 608 4781 Ἦ
657 4728 714 4781 δὲ
756 4726 951 4799 ὥσπερ
1014 4728 1326 4798 ἐπαυξῆσαι
1370 4730 1598 4799 μᾶλλον,
1649 4731 1765 4785 ἀλλ’
1789 4734 1849 4785 οὐ

287 4821 519 4891 μειῶσαι
573 4820 667 4873 τὸν
716 4820 846 4891 περὶ
871 4820 1105 4889 Χριστὸν
1143 4822 1305 4875 πόθον
1352 4822 1551 4891 ἑαυτὴν
1594 4822 1850 4889 πείσασα,

285 4916 551 4983 γυναῖκας
581 4912 797 4975 ἐκείνας
826 4912 920 4965 καὶ
949 4912 1144 4981 λόγους
1166 4913 1408 4975 ἐκείνους
1430 4913 1637 4983 ψόφους
1661 4917 1878 4996 κενοὺς.

284 5007 472 5075 ἡγεῖτο
496 5002 674 5073 μάτην
702 5003 839 5072 αὐτῇ
864 5004 1299 5072 καταχεομένους
1319 5003 1428 5055 τῶν
1456 5004 1858 5074 ἀκοῶν,χεῖρας

284 5099 341 5150 δὲ
374 5097 491 5161 ἃμα
534 5095 633 5148 καὶ⁵
666 5095 871 5165 φρένας
910 5095 991 5157 είς
1038 5094 1268 5163 οὐρανὸν
1314 5096 1549 5164 αῖρουσα
1595 5098 1860 5167 συνεργὸν

284 5192 474 5244 ἐκάλει
499 5190 634 5258 πρὸς
657 5188 749 5239 τὸν
782 5186 969 5255 ἀγῶνα
996 5185 1055 5237 ὃν
1078 5185 1257 5254 ἐφίλει
1277 5188 1684 5257 Χριστὸν.μηδὶ
1717 5190 1861 5257 βρω-

288 5280 383 5331 τοῦ
416 5294 560 5339 τινος
614 5278 648 5346 ἢ
679 5276 847 5329 ποτοῦ
905 5296 1025 5342 ταις
1064 5279 1241 5346 τρισὶν
1296 5280 1532 5349 ἡμέραις
1568 5280 1859 5347 μετασχεῖν

287 5372 423 5433 ὅλως
457 5372 828 5440 ἀνασχομένη.

362 5548 488 5604 KO’.
515 5548 662 5601 nua
689 5549 746 5603 δὲ
771 5549 868 5619 τὴν
895 5549 1086 5618 τρίτην
1116 5537 1240 5619 ἥκει
1271 5548 1433 5599 πάλιν
1463 5547 1766 5606 Οὐλπιανὸς
1792 5549 1855 5599 ἐκ

287 5644 384 5697 τοῦ
422 5643 627 5711 σφόδρα
665 5642 955 5711 βούλεσθαι
988 5643 1063 5711 μὴ
1096 5641 1517 5708 ἀπογινώσκων,
1544 5640 1656 5705 ἀλλῇ
1691 5643 1855 5708 ἐγγὺς

368 5830 388 5862 ³
417 5829 558 5884 I‘sal.
594 5840 737 5890 sxw,
774 5827 855 5880 l2.
933 5827 949 5856 ⁸
990 5825 1127 5879 I‘sal.
1163 5840 1325 5884 xxvii,
1359 5824 1405 5875 7.

1953 4648 2010 4691 et
2041 4637 2253 4689 dierum
2286 4632 2628 4702 longitudine
2666 4632 2802 4696 fore,
2824 4641 2881 4683 ut
2904 4632 3154 4685 nonnihil
3187 4635 3514 4685 sententiam

1957 4738 2213 4791 mutaret,
2246 4726 2594 4780 existimans.
2636 4724 2728 4776 Illa
2770 4740 2897 4777 vero
2928 4740 3051 4777 cum
3083 4725 3186 4778 sibi
3218 4724 3513 4792 persuasis«

1955 4833 2037 4875 set
2058 4835 2255 4887 angere
2280 4818 2483 4887 potius,
2506 4832 2669 4885 quam
2694 4818 2940 4869 minuere
2972 4831 3129 4869 suum
3158 4816 3209 4867 in
3236 4816 3513 4867 Christum

1956 4912 2314 4973 desiderium,
2345 4912 2605 4965 mulieres
2636 4908 2857 4977 quidem
2894 4908 3033 4970 illas,
3068 4920 3124 4961 et
3159 4906 3281 4961 illos
3316 4921 3515 4960 sermo-

1959 5020 2076 5067 nes,
2108 5004 2459 5057 existimabat
2485 5018 2604 5055 esse
2634 5004 2827 5055 inanes
2856 4999 3117 5068 strepitus
3139 5040 3151 5061 ,
3183 4999 3273 5065 qui
3309 5006 3516 5050 temen

1956 5096 2382 5149 cll‘undebantur
2420 5095 2473 5146 in
2504 5109 2707 5147 aures:
2742 5107 2933 5146 manus
2964 5102 3143 5143 autem
3188 5104 3238 5142 et
3284 5097 3519 5143 mentem

1958 5190 2118 5243 simul
2155 5190 2205 5241 in
2247 5190 2415 5241 altum
2449 5188 2729 5247 attollens,
2775 5186 2839 5237 ad
2872 5200 3030 5252 opem
3058 5183 3107 5237 ei
3136 5167 3419 5235 ferendam
3468 5181 3521 5231 in

1958 5281 2257 5335 certamine
2293 5279 2523 5331 vocabat
2549 5267 2859 5334 Christum,
2890 5290 3052 5343 quem
3087 5273 3383 5341 diligebat,
3423 5287 3523 5324 nec

1961 5371 2144 5424 cibum
2176 5385 2271 5421 nec
2296 5378 2480 5436 potum
2505 5383 2718 5422 sumere
2742 5366 2965 5421 omnino
2990 5364 3164 5416 tribus
3191 5361 3388 5415 diebus
3404 5374 3522 5413 sus—

1966 5464 2165 5516 tinens.

2036 5542 2226 5607 ΧΧΙΧ.
2263 5552 2447 5606 Tertio
2500 5560 2680 5604 autem
2732 5550 2817 5603 dic
2868 5558 2987 5617 post
3026 5547 3174 5601 venit
3213 5557 3401 5597 rursus
3429 5540 3519 5594 [l-

1968 5643 2180 5709 pianus,
2211 5658 2275 5696 ex
2306 5658 2369 5696 co
2397 5642 2540 5709 quod
2568 5640 2721 5694 valde
2752 5639 2933 5703 vellet,
2963 5636 3184 5691 minimc
3205 5635 3521 5702 desperans,
