4252 6440
742 389 851 452 599

1968 386 2255 445 MENSIS
2297 383 2732 445 DECEMBER.

3896 379 4010 442 600

745 501 838 554 sed
877 497 1175 569 conjicieus
1197 513 1252 552 sc
1277 498 1516 566 pra-dam
1555 504 1739 552 tenere
1771 499 2190 568 propemodum.
2216 498 2316 554 Ubi
2349 509 2387 562 Α

2355 509 2391 562 Α
2423 502 2566 568 ελειι
2599 499 2839 561 είκάζων
2862 497 2922 550 τὸ
2967 497 3215 568 θήραμα.
3256 497 3411 549 Ἐπεὶ
3449 495 3506 548 δὲ
3545 495 3852 565 πυθόμενος
3901 497 4006 548 ἀυ-

745 610 874 648 veio
895 609 1013 648 eam
1049 595 1459 662 interrogasset,
1483 603 1539 647 et
1559 593 1869 646 rescivisset
1903 594 2311 647 incrementum

742 686 1041 753 sumpsisse
1075 686 1193 755 ejus
1253 685 1580 738 sententiam
1636 684 1972 753 longitudine
2030 684 2313 753 temporis,

742 790 924 834 etnon
954 779 1129 832 solum
1158 778 1426 830 bonorum
1458 777 1842 845 promissione.
1866 777 1960 831 sed
1987 776 2155 830 etiam
2183 790 2317 844 sup-

745 873 1034 940 pliciorum
1081 869 1378 923 formidine
1437 869 1726 922 mulierem
1780 884 1903 923 esse
1947 869 2311 936 superiorem,

744 965 1045 1032 quinetiam
1101 964 1341 1017 naturali
1412 977 1632 1031 quoque
1699 961 2012 1014 necessitati
2083 959 2316 1014 minime

745 1062 1136 1111 concedenlem
1167 1099 1180 1120 ,
1215 1071 1335 1125 qua:
1382 1064 1532 1108 tanto
1568 1063 1814 1121 tempore
1863 1066 1963 1105 nec
1998 1051 2180 1105 cibum
2215 1065 2318 1105 nec

747 1158 934 1216 potum
986 1147 1255 1216 sumpsit:
1305 1158 1593 1216 postquam
1646 1146 1760 1197 haec
1806 1143 2011 1197 audivit
2062 1145 2318 1196 sacerdos

746 1241 1006 1292 falsorum
1045 1239 1296 1301 deorum,
1333 1244 1383 1290 in
1433 1236 1613 1289 aulam
1652 1234 1875 1304 quidem
1914 1233 2148 1302 prosilit,
2194 1248 2312 1286 eam

749 1347 845 1401 per
878 1348 933 1386 se
969 1333 1307 1386 contendens
1343 1331 1598 1394 trahere;
1640 1344 1874 1397 cumque
1917 1329 2078 1382 vellet
2107 1327 2312 1396 aliquid

743 1428 925 1478 tacere
971 1425 1322 1479 inhonestum
1348 1463 1362 1488 ,
1389 1431 1445 1477 et
1480 1422 1724 1492 profanis
1763 1421 1877 1474 suis
1905 1421 2010 1474 diis
2038 1421 2265 1491 dignum
2297 1460 2312 1485 ,

742 1517 943 1569 feritur
973 1518 1156 1570 statim
1191 1517 1344 1588 plaga
1387 1517 1629 1571 immissa
1670 1515 1939 1568 divinitus
1965 1552 1980 1577 ,
2030 1525 2086 1568 et
2117 1513 2308 1567 oculo-

750 1624 872 1661 rum
907 1608 1028 1663 luce
1059 1609 1313 1674 orbatus,
1354 1610 1543 1662 obibat
1575 1617 1739 1662 totam
1779 1607 2037 1672 domum,
2071 1620 2178 1660 non
2217 1619 2314 1675 po-

746 1713 868 1757 tens
899 1703 1085 1757 videre
1113 1703 1362 1770 amplius.
1393 1700 1534 1766 Quin
1564 1701 1728 1754 etiam
1755 1709 1948 1767 prater
2011 1697 2312 1750 caecitatem

747 1795 1267 1850 vehementissimus
1288 1793 1445 1847 dolor
1466 1797 1586 1862 ejus
1619 1791 1830 1845 invadit
1850 1790 2060 1845 oculos.
2081 1791 2160 1846 Eo
2184 1809 2312 1861 ergo

750 1887 941 1940 dolore
972 1885 1222 1949 aﬂ'ectus,
1257 1885 1458 1938 clamat
1491 1883 1812 1945 sceleratus,
1845 1891 1900 1936 et
1931 1898 2155 1937 suorum
2183 1884 2314 1938 deo-
2346 1859 2387 1918 Β

745 1996 865 2033 rum
904 1980 1102 2033 misere
1157 1978 1444 2031 invocabat
1493 1975 1781 2029 auxilium.
1829 1975 1952 2029 Haec
1981 1987 2164 2030 autem
2204 1993 2314 2030 non

745 2084 951 2125 temere
1000 2070 1404 2125 administravit
1457 2068 1830 2133 Providentia,
1879 2067 1973 2122 sed
2022 2076 2081 2122 ut
2125 2084 2246 2122 cum
2279 2070 2313 2122 ii

745 2164 839 2231 qui
864 2175 1018 2216 erant
1046 2173 1218 2223 extra,
1254 2162 1578 2227 sensissent,
1618 2171 1672 2214 et
1701 2169 1760 2214 ut
1787 2175 1882 2229 par
1921 2171 2060 2223 erat.
2086 2176 2314 2230 congre-

743 2266 1005 2321 garentur
1036 2255 1099 2308 ad
1127 2269 1286 2323 opem
1315 2253 1364 2308 ei
1401 2252 1702 2314 ferendam,
1738 2267 1825 2306 res
1851 2253 2105 2306 evaderet
2135 2253 2307 2307 mani-

743 2350 881 2402 t'csta
912 2388 924 2408 .
960 2363 1193 2415 quanam
1239 2346 1452 2399 ratione
1487 2357 1542 2399 et
1583 2345 1858 2415 quomodo
1907 2346 2218 2408 accidisset,
2256 2357 2313 2401 et

745 2455 852 2493 non
881 2425 1075 2492 liceret
1105 2438 1372 2492 sacerdmi
1403 2451 1625 2491 causam
1653 2437 1706 2490 in
1735 2437 1881 2490 aliud
1912 2439 2184 2501 conferre,
2217 2448 2314 2492 aut

749 2531 972 2584 mentiri
1028 2530 1291 2584 adversus
1325 2530 1668 2584 miraculum.
1698 2529 1852 2597 Quod
1898 2531 2062 2583 etiam
2103 2531 2306 2584 laetum

746 2637 850 2683 εει,
877 2635 931 2676 et
961 2639 1084 2677 cum
1117 2625 1271 2676 multi
1300 2623 1553 2678 adessent
1577 2633 1757 2685 testes,
1790 2623 2060 2679 deductus
2089 2624 2310 2678 domum

749 2733 922 2772 caecus
951 2760 962 2777 .
997 2729 1050 2770 et
1079 2717 1232 2787 gravi
1267 2716 1450 2771 dolore
1483 2717 1711 2771 affectus
1736 2757 1750 2781 ,
1786 2728 1841 2771 et
1872 2717 2068 2770 deinde
2096 2717 2312 2786 gravio-

749 2811 902 2863 ribus
933 2809 1180 2862 dolorum
1215 2809 1448 2863 stimulis
1484 2818 1728 2872 vexatus,
1753 2808 1906 2878 jubet
1939 2819 1995 2861 ut
2046 2809 2098 2860 in
2141 2825 2302 2861 exse-

748 2903 1012 2955 crandum
1059 2902 1287 2955 deorum
1334 2918 1556 2955 suorum
1601 2903 1858 2969 templum
1898 2901 2224 2962 deferretur,
2257 2911 2314 2954 et

749 2997 861 3048 iliie
887 2994 1274 3063 deponeretUr,
1321 3007 1517 3063 putans
1550 2994 1666 3047 fore
1698 3005 1756 3046 ut
1800 2994 1892 3062 qui
1927 3009 2021 3046 eos
2052 2995 2261 3046 coleret
2293 3033 2308 3056 ,

753 3091 820 3141 ab
873 3090 954 3141 eis
1006 3099 1309 3142 curaretur.
1363 3080 1649 3156 Egregiam
1703 3101 1853 3145 vero.
1899 3095 1953 3139 et
1999 3102 2160 3154 quam
2217 3101 2312 3154 par

2421 591 2727 660 εμάνθανεν
2773 593 2849 652 ὠς
2889 589 3151 652 ἐπίτασις
3190 590 3330 659 αὑτῇ
3387 589 3586 657 γέγονε
3636 587 3841 657 μᾶλλον
3901 589 4009 656 τῆς

2421 684 2650 752 γνώμης
2679 684 2712 752 ἡ
2734 682 2830 734 τοῦ
2875 681 3073 752 καιροῦ
3108 682 3450 752 παράτασις,
3505 681 3602 733 καὶ
3629 681 3710 734 ὅτι
3737 678 4010 749 κρείττων

2421 777 2520 827 οὒκ
2575 772 2912 840 ἐπαγγελίας
2976 771 3204 840 ἀγαθῶν
3255 775 3438 843 μόνον,
3477 772 3616 825 ἀλλὰ
3677 773 3773 824 καὶ
3803 771 4010 838 πείρας

2418 868 2701 938 τιμωριῶν
2756 868 2790 936 ἡ
2845 866 3008 936 γυνὴ,
3058 865 3193 932 πρδς
3238 865 3320 918 ἔτι
3363 866 3418 917 δὲ
3468 871 3566 917 και
3599 867 3699 934 τῆς
3762 864 4008 933 φυσικῆς

2419 961 2671 1030 ἀνάγκης
2702 959 3035 1028 ὑψηλότερα,
3082 959 3206 1028 ἥτις
3236 960 3358 1010 οὐδὲ
3409 957 3701 1028 βρώματός
3735 971 3882 1020 τινος
3908 958 4007 1010 ἐπὶ

2418 1053 2674 1105 τοσοῦτον
2699 1052 2730 1121 ἢ
2755 1051 2998 1120 πόματος
3027 1053 3353 1121 ἐπεστράφη
3375 1066 3391 1082 °
3419 1051 3496 1114 ώς
3521 1051 3727 1104 τούτων
3759 1052 4008 1120 ἤκουσεν

2419 1147 2446 1196 6
2473 1146 2582 1198 τῶν
2603 1144 2980 1215 ψευδωνύμων
3013 1145 3155 1198 θεῶν
3193 1146 3398 1216 ἱερεὺς,
3450 1145 3742 1212 ἐφάλλεται
3788 1144 3890 1214 μὶν
3921 1145 4007 1206 είς

2419 1238 2479 1290 τὸ
2504 1241 2756 1306 ταμιεῖον
2789 1238 2858 1292 δι’
2887 1238 3084 1293 ἑαυτοῦ
3123 1238 3332 1308 ταύτην
3379 1239 3605 1291 ἑλκύσαι
3644 1238 4001 1307 φιλονεικῶν,

2421 1332 2516 1383 καί
2554 1347 2607 1383 τι
2637 1335 2732 1384 καὶ
2769 1331 3064 1402 βουληθεὶς
3097 1334 3301 1387 ἄτοπον
3339 1333 3536 1403 δρᾶσαι
3570 1333 3666 1385 καὶ
3694 1333 3804 1384 τῶν
3831 1331 4002 1401 βεδή-

2419 1420 2525 1474 λων
2551 1422 2719 1474 αὑτοῦ
2747 1422 2886 1474 θεῶν
2906 1423 3055 1487 ἀξιον
3077 1437 3091 1451 ⁸
3117 1424 3415 1492 πλήττεται
3439 1423 3494 1477 δὲ
3522 1423 3724 1476 αὐτίκα
3747 1422 4004 1492 θεηλάτῳ

2419 1512 2623 1582 πληγῇ,
2657 1514 2752 1565 καὶ
2790 1517 2888 1576 τὰς
2943 1514 3097 1583 δψεις
3151 1515 3469 1578 ἁλλοιωθεὶς
3507 1515 3728 1585 περιῄει
3781 1514 4004 1567 ἅπαντα

2418 1605 2508 1656 τὸν
2534 1606 2780 1656 οίκίσκον
2823 1606 2923 1676 οὑχ
2971 1609 3107 1678 όρᾷν
3150 1608 3234 1659 ἔτι
3262 1608 3584 1677 δυνάμενος,
3641 1609 3735 1660 καὶ
3769 1608 3908 1676 πρὸς
3932 1611 4001 1676 τῇ

2417 1695 2714 1766 τυφλότητι
2760 1697 2816 1749 δὲ
2867 1700 2964 1751 καὶ
2995 1699 3246 1768 ἀλγηδὼν
3278 1699 3445 1754 αὑτοῦ
3497 1699 3838 1770 σφοδροτάτη
3870 1699 4005 1751 καθ-

2423 1791 2626 1842 ικνεῖτο
2672 1791 2780 1841 τῶν
2813 1791 3133 1860 ὀφθαλμῶν.
3192 1793 3381 1855 Οὕτως
3415 1791 3507 1844 οῦν
3544 1793 3666 1846 λίαν
3688 1790 3999 1862 περιαλγὴς

2415 1878 2707 1947 γενόμενος
2739 1880 2872 1934 ἐϐόα
2905 1883 2932 1935 6
2972 1882 3195 1952 μιαρὸς,
3232 1885 3326 1935 καὶ
3364 1884 3492 1946 τοὺς
3528 1884 3694 1937 αὑτοῦ
3727 1884 3886 1946 θεοὺς
3917 1884 4000 1945 εἰς

2417 1973 2632 2040 ἄμυναν
2663 1973 2864 2031 ἀθλίως
2893 1975 3230 2041 ἐξεκαλεῖτο.
3259 1978 3446 2031 Ταῦτα
3477 1979 3533 2032 δὲ
3559 1979 3618 2030 οὑ
3655 1978 3835 2047 μάτην
3858 1978 4001 2048 ᾠκη-

2417 2067 2621 2137 νόμητο
2652 2072 2717 2139 τῇ
2759 2071 3014 2140 Προνοία,
3061 2072 3175 2123 ἀλλ’
3233 2073 3319 2124 ἵνα
3347 2073 3440 2125 καὶ
3501 2073 3613 2132 τοῖς
3651 2071 3849 2134 ἔξωθεν
3887 2070 4000 2122 τῶν

2416 2159 2612 2227 φωνῶν
2648 2161 2997 2230 αἰσθομένοις
3031 2162 3292 2233 καὶπρὸς
3330 2162 3590 2232 βοήθειαν
3627 2160 3819 2229 ὥσπερ
3844 2161 3998 2222 είκδς

2417 2251 2934 2321 συναθροιζομένοις
2967 2254 3218 2319 ἐπίδηλον
3246 2257 3496 2325 καταστῇ
3531 2253 3654 2306 ὅθεν
3678 2270 3737 2305 τε
3767 2253 3827 2305 τὸ
3858 2269 3999 2322 συμ-

2415 2343 2539 2404 ϐὰν.
2577 2345 2675 2397 καὶ
2707 2345 2862 2407 ὅπως
2889 2346 2984 2398 καὶ
3023 2346 3097 2416 μὴ
3140 2346 3231 2415 ἐξῇ
3272 2345 3348 2415 τῷ
3384 2347 3522 2416 ἱερεῖ
3549 2345 3648 2414 τὴν
3675 2345 3857 2398 αἰτίαν
3893 2361 3997 2414 με·

2414 2437 2692 2491 τατιθέναι
2752 2438 2783 2507 ἢ
2835 2438 2930 2490 τοῦ
2989 2439 3276 2508 θαύματος
3339 2438 3802 2508 καταψεύδεσθαι.
3837 2439 3906 2491 '0
3928 2439 3998 2510 δὴ

2414 2531 2509 2582 καὶ
2536 2531 2727 2597 γέγονε
2751 2546 2768 2562 ο
2793 2531 2888 2584 καὶ
2916 2531 3054 2601 πρὸς
3096 2533 3195 2601 τὴν
3231 2531 3412 2584 οἰκίαν
3451 2532 3559 2584 ὑπὸ
3591 2531 3809 2594 πολλοῖς
3847 2531 3994 2601 μάρ-

2413 2639 2537 2674 τυσι
2567 2623 2768 2691 τυφλὸς
2796 2625 2889 2677 καὶ
2919 2625 3257 2692 περιώδυνος
3281 2626 3569 2696 ἀπαχθεὶς,
3602 2623 3721 2679 εῐτα
3751 2625 3844 2678 καὶ
3871 2625 3991 2692 δριο

2418 2717 2680 2785 μυτέραις
2697 2720 2815 2780 ταῖς
2845 2718 3063 2781 ὀδύναις
3122 2719 3576 2787 διακεντούμενος
3635 2721 3715 2782 είς
3757 2719 3850 2772 τὸν
3878 2719 3990 2772 τῶν

2414 2806 2552 2861 θεῶν
2588 2809 2756 2862 αὑτοῦ
2783 2812 2979 2880 μιαρὸν
3007 2812 3480 2881 μετακομισθῆναι
3513 2812 3637 2864 ναὸν
3667 2813 3761 2864 καί
3795 2827 3986 2881 προτε-

2415 2901 2576 2969 θῆναι
2597 2901 2973 2956 διακελεύεται
3004 2904 3252 2971 οἰόμενος
3313 2907 3489 2956 ἐκεῖσε
3527 2903 3659 2970 γοῦν
3690 2903 3989 2972 θεραπείας

2415 2993 2510 3046 ἆτε
2545 2995 2890 3066 θεραπευτής
2913 2995 3094 3046 αὐτῶν
3123 2996 3432 3058 τεύξεσθαι.
3477 2996 3698 3065 Ἀμέλει
3727 2996 3823 3048 καὶ
3847 2995 3990 3047 καλά

2418 3106 2476 3157 γε
2501 3093 2706 3143 τούτων
2738 3092 2830 3142 καὶ
2860 3089 3250 3158 προσηκόντως
3286 3087 3542 3141 ἀπώνατο
3564 3105 3576 3118 ·
3613 3089 3693 3138 ἔτι
3718 3088 3828 3154 γὰρ
3863 3103 3987 3155 σφο-

751 3191 891 3239 erat,
921 3181 1004 3232 sui
1036 3181 1216 3232 cultus
1247 3182 1430 3231 retulit
1477 3182 1812 3231 mercedem.
1840 3177 2132 3230 Ποιυτώιιε
2162 3179 2309 3230 enim
2345 3211 2385 3266 ο

2355 3211 2385 3266 Β
2419 3179 2670 3250 δρότερον
2688 3180 2836 3248 αὑτῷ
2863 3180 2972 3233 τῶν
3000 3180 3312 3250 ἀλγηδόνων
3334 3181 3672 3250 ἐπιθεμένων
3698 3181 3990 3232 ἀπολείπει

751 3277 930 3330 adhuc
998 3276 1371 3329 vehementius
1420 3289 1545 3328 cum
1609 3273 2037 3339 invadentibus,
2111 3273 2311 3327 emittit

747 3369 912 3422 etiam
966 3369 1224 3421 animam.

821 3458 985 3513 XXX.
1018 3460 1092 3511 Ex
1134 3476 1198 3514 eo
1226 3459 1510 3512 Anastasia
1545 3459 1851 3512 libertatem
1888 3468 2207 3517 consecuta,
2249 3458 2313 3510 il-

750 3554 857 3605 linc
897 3553 1119 3620 quidem
1175 3555 1490 3621 egreditur,
1529 3553 1676 3604 venit
1718 3561 1898 3604 autent
1951 3550 2017 3603 ad
2059 3547 2314 3603 Theodo-

756 3655 889 3705 tem,
918 3658 1080 3710 quam
1111 3645 1262 3711 prius
1305 3643 1702 3696 declaravimus
1752 3639 1994 3694 habitare
2045 3638 2188 3708 apud
2221 3653 2313 3691 co-

751 3731 935 3784 mitem
966 3729 1320 3789 Leucadium,
1379 3740 1428 3782 et
1472 3729 1746 3797 mgillatim
1781 3727 1832 3780 ei
1873 3737 2060 3780 narrat
2085 3725 2265 3780 omnia
2299 3765 2315 3788 ,

753 3835 860 3876 tam
895 3837 1014 3890 quae
1045 3836 1200 3891 passa
1235 3823 1344 3882 sit,
1392 3836 1555 3889 quam
1597 3835 1716 3888 qua:
1758 3834 1853 3888 per
1890 3818 2060 3887 ipsam
2095 3828 2147 3871 et
2189 3833 2311 3871 cum

751 3917 866 3984 ipsa
893 3916 1033 3970 Deus
1061 3916 1271 3968 iecerit.
1307 3914 1499 3966 Paucis
1521 3922 1643 3981 post
1670 3912 1864 3965 diebus
1885 3925 2072 3964 comes
2095 3925 2314 3978 quoque

752 4007 1061 4061 Leucadius
1103 4022 1167 4058 ex
1219 4005 1472 4073 Bithynia
1524 4017 1794 4062 reversus.
1847 4017 1972 4055 cum
2031 4000 2314 4054 Theodoto

753 4101 1032 4169 prioribus
1065 4099 1270 4151 similes
1300 4112 1492 4150 rursus
1522 4096 1711 4148 habuit
1751 4109 2056 4156 sermones,
2092 4103 2310 4145 tentans

751 4208 870 4246 eam
918 4192 1198 4244 indum-re.
1262 4190 1558 4257 Postquam
1619 4197 1799 4240 autem
1849 4187 2012 4237 multa
2064 4186 2312 4251 loquens,

752 4286 998 4353 cognovit
1041 4298 1100 4335 se
1150 4282 1297 4348 loqui
1352 4265 1630 4338 littori.'et
1662 4295 1784 4330 cum
1836 4279 2010 4328 \‘cltilS
2064 4277 2314 4329 conferre

751 4393 1082 4438 sermonem,
1111 4377 1450 4429 Anastasiam
1492 4387 1709 4441 quoque
1739 4370 1987 4424 resciscit
2017 4369 2159 4437 apud
2185 4383 2311 4419 eum

754 4476 974 4539 degere,
1007 4475 1062 4521 et
1103 4467 1287 4519 furore
1331 4465 1588 4533 percitus,
1622 4471 1909 4532 propterea
1953 4461 2097 4528 quod
2135 4457 2311 4510 Theo-

757 4561 883 4613 dotc
915 4559 1062 4610 illius
1092 4555 1561 4610 admonitionibus
1595 4553 1872 4606 inducitur
1893 4589 1908 4613 ,
1953 4559 2011 4602 ut
2043 4565 2169 4602 eum
2207 4563 2318 4600 rna-

753 4655 836 4723 gis
868 4658 1202 4710 contemnat,
1245 4646 1579 4699 Anastasiam
1605 4643 1826 4712 quidem
1859 4646 2042 4696 statim
2077 4641 2315 4692 vinctam

757 4739 926 4792 tradit
963 4736 1217 4790 tribunali
1249 4735 1564 4804 judiciario.
1595 4734 1735 4798 Quin
1767 4732 1931 4785 etiam
1979 4729 2316 4783 Theodotcin

755 4834 992 4885 vinctam
1041 4828 1358 4882 transmittit
1393 4825 1460 4880 ad
1509 4823 1894 4894 proconsulem
1947 4820 2214 4891 Bithynia:
2249 4820 2317 4872 de

755 4939 817 4978 ea
857 4938 982 4977 eum
1016 4937 1107 4990 per
1153 4921 1387 4982 litteras,
1418 4931 1584 4987 quam
1636 4915 1901 4969 citissime
1937 4912 2051 4966 lieri
2097 4921 2314 4979 potuit,

758 5016 994 5070 reddens
1026 5013 1341 5066 certiorem.

829 5105 1017 5161 XXXI.
1065 5103 1200 5159 Cum
1263 5110 1447 5156 autem
1504 5099 1559 5153 in
1619 5097 1927 5167 Bithyniam
1985 5095 2322 5164 pervenisset

754 5199 1059 5268 Theodoto,
1102 5196 1365 5265 producta
1416 5201 1499 5248 est
1551 5192 1617 5246 ad
1683 5189 1924 5246 tribunal
1951 5189 2318 5257 proconsulis.

758 5306 886 5357 Ago,
921 5288 1097 5357 inquit
1128 5286 1238 5348 ille,
1268 5301 1300 5338 ο
1331 5282 1630 5339 Theodote.
1668 5281 1832 5350 jussis
1864 5294 2060 5348 parens
2087 5294 2322 5345 tmpera-

757 5385 930 5442 roriis,
965 5383 1096 5433 velis
1128 5380 1233 5433 diis
1264 5376 1458 5430 oﬂ’erre
1476 5373 1829 5429 sacriﬁcium.
1865 5371 1956 5424 Sic
1979 5371 2123 5422 enim
2161 5370 2321 5422 simul

755 5490 805 5531 ct
840 5476 965 5531 liitis
998 5477 1238 5538 vives,et
1263 5471 1534 5540 particeps
1559 5467 1669 5521 eris
1694 5466 1987 5519 multorum
2022 5465 2320 5539 bonorum.

757 5572 890 5620 itam
917 5567 1021 5620 etsi
1055 5581 1162 5619 non
1199 5573 1308 5624 tua,
1343 5571 1398 5612 at
1424 5559 1656 5612 tiliorum
1677 5556 1899 5626 quidem
1927 5565 2075 5608 certe
2100 5563 2323 5606 tuorum

761 5688 772 5710 ι
794 5676 948 5724 ausa,
973 5673 1188 5728 aequum
1216 5658 1400 5718 luerit,
1427 5663 1485 5707 ut
1515 5653 1566 5705 id
1595 5652 1764 5720 eligas
1787 5649 1934 5719 quod
1964 5657 2048 5701 est
2078 5647 2322 5700 futurum

763 5758 858 5808 libi
895 5755 1046 5808 utile.
1077 5755 1209 5807 Dum
1247 5751 1358 5802 ha-c
1392 5759 1572 5800 autem
1603 5745 1826 5812 martyri
1852 5743 2059 5796 diceret
2097 5755 2324 5808 procon-

765 5852 882 5915 sul,
917 5846 1252 5920 respondens
1289 5840 1434 5896 illius
1481 5839 1714 5893 filiorum
1757 5837 2189 5906 primogemtus,
2236 5835 2324 5887 cui

2420 3272 2512 3323 καὶ
2532 3274 2631 3342 τὴν
2655 3273 2854 3341 ψυχήν.

2490 3453 2568 3503 A'.
2617 3449 2900 3502 Ἐντεῦθεν
2946 3450 3130 3510 ἀδείας
3182 3450 3512 3502 ’Λναστασία
3552 3448 3792 3518 τυχοῦσα
3819 3449 3992 3514 ἔξεισι

2421 3541 2523 3609 μὲν
2555 3541 2785 3603 ἐκεῖθεν,
2823 3543 3134 3606 ἀφικνεῖται
3181 3542 3237 3592 δὲ
3310 3541 3445 3611 πρὸς
3476 3543 3572 3610 τὴν
3604 3542 3890 3612 Θεοδότην,
3924 3545 3991 3614 ἣν

2418 3635 2625 3700 φθάσας
2657 3636 2686 3686 6
2721 3633 2880 3702 λόγος
2911 3635 3063 3703 παρά
3110 3635 3186 3702 τῷ
3221 3637 3420 3705 κόμητι
3456 3634 3736 3702 Λευκαδίῳ
3779 3636 3991 3703 διάγειν

2417 3725 2714 3791 ἐγνώρισεο
2770 3727 2866 3779 καὶ
2932 3727 3155 3790 διέξεισι
3218 3728 3356 3796 πρὸς
3409 3729 3580 3797 αὐτὴν
3631 3731 3771 3782 κατά
3822 3733 3991 3799 μέρος

2418 3815 2595 3866 πάντα
2615 3814 2714 3867 ὅσα
2736 3831 2795 3867 τε
2830 3815 2992 3868 πάθοι
3018 3818 3109 3869 καὶ
3134 3818 3234 3870 ὅσα
3255 3817 3323 3869 δι’
3344 3819 3515 3886 αὑτήν
3538 3835 3594 3871 τε
3631 3821 3723 3871 καὶ
3747 3822 3867 3887 μετ’
3889 3823 3990 3873 αὑ-

2417 3910 2563 3974 τῆςό
2593 3908 2723 3969 Θεὸς
2764 3908 3037 3976 δράσειεν.
3089 3910 3326 3978 Ἡμέραι
3363 3911 3563 3978 ὀλίγαι,
3613 3914 3706 3964 καὶ
3736 3916 3762 3964 6
3812 3915 3990 3981 κόμης

2418 3998 2712 4059 Λευκάδιος
2755 4001 2816 4050 ἐκ
2870 3999 3122 4058 Βιθυνίας
3157 4001 3462 4062 ἀνασωθεὶς
3513 4005 3578 4072 τῇ
3611 4003 3842 4072 Θεοδότῃ
3895 4007 3990 4058 καὶ

2418 4087 2572 4151 αἱθις
2601 4089 2817 4153 ὁμοίους
2843 4093 2955 4151 τοῖς
2981 4091 3269 4160 προτέροις
3291 4093 3536 4161 προσῆγε
3562 4093 3750 4160 λόγους
3777 4097 3990 4161 ὑπαγα-

2418 4179 2612 4248 γὲσθαι
2677 4181 2881 4247 ταύτην
2917 4183 3278 4251 πειρώμενος.
3344 4183 3430 4246 Ὠς
3490 4185 3546 4237 δι
3604 4186 3773 4238 πολλὰ
3815 4188 3989 4257 λέγων

2419 4273 2653 4343 αἰγιαλῷ
2682 4275 2864 4328 λαλεῖν
2885 4278 2981 4330 καλ⁵
3023 4279 3233 4346 ὁμιλεῖν
3269 4281 3491 4348 ἀνέμοις
3521 4283 3805 4350 ἐγίνωσκε,
3851 4302 3988 4353 μανι

2421 4365 2569 4416 θάνει
2595 4367 2687 4417 καὶ
2718 4370 2844 4435 περὶ
2875 4371 2972 4436 τῆς
3012 4369 3365 4434 ’Δναστασίας
3391 4375 3470 4424 ὅτι
3489 4377 3618 4442 παρ’
3642 4377 3778 4445 αὐτῇ
3811 4377 3988 4442 διάγει

2420 4457 2511 4506 καὶ
2550 4455 2714 4524 μανία
2754 4459 2982 4524 πληγεὶς
3014 4459 3129 4510 ἀνθ’
3173 4456 3247 4513 ὦν
3275 4463 3398 4522 ταῖς
3451 4464 3751 4531 ὑποθήκαις
3784 4466 3986 4533 μᾶλλον

2355 4548 2395 4601 D
2425 4546 2635 4614 ἐκείνης
2664 4550 2695 4617 ἡ
2719 4537 2958 4619 Θεοδότη
2982 4552 3229 4605 πείθεται
3257 4555 3448 4605 τούτου
3476 4561 3869 4625 καταφρονεῖν,
3890 4562 3987 4625 τὴν

2423 4655 2520 4705 μεν
2567 4639 2929 4692 Ἀναστασίαν
2963 4643 3166 4704 κλοιοῖς
3191 4645 3394 4707 εὐθέως
3436 4647 3740 4714 περιϐαλὼν
3773 4652 3867 4699 καὶ
3901 4650 3987 4702 δε-

2422 4734 2572 4798 σμοῖς
2613 4732 2689 4801 τῷ
2725 4732 3026 4797 δικαστικῷ
3058 4735 3262 4804 βήματι
3327 4738 3717 4804 παραδίδωσιν.
3768 4742 3844 4789 Οὐ
3883 4743 3989 4808 μὴν

2419 4823 2555 4874 ἀλλά
2612 4825 2706 4876 καὶ
2767 4825 2866 4895 τὴν
2919 4827 3181 4896 Θεοδότην
3214 4827 3436 4896 δέσμιον
3482 4829 3560 4898 τῷ
3585 4830 3680 4899 τῆς
3732 4831 3988 4896 Β.θυνίας

2422 4915 2673 4984 ὑπατικῷ
2713 4917 3099 4986 παραπέμπει,
3125 4919 3420 4988 γράμμασι
3452 4921 3521 4973 τά
3554 4921 3674 4974 κατ’
3708 4923 3883 4992 αὐτὴν
3916 4926 3991 4990 ὡς

2422 5005 2532 5075 εἶχε
2558 5007 2645 5059 διὰ
2665 5008 2876 5075 ταχέων
2900 5009 3278 5080 ὑποσημήνας.

2492 5101 2617 5150 AA'.
2659 5099 2814 5151 Ἐπεί
2832 5100 2887 5152 δὲ
2908 5103 3005 5168 τὴν
3024 5101 3278 5155 Βιθυνίαν
3306 5105 3339 5174 ἡ
3359 5103 3585 5177 Θεοδότη
3605 5123 3704 5158 κατ
3716 5107 3992 5161 αλαδοῦσα

2423 5189 2498 5258 τῷ
2532 5190 2625 5242 τοῦ
2661 5191 2926 5244 ὑπατικοῦ
2991 5191 3193 5262 βήματι
3250 5197 3522 5266 παρίστη,
3572 5198 3768 5270 Δεῦρο,
3824 5203 3992 5270 φησὶν

2426 5284 2651 5344 ἐκεῖνος,
2703 5275 2747 5334 ὦ
2791 5283 3044 5353 Θεοδότη,
3098 5286 3210 5347 τοῖς
3260 5285 3560 5355 βασιλικοῖς
3601 5293 3992 5359 προστάγμασι

2428 5374 2803 5444 πειθαρχοῦσα
2851 5374 2994 5438 θεοῖς
3046 5377 3237 5430 θυσίαν
3283 5385 3675 5450 προσενεγκεῖν
3703 5386 3988 5456 προθυμή-

2427 5465 2549 5533 θητι
2577 5480 2590 5492 ·
2624 5464 2766 5517 οὑτω
2791 5464 2899 5536 γὰρ
2926 5467 3040 5536 ἀμα
3070 5471 3163 5523 καὶ
3188 5472 3300 5534 τοῖς
3326 5473 3537 5534 τέκνοις
3563 5475 3704 5546 ζήσῃ
3736 5480 3832 5528 καὶ
3861 5481 3988 5530 πολ-

2425 5558 2530 5610 λῶν
2574 5558 2818 5627 μεθέξεις
2866 5561 2975 5610 τῶν
3009 5563 3249 5626 ἀγαθῶν.
3301 5565 3362 5617 El
3398 5566 3507 5636 γὰρ
3536 5570 3628 5620 καὶ
3665 5571 3740 5638 μὴ
3771 5571 3867 5623 σοῦ
3897 5573 3992 5626 aii-

2425 5648 2544 5712 τῆς,
2577 5647 2693 5700 ἀλλ’
2729 5647 2822 5701 οὖν
2857 5649 2958 5700 τῶν
3006 5651 3212 5702 παίδων
3234 5653 3420 5708 ἕνεκεν
3459 5657 3666 5710 δίκαιον
3697 5659 3763 5713 ἂν
3787 5661 3876 5729 εἴη
3913 5679 3990 5715 σοι

2428 5739 2487 5790 τὸ
2516 5743 2757 5791 συνοῖσον
2810 5739 3047 5794 ιλέσθαι.
3108 5740 3198 5795 Ἐν
3223 5744 3332 5813 ὅσῳ
3366 5746 3423 5798 δὲ
3460 5748 3630 5802 ταῦτα
3661 5751 3688 5802 6
3731 5751 3990 5813 ὑπατικὸς

2431 5831 2635 5898 ἱξασκε
2686 5830 2819 5901 πρὸς
2856 5831 2954 5901 τὴν
2993 5833 3266 5903 μάρτυρα,
3305 5837 3594 5890 ὑπολαϐὼν
3623 5839 3650 5890 6
3679 5839 3785 5892 τῶν
3813 5843 3992 5908 ἐκείνῃ
