4252 6440
257 429 361 491 601

1043 423 1517 486 MABTYIUUM
1560 426 1623 482 S.
1667 421 2113 483 ANASTASIE
2158 422 2253 482 ΕΤ
2284 421 2699 483 SOCIARUM.

3394 422 3501 485 602

258 540 465 592 παίδων
490 538 857 608 πρωτότοκος,
876 536 1072 598 Εὕοδος
1093 534 1243 605 αὐτῴ
1265 532 1455 601 ὄνομα,
1487 531 1628 585 Ἀλλ’
1646 533 1829 600 ἡμεῖς,
1863 547 1899 599 Α
1939 545 2139 585 nomen
2183 545 2278 583 cra

1939 545 2139 585 nomen
2183 539 2303 585 erat
2354 528 2594 584 Evodius
2627 547 2639 581 :
2671 531 2739 583 At
2788 546 2906 593 nos,
2959 530 3173 601 inquit,
3208 548 3241 587 ο
3276 548 3499 602 praeses,

261 626 569 700 ὣήγεμὼν,
602 630 731 699 ἔφη,
761 631 864 693 τὰς
895 629 1004 682 τῶν
1038 626 1341 694 ἀνθρώπων
1376 624 1631 691 οὐδαμῶς
1661 622 1830 676 δεδοι-

260 739 436 791 καμεν
476 722 767 793 τιμωρίας,
821 722 878 775 αῖ
908 720 1124 790 σώματι
1174 719 1272 787 μὶν
1307 717 1639 789 ἀφθαρσίαν,
1681 717 1864 785 ψυχῇ.

263 814 320 869 δὲ
356 816 555 884 μᾶλλον
578 816 877 868 ἀθανασίαν
906 814 1132 867 εἰώθασι
1158 813 1443 882 προξενεῖν
1467 810 1666 877 ἀλλ’,ὲν
1698 810 1832 862 ταύ·

260 924 377 970 ταις
411 907 612 977 μικροῦ
644 909 749 962 δέω
780 908 963 975 λέγειν
1000 908 1057 959 ὲν
1098 906 1198 976 ἴσῳ
1225 906 1319 958 καὶ
1358 904 1617 972 εὐωχίαις
1669 907 1832 955 ἑπευ-

261 1000 625 1068 φραινόμεθα.
695 1001 1033 1068 Δεδοίκαμεν
1062 999 1118 1050 δὲ
1155 999 1290 1050 θεὸν
1333 997 1554 1067 μᾶλλον,
1599 988 1643 1062 ᾧ
1672 995 1831 1047 δύνα-

266 1107 355 1157 μις
386 1093 477 1141 καὶ
505 1091 682 1159 ψυχὴν
720 1092 812 1142 καὶ
858 1090 1017 1159 σῶμα
1068 1087 1490 1159 τιμωρήσασθαι
1523 1089 1580 1139 ἐν
1614 1088 1830 1155 γεέννῃ.

262 1181 372 1232 Καὶ
396 1182 422 1233 6
458 1181 725 1242 ὑπατικὸς
757 1182 882 1243 τοὺς
914 1179 1229 1247 ὀφθαλμοὺς
1260 1176 1535 1230 ἐπιϐαλὼν
1556 1176 1633 1246 τῷ
1658 1176 1831 1239 παιδὶ,

271 1271 453 1339 Ὁρῶν
507 1289 564 1325 σε
627 1272 826 1341 κομιδῆ
884 1273 980 1342 τὴν
1040 1271 1262 1341 ἠλικίαν
1295 1267 1672 1331 ἀτελέστῖιτον,
1704 1268 1829 1335 ἔφη,

261 1362 563 1431 θαυμάζειν
592 1364 701 1432 ἔχω
728 1364 843 1426 πῶς
873 1380 1001 1416 ποτε
1024 1362 1167 1414 οὕτω
1197 1361 1368 1415 ταῦτα
1400 1362 1490 1413 καὶ
1518 1362 1669 1430 παρά
1690 1361 1832 1422 τίνος

260 1458 613 1528 ἐξεπονήθηε,
641 1458 675 1511 ἀ
725 1457 879 1527 μόλις
930 1457 1114 1509 πολλοὶ
1163 1457 1255 1509 καὶ
1284 1456 1459 1524 χρόνῳ
1506 1454 1702 1525 μακρῷ
1740 1455 1833 1507 καὶ

259 1554 409 1617 πόνῳ
442 1549 620 1619 πολλῷ
651 1550 883 1602 κτᾶσθαι
918 1550 1140 1616 nep-3x1
1183 1566 1251 1601 ιν.
1296 1548 1411 1613 ‘E'p’
1446 1541 1525 1609 οἷς
1559 1546 1833 1615 εὐκαίρως

258 1645 284 1693 ὀ
314 1648 438 1704 παῖς
474 1643 805 1711 ἀπεκρίνατο
829 1659 842 1672 ·
881 1643 938 1695 '0
987 1640 1175 1711 Σωτὴρ
1224 1639 1380 1710 ἡμῶν
1425 1641 1518 1691 καὶ
1552 1640 1834 1707 Δεσπότης

262 1735 355 1783 καὶ
390 1733 596 1803 Κύριος
670 1733 875 1803 Ἰησοῦς
904 1734 1136 1801 Χριστὸς
1183 1734 1345 1795 αὐτός
1374 1736 1521 1786 ἐστιν
1557 1731 1829 1801 εἰρηκώςο

266 1844 282 1873 ι
322 1827 490 1877 Ὅταν
524 1829 615 1878 ἐπὶ
642 1826 881 1894 βασιλεῖς
906 1828 1109 1897 ἀχθῆτε
1149 1828 1243 1879 καὶ
1294 1828 1591 1895 ἡγεμόνας,
1630 1826 1704 1895 μὴ
1742 1843 1833 1894 με·

1936 623 2221 676 ltotuinum
2282 623 2550 691 supplicia
2614 638 2958 692 nequaquam
3016 626 3497 693 pertimescimus.

1934 731 2055 784 qua:
2081 716 2299 783 corpori
2329 715 2549 782 quidem
2580 715 3075 785 incorruptionem,
3095 718 3294 771 animae
3312 726 3497 771 autem

1934 810 2119 877 potius
2168 808 2634 861 immortalitatem
2688 808 2869 863 solent
2918 810 3234 875 conciliare,
3278 811 3380 864 srd
3431 810 3500 864 iis

1935 912 2128 965 parum
2155 897 2309 951 abest
2336 896 2471 965 quin
2496 896 2696 960 dicam,
2724 914 2877 968 aeque
2895 914 2961 954 ac
2977 900 3230 953 convivio
3253 901 3497 955 delecta-

1935 1004 2076 1041 mur.
2125 990 2292 1042 Deum
2324 1004 2456 1044 vero
2502 991 2684 1059 potius
2714 991 2990 1055 timemus,
3028 992 3121 1057 qui
3171 1002 3350 1062 potest
3379 994 3502 1046 ani-

1935 1096 2076 1135 mam
2100 1090 2157 1134 et
2179 1095 2377 1150 corpus
2402 1084 2595 1150 punire
2625 1083 2677 1135 in
2701 1084 2967 1152 gehenna.
2989 1085 3289 1139 Procousul
3314 1096 3498 1139 autem

1934 1174 2107 1229 oculis
2135 1175 2185 1227 in
2212 1190 2439 1243 puerum
2468 1177 2730 1245 conjectis
2756 1194 2768 1227 ε
2795 1176 2930 1232 Cum
2958 1178 3167 1231 videam
3201 1188 3270 1243 te,
3300 1180 3491 1255 inqu't.

1934 1275 2095 1321 rotate
2129 1267 2424 1321 admodum
2465 1268 2847 1336 imperfectum
2876 1309 2890 1333 ,
2942 1271 3111 1323 miror
3139 1273 3417 1338 quomodo
3449 1283 3505 1325 et

1935 1373 1965 1410 a
2001 1372 2111 1427 quo
2134 1359 2247 1412 haec
2268 1359 2346 1412 sic
2373 1359 2635 1421 didicisti,
2665 1376 2785 1423 qua:
2804 1362 2891 1414 vix
2917 1362 3069 1415 multi
3099 1372 3155 1414 et
3180 1363 3342 1431 longo
3369 1373 3505 1431 tctu-

1936 1466 2067 1521 pore
2094 1461 2150 1505 et
2181 1451 2364 1504 labore
2396 1460 2523 1505 sunt
2551 1455 2858 1506 consecuti.
2889 1454 3099 1517 Quibus
3140 1468 3277 1521 puer
3304 1444 3504 1522 opper—

1937 1550 2067 1594 tune
2100 1542 2382 1609 respondit
2408 1556 2423 1595 :
2452 1542 2709 1597 Servator
2746 1553 2934 1597 noster
2958 1553 3012 1597 et
3036 1545 3300 1598 Dominus
3331 1543 3498 1599 Jesus

1936 1631 2210 1699 Christus,
2248 1634 2363 1702 ipse
2391 1642 2476 1687 est
2517 1634 2610 1701 qui
2648 1634 2786 1687 dixit
2824 1651 2838 1687 :
2892 1652 2909 1684 ι
2946 1632 3177 1700 Quando
3214 1633 3499 1689 ducemini

1936 1723 2003 1777 ad
2058 1739 2213 1793 reges
2258 1732 2314 1777 et
2362 1725 2656 1793 praesides,
2712 1726 2881 1780 nolite
2934 1727 3176 1795 cogitare
3230 1726 3363 1795 quid
3415 1726 3499 1781 lo-

1936 1816 2205 1884 quamini.
2253 1816 2477 1869 Dabitur
2524 1817 2671 1870 enim
2702 1816 2855 1872 vobis
2883 1818 2937 1870 in
2970 1818 3059 1871 illa
3094 1818 3225 1872 hora
3260 1819 3391 1888 quid
3421 1821 3501 1873 lo-

261 1918 568 1986 ρεμνήσητε
596 1920 646 1970 τί
668 1919 948 1990 λαλήσετςο
976 1918 1263 1989 δοθήσεται
1289 1920 1397 1989 γὰρ
1417 1920 1545 1984 ὑμῖν
1571 1921 1831 1988 ὲνὲκεενῃ
1866 1902 1905 1957 Β
1934 1908 2177 1976 quamini
2207 1908 2228 1939 ⁸
2265 1950 2276 1961 .

1934 1908 2177 1976 quamini
2207 1908 2228 1939 ⁸
2265 1909 2477 1963 ,ιΝυηο
2518 1924 2646 1979 ergo
2691 1920 2818 1964 sunt
2854 1912 2967 1965 haec
2999 1926 3108 1964 non
3136 1926 3276 1975 mea,
3323 1925 3503 1979 neque

258 2014 325 2079 τῇ
365 2010 482 2081 ῶρᾳ
520 2014 569 2063 τί
614 2000 895 2081 λαλήσετε.
930 2031 946 2062 ι
989 2011 1100 2064 Νῦν
1121 2008 1213 2065 οὖν
1245 2014 1344 2066 οὐκ
1382 2014 1488 2082 sps
1508 2011 1681 2064 ταῦτα
1713 2013 1831 2065 οὐδὲ

259 2104 612 2172 ἀνθρωπίνης
666 2105 852 2171 σοφίας
896 2105 943 2155 oi
992 2105 1173 2171 λόγοιο
1231 2103 1410 2173 ἀλλ’ἢ
1465 2105 1563 2174 μὲν
1618 2106 1832 2171 γλῶττα

260 2198 481 2259 πάντως
517 2197 642 2266 ἐμὴ,
699 2196 835 2249 Θεοῦ
866 2196 920 2249 δὲ
953 2198 1017 2249 τὰ
1059 2198 1277 2267 ῥήματα
1332 2198 1611 2266 ἄντικρυς.
1667 2199 1776 2249 Καὶ
1806 2200 1833 2249 6

258 2286 545 2355 δικαστὴς,
571 2287 759 2356 ῶσπερ
788 2288 885 2355 τῆς
916 2289 1120 2357 μητρὸς
1152 2288 1424 2355 ἀπογνοὺς
1444 2289 1536 2339 καὶ
1564 2287 1657 2339 τοῦ
1694 2287 1833 2357 πρώ-

260 2396 357 2430 του
392 2378 497 2429 τῶν
532 2379 759 2443 παίδων,
793 2380 883 2431 ἐπὶ
920 2378 1045 2441 τοὺς
1084 2378 1276 2441 ἄλλους
1308 2385 1405 2447 τὴν
1430 2380 1718 2447 διάπειραν
1742 2396 1833 2448 με·

260 2470 519 2539 ταςνέρει.
582 2471 966 2540 ἀτελεστέρους
1010 2471 1089 2523 ἔτι
1144 2471 1241 2539 τὴν
1293 2472 1509 2539 ἠλικίαν
1549 2471 1689 2540 ὀρῶν
1740 2470 1835 2523 καὶ

262 2562 438 2629 ταύτῃ
470 2560 533 2628 δὴ
586 2560 680 2611 καὶ
714 2547 1081 2629 παραπεὶσὲιν
1112 2561 1380 2628 οἰόμενος.
1422 2561 1575 2611 Ἐπεὶ
1612 2561 1664 2612 δὲ
1701 2562 1835 2630 πρὸς

264 2654 363 2719 τὴν
397 2654 589 2721 εὐγενῆ
650 2650 807 2720 ῥίζα-ι
856 2651 1008 2702 οὐδὲν
1041 2653 1086 2703 οἰ
1146 2653 1330 2703 κλάδοι
1365 2654 1833 2722 παραλλάττοντες

263 2743 549 2811 ὤφθησαν,
583 2742 693 2795 ἀλλ’
722 2744 1022 2795 ἐδείκνυντο
1042 2745 1134 2794 καὶ
1162 2746 1281 2806 ταῖς
1304 2742 1551 2812 γνώμαις
1578 2744 1626 2794 ει
1654 2745 1834 2805 παῖδες

270 2834 367 2902 τῆς
395 2837 492 2902 μὲν
524 2836 707 2897 τέκνα,
742 2834 834 2886 τοῦ
867 2836 921 2886 δὲ
948 2835 1190 2901 ἀδελφοὶ,
1233 2836 1393 2887 πάλιν
1418 2835 1549 2904 πρὸς
1580 2835 1679 2904 τὴν
1716 2853 1837 2903 μη-

267 2930 404 2997 τέρα
436 2928 527 2980 καὶ
564 2930 651 2980 τὸν
679 2929 895 2997 πρῶτον
947 2928 1056 2980 τῶν
1107 2927 1453 2995 αὑταδέλφωι
1504 2930 1833 2998 μεταχωρεῖ,

283 3024 710 3091 Ἐπιστράφητε,
740 3021 933 3089 λέγων,
972 3024 1103 3090 πρές
1150 3023 1218 3073 τὰ
1244 3024 1485 3091 ὑμέτερα
1526 3025 1835 3091 σπλάγχνα,

272 3114 537 3184 φείσασθε
571 3114 676 3165 τῶν
706 3116 913 3179 νηπίων
949 3116 1054 3166 τῶν
1086 3114 1331 3179 ἁπαλῶν,
1366 3118 1470 3166 τῶν
1501 3117 1727 3183 ἀώρων·
1765 3115 1839 3185 μὴ

274 3203 560 3272 περιίδητε
586 3203 704 3255 κατ’
734 3202 1047 3271 ὀφθαλμοὺς
1083 3206 1234 3273 ὑμῶν
1258 3204 1441 3267 κακῶς
1467 3206 1834 3274 ἀπολλύμενα.

346 3292 471 3346 ΛΒ’.
504 3292 678 3344 Πολλὰ
709 3293 930 3344 τοιαῦτα
983 3293 1172 3355 εἰπὼν,
1219 3295 1339 3345 ἐπεὶ
1376 3295 1498 3354 τοὺς
1537 3295 1723 3361 λόγους
1758 3296 1837 3356 εἰς

272 3385 412 3452 ἀέρα
442 3384 562 3452 εἰκῆ
610 3383 901 3452 χεομένους
957 3384 1123 3451 ἑώρα,
1166 3386 1255 3435 τὸν
1284 3386 1448 3436 παῖδα
1473 3385 1686 3437 κελεύει
1719 3385 1838 3438 κατ’

273 3475 400 3543 ὄψιν
433 3474 538 3525 τῶν
567 3473 845 3541 μητρικῶν
868 3473 1163 3541 ὀφθαλμῶν
1197 3475 1432 3543 ἀνηλεῶς
1467 3475 1837 3545 ῥαϐδίζεσθαι.

285 3566 351 3617 ἸΙ
396 3565 447 3617 δὲ
476 3565 695 3631 γενναία
724 3566 907 3633 μήτηρ
937 3566 1116 3635 ὁρῶσα
1140 3566 1235 3633 οὐχ
1269 3568 1415 3625 ὅπως
1444 3566 1595 3617 οὐδὲν
1620 3567 1841 3633 ἀγεννὲς

273 3657 308 3726 ἢ
354 3657 670 3727 πέπονθενῆ
702 3657 1016 3725 ἐφθέγξατο,
1042 3656 1155 3710 ἀλλ’
1188 3658 1376 3726 ῶσπερ
1411 3658 1702 3727 ἐνηδομένη
1722 3662 1840 3720 ταῖς

272 3748 366 3801 τοῦ
392 3749 644 3815 φιλτάτου)
672 3748 926 3818 πληγαῖς,
952 3748 1151 3817 φαιδρά
1180 3749 1481 3818 παρίστατο
1505 3754 1615 3810 τοῖς
1637 3751 1839 3817 ὀφθαλ-

279 3843 397 3909 μοῖς
426 3840 741 3893 διανεύουσα
765 3840 841 3907 τῷ
864 3841 1121 3909 σχήματι,
1138 3842 1479 3911 παρορμῶσα
1504 3845 1614 3901 ’τοῖς
1640 3843 1838 3910 λόγοις,

275 3932 689 3999 παρακαλοῦσα,
742 3933 833 4000 Μὴ
880 3933 1184 4002 ὐποπὲσῃς,
1214 3933 1464 3998 λέγουσα,
1496 3936 1629 3986 παῖ’
1661 3934 1839 4003 στῆθι,

273 4028 489 4087 τζκνον,
522 4023 781 4088 γενναίως
814 4024 1029 4092 μικρὸν,
1080 4026 1203 4076 ὅσον
1234 4024 1327 4076 καὶ
1370 4025 1468 4085 τὰς
1498 4025 1582 4076 διὰ
1610 4026 1843 4094 Χριστὸν

274 4114 476 4175 ταύτας
507 4116 718 4181 πληγὰς
741 4118 894 4183 τιμαὶ
926 4118 1019 4166 καὶ
1054 4117 1303 4182 στέφανοι
1332 4115 1680 4178 διαδέξονται.
1708 4117 1843 4168 Τού-

274 4221 388 4266 τοις
422 4210 511 4257 καὶ
546 4207 777 4275 μάλιστα
832 4211 922 4260 τὸν
957 4207 1129 4275 θυμὸν
1193 4213 1220 4262 6
1246 4208 1509 4271 ὑπατικὸς
1557 4210 1845 4272 ἑκκαυθεὶς

276 4295 488 4364 πονηρά
511 4296 818 4364 paulatim-4t
848 4300 966 4358 ταῖς
990 4298 1084 4350 τοῦ
1113 4302 1351 4370 πονηροῦ
1372 4301 1623 4369 δαίμονος
1646 4300 1783 4353 ὐποθ
1795 4304 1845 4371 ἡ·

278 4404 424 4449 καις.
470 4388 647 4457 Ἀνδρὶ
680 4392 789 4459 γὰρ
823 4381 1043 4455 ἀσελγεῖ
1083 4394 1177 4445 καὶ
1211 4394 1347 4462 πρὸς
1380 4392 1585 4462 ἔρωτας
1617 4394 1846 4463 ἀκρατεί

276 4482 377 4551 τὴν
402 4482 736 4550 σεμνοτάτην
760 4482 1055 4537 ἐκδίδωσιν.
1110 4484 1247 4535 Ἀλλ’
1290 4485 1388 4536 οὐκ
1430 4483 1616 4553 ἔμελλε
1647 4489 1842 4555 χαιρήο

1936 1999 2187 2053 humana:
2212 2000 2493 2066 sapientia:
2521 2001 2687 2054 verba
2717 2041 2730 2062 ,
2763 2001 2854 2053 scd
2888 2002 3111 2055 omnino
3140 2001 3358 2070 quidem
3382 2015 3503 2055 mea

1935 2099 2016 2144 est
2064 2090 2269 2159 lingua,
2319 2100 2507 2159 aperte
2545 2102 2728 2147 autem
2785 2092 2879 2145 Dei
2927 2102 3055 2147 sunt
3100 2094 3290 2147 verba.
3324 2093 3501 2147 Judex

1936 2197 2093 2246 vero,
2132 2181 2304 2235 veluti
2328 2183 2396 2235 de
2419 2192 2588 2237 matre
2618 2199 2767 2252 Spem
2800 2184 3087 2254 abjiciens,
3129 2195 3186 2239 et
3221 2186 3290 2239 dc
3323 2187 3500 2255 primo

1934 2273 2054 2343 ejus
2082 2273 2215 2335 ﬁlio,
2248 2288 2307 2327 se
2345 2276 2603 2329 transfert
2633 2278 2698 2329 ad
2732 2278 2869 2330 alios
2901 2278 3210 2341 lentandus,
3257 2293 3353 2332 eos
3407 2279 3493 2331 vi-

1934 2363 2070 2419 deus
2102 2376 2260 2421 aetate
2284 2383 2403 2421 esse
2432 2368 2889 2438 itnperfectiorcs,
2918 2380 3117 2439 putans
3150 2371 3289 2436 fore,
3324 2382 3378 2425 ut
3403 2387 3502 2428 cos

1935 2456 2001 2509 ad
2038 2472 2193 2511 suam
2232 2458 2543 2514 traduceret
2583 2463 2931 2515 sententiam.
2965 2461 3257 2531 Postquam
3306 2473 3494 2518 autem

1936 2549 2037 2603 visi
2074 2561 2201 2605 sunt
2231 2554 2365 2605 rami
2398 2552 2533 2605 nihil
2567 2554 2790 2608 differre
2819 2570 2849 2608 a
2875 2570 3135 2625 generosa
3161 2558 3363 2621 radice,
3397 2557 3497 2614 sed

1938 2640 2298 2693 ostenderunt
2352 2644 2505 2710 pueri
2557 2658 2615 2697 se
2662 2644 2810 2698 illius
2860 2645 3082 2713 quidem
3130 2647 3287 2711 filios,
3339 2648 3499 2718 hujus

1937 2744 2070 2783 vero
2103 2745 2223 2785 esse
2253 2732 2473 2797 fratres,
2504 2749 2562 2788 se
2590 2751 2781 2789 rursus
2830 2736 3089 2791 transfert
3127 2737 3196 2793 ad
3244 2748 3500 2805 matrem,

1937 2829 1992 2873 et
2018 2821 2191 2873 filium
2218 2824 2338 2889 ejus
2359 2826 2783 2893 primogenitum
2811 2845 2823 2879 :
2851 2825 3501 2897 Convertimini,diccns,

1938 2912 2006 2965 ad
2036 2925 2217 2968 vestra
2241 2916 2473 2969 viscera.
2503 2918 2714 2973 Parcite
2750 2922 2954 2973 teneris
2985 2921 3284 2977 infantibus
3312 2926 3504 2978 imma—

1941 3007 2098 3059 turis.
2134 3008 2313 3063 Nolite
2345 3011 2532 3066 videre
2577 3028 2673 3067 eos
2720 3024 2845 3069 ante
2879 3025 3092 3071 vestros
3136 3019 3326 3073 oculos
3362 3021 3504 3074 male

1940 3110 2250 3168 pereuntes.

2011 3280 2228 3337 XXXII.
2269 3281 2404 3336 Cum
2440 3285 2608 3337 multa
2665 3286 2938 3354 ejusmodi
2964 3287 3213 3353 dixisset,
3242 3301 3297 3346 et
3335 3295 3505 3349 vitiis-

1942 3381 2022 3426 set
2056 3374 2220 3427 verba
2254 3383 2459 3429 temere
2486 3376 2638 3429 fundi
2672 3377 2724 3429 in
2758 3393 2964 3445 aerem,
2992 3382 3149 3449 jubet
3176 3384 3347 3438 filium
3378 3401 3507 3443 ante

1942 3466 2130 3520 oculos
2166 3470 2354 3521 matris
2389 3469 2691 3523 crudeliter
2716 3472 2851 3525 cadi
2902 3475 3085 3539 virgis.
3123 3476 3278 3542 Quod
3313 3481 3508 3537 videns

1940 3572 2203 3625 generosa
2245 3570 2437 3619 mater,
2481 3576 2586 3613 non
2630 3563 2790 3615 modo
2847 3566 2980 3620 nihil
3043 3566 3365 3623 indecorum
3412 3583 3510 3627 aut

1944 3651 2130 3719 gessit,
2165 3662 2257 3703 aut
2295 3660 2380 3703 est
2429 3653 2633 3715 locuta,
2683 3654 2779 3706 sed
2827 3656 2991 3708 etiam
3042 3658 3212 3712 veluti
3263 3663 3508 3729 gaudens

1944 3743 2113 3811 plagis
2142 3744 2448 3796 charissimi
2484 3744 2602 3805 filii,
2639 3747 2812 3798 astitit
2840 3748 3057 3813 alacris,
3083 3765 3334 3808 annuens
3366 3771 3505 3811 ocu~

1942 3834 2030 3895 lis,
2062 3844 2218 3903 gestu
2252 3836 2509 3901 incitans,
2542 3839 2724 3891 verbis
2768 3840 3069 3896 adhortans
3100 3860 3114 3896 :
3142 3844 3219 3898 Ne
3255 3862 3509 3904 succum-

1944 3924 2061 3985 bas,
2095 3924 2287 3978 dicens
2312 3964 2326 3987 ,
2359 3940 2390 3978 ο
2434 3926 2543 3991 fili;
2577 3937 2656 3979 sta
2691 3928 2928 3994 fortiter,
2960 3943 3108 3986 nate.
3148 3934 3255 3990 Has
3278 3950 3504 4008 propter

1911 4015 2223 4071 .Citristum
2268 4017 2452 4085 plagas
2504 4018 2743 4071 honores
2764 4031 2820 4073 et
2846 4038 3062 4076 (ειη-ωηο
3082 4026 3378 4095 excipient.
3410 4032 3508 4087 llis

1947 4109 2241 4175 proconsul
2298 4112 2381 4162 vel
2426 4111 2610 4162 animo
2670 4112 2904 4165 maxime
2952 4115 3230 4183 incensus,
3282 4121 3513 4192 maligni-

1946 4199 2207 4251 dammuis
2239 4201 2588 4266 suggestione
2626 4203 2935 4269 improbum
2979 4207 3127 4275 capit
3170 4212 3503 4279 consilium,

1944 4289 2063 4343 viro
2083 4292 2231 4343 enim
2261 4292 2525 4358 petulanti
2584 4304 2639 4346 et
2666 4293 2733 4345 ad
2765 4310 2980 4349 amores
3014 4296 3373 4357 incontinenti
3403 4306 3508 4361 tra-

1944 4383 2027 4435 dit
2058 4383 2199 4436 hanc
2226 4384 2510 4437 mulierem
2543 4384 2809 4453 inprimis
2841 4390 3235 4443 venerandam.
3263 4392 3369 4448 Sed
3397 4412 3506 4451 non

1944 4484 2066 4529 erat
2102 4475 2391 4529 insolentis
2435 4475 2673 4531 hominis
2726 4476 2973 4533 futurum
3012 4480 3333 4538 diuturnum
3374 4503 3509 4556 gau-

279 4588 394 4623 σειν
431 4572 458 4621 ὁ
485 4571 764 4640 ὑϐριστής,
835 4571 921 4633 Ὠς
976 4572 1081 4641 γὰρ
1132 4571 1195 4642 δὴ
1236 4574 1325 4624 καὶ
1375 4574 1533 4642 μόνον
1568 4574 1595 4625 ὀ
1652 4575 1844 4644 μιαρὸς
1882 4593 1920 4644 υ
1949 4566 2121 4620 dium.
2154 4568 2281 4621 Nam

1911 4600 1920 4639 ,
1949 4566 2121 4620 dium.
2154 4568 2286 4621 Nam
2316 4580 2598 4637 postquam
2636 4584 2753 4622 eam
2776 4571 2861 4624 vel
2889 4572 3074 4625 solum
3098 4575 3279 4645 attigit
3305 4576 3510 4648 Hyrta-

273 4665 552 4745 λΥρτακὸς
590 4664 786 4732 ἥψατο,
814 4664 969 4715 τοῦτο
1003 4666 1111 4734 γὰρ
1152 4665 1419 4728 ἐκαλεῖτο,
1467 4664 1663 4719 αὐτίκα
1701 4666 1759 4717 τό
1782 4680 1841 4716 τε

277 4758 567 4825 πρόσωπον
586 4755 729 4808 inv
756 4756 1034 4824 ἠλλοιοῦτο
1058 4757 1149 4809 καὶ
1180 4756 1289 4809 τῶν
1329 4756 1493 4825 ῥινῶν
1511 4752 1647 4824 αἷμα
1674 4773 1839 4809 ποτα-

280 4847 446 4916 μηδον
501 4848 756 4915 ἀπέρρει,
796 4847 887 4897 καὶ
926 4845 1044 4896 οὐδὲ
1103 4847 1293 4915 ὲνορᾷν
1324 4848 1390 4916 τῇ
1430 4846 1663 4915 μάρτυρι
1691 4846 1842 4909 δέους

276 4942 406 4993 ἀνευ
438 4941 808 5008 συνεχωρεῖτο.
834 4939 987 5005 Φωνῇ
1020 4938 1304 5005 τοιγαροῦν
1349 4939 1558 5009 μεγάλῃ
1588 4940 1723 5006 πρὸς
1750 4940 1863 5001 τὸν,

277 5032 543 5085 ὑπατικὸν
585 5030 909 5100 ἀνέκραγεν,
950 5030 1065 5098 ἅμα
1095 5030 1265 5097 λέγων
1297 5030 1396 5101 τὴν
1428 5033 1583 5100 χεῖρα
1613 5034 1679 5099 τῇ
1708 5031 1844 5085 Θεο-

276 5127 406 5195 δότῃ
464 5124 741 5177 ἐπιϐαλεῖν
782 5127 873 5177 καὶ
920 5126 1043 5176 ,νέον
1100 5124 1222 5176 τινὰ
1274 5124 1400 5179 ἰδεῖν
1458 5126 1707 5195 εὐπρεπῆ
1737 5126 1838 5197 τὴν

278 5217 431 5277 θέαν,
467 5214 717 5285 εὐπρεπῆ
767 5215 865 5285 τὴν
894 5214 1108 5284 στολὴν,
1156 5216 1591 5285 συμπαρεστῶτα
1616 5220 1677 5286 τῇ
1708 5216 1839 5268 Θεο-

277 5306 429 5378 δότῃ,
466 5306 519 5368 6;
551 5307 709 5359 αὑτὸν
746 5306 840 5357 καὶ
873 5308 1010 5357 κατὰ
1036 5306 1238 5375 κόρρης
1272 5307 1470 5369 παίσας
1494 5308 1619 5368 τούς
1648 5325 1706 5359 τε
1736 5326 1839 5378 μυ-

282 5400 491 5467 κτῆρας
539 5398 818 5466 συνέτριψε
872 5399 968 5449 καὶ
999 5399 1058 5450 τὸ
1092 5400 1398 5469 καταρρέον
1426 5394 1565 5466 αἷμα
1610 5399 1701 5451 διὰ
1733 5399 1842 5451 τῶν

282 5488 446 5558 ῥινῶν
478 5487 735 5557 φέρεσθαι
794 5488 1222 5557 παρεσκεύασεν.
1287 5490 1423 5541 Ἀλλ’
1452 5491 1480 5541 6
1513 5489 1708 5559 τυφλὸς
1747 5492 1844 5560 οὐχ

282 5582 452 5651 ἑώρα,
491 5582 581 5632 καὶ
609 5583 637 5633 6
691 5582 944 5642 ἀσύνετος
1000 5580 1262 5642 ὑπατικὸς
1309 5582 1369 5633 οὺ
1404 5582 1595 5642 συνίει,
1648 5583 1755 5633 οὐδ’
1797 5585 1843 5634 εἰ

268 5674 361 5740 ⁸μή
385 5687 436 5724 τι
482 5672 609 5724 ἀλλο
631 5671 691 5723 τὸ
729 5673 957 5738 ἐναργὲς
988 5671 1267 5740 ηὐλαϐήθη
1318 5671 1409 5724 τοῦ
1444 5673 1715 5740 θαύματος
1751 5677 1841 5726 καὶ

396 5855 415 5884 ⁸
446 5854 632 5907 Matth.
672 5869 703 5905 δ
739 5893 751 5918 ,
788 5854 873 5919 l8,
910 5855 989 5908 19.

1948 4675 2046 4714 cus
2076 4661 2171 4729 (ita
2204 4662 2351 4715 enim
2378 4662 2722 4729 vocabatur),
2753 4672 2899 4717 totus
2930 4665 3109 4720 vultus
3140 4670 3391 4735 protinus
3427 4680 3512 4725 est

1952 4760 2210 4818 mutatus,
2258 4764 2315 4809 et
2368 4768 2471 4807 nec
2528 4768 2852 4808 concessum
2902 4755 3124 4824 quidem
3164 4769 3248 4813 est
3305 4760 3510 4818 intueri

1953 4854 2248 4914 martyrem
2280 4844 2398 4898 sine
2430 4845 2646 4899 timore.
2683 4846 2870 4915 Itaque
2915 4861 3106 4918 magna
3143 4864 3277 4905 voce
3303 4854 3511 4908 clama-

1952 4939 2031 4992 vit
2064 4938 2132 4991 ad
2168 4938 2550 5005 proconsulem
2574 4976 2590 4999 .
2626 4937 2821 4992 dicens
2850 4954 2909 4993 se
2952 4954 3075 4994 cum
3111 4943 3348 5011 primum
3390 4960 3509 5000 ma-

1918 5045 1920 5048 '
1950 5046 2079 5086 num
2112 5031 2297 5100 injecit
2325 5030 2380 5084 in
2406 5029 2764 5095 Theodotem,
2797 5031 2997 5087 vidisse
3026 5034 3319 5102 quemdam
3346 5037 3508 5107 juve-

1951 5140 2097 5188 nem,
2136 5123 2284 5177 vultu
2333 5123 2637 5177 formosum
2672 5134 2728 5178 et
2758 5124 2947 5178 habitu
2996 5125 3298 5192 decorum,
3344 5132 3509 5186 simul

1951 5218 2142 5271 adesse
2171 5231 2294 5268 cum
2327 5215 2628 5279 Theodote,
2659 5216 2753 5284 qui
2798 5216 2846 5268 ei
2895 5217 3114 5281 incusso
3161 5220 3417 5290 colapho,
3455 5234 3509 5278 et

1951 5324 2112 5362 nares
2150 5307 2428 5371 contrivit,
2458 5316 2514 5361 et
2546 5316 2603 5360 ut
2633 5322 2730 5377 per
2753 5322 2847 5361 cas
2874 5310 3098 5378 sanguis
3127 5322 3394 5375 manaret.
3424 5316 3508 5368 ef-

1948 5402 2095 5455 fecit.
2129 5400 2237 5454 Sed
2264 5416 2372 5453 non
2411 5400 2630 5454 videbat
2656 5414 2852 5463 cacus,
2881 5410 2937 5454 et
2980 5402 3180 5455 stultus
3211 5406 3507 5473 proconsul

1951 5493 2173 5546 minime
2208 5490 2563 5560 intelligebat,
2590 5505 2645 5545 et
2680 5508 2881 5561 neque,
2924 5492 2967 5547 si
2997 5492 3132 5548 nihil
3164 5496 3310 5549 aliud
3346 5496 3509 5549 mira-

1955 5585 2065 5639 ctrli
2128 5586 2400 5638 reveritus
2467 5582 2571 5636 fuit
2624 5583 2996 5650 evidentiam,
3055 5586 3266 5641 destitit
3310 5586 3500 5641 adver-

1952 5695 2046 5732 sus
2106 5692 2225 5732 eam
2256 5677 2609 5732 contendere.
2663 5678 2766 5732 Sed
2809 5693 2930 5732 cum
2969 5693 3092 5733 eam
3158 5693 3352 5734 rursus
3378 5678 3505 5735 s‘sti
