4252 6440
781 356 894 418 603

1977 359 2264 420 MENSIS
2307 362 2734 426 DECEMRER.

3921 369 4030 428 ωί

772 477 1051 532 curasset,
1096 470 1336 522 minatus
1385 476 1469 521 est
1518 483 1575 521 se
1626 467 1675 522 ei
1723 483 1841 521 esse
1879 467 2198 529 illaturum,
2229 480 2349 534 qua:
2381 471 2422 524 Α

2381 471 2422 524 Α
2454 469 2550 536 τῆς
2575 471 2713 540 πρὸς
2748 474 2919 542 αὐτὴν
2944 477 3153 545 ἐπέστη
3187 476 3515 544 φιλονεικίας
3541 495 3553 508 ο
3586 475 3718 530 ά)λὰ
3753 475 3846 528 καὶ
3869 475 4029 534 αὖθις

773 560 1107 615 videbantur
1132 563 1378 614 omnium
1405 560 1729 630 gravissima
1761 577 1774 614 ;
1801 558 1915 613 Nisi
1942 559 2098 622 deos,
2122 557 2337 620 dicens,

775 650 1116 704 immortales
1151 651 1414 714 colueris,
1461 651 1736 704 interfecti
1786 651 1988 705 cadent
2031 659 2159 704 ante
2215 658 2340 703 tuos

774 743 964 796 oculos
1009 742 1126 796 lilii.
1189 742 1288 796 llla
1342 753 1526 796 autem
1564 759 1576 794 :
1612 742 1708 796 Vel
1765 743 1888 803 hoc,
1947 741 2148 810 inquit,
2205 741 2337 794 olim

778 834 1010 886 innxime
1041 835 1193 888 sitio.
1241 833 1330 888 Sic
1355 835 1502 889 enim
1540 851 1665 888 cum
1698 850 1848 888 meos
1881 834 2023 887 filios
2054 835 2244 887 vivens
2271 833 2339 886 ad

775 926 1054 981 Chrismm
1089 928 1430 996 pmmisero,
1477 939 1536 983 ct
1589 938 1844 996 tanquam
1898 929 1950 981 in
2002 937 2122 981 tuto
2177 934 2336 994 portu

774 1021 1136 1079 constituero.
1172 1020 1372 1075 deinde
1419 1037 1521 1091 ego
1552 1036 1753 1089 sequar
1795 1020 2021 1090 vestigia
2052 1061 2065 1083 ,
2101 1020 2235 1073 adeo
2280 1026 2341 1071 ut

777 1120 902 1177 apte
931 1111 1133 1179 possim
1168 1126 1403 1166 canere:
1432 1131 1449 1164 ι
1485 1113 1622 1169 Εοω
1651 1127 1754 1180 ego
1780 1119 1833 1165 et
1861 1111 1980 1172 lilii,
2027 1125 2163 1178 quos
2203 1107 2339 1160 mihi

774 1198 997 1263 dedisti,
1029 1201 1172 1254 Deus
1190 1205 1230 1254 ‘.
1263 1220 1281 1252 ι

846 1376 1081 1431 XXXIII.
1119 1377 1214 1430 His
1243 1377 1412 1446 magis
1440 1377 1799 1432 conturbatus
1832 1377 2150 1445 proconsul,
2180 1378 2342 1447 jussit

782 1488 905 1526 eam
941 1472 1047 1540 igni
1079 1471 1216 1525 tradi
1261 1473 1424 1525 simul
1455 1489 1577 1526 cum
1623 1471 1769 1525 filiis.
1817 1473 2110 1537 Postquam
2153 1481 2337 1523 autem

778 1565 968 1618 (ornax
999 1563 1103 1616 fuit
1130 1579 1360 1618 accensa
1397 1565 1561 1618 citius
1590 1577 1752 1632 quam
1779 1565 1994 1631 jussutn
2028 1563 2228 1625 fuerat,
2257 1561 2337 1616 illi

779 1669 1038 1726 tanquam
1071 1658 1277 1712 fontem
1309 1674 1465 1726 aqua:
1508 1674 1630 1711 cum
1673 1657 1872 1726 gaudio
1919 1657 2197 1710 fornacem
2246 1672 2341 1710 su-

781 1751 962 1815 biere;
995 1762 1050 1804 et
1078 1751 1247 1803 Deum
1297 1750 1518 1819 quidem
1569 1748 1930 1803 benedicebat
1983 1759 2192 1812 mater;
2229 1748 2341 1801 col—

2445 568 2946 634 παραστησάμενος
2975 566 3011 619 ἃ
3051 568 3271 618 πάντων
3293 570 3472 621 ἐδόκει
3503 570 3779 622 δεινότατα
3809 568 4027 634 ἠπείλει

2443 653 2617 724 ταύτῃ
2648 659 2988 722 ἐπαγαγεῖν,
3033 661 3134 711 Ἦν
3181 663 3256 730 μὴ
3300 661 3622 732 λατρεύσῃς,
3662 661 3859 730 λέγων,
3911 663 4024 720 τοῖς

2442 747 2736 811 ἀθανάτοις
2783 749 2928 813 θεοῖς
2955 754 3305 821 σφαττόμενά
3357 772 3452 807 σου
3484 757 3728 808 πεσεῖται
3752 755 3820 807 τὰ
3857 755 4022 806 τικισ

2445 841 2551 910 πρὸ
2580 841 2897 910 ὀφθαλμῶν.
2944 843 3006 897 Ἦ
3037 845 3118 909 δὲ,
3147 847 3254 898 Kal
3277 846 3438 899 τοῦτο
3462 847 3716 917 μάλιστα,
3751 847 3876 914 ἔφη,
3913 846 4024 897 πά-

2443 934 2529 984 λαι
2572 933 2784 1000 διψῶσα
2831 939 3118 1005 τυγχάνωο
3151 937 3295 991 οὕτω
3347 939 3457 1009 γάρ
3513 955 3615 1008 μου
3642 940 3708 992 τὰ
3737 941 3902 991 τέκνα
3933 939 4021 989 καὶ

2443 1023 2594 1087 ζῶσα
2617 1025 2692 1094 τῷ
2724 1027 2942 1096 Χριστῷ
2973 1029 3350 1096 προπέμψασα
3370 1032 3464 1083 καὶ
3487 1030 3677 1100 ὥσπερ
3702 1031 3760 1082 ὲν
3785 1030 4028 1097 ἀσφαλεί

2444 1119 2834 1186 καταστήσασα
2861 1119 2940 1189 τῷ
2967 1120 3164 1188 λιμένι,
3222 1123 3418 1175 ἔπειτα
3483 1121 3634 1190 κάγὼ
3665 1123 3803 1173 κατὰ
3851 1121 4027 1178 πόδας

2442 1208 2666 1276 ἕψομαι,
2700 1210 2840 1262 ὥστε
2872 1212 3163 1282 προσᾴδειν
3201 1214 3522 1282 ἐπιτηδείως
3544 1231 3589 1264 ἰ
3617 1213 3747 1265 Ἰδοὺ
3783 1210 3896 1278 ἐγὼ
3934 1213 4030 1264 καὶ

2442 1299 2508 1349 τα
2540 1298 2721 1349 παιδία
2755 1299 2790 1351 ἆ
2819 1316 2908 1366 μοι
2932 1300 3132 1352 ἕδωκεν
3165 1301 3192 1352 δ
3219 1299 3371 1362 Θεός.
3417 1320 3437 1352 ι

2511 1384 2632 1438 Ill".
2667 1386 2889 1448 Τούτοις
2940 1385 3034 1439 ἐπὶ
3067 1386 3232 1439 πλέον
3263 1389 3295 1439 ὁ
3340 1386 3606 1448 ὑπατικὸς
3632 1387 4029 1457 διαταραχθεὶς

2445 1479 2576 1543 πυρὶ
2609 1479 2982 1548 παραδοθῆναι
3008 1479 3218 1548 ταύτην
3255 1479 3474 1548 σύναμα
3521 1482 3618 1532 καὶ
3650 1479 3865 1540 τέκνοις
3897 1477 4026 1530 ut-

2441 1564 2612 1624 λευεν.
2654 1565 2740 1632 Ὠς
2770 1568 2826 1623 δὲ
2881 1573 2975 1624 καὶ
3006 1572 3039 1640 ή
3074 1571 3305 1639 κάμινος
3332 1568 3528 1624 θᾶττον
3572 1568 3782 1639 ἐξήφθη
3821 1568 4029 1636 μᾶλλον

2442 1661 2842 1731 ἢπροσετάγη,
2879 1664 3100 1727 ἐκεῖνοι,
3159 1662 3412 1732 καθάπερ
3442 1664 3522 1724 είς
3575 1662 3754 1731 πηγὴν
3805 1660 4027 1723 ὓδατος,

2444 1752 2585 1804 οὕτω
2607 1755 2703 1806 σὺν
2739 1754 2898 1823 ἡδονῇ
2925 1756 3021 1823 τὴν
3053 1755 3285 1822 κάμινον
3317 1753 3670 1823 ὑπεισῄεσαν.
3707 1755 3818 1807 Καὶ
3859 1753 4028 1820 ηὐλό-

775 1843 1102 1896 Iaetahautur
1131 1851 1314 1896 autem
1349 1842 1464 1906 lilii,
1499 1851 1556 1896 et
1580 1842 1658 1896 sic
1695 1840 1860 1894 ambo
1895 1840 2000 1894 laeti
2047 1849 2103 1893 et
2130 1839 2340 1892 alacres
2371 1839 2454 1910 υτ

2371 1839 2415 1857 υ
2442 1861 2528 1913 γει
2565 1845 2663 1911 μὲν
2688 1847 2777 1898 τὸν
2807 1845 2940 1897 Θεὸν
2966 1849 2995 1915 η
3027 1848 3231 1916 μήτηρ,
3255 1846 3480 1915 συνῇδον
3501 1845 3555 1896 δὲ
3588 1845 3683 1897 καὶ
3726 1845 3776 1895 οί
3813 1843 4024 1904 παῖδες·

777 1935 990 1988 animas
1026 1949 1153 1987 suas
1186 1934 1240 1988 in
1269 1933 1523 1988 manibus
1559 1934 1651 1987 Dei
1697 1932 2088 2001 deposuerunt.
2113 1931 2182 1985 Et
2218 1931 2340 1984 illos

775 2027 1001 2097 quidem
1040 2028 1119 2080 sic
1151 2030 1360 2095 accepit
1392 2027 1584 2081 beatus
1611 2025 1753 2080 linis.
1778 2025 1940 2080 Beata
1976 2033 2158 2079 autem
2181 2022 2342 2077 Chri-

777 2119 846 2171 sti
884 2129 1088 2187 martyr
1107 2118 1393 2172 Anastasis
1411 2118 1828 2172 custodiebatur
1860 2117 2000 2186 apud
2022 2114 2339 2186 prafectnm

777 2209 1010 2276 Illyrici;
1051 2211 1141 2277 qui
1192 2223 1317 2262 cum
1356 2209 1424 2262 de
1473 2224 1537 2264 ea
1582 2209 1876 2278 diligenter
1919 2208 2245 2276 quaesisset,
2285 2214 2343 2260 et

775 2317 894 2353 eam
951 2301 1151 2354 illustri
1200 2300 1320 2354 loco
1364 2315 1485 2354 esse
1557 2307 1741 2353 natam
1791 2299 2178 2362 intellexisset,
2221 2312 2344 2352 ma-

774 2405 1014 2460 gnasque
1046 2405 1166 2446 esse
1205 2392 1324 2462 ejus
1349 2391 1654 2457 facultates,
1681 2401 1738 2446 et
1777 2408 1844 2446 ex
1883 2391 1951 2446 iis
1973 2405 2097 2446 esse
2134 2398 2339 2454 ortam,

777 2498 1013 2552 quorum
1048 2500 1256 2554 magna:
1286 2493 1444 2540 erant
1475 2500 1630 2554 opes,
1673 2501 1704 2539 a
1750 2487 1906 2539 lucro
1948 2493 2260 2554 superatus,
2287 2490 2344 2536 et

775 2587 970 2646 captus
1016 2593 1201 2632 amore
1253 2579 1498 2648 pecunia:
1527 2617 1542 2642 ,
1578 2593 1704 2632 cum
1736 2593 1854 2633 eam
1899 2592 2147 2634 seorsum
2177 2577 2242 2630 ad
2284 2589 2343 2630 sa

776 2671 978 2727 adduci
1022 2681 1268 2726 curasset
1299 2687 1312 2724 :
1340 2671 1488 2734 Scio,
1525 2687 1559 2724 ο
1605 2672 1820 2733 mulier,
1864 2669 2076 2741 inquit,
2125 2679 2178 2723 te
2223 2682 2344 2724 csse

778 2765 936 2819 valde
964 2764 1215 2818 divitem.
1245 2761 1616 2817 Christianam
1647 2771 1827 2815 autem
1862 2775 1984 2815 esse
2007 2770 2062 2815 et
2093 2768 2150 2814 tu
2182 2760 2341 2824 dicis,

773 2867 832 2912 et
863 2872 964 2927 ego
992 2858 1102 2927 jam
1152 2871 1272 2910 sum
1321 2862 1600 2924 expertus.
1644 2859 1756 2923 Age
1801 2868 1934 2924 engo
1995 2868 2198 2922 parens
2248 2861 2344 2908 tuo

779 2964 1004 3018 sponso,
1037 2949 1130 3018 qui
1158 2949 1275 3017 lege
1296 2957 1453 3002 cavet
1482 2958 1544 3002 ut
1571 2962 1762 3002 omnes
1797 2946 2071 3016 despicias
2100 2945 2342 3005 divitias.

777 3040 913 3096 cede
953 3041 1084 3093 mihi
1122 3039 1371 3108 pecuniis
1404 3049 1459 3094 et
1494 3037 1954 3109 possessionibus,
1998 3049 2055 3093 et
2087 3037 2347 3094 omnibus

2442 1938 2536 1988 καὶ
2569 1936 2738 1996 οὕτως
2796 1937 3133 2006 εὐχαρίστως
3187 1938 3355 2005 άμφω
3405 1938 3485 1998 είς
3539 1938 3728 2005 χεῖρας
3759 1933 3898 1986 Θεοῦ
3928 1934 4030 1994 τάς

2441 2029 2647 2080 ἑαυτῶν
2681 2028 2856 2097 ψυχὰς
2906 2029 3297 2099 παρετίθεσαν.
3330 2029 3441 2080 Kal
3471 2028 3597 2091 τοὺς
3638 2030 3734 2096 μὲν
3762 2025 3910 2080 οὕτω
3965 2027 4029 2076 τὸ

2444 2119 2716 2188 μακάριον
2762 2119 2915 2181 τέλος
2956 2119 3195 2183 ἐδέξατο.
3239 2120 3303 2172 Ἦ
3334 2119 3608 2188 μέντοιγε
3650 2117 3744 2170 τοῦ
3781 2115 4028 2186 Χριστοῦ

2444 2211 2653 2279 μάρτυς
2703 2211 3029 2264 Ἀναστασία
3103 2209 3257 2275 παρὰ
3303 2211 3381 2280 τῷ
3424 2211 3676 2282 ἐπάρχῳ,
3727 2211 3894 2278 φημὶ,
3930 2207 4027 2260 τοῦ

2453 2300 2746 2369 Ἰλλυρικοῦ
2768 2301 3076 2370 τηρουμένη
3133 2297 3222 2373 ἦν’
3259 2301 3318 2364 δς
3363 2301 3432 2354 τά
3483 2302 3606 2353 κατ’
3644 2301 3814 2368 αὐτὴν
3863 2300 4027 2367 ἀκρι-

2441 2394 2553 2457 ὄῶς
2577 2395 3089 2465 διερευνησάμενος,
3142 2395 3238 2448 καὶ
3275 2394 3468 2464 μαθὼν
3506 2395 3590 2447 ὅτι
3625 2412 3682 2446 τε
3725 2395 3820 2446 καὶ
3848 2393 4028 2452 οἰκίας

2439 2488 2697 2558 τυγχάνει
2751 2489 3011 2557 λαμπρᾶς
3067 2489 3159 2540 καὶ
3191 2487 3381 2550 οὐσίας
3424 2485 3776 2547 πολυτελοῦς,
3825 2484 3919 2537 καὶ
3943 2485 4029 2536 ὅτι

2441 2577 2549 2631 τῶν
2585 2577 2798 2646 πλούτῳ
2837 2577 3119 2646 βαθυτάτῳ
3175 2575 3469 2645 κομώντων
3529 2577 3702 2638 ἐστὶν,
3730 2575 3910 2645 ἥττων
3937 2575 4030 2624 καὶ

2444 2669 2668 2736 κέρδους
2699 2669 2774 2723 ὢν
2815 2669 2909 2722 καὶ
2942 2669 3104 2738 ἔρωτι
3144 2668 3442 2738 χρημάτων
3487 2667 3649 2728 ἁλοὺς
3685 2667 3790 2734 ίδὶᾳ
3820 2665 4031 2732 ταύτην

2444 2760 2960 2827 παραστησάμενος,
3003 2753 3137 2809 Οἶδά
3191 2773 3271 2820 σε,
3325 2755 3514 2825 φησὶν,
3551 2749 3595 2807 ὦ
3625 2753 3809 2820 γύναι,
3863 2752 4032 2804 πολ-δ·

2443 2852 2726 2920 χρήματον
2757 2848 3045 2917 γεγογέναι
3067 2865 3082 2880 ⁸
3124 2847 3426 2918 Χριστιανὴ
3463 2847 3518 2900 δὲ
3571 2842 3712 2898 εἷναι
3745 2844 3808 2897 σύ
3850 2862 3910 2897 τε
3943 2845 4034 2898 λέ-

2445 2957 2562 3008 γεις
2592 2940 2748 3007 κάγὼ
2785 2937 3130 3008 πεπείραμαι
3168 2939 3294 3007 ήδη.
3329 2939 3462 3006 ’Λγε
3493 2933 3586 2990 οὖν
3616 2937 3692 3006 τῷ
3724 2936 3802 3006 σῷ
3838 2937 4028 2988 πειθο-

2451 3032 2585 3102 μένη
2615 3030 2836 3101 νυμφίῳ
2860 3030 2937 3100 τῷ
2969 3032 3171 3093 παντὸς
3196 3029 3426 3083 πλούτου
3457 3028 3838 3100 νομοθετοῦντι
3853 3045 4030 3081 κατα-

783 3135 892 3186 tuis
923 3134 1296 3186 facultatibus.
1343 3131 1422 3185 Tu
1457 3146 1638 3185 autem
1668 3132 1783 3185 huic
1824 3132 2054 3192 faciens,
2087 3133 2346 3202 utrinque
2379 3139 2414 3190 (ἶ
2450 3143 2462 3175 ε

2379 3139 2414 3190 C
2450 3128 2687 3194 φρονεῖν,
2729 3123 3033 3194 χρημάτων
3053 3123 3156 3190 μὲν
3182 3123 3305 3190 ἐμοὶ
3341 3123 3435 3176 καὶ
3471 3122 3768 3190 κτημάτων
3798 3122 3894 3174 καὶ
3923 3122 4032 3174 πάι

781 3225 1110 3288 Iucraheiis,
1142 3233 1202 3277 ut
1225 3240 1347 3294 quae
1374 3224 1546 3294 legem
1572 3224 1793 3293 quidem
1821 3229 1898 3280 sis
1927 3225 2240 3294 impletura.
2289 3235 2346 3280 ct

780 3315 956 3368 libera
990 3314 1171 3367 futura
1205 3329 1233 3365 a
1258 3313 1429 3367 nostri
1459 3324 1628 3369 metu.
1667 3315 1936 3383 Deinceps
1962 3315 2110 3367 enim
2149 3315 2243 3369 tibi
2274 3315 2344 3368 Ii-

780 3404 925 3458 ccbit
953 3414 1008 3458 et
1036 3418 1228 3457 secure
1257 3402 1588 3466 sacriﬁcare,
1612 3411 1668 3457 et
1705 3404 1875 3458 libere
1905 3404 2091 3458 colere
2126 3403 2296 3458 Deum
2325 3443 2340 3468 ,

785 3500 931 3564 quia
966 3507 1016 3550 te
1051 3496 1334 3550 adoratur.

856 3767 1096 3823 XXXIV.
1131 3767 1209 3822 Ad
1241 3766 1358 3821 haec
1392 3768 1555 3821 veluti
1587 3782 1710 3836 qua:
1755 3766 1997 3820 animum
2039 3766 2346 3832 erexisset,

783 3877 1036 3929 superna:
1068 3860 1349 3927 sapientiae
1381 3859 1538 3928 plena
1566 3857 1852 3913 Anastasis
1884 3876 1898 3912 :
1929 3859 2032 3913 Sed
2053 3900 2066 3924 ,
2094 3876 2128 3914 o
2156 3859 2347 3929 judex,

788 3955 990 4022 inquit,
1011 3952 1209 4006 alicubi
1237 3952 1444 4006 dictum
1475 3960 1560 4005 est
1577 3951 1631 4004 in
1654 3951 1963 4022 Evangeliis
1982 3967 2012 4007 a
2037 3967 2160 4006 meo
2183 3951 2348 4007 Chri-

788 4054 875 4099 sto
913 4063 925 4097 :
989 4064 1006 4094 ι
1041 4042 1224 4098 Vende
1251 4044 1431 4097 omnia
1455 4058 1576 4112 quae
1604 4040 1791 4108 babes,
1818 4051 1874 4097 et
1896 4042 1963 4096 da
1989 4047 2346 4114 pauperibus,

785 4149 844 4192 et
885 4136 1110 4190 habebis
1144 4137 1224 4190 sic
1249 4135 1566 4189 thesaurum
1591 4136 1646 4189 in
1677 4135 1830 4190 caelis
1849 4136 1893 4190 '.
1935 4155 1954 4187 ι
1988 4137 2111 4192 Tibi
2135 4148 2347 4203 autem,

786 4236 881 4300 qui
916 4246 974 4283 es
1001 4229 1174 4291 dives,
1208 4229 1336 4297 quis
1359 4237 1443 4282 est
1471 4229 1612 4284 adeo
1638 4229 1805 4282 miser
1837 4240 1892 4284 et
1929 4231 2066 4284 adeo
2098 4231 2345 4299 demens,

786 4324 1028 4391 quicum
1061 4322 1194 4375 velit
1221 4336 1542 4376 succurrere
1575 4322 1948 4392 indigentibus
1971 4364 1985 4389 ,
2017 4322 2175 4378 diviti
2207 4340 2348 4393 prte-

788 4417 916 4470 beat
953 4428 1041 4468 res
1080 4427 1402 4482 pauperum,
1433 4421 1490 4468 et
1513 4428 1602 4468 res
1620 4415 1981 4469 esurientium
2007 4415 2058 4470 ei
2087 4417 2179 4486 qui
2203 4417 2350 4488 degit

791 4507 846 4560 in
873 4505 1118 4559 deliciis?
1142 4505 1293 4570 Quod
1329 4504 1373 4558 si
1407 4515 1458 4559 te
1482 4505 1670 4560 videro
1689 4506 2046 4568 esurientem.
2069 4520 2126 4562 et
2157 4509 2348 4563 sitien-

792 4609 922 4656 tem.
955 4609 1011 4651 et
1062 4598 1295 4661 nudum,
1345 4607 1398 4652 et
1445 4607 1821 4668 aegrotantem.
1853 4607 1910 4653 et
1949 4601 2257 4670 conjectum
2291 4602 2347 4656 in

789 4709 1107 4757 carcerem,
1143 4703 1272 4747 tunc
1315 4695 1706 4747 convenienter
1734 4693 1782 4747 ei
1825 4694 1967 4761 quod
2016 4694 2150 4748 dicit
2196 4709 2352 4750 meus

790 4788 1065 4848 Christus,
1100 4796 1153 4839 te
1189 4793 1245 4839 et
1274 4785 1511 4837 nutriam
1538 4823 1555 4846 ,
1581 4794 1637 4838 et
1665 4790 1888 4852 potat-0.
1918 4795 1974 4839 et
2005 4785 2262 4852 visitabo,
2295 4793 2352 4840 et

801 4881 1084 4948 rolligain,
1122 4887 1178 4930 et
1221 4875 1588 4945 suppeditabo
1639 4891 1760 4944 qua:
1805 4886 1970 4930 erunt
2022 4878 2348 4931 necessaria.

804 4967 899 5027 Sed
931 4971 1076 5022 enim
1121 4969 1422 5022 secundum
1460 4983 1679 5022 carnem
1725 4983 1781 5021 et
1827 4967 2090 5022 mundum
2139 4978 2196 5023 tu
2234 4971 2355 5038 qui-

806 5062 917 5117 lein
945 5075 1005 5114 es
1040 5060 1195 5112 valde
1220 5058 1394 5124 dives;
1427 5075 1489 5113 ea
1524 5075 1676 5122 vero,
1711 5074 1945 5129 quorum
1974 5075 2034 5114 es
2061 5075 2267 5128 pauper
2298 5070 2355 5114 et

813 5150 953 5204 valde
985 5153 1160 5216 inagis,
1193 5162 1247 5203 et
1270 5165 1388 5218 qua:
1411 5158 1628 5216 oportet
1659 5160 1869 5217 petere,
1894 5164 1993 5202 cur
2029 5166 2137 5203 non
2171 5151 2354 5218 petis?

805 5243 1047 5312 Rogante
1096 5251 1277 5294 autem
1318 5244 1576 5311 [πείθοιο
1619 5255 1634 5295 :
1693 5243 1951 5306 Quanam
2001 5259 2064 5296 ea
2091 5253 2257 5306 sunt,
2302 5254 2358 5299 et

792 5351 1028 5407 quanam
1065 5351 1167 5405 ego
1198 5336 1382 5389 laboro
1417 5337 1637 5405 in0pia?
1671 5335 1918 5399 Maxima,
1953 5336 2130 5404 inquit
2161 5338 2269 5402 illa,
2301 5339 2358 5391 in

800 5430 964 5483 rebus
1013 5429 1282 5492 maximis,
1315 5443 1510 5498 nempe
1560 5431 1613 5482 in
1659 5429 1783 5490 fide.
1829 5438 1884 5482 et
1919 5431 2250 5498 cognitione,
2299 5439 2355 5483 et

797 5520 1057 5573 veritate.
2151 5504 2159 5514 ’

872 5610 1086 5666 XXXV.
1120 5611 1412 5665 Praefectus
1444 5627 1573 5666 vero
1609 5621 1854 5681 captans,
1886 5622 1945 5666 ut
1978 5613 2211 5676 videtur,
2244 5613 2352 5682 glo-

868 5796 886 5824 "
919 5793 1022 5848 lsa.
1065 5811 1178 5858 \‘lll,
1219 5796 1296 5848 IR.
1383 5796 1398 5818 ’
1428 5794 1614 5848 Matth.
1646 5811 1752 5859 xIx,
1779 5797 1868 5853 2|.

2449 3233 2548 3288 σης
2566 3233 2659 3269 σου
2678 3215 2777 3285 τῆς
2805 3215 3120 3285 περιουσίας
3149 3212 3374 3283 ἐκστηθι
3399 3227 3416 3242 ο
3442 3213 3583 3267 cur?!
3606 3212 3774 3267 ταῦτα
3797 3212 4031 3265 ποιοῦσα

2448 3307 2843 3379 ἀμφοτέρωθεν
2891 3308 3190 3376 κερδανιῑ;,
3227 3306 3318 3358 τοῦ
3357 3296 3456 3374 μὲν
3500 3304 3781 3375 πληροῦσα
3811 3307 3906 3356 τὸν
3940 3305 4027 3356 v6-

2453 3419 2572 3472 μον,
2601 3401 2860 3471 ἐλευθέρα
2892 3400 2948 3452 δὲ
2970 3400 3064 3452 τοῦ
3091 3399 3218 3468 παρ’
3244 3398 3401 3469 ημῶν
3430 3398 3598 3466 φόὸου
3625 3396 4025 3466 καθισταμένη.

2454 3496 2644 3547 Ἔσται
2679 3493 2788 3562 γάρ
2845 3509 2928 3544 σοι
2958 3491 3020 3544 τὸ
3061 3493 3169 3544 ἀπὸ
3200 3491 3352 3544 τοῦδε
3389 3492 3480 3542 καὶ
3529 3489 3676 3543 θύειν
3709 3488 3881 3552 ἀδεῶς
3937 3494 4031 3543 καὶ

2449 3586 2728 3657 λατρεύειν
2764 3583 3086 3655 ἐλευθερίως
3123 3583 3200 3653 τῷ
3259 3584 3365 3636 ὑπὸ
3410 3582 3507 3635 σοῦ
3565 3585 4026 3653 προσκυνουμένῳ

2448 3679 2588 3749 Θεῷ.
3418 3723 3422 3727 .

2521 3769 2643 3827 ΔΔ’.
2677 3770 2821 3841 Πρδς
2850 3768 3023 3823 ταῦτα
3068 3768 3260 3835 ὥσπερ
3291 3766 3626 3820 διαναστᾶσα
3669 3765 3767 3838 τὴν
3798 3766 4028 3836 γνώμην

2451 3866 2603 3937 ἠγτῆς
2627 3864 2834 3918 ἄνωθεν
2881 3863 3070 3932 σοφίας
3125 3862 3338 3931 πλήρης
3382 3861 3726 3924 Ἀναστασία,
3769 3860 3910 3912 Ἀλλ’
3960 3853 4026 3921 ὦ,

2452 3958 2606 4026 φησι,
2629 3955 2880 4018 δικαστά,
2933 3952 3149 4024 εἴρηταί
3180 3970 3284 4004 που
3319 3953 3378 4004 ὲν
3404 3955 3518 4012 τοῖς
3562 3951 3918 4019 Εὑαγγελίοις
3950 3951 4030 4018 τῷ

2450 4050 2569 4121 ἐμῷ
2601 4048 2851 4119 Χριστῷο
2881 4065 2899 4098 ι
2937 4045 3194 4114 Πώλησόν
3229 4061 3322 4097 σου
3347 4043 3414 4096 τὰ
3446 4043 3783 4112 ὑπάρχοντα,
3823 4042 3920 4095 καὶ
3941 4042 4030 4104 δὸς

2450 4144 2707 4210 πτωχοῖς,
2750 4141 2844 4192 καὶ
2895 4136 3166 4208 θησαυρὸν
3212 4134 3385 4197 οὕτως
3431 4133 3576 4198 ἕξεις
3604 4136 3660 4186 ὲν
3691 4134 3961 4203 οὐρανοῖς.
4004 4153 4022 4183 ι

2450 4235 2542 4287 Σοὶ
2561 4234 2618 4286 δὲ
2650 4231 2889 4301 πλουσίῳ
2904 4230 3018 4282 ὄντι
3049 4229 3131 4290 τίς
3155 4227 3327 4290 οὕτως
3351 4225 3537 4289 ἄθλιος
3565 4226 3659 4280 καὶ
3693 4225 3908 4293 φρενῶν
3937 4227 4026 4276 ὲν-

2451 4323 2574 4392 δεὴς
2593 4321 2651 4384 ὃς
2672 4321 2944 4390 δεομένοις
2970 4317 3231 4389 ιπαρκεῖν
3257 4313 3581 4385 βουλόμενος
3604 4311 3682 4380 τῷ
3706 4310 4029 4365 πλουτοῦντι

2453 4417 2521 4469 τά
2545 4415 2652 4467 τῶν
2681 4412 2904 4484 ἀπόρων
2937 4410 3032 4464 καὶ
3059 4409 3126 4462 τὰ
3146 4408 3253 4461 τῶν
3287 4405 3430 4476 λιμῷ
3451 4403 3768 4476 τηκομένων
3799 4403 3879 4472 τῷ
3903 4419 4032 4470 τρυ-

2453 4508 2620 4576 φῶντι
2646 4503 2956 4575 παράσχοις
3003 4499 3131 4553 'an
3161 4499 3218 4550 δὲ
3265 4495 3534 4560 πεινῶντᾲ
3562 4511 3620 4546 σι
3649 4494 3743 4546 καὶ
3765 4493 4028 4560 διψῶντα,

2452 4597 2569 4654 εἶτα
2618 4599 2712 4652 καὶ
2765 4592 3176 4665 γυμνητεύοντα
3231 4591 3324 4641 καὶ
3380 4586 3638 4642 νοσοῦντα
3680 4588 3777 4639 καὶ
3813 4587 4029 4654 φυλακῇ

2455 4687 2856 4761 καθειργμένον
2885 4686 3189 4753 θεάσωμαι,
3219 4682 3342 4734 τότε
3364 4681 3507 4733 κατὰ
3544 4680 3636 4732 τὸν
3669 4678 3764 4732 τοῦ
3791 4677 4030 4748 Χριστοῦ

2461 4800 2560 4853 μου
2610 4781 2765 4850 λόγον
2821 4779 2918 4832 καὶ
2967 4776 3170 4846 θρέψω,
3202 4773 3298 4826 καὶ
3346 4770 3543 4833 mutii,
3569 4770 3662 4823 καὶ
3696 4769 3908 4838 θάλψω,
3939 4772 4032 4821 καὶ

2459 4874 2848 4943 ἐπισκέψομαι,
2895 4870 2988 4922 καὶ
3023 4865 3316 4934 συναγάγω
3373 4863 3557 4927 πάλιν,
3597 4863 3833 4922 καὶτοῖς
3861 4862 4032 4926 άναγο

2460 4967 2637 5028 καίοις
2677 4963 3126 5032 φιλοτιμήσομαι.
3189 4955 3348 5009 Ἀλλά
3378 4957 3486 5024 γάρ
3536 4952 3678 5007 κατά
3706 4953 3887 5019 σάρκα
3941 4952 4033 5001 καὶ

2461 5059 2665 5127 κόσμον
2707 5056 2770 5108 σὺ
2816 5053 2908 5106 καὶ
2935 5051 3056 5103 λίαν
3095 5048 3344 5108 πλουτεῖς
3369 5063 3385 5078 θ
3439 5037 3514 5098 ὧν
3545 5044 3602 5097 δὲ
3641 5048 3809 5113 πένης
3859 5039 3914 5094 εἴ
3942 5044 4035 5094 καὶ

2454 5150 2662 5224 ,κομιδῆ
2691 5149 2914 5216 ἄπορος,
2950 5145 3043 5196 καὶ
3089 5141 3124 5195 ά
3167 5141 3284 5192 δίον
3314 5139 3508 5202 αίτεῖν,
3557 5135 3674 5198 πῶς
3697 5136 3802 5187 οὐκ
3828 5135 4032 5198 αἰτεῑς;

2464 5242 2572 5295 Τοῦ
2626 5241 2866 5308 ἐπάρχου
2919 5235 2976 5289 δὲ
3023 5232 3465 5302 πυνθανομένου’
3523 5227 3634 5282 Kal
3667 5228 3788 5282 τίνα
3839 5227 3908 5280 ἂν
3950 5229 4034 5298 εἴη

2463 5336 2655 5398 ταῦτα,
2689 5334 2781 5386 καὶ
2809 5331 2967 5384 ποίαν
2993 5327 3056 5380 ἂν
3082 5326 3192 5396 ἐγὼ
3216 5329 3406 5378 πενίαν
3438 5325 3738 5391 πενοίμηνς
3778 5321 3891 5391 Τὴν
3913 5325 4036 5390 περὶ

2466 5427 2536 5479 τὰ
2567 5427 2819 5495 μέγιστα,
2849 5421 2950 5490 εφη
2983 5421 3186 5489 εκείνη,
3213 5419 3308 5489 τὴν
3335 5417 3538 5480 πίστιν,
3566 5417 3656 5469 καὶ
3681 5415 3778 5484 τὴν
3810 5413 4032 5482 γνῶσιν,

2469 5520 2562 5571 καὶ
2594 5518 2692 5586 τὴν
2731 5514 3009 5584 ἀλήθειαν.

2537 5609 2660 5663 AE’.
2699 5609 2804 5661 Kal
2853 5609 2880 5658 ὀ
2937 5606 3171 5674 ἔπαρχος
3194 5603 3452 5672 ὀξυτέρας
3507 5598 3700 5668 φρενὸς
3754 5599 3816 5652 τδ
3867 5599 4040 5653 δοκεῖν
