4252 6440
258 376 367 435 605

1040 372 1513 433 MARTYRIUM
1556 373 1617 433 S.
1655 373 2099 434 ANASTASl/E
2138 375 2234 435 ET
2274 377 2697 437 SOCIARUM.

3406 377 3515 441 606

259 485 419 549 δόξαν
459 484 774 555 θηρώμενος
798 526 812 548 ,
872 484 961 535 τὸν
1002 487 1159 549 λόγον
1204 486 1482 555 ἁρπάσας,
1538 486 1701 540 Ἀλλά
1752 490 1838 551 σὺ,
1870 493 1913 547 Α
1945 491 2082 543 riam
2111 505 2137 544 α

1945 491 2082 543 riam
2111 489 2380 544 acutioris
2410 490 2640 559 ingenii,
2677 489 2951 559 arripiens
2983 490 3033 543 id
3082 489 3230 558 quod
3255 488 3470 543 dixerat
3496 502 3514 540 :

263 578 475 645 ἐπειδὴ,
509 578 634 647 ἔφη,
665 578 764 647 τὴν
812 577 1016 641 πίστιν,
1065 579 1139 638 ὡς
1162 578 1366 645 λέγεις,
1416 578 1694 641 πλουτεῖς,
1725 581 1839 641 τοῖς

260 668 444 737 ὄρεσιν
494 669 611 720 sint
664 669 826 737 λόγῳ,
881 669 1188 737 Μετάϐηθι,
1242 669 1335 721 καὶ
1390 670 1439 721 εί
1477 668 1841 738 μεταϐήσεται

263 762 408 814 κατά
435 777 496 826 γε
549 762 616 812 τὰ
666 762 1051 829 ἐπηγγελμένα
1086 778 1167 813 σοι
1223 762 1371 829 παρὰ
1399 760 1492 813 τοῦ
1518 747 1867 814 διδασκάλου

264 854 361 906 τοῦ
398 854 513 920 σοῦ,
557 853 652 904 καὶ
686 853 1039 921 πιστεύομεν.
1112 854 1173 905 Ἡ
1214 854 1271 906 δὲ
1318 853 1683 924 (πεπαίδευτο
1735 853 1842 921 γάρ

268 944 527 1012 ἱκανῶς),
550 946 660 998 Καὶ
680 945 851 997 ταῦτα
878 945 998 1013 μὲν,
1023 946 1233 1012 ιλεγεν,
1256 946 1288 1015 ἠ
1312 945 1495 1008 πίστις
1512 947 1545 1015 ῆ
1571 946 1840 1014 ἡμετέρα,

265 1037 481 1107 θάρρει,
516 1040 608 1090 καὶ
637 1039 705 1090 τά
732 1036 911 1107 πολλῷ
939 1037 1144 1092 τούτων
1170 1039 1221 1090 εί
1258 1038 1439 1105 λέγεις
1468 1037 1707 1102 μείζονα.
1734 1038 1845 1090 Kal

271 1128 607 1196 μαρτυροῦσι
630 1129 833 1199 Μωσῆς
872 1131 966 1197 μεν
984 1130 1087 1182 οὐκ
1112 1132 1170 1183 έν
1193 1132 1263 1198 γῇ
1300 1128 1460 1198 μόνον
1496 1129 1847 1197 θαυματουρ-

178 1278 183 1281 ,
268 1220 406 1286 γῶν,
458 1220 594 1272 ἀλλὰ
650 1220 747 1273 καὶ
803 1220 1081 1274 Θάλασσαν
1123 1221 1367 1292 διαιρῶν,
1402 1221 1497 1273 καὶ
1530 1219 1695 1282 αὖθις
1724 1236 1848 1272 συν-

270 1312 493 1364 άπτων·
540 1312 629 1363 τὸν
680 1312 738 1365 δι
793 1312 933 1381 ὑπὲρ
993 1313 1141 1382 ἡμᾶς
1185 1312 1337 1381 ἥλιον
1402 1311 1607 1382 Ἰησοῦς
1661 1310 1847 1375 ίστῶν,

271 1404 368 1455 καὶ
420 1403 604 1465 Ἠλίας
637 1403 801 1455 αὑτὸν
846 1402 968 1456 ὅλον
998 1402 1195 1456 κλείων
1220 1403 1313 1455 τὸν
1363 1402 1613 1473 οὐρανὸν,
1652 1401 1737 1455 ῖνα
1774 1400 1849 1470 μὴ

272 1496 399 1557 τοὺς
424 1494 519 1548 τοῦ
558 1494 793 1566 Χριστοῦ
825 1512 928 1566 μου
955 1495 1203 1566 μαθητάς
1234 1494 1396 1561 λέγω,
1426 1486 1501 1547 ὧν
1537 1494 1631 1547 καὶ
1660 1493 1850 1562 ἱμάτια

274 1590 370 1642 καὶ
394 1590 546 1643 σκιαὶ
579 1592 737 1658 μόναι
766 1590 996 1659 νεκροὺς
1022 1586 1277 1650 ἁνίστων,
1304 1590 1399 1639 καὶ
1416 1588 1544 1650 τοὺς
1566 1586 1698 1655 παρ’
1722 1585 1851 1655 ὑμῖν

273 1680 431 1741 θεοὺς
462 1683 588 1743 τοὺς
619 1681 880 1746 δαίμονας
918 1682 1173 1752 ἤλαυνον,
1195 1684 1292 1736 καὶ
1328 1682 1429 1735 ὅσα
1455 1680 1579 1733 καθ’
1610 1678 1850 1747 εκάστην

1944 586 2011 639 At
2051 597 2106 639 tu
2134 586 2396 654 quoniam
2428 624 2443 649 ,
2480 584 2693 653 inquit,
2721 599 2783 638 es
2833 584 2939 638 ﬁde
2968 584 3142 649 dives,
3173 585 3284 647 dic,
3317 584 3516 651 inquit.

1942 678 2111 732 verbo
2139 679 2308 732 monti
2340 694 2353 730 :
2380 676 2779 731 Transmovere
2803 718 2815 739 ,
2850 687 2907 731 et
2948 678 2992 730 si
3033 677 3523 741 transmovebitur,

1943 770 2336 823 convenienter
2366 768 2453 831 iis,
2475 784 2596 838 quae
2623 780 2748 822 tuus
2774 768 2869 820 tibi
2900 768 3149 836 promisit
3180 768 3435 835 Magister
3483 768 3526 830 ⁸,

1944 860 2257 913 credemus.
2293 859 2389 913 llla
2427 869 2610 913 autem
2649 861 2788 915 (erat
2813 859 2959 914 enim
2989 859 3121 912 satis
3143 857 3380 923 erudita)
3410 874 3423 909 :
3460 856 3526 909 Et

1948 951 2064 1005 haec
2098 949 2351 1019 quidem.
2392 952 2587 1017 inquit,
2618 951 2782 1003 audet
2813 959 2997 1003 nostra
3047 949 3182 1002 ﬁdes
3214 960 3268 1002 et
3294 964 3359 1002 ea
3394 964 3517 1016 qua:

1947 1054 2078 1099 sunt
2099 1043 2183 1096 his
2208 1042 2366 1111 longe
2391 1042 2618 1111 majora.
2647 1042 2774 1094 Fert
2795 1056 2925 1093 vero
2956 1041 3089 1094 mihi
3117 1041 3515 1103 testimonium,

1946 1137 2123 1191 Moses
2163 1134 2382 1203 quidem
2408 1172 2420 1193 .
2469 1148 2577 1185 non
2632 1132 2689 1185 in
2724 1141 2869 1185 terra
2902 1132 3077 1186 solum
3123 1130 3329 1185 faciens
3358 1130 3525 1183 mira-

1946 1228 2089 1292 cula,
2122 1227 2217 1281 sed
2247 1228 2409 1281 etiam
2443 1239 2592 1278 mare
2645 1222 2919 1287 dividens,
2953 1233 3007 1276 et
3052 1238 3245 1276 rursus
3289 1222 3523 1291 conjun-

1947 1334 2082 1390 gens
2107 1322 2163 1380 ';
2196 1318 2361 1372 Iosue
2397 1327 2580 1371 autem
2624 1318 2824 1370 sistens
2870 1316 3065 1378 solem,
3100 1314 3195 1384 qui
3236 1324 3321 1368 est
3354 1330 3522 1383 supra

1952 1424 2054 1465 nos
2086 1410 2131 1441 "
2160 1416 2256 1475 ;et
2280 1409 2430 1463 Elias
2480 1408 2656 1475 ipsum
2697 1414 2867 1460 totum
2900 1408 3101 1461 celum
3146 1404 3408 1459 claudens
3439 1405 3479 1434 ”
3506 1421 3521 1469 ;

1950 1517 2021 1557 ne
2050 1502 2227 1558 dicam
2263 1501 2469 1555 Christi
2525 1501 2629 1555 mei
2676 1499 2997 1568 discipulos.
3048 1513 3280 1565 quorum
3312 1498 3395 1551 vel
3430 1511 3521 1551 ve-

1951 1602 2063 1648 stes
2105 1604 2162 1647 et
2209 1593 2416 1647 umbra:
2458 1592 2587 1646 solae
2624 1600 2871 1645 mortuos
2895 1588 3240 1644 suscitabant
3277 1592 3318 1621 ¹¹
3344 1599 3401 1644 et
3429 1589 3523 1659 qui

1951 1694 2081 1740 sunt
2116 1685 2262 1755 apud
2299 1699 2395 1738 vos
2422 1684 2523 1749 dii,
2560 1683 2836 1737 daemones
2870 1681 3218 1750 expellebant
3254 1698 3268 1734 :
3310 1690 3366 1735 et
3402 1695 3525 1749 quae

272 1770 396 1824 κατ’
424 1772 547 1840 ὄψιν
568 1773 723 1841 ὑμῶν
748 1774 837 1827 διά
857 1774 965 1828 τῶν
988 1774 1446 1842 ὑπεραθλούντων
1469 1771 1565 1825 τοῦ
1587 1771 1849 1840 ὀνόματος
1883 1794 1923 1853 Β
1949 1777 2137 1846 quotid

1949 1777 2198 1846 quotidie
2224 1774 2379 1829 vobis
2407 1774 2720 1827 videntibus
2753 1771 2890 1825 ﬁunt
2934 1787 3029 1838 per
3067 1786 3164 1826 eos
3194 1771 3288 1840 qui
3317 1770 3510 1824 decer-

273 1862 473 1932 δηλαδὴ
493 1863 596 1917 ’τοῦ
622 1864 855 1933 Χριστοῦ
898 1866 1141 1934 γίνεται·
1172 1866 1223 1918 εί
1266 1866 1362 1918 καὶ
1398 1863 1563 1934 μηδὲν
1591 1862 1720 1931 ὑμῖν
1741 1862 1850 1914 τῶν
1953 1878 2070 1924 unt
2108 1886 2137 1938 [ι

1953 1878 2070 1924 tant
2108 1884 2207 1938 pro
2235 1867 2457 1921 nomine
2485 1865 2711 1929 Christi,
2742 1862 2959 1918 etiamsi
2991 1862 3128 1916 nihil
3188 1876 3380 1917 eorum
3405 1874 3530 1930 qua

274 1956 575 2025 γινομένων
610 1960 690 2018 είς
718 1958 955 2023 σύνεσιν,
984 1958 1099 2010 ἀλλ’
1132 1958 1583 2019 ἐθελοκακοῦντες
1608 1954 1850 2023 τυφλὼτ-
1955 1962 2113 2024 ﬁunt,

1955 1962 2113 2024 ﬁunt,
2150 1960 2398 2015 conferat
2421 1959 2577 2013 vobis
2637 1958 2702 2011 ad
2739 1956 3176 2023 intelligentiam,
3212 1956 3307 2010 sed
3331 1965 3528 2022 sponte

274 2062 419 2100 τετε.
473 2047 618 2117 Πλὴν
678 2048 775 2116 οὐχ
806 2050 932 2102 ὅταν
986 2051 1114 2118 ύμῖν
1150 2051 1321 2118 δοκῇ,
1371 2048 1493 2102 τότε
1522 2048 1586 2117 δὴ
1635 2049 1729 2102 καὶ
1750 2048 1851 2116 τὴν
1957 2061 2137 2122 ρεορῑε

1957 2061 2180 2122 propter
2215 2061 2450 2104 vestram
2481 2048 2750 2103 caacutitis
2779 2047 3061 2099 malitiam.
3110 2048 3216 2101 Sed
3262 2064 3368 2100 non
3401 2063 3527 2100 eum

277 2138 432 2192 θείαν
484 2139 828 2209 Χριστιανοῖς
881 2140 1207 2210 ἑπικλητέον
1230 2141 1461 2210 δύναμιν
1508 2142 1626 2200 τοῖς
1660 2156 1853 2208 πειρα-
1957 2147 2118 2201 vobis

1957 2147 2118 2201 vobis
2148 2146 2326 2199 visum
2363 2144 2552 2207 fuerit,
2598 2153 2683 2197 est
2728 2141 2910 2195 divina
2944 2140 3118 2193 virtus
3160 2141 3468 2195 invocanda
3500 2156 3530 2193 ιι

278 2233 435 2292 σταῖς
483 2235 972 2301 συναπαγομὲνοις.
1042 2234 1353 2301 Γέγραπται
1411 2232 1517 2300 γάρ
1553 2231 1850 2299 ύμᾶςζτοῦς
1952 2239 2137 2295 Christ

1952 2239 2305 2301 Christianis,
2331 2234 2684 2291 assentiendo
2708 2230 3099 2287 tentatoribus.
3134 2230 3410 2300 Scriptum
3445 2240 3531 2283 est

276 2322 545 2385 ἀπίστους
568 2321 661 2385 οὓς
700 2325 795 2391 μὲν
825 2327 1050 2393 σημεῖα,
1082 2324 1176 2387 οὓς
1215 2324 1269 2375 δὲ
1304 2325 1399 2375 καὶ
1439 2322 1631 2392 σοφίαν
1655 2321 1819 2389 έπιζη
1953 2332 2123 2393 enim,

1953 2332 2123 2393 enim,
2157 2344 2255 2382 vos
2300 2328 2549 2382 inﬁdeles
2581 2326 2780 2396 partim
2826 2326 3046 2395 quidem
3102 2325 3278 2393 signa,
3330 2322 3528 2390 partim

276 2416 417 2479 τεῖν,
449 2416 596 2482 ἡμᾶς
643 2415 701 2468 δὲ
754 2416 1046 2486 κηρύττειν
1084 2416 1290 2485 Κύριον
1354 2415 1560 2487 Ἰησοῦν
1591 2413 1849 2485 Χριστὸν,
1949 2431 2131 2476 “rem

1949 2431 2131 2476 autem
2156 2434 2396 2488 quaerere
2418 2418 2737 2485 sapientiam
2772 2436 2785 2470 :
2817 2433 2914 2471 nos
2934 2432 3063 2471 vero
3091 2415 3388 2485 pmdicare
3428 2411 3534 2467 Do-

279 2509 377 2561 καὶ
414 2508 600 2560 τοῦτον
656 2510 1095 2577 ἐσταυρωμένον.
1164 2510 1274 2561 Καὶ
1324 2510 1351 2560 ό
1390 2507 1629 2578 ἔπαρχος
1652 2504 1867 2577 αὐτίκα,
1955 2515 2137 2567 manu"

1955 2515 2162 2567 minum
2189 2511 2371 2565 Jesum
2396 2509 2694 2574 Christum,
2722 2524 2958 2579 eumque
2985 2507 3327 2562 cruciﬁxum.
3392 2507 3536 2561 Prm—

278 2601 371 2653 τὸν
396 2598 551 2668 λόγον
586 2600 892 2664 ὑπολαϐὼν,
926 2601 1094 2654 Τοῦτό
1128 2618 1218 2671 με,
1271 2601 1429 2671 φησὶ,
1481 2603 1541 2653 τὸ
1575 2600 1851 2669 ἐσταυρῶ-
1954 2605 2131 2660 lectus

1954 2605 2131 2660 iectus
2144 2611 2323 2655 autem
2348 2618 2360 2653 :
2392 2600 2524 2660 Hoc.
2549 2601 2745 2668 inquit,
2770 2616 2855 2654 me
2873 2600 3181 2661 conturbat,
3206 2596 3351 2667 quod
3370 2595 3536 2650 fuerit

281 2695 412 2747 σθαι
434 2693 711 2762 ταράττει,
746 2693 862 2757 πῶς
892 2696 919 2747 ό
940 2694 1171 2763 Χριστός
1197 2710 1291 2746 σου
1320 2695 1472 2758 Θεὸς,
1508 2691 1582 2755 ὡς
1604 2691 1731 2761 φῆς,
1774 2690 1851 2743 ὢν
1958 2697 2134 2751 crucil

1958 2695 2279 2751 cruciﬁxus.
2310 2693 2597 2759 Quomodo
2625 2692 2874 2747 Christus
2908 2707 3054 2757 tuus,
3098 2693 3191 2760 qui
3224 2701 3329 2753 est,
3360 2698 3420 2743 ut
3448 2689 3536 2741 di-

282 2787 520 2853 σταυρὸν
558 2786 785 2856 ὑπέστη,
823 2786 960 2856 πρὶς
990 2787 1070 2839 ἔτι
1094 2786 1150 2839 δὲ
1192 2787 1281 2839 καὶ
1303 2788 1401 2855 τὴν
1433 2784 1674 2854 πλευρὰν
1697 2784 1851 2836 ὲκεν-
1957 2788 2058 2851 cis,
2084 2788 2137 2841 Di

1957 2788 2058 2851 cis,
2084 2788 2247 2847 Deus,
2292 2801 2511 2839 crucem
2549 2785 2749 2848 subiit,
2790 2794 2845 2837 et
2881 2793 3138 2853 praeterea
3166 2782 3271 2836 fuit
3302 2790 3535 2849 punctus

280 2878 424 2947 τήθη
449 2897 463 2909 ο
498 2879 636 2948 ὅπερ
663 2877 769 2946 ἄρα
793 2880 927 2942 Ζεὺς
964 2881 992 2931 ό
1035 2878 1144 2932 τῶν
1195 2879 1481 2949 ἡμετέρων
1511 2876 1649 2928 θεῶν
1701 2876 1856 2945 μέγι-
1958 2881 2014 2936 in
2040 2880 2137 2934 late

1958 2881 2014 2936 in
2040 2862 2251 2934 latere?
2282 2876 2439 2941 Quod
2471 2876 2692 2945 quidem
2715 2876 2927 2941 Jovem,
2955 2877 3046 2946 qui
3070 2884 3154 2929 est
3176 2874 3405 2928 deorum
3439 2887 3536 2926 no-

283 2969 410 3030 στός
436 2987 493 3021 τε
524 2970 619 3023 καὶ
670 2969 871 3033 ὕπατος
908 2971 1008 3024 οὐκ
1060 2971 1204 3040 εχεις
1232 2972 1411 3023 είπεῖν
1457 2969 1541 3022 δτι
1563 2967 1852 3023 πέπονθεν.
1966 2983 2137 3027 strort

1966 2983 2209 3027 atrorum
2243 2970 2515 3022 maximus
2560 2978 2614 3021 ει
2664 2983 2933 3032 summus,
2987 2982 3203 3036 passum
3253 2980 3374 3019 esse
3421 2979 3534 3017 non

284 3060 411 3121 Πῶς
432 3059 524 3111 οῦν
556 3060 630 3129 μὴ
660 3060 851 3114 τοῦτον
898 3062 1223 3130 προσκυνεῖς
1278 3060 1478 3129 μᾶλλον
1523 3060 1615 3113 τὸν
1666 3061 1855 3111 ισταυο
1903 3132 1916 3134 _
1965 3074 2123 3134 potes

1965 3074 2123 3134 potes
2150 3063 2354 3116 dicere.
2385 3060 2673 3126 Quomodo
2699 3075 2829 3128 ergo
2860 3076 2968 3114 non
3013 3074 3139 3112 eum
3173 3059 3355 3127 potius
3397 3056 3534 3109 ado-

289 3152 533 3221 ρωμένον
564 3152 911 3221 διωσαμένης
942 3154 1101 3222 Καὶὴ
1126 3154 1355 3223 μάρτυς,
1380 3153 1501 3205 Ὅτι
1525 3150 1661 3222 πρὸς
1687 3154 1705 3173 '
1740 3150 1858 3219 μὲν,
1888 3132 1929 3189 C
1964 3132 2072 3220 ras,
2103 3173 2137 3209 l‘t

1964 3132 2072 3220 ras,
2103 3156 2322 3225 repulso
2353 3152 2656 3207 cruciﬁxo?
2702 3151 2902 3222 Martyr
2932 3162 3111 3205 autem
3148 3169 3160 3203 :
3218 3149 3513 3215 Quoniam,

288 3241 438 3309 εἷπε,
490 3246 583 3297 καὶ
614 3244 840 3306 Θάνατος
886 3243 1153 3314 καύχημα
1194 3245 1289 3297 atal
1322 3242 1547 3314 Χριστῷ
1582 3242 1679 3297 καὶ
1724 3243 1860 3294 πᾶσι
1964 3247 2137 3316 inquit

1964 3247 2165 3316 inquit,
2200 3263 2337 3301 crux
2381 3255 2436 3300 et
2483 3260 2632 3299 mors
2660 3253 2743 3299 est
2770 3244 2989 3297 Christo
3018 3244 3291 3311 gloriatio,
3320 3254 3371 3295 et
3406 3257 3495 3295 om
3515 3272 3533 3283 -

291 3340 970 3409 Χριστιανοῖς,ὰθανασίαν
995 3339 1081 3391 δια
1105 3338 1310 3390 τούτων
1344 3339 1438 3390 καὶ
1468 3335 1628 3402 δόξαν
1658 3335 1736 3403 τῷ
1764 3335 1861 3404 μὲν
1963 3340 2124 3395 nibus

1963 3340 2124 3395 nibus
2148 3339 2477 3393 Christianis
2503 3355 2515 3389 :
2543 3353 2665 3390 cutn
2698 3337 2787 3390 ille
2803 3336 3022 3404 quidem
3059 3335 3528 3388 immortalitatem

288 3433 453 3490 δόντι,
503 3433 614 3491 τοῖς
656 3430 712 3481 δι
760 3429 1019 3482 λαϐοῦσι·
1068 3430 1136 3483 τά
1164 3430 1220 3481 δὲ
1254 3428 1348 3481 τοῦ
1380 3428 1476 3481 σοῦ
1502 3428 1624 3490 Διὸς
1652 3427 1859 3495 ἔργα...
1968 3440 2025 3486 et
2067 3432 2137 3500 ει(

1968 3440 2025 3486 et
2067 3431 2294 3500 gloriam
2349 3444 2446 3496 per
2479 3429 2595 3483 haec
2637 3428 2872 3491 dederit,
2921 3428 2972 3480 hi
3012 3443 3141 3480 vero
3188 3429 3527 3493 acceperint.

293 3522 435 3575 ἀλλὰ
463 3521 627 3590 μηδὲν
656 3520 766 3587 ἐγὼ
785 3521 913 3590 περὶ
943 3521 1166 3575 τούτων.
1199 3521 1270 3574 Σὺ
1299 3521 1398 3590 μὲν
1430 3516 1526 3574 οῦν
1545 3519 1635 3573 τὸν
1659 3519 1866 3572 ῦπαπον

293 3615 394 3667 Δία
430 3614 520 3666 τὸν
552 3612 662 3675 σὸν,
697 3612 746 3665 εί
777 3610 957 3683 βούλει
977 3650 993 3677 ,
1018 3612 1206 3679 ὥσπερ
1237 3611 1300 3681 δὴ
1325 3612 1417 3664 καὶ
1443 3609 1642 3681 βούλει,
1673 3607 1863 3680 μιμοῦ,

298 3706 445 3774 κάμὲ
475 3704 530 3757 δὲ
556 3706 647 3757 τὸν
681 3704 814 3774 εμὸν
842 3705 906 3757 Ea
934 3704 1220 3774 μιμεῖσθαι
1246 3703 1397 3757 Θεόν.

372 3886 513 3949 Λςν.
546 3882 765 3936 Τούτων
792 3880 935 3935 υῦτω
960 3880 1257 3951 λεχθέντων
1298 3880 1537 3949 ἀνῆπται
1566 3879 1766 3947 σφόδρα
1789 3881 1865 3947 τῷ

299 3978 524 4047 ἄρχοντι
557 3977 585 4027 ό
615 3974 809 4044 θυμὸς,
845 3974 941 4027 καὶ
961 3974 1173 4028 κελεύει
1199 3972 1409 4042 ταύτην
1448 3974 1505 4025 ὲν
1544 3974 1733 4042 εἱρκτῇ
1768 3970 1869 4039 μὲν

298 4068 687 4140 ἁφεγγεστάτῃ
745 4067 1228 4137 κατακλεισθῆναι,
1283 4067 1461 4120 πάντα
1510 4066 1568 4118 δὲ
1621 4065 1713 4116 ὑπ’
1744 4064 1868 4131 όψιν

300 4162 441 4229 αὐτῇ
483 4159 810 4229 προτεθῆναι
850 4159 917 4210 τὰ
964 4158 1077 4211 τῶν
1135 4158 1387 4227 βασάνων
1442 4156 1669 4223 όργανα,
1716 4156 1785 4206 ἵν’
1832 4153 1865 4223 ῆ

302 4248 442 4317 πρὸς
474 4247 638 4315 φόϐον
671 4246 884 4299 ἰδοῦσαν
911 4244 1239 4313 καθυφεῖναι
1281 4243 1442 4313 πείσῃ
1474 4242 1565 4294 τοῦ
1599 4242 1753 4294 τόνου
1774 4246 1871 4295 καὶ

302 4340 403 4405 τῆς
431 4338 753 4402 ὲνστάσεως,
783 4338 815 4407 ῆ
842 4337 1233 4405 φροντίζουσαν
1268 4335 1530 4404 εὐψυχίας
1588 4336 1667 4395 είς
1704 4333 1870 4385 πολυ-

1968 3521 2069 3575 Tui
2097 3536 2229 3575 vero
2254 3522 2402 3574 lovis
2424 3534 2623 3587 Opera:
2654 3518 2749 3572 sed
2775 3534 2873 3588 ego
2892 3518 3027 3572 nihil
3053 3518 3119 3572 de
3150 3517 3254 3571 his.
3282 3517 3360 3569 Tu
3390 3530 3522 3585 ergo

1968 3626 2242 3667 summum
2272 3611 2492 3679 quidem
2534 3610 2685 3662 illum
2721 3618 2877 3663 tuum
2902 3609 3114 3671 Jovem,
3158 3610 3202 3661 si
3244 3608 3347 3668 vis,
3382 3606 3528 3660 sicut

1967 3718 2156 3758 revera
2188 3704 2293 3767 vis,
2345 3703 2595 3767 imitare;
2632 3716 2716 3755 me
2746 3710 2929 3755 autem
2975 3700 3093 3753 sine
3141 3687 3327 3752 meum
3354 3698 3524 3750 Deum

1971 3798 2193 3851 imitari.

2042 3888 2278 3944 XXXVI.
2311 3888 2403 3943 His
2431 3888 2614 3949 dictis,
2652 3887 2728 3940 ira
2761 3886 2916 3940 valde
2944 3887 3045 3938 fuit
3092 3899 3356 3939 accensus
3396 3900 3534 3951 prae—

1970 3996 2078 4044 ses.
2107 3989 2163 4037 et
2188 3981 2343 4051 jubet
2386 3996 2505 4034 eam
2555 3980 2608 4032 in
2647 3993 2868 4035 carcere
2904 3976 3125 4045 quidem
3175 3977 3381 4029 includi
3415 3979 3539 4031 obs-

1967 4071 2259 4127 curissimo
2291 4087 2303 4120 :
2361 4072 2545 4123 omnia
2570 4085 2698 4123 vero
2744 4070 3102 4123 instrumenta
3133 4078 3531 4120 tormentorum

1969 4164 2170 4220 deduci
2205 4163 2259 4216 in
2296 4162 2416 4232 ejus
2445 4170 2797 4230 conspectum
2820 4203 2833 4223 ,
2870 4170 2929 4214 ut
2963 4161 3045 4213 vel
3094 4176 3217 4212 cum
3291 4160 3538 4223 vidisset,

1969 4258 2019 4312 ei
2056 4267 2201 4310 metu
2238 4256 2619 4325 persuaderet,
2664 4264 2721 4306 ut
2750 4253 2953 4321 aliquid
2991 4251 3057 4303 de
3104 4266 3198 4303 sua
3235 4253 3541 4302 remitteret

1971 4350 2307 4411 constantia,
2342 4356 2434 4402 aut
2467 4346 2511 4399 si
2546 4345 2808 4397 retineret
2830 4357 2981 4394 suam
3008 4340 3173 4393 animi
3212 4337 3542 4407 magnitudi-

303 4434 506 4485 ὡδυνον
544 4430 700 4483 ἀνίαν
733 4428 943 4499 ὲμϐάλη
993 4430 1059 4497 τῇ
1113 4430 1302 4499 μνήμῃ
1346 4429 1457 4480 τῶν
1505 4427 1867 4494 ἁλγυνόντων.
1903 4467 1945 4522 D
1972 4454 2117 4500 nem,

1941 4454 2117 4508 ,nem,
2157 4441 2365 4494 varium
2412 4447 2467 4490 et
2517 4434 2870 4500 multiplicem
2920 4433 2967 4484 ei
3026 4429 3248 4483 aﬂerret
3269 4428 3538 4489 dolorem,

305 4527 419 4579 Kal
438 4525 643 4594 τροφὴν
671 4524 727 4576 δὲ
756 4524 893 4592 αὐτῇ
941 4521 1179 4575 δίδοσθαι
1205 4520 1531 4590 προστάττει
1570 4519 1859 4589 βραχεῖαν,

306 4617 403 4670 καὶ
436 4616 638 4685 ταύτην
674 4616 828 4685 ἡλίου
882 4614 1021 4684 μετὰ
1064 4614 1296 4682 δυσμάς.
1342 4612 1407 4663 Ἢ
1436 4612 1491 4664 δι
1532 4611 1741 4679 μάρτυς
1777 4610 1873 4662 καὶ

305 4710 482 4772 οὕτως
523 4707 749 4762 οἰκοῦσα
792 4709 887 4760 καὶ
920 4705 1094 4760 ταῦτα
1139 4705 1321 4774 όρῶσα
1354 4706 1447 4756 καὶ
1482 4704 1688 4773 τροφῆς
1739 4702 1873 4763 ὅλως

310 4804 558 4873 μετέχειν
592 4798 668 4869 μὴ
694 4796 993 4866 βουλομένη
1024 4796 1144 4848 ἀντὶ
1174 4794 1391 4847 πάντων
1429 4792 1521 4845 τὸν
1541 4792 1617 4853 είς
1638 4792 1872 4859 Χριστὸν

305 4899 365 4950 εν
393 4895 555 4962 ἑαυτῇ
606 4892 837 4960 [στρεφε
865 4889 1053 4942 πόθον.
1092 4886 1203 4942 Καὶ
1252 4884 1424 4945 οὕτως
1454 4880 1521 4953 ἦν
1561 4884 1745 4951 εκείνη
1780 4881 1875 4957 xal

311 4987 513 5058 βρῶσις
536 4983 804 5053 ἀρκοῦσα,
822 4980 1031 5035 καὶτοῦ
1056 4980 1220 5046 ζόφου
1241 4977 1606 5047 παράκλησις.
1633 4975 1885 5042 Ἐωρᾶτο“

310 5082 366 5134 δὲ
399 5082 534 5149 αὐτῇ
558 5076 641 5147 ἐφ’
672 5077 908 5145 ἑκάστης
933 5071 1129 5135 νυκτὸς
1159 5072 1253 5124 καὶ
1280 5072 1311 5140 ἠ
1347 5069 1604 5131 σύναθλος
1644 5066 1873 5133 Θεοδότη

309 5178 415 5243 τήν
431 5188 490 5224 τε
514 5170 739 5241 καρδίαν
763 5164 1102 5237 εὐφροσύνης
1126 5161 1430 5233 πληροῦσα,
1465 5159 1560 5211 καὶ
1590 5158 1728 5227 πρὸς
1753 5156 1877 5218 τοὺς

312 5267 533 5335 ἀγῶνας
566 5261 1035 5334 ιπιρῤωννύουσα,
1077 5259 1144 5328 ῆν
1170 5258 1265 5310 καὶ
1314 5255 1573 5313 πολλάκις
1606 5252 1879 5320 φοιτῶσαν

313 5363 347 5430 η
381 5359 548 5429 μηδὲν
593 5356 803 5409 ἐάσασα
829 5353 938 5406 τῶν
966 5350 1192 5420 ἀγαθῶν
1243 5346 1595 5412 ἀνεξέταστον
1617 5344 1878 5397 Ἀναστα-

315 5458 429 5515 σία,
457 5451 549 5503 καὶ
582 5448 740 5500 τοῦτο
764 5446 946 5517 ῆρετο,
970 5442 1090 5496 τίνα
1118 5441 1181 5511 δὴ
1203 5441 1424 5511 τρόπον,
1450 5438 1701 5504 λέγουσα,
1741 5434 1877 5503 μετὰ

311 5546 376 5599 τὸ
400 5544 577 5595 θανεῖν
601 5540 760 5610 φοιτᾷ
786 5539 919 5608 πρὸς
951 5526 1141 5603 αὐτήν,
1180 5534 1245 5587 Ἦ
1264 5532 1321 5585 δὲ
1369 5528 1611 5584 δεδόσθαι
1634 5530 1751 5588 ταῖς
1766 5526 1873 5579 τῶν

316 5652 610 5705 μαρτύρων
662 5632 769 5701 ἔψη
816 5630 1013 5699 ψυχαῖς
1064 5629 1157 5680 καὶ
1218 5624 1373 5677 τοῦτο
1429 5620 1577 5691 παρὰ
1614 5618 1770 5685 Θεοῦ,
1812 5618 1871 5669 τὸ

457 5752 478 5782 ⁸
511 5748 694 5804 Matth.
730 5763 836 5802 xvii
892 5747 973 5799 19.
1048 5744 1072 5776 ⁹
1104 5742 1271 5797 Exod.
1310 5758 1417 5802 xw,
1458 5740 1516 5793 ‘2l
1560 5753 1709 5807 seqq.

312 5840 371 5887 et
400 5839 504 5881 ιιι.
586 5822 627 5851 ¹³
656 5818 672 5873 1
704 5820 826 5875 Cor.
867 5817 984 5879 11,2

1828 5736 1870 5765 ¹¹⁵
1910 5739 2073 5795 Josuc
2107 5758 2157 5805 ς,
2197 5742 2211 5793 l
2248 5756 2393 5806 smn.

1981 4530 2364 4584 recordatione
2394 4541 2584 4580 eorum
2621 4538 2742 4591 quae
2790 4521 3037 4573 molestia
3065 4517 3327 4571 alliciunt.
3372 4517 3542 4569 Porro

1981 4631 2162 4677 autem
2188 4621 2341 4690 jubet
2384 4619 2547 4672 etiam
2583 4617 2843 4682 exiguum
2872 4612 2919 4664 ei
2954 4611 3070 4662 dari
3104 4610 3499 4661 nutrimentum
3530 4646 3543 4665 ,

1986 4714 2146 4782 idque
2175 4724 2296 4781 post
2326 4725 2581 4765 occasum
2617 4708 2769 4761 solis.
2825 4702 3021 4771 Martyr
3061 4715 3189 4754 vero
3219 4714 3340 4751 cum
3379 4708 3435 4751 et
3468 4697 3545 4750 sic

1984 4807 2275 4866 habitaret,
2327 4812 2381 4857 et
2414 4804 2530 4856 haec
2561 4801 2793 4857 videret,
2846 4805 2901 4849 et
2940 4794 3107 4847 nollet
3151 4792 3378 4845 omnino
3422 4802 3545 4842 esse

1980 4896 2085 4949 cibi
2122 4896 2415 4963 particeps,
2447 4908 2545 4961 pro
2573 4890 2830 4945 omnibus
2859 4885 2999 4954 apud
3022 4900 3081 4936 se
3105 4883 3360 4936 versahat
3382 4893 3544 4933 suum

1941 5027 1943 5031 ς
1983 4988 2035 5039 in
2066 4988 2344 5040 Christum
2368 4984 2719 5037 desiderium.
2750 4979 2809 5033 Id
2846 4988 3027 5031 autem
3055 4984 3174 5029 erat
3203 4972 3277 5027 illi
3304 4981 3359 5026 et
3386 4971 3546 5025 cibus

1981 5079 2281 5141 sufﬁciens,
2318 5084 2376 5131 et
2408 5076 2659 5130 solatium
2710 5067 3080 5123 obscuritatis.
3116 5065 3176 5119 Ei
3230 5078 3360 5118 vero
3390 5061 3544 5115 vide-

1990 5168 2150 5223 batur
2213 5168 2377 5221 etiam
2440 5164 2669 5232 singulis
2719 5158 2973 5213 noctibus
3019 5154 3164 5210 socia
3229 5151 3543 5207 certaminis

1984 5261 2287 5319 Theodote,
2324 5266 2378 5311 et
2404 5272 2499 5310 cor
2528 5258 2648 5323 ejus
2689 5252 2903 5320 replens
2932 5249 3141 5308 latitia,
3182 5246 3438 5312 viresque
3485 5257 3542 5297 et

1983 5355 2223 5408 animum
2258 5351 2462 5404 addens
2503 5348 2568 5401 ad
2614 5346 2929 5399 certamina.
2966 5342 3137 5405 Quam
3178 5338 3345 5391 etiam
3392 5348 3535 5402 sape

1984 5446 2364 5504 ventitantem,
2390 5456 2513 5510 ane
2544 5439 2752 5491 nullum
2783 5435 2910 5487 sivit
2942 5432 3144 5484 bonum
3179 5444 3285 5482 non
3332 5426 3541 5479 exani-

1981 5546 2167 5589 natnm
2203 5535 2480 5587 Anastasia
2510 5570 2523 5592 ,
2564 5532 2668 5583 hoc
2709 5541 2926 5595 quoque
2980 5519 3355 5588 interrogavit.
3409 5531 3545 5585 quo-

1982 5643 2102 5679 nam
2126 5628 2288 5680 modo
2316 5626 2379 5676 ad
2435 5638 2553 5676 eam
2580 5620 2789 5673 veniret
2817 5626 2934 5684 pust
2961 5624 3201 5667 mortem.
3236 5612 3329 5664 llla
3359 5619 3540 5662 autem

2513 5736 2550 5766 ι’
2588 5733 2651 5786 Ill
2686 5733 2813 5793 Reg.
2853 5747 2885 5788 1,
2924 5729 2956 5779 2
2984 5742 3135 5795 seqq.
3257 5725 3295 5753 ιι
3326 5725 3442 5776 Act.
3480 5735 3534 5783 ν,
