4252 6440
796 390 902 453 607

2023 379 2308 442 MENSIS
2360 376 2612 438 DECEM
2623 377 2794 438 BER.

3942 376 4068 442 608

790 500 948 560 dixit,
980 497 1087 552 hoc
1113 510 1335 566 quoque
1374 494 1562 549 datum
1599 507 1720 548 esse
1749 507 1779 545 a
1805 490 2036 545 Domino
2065 487 2356 543 animabus

2465 486 2603 556 μετὰ
2625 486 2724 555 τὴν
2749 483 3004 540 ἐντεῦθεν
3021 487 3336 560 ἀποδημίαν
3363 490 3653 560 ιπιφοιτᾷν
3680 487 3816 559 παρ’
3853 488 3950 546 οὓς
3979 487 4062 540 ἄν

790 596 1113 658 martyrum,
1151 593 1233 650 ut,
1262 592 1550 653 postquam
1582 582 1712 636 hinc
1741 581 2105 643 excesserint,
2131 577 2357 632 veniam

790 679 858 735 ad
886 691 1028 749 quos
1065 677 1258 738 velint,
1283 683 1340 729 et
1369 689 1494 730 cum
1532 673 1614 728 eis
1652 685 1935 727 sermones
1959 669 2269 735 conferant,
2301 677 2358 723 et

787 789 885 828 eos
912 771 1284 827 consolentur.

862 861 1127 916 XXXVII.
1183 861 1320 916 Cum
1369 861 1611 916 venisset
1659 873 1793 915 vero
1842 857 1964 913 dies
2014 857 2350 926 tricesimus,

785 954 1114 1008 existimans
1141 951 1436 1022 praefectus
1463 951 1605 1005 l'ame
1642 958 1700 1004 et
1741 949 1846 1004 alia
1899 949 2192 1005 afﬂictione
2221 963 2357 1006 eon-

789 1046 991 1099 l’ectatn
1024 1058 1144 1097 esse
1182 1053 1500 1115 martyrem,
1525 1051 1581 1096 et
1606 1041 1814 1112 aliquid
1846 1041 1914 1096 de
1941 1055 2040 1096 sua
2074 1042 2354 1098 remisisse

790 1138 1119 1200 constantia,
1146 1136 1238 1191 ubi
1265 1152 1385 1190 eam
1415 1136 1761 1199 accersisset,
1791 1147 1848 1192 et
1871 1136 2192 1192 alaeriorem
2221 1138 2362 1193 libe-

799 1229 1028 1297 riusqne
1062 1244 1225 1298 quam
1262 1229 1418 1298 prius
1440 1228 1755 1299 loquentem
1792 1228 2036 1296 vidisset,
2063 1233 2234 1286 iratus
2257 1230 2362 1286 fuit

794 1322 1141 1386 custodibus,
1175 1333 1233 1376 ut
1268 1324 1364 1391 qui
1395 1323 1444 1377 ei
1475 1323 1753 1378 dedissent
1779 1323 2009 1393 aliquid,
2042 1339 2153 1395 quo
2181 1341 2239 1380 se
2274 1340 2360 1381 re-

795 1413 1006 1467 ﬁceret.
1056 1413 1277 1466 Illorum
1310 1413 1494 1483 itaque
1525 1413 1914 1484 benignitatem
1945 1431 2208 1471 accusans
2241 1425 2361 1472 tan-

792 1517 957 1572 quam
1005 1502 1241 1568 crimen,
1273 1517 1370 1557 eos
1402 1513 1649 1558 removet
1673 1518 1702 1558 a
1746 1505 1995 1559 custodia
2034 1520 2050 1554 ι
2077 1520 2198 1560 eam
2231 1521 2360 1562 vero

791 1595 1092 1649 committit
1117 1596 1258 1658 aliis,
1288 1609 1427 1664 quos
1460 1595 1671 1649 sciebat
1698 1595 1935 1651 libenter
1965 1597 2147 1652 omnia
2182 1597 2361 1652 factu-

793 1699 885 1739 ros
912 1700 978 1739 ex
1009 1686 1127 1756 ejus
1150 1687 1313 1740 animi
1340 1688 1632 1741 sententia.
1666 1685 1801 1742 Cum
1837 1703 1933 1744 eos
1976 1703 2106 1759 ergo
2143 1689 2192 1744 ei
2221 1705 2360 1759 pra-

792 1776 1033 1841 fecisset,
1063 1788 1118 1832 et
1141 1780 1263 1833 aliis
1292 1781 1512 1849 triginta
1541 1780 1733 1836 diebus
1755 1795 1876 1836 eam
1918 1783 2198 1838 custodire
2234 1784 2356 1853 jus-

2463 578 2559 630 καὶ
2589 575 2888 645 βούλοιντο,
2912 578 3008 632 καὶ
3039 579 3257 650 ὁμιλίας
3294 582 3389 635 καὶ
3411 580 3816 651 παρακλήσεως
3836 574 4056 641 αὐτόὺς

2458 667 2669 733 ἀξιοῦν.

2532 845 2658 902 AZ'.
2697 844 3039 917 Τριακοστῆς
3069 847 3128 902 δδ
3157 848 3466 917 επιστάσης
3499 848 3715 920 ἡμέρας
3742 847 4060 902 ὑπολαϐὼν

2461 935 2490 988 δ
2519 935 2756 1006 έπαρχος
2805 936 2884 1007 τῷ
2937 953 2997 991 τε
3053 936 3199 1009 λιμῷ
3230 940 3324 993 καὶ
3369 942 3437 1011 τῇ
3496 939 3634 1012 άλλη
3693 939 4062 1012 κακοπαθείᾳ

2463 1027 2911 1100 κατεργασθῆναι
2954 1029 3052 1102 τὴν
3114 1032 3372 1102 μάρτυρα
3427 1033 3523 1085 καὶ
3580 1033 3681 1101 τῆς
3729 1032 4061 1094 ένστάσεως

2464 1119 2773 1184 ὑποδοῦναι,
2799 1121 3298 1190 μεταπεμψάμενος
3321 1123 3548 1193 ταύτην,
3573 1123 3649 1186 ὡς
3675 1118 3783 1176 εἷδε
3806 1123 4063 1192 φαιδρὰν

2466 1211 2666 1282 μᾶλλον
2715 1213 2810 1264 καὶ
2864 1212 3499 1284 πεπαρρησιασμένηνή
3548 1214 3838 1283 πρότερον,
3871 1213 4062 1282 ὠργί-

2465 1303 2592 1368 ζετο
2625 1302 2768 1356 κατὰ
2827 1303 2938 1357 τῶν
2981 1305 3239 1372 φυλάκων
3270 1303 3346 1368 ὡς
3384 1304 3448 1372 δή
3501 1322 3648 1367 τινος
3683 1305 3818 1374 παρ’
3857 1305 4061 1356 αὐτῶν

2462 1391 2760 1457 εὐπαθείας
2811 1392 3212 1465 άπολαυούσης.
3284 1393 3541 1448 Ἐκείνων
3597 1395 3696 1465 μιν
3727 1394 3822 1448 οὖν
3848 1397 3928 1457 ὡς
3955 1395 4061 1462 εγ-

2464 1483 2648 1554 κλημα
2672 1485 2774 1556 τὴν
2807 1483 3221 1554 φιλανθρωπίαν
3252 1487 3638 1556 κατηγορήσας
3659 1486 3759 1553 τῆς
3792 1485 4060 1554 φυλακῆς

2461 1575 2658 1639 αὐτοὺς
2697 1575 3009 1648 έξίστησινυ
3053 1577 3262 1647 ἑτέροις
3291 1577 3350 1631 δι
3374 1577 3584 1649 ταύτην
3619 1579 3914 1648 έπιτρέπει
3949 1579 4054 1643 οὓς

2463 1666 2581 1738 ἤδει
2601 1667 2694 1721 καὶ
2726 1667 2962 1737 μάλιστα
2995 1669 3172 1723 πάντα
3218 1668 3364 1732 κατὰ
3409 1668 3536 1722 νοῦν
3567 1669 3718 1740 αύτῷ
3747 1672 3840 1723 καὶ
3871 1687 4050 1741 κεχα-

2464 1758 2734 1830 ρισμένως
2769 1759 3043 1829 ποιήσειν.
3099 1759 3340 1824 Τούτους
3391 1760 3487 1814 οῦν
3543 1762 3683 1832 αὑτῇ
3737 1763 4056 1832 ἐπιστήσας

792 1867 977 1931 sisset,
1009 1879 1066 1923 et
1099 1835 1396 1939 signaculi;
1431 1872 1738 1926 custodiam
1777 1873 2121 1944 obsignasset
2145 1911 2160 1936 ,
2195 1835 2354 1929 abiit.

2463 1849 2552 1904 καὶ
2581 1850 2671 1903 ἐπὶ
2695 1849 2916 1919 ἑτέραις
2944 1851 3246 1921 τριάκοντα
3279 1850 3572 1920 φυλάττειν
3601 1853 3836 1922 ήμέραις
3872 1868 4053 1922 προσ-

793 1957 890 2013 llla
925 1970 1105 2016 autem
1133 2002 1144 2022 .
1179 1963 1281 2017 etsi
1311 1977 1497 2016 secum
1530 1963 1604 2018 ita
1636 1940 1926 2034 ageretur;
1958 1981 2066 2020 non
2118 1964 2355 2020 cessavit

2463 1940 2649 2007 τάξας,
2668 1940 2802 2012 πρὸς
2820 1941 2875 1995 δὶ
2895 1943 2990 1994 καὶ
3016 1945 3280 2012 σφραγῖσι
3301 1942 3399 2014 τὴν
3426 1943 3672 2012 φυλακὴν
3691 1945 4056 2012 ἐπισημηνά-

796 2059 979 2106 tamen
1016 2053 1200 2108 facere
1243 2069 1307 2109 ea
1355 2070 1476 2124 quae
1516 2065 1880 2111 consueverat
1911 2068 1928 2110 :
1959 2058 2056 2112 sed
2097 2056 2151 2112 in
2189 2057 2359 2113 vehe-

795 2143 966 2198 menti
1000 2145 1270 2210 oratione,
1317 2157 1372 2200 et
1419 2156 1685 2202 nocturna
1729 2150 1996 2212 statione,
2041 2159 2096 2203 et
2141 2149 2359 2204 assidua

792 2235 1112 2289 extensione
1169 2250 1428 2290 manuum
1486 2237 1898 2305 perseverabat.
1962 2237 2170 2294 Deinde
2230 2254 2357 2295 cum

770 2329 1087 2400 .prazfectus
1139 2332 1290 2385 illine
1335 2345 1455 2384 eam
1502 2330 1807 2395 eduxisset,
1856 2332 2186 2387 condemnat
2231 2349 2357 2390 eum

798 2424 991 2479 multis
1018 2424 1144 2480 aliis
1175 2427 1307 2488 reis,
1338 2431 1398 2479 ut
1427 2425 1480 2478 in
1515 2423 1844 2493 profundum
1874 2427 2041 2480 maris
2066 2428 2361 2498 projicere-

797 2528 908 2572 tur.
937 2517 1065 2571 Erat
1089 2525 1269 2571 autem
1297 2531 1402 2570 una
1434 2531 1557 2571 cum
1587 2517 1654 2572 iis
1681 2517 1844 2572 etiam
1879 2520 2105 2587 quidam
2135 2521 2216 2574 vir
2239 2521 2363 2592 pius

701 2612 709 2622 '
799 2609 1020 2664 nomine
1049 2609 1424 2681 Eutychianus
1457 2648 1472 2674 ,
1505 2611 1600 2680 qui
1643 2612 1760 2679 ipse
1803 2625 2021 2681 quoqae
2052 2622 2272 2683 propter
2300 2613 2363 2667 ﬁ-

803 2701 927 2754 dem
955 2699 1009 2753 in
1032 2698 1331 2760 Christum,
1360 2699 1599 2755 nudatus
1620 2698 1999 2767 facultatibus,
2027 2703 2364 2757 condemna-

802 2799 891 2844 tus
921 2788 1040 2852 fuit,
1075 2790 1432 2858 utjaceretur
1459 2787 1512 2841 in
1546 2802 1713 2841 mare.

871 2879 1155 2936 XXXVilI.
1188 2881 1480 2949 Postquam
1507 2895 1637 2935 vero
1661 2879 1716 2934 in
1743 2880 1925 2935 medio
1953 2880 2087 2934 mari
2118 2879 2362 2946 fuerunt,

801 2973 894 3040 qui
941 2987 1038 3028 eos
1085 2970 1360 3026 ducebant
1411 2971 1643 3035 milites,
1689 2972 1788 3040 ipsi
1841 2973 2065 3042 quidem
2114 2974 2363 3044 cymbam

802 3065 1097 3133 quamdam
1128 3063 1520 3127 ascendentes,
1552 3063 1604 3118 in
1639 3071 1837 3118 terram
1868 3064 2227 3135 navigarunt,
2262 3079 2362 3118 na-

2466 2046 2650 2100 μενος,
2681 2029 2874 2101 ᾤχετο.
2941 2032 3006 2086 'H
3036 2033 3094 2087 δδ
3139 2035 3243 2086 κάν
3272 2033 3485 2098 τούτοις
3511 2033 3648 2087 οὖσα
3680 2036 3782 2088 οὐκ
3815 2034 4052 2088 ίπέλιπε

2464 2125 2535 2179 τὰ
2574 2126 2784 2195 συνήθη
2811 2127 3008 2188 ποιεῖν,
3037 2126 3156 2179 ἀλλ’
3190 2127 3326 2197 εὐχῇ
3357 2144 3416 2181 τε
3459 2130 3698 2198 συντόνῳ
3720 2132 3816 2182 καὶ
3851 2129 4054 2183 στάσει

2462 2217 2718 2289 παννύχῳ
2746 2221 2839 2274 καὶ
2858 2220 3118 2275 ἀνατάσει
3145 2222 3349 2291 χειρῶν
3369 2221 3703 2292 ἀδιαλείπτῳ
3731 2237 4056 2292 προσεκαρ-

2462 2310 2632 2380 τέρει.
2667 2307 2798 2364 Εἶτα
2845 2312 3059 2365 έκεῖθεν
3103 2313 3276 2384 αὐτὴν
3313 2312 3601 2382 έξαγαγὼν
3629 2315 3658 2366 ὁ
3685 2313 3930 2382 ἔπαρχος
3959 2315 4048 2384 τῷ

2468 2400 2616 2472 βυθῷ
2633 2405 2732 2473 τῆς
2763 2402 3038 2474 θαλάσσης
3060 2405 3277 2477 σύναμα
3300 2408 3397 2459 καὶ
3421 2405 3605 2471 ἄλλοις
3628 2405 3843 2470 πολλοῖς
3873 2425 4054 2463 κατα-

2463 2495 2634 2558 δίκοις
2675 2495 2945 2567 άφεθήναι
2979 2498 3450 2569 καταψηφίζεται.
3513 2499 3688 2570 Συνῆν
3743 2500 3802 2553 δὶ
3830 2500 4051 2566 τούτοις

2467 2587 2559 2641 καί
2587 2605 2668 2650 τις
2691 2589 2830 2660 ἀνὴρ
2860 2591 3114 2661 εὐσεϐὴς,
3140 2593 3469 2664 Εὑτυχιανὶς
3504 2595 3697 2664 δννμα,
3727 2593 3787 2656 δς
3811 2594 3907 2645 καὶ
3939 2596 4048 2646 αύ-

2465 2678 2555 2742 τδις
2583 2679 2671 2732 δια
2692 2680 2787 2753 τὴν
2811 2683 2892 2744 εἰς
2926 2681 3160 2753 Χριστὸν
3191 2685 3376 2740 ⁴πίστιν
3405 2685 3713 2756 γυμνωθεὶς
3735 2686 3844 2740 τῶν
3867 2685 4048 2740 ὄντων

2466 2771 2556 2823 τὸν
2579 2774 2634 2824 ὲν
2660 2771 2903 2844 θαλάττῃ
2933 2774 3302 2845 κατεδικάσθη
3335 2775 3587 2834 θάνατοι.

2533 2864 2662 2919 AH'.
2709 2865 2797 2929 Ὦς
2844 2866 2903 2918 δὲ
2933 2866 2998 2937 δή
3027 2869 3170 2920 κατὰ
3200 2869 3367 2936 μέσον
3395 2871 3565 2942 αὐτῆς
3617 2872 3795 2943 δήπου
3825 2871 3925 2942 τῆς
3947 2870 4049 2924 θα-

2467 2954 2668 3026 λάττης
2721 2951 2864 3026 ἦσαν
2890 2959 2938 3010 οί
2979 2958 3206 3022 τούτους
3239 2961 3463 3029 ἄγοντες
3506 2964 3859 3034 στρατιιῖιται,
3882 2963 4049 3018 αὐτοὶ

2470 3044 2571 3112 μὲν
2592 3047 2822 3100 ἀκατίου
2849 3047 2989 3110 τινὸς
3016 3050 3304 3115 ὲπιθάντες
3326 3054 3460 3122 πρὶς
3482 3054 3582 3125 τήν
3608 3055 3713 3126 γῆν
3740 3055 3846 3109 άπέ
3857 3056 4046 3122 πλεον,

804 3173 926 3210 vem
961 3169 1179 3220 autent,
1210 3172 1331 3225 quae
1362 3155 1602 3211 ducebat
1647 3155 1848 3211 Christi
1897 3165 2189 3227 martyrem
2237 3173 2362 3210 cum

2466 3135 2564 3206 τὴν
2594 3135 2652 3189 δὶ
2677 3136 2811 3190 ναῦν
2844 3139 2874 3208 lg
2907 3139 3007 3210 τὴν
3033 3141 3126 3195 τοῦ
3161 3143 3398 3214 Χριστοῦ
3445 3146 3705 3218 μάρτυρα
3736 3147 3834 3199 σὺν
3870 3148 4048 3199 Εὐτυ-

804 3246 1145 3317 Entycliiano
1179 3256 1233 3301 et
1261 3247 1475 3300 caeteris
1505 3247 1886 3301 condemnatis
1907 3289 1922 3312 ,
1951 3262 2074 3302 cum
2123 3249 2363 3317 undique

804 3337 1202 3405 perl'orassent,
1233 3353 1353 3391 eam
1378 3380 1392 3400 ,
1438 3353 1562 3392 eum
1595 3338 1648 3392 in
1681 3346 1832 3393 tanto
1874 3349 2185 3394 versaretur
2217 3341 2363 3409 peri-

803 3425 948 3485 culo,
987 3427 1302 3495 relinquunt
1337 3427 1616 3480 ﬂuctibus.
1645 3424 1737 3481 Sic
1783 3442 1978 3482 navent
2023 3443 2172 3483 mare
2220 3439 2367 3499 tege-

809 3514 923 3573 bat,
952 3522 1007 3567 et
1037 3515 1117 3567 eis
1155 3524 1337 3582 parata
1363 3529 1393 3568 a
1424 3515 1533 3569 Deo
1555 3516 1791 3585 adjutrix
1818 3517 1978 3572 missa
2005 3519 2160 3572 beata
2188 3518 2365 3573 Theo-

803 3603 953 3666 dute,
994 3611 1048 3657 et
1079 3607 1199 3658 velo
1232 3605 1476 3660 insidens
1505 3607 1833 3660 cernebatur
1873 3623 1888 3661 :
1923 3617 1978 3663 et
2030 3609 2242 3664 clavum
2283 3609 2365 3664 di-

805 3695 989 3763 rigens
1047 3697 1418 3761 securissime,
1451 3698 1534 3752 eis
1560 3699 1942 3768 navigantibus
1979 3717 2200 3756 cursum
2227 3718 2366 3772 pra:-

807 3786 970 3838 bebat
1015 3789 1497 3844 secundissimum.
1551 3789 1632 3845 Ad
1687 3801 1887 3847 terram
1937 3803 2117 3848 autem
2167 3811 2363 3850 navem

808 3877 966 3931 duxit
991 3881 1111 3931 sine
1145 3881 1407 3945 periculo.
1431 3883 1574 3946 Quin
1599 3884 1764 3937 etiam
1798 3886 2039 3940 ostendit
2067 3886 2365 3957 Eutychia-

812 3983 945 4022 num
977 3968 1146 4024 fuisse
1177 3985 1632 4029 eonnumeratum
1673 3975 1817 4030 inter
1843 3976 2050 4032 Christi
2080 3991 2364 4051 martyres.

807 4057 964 4113 'Iunc
1013 4063 1216 4130 itaque,
1261 4064 1354 4131 qui
1384 4067 1624 4119 erantin
1662 4081 1800 4122 nave
1838 4070 2207 4134 condemnati,
2257 4072 2360 4126 σιδ-

807 4151 1101 4219 stupefacti
1147 4153 1431 4219 miraculo,
1458 4155 1527 4209 ad
1575 4156 1895 4228 Eutychiani
1925 4161 2092 4229 pedes
2118 4163 2368 4228 procide-

809 4242 942 4296 bant
973 4252 1028 4296 ct
1070 4245 1344 4314 martyris,
1373 4255 1427 4299 et
1454 4246 1715 4316 rogabant
1749 4257 1807 4302 nt
1839 4249 2172 4306 docerentur
2199 4254 2366 4308 ratio-

807 4349 931 4388 nem
964 4334 1113 4389 ﬁdei.
1148 4336 1221 4390 Ea
1252 4352 1382 4407 ergo
1409 4354 1528 4408 quae
1563 4341 1842 4409 petebant,
1879 4347 2194 4409 consecuti,
2223 4355 2278 4400 et
2313 4349 2366 4400 in

807 4427 1012 4498 pietate
1044 4436 1104 4482 ut
1135 4440 1351 4499 oportet
1384 4431 1606 4496 initiati,
1651 4434 1705 4487 in
1740 4433 1946 4489 Christi
1994 4452 2209 4506 gregem
2239 4448 2368 4496 annt

2470 3229 2662 3300 χιανῷ,
2713 3234 2878 3301 φημὶ,
2930 3235 3026 3286 καὶ
3064 3238 3175 3298 τοῖς
3223 3238 3533 3316 καταδίκαις
3580 3236 3724 3311 ἦγε,
3773 3241 4049 3294 πάντοθεν

2469 3322 2876 3393 διατρήσαντες,
2906 3324 3078 3388 οῦτως
3110 3330 3430 3398 ἐπισφαλῶς
3451 3330 3683 3401 ἔχουσαν
3716 3335 3829 3395 τοῖς
3858 3333 4048 3401 κύμα-

2473 3429 2558 3466 σιν
2595 3416 2844 3483 ἁφιάσιν.
2879 3415 3048 3470 Οὔπω
3066 3417 3163 3487 τήν
3198 3419 3331 3474 ναῦν
3361 3422 3633 3475 ἐκάλυπτε
3657 3422 3926 3488 θάλασσα,
3946 3427 4048 3478 καὶ

2471 3505 2630 3576 παρὰ
2650 3506 2784 3560 Θεοῦ
2807 3507 3026 3578 έτοιμος
3050 3512 3234 3573 aurai;
3258 3512 3451 3582 βοηθὸς
3479 3515 3515 3584 ή
3537 3516 3786 3586 μακαρία
3807 3516 4046 3586 Θεοδότη

2472 3598 2786 3667 πεμφθεῖσα
2811 3601 2888 3670 τῷ
2918 3601 3072 3670 ίστίῳ
3095 3618 3154 3656 τε
3183 3605 3283 3673 τῆς
3307 3606 3435 3676 νηὸς
3477 3606 3870 3679 ἐπικαθημένη
3904 3609 4042 3663 ιιαθ-

2470 3692 2703 3762 εωρᾶτο,
2727 3694 2820 3747 καὶ
2849 3694 2922 3756 ὡς
2948 3696 3332 3765 ἀσφαλέστατα
3352 3697 3663 3754 διιθύνουσα
3693 3703 3754 3755 τὺ
3775 3703 4044 3774 πηδάλιον

2472 3782 2737 3854 εὔδρομον
2762 3787 2862 3855 μὲν
2884 3787 3064 3852 αὐτοῖς
3097 3793 3326 3861 παρεῖχε
3348 3791 3442 3848 τὸν
3466 3792 3637 3846 πλοῦν
3661 3833 3676 3859 ,
3705 3797 3838 3865 πρὸς
3868 3796 3923 3848 δὲ
3945 3797 4046 3868 τήν

2470 3875 2666 3946 χέρσον
2690 3876 2988 3939 ἀκινδύνως
3010 3873 3114 3948 ἦγε
3146 3879 3245 3950 τὴν
3271 3879 3402 3933 ναῦν
3430 3897 3444 3912 ·
3499 3883 3842 3936 ιπεδείκνυτο
3869 3886 3924 3938 δὲ
3952 3892 4046 3939 καὶ

2470 3968 2561 4020 τὸν
2587 3968 2917 4037 Εὑτυχιανδν
2943 3971 3018 4034 ὡς
3042 3973 3127 4040 εἴη
3152 3975 3244 4025 καὶ
3274 3974 3438 4037 αὐτὸς
3483 3977 3599 4038 τοῖς
3636 3977 3877 4046 μάρτυσι
3910 3979 4044 4048 Χριο

2474 4057 2602 4109 στοῦ
2648 4060 3025 4129 συναρίθμιος.
3060 4061 3192 4114 Τότε
3217 4062 3345 4129 γοῦν
3378 4066 3428 4115 οἱ
3464 4068 3521 4117 έν
3547 4066 3624 4135 τῷ
3665 4067 3837 4137 πλοίῳ
3873 4074 4035 4124 κατάο

2470 4150 2611 4203 omet
2639 4151 2718 4221 τῷ
2762 4154 3051 4224 παραδόξῳ
3078 4157 3528 4225 καταπλαγέντες
3573 4161 3949 4228 προσέπιπτον
3982 4181 4042 4216 τε

2471 4244 2550 4314 τῷ
2583 4245 2900 4318 Εὐτυχιανῷ
2931 4249 3027 4301 σὺν
3057 4251 3122 4319 τῇ
3161 4249 3425 4320 μάρτυρι,
3465 4253 3560 4304 καὶ
3587 4252 3904 4324 διδαχθῆναι
3951 4258 4043 4308 τὸν

2479 4339 2573 4404 τῆς
2605 4339 2839 4399 πίστεως
2895 4341 3049 4407 λόγον
3075 4341 3280 4410 ἠξίουν.
3334 4343 3601 4412 Τυχόντες
3648 4346 3941 4416 τοιγαροῦν
3965 4341 4042 4400 ὧν

2475 4428 2682 4482 ἐδέοντο
2721 4434 2812 4483 καὶ
2867 4433 2968 4501 τὴν
3023 4419 3309 4486 εὐσέϐειαν
3340 4433 3416 4498 ὡς
3470 4437 3573 4506 χρὴ
3628 4437 3933 4506 μυηθέντες
3964 4439 4042 4508 τῷ

806 4518 1066 4587 cooptati,
1089 4521 1183 4588 qui
1211 4530 1371 4576 erant
1405 4534 1598 4578 omnes
1625 4522 1790 4578 simul
1824 4535 2046 4580 centum
2079 4537 2136 4582 et
2174 4527 2362 4597 viginti

2468 4519 2561 4572 τοῦ
2611 4520 2850 4591 Χριστοῦ
2881 4522 3118 4593 ποιμνίῳ
3169 4511 3683 4597 συγκατέλέχθησαν
3706 4528 3877 4598 δῆμος
3920 4528 4038 4592 ὅλος

809 4626 937 4665 νιτι.

877 4701 1118 4757 XXXIX.
1149 4701 1276 4759 Haec
1315 4705 1479 4761 tertio
1507 4715 1629 4776 post
1668 4709 1755 4764 die
1806 4709 2185 4781 signiﬁcantur
2231 4728 2370 4783 prae—

808 4796 973 4850 fecto.
1001 4796 1106 4860 Qui
1143 4811 1270 4850 enm
1313 4801 1495 4853 statim
1544 4815 1739 4870 magno
1778 4803 1962 4857 studio
2002 4812 2174 4858 totum
2223 4804 2370 4859 hunc

807 4890 1062 4950 chorum,
1093 4904 1269 4959 nuper
1297 4891 1591 4956 initiatum,
1634 4895 2145 4964 comprehendisset
2168 4934 2183 4959 .
2214 4905 2270 4952 et
2302 4897 2371 4951 ad

811 4982 1052 5036 tribunal
1077 4981 1356 5037 sistendos
1381 4993 1666 5048 curasset,
1704 5000 1802 5040 eos
1844 4987 2145 5042 arbitratus
2188 4989 2370 5044 adhuc

811 5074 1040 5140 primam
1067 5089 1288 5128 servare
1315 5076 1664 5140 sententiam,
1702 5077 1786 5132 eis
1833 5093 2028 5133 aurum
2070 5080 2272 5136 obtulit
2315 5092 2372 5137 ct

809 5163 1053 5225 divitias.
1082 5173 1137 5219 et
1166 5168 1399 5221 honores
1423 5166 1618 5236 partim
1647 5169 1868 5238 quidem
1911 5171 2022 5240 jam
2067 5174 2369 5240 prabebat,

813 5257 1010 5325 partim
1038 5272 1169 5312 vero
1201 5259 1580 5326 pollicebatur,
1614 5261 1659 5316 si
1702 5263 1879 5317 solum
1921 5264 2149 5320 vidisset
2198 5275 2373 5322 muta-

814 5357 922 5410 tos,
947 5357 1003 5401 et
1023 5360 1214 5403 rursus
1240 5350 1499 5418 gentilem
1532 5362 1818 5407 servantes
1841 5355 2185 5424 religionem.
2214 5358 2372 5411 l’ost-

813 5453 976 5506 quam
1012 5449 1192 5493 autem
1219 5455 1312 5510 spe
1333 5441 1485 5495 valde
1518 5440 1623 5496 fuit
1649 5441 1839 5509 falsus,
1873 5444 2042 5500 fortes
2073 5456 2129 5500 et
2160 5448 2371 5508 validos

815 5533 1008 5587 videns
1042 5548 1232 5586 eorum
1262 5537 1503 5599 animos,
1533 5537 1615 5590 eis
1644 5546 1834 5592 contra
1861 5539 2185 5595 ostendebat
2213 5559 2373 5599 enses

813 5626 1013 5686 nudos,
1039 5635 1094 5679 et
1132 5627 1332 5694 ignem,
1367 5636 1422 5681 et
1463 5629 1790 5698 catapultas,
1842 5639 1899 5686 et
1941 5634 2280 5702 sartagines:
2313 5637 2370 5691 Si

817 5716 1024 5782 nolitis,
1071 5716 1283 5781 dicens,
1331 5731 1387 5773 at
1435 5719 1547 5772 haec
1594 5731 1689 5775 vos
1722 5722 1925 5777 invitos
1965 5726 2373 5793 persuadebunt

819 5810 1145 5864 Sacrificure.
1179 5809 1470 5879 Postquam
1505 5821 1690 5868 autem
1737 5813 1811 5869 illi
1861 5831 1925 5870 ex
1982 5832 2138 5886 :cqno
2196 5835 2371 5889 neque

2471 4611 2680 4680 ἀνδρῶν
2704 4615 2782 4675 εἰς
2805 4614 2978 4666 είκοσι
3008 4619 3102 4669 καὶ
3127 4617 3322 4670 ἑκατὸν
3347 4618 3757 4687 ἀριθμούμενοι.

2546 4699 2669 4754 ΛΘ.
2699 4699 2883 4754 Ταῦτα
2922 4703 3062 4771 μετὰ
3082 4704 3275 4773 τρίτην
3309 4707 3528 4773 γνωστὰ
3563 4706 3639 4775 τῷ
3679 4709 3907 4779 έπάρχῳ
3953 4712 4042 4778 γί-

2471 4811 2641 4858 νεται,
2670 4798 2760 4850 καὶ
2786 4797 2985 4851 αὐτίκα
3009 4798 3179 4870 πολλῇ
3208 4801 3412 4871 σπουδῇ
3442 4801 3536 4853 τὸν
3568 4803 3826 4870 άρτιτελη
3854 4803 4041 4856 τοῦτον

2471 4886 2647 4939 πάντα
2676 4888 2836 4957 χορὸν
2862 4889 3145 4942 συλλαϐὼν
3173 4889 3253 4960 τῷ
3278 4891 3481 4960 βήματι
3509 4895 3893 4964 παρεστήσατο
3911 4911 3925 4925 ·
3949 4912 4021 4948 κα

2469 4980 2534 5050 δή
2558 4983 2656 5050 τὴν
2705 4983 2928 5054 πρώτην
2983 4985 3180 5048 αὐτοὺς
3245 4987 3341 5037 καὶ
3385 4987 3468 5037 ἔτι
3501 4987 3726 5057 γνώμην
3755 4988 4037 5052 διασώζειν

2472 5074 2758 5129 ὑπολαϐὼν
2802 5077 3004 5146 χρυσὸν
3037 5079 3219 5142 αὐτοῖς
3272 5080 3488 5149 παρῆγε
3512 5097 3527 5111 ·
3564 5082 3657 5133 καὶ
3687 5081 3916 5134 πλοῦτον
3954 5083 4036 5135 καὶ

2469 5169 2637 5236 τιμὰς
2664 5169 2759 5230 τὰς
2792 5169 2890 5238 μὶν
2926 5169 3025 5238 ἤδη
3049 5175 3298 5241 παρεῖχε,
3333 5174 3431 5234 τὰς
3459 5172 3516 5224 δὲ
3544 5172 3933 5240 ίπηγγέλλετο,
3977 5175 4038 5244 ἢν

2475 5260 2634 5328 μόνον
2681 5262 2765 5332 [δη
2802 5262 3204 5329 μεταθεμένους
3255 5265 3346 5316 καὶ
3385 5265 3485 5333 τὴν
3522 5264 3846 5336 Ἑλληνικὴν
3883 5267 4038 5319 πάλιν

2473 5350 2768 5420 θρησκείαν
2823 5355 3245 5423 πρεσϐεύοντας.
3315 5357 3467 5408 Ἐπεὶ
3514 5357 3831 5426 δὲέψεύσθη
3889 5362 4037 5428 παρὰ

2472 5444 2605 5496 πολὺ
2632 5443 2738 5497 τῶν
2790 5445 3182 5515 ἐλπιζομένων,
3215 5448 3535 5518 έρῤωμένας
3575 5449 3754 5502 αύτῶν
3785 5453 3880 5511 τὰς
3905 5455 4039 5516 γνώ-

2476 5555 2582 5606 μας
2622 5540 2783 5608 ὀρῶν,
2823 5542 3131 5594 τούναντίον
3161 5544 3341 5606 αὐτοῖς
3373 5544 3500 5613 ξίφη
3541 5546 3726 5613 γυμνὰ
3755 5547 4038 5601 ύπεδείκνυ

2472 5633 2568 5684 καὶ
2596 5634 2704 5702 πῦρ
2727 5635 2819 5686 καὶ
2846 5635 3188 5696 καταπέλτας
3215 5652 3288 5688 κα
3325 5637 3558 5706 τήγανα,
3585 5639 3690 5689 'ilv
3719 5637 3795 5706 μὴ
3820 5638 4037 5706 θύσητε.

2473 5727 2665 5794 λέγων.
2697 5726 2832 5779 ἀλλὰ
2862 5727 3034 5780 ταῦτα
3064 5729 3204 5795 ὑμᾶς
3232 5731 3324 5781 καὶ
3367 5731 3597 5792 άκσντας
3627 5730 3790 5783 θῦσαι
3843 5734 4036 5786 πείσει.

2487 5821 2562 5882 Ὠ,
2600 5820 2652 5872 δὲ
2688 5820 2879 5889 ἐπίσης
2914 5823 3106 5875 ἐκεῖναι
3132 5822 3253 5876 οὔτε
3292 5822 3395 5875 τῶι
3426 5824 3609 5876 κακῶν
3643 5824 4037 5893 ήττῶντο,οῦτι
