4252 6440
251 376 362 442 513

1377 375 1849 437 MARTYRIUM
1889 374 1949 438 S.
1988 378 2377 442 EUGENUE.

3385 381 3493 444 6H

248 488 528 556 λάμπεται
568 486 669 558 μιν
697 485 896 541 αὐτίκα
928 486 1021 540 τὸν
1046 487 1195 554 νοῦν,
1241 487 1338 542 άτε
1366 488 1462 553 καὶ
1510 491 1575 542 ἐκ
1626 488 1823 544 πολλοῦ
1849 488 1903 549 Α

1815 488 1903 549 ἱΑ
1928 491 2267 554 universum,
2307 500 2492 546 mente
2542 491 2762 560 quidem
2808 488 2995 545 statim
3042 488 3399 552 illuminatur.
3433 505 3494 551 ut

248 577 441 634 τοῦτον
468 577 851 651 καθηραμένη.
904 580 1045 635 κατά
1072 582 1276 653 ψυχὴν·
1300 580 1358 635 δέ
1379 582 1441 633 τό
1488 598 1552 651 γε
1578 579 1672 635 νῦν
1698 582 1824 652 ἐχον

248 669 326 740 τῷ
350 669 573 740 Χριστῷ
610 670 952 726 πιστεύσασα
1000 673 1060 726 ἐν
1094 674 1175 744 τῷ
1219 672 1441 744 φανερῷ
1468 673 1568 744 τὴν
1596 673 1707 729 τῶν
1731 691 1844 745 τε·-

249 762 456 833 nam
485 761 691 816 λύσσαν
723 762 1108 818 ὑποϐλέπουσα
1140 759 1234 836 ἧν.
1318 765 1473 818 Ἐπεὶ
1505 765 1562 820 δὲ
1595 764 1689 822 καὶ
1723 764 1823 837 βα-

253 853 446 917 σιλέως
477 853 673 922 ἐφοίτα
699 855 1039 925 πρόσταγμα»
1061 854 1167 923 ἐξω
1194 857 1391 927 τειχῶν
1409 857 1538 921 τοὺς
1558 856 1823 929 Χριστια-

248 946 375 1009 νοὺς
401 946 654 1016 ἐξωθοῦν,
675 950 769 1001 καὶ
791 950 820 1002 ό
852 948 1089 1019 ἔπαρχος
1111 949 1211 1021 ἤδη
1233 947 1397 1019 ἔργον
1418 950 1643 1021 ἥπτετο,
1659 948 1822 1019 αὕτη,

251 1035 551 1109 γλιχομένη
606 1039 748 1094 κατὰ
782 1039 986 1111 πολλὴν
1016 1041 1201 1095 άόειαν
1262 1041 1605 1112 Χριστιανῶν
1635 1058 1695 1095 τε
1729 1041 1825 1095 καίΙ

251 1129 356 1198 τῆς
386 1130 612 1184 ἐκείνων
640 1130 947 1186 ἀπολαῦσαι
977 1133 1350 1199 διδασκαλίας,
1387 1136 1687 1202 σκήπτεται
1722 1134 1824 1203 μὲν

249 1221 365 1273 τῶν
388 1223 451 1274 ἐν
477 1224 667 1290 ἀγροῖς
701 1224 863 1295 χάριν
888 1227 1126 1295 χαρίτων
1159 1227 1257 1281 καὶ
1289 1227 1387 1296 τῆς
1426 1227 1636 1282 ἐκείθεν
1665 1229 1824 1280 εὐαε-

253 1313 381 1381 ρίας
401 1314 719 1385 ἐκχωρῆσαι
751 1317 849 1385 τῆς
898 1318 1107 1380 πόλεως
1137 1321 1229 1371 καὶ
1261 1319 1359 1389 τὴν
1376 1318 1554 1390 ψυχὴν
1587 1320 1823 1390 μετρίως

254 1404 366 1459 τῶν
393 1406 490 1474 τῆς
512 1408 762 1470 παιδείας
794 1409 1093 1477 φροντίδων
1134 1409 1343 1463 ἀνεῖναι
1367 1426 1382 1441 ο
1424 1411 1545 1464 ἐπεὶ
1576 1412 1633 1466 δέ
1659 1412 1710 1464 οί
1739 1429 1825 1465 τε-

252 1496 443 1559 κόντες
474 1498 625 1553 οὐδὲν
648 1498 1047 1565 ὑποπτεύοντες
1081 1503 1314 1572 ἐφῆκαν.
1374 1504 1603 1572 ἑτοίμως
1626 1502 1824 1568 ἔξεισιν

253 1585 335 1647 είς
363 1584 464 1650 τὰς
491 1587 706 1657 κώμας.
739 1590 955 1660 Χωρίον
985 1590 1041 1643 δέ
1087 1608 1140 1644 τι
1178 1579 1558 1646 καταλαὸοὖσα
1588 1594 1682 1646 καὶ
1724 1610 1825 1665 μοο

253 1680 439 1749 ναχοῖς
469 1678 528 1736 ἐν
560 1696 625 1748 γε
657 1679 833 1751 τούτῳ
860 1684 1228 1753 περιτυχοῦσα
1278 1684 1494 1749 πολλοῖς
1528 1703 1588 1738 τε
1617 1688 1709 1738 καὶ
1736 1703 1825 1740 κο-

254 1771 441 1838 σμίοις
480 1773 575 1825 καὶ
611 1772 735 1829 λίαν
760 1774 1041 1839 εὐτάκτως
1071 1777 1255 1849 ᾅδουσι
1297 1778 1397 1846 τῆς
1437 1780 1589 1848 ἱερᾶς
1610 1780 1824 1848 ἐκείνης

252 1863 444 1915 ἀκούει
472 1867 655 1937 φωνῆς
676 1883 692 1899 ο
726 1885 745 1918 ι
775 1869 985 1933 Πάντες
1012 1870 1060 1924 oi
1082 1870 1197 1924 θεοὶ
1218 1872 1329 1923 τῶν
1357 1870 1527 1925 ἐθνῶν
1549 1871 1821 1941 δαιμόνια.

263 1953 328 2006 Ὀ
349 1954 406 2008 δέ
437 1956 791 2026 Κύριος-τοὺς
813 1962 1077 2032 οὐρανοὺς
1108 1962 1354 2031 ἐποίησε.
1385 1980 1404 2015 ι
1441 1962 1614 2016 Τοῦτο
1640 1964 1822 2034 ἐκείνη

251 2047 541 2103 ἀκούσασα
569 2050 660 2104 καὶ
687 2051 876 2123 ῶσπερ
903 2055 994 2107 ἐπὶ
1020 2057 1085 2125 τῇ
1125 2057 1365 2125 πατρικῇ
1399 2055 1575 2128 πλάνῃ
1601 2054 1824 2123 βαθείας

250 2139 517 2211 αἰσχύνης
570 2143 978 2216 ὑποπλησθετσα
1024 2146 1270 2211 στενάζει
1326 2148 1426 2217 μέν
1471 2149 1538 2201 ἐκ
1590 2148 1821 2218 καρδίας

253 2232 556 2301 περιπαθὲς
581 2252 633 2288 τι
659 2235 757 2289 καὶ
794 2236 999 2307 βύθιον.

331 2420 397 2473 Δ’.
437 2420 747 2491 Στραφεῖσα
776 2422 835 2476 δέ
885 2424 1022 2495 πρὸς
1074 2424 1201 2487 τοὺς
1237 2425 1604 2497 ἐφεπομένους
1638 2428 1823 2484 εὐνού-

250 2529 404 2583 χους,
460 2508 536 2572 ὧν
565 2515 595 2566 ό
622 2515 721 2583 μὶν
776 2516 1059 2586 Πρωτέας,
1086 2516 1114 2569 ό
1144 2518 1199 2571 δέ
1242 2518 1525 2582 Ὑάκινθος
1556 2520 1821 2585 ἐκαλεῖτο,

250 2604 430 2671 λόγων
456 2604 510 2658 δέ
541 2601 689 2660 οὗτοι
720 2607 899 2675 σοφῶν
931 2609 1025 2663 καὶ
1045 2611 1367 2680 φιλοσοφίας
1397 2613 1625 2683 ἐπήκοοι
1646 2655 1661 2680 ,
1691 2613 1824 2670 Οἶδα

255 2695 359 2765 μὶν
384 2695 549 2766 ὑμᾶς,
586 2697 714 2767 ἐφη,
747 2700 842 2752 καὶ
870 2701 1123 2765 παιδείας
1171 2703 1588 2769 ἀπολαύσαντας
1621 2707 1822 2771 ἱκανῶς

253 2789 353 2842 καὶ
379 2788 614 2859 δόγμασι
665 2793 1057 2862 περιτυχόντας
1085 2797 1265 2864 σοφῶν
1292 2796 1395 2850 ὃσα
1437 2814 1495 2852 τε
1529 2799 1823 2871 Σωκράτης

254 2880 351 2931 καὶ
414 2879 807 2953 Ἀριστοτέλης
865 2886 962 2939 καὶ
1012 2886 1240 2941 Πλάτων
1265 2890 1359 2943 καὶ
1390 2890 1423 2958 ἡ
1475 2892 1821 2962 περιώνυμος

250 2970 444 3040 ἐξῆλθε
473 2973 626 3037 στοὰ,
669 2974 703 3044 ἧ
731 2991 791 3028 τε
832 2975 941 3029 τῶν
982 2976 1375 3049 Ἐπικουρείων
1404 2980 1531 3045 δόξα
1580 2985 1825 3053 παρέδω-

252 3079 373 3129 κεν,
407 3064 610 3134 ὁμοίως
631 3066 685 3120 δέ
719 3069 816 3121 καὶ⁸
837 3070 1078 3139 ποιητῶν
1106 3072 1282 3126 ἄλλων
1312 3076 1406 3126 καὶ
1439 3076 1709 3145 σοφιστῶν
1730 3079 1824 3131 καὶ

1924 598 2047 653 quae
2075 598 2198 638 eam
2237 584 2331 639 diu
2371 592 2496 640 ante
2539 584 2766 639 haberet
2824 592 3149 654 purgatam,
3196 594 3255 641 ct
3305 594 3499 656 parata

1923 688 2070 735 esset
2123 679 2194 735 ad
2246 680 2492 736 divinum
2547 678 2813 749 Spiritum
2867 676 3302 748 suscipiendum.
3355 678 3495 734 Cum

1926 780 2113 827 autem
2142 772 2200 827 in
2227 773 2519 843 praesentia
2552 778 2738 825 mente
2783 769 3004 825 Christo
3045 768 3374 825 credidisset
3394 809 3410 833 ,
3438 769 3485 826 ir

1926 873 2117 934 aperto
2148 874 2439 935 parentum
2469 879 2696 920 suorum
2725 862 2868 919 celat
2897 861 3165 917 furorem.
3194 862 3486 932 Postquam

1926 970 2057 1011 vero
2111 956 2262 1011 venit
2316 957 2600 1011 decretum
2654 956 3043 1025 imperatoris,
3099 965 3251 1011 extra
3304 968 3483 1013 mut-ut

1924 1044 2201 1115 expellens
2230 1044 2593 1107 Christianos,
2620 1053 2674 1098 et
2702 1042 2990 1114 prafectus
3021 1044 3123 1098 hoe
3150 1045 3262 1113 jam
3296 1058 3487 1113 aggre-

1924 1138 2194 1201 diebatur,
2248 1136 2366 1207 ipsa
2409 1136 2732 1192 desiderans
2776 1153 2968 1193 secure
3012 1137 3116 1192 frui
3162 1136 3492 1191 Christianis

1923 1238 1979 1285 et
2009 1243 2201 1283 eorum
2249 1226 2501 1283 doctrina
2524 1268 2543 1295 ,
2574 1228 2731 1299 tingit
2768 1229 2988 1298 quidem
3013 1270 3028 1293 ,
3060 1243 3121 1282 se
3154 1240 3213 1283 ut
3241 1244 3370 1281 rure
3402 1243 3492 1282 re-

1925 1328 2117 1384 creet,
2156 1329 2213 1375 et
2260 1319 2402 1375 bona
2448 1318 2661 1375 fruatur
2708 1323 2851 1376 aeris
2900 1321 3184 1389 temperie,
3226 1321 3492 1375 excedere

1924 1428 1957 1469 e
1983 1412 2202 1467 civitate
2224 1454 2238 1475 ,
2291 1421 2347 1467 et
2376 1421 2434 1465 ut
2482 1427 2673 1481 parum
2708 1413 2915 1467 relaxet
2944 1412 3187 1466 animum
3220 1427 3250 1466 a
3292 1392 3492 1466 studiis

1924 1506 2203 1561 doctrinae.
2237 1508 2530 1575 Postquam
2553 1513 2732 1559 autem
2760 1506 2891 1558 nihil
2916 1505 3177 1574 suspicati
3213 1514 3489 1574 parentes,

1924 1615 2043 1653 eam
2094 1598 2253 1653 facile
2303 1597 2652 1659 dimiserunt,
2707 1596 2986 1665 egreditur
3024 1597 3074 1650 in
3130 1596 3302 1651 vicos.
3351 1595 3487 1651 Cum

1928 1690 2165 1744 venisset
2201 1698 2382 1744 autem
2433 1690 2487 1742 in
2523 1688 2800 1759 quoddam
2854 1688 3160 1757 praedium,
3214 1696 3269 1743 et
3320 1688 3372 1742 in
3424 1701 3493 1741 eo

1928 1780 2206 1836 incidisset
2240 1782 2293 1833 in
2344 1781 2547 1834 multos
2595 1779 2892 1834 monachos
2924 1780 3079 1834 valde
3126 1780 3406 1842 honestos,
3438 1787 3495 1831 et

1926 1888 2218 1927 numerose
2287 1880 2600 1937 canentes,
2663 1872 2815 1927 audit
2880 1882 3285 1927 sacrosanctam
3343 1871 3491 1925 illam

1924 1981 2111 2021 vocem
2152 1984 2165 2019 :
2209 1985 2227 2017 ι
2263 1965 2464 2021 Omnes
2500 1966 2575 2020 dii
2601 1966 2843 2034 gentium
2874 1964 3143 2019 damonia
3175 1982 3189 2018 :
3224 1963 3495 2017 Dominus

1923 2065 2104 2111 autem
2157 2058 2324 2112 ccelos
2354 2056 2484 2111 fecit
2507 2059 2546 2111 ⁸.
2580 2075 2599 2109 ι
2638 2056 2750 2110 Hoc
2781 2071 2904 2111 cum
2954 2056 3046 2110 illa
3091 2056 3394 2117 audiisset,
3436 2063 3492 2109 et

1925 2159 2182 2220 tanquam
2207 2151 2277 2204 ub
2293 2160 2577 2220 parentum
2598 2166 2842 2205 errorem
2869 2150 3075 2218 pudore
3091 2148 3306 2218 perfusa
3324 2155 3488 2212 esset,

1923 2244 2292 2300 miserabilem
2321 2244 2544 2313 quidem
2577 2252 2633 2299 et
2664 2243 2992 2313 profundum
3022 2258 3053 2297 e
3087 2241 3253 2297 corde
3282 2241 3491 2297 emittit

1922 2338 2203 2408 gemitum.

1995 2431 2084 2487 IV.
2118 2432 2393 2487 Conversa
2423 2446 2551 2485 vero
2589 2430 2655 2486 ad
2688 2428 2991 2492 eunuchos.
3017 2430 3109 2499 qui
3140 2444 3258 2483 eam
3289 2444 3485 2498 seque-

1924 2519 2147 2587 bantur,
2195 2537 2432 2591 quorum
2468 2537 2613 2576 unus
2659 2519 2880 2588 quidem
2921 2521 3220 2575 vocabatur
3247 2520 3491 2582 -Protas,

1923 2615 2062 2670 alter
2096 2623 2277 2669 autem
2314 2612 2652 2685 Hyacinthus
2714 2613 3066 2681 (audiverant
3110 2629 3242 2668 vero
3276 2614 3312 2666 ii
3353 2628 3493 2681 quoc

1922 2725 2030 2780 que
2084 2708 2528 2780 philosophiam),
2558 2709 2668 2765 Vos
2706 2709 2929 2779 quidem
2986 2710 3121 2776 scio,
3182 2709 3379 2779 inquit,
3435 2708 3492 2764 in

1922 2802 2225 2871 disciplinis
2264 2802 2399 2857 satis
2434 2816 2555 2857 esse
2602 2812 2850 2857 versatos
2874 2838 2890 2865 ,
2944 2809 2998 2856 et
3039 2799 3493 2871 philosophorum

1923 2894 2235 2965 percepisse
2271 2894 2563 2965 dogmata,
2606 2909 2730 2963 quae
2780 2892 3035 2948 Socrates
3080 2900 3136 2947 et
3176 2891 3496 2947 Aristoteles

1923 2997 1979 3042 et
2016 2987 2191 3052 Plato,
2217 2995 2273 3042 et
2298 2988 2445 3042 clara
2485 2987 2650 3040 tradit
2682 2985 2992 3040 Stoicorum
3024 2992 3193 3048 secta,
3221 2991 3278 3038 et
3304 2984 3495 3054 opinio

1926 3076 2318 3145 Epicureorum
2371 3095 2383 3130 :
2437 3076 2692 3131 similiter
2740 3082 2923 3130 autem
2982 3074 3216 3129 aliorum
3275 3087 3496 3144 quoque

249 3159 367 3210 ὅσοι
400 3158 497 3227 τὴν
530 3158 636 3210 τῶν
682 3160 853 3213 όντων
900 3162 1129 3232 αὐχοῦσι
1183 3164 1385 3232 γνῶσιν
1440 3167 1541 3220 οὐκ
1598 3167 1825 3234 ἀμαθῶς
1852 3167 1896 3225 C

1814 3188 1825 3233 ;
1852 3167 1896 3225 C
1928 3173 2300 3242 sophistarum
2331 3178 2388 3225 et
2417 3178 2729 3239 poetarum,
2760 3176 2817 3222 et
2843 3168 3162 3237 quicunque
3186 3167 3493 3235 gloriantur

249 3250 499 3319 ἔχοντας.
537 3249 677 3304 Ἰστε
706 3251 838 3319 γοῦν
861 3251 937 3316 ὡς
965 3253 1137 3307 ταῦτα
1169 3256 1346 3309 πάντα
1396 3256 1691 3326 μυθολογία
1723 3275 1819 3311 σα-

250 3344 362 3412 φὴς
392 3344 484 3396 καὶ
517 3344 811 3413 πιθανότης
839 3345 1285 3417 παρακρούεσθαι
1320 3350 1696 3415 τοὺςηπολλοὺς
1722 3351 1817 3404 δυ-

252 3436 484 3504 ναμένη.
546 3436 705 3489 ’Δλλὰ
741 3439 835 3489 καὶ
873 3438 984 3490 τῶν
1022 3439 1161 3506 μέγα
1197 3443 1327 3509 περὶ
1360 3442 1460 3512 τὴν
1488 3444 1688 3511 γνῶσιν
1723 3446 1819 3498 αὐ-

246 3526 490 3596 χούντων
526 3525 791 3591 Ἑλλήνων
813 3529 860 3580 oi
885 3529 985 3596 μὲν
1016 3529 1124 3581 οὐδ’
1154 3530 1291 3593 ὅλως
1326 3529 1478 3585 εῐπον
1504 3528 1643 3586 εἶναι
1666 3534 1817 3600 Θεὸν,

247 3622 301 3673 oi
328 3618 384 3671 δὲ
418 3618 641 3681 πολλοὺς
671 3616 813 3674 εἶναι
843 3622 1093 3691 μείζονας
1131 3624 1225 3676 καὶ
1251 3623 1539 3687 ἐλάττονας
1564 3626 1814 3696 ἐδοκίμα-

250 3724 377 3765 σαν.
415 3705 575 3764 Οὗτοι
597 3711 729 3779 γοῦν
762 3714 843 3766 ἑνὶ
871 3715 1046 3785 τούτῳ
1092 3716 1291 3779 πάντες
1341 3718 1695 3787 ἐκκρούονται
1730 3722 1821 3789 ῥή-

254 3820 410 3871 ματι,
454 3802 533 3872 τῷ
589 3822 608 3855 ι
645 3805 850 3868 Πάντες
870 3808 918 3858 oi
952 3805 1066 3859 θεοὶ
1099 3808 1208 3860 τῶν
1257 3808 1427 3861 ἐθνῶν
1481 3809 1759 3880 δαιμόνια.
1793 3831 1813 3864 ι

254 3895 413 3947 Ἐστι
444 3896 550 3965 γὰρ
577 3896 674 3964 τῆς
703 3897 995 3959 πολυθετας
1026 3899 1296 3969 παντελὴς
1322 3900 1625 3968 ἀναίρεσις.
1663 3903 1736 3955 Τὸ
1763 3903 1820 3956 δέ

259 4006 278 4038 ε
313 3987 514 4055 Κύριος
535 3988 660 4050 τοὺς
680 3990 941 4058 οὐρανοὺς
964 3991 1186 4058 ἐποίησε
1215 4010 1231 4042 ι
1254 3992 1412 4045 τοῦτο
1427 3993 1489 4061 δὴ
1522 3995 1820 4064 μοναρχίαν

252 4078 500 4147 ἀκριϐῶς
547 4079 857 4145 ἀντεισάγει
911 4081 1003 4131 καὶ
1050 4081 1143 4131 τὸν
1175 4082 1351 4132 κοινὸν
1376 4081 1508 4149 ἡμῖν
1539 4080 1819 4149 Δεσπότην

252 4171 534 4238 γνώριμον
560 4168 809 4238 καθιστᾷ.
844 4170 1061 4239 Συνῳδά
1088 4171 1143 4222 δὲ
1173 4172 1382 4233 τούτοις
1405 4175 1496 4224 καὶ
1525 4172 1819 4255 ἀπόστολος

252 4262 557 4330 εἰσηγεῖται
613 4260 842 4322 Παῦλος.
912 4262 1208 4330 Ἐπάγεται
1242 4263 1351 4331 γάρ
1408 4280 1474 4332 με
1507 4265 1601 4315 καὶ⁸
1629 4262 1817 4315 τούτου

250 4350 322 4401 τά
369 4350 612 4422 ῥήματα,
644 4347 679 4401 θ.
727 4350 852 4418 χθὲς
906 4350 997 4404 καὶ
1028 4350 1218 4419 πρώην
1264 4350 1498 4421 ἐπῆλθον
1531 4352 1691 4419 αὐτὴ.
1727 4352 1821 4404 ενα

1923 3280 1983 3319 se
2009 3279 2120 3318 non
2150 3277 2271 3317 esse
2317 3262 2536 3331 ignaros
2589 3276 2779 3316 eorum
2812 3274 2933 3329 quae
2966 3266 3097 3314 sunt
3140 3258 3487 3327 cOgnitionis.

1921 3353 2120 3408 Sciatis
2166 3367 2294 3421 ergo
2337 3351 2454 3406 hac
2492 3350 2673 3405 omnia
2715 3358 2934 3419 apertas
2968 3364 3088 3405 esse
3133 3348 3388 3412 fabulas,
3436 3340 3492 3403 et

1924 3447 2059 3501 nihil
2125 3446 2313 3507 aliud,
2367 3460 2530 3513 quam
2599 3443 3082 3513 probabilitatem,
3138 3457 3260 3511 qua:
3315 3446 3492 3511 potest

1923 3540 2126 3592 multos
2180 3536 2454 3604 decipere.
2506 3537 2684 3603 Atque
2721 3533 3035 3588 Grmcorum
3070 3534 3294 3603 quidem
3323 3576 3336 3597 ,
3392 3535 3485 3601 qui

1921 3644 1981 3684 se
2011 3629 2079 3682 de
2111 3642 2212 3681 sua
2244 3625 2399 3679 valde
2432 3626 2644 3695 jactant
2675 3624 2959 3689 doctrina,
2996 3622 3085 3676 al'i
3127 3637 3225 3675 nec
3258 3626 3485 3674 omnino

1919 3734 2043 3773 esse
2090 3718 2260 3771 Deum
2292 3753 2308 3779 ,
2354 3715 2444 3767 alii
2483 3728 2612 3768 vero
2659 3713 2861 3766 multos
2908 3726 3028 3764 esse
3074 3722 3129 3765 et
3172 3712 3404 3781 majores
3433 3715 3489 3763 et

1921 3812 2163 3865 minores
2209 3814 2561 3876 putaverunt.
2632 3804 2699 3859 Hi
2754 3819 2882 3857 vero
2936 3818 3129 3858 omnes
3206 3818 3316 3857 uno
3381 3802 3489 3856 hoc

1923 3899 2087 3955 verbo
2130 3895 2495 3950 excluduntur
2539 3910 2555 3949 :
2611 3893 2854 3948 iOmnes
2900 3892 2973 3945 dii
3010 3895 3256 3961 gentium
3287 3892 3492 3945 damo—

1920 3991 2031 4056 nia.
2069 4007 2089 4038 ι
2121 3986 2213 4039 Est
2242 3987 2385 4039 enim
2423 3985 2720 4053 impietatis
2753 3986 2863 4036 hac
2893 3984 3132 4052 perfecta
3157 3992 3208 4035 et
3238 3981 3485 4034 absoluta

1920 4079 2142 4134 deletio.
2179 4078 2313 4131 Illud
2350 4085 2554 4140 autem,
2603 4094 2621 4127 ι
2654 4075 2913 4128 Dominus
2952 4084 3134 4128 autem
3177 4073 3345 4127 celos
3392 4071 3487 4126 fe-

1921 4171 2020 4230 cit,
2050 4188 2069 4220 ι
2099 4170 2203 4223 hoc
2231 4183 2398 4222 unum
2444 4175 2631 4233 aperte
2666 4166 2834 4219 Deum
2862 4165 3095 4229 inducit,
3144 4176 3199 4218 et
3234 4178 3486 4217 commuc

1922 4275 2048 4315 nem
2105 4266 2354 4313 nostrum
2412 4256 2701 4309 Dominum
2748 4256 2927 4309 reddit
2970 4255 3132 4309 nobis
3184 4254 3481 4323 cognitum.

1923 4353 2018 4408 His
2058 4350 2437 4407 convenientia
2489 4348 2657 4403 tradit
2698 4349 2861 4401 etiam
2927 4348 3210 4416 apostolus
3260 4346 3485 4401 Paulus.

208 4428 218 4435 ’
251 4441 363 4491 τῶν
388 4441 602 4494 πάντων
630 4437 769 4494 εἶναι
819 4441 1181 4509 διασαφοῦντα
1209 4442 1361 4496 Θεόν.
1391 4438 1486 4506 Οἷς
1536 4442 1627 4497 καὶ
1660 4445 1820 4511 ἡμεῖς
1854 4493 1887 4511 ﬁ

1806 4460 1820 4506 ;
1854 4493 1892 4511 ,,
1925 4444 2194 4500 Inducunt
2241 4441 2386 4495 enim
2418 4454 2505 4494 me
2550 4452 2769 4509 quoque
2813 4440 2932 4510 ejus
2974 4438 3173 4501 verba,
3204 4452 3324 4507 quae
3369 4438 3485 4507 ipsa

252 4531 555 4598 πειθόμεθα
577 4533 713 4586 πολὺ
750 4533 811 4585 τὸ
846 4534 1143 4604 περιφανές
1176 4536 1270 4586 καὶ
1323 4533 1633 4600 ἀξιόπιστον
1662 4535 1819 4603 ἐχου-

254 4640 367 4687 σιν,
387 4624 483 4677 άτε
510 4624 618 4677 ἀπδ
646 4624 754 4679 τῶν
778 4625 957 4692 ἐργων
978 4626 1073 4688 τάς
1101 4624 1307 4680 ἑαυτῶν
1346 4625 1554 4689 πίστεις
1584 4641 1821 4695 παρεχο-

256 4714 467 4785 μένοις.

327 4899 405 4956 E'.
425 4900 783 4971 Βουλομένοις
827 4896 919 4955 οὖν
951 4903 1078 4968 ὑμῖν
1112 4902 1329 4971 ἐτοιμος
1355 4903 1455 4973 τῆς
1487 4903 1760 4973 σωτηρίας
1794 4905 1822 4957 ὸ

253 4995 457 5065 τρόπος
497 4997 592 5046 καὶ
620 4994 909 5064 εὐτρεπής.
952 4994 1093 5063 Ἐγὼ
1117 4994 1173 5047 δέ
1200 4995 1328 5063 ὑμίν
1351 4996 1448 5064 οὐχ
1468 4995 1543 5057 ώς
1569 4994 1822 5049 δέσποινα

255 5087 337 5138 ἔτι
371 5081 895 5152 προσενεχθήσομαι,
934 5083 1052 5139 ἀλλ’
1081 5084 1370 5154 όμόδουλος
1404 5086 1600 5155 ἐσομαί
1636 5103 1695 5138 τε
1730 5088 1823 5139 καὶ

255 5172 483 5244 ἀδελφὴ,
516 5175 638 5230 ἐπεὶ
681 5178 776 5229 καὶ
827 5161 1305 5244 κοινὺνᾏεσπότην
1338 5176 1433 5229 καὶ
1464 5175 1681 5248 Πατέρα
1702 5178 1822 5243 lio,-

260 5285 363 5339 μεν
391 5270 482 5323 τὸν
503 5271 655 5324 Θεόν.
690 5272 818 5325 Ἀτε
847 5268 978 5337 γοῦν
1013 5269 1270 5338 ποιμένος
1307 5270 1423 5333 ἐνὸς
1450 5268 1600 5332 θντες
1627 5272 1720 5323 καὶ
1751 5271 1822 5334 ὡς

258 5361 483 5429 ἀδελφοὶ
512 5363 573 5415 τὸ
596 5363 654 5415 ἐν
692 5364 948 5425 πνέοντες
990 5364 1144 5432 κοινῇ
1184 5360 1283 5430 γν·’
1303 5380 1377 5433 μη
1401 5363 1536 5432 πρὸς
1567 5364 1827 5433 Χριστια-

260 5454 386 5515 νοὺς
410 5454 744 5522 ἐλευσόμεθα
764 5471 776 5484 ·
812 5454 995 5508 ἀκούω
1017 5455 1126 5523 γάρ
1162 5455 1258 5508 καὶ
1301 5454 1499 5523 Ἑλένῳ
1526 5457 1630 5508 τινὶ
1661 5473 1826 5525 φρονο

259 5545 546 5611 τιστήριον
580 5543 828 5597 ἐνταυθοῖ
856 5543 1166 5612 γενόμενον,
1199 5546 1446 5598 κάκεῖνον
1477 5545 1575 5613 μέν
1601 5545 1689 5597 δια
1727 5546 1825 5613 μέ-

261 5633 424 5703 γεθος
476 5634 679 5704 ἀρετῆς
738 5634 826 5686 τὸν
861 5634 959 5705 τῆς
987 5635 1291 5705 ἐπισκοπῆς
1320 5636 1579 5705 ἀναϐῆναι
1614 5636 1823 5706 Ορῖνίν,

342 5793 360 5824 ⁸
410 5792 549 5846 Psal.
588 5809 706 5857 xcv,
739 5795 790 5848 5.

1924 4539 2042 4594 heri
2080 4538 2182 4605 legi
2217 4544 2272 4589 et
2298 4533 2501 4587 nudius
2552 4532 2750 4586 tertius
2777 4570 2791 4594 ,
2838 4546 2959 4600 qum
2989 4529 3271 4585 declarant
3317 4545 3487 4583 unum

1923 4646 2043 4687 esse
2074 4630 2240 4683 Deum
2275 4628 2682 4681 universorum.
2709 4622 2920 4690 Quibus
2960 4637 3060 4678 nos
3107 4637 3328 4692 quoque
3372 4637 3490 4676 cre-

1924 4723 2107 4778 dimus
2143 4728 2206 4775 ut
2246 4734 2370 4789 qua
2413 4719 2523 4773 sint
2572 4715 2728 4769 valde
2754 4715 2900 4770 clara
2932 4723 2990 4770 et
3040 4713 3147 4770 fide
3180 4714 3339 4785 digna
3367 4754 3382 4779 ,
3437 4724 3489 4769 ct

1921 4829 2044 4884 qua:
2077 4812 2235 4867 fidem
2277 4812 2479 4865 faciant
2512 4824 2579 4862 ex
2611 4806 2745 4877 ipsis
2773 4806 3053 4876 operibus.

1996 4905 2061 4958 V.
2108 4903 2274 4959 Vobis
2298 4916 2451 4971 ergo,
2481 4901 2527 4954 si
2567 4899 2769 4964 velitis,
2803 4908 3091 4971 promptus
3120 4906 3205 4954 est
3233 4906 3288 4952 et
3327 4912 3492 4967 expc-

1929 4998 2077 5052 ditus
2121 4993 2317 5048 modus
2360 4992 2573 5046 salutis.
2616 4992 2730 5060 Ego
2763 4998 2947 5044 autem
2979 5004 3087 5044 non
3137 5002 3223 5043 me
3254 4987 3489 5057 amplius

1928 5091 1984 5145 in
2031 5104 2128 5142 vos
2162 5101 2348 5156 geram
2410 5093 2668 5153 tanquam
2716 5083 3018 5142 dominam.
3076 5079 3173 5134 sed
3225 5094 3488 5157 conserva

1928 5195 2025 5235 ero
2053 5187 2111 5233 et
2152 5192 2330 5231 soror.
2377 5174 2923 5229 Communetnenim
2958 5173 3251 5227 Dominum
3303 5180 3356 5224 et
3390 5171 3489 5222 Ρα-

1928 5285 2066 5329 trem
2098 5270 2429 5326 habebimus
2467 5268 2662 5322 Deum.
2706 5267 2777 5322 Ut
2819 5266 2913 5335 qui
2957 5280 3086 5334 ergo
3119 5263 3294 5319 simus
3324 5260 3490 5314 unius

1924 5365 2191 5436 pastoris,
2250 5371 2309 5416 et
2367 5370 2628 5431 tanquam
2680 5358 2885 5413 fratres
2947 5371 3118 5411 unum
3177 5353 3490 5422 spirantes.

1923 5455 2202 5511 communi
2232 5452 2504 5507 sententia
2542 5451 2827 5504 veniemus
2853 5447 2925 5501 ad
2961 5446 3332 5502 Christianos.
3374 5442 3488 5495 Au-

1924 5548 2015 5601 din
2036 5548 2182 5601 enim
2219 5561 2245 5598 a
2276 5544 2514 5613 quodam
2552 5542 2755 5595 Ilcleno
2785 5542 2874 5593 hic
2905 5541 3106 5592 factum
3142 5552 3262 5590 esse
3292 5548 3481 5587 mona-

1924 5637 2176 5701 sterium,
2219 5646 2273 5691 et
2304 5638 2457 5690 illum
2500 5633 2723 5703 quidem
2772 5642 2991 5702 propter
3016 5628 3238 5683 virtutis
3274 5623 3485 5696 ηιαεηί-
