4252 6440
738 301 845 369 615

1962 299 2246 360 ΜΕΝδιδ
2282 301 2710 362 υιιιιιιΜΒΕΙι.

3894 311 4006 376 616

736 416 996 473 tudinem
1022 413 1341 470 ascendisse
1361 413 1593 481 gradum
1615 411 1966 480 episcopatus
1985 409 2061 480 (ι)
2087 428 2100 463 :
2125 423 2317 479 quem-
2347 413 2390 467 Α

2347 413 2390 467 Α
2420 410 2693 480 θεόδωρον
2718 414 2776 468 δέ
2809 433 2927 470 τινα
2953 418 3033 480 είς
3065 418 3158 472 τὸν
3181 421 3392 475 ἐκείνου
3424 423 3626 493 κλῆρον
3647 424 3998 492 ἱγκαταστῆ-

733 507 861 562 dam
883 514 1069 561 autem
1093 503 1451 560 Theodorum
1475 500 1645 556 fuisse
1667 501 1788 570 ejus
1815 501 1938 555 loco
1965 499 2309 560 institutum,

734 613 793 660 et
825 600 1150 673 praefectum
1175 597 1654 655 administrationi
1679 595 2001 650 monasterii
2033 614 2047 648 :
2073 609 2312 662 eumque

738 706 848 748 tarn
892 693 1159 764 praeclare
1191 703 1293 747 suo
1330 691 1482 760 gregi
1522 687 1838 758 praefuisse,
1883 697 1940 741 et
1978 686 2043 740 ad
2073 688 2192 742 eam
2229 685 2313 739 di-

737 789 922 840 \‘inam
972 783 1204 855 gratiam
1259 783 1602 852 pervenisse,
1653 787 1712 832 ut
1754 791 1810 834 et
1853 778 2206 832 daemoniacis
2257 786 2314 832 et

737 879 979 950 aegrotis,
1012 877 1123 930 illis
1161 873 1388 944 quidem
1423 881 1712 928 vexantem
1746 872 2024 939 spiritum,
2061 870 2148 926 his
2183 886 2312 925 vero

740 971 996 1026 morbum
1041 967 1204 1024 facile
1241 964 1678 1036 ex.pellat:quin
1725 964 1890 1017 etiam
1933 966 2094 1018 caecis
2135 964 2313 1018 oculis

742 1063 1112 1122 desideratum
1145 1060 1314 1117 solem
1345 1058 1589 1128 praebeat
1637 1055 1964 1114 videndum.
2006 1064 2064 1108 et
2107 1054 2176 1108 iis
2215 1053 2310 1123 qui

741 1160 793 1215 ei
826 1158 1057 1228 subjecti
1084 1162 1235 1217 sunt,
1276 1152 1564 1209 monachis
1599 1151 1676 1205 ita
1720 1158 1920 1219 augeat
1954 1147 2312 1202 exercitatio-

741 1266 893 1314 nem,
927 1258 989 1304 ut
1013 1249 1219 1303 nullam
1244 1252 1575 1317 pratereant
1609 1253 1823 1312 partem
1863 1241 1976 1296 diei
2009 1254 2074 1294 ac
2105 1243 2309 1305 noctis,

746 1364 870 1419 qua:
925 1363 1036 1403 non
1093 1353 1455 1401 consumatur
1499 1344 1556 1399 in
1611 1341 1894 1413 perpetuis
1949 1341 2212 1410 precibus
2256 1346 2313 1395 et

743 1441 998 1495 canticis.
1043 1439 1252 1494 Horum
1290 1437 1684 1494 monasterium
1728 1434 1897 1488 nullis
1936 1433 2063 1486 licet
2094 1431 2315 1486 feminis

744 1535 993 1598 ingredi;
1049 1547 1227 1602 neque
1278 1531 1359 1585 fas
1395 1539 1481 1584 est
1540 1544 1633 1583 eos
1677 1529 1746 1582 ab
1791 1527 1900 1581 ulla
1953 1526 2130 1594 aspici
2165 1541 2316 1586 ,ωυ-

743 1626 899 1680 liere.
930 1623 1038 1678 Sed
1073 1639 1173 1677 vos
1202 1621 1310 1675 mei
1349 1621 1547 1689 capitis
1585 1633 1797 1672 comam
1840 1617 2088 1678 tondcte,
2122 1624 2178 1669 et
2214 1615 2314 1668 hos

739 1720 926 1775 crines
980 1719 1238 1779 auferte,
1286 1725 1343 1769 et
1399 1713 1548 1768 virili
1614 1728 1700 1766 me
1747 1720 1904 1766 veste
1952 1710 2210 1771 induite,
2258 1715 2314 1762 et

740 1820 907 1864 noctu
944 1807 1010 1860 ad
1040 1820 1139 1861 eos
1168 1805 1378 1867 ducite.
1414 1805 1573 1860 vobis
1606 1803 1834 1873 quidem
1869 1817 1956 1856 me
1987 1815 2155 1871 prepe
2179 1816 2313 1855 cur-

741 1917 862 1956 rum
917 1899 1302 1969 sequentibus,
1359 1898 1591 1967 reliquis
1641 1905 1824 1951 autem
1872 1894 2095 1949 famulis
2143 1894 2310 1948 simul

744 1993 1186 2062 pmccdentibus
1210 2001 1265 2044 et
1295 1990 1681 2056 sequentibus.
1705 1999 1767 2042 ut
1791 1987 2012 2057 quando
2041 1987 2312 2042 fuerimus

743 2086 797 2140 in
829 2086 949 2153 ipso
975 2086 1118 2149 loco,
1147 2085 1268 2154 ejus
1296 2083 1442 2154 quod
1469 2085 1673 2136 factum
1705 2089 1813 2144 est,
1852 2081 2061 2134 nullum
2089 2094 2310 2133 sensum

741 2180 972 2234 omnino
1003 2179 1372 2247 praebeamus.
1409 2175 1485 2231 De
1518 2184 1720 2229 cetero
1754 2173 1915 2228 vobis
1944 2188 2092 2226 curae
2126 2172 2217 2234 sit,
2251 2180 2312 2226 ut

743 2286 869 2325 cum
898 2279 1087 2339 partas
1113 2267 1348 2339 ingressi
1375 2267 1668 2332 fuerimus,
1705 2265 1961 2330 salutem,
1987 2275 2046 2320 ut
2079 2281 2173 2334 par
2203 2272 2310 2337 est,

742 2361 1135 2429 adipiscamur.

817 2451 907 2507 νι.
950 2453 1286 2508 Placuerunt
1317 2449 1608 2515 eunuchis.
1641 2464 1764 2521 qua
1797 2451 1945 2505 dicta
1981 2459 2136 2515 sunt,
2165 2460 2222 2506 et
2245 2465 2310 2506 ea

742 2546 1081 2599 studuerunt
1129 2543 1198 2597 ad
1253 2543 1515 2599 eﬂcctum
1557 2542 1855 2597 deducere.
1912 2541 2086 2597 Pono
2129 2552 2312 2596 autem

742 2639 873 2694 felix
905 2652 1125 2708 quoque
1153 2636 1370 2707 signum
1404 2647 1842 2705 consequuntur.
1877 2636 2135 2691 Nondum
2162 2636 2310 2692 enim

744 2740 1137 2802 pervenerant,
1200 2739 1261 2784 ut
1305 2729 1731 2800 ingrederentur
1776 2732 2196 2793 monasterium,
2257 2737 2314 2783 et

745 2839 978 2892 magnus
1008 2823 1154 2876 inter
1196 2821 1493 2890 episcopos
1535 2819 1781 2875 Helenus
1809 2821 1964 2875 venit
2002 2836 2070 2876 ex
2125 2819 2312 2876 Helio-

744 2916 880 2985 poli,
963 2930 1089 2969 cum
1152 2913 1512 2969 multitudine
1599 2915 1870 2976 virorum,
1949 2913 2066 2968 lucc
2139 2913 2312 2969 veluti

745 3017 904 3085 signo
953 3010 1085 3064 dato
1143 3008 1464 3063 canentium
1510 2997 1528 3058 ξ
1565 3023 1583 3058 ι
1624 3006 1721 3062 Via
1767 3007 2043 3074 iustorum
2104 3007 2313 3062 directa

2415 516 2501 551 vat
2533 502 2628 553 καὶ
2657 505 2755 572 τῆς
2800 506 3040 576 μάνδρας
3069 510 3482 581 ἐγχειρισθῆναι
3504 514 3603 584 τὴν
3629 516 3993 578 προστασίαν.

2414 592 2472 642 ὂν
2505 591 2650 647 οὕτω
2675 595 2738 664 δὴ
2787 599 3091 669 φιλαρέτως
3127 605 3219 655 τοῦ
3253 605 3505 673 ποιμνίου
3564 611 3865 677 προστῆναι
3916 610 4000 670 εἰς

2413 685 2573 787 τούτό
2600 704 2658 787 τε
2689 691 2958 787 προϐῆναι
2990 693 3176 764 θεῖιιῆς
3213 697 3436 765 χάριτος
3472 697 3547 759 ὡς
3574 701 3668 751 καὶ
3691 699 3997 787 δαιμοχῶσι

2417 779 2507 827 κςιὶ
2541 777 2826 832 ἀσθενοῦσι
2855 786 2968 846 τοῖς,
3013 785 3115 853 μὲν
3147 786 3206 838 τὺ
3227 787 3479 856 ινοχλοῦν
3504 789 3746 856 πνεῦμα,
3778 777 3895 852 τοῖς
3933 790 3995 844 δὶ

2413 871 2507 938 τὴν
2543 871 2697 928 νόσον
2719 877 2959 946 εὐχερῶς
2992 881 3339 946 ἀπελαύνειν,
3369 884 3433 938 οὐ
3472 885 3581 953 μὴν
3608 885 3745 938 ἀλλὰ
3766 887 3864 939 καὶ
3891 902 3993 938 τυ-

2416 973 2565 1040 φλοῖς
2590 973 2805 1044 ὄμμασι
2846 976 2936 1026 τὸν
2967 974 3305 1044 ποθούμενον
3357 977 3510 1046 ἣλιον
3539 979 3804 1049 παρέχειν
3826 966 3990 1050 όρᾷν,

2415 1066 2508 1118 καὶ
2556 1070 2666 1129 τοῖς
2725 1067 2817 1121 ὑπ’
2847 1068 3010 1122 at?»va
3063 1068 3121 1122 δὲ
3177 1072 3430 1140 μοναχοῐς
3460 1070 3606 1124 οὕτω
3627 1072 3726 1142 τὴν
3751 1071 3993 1144 ἄσκησιν

2415 1160 2706 1212 ιπιττίνειν
2732 1159 2808 1221 ὡς
2833 1161 3030 1230 μικροῦ
3059 1162 3226 1228 μηδιν
3254 1163 3453 1225 αὐτοὺς
3474 1165 3793 1217 ἀπολείπειν
3820 1167 3995 1234 μέρος

2415 1252 2630 1322 ἡμέρας
2655 1269 2712 1304 τι
2740 1254 2836 1305 καὶ
2865 1254 3059 1316 νυκτὸς
3087 1253 3117 1307 δ
3149 1255 3224 1323 μὴ
3259 1254 3449 1323 εὐχαῖς
3483 1256 3579 1308 καὶ
3607 1255 3771 1326 ᾠδαῖς
3801 1256 3995 1310 ἀπαύ-

2417 1361 2563 1406 στοις
2589 1346 2919 1413 ἀναλωθείη.
2948 1348 3165 1401 Τούτων
3200 1349 3454 1402 οὐδέποτε
3491 1350 3705 1416 γυναιξὶ
3751 1351 3991 1419 βάσιμος

2414 1438 2448 1504 ἠ
2506 1440 2663 1508 μονὴ,
2711 1437 2836 1490 οὔτε
2889 1438 3118 1506 ὀφθῆναι
3163 1443 3396 1507 γυναῖκα
3452 1440 3674 1510 θεμιτὸν
3732 1443 3990 1503 ἐκεινοις.

2429 1529 2617 1598 Ὑμεῖς
2636 1532 2692 1583 δὲ
2720 1531 2860 1585 ἀλλὰ
2883 1531 2984 1602 τὴν
3009 1532 3187 1600 κόμην
3214 1533 3346 1598 γοῦν
3367 1534 3465 1600 τῆς
3495 1534 3738 1600 κεφαλῆς
3763 1534 3997 1586 ἀποκεί-

2417 1638 2547 1689 ρατε
2588 1620 2687 1689 τῆς
2725 1622 2887 1690 ἐμῆς,
2932 1624 3026 1674 καὶ
3069 1623 3387 1690 πλοκάμους
3445 1623 3509 1690 δὴ
3554 1625 3828 1692 περιέλετε
3864 1624 3992 1676 τού-

2416 1729 2563 1775 τους,
2617 1712 2808 1766 ἔπειτα
2840 1713 2932 1766 καὶ
2985 1714 3244 1784 ἀνδρικήν
3278 1731 3370 1783 μοι
3421 1715 3738 1782 περιθέντες
3772 1714 3991 1786 στολὴν,

2417 1807 2606 1870 νυκτὸς
2627 1809 2861 1876 ἀγάγετε
2891 1810 3020 1877 παρ’
3051 1809 3269 1868 αὐτοὺς,
3307 1808 3458 1875 ὑμῶν
3489 1807 3586 1873 μὲν
3630 1809 3860 1876 πλησίον
3891 1807 3992 1860 τοῦ

2413 1901 2689 1968 ὀχήματος
2714 1901 3130 1968 παρεπομένων,
3152 1899 3258 1951 τῶν
3291 1901 3345 1952 δὲ
3372 1899 3575 1951 λοιπῶν
3605 1901 3814 1953 παίδων
3841 1917 3989 1971 παρ-

2416 1992 2665 2059 αγόντων
2722 1993 2862 2062 ὁμοῦ
2899 1993 2994 2046 καὶ
3033 1994 3386 2061 ιφεπομένων
3420 1993 3531 2056 .ίν⁹,
3553 1994 3678 2046 ὅταν
3722 1994 3816 2044 καὶ
3846 1993 3989 2062 πρδς

2412 2086 2561 2157 αὐτῷ
2598 2087 2885 2155 γινώμεθα
2909 2089 2984 2157 τῷ
3028 2089 3179 2157 τόπῳ
3226 2089 3479 2156 αἴσθησιν
3503 2088 3684 2147 αὐτοῖς
3711 2087 3770 2139 τὸ
3804 2092 3990 2154 παρά-

2414 2198 2520 2235 παν
2581 2181 2714 2266 μηδὲ
2762 2181 2888 2249 μίαν
2919 2180 3099 2249 δῶμεν
3124 2182 3217 2233 τοῦ
3247 2182 3662 2250 πεπραγμένου.
3696 2181 3769 2232 Τὸ
3795 2181 3987 2232 λοιπῆν

2417 2274 2578 2344 μέλον
2615 2275 2744 2343 ὑμῖν
2767 2273 2906 2326 ἔστω
2929 2275 3074 2336 ὅπως
3106 2275 3215 2327 ἔσω
3239 2275 3347 2326 τῶν
3375 2275 3553 2344 θυρῶν
3582 2277 3864 2343 γενόμενοι
3888 2275 3995 2343 τῆς

2414 2367 2688 2434 σωτηρίας
2711 2365 2786 2426 ὼς
2824 2368 3101 2434 προσῆκον
3134 2365 3542 2434 ὲπιλαὸὡμεθα.

2486 2456 2577 2525 ς’.
2604 2457 2806 2524 Ἦρεσε
2837 2459 2945 2518 τοῖς
2978 2455 3253 2526 εὐνούχοις
3303 2457 3373 2510 τὰ
3403 2457 3721 2525 λαληθέντα,
3769 2458 3863 2510 καὶ
3904 2459 3994 2520 είς

2415 2549 2576 2620 ἔργον
2606 2549 2862 2603 ἔσπευδον
2897 2548 3069 2602 ταῦτα
3123 2552 3479 2620 προαγαγεῖν.
3531 2551 3872 2618 Τυγχάνουσι
3928 2551 3992 2602 δὲ

2415 2642 2507 2695 καί
2540 2659 2683 2704 τινος
2710 2641 2886 2695 αίσίου
2920 2641 3210 2710 συμϐόλου.
3240 2640 3406 2695 Οῠπω
3456 2641 3565 2711 γὰρ
3597 2641 3838 2709 ἐφθασαν
3867 2643 3995 2693 ἑπι-

2415 2735 2576 2802 σῆναι
2607 2733 2786 2796 καλῶς
2820 2733 2912 2786 τοῦ
2939 2735 3379 2804 φροντιστηριου,
3410 2736 3504 2787 καὶ
3525 2737 3552 2788 ὁ
3585 2738 3754 2802 μέγας
3778 2739 3835 2789 ὲν
3868 2739 4000 2790 ἐπι-

2417 2828 2640 2890 σκόποις
2686 2827 2905 2887 Ἕλενος
2961 2827 3020 2891 ἐξ
3055 2827 3448 2887 Ἡλιουπόλεως
3503 2823 3605 2896 ἧκε
3637 2829 3730 2881 καὶ
3769 2830 3996 2900 σύναμα

2419 2920 2599 2990 πλήθη
2626 2920 2836 2989 ἀνδρῶν
2863 2919 3051 2990 ὥσπερ
3080 2921 3143 2972 ἐκ
3176 2921 3512 2989 συνθήματος
3543 2923 3717 2973 ταῦτα
3751 2923 3995 2990 φαλλόν·-

2417 3031 2524 3067 των
2545 3031 2561 3045 ο
2591 3030 2612 3065 ι
2658 3012 2719 3066 Ἠ
2747 3013 2863 3074 ὁδὸς
2890 3014 2996 3065 τῶν
3020 3013 3242 3066 δικαίων
3268 3014 3637 3083 κατηυθύνθη,
3668 3015 3699 3083 ή
3731 3014 3850 3075 ὁδὸς
3874 3014 3993 3066 τῶν

745 3118 850 3170 est,
894 3106 976 3159 via
1018 3111 1336 3158 sanctorum
1379 3109 1569 3170 parata
1609 3110 1695 3154 est
1719 3100 1760 3152 '.
1801 3119 1820 3150 ι
1859 3099 1973 3154 lloc
2016 3109 2073 3154 et
2115 3101 2183 3154 iis
2215 3102 2309 3168 qui
2338 3105 2380 3163 ϐ
2414 3125 2424 3159 ι

2338 3105 2380 3163 C
2414 3107 2585 3174 ἁγίων
2607 3105 2931 3175 ήτοιμάσθη.
2948 3122 2966 3156 ι
2989 3104 3159 3157 Τοῦτο
3177 3105 3270 3159 καὶ
3293 3108 3400 3164 τοῖς
3430 3106 3557 3173 περὶ
3586 3107 3684 3173 τὴν
3717 3106 3991 3172 Εὑγενίαν

744 3208 905 3256 erant
943 3201 1088 3252 circa
1127 3192 1448 3263 Eugeniam,
1494 3192 1648 3245 auxit
1689 3191 1874 3257 fidem,
1907 3202 1961 3246 et
2012 3192 2217 3256 effecit,
2253 3202 2312 3248 ut

747 3297 838 3351 illa
890 3288 1204 3347 mirandum
1256 3288 1312 3340 in
1374 3284 1596 3338 modum
1662 3285 1965 3339 uetaretur.
2022 3282 2310 3352 Tanquam

745 3395 898 3444 certe
950 3393 1110 3437 nacta
1142 3379 1512 3434 occasionem.
1553 3391 1649 3430 eos
1697 3377 1789 3444 qui
1837 3378 1983 3430 circa
2027 3392 2086 3432 se
2129 3387 2309 3440 erant,

749 3477 919 3547 magis
938 3472 1193 3528 accendit
1232 3469 1298 3523 ad
1330 3468 1587 3537 pietatem
1625 3482 1638 3519 :
1677 3475 1735 3521 et
1762 3469 1933 3521 multa
1963 3467 2068 3521 alia
2093 3467 2310 3530 dicens,

746 3585 868 3641 qua:
918 3566 984 3620 ad
1045 3573 1263 3631 tempus
1308 3559 1681 3628 pertinebant,
1735 3558 1968 3628 locoque
2014 3561 2312 3615 convenie-

745 3664 879 3717 bant
911 3676 926 3712 :
956 3666 1012 3712 et
1047 3653 1194 3724 quod
1236 3667 1346 3705 non
1375 3649 1520 3704 forte
1559 3649 1800 3712 fortuna,
1837 3650 1933 3704 sed
1961 3651 2146 3706 dit-ina
2177 3670 2314 3721 qua-

745 3755 868 3807 dam
907 3745 1251 3821 providentia
1295 3744 1412 3798 haec
1450 3741 1778 3805 audivisset,
1822 3753 1878 3798 et
1915 3758 1980 3797 ea
2012 3761 2133 3813 qua:
2161 3747 2314 3814 prius

749 3844 1089 3899 canebantur
1123 3837 1297 3891 divini
1344 3835 1564 3889 Davidis
1590 3851 1606 3888 :
1634 3834 1730 3889 sed
1781 3835 1872 3889 illa
1909 3837 2130 3905 quidem
2166 3853 2310 3907 esse,

748 3950 871 4006 qua:
902 3947 1019 3987 eam
1046 3931 1313 3984 inducant
1346 3925 1414 3980 ad
1451 3927 1710 3996 pietatem
1741 3941 1756 3980 :
1788 3942 1909 3996 quae
1951 3938 2132 3982 autem
2163 3945 2314 3984 nunc

746 4035 1040 4087 canuntur,
1073 4035 1197 4090 qua:
1227 4019 1597 4073 adliortentur
1626 4016 1693 4070 ad
1730 4018 1873 4070 viam
1914 4019 2158 4074 virtutis.
2187 4019 2314 4075 Haec

746 4133 870 4173 cum
903 4113 1155 4176 dixisset,
1192 4119 1248 4164 et
1275 4109 1346 4163 iis
1379 4109 1475 4177 qui
1503 4106 1828 4186 psallebant,
1867 4123 1926 4163 se
1959 4118 2016 4163 et
2055 4125 2185 4164 suos
2215 4112 2314 4165 ad-

750 4205 1087 4267 miscuisset,
1131 4215 1256 4257 cum
1298 4199 1409 4253 illis
1447 4198 1591 4252 viam
1637 4197 1871 4268 perfecit
1902 4217 1915 4254 :
1948 4215 2058 4270 quo
2090 4202 2312 4270 quidem

753 4311 997 4369 tempore
1040 4304 1097 4352 et
1129 4294 1298 4348 multa
1345 4291 1452 4347 alia
1490 4291 1835 4347 admirabilia
1878 4292 2091 4349 audivit
2128 4295 2315 4351 turbas

749 4395 816 4447 de
847 4389 1056 4446 Heleno
1084 4392 1395 4449 narrantes,
1429 4393 1491 4438 ut
1510 4383 1870 4438 ostenderent
1897 4396 2139 4453 quantus
2167 4397 2315 4443 esset

749 4486 803 4542 in
831 4482 1132 4545 miraculis,
1165 4491 1220 4534 et
1254 4493 1420 4548 quam
1450 4465 1575 4531 cum
1601 4476 1650 4530 is
1680 4490 1824 4546 sape
1856 4492 1998 4547 opus
2025 4479 2313 4536 habuisset

751 4579 898 4646 igne,
947 4574 1096 4627 visus
1139 4571 1212 4625 sit
1256 4567 1517 4622 ardentes
1554 4565 1830 4623 carbones
1867 4568 2012 4624 ferre
2049 4572 2107 4624 in
2146 4571 2314 4626 vcsti-

752 4669 875 4725 bus.
907 4665 1016 4720 illis
1049 4662 1190 4719 nihil
1221 4676 1291 4716 ex
1325 4661 1453 4730 igne
1506 4658 1654 4714 laesis
1682 4675 1698 4714 :
1731 4668 1997 4728 praterea
2041 4677 2222 4717 autem
2259 4671 2317 4718 et

749 4772 1098 4832 qumcunque
1151 4755 1256 4811 alia
1296 4753 1514 4808 assidue
1554 4752 1790 4807 faciebat
1817 4752 2105 4819 miracula,
2139 4755 2319 4825 cujus-

753 4852 901 4907 modi
941 4849 1164 4905 esthoc
1209 4860 1432 4916 quoque
1472 4842 1702 4914 dignum
1741 4843 1892 4914 quod
1943 4855 2218 4912 narretur,
2261 4857 2316 4902 et

748 4947 1039 4998 mandetur
1066 4939 1369 4994 memoriae.

820 5033 934 5091 Vl].
974 5031 1145 5087 Aiunt
1174 5026 1467 5101 quemdam
1498 5043 1718 5099 magum
1757 5027 1852 5099 qui
1881 5029 2179 5085 vocabatur
2211 5029 2311 5086 Za-

749 5140 894 5189 reas,
923 5138 1050 5178 cum
1081 5121 1342 5177 maleﬁca:
1371 5121 1508 5176 artis
1530 5135 1807 5175 summum
1843 5121 2116 5190 attigisset
2157 5122 2313 5177 fasti-

749 5218 921 5290 gium,
967 5216 1024 5270 in
1077 5214 1190 5271 illis
1238 5213 1376 5269 locis
1412 5227 1536 5269 esse
1581 5226 1863 5268 versatum
1899 5213 1966 5267 ad
2014 5214 2311 5270 multorum

748 5311 1001 5375 exitium,
1057 5322 1251 5379 magna
1299 5315 1354 5362 et
1397 5309 1549 5364 varia
1585 5307 1780 5363 fraude
1828 5317 2070 5363 utentem
2101 5325 2116 5366 :
2150 5323 2314 5378 quem

753 5403 902 5457 inter
936 5412 1135 5458 cetera
1167 5401 1362 5456 dicunt
1392 5415 1594 5456 ausum
1635 5415 1758 5456 esse
1788 5399 1994 5470 aliquid
2039 5401 2314 5470 ejusmodi

822 5544 843 5573 '
878 5539 980 5594 isa.
1023 5556 1091 5594 xx
1108 5554 1172 5602 ιι,
1206 5539 1257 5591 7.

2413 3197 2511 3267 τὴν
2535 3197 2718 3249 πίστιν
2744 3195 2971 3266 ηὔξησε,
3017 3198 3278 3265 κάκείνην
3331 3196 3562 3265 ἡσθῆναι
3613 3197 3991 3266 διαφερόντως

2416 3290 2714 3358 πεποίηκεν
2768 3288 2984 3356 ἀμέλει.
3037 3287 3148 3338 Καὶ
3197 3288 3388 3357 ὥσπερ
3440 3286 3633 3355 καιροῦ
3664 3287 3989 3357 δραξαμένη

2419 3381 2617 3449 μᾶλλον
2655 3379 2737 3432 ἔτι
2790 3379 2916 3440 τοὺς
2973 3378 3100 3446 περὶ
3156 3377 3328 3448 αὐτὴν
3377 3378 3512 3444 πρὸς
3545 3379 3643 3447 τὴν
3680 3379 3995 3432 ἐὐσέϐειαν

2415 3472 2791 3540 ἁνεθέρμηνεν
2814 3485 2827 3498 ·
2869 3469 3006 3522 ἄλλα
3041 3485 3098 3520 τε
3133 3468 3302 3520 πολλὰ
3329 3470 3422 3521 καὶ
3452 3468 3529 3537 τῷ
3558 3469 3738 3538 καιρῷ
3783 3470 3876 3520 καὶ
3905 3470 3996 3540 τῷ

2413 3564 2562 3633 τόπῳ
2618 3562 2960 3615 συντείνοντα
3013 3559 3398 3630 φθεγξαμένη·
3450 3563 3545 3615 καὶ
3600 3562 3664 3613 οὐ
3697 3564 3838 3614 κατά
3863 3578 3995 3616 τινα

2416 3654 2723 3722 συντυχίαν,
2755 3653 2866 3704 ἀλλ’
2900 3654 2964 3704 ὲκ
2999 3651 3150 3712 Θείας
3178 3653 3433 3721 προνοίας
3457 3653 3546 3705 καὶ
3575 3651 3772 3716 ταῦτα,
3800 3653 3894 3704 καὶ
3914 3655 3999 3707 τὰ

2413 3746 2506 3799 τοῦ
2527 3744 2690 3798 Δαυῒδ
2718 3745 2982 3814 πρότερον
3008 3743 3241 3796 ἀκούσαι
3260 3746 3278 3766 ⁵
3303 3744 3635 3813 ψαλλόμενα·
3662 3745 3777 3797 ἀλλ’
3798 3747 3997 3798 ἐκεῖνα

2418 3837 2517 3907 μὲν
2546 3835 2686 3891 εἶναι
2737 3838 2875 3906 πρὸς
2923 3835 3204 3889 εὐσέϐειαν
3256 3837 3520 3902 ἑνάγοντα
3568 3837 3797 3901 ταύτην,
3829 3839 3896 3888 τὰ
3926 3837 3996 3891 δὲ

2414 3928 2510 3982 νῦν
2534 3927 2846 3998 ύπᾳδόμενα
2882 3926 3015 3995 πρὸς
3065 3925 3170 3995 τὴν
3199 3926 3300 3995 τῆς
3351 3926 3555 3995 ἀρετῆς
3585 3926 3772 3995 τρίϐον
3806 3944 4002 3996 παρα-

2415 4018 2702 4072 καλοῦντα.
2729 4017 2916 4070 Ταῦτα
2948 4017 3200 4080 εἰποῦσα,
3225 4019 3320 4069 καὶ
3346 4019 3454 4080 τοῖς
3478 4017 3774 4086 ψάλλουσιν
3812 4017 3997 4086 αὐτήν

2414 4127 2475 4164 τε
2510 4112 2604 4163 καὶ
2637 4109 2761 4172 τοὺς
2790 4111 2918 4176 περὶ
2954 4110 3126 4178 αὐτὴν
3160 4109 3363 4178 μίξασα
3399 4111 3498 4178 τὴν
3554 4110 3672 4163 ὁδὸν
3701 4112 3832 4178 ηνυι
3884 4114 4000 4162 σιν

2417 4201 2666 4264 ἐκείνοις.
2700 4201 2829 4254 Ὅτε
2858 4201 2932 4270 δὴ
2953 4201 3049 4255 καὶ
3076 4201 3188 4254 τῶν
3235 4201 3410 4270 δχλων
3441 4202 3576 4254 ἄλλα
3603 4219 3660 4254 τε
3694 4201 4006 4269 θαυμαστὰ

2418 4297 2544 4365 περὶ
2572 4295 2665 4348 τοῦ
2703 4294 2917 4348 Ἑλένου
2963 4293 3269 4360 διεξιόντων
3299 4295 3533 4364 ἥκουσιν
3556 4310 3573 4329 ο
3623 4295 3746 4356 ὅσος
3775 4289 3842 4362 ἦν
3871 4297 4005 4358 τοῖς

2419 4386 2689 4457 θαύμασιν
2706 4389 2733 4440 ό
2755 4386 2917 4456 ἀνὴρ,
2951 4387 3043 4439 καὶ
3070 4387 3176 4451 ὅτι,
3213 4386 3387 4456 πυρὸς
3403 4384 3554 4455 αὐτῷ
3582 4385 3840 4447 πολλάκις
3861 4383 4006 4456 δεῆ-

2419 4496 2539 4545 σαν,
2567 4480 2843 4552 ἄνθρακας
2886 4481 2980 4534 ἐπὶ
3011 4479 3119 4533 τῶν
3176 4460 3408 4549 ίματίων
3460 4479 3671 4547 ἑωρᾶτο
3721 4474 4004 4542 κομίζων,

2416 4569 2570 4623 οὐδὲν
2614 4569 2837 4623 ικιίνων
2877 4571 2985 4623 ἀπὸ
3036 4570 3129 4623 τοῦ
3181 4569 3355 4639 πυρὸς
3404 4569 3810 4638 βλαπτομένων.
3839 4568 4005 4636 Πρὸς

2414 4663 2626 4726 τούτοις
2661 4663 2758 4717 καὶ
2787 4664 2920 4718 ἄλλα
2956 4665 3056 4717 ὅσα
3104 4663 3540 4736 θαυματουργῶν
3575 4663 3734 4724 αὐτὸς
3755 4660 4006 4716 διετέλει

2417 4754 2602 4807 ὁποῖον
2645 4753 2709 4823 δὴ
2747 4755 2836 4807 καὶ
2868 4753 3026 4808 τοῦτο
3059 4754 3220 4821 λόγου
3248 4756 3339 4807 καὶ
3370 4755 3590 4824 μνήμης
3617 4753 3784 4816 ἄξιον.

2492 5029 2564 5084 Z'.
2601 5030 2736 5083 οασί
2760 5047 2881 5082 τινα
2915 5029 3092 5100 μάγον
3125 5028 3342 5100 Ζαρίαν
3377 5029 3708 5100 καλούμενον
3733 5029 3865 5082 αὐτὸ
3889 5031 4010 5099 τῆς

2416 5124 2770 5194 κακοτεχνίας
2801 5123 3082 5191 φθάσαντα
3103 5122 3164 5176 τὸ
3183 5125 3252 5178 ἀγ
3263 5125 3504 5190 ρότατον,
3519 5126 3629 5185 τοῖς
3658 5123 3771 5176 tu!
3797 5121 4008 5187 τόποις

2417 5218 2511 5271 ἔπι
2536 5216 2681 5288 λύμῃ
2726 5216 2946 5269 ’πολλῶν
2979 5217 3346 5286 ιπιχωριάσαι
3384 5217 3530 5286 δεινῇ
3565 5217 3632 5287 τῇ
3680 5215 3863 5284 ἀπάτῃ
3895 5217 4006 5270 καὶ

2418 5309 2589 5379 πολλῇ
2624 5307 2930 5381 χρώμενον,
2959 5308 3018 5361 ὃν
3046 5310 3186 5377 μετὰ
3210 5309 3320 5362 τῶν
3345 5309 3523 5364 ἄλλων
3556 5309 3650 5360 καὶ
3674 5306 3920 5360 τοιοῦτόν
3945 5325 4004 5360 τι

2418 5401 2689 5472 τολμῆσαι
2727 5399 3151 5469 θεομισέστατον
3180 5401 3341 5473 φήμη
3367 5403 3474 5453 τινὶ
3507 5399 3808 5454 σπουδάσαι
3831 5415 4004 5470 περι.

821 5673 892 5748 (ι)
927 5671 1227 5748 Heliopolis
1271 5674 1499 5748 scilicet,
1543 5704 1616 5748 _—
1642 5674 1700 5729 ln
1746 5675 2081 5730 monasterio
2125 5673 2319 5730 Heleni
2358 5676 2639 5745 monachi,
2673 5693 2814 5748 quos
2844 5678 3085 5735 Essenos
3141 5687 3303 5734 vocat
3366 5676 3547 5732 Philo.
3586 5675 3871 5747 perpetuis
3901 5694 4001 5733 va.

745 5747 943 5801 Cabant
979 5745 1243 5813 precibus
1268 5757 1325 5798 et
1360 5746 1605 5799 canticis.
