4252 6440
247 412 355 475 G11

1379 414 1847 476 MARTYRIUM
1881 416 1938 478 S.
1981 416 2362 479 EUGENUE.

3370 421 3473 483 618

240 525 433 579 λαϐεῖν
461 523 585 586 τοῦς
609 523 935 593 ἐπιχωρίους
958 524 1034 587 ὡς
1051 522 1213 587 αὐτὸς
1233 522 1331 593 μὲν
1356 524 1443 594 εἴη
1472 522 1812 594 άπεσταλμὲ-
1839 568 1847 583 ,

1869 524 2029 584 [Deo
2075 529 2309 578 maxime
2370 525 2609 578 invisum
2641 568 2654 588 ,
2719 541 2913 596 nempe
2962 527 3159 581 famam
3209 536 3479 597 sparsisse

239 630 334 676 νος
367 612 471 664 ὑπὸ
504 612 745 684 Χριστοῦ
768 615 1069 685 εὐεργέτης
1110 613 1411 681 ἀνθρώπων
1443 615 1534 667 καὶ
1562 614 1816 667 διδάσκαο

240 704 335 766 λος
352 704 571 771 ἀγαθὸς,
597 705 796 775 ψευδὴς
823 706 879 757 δὲ
913 706 1133 767 Ἕλενος
1166 706 1343 775 μάτην
1371 707 1547 775 ἑαυτῷ
1579 707 1639 760 τὸ
1671 706 1815 760 διδα-

242 796 505 849 σκαλικὸν
551 797 767 866 ἀξίωμα
804 800 1144 867 περιάπτων.
1211 798 1460 869 Ἐνόμιξε
1517 800 1625 869 γάρ
1656 800 1731 862 ὡς
1764 801 1813 852 εί

238 890 334 942 τδν
363 888 601 958 ποιμένα
633 888 711 959 τῷ
742 890 982 961 ποιμνίῳ
1030 890 1433 960 ἐκπολεμῶσαι,
1489 891 1585 944 τοῦ
1618 889 1810 944 λοιποῦ

242 979 447 1048 ῥᾳδίως
502 978 686 1040 αὐτοῖς
744 978 936 1048 ὥσπερ
973 978 1310 1047 ἀφυλάκτοις
1355 977 1594 1031 ἐπελθὼν
1644 979 1814 1050 θρέμο

240 1089 405 1139 μασι,
439 1070 664 1141 θήραμα
692 1071 795 1125 οὐκ
821 1073 1306 1143 εὐκαταφρόνητον
1344 1072 1423 1142 τῷ
1455 1076 1622 1144 πατρὶ
1644 1073 1810 1127 αὑτοῦ

234 1165 318 1231 τῷ
354 1164 587 1234 διαϐόλῳ
616 1170 1030 1234 προσενεγκεῖν.
1061 1166 1247 1220 Ταῦτα
1282 1167 1455 1236 λέγων
1485 1169 1689 1231 ἐκεῖνος
1718 1170 1811 1224 καὶ

178 1297 183 1301 .
238 1255 466 1317 πιθανὸς
497 1252 566 1325 ἦν
602 1256 667 1308 ὲκ
722 1257 1080 1323 κακουργίας.
1138 1258 1283 1311 Ἴστε
1314 1259 1423 1327 γὰρ
1449 1259 1600 1321 ὅπως
1628 1260 1814 1313 ἀνυσι-

239 1347 495 1413 μώτατον
525 1347 558 1413 ἠ
589 1345 757 1398 κακία
788 1348 883 1400 καὶ
916 1349 1043 1409 τοὺς
1102 1349 1326 1410 πολλοὺς
1389 1350 1616 1402 ἑλκύσαι
1668 1350 1809 1402 πάνυ

237 1436 426 1503 ῥᾳδία·
458 1436 599 1489 ὥστε
628 1438 726 1490 καὶ
749 1438 828 1506 τῷ
865 1438 1065 1510 Ἑλένῳ
1092 1441 1184 1492 τὸν
1233 1438 1389 1509 δχλον
1418 1439 1809 1510 προσελθόντας

238 1531 421 1581 εἰπεῖν
455 1528 487 1598 ἢ
519 1529 697 1583 κοινὸν
720 1532 814 1584 καὶ
844 1531 1006 1585 αὐτὸν
1046 1533 1303 1585 κοινωνὸν
1331 1534 1429 1601 τῆς
1458 1533 1809 1597 διδασκαλίας

237 1618 503 1689 λαϐεῖν,ἢ
540 1621 670 1688 γοῦν
707 1622 844 1688 πρὸς
894 1623 1140 1691 διάλογον
1183 1624 1567 1694 ἁμιλληθῆναι,
1604 1626 1691 1678 ἶνα
1730 1625 1808 1694 τῷ

239 1711 466 1764 νικῶντι
489 1713 582 1764 καὶ
613 1716 769 1767 αὐτοὶ
798 1715 1142 1785 πρόσθοιντο.
1183 1718 1452 1784 ’Δσμενος
1473 1715 1568 1768 οῦν
1593 1717 1622 1768 ὁ
1656 1717 1810 1769 ’Ἐλε-

238 1819 329 1864 νος
359 1804 459 1873 τὴν
496 1804 598 1871 τῆς
638 1804 874 1874 ἁμίλλης
925 1807 1290 1874 καταδέχεται
1317 1808 1550 1873 πεῖραν·
1583 1807 1807 1877 ὲθάρῤει

236 1895 349 1963 γάρ
370 1894 447 1963 τῷ
473 1894 717 1965 Χριστῷ.
748 1896 822 1947 Τὸ
855 1896 911 1948 δὲ
941 1896 1194 1949 κοινωνὸν
1225 1896 1436 1964 Ζαρέαν
1470 1896 1808 1967 παραλαϐεῖν

234 1986 527 2054 ἄνθρωπον
544 1988 851 2057 τερατείαις
873 1987 1141 2056 δαιμόνων
1160 1988 1630 2057 ὲπικαυχὼμενον.
1649 1988 1807 2042 τοῦτο

238 2080 334 2129 καὶ
365 2079 502 2149 ἀκοῇ
530 2079 665 2148 μόνῃ
690 2077 876 2130 λαϐεῖν
906 2078 1181 2130 ἀπευκτὸν
1211 2080 1416 2146 ἠγεῖτο.
1469 2079 1559 2141 Ὠς
1589 2077 1683 2131 οὖν
1713 2078 1809 2130 καὶ

236 2171 271 2236 ἠ
299 2168 464 2238 κυρία
490 2168 696 2238 παρῆν,
716 2169 852 2238 πρὸς
875 2168 1001 2233 τοὺς
1021 2167 1213 2235 λόγους
1240 2165 1437 2236 ἐχώρει
1458 2168 1550 2220 καὶ
1577 2167 1677 2237 τὴν
1693 2168 1810 2220 διά-

238 2259 404 2321 λεξιν.
430 2260 537 2310 Καὶ
572 2260 806 2328 ίσχυρῶς
870 2260 968 2328 μὲν
1003 2259 1201 2327 πρῶτα
1259 2259 1539 2312 ἐπετίθετο
1571 2262 1665 2313 καὶ
1703 2277 1807 2313 πυ-

239 2352 389 2413 κνοῖς
420 2350 534 2421 ἃμα
559 2352 649 2403 τὸν
683 2354 855 2420 μάγον
900 2349 1092 2403 ἔϐαλλε
1112 2353 1225 2412 τοῖς
1275 2350 1520 2420 ιλέγχοις
1548 2368 1562 2382 ο
1597 2353 1719 2405 ἐπεὶ
1748 2353 1805 2405 δὲ

238 2443 389 2511 ἐώρα
417 2446 481 2511 τῇ
514 2441 772 2513 αὐθαδείᾳ
797 2442 871 2503 ὡς
916 2443 1067 2512 ὅπλῳ
1085 2425 1398 2511 χρώμενον,
1438 2444 1531 2494 καὶ
1562 2444 1622 2495 τὸ
1653 2444 1806 2514 νικᾷν

236 2536 340 2586 οὐκ
380 2535 443 2585 ὲκ
466 2535 565 2602 τῆς
592 2534 871 2601 ἀληθείας,
905 2533 1022 2587 ἀλλ’
1073 2536 1134 2586 ὲκ
1160 2534 1261 2607 τῆς
1296 2535 1571 2599 ἀναιδείας
1610 2535 1807 2605 μᾶλλον

238 2627 422 2693 ἐαυτῷ
480 2625 802 2696 περιθέσθαι
863 2626 1289 2695 φιλονεικοῦντα,
1333 2627 1481 2696 ἔργῳ
1501 2626 1599 2697 τὴν
1626 2627 1809 2695 κρίσιν

238 2719 537 2785 ἐπέτρεπε,
595 2719 689 2771 καὶ
744 2717 856 2788 πῦρ
908 2718 1042 2771 πολὺ
1075 2719 1218 2771 κατὰ
1279 2718 1442 2787 μέσον
1472 2720 1570 2787 τῆς
1602 2718 1811 2781 πόλεως

240 2810 547 2878 ἀναφθῆναι
587 2808 818 2873 κελεύει,
844 2810 1100 2877 ἔπιϐἧναι
1124 2809 1181 2861 δὲ
1210 2810 1308 2879 τῆς
1334 2810 1534 2877 φλογὸς
1567 2810 1809 2880 ἀμφοτέ-

244 2917 395 2968 ρθυςι
428 2901 517 2951 καὶ
545 2901 601 2963 ὅς
631 2900 695 2952 ἂν
720 2899 901 2954 αὐτῶν
931 2900 1147 2969 ἀπαθὴς
1182 2901 1361 2969 μεῖναι
1387 2903 1483 2953 καὶ
1507 2900 1603 2953 τοῦ
1642 2901 1810 2972 πυρὸς

242 2991 615 3060 ἰσχυρότερος,
638 2992 826 3043 τοῦτον
852 2987 989 3045 εἶναι
1012 2993 1197 3060 σαφῶς
1219 2993 1310 3045 τὸν
1337 2994 1430 3045 καὶ
1451 2995 1553 3044 ὑπὸ
1572 2994 1807 3064 Χριστοῦ

243 3082 570 3151 πεμφθέντα
596 3081 692 3135 καὶ
729 3082 820 3135 τδν
851 3082 1059 3136 ἐκείνου
1096 3082 1293 3153 κλῆρον
1340 3083 1612 3137 διδάσκειν
1637 3085 1807 3151 ἄξιον.

317 3260 400 3318 H'.
440 3261 529 3325 Ὧς
556 3256 649 3315 οῦν
680 3262 709 3314 ὁ
754 3262 910 3330 λόγος
940 3259 1104 3331 ἔργου
1134 3259 1334 3329 εἴχετο,
1366 3261 1461 3313 καὶ⁵
1487 3262 1519 3331 ἡ
1553 3260 1685 3329 φλὸξ
1709 3262 1809 3331 ἤδη

240 3354 383 3422 πρὸς
416 3352 547 3421 ῦψος
587 3353 769 3422 ᾔρετο,
804 3352 972 3422 δειλίᾳ
1015 3350 1176 3413 εὐθὺς
1206 3352 1465 3421 ὀΖαρὲας
1512 3352 1808 3421 συνείχετο,

241 3444 339 3496 καὶ
366 3444 457 3494 τὸν
496 3442 716 3494 Ἕλενον
744 3442 1005 3509 ἐπιϐῆναι
1036 3441 1250 3508 πρῶτον
1269 3441 1625 3503 διεκελεύετο,
1653 3442 1811 3496 τοῦτο

241 3531 364 3583 καθ’
389 3530 603 3594 ἑαυτὸν,
640 3531 713 3591 ὡς
733 3530 898 3593 ἔοικε,
937 3530 1266 3599 διανοηθεὶς,
1306 3530 1379 3592 ὡς
1412 3535 1459 3583 εἰ
1492 3532 1567 3600 μὴ
1597 3532 1806 3603 θαρρή-

242 3640 341 3683 σας
372 3622 591 3683 Ἕλενος
618 3622 878 3690 αίσχύνην
906 3620 1204 3689 ὀφλήσοι,ἢ
1234 3620 1363 3687 γοῦν
1390 3623 1809 3692 κατατολμήσας

240 3709 571 3782 ἁπορῤήξειε
590 3711 689 3779 τὴν
717 3710 916 3779 ψυχὴν,
936 3714 1029 3762 καὶ
1059 3709 1230 3772 οὕτως
1258 3711 1323 3761 ἂν
1344 3712 1474 3780 ῥᾷον
1503 3712 1564 3763 τὸ
1588 3717 1811 3783 κρατεῖν

240 3801 610 3872 περιγένοιτο,
637 3799 1048 3869 ἀνταγωνιστὴν
1086 3800 1416 3853 ἀποϐαλόντι
1462 3802 1610 3871 μάλα
1650 3807 1810 3874 στερ-

242 3892 360 3960 ρὸν,
384 3893 477 3944 καὶ
504 3890 655 3960 παρὰ
684 3889 843 3942 τοῦτο
875 3891 1081 3952 πάντας
1117 3890 1206 3958 ὑφ’
1235 3890 1432 3945 ἑαυτὸν
1464 3893 1687 3948 ἑλκύσαι
1716 3895 1808 3948 δυ-

240 3985 401 4044 νατὸς
432 3983 677 4050 γένηται.
714 3983 867 4034 Ἐπεὶ
892 3982 946 4035 δὲ
974 3982 1066 4034 καὶ
1089 3984 1187 4051 τὴν
1223 3985 1418 4052 πεῖραν
1450 3986 1477 4037 ό
1506 3985 1648 4047 θεῖος
1669 3988 1808 4057 ἀνὴρ

237 4076 541 4143 ὑποστῆναι
564 4074 780 4141 πρῶτος
802 4074 1198 4142 διωμολόγησε,
1249 4077 1342 4127 καὶ
1371 4078 1808 4147 προσευξάμενος

237 4166 495 4217 ἐπέϐαινε
521 4165 619 4233 τῆς
653 4166 830 4232 πυρᾶς
849 4178 862 4191 ·
900 4163 997 4231 τὴν
1024 4165 1079 4216 δὲ
1103 4165 1202 4221 οὐκ
1230 4166 1517 4219 ἐλάνθανεν
1537 4170 1686 4231 ὅστις
1721 4171 1805 4239 εἴη

237 4255 336 4306 καὶ
359 4253 477 4305 οὐδὲ
504 4254 689 4322 τριχὸς
728 4251 935 4303 ἐκείνου
974 4252 1169 4319 ψαύειν
1214 4254 1437 4324 ἐτόλμα·
1477 4257 1601 4310 τότε
1624 4259 1687 4328 δὴ
1718 4262 1809 4312 τὸν

241 4345 420 4411 μάγον
452 4343 616 4409 φόϐου
651 4344 745 4396 καὶ
779 4342 981 4405 δειλίας
999 4343 1415 4411 ὑποπλησθέντα
1444 4349 1677 4415 μάλιστα
1709 4352 1808 4419 μὲν

236 4432 485 4487 ικποδὼν
511 4434 761 4500 γενέσθαι
789 4436 883 4487 καὶ
911 4434 1197 4504 διαδρᾶναι
1217 4438 1316 4505 τὴν
1348 4442 1543 4508 πεῖραν
1574 4445 1806 4512 φανερὸν

236 4526 579 4594 καταστῆναι
622 4526 654 4594 ἢ
703 4526 799 4594 τὴν
829 4526 991 4596 ’ᾼδου
1038 4528 1209 4596 κυνῆν
1268 4530 1567 4583 ὑπελθόντα
1601 4532 1799 4599 λαθεῖν,
1837 4512 1880 4566 ⁵

238 4620 350 4673 ὑπὸ
378 4618 436 4669 δὲ
456 4616 549 4671 τοῦ
584 4616 819 4688 πλήθους
859 4619 951 4670 καὶ
981 4619 1184 4672 ἄκοντα
1212 4621 1618 4691 συνωθούμενον
1637 4629 1804 4693 ἀναγ-

239 4711 417 4773 καίως
465 4710 563 4781 τὴν
620 4712 848 4779 κάμινον
895 4711 1195 4764 εἰσελθεῖν
1243 4714 1366 4782 ἥτις
1422 4718 1584 4769 αὑτὸν
1616 4719 1808 4774 θᾶττον

237 4799 387 4853 οὕτω
421 4796 861 4869 περιελάμϐανεν
884 4798 984 4867 ήδη
1031 4800 1127 4852 καὶ
1174 4800 1539 4854 κατεϐόσκετο
1578 4803 1651 4867 ὡς
1685 4808 1808 4861 οὐδὲ

244 4893 376 4963 μίαν
422 4890 552 4959 ὓλην
595 4890 787 4958 ὲτιραν
833 4890 1103 4955 καυθῆναι
1155 4892 1374 4961 ῥᾳδίαν·
1439 4895 1531 4945 καὶ
1564 4896 1679 4963 εἴγε
1733 4903 1807 4968 μὴ

244 4983 458 5050 φθάσας
496 4984 524 5034 ό
557 4982 730 5049 μέγας
759 4979 979 5042 Ἕλενος
1026 4983 1309 5051 οίκτείρων
1334 4982 1523 5055 ὥσπερ
1546 4987 1645 5057 τῆς
1674 5006 1804 5059 συμ.

245 5079 418 5147 φορᾶς
472 5075 564 5127 τὸν
602 5074 785 5129 ἄθλιον
830 5073 1165 5142 ἡμίφλεκτον
1195 5076 1357 5139 εὐθὺς
1382 5081 1671 5148 γενόμενον
1713 5085 1805 5136 τοῦ

247 5166 419 5236 πυρὸς
448 5164 907 5229 άνεσὼσατο,’κᾶν
923 5168 999 5223 είς
1022 5166 1172 5228 τέλος
1194 5168 1329 5235 αὐτῇ
1356 5173 1557 5241 μαγείᾳ
1583 5173 1676 5224 καὶ
1698 5176 1807 5236 τοῖς

246 5262 547 5329 σοφίσμασι
605 5257 895 5329 διεφθάρη,
954 5258 1140 5321 καλῶς
1191 5259 1335 5311 οὕτω
1369 5260 1463 5313 τοῦ
1512 5264 1681 5331 πυρὸς
1708 5265 1806 5334 τὴν

243 5353 459 5420 ἀπάτην
490 5354 588 5403 σὺν
609 5351 836 5420 ἀληθείᾳ
861 5351 1211 5410 κολάσαντος.
1244 5350 1430 5405 Ταῦτα
1456 5354 1682 5407 εκείνων
1721 5356 1806 5410 λε-

241 5446 497 5515 γόντωνὴ
523 5444 770 5512 μακαρία
798 5444 1031 5499 παντοία
1054 5444 1157 5498 ὑπὸ
1188 5447 1546 5515 περιχαρείας
1573 5450 1804 5516 ἐγίνετο,

240 5535 439 5605 ἥδετο,
493 5534 887 5603 ιξεπλήττετο,
946 5534 1057 5587 τῶν
1113 5537 1571 5603 ἀπαγγελλόντων
1629 5540 1809 5594 ἐδέετο

244 5627 623 5699 προσαχθῆναι
658 5642 715 5679 τε
745 5626 811 5678 δι’
838 5625 1019 5682 αὐτῶν
1056 5629 1150 5680 καὶ
1184 5630 1445 5697 συστῆναι
1471 5631 1551 5700 τῷ
1577 5633 1806 5686 ἐπισκό-

242 5738 330 5787 πῳ
362 5718 533 5786 αὑτήν
565 5735 623 5770 τε
654 5723 744 5771 καὶ
774 5717 867 5779 οὓς
898 5719 1165 5787 ἐπάγεται
1194 5720 1475 5788 ἀδελφοὺς,
1518 5725 1610 5775 καὶ
1637 5725 1806 5787 οὕτως

244 5810 352 5862 ὑπὸ
371 5810 437 5879 τῇ
472 5812 607 5878 μονῇ
634 5809 761 5878 τῇδε
798 5808 959 5877 ζῆσαι
1013 5814 1164 5878 κοινῇ
1205 5812 1607 5883 συνδιάγοντας.
1649 5815 1805 5869 Οὕτω

565 5907 834 5965 ΡΑτιιοι..
883 5906 927 5965 G
941 5926 996 5965 ιι.
1044 5904 1246 5969 CXVI.

1917 616 2063 670 inter
2092 633 2211 678 eos.
2262 620 2357 684 qui
2393 618 2507 671 illic
2544 617 2891 681 habitabant,
2923 622 3069 687 quod
3104 623 3221 690 ipse
3257 625 3480 691 quidem

1866 774 1870 778 δ
1914 716 2062 762 esset
2115 724 2144 761 a
2202 708 2423 762 Christo
2471 708 2672 762 missus
2722 707 3043 762 henefactor
3095 712 3379 767 hominum
3427 726 3481 769 et

1914 799 2110 853 doctor
2144 802 2342 863 bonus,
2382 800 2616 854 mendax
2653 808 2837 855 autem
2879 801 3139 865 Helenus,
3179 809 3478 861 auctorita~

1915 898 2027 943 tem
2102 892 2335 945 docendi
2414 891 2520 944 sibi
2584 892 2721 945 falso
2783 893 3053 947 tribuens.
3117 894 3480 951 Existimabat

1912 974 2083 1039 enim,
2125 978 2271 1044 quod
2306 979 2349 1031 si
2394 987 2669 1045 pastorem
2701 978 2965 1034 adversus
3000 997 3220 1051 gregem
3255 988 3321 1037 ad
3369 988 3480 1039 bel-

1911 1065 2026 1119 lum
2067 1069 2394 1131 concitaret,
2437 1085 2532 1124 eos
2568 1072 2852 1139 deinceps,
2900 1079 3155 1142 tanquam
3190 1092 3321 1132 oves
3357 1096 3478 1148 qua:

1911 1173 2023 1211 non
2059 1166 2188 1213 sunt
2223 1161 2539 1225 custodita,
2580 1163 2928 1231 aggrediens,
2963 1181 3071 1217 non
3118 1180 3477 1223 contemne"-

1910 1250 2035 1304 dam
2065 1253 2305 1320 praedam
2349 1255 2619 1321 praeberet
2648 1257 2785 1323 patri
2820 1271 2922 1309 suo
2950 1256 3192 1311 diabolo.
3231 1259 3356 1315 Huic
3384 1264 3476 1316 ille

1911 1342 2120 1405 dicens,
2149 1345 2309 1396 ﬁdem
2336 1345 2573 1398 faciebat
2597 1361 2694 1399 sua
2720 1347 3093 1415 improbitate.
3120 1351 3282 1405 Scitis
3306 1354 3476 1415 enim.

1915 1446 2079 1499 quam
2110 1430 2181 1483 sit
2208 1432 2415 1485 malitia
2446 1434 2629 1486 eﬂicax
2670 1442 2725 1488 et
2753 1450 2915 1503 quam
2953 1435 3111 1490 facile
3153 1441 3356 1494 multos
3389 1442 3476 1494 at-

1910 1522 2132 1573 trahat:
2166 1522 2326 1584 adeo,
2372 1534 2431 1577 ut
2480 1524 2549 1576 ad
2593 1524 2855 1579 Helenum
2894 1528 3052 1581 turba
3102 1532 3390 1595 accedens,
3426 1534 3476 1585 ei

1909 1611 2132 1674 dixerit,
2170 1624 2228 1665 ut
2268 1616 2349 1666 vel
2380 1615 2559 1681 ipsum
2592 1616 2861 1672 doctrinas
2893 1632 3199 1675 assumeret
3241 1624 3475 1689 socium,

1908 1714 2004 1757 aut
2046 1717 2197 1757 certe
2226 1704 2369 1757 inter
2402 1720 2462 1758 sc
2504 1706 2874 1772 disputarent,
2913 1716 2973 1761 ut
3014 1711 3119 1778 ipsi
3144 1712 3192 1765 ei
3231 1716 3325 1780 qui
3360 1716 3507 1778 vin-p

1908 1804 2081 1858 ceret,
2130 1796 2482 1851 accederent.
2554 1797 2759 1853 Libens
2808 1800 2994 1869 itaque
3055 1803 3297 1858 Helenus
3358 1808 3477 1859 adit

1910 1887 2213 1956 periculum
2260 1904 2385 1942 cum
2415 1903 2483 1944 eo
2508 1890 2847 1959 disputandi.
2880 1893 3204 1947 Conﬁdehat
3236 1898 3381 1951 enim
3420 1902 3475 1952 in

1908 1978 2150 2033 Christo.
2204 1980 2431 2034 Zaream
2473 1991 2654 2035 autem
2698 1998 2977 2039 assumere
3013 1988 3245 2046 socium.
3295 1990 3478 2043 homi-

1914 2084 2040 2122 nem
2102 2073 2197 2139 qui
2251 2072 2591 2138 gloriabatur
2646 2074 2956 2130 dmmonum
3001 2081 3320 2149 praestigiis,
3375 2082 3478 2137 hoc

1908 2160 2258 2215 existimabat
2312 2164 2399 2217 vel
2446 2164 2565 2217 solo
2612 2180 2734 2220 esse
2777 2168 2967 2221 auditu
3019 2172 3474 2227 abominandum.

1910 2251 2207 2322 Postquam
2250 2270 2382 2323 ergo
2421 2254 2544 2309 dies
2577 2256 2737 2310 aﬂ'uit
2768 2259 3092 2327 praefinitus,
3139 2266 3372 2318 accessit
3409 2271 3475 2320 ad

1909 2342 2361 2421 disputationem.
2403 2345 2474 2399 Et
2522 2347 2763 2415 primum
2818 2351 3043 2418 quidem
3088 2368 3216 2407 eum
3270 2357 3478 2411 acriter

1911 2444 1997 2489 est
2024 2435 2275 2498 adortus,
2326 2446 2383 2490 et
2421 2437 2638 2491 crebris
2684 2454 2900 2509 magum
2937 2443 3139 2499 invasit
3177 2462 3473 2516 argumen-

1916 2525 2006 2579 tis.
2039 2528 2340 2596 Postquam
2383 2539 2570 2583 autem
2620 2531 2758 2585 vidit
2786 2548 2910 2585 eum
2953 2537 3032 2588 uti
3078 2544 3392 2609 arrogantia
3423 2552 3479 2595 et

1912 2619 2224 2685 insolentia,
2257 2630 2516 2691 tanquam
2560 2625 2754 2688 armis,
2794 2636 2851 2679 ct
2881 2630 3218 2685 contendere
3250 2634 3355 2686 sibi
3384 2649 3447 2701 pa
3467 2663 3479 2674 -

1910 2727 2037 2766 rare
2071 2711 2385 2778 victoriam,
2420 2730 2531 2769 non
2571 2732 2639 2771 ex
2667 2720 2918 2783 veritate,
2953 2723 3050 2776 sed
3088 2732 3154 2777 ex
3189 2728 3480 2791 impuden-

1911 2805 2012 2869 tia,
2062 2807 2316 2874 permisit
2369 2807 2514 2862 facto
2552 2809 2857 2878 judicium;
2910 2822 2962 2866 et
3012 2814 3168 2883 jubet
3220 2833 3476 2887 magnum

1911 2896 2095 2965 ignem
2145 2896 2375 2952 accendi
2428 2902 2484 2953 in
2534 2902 2715 2955 media
2762 2904 3006 2969 civitate,
3056 2908 3246 2962 ambos
3295 2920 3478 2963 autem

1911 2986 2188 3040 ﬂammam
2225 2988 2465 3058 ingredi,
2488 2999 2543 3045 et
2565 2993 2657 3059 qui
2685 3009 2881 3048 eorum
2916 3008 3166 3051 maneret
3196 2999 3400 3054 illaesus
3425 3015 3481 3055 et

1912 3078 2039 3147 igne
2084 3078 2304 3146 fortior,
2355 3096 2483 3136 eum
2522 3098 2645 3137 esse
2692 3093 2903 3154 aperte.
2951 3089 3042 3156 qui
3078 3104 3107 3141 a
3140 3088 3364 3144 Christo
3396 3104 3481 3145 est

1833 3188 1878 3246 α
1912 3170 2133 3235 missus,
2175 3179 2233 3226 et
2270 3173 2495 3243 dignum
2530 3190 2674 3239 esse,
2703 3178 2798 3245 qui
2834 3179 3027 3231 doceat
3060 3180 3207 3233 illius
3245 3182 3479 3238 clerum.

1984 3264 2118 3317 Vill.
2161 3263 2455 3332 Postquam
2490 3282 2619 3320 vero
2650 3269 2815 3322 verba
2856 3269 2921 3321 ad
2973 3286 3088 3323 rem
3135 3280 3263 3323 sunt
3312 3274 3481 3324 dedu-

1911 3364 2023 3421 cta,
2068 3366 2127 3411 et
2151 3356 2368 3412 ﬂamma
2400 3360 2512 3428 jam
2562 3360 2669 3413 fuit
2699 3364 2756 3413 in
2805 3364 2973 3415 altum
3022 3364 3257 3425 sublata,
3300 3375 3479 3417 metus

1913 3447 2136 3515 quidem
2168 3450 2355 3502 statim
2388 3450 2591 3503 invasit
2615 3450 2864 3513 Zaream,
2895 3461 2949 3504 et
2975 3452 3207 3521 jubebat
3238 3453 3476 3521 primum

1909 3539 2131 3608 ingredi
2167 3540 2457 3604 Helenum,
2501 3542 2606 3595 hoc
2638 3541 2780 3610 apud
2817 3556 2899 3603 se,
2949 3550 3009 3593 ut
3039 3542 3280 3605 videtur,
3330 3544 3477 3611 cogi-

1912 3640 2034 3685 tans
2095 3633 2244 3701 quod
2298 3634 2385 3687 vel
2428 3649 2537 3685 non
2598 3635 2845 3696 audens,
2908 3634 3179 3687 dedecore
3237 3636 3478 3688 lleleuus

1910 3722 2200 3789 afficietur,
2233 3735 2331 3777 aut
2366 3724 2413 3778 si
2444 3739 2613 3777 ausus
2654 3726 2846 3789 fuerit,
2881 3728 3097 3780 emittet
3127 3729 3387 3790 animam,
3418 3738 3473 3779 et

1910 3814 1991 3867 sic
2025 3814 2185 3869 facile
2227 3815 2399 3869 fuerit
2440 3816 2492 3869 ei
2540 3818 2788 3881 vincere,
2823 3833 2948 3871 cum
2994 3818 3191 3871 fortem
3227 3818 3474 3870 amiserit

1911 3906 2315 3970 adversarium,
2355 3915 2413 3960 et
2447 3907 2529 3960 sic
2557 3922 2749 3960 omnes
2782 3907 2986 3973 poterit
3015 3907 3081 3959 ad
3127 3922 3184 3958 se
3231 3908 3469 3960 trahere.

1912 3999 2207 4066 Postquam
2250 4004 2432 4050 autem
2467 3997 2553 4047 vir
2581 3997 2672 4049 ille
2715 3996 2935 4049 divinus
2967 3996 3250 4065 professus
3294 4007 3377 4048 est
3416 4012 3473 4049 sc

1911 4082 2152 4161 primum
2210 4088 2523 4143 subiturum
2570 4089 2899 4156 perieulum,
2948 4100 3004 4144 et
3044 4106 3167 4144 cum
3222 4102 3473 4158 precatus

1908 4190 2074 4242 esset,
2111 4193 2304 4247 rogum
2328 4187 2413 4231 est
2458 4178 2771 4245 ingressus;
2800 4179 2951 4231 illum
2987 4195 3117 4232 vero
3151 4195 3256 4233 non
3290 4182 3470 4244 latuit,

1908 4270 2161 4339 quisnam
2209 4278 2377 4342 esset,
2416 4278 2471 4321 et
2505 4283 2607 4321 nec
2633 4268 2781 4323 illius
2822 4269 3045 4337 quidem
3083 4270 3254 4337 pilum
3304 4286 3472 4325 ausus

1908 4371 1991 4416 est
2054 4372 2327 4431 tangere;
2377 4370 2507 4413 tunc
2548 4362 2703 4413 aiunt
2752 4376 2969 4430 magum
3010 4362 3162 4414 illum
3224 4372 3370 4415 metu
3420 4376 3474 4416 et

1910 4462 2125 4508 terrore
2170 4454 2434 4521 repletum
2466 4492 2479 4513 ,
2535 4451 2828 4504 recessisse
2871 4451 3115 4519 quidem,
3174 4462 3231 4505 et
3283 4464 3472 4520 aperte

1910 4545 2219 4599 ostendisse
2265 4559 2322 4596 se
2358 4546 2535 4597 vitare
2584 4544 2913 4612 periculum,
2964 4555 3059 4597 aut
3097 4542 3350 4599 Plutonis
3384 4561 3471 4613 pa-

1909 4637 2049 4690 leam
2098 4637 2423 4689 subeuntem
2472 4635 2698 4688 latuisse
2738 4649 2817 4688 :a
2871 4635 3226 4690 multitudine
3286 4648 3469 4689 autem

1909 4737 2248 4797 protrusum,
2303 4725 2582 4779 fornacem
2621 4726 2706 4778 vel
2760 4725 2994 4778 invitum
3031 4727 3283 4781 intrasse.
3342 4729 3472 4793 Qum

1908 4832 2034 4871 eum
2061 4831 2216 4885 aeque
2251 4814 2409 4868 facile
2438 4817 2548 4884 jam
2586 4814 3088 4882 comprehendebat
3128 4827 3183 4869 et
3210 4819 3473 4884 depasce-

1909 4908 2021 4970 bat,
2048 4916 2212 4976 atque
2241 4907 2495 4975 quamvis
2528 4907 2691 4959 aliam
2733 4914 2917 4974 aptam
2952 4906 3019 4959 ad
3056 4907 3322 4961 urendum
3366 4924 3471 4962 ma-

1910 4999 2104 5053 teriam
2130 5007 2223 5053 :et
2248 4998 2353 5051 nisi
2386 5014 2613 5067 magnus
2640 4998 2879 5052 Helenus
2919 5001 3105 5052 miseri
3138 5000 3469 5055 calamitatis

1909 5092 2190 5157 misertus,
2228 5106 2377 5152 eum,
2406 5107 2529 5146 cum
2561 5093 2669 5160 jam
2714 5100 2861 5146 esset
2891 5093 3206 5158 semiustus,
3248 5109 3466 5148 servas-

1910 5193 2015 5245 set,
2056 5184 2176 5253 ipsa
2225 5184 2399 5252 magia
2449 5194 2505 5237 et
2545 5184 2761 5239 callidis
2793 5185 2907 5238 suis
2951 5185 3192 5240 inventis
3240 5189 3466 5239 Omnino

1908 5275 2187 5343 periisset,
2221 5275 2303 5329 sic
2332 5273 2559 5343 pulchre
2590 5277 2715 5344 igne
2743 5276 2992 5329 fraudem
3035 5278 3294 5343 puniente
3340 5292 3464 5330 cum

1907 5366 2157 5419 veritate.
2186 5364 2309 5419 Haec
2340 5366 2447 5418 illis
2486 5365 2822 5429 dicentibus,
2856 5368 3011 5421 beata
3043 5369 3137 5421 illa
3188 5385 3299 5437 prae
3341 5385 3470 5439 gau-

1907 5456 2001 5510 dio
2029 5458 2181 5509 varie
2210 5456 2569 5518 afﬁciebatur,
2595 5458 2899 5521 laetabatur,
2937 5458 3338 5523 admirabatur,
3368 5474 3467 5514 eos

1906 5548 2001 5616 qui
2032 5548 2351 5610 narrabant,
2402 5549 2629 5613 rogabat
2661 5559 2720 5601 ut
2756 5565 2852 5619 per
2884 5551 3034 5617 ipsos
3065 5550 3462 5614 adduceretur,

1906 5646 1963 5691 et
1997 5636 2256 5705 episcopo
2283 5637 2764 5691 commendaretur
2806 5639 2924 5706 ipsa
2969 5648 3025 5692 ct
3070 5640 3270 5693 fratres
3326 5656 3468 5706 quos

1907 5728 2150 5791 adducit,
2200 5738 2255 5781 et
2307 5728 2388 5781 sic
2437 5728 2493 5780 in
2556 5732 2660 5783 hoc
2710 5734 3048 5785 monasterio
3097 5735 3469 5784 communiter

1909 5823 2180 5877 viverent.
2211 5820 2287 5873 Ita
2314 5821 2513 5874 obnixe
2547 5837 2759 5891 rogans,
2797 5822 3091 5891 persuadet
3124 5822 3377 5889 cuiquam
3402 5839 3466 5875 ex

2909 5913 2981 5975 20
