4252 6440
794 435 897 496 619

2014 425 2301 484 MENSIS
2342 425 2775 485 DECEMBER.

3929 422 4055 486 620

789 547 858 599 iis
891 544 984 612 qui
1021 539 1272 600 aderant,
1310 536 1403 605 qui
1447 533 1748 589 vocabatur
1779 533 2102 602 EutrOpius,
2133 540 2192 585 ut
2238 533 2352 585 hac
2387 539 2426 594 Α

2460 535 2596 600 μετὰ
2627 533 2828 602 πολλῆς
2871 534 3100 604 δεομένη
3150 533 3245 602 τῆς
3280 531 3608 604 προσεδρίας
3628 532 3807 585 πείθει
3831 531 3895 602 δὴ
3927 533 4057 584 τῶν

789 637 976 691 omnia
1009 633 1060 687 ei
1087 631 1304 696 fierent,
1339 638 1394 682 et
1428 642 1623 700 preces
1647 627 1892 680 deferret
1917 625 1984 678 ad
2013 626 2353 694 episcopum.

789 727 1045 795 Quando.
1086 723 1291 793 inquit,
1323 720 1548 775 divertit
1582 725 1637 772 et
1669 719 1912 788 palulum
1940 717 2237 784 requievit,
2267 716 2356 770 ille

791 829 1105 890 Opportune
1135 826 1193 871 et
1233 816 1290 870 in
1329 813 1446 868 otio
1475 810 1689 883 praebet
1718 810 1770 866 ei
1811 807 1905 880 qui
1942 807 2100 874 dicit,
2129 807 2358 862 audien-

791 924 943 967 ttant.

860 1091 950 1150 IX.
993 1090 1217 1145 Interim
1251 1098 1433 1145 autem
1465 1102 1595 1142 eum
1635 1086 1753 1140 [NEC
1792 1087 1938 1141 inter
1967 1101 2026 1142 se
2058 1085 2360 1155 loqueban-

791 1198 904 1249 tur,
930 1183 1447 1254 appropinquarunt
1473 1181 1834 1243 monasterio,
1864 1190 1916 1232 et
1947 1179 2048 1246 ipsi
2081 1179 2356 1231 intrarunt

789 1295 915 1335 cum
951 1277 1234 1346 episeopo.
1274 1273 1389 1328 Una
1421 1287 1554 1326 vero
1584 1286 1707 1325 cum
1736 1271 1817 1324 eis
1848 1271 2095 1339 ingressa
2126 1279 2209 1322 est
2247 1267 2356 1321 Eu-

789 1372 974 1442 genia,
1004 1366 1338 1423 adolescenti
1369 1367 1530 1434 plane
1560 1363 1757 1417 similis
1787 1371 1840 1417 et
1862 1377 2018 1417 coma
2050 1370 2103 1414 et
2130 1361 2353 1415 vestitu.

788 1465 926 1518 Cum
973 1463 1084 1531 jam
1129 1469 1312 1512 autem
1366 1456 1630 1509 incitatus
1689 1454 1882 1508 luisset
1933 1453 2234 1522 Eutropius
2290 1451 2356 1504 ad

789 1550 1212 1623 signiﬁcandum
1251 1549 1317 1603 de
1349 1562 1411 1601 ea
1449 1546 1729 1615 episcopo,
1767 1545 2042 1612 quoddam
2081 1542 2356 1597 somnium

790 1662 849 1702 se
878 1643 1080 1700 obtulit
1115 1643 1345 1703 lleleno,
1378 1639 1472 1708 qui
1503 1646 1625 1707 post
1652 1637 1896 1690 divinam
1930 1633 2175 1705 mysterii
2209 1633 2357 1687 cele-

795 1739 1105 1793 brationem
1157 1732 1225 1786 ad
1291 1746 1546 1786 somnum
1601 1729 1992 1783 declinaverat.
2044 1726 2175 1779 Erat
2228 1739 2358 1777 vero

794 1826 1109 1899 hujusmodi
1136 1824 1409 1879 somnium
1443 1840 1455 1874 :
1489 1820 1769 1889 Sculptum
1802 1817 2077 1887 quoddam
2109 1815 2357 1869 mulieris

2462 625 2746 691 παρόντων
2763 626 2860 679 ενα
2875 627 2997 680 τινὰ
3015 627 3316 696 Εὐτρόπιον
3333 627 3476 679 οὕτω
3495 627 3826 694 καλούμενον
3851 627 4055 681 πάντα

2459 717 2632 789 ταύτῃ
2655 718 2908 786 γενέσθαι
2935 719 3033 771 καὶ
3062 719 3139 787 τῷ
3173 719 3460 788 ἔπισκόπῳ
3505 719 3605 789 τὴν
3643 718 3827 788 δέησιν
3856 734 4055 788 προσο

2459 813 2730 877 αγγείλαι.
2769 811 3039 882 ὐπηνίκα
3071 810 3136 881 δή
3166 810 3508 887 καταλύσας,
3546 811 3730 880 φησιν,
3781 804 3906 887 εἷτα
3939 828 4052 879 με·

2461 901 2592 969 κρὸν
2644 901 3151 972 διαναπαυσάμενος
3201 885 3483 970 εὐκαίρως
3532 903 3625 954 καὶ
3661 902 3801 955 κατὰ
3834 885 4051 972 σίοῌιν

2459 996 2664 1056 ἐκεῖνος
2691 994 2882 1062 ὑπέχει
2911 995 3010 1062 τὴν
3041 993 3208 1063 ἀκοὴν
3240 994 3318 1063 τῷ
3344 994 3574 1061 λέγοντι.

2531 1088 2612 1143 Θ¹.
2653 1087 2742 1141 Ἐν
2779 1080 2824 1154 ᾧ
2852 1086 2909 1138 δὲ
2936 1087 3108 1140 ταῦτα
3129 1087 3266 1158 πρὸς
3297 1087 3558 1155 ἀλλήλους
3586 1087 3844 1154 ὡμίλουν,
3871 1089 4053 1159 ήγγι-

2464 1196 2564 1232 σαν
2585 1179 2661 1247 τῷ
2699 1179 3068 1248 μοναστηρίῳ,
3111 1182 3204 1232 καὶ
3234 1179 3388 1232 αὐτοί
3437 1196 3494 1232 τε
3529 1180 3666 1249 μετὰ
3695 1180 3789 1233 τοῦ
3813 1181 4053 1233 £13716-

2463 1290 2566 1325 που
2595 1274 2873 1342 εἰσῄεσαν,
2925 1272 3021 1325 καὶ
3061 1272 3160 1342 τὴν
3193 1273 3456 1341 Εὑγενίαν
3483 1269 3628 1342 εἶχον
3655 1273 4050 1326 συνεισιοῦσαν

2461 1364 2732 1432 νεανίσκῳ
2766 1363 2902 1435 πρὸς
2933 1362 3219 1432 ἀκρίσειαν
3261 1365 3502 1416 ἐοικυῖαν
3523 1366 3587 1432 τῇ
3636 1380 3696 1415 τε
3760 1365 3909 1432 κόμῃ
3942 1368 4056 1430 arat

2458 1457 2527 1523 τῇ
2561 1453 2750 1523 στολῇ.
2785 1453 2922 1522 Ἤδη
2957 1453 3016 1505 δὲ
3049 1452 3386 1523 ὡρμημένου
3420 1453 3512 1506 τοῦ
3559 1452 3864 1522 Εὑτροπίου
3898 1472 4050 1521 γνω-

2465 1544 2608 1614 ρίσαι
2641 1544 2717 1614 τῷ
2755 1544 3043 1612 ὶπισκόπῳ
3072 1545 3143 1597 τὰ
3193 1545 3314 1597 κατ’
3370 1544 3560 1614 αὐτὴν,
3611 1544 3818 1614 ὄνειρός
3839 1561 3922 1607 τις
3948 1546 4049 1612 ἐφ·

2465 1635 2688 1689 ίπταται
2733 1635 2812 1705 τῷ
2876 1634 3074 1705 Ἑλένῳ
3133 1635 3271 1706 μετὰ
3299 1637 3398 1706 τὴν
3428 1634 3578 1688 θείαν
3636 1636 4049 1704 μυσταγωγίαν

2462 1728 2599 1798 πρὸς
2634 1727 2801 1781 ὕπνον
2859 1727 3115 1781 κλίνοντι.
3179 1727 3350 1781 Καὶδ
3393 1727 3631 1798 ὄνειρος·
3683 1728 3934 1784 Γλυπτόν
3987 1743 4047 1780 τι

2461 1821 2635 1873 ἐδόκει
2670 1821 2930 1888 γυναικὸς
2964 1820 3184 1875 εῖδωλον
3218 1819 3313 1883 ὐπῗ
3342 1820 3555 1891 ἀνδρῶν
3582 1819 3816 1890 ἐντίμως
3844 1821 4049 1874 διαδαο

792 1921 1148 1975 simulacrum
1188 1915 1482 1971 videbatur
1523 1929 1552 1966 a
1583 1912 1720 1966 viris
1762 1910 1894 1965 ferri
1929 1907 2254 1971 honorifice,
2301 1915 2356 1961 et
2389 1913 2428 1968 Β

2462 1912 2754 1976 στάζεσθαι
2773 1915 2865 1966 καὶ
2891 1912 3051 1966 τοῦτο
3071 1911 3388 1982 νομίζεσθαι
3409 1915 3540 1982 παρ’
3573 1913 3758 1975 αὐτοῖς
3785 1913 3859 1974 ὡς
3881 1912 4044 1965 θεόν’

789 2014 845 2069 id
885 2013 954 2067 ab
999 2011 1084 2065 eis
1131 2019 1388 2078 tanquam
1431 2006 1593 2059 deum
1645 2002 1934 2072 reputari;
1976 2001 2131 2055 illum
2174 2007 2357 2052 autem

789 2120 933 2174 aegre
956 2103 1243 2164 ferentem,
1267 2100 1414 2168 quod
1440 2098 1696 2151 homines
1712 2094 2128 2162 deciperentur,
2154 2090 2359 2144 dixisse

791 2199 842 2252 ei
872 2196 1010 2259 deat,
1034 2209 1155 2263 qua:
1177 2201 1296 2246 erat
1325 2188 1470 2260 apud
1503 2189 1650 2257 ipsos
1681 2205 1694 2240 :
1724 2187 1894 2250 ltane,
1927 2198 2052 2237 cum
2077 2182 2154 2236 sis
2195 2196 2224 2234 a
2247 2181 2358 2235 Deo

791 2303 974 2345 creata
1005 2299 1060 2343 et
1087 2285 1248 2341 nobis
1271 2298 1559 2346 conserva,
1582 2280 1824 2336 sustines
1853 2277 1923 2332 ab
1951 2276 2087 2346 ipsis
2115 2273 2354 2340 adorari,

789 2394 844 2438 et
879 2383 988 2437 Deo
1022 2394 1209 2450 parem
1249 2375 1535 2446 reputari?
1565 2373 1658 2428 Illa
1683 2385 1818 2426 vero
1858 2385 1984 2424 cum
2022 2369 2126 2422 hoc
2152 2366 2361 2421 audiis-

790 2487 893 2538 set,
919 2473 1170 2542 protinus
1193 2483 1318 2523 cum
1342 2466 1524 2520 adhuc
1555 2469 1892 2533 portaretur,
1916 2477 1946 2515 a
1972 2460 2105 2515 viris
2134 2460 2356 2529 quidem

793 2567 1061 2630 recessit;
1100 2578 1225 2619 eum
1257 2571 1443 2616 autem
1477 2565 1564 2613 est
1602 2570 1814 2620 secuta,
1848 2555 1983 2610 tales
2009 2569 2172 2610 voces
2201 2553 2359 2609 cmit-

794 2669 919 2714 tens
968 2677 980 2711 :
1018 2657 1085 2710 At
1124 2669 1226 2724 ego
1269 2668 1299 2707 a
1349 2659 1399 2705 te
1449 2648 1680 2702 minime
1725 2645 2007 2710 recedam,
2058 2645 2235 2699 donec
2270 2656 2357 2696 me

791 2748 1090 2806 adduxeris
1134 2746 1202 2800 ad
1259 2742 1601 2799 Creatorem.
1649 2739 1778 2793 Haec
1833 2736 2074 2793 Helenus
2135 2734 2358 2805 quidem

788 2841 931 2900 vidit
962 2839 1016 2892 in
1055 2835 1287 2890 somnis.
1323 2832 1609 2886 Excitatus
1639 2837 1848 2892 autem,
1878 2826 2023 2896 apud
2059 2840 2118 2882 se
2142 2825 2361 2879 dubita-

792 2935 908 2998 bat,
956 2941 1194 3000 quonam
1233 2923 1543 2979 rediturum
1587 2927 1755 2983 esset,
1805 2918 1955 2988 quod
2005 2932 2035 2970 ε
2074 2931 2134 2971 se
2179 2916 2356 2968 visum

791 3025 990 3079 fuerat.
1047 3018 1244 3074 Statim
1295 3029 1430 3070 vero
1472 3011 1692 3067 advenit
1738 3009 2059 3078 Eutropius,
2103 3006 2199 3076 qui
2248 3015 2362 3059 tan-

791 3129 956 3185 quam
995 3111 1063 3165 de
1103 3110 1222 3166 viro
1260 3108 1496 3176 loquens
1531 3092 1600 3158 de
1640 3101 2088 3172 Eugenia:Viri,
2118 3099 2195 3154 ait
2238 3097 2357 3167 epi-

793 3219 986 3272 scopo,
1043 3212 1175 3264 tres,
1221 3199 1426 3253 fratres
1482 3196 1707 3260 animis,
1761 3193 1965 3247 fratres
2011 3191 2428 3298 corporibus,C

795 3294 1063 3366 ahjuratis
1095 3291 1255 3345 modo
1293 3289 1463 3342 rebus
1494 3286 1802 3357 gentilium,
1837 3285 1894 3338 in
1927 3295 2021 3337 tuo
2051 3296 2213 3352 grege
2235 3294 2356 3334 ver-

793 3396 1030 3449 santur,
1081 3383 1148 3435 ad
1207 3381 1489 3434 Christum
1563 3376 1928 3437 accedentes,
1992 3381 2047 3429 et
2112 3373 2359 3427 divinum

795 3476 1130 3543 baptismum
1185 3478 1441 3537 rogantes
1493 3467 1714 3536 assequi
1747 3474 1843 3519 :et
1881 3464 2080 3518 deinde
2118 3463 2359 3526 tonderi,

797 3575 853 3618 ct
887 3561 1080 3618 referri
1113 3561 1170 3614 in
1203 3573 1497 3612 numerum
1537 3557 1736 3612 horum
1770 3553 2188 3607 monachorum.
2222 3551 2358 3606 Cum

797 3656 911 3710 sint
964 3661 1146 3706 autem
1187 3653 1440 3722 juvenes,
1498 3658 1554 3703 et
1607 3663 1637 3703 a
1694 3662 1753 3700 se
1808 3644 2361 3722 invicengpendeant

798 3741 1224 3802 admirabiliter,
1281 3739 1386 3792 hoc
1427 3746 1622 3807 petunt
1677 3743 1879 3805 praeter
1925 3743 2143 3797 caetera,
2199 3743 2257 3786 ut
2302 3746 2360 3787 se

801 3833 1032 3888 invicem
1074 3831 1221 3884 nulla
1273 3831 1326 3882 in
1377 3844 1435 3883 re
1475 3829 1885 3898 disiungantur,
1924 3840 2030 3878 non
2083 3825 2139 3878 in
2171 3840 2359 3893 opere,

803 3938 910 3975 non
939 3921 995 3976 in
1028 3919 1385 3983 habitatione,
1414 3932 1592 3986 neque
1630 3917 1687 3971 in
1721 3917 1904 3984 aliqua
1937 3915 2041 3969 alia
2074 3929 2364 3969 conversa-

803 4011 951 4064 tione
983 4024 997 4061 :
1030 4008 1125 4062 sed
1153 4007 1325 4060 dividi
1353 4021 1462 4061 non
1486 4005 1718 4075 possint,
1745 4004 1838 4072 qui
1869 4003 1950 4056 sic
1976 4011 2103 4057 sunt
2135 4001 2364 4069 conjun-

803 4100 877 4153 cti
906 4099 962 4152 in
983 4097 1187 4151 Christi
1219 4095 1464 4149 nomine.
1492 4093 1616 4148 Haec
1639 4093 1774 4148 mihi
1798 4092 2078 4151 dixerunt,
2107 4088 2364 4157 laerymis

802 4191 1012 4242 vultum
1047 4202 1236 4241 eorum
1279 4184 1590 4254 rigantibus
1616 4191 1692 4246 et,
1735 4193 1798 4237 ut
1833 4179 2019 4235 omnia
2052 4179 2149 4234 tibi
2188 4179 2364 4234 decla-

803 4297 1001 4343 rarem,
1038 4278 1395 4332 vehementer
1421 4275 1705 4345 rogarunt.

873 4383 938 4436 Χ.
981 4381 1118 4434 Cum
1171 4395 1238 4434 ex
1299 4379 1386 4432 his
1449 4378 1779 4447 coniecisset
1847 4375 2120 4430 somnium
2170 4374 2365 4428 beatus

801 4478 1066 4539 Helenus,
1094 4483 1149 4528 et
1181 4482 1239 4526 ut
1267 4471 1582 4540 oportebat,
1617 4485 1715 4538 pro
1745 4469 2006 4526 omnibus
2030 4466 2140 4519 Deo
2163 4465 2363 4535 egisset

2461 2006 2553 2059 τὸν
2606 2006 2662 2058 δὲ
2695 2009 2761 2077 τῇ
2812 2008 2999 2077 ἀπάτῃ
3031 2006 3144 2058 τῶν
3201 2005 3510 2077 ἀνθρώπων
3562 2007 4046 2076 περιαλγήσαντα,

2462 2098 2628 2167 φάναι
2660 2097 2797 2168 πρὸς
2823 2099 2920 2167 τὴν
2949 2099 3081 2168 παρ’
3111 2098 3300 2160 αὐτοῖς
3326 2099 3486 2153 θεάν
3510 2095 3665 2161 Εἶτα,
3691 2100 3756 2152 σὺ
3785 2100 3841 2153 δὲ
3869 2101 4050 2173 ἀνέχῃ

2463 2191 2670 2258 κτίσμα
2723 2187 2858 2245 οὖσα
2911 2190 3049 2244 Θεοῦ
3089 2192 3181 2244 καὶ⁵
3215 2192 3346 2261 ήμῖν
3375 2192 3664 2262 ὁμόδουλος
3698 2192 3792 2245 ὑπ’
3852 2186 4049 2246 αὐτῶν

2461 2283 2888 2350 προσκυνεῖσθαι
2918 2284 3014 2335 καὶ
3041 2283 3129 2335 [sa
3160 2283 3279 2352 Θεῷ
3307 2284 3626 2352 νομίζεσθαι
3652 2300 3668 2348 ;
3693 2284 3865 2337 Τοῦτο
3892 2286 4049 2337 ὲκεί-

2460 2393 2560 2444 νην
2605 2375 2921 2429 ἀκούσασαν
2950 2375 3114 2439 εὐθὺς
3163 2375 3243 2428 ῖτι
3274 2375 3695 2448 βασταζομένην
3725 2378 4050 2447 ἀποστῆναι

2465 2468 2565 2536 μὲν
2597 2466 2707 2520 τῶν
2738 2467 2970 2539 ἀνδρῶν,
2994 2468 3309 2522 ἀκολουθεῖν
3329 2469 3383 2521 δὲ
3403 2469 3552 2538 αὐτῷ
3574 2472 3830 2535 τοιαύτας
3851 2473 4051 2540 ἀφιεῖ-

2462 2576 2564 2614 σαν
2595 2563 2800 2629 φωνάς’
2845 2561 2984 2614 Ἀλλ’
3017 2562 3196 2630 ἔγωγε
3226 2562 3479 2630 οὐδαμῶς
3518 2565 3912 2634 ἀποστήσομαί
3938 2581 4049 2617 σου

2459 2653 2564 2715 ἕως
2596 2653 2663 2705 ἂν
2697 2652 2776 2722 τῷ
2831 2653 3025 2724 κτίστῃ
3085 2670 3152 2724 με
3203 2656 3591 2724 προσαγάγῃς.
3640 2656 3827 2709 Ταῦτα
3881 2656 3990 2726 μὲν
4021 2659 4052 2709 ὀ

2463 2747 2682 2809 Ἕλενος
2711 2745 2857 2817 ἑώρα
2882 2745 3026 2798 κατὰ
3051 2746 3178 2809 τοὺς
3205 2747 3428 2810 ὕπνους.
3480 2749 3797 2817 Διεγερθεὶς
3830 2749 3890 2801 δὲ
3923 2749 4053 2818 διη-

2460 2827 2618 2908 πὸρέι
2648 2837 2769 2890 καθ’
2804 2838 2998 2891 ἑαυτὸν
3023 2839 3104 2901 είς
3130 2839 3183 2890 τί
3208 2837 3276 2891 ἂν
3329 2840 3426 2891 καὶ
3459 2839 3697 2907 ἀποϐαίη
3721 2839 3782 2891 τὸ
3810 2840 4051 2909 ὁραθέν.

2460 2930 2565 2983 Καὶ
2615 2930 2814 2983 αὐτίκα
2872 2929 3120 3000 παρέστη
3159 2932 3188 2983 δ
3241 2929 3570 3001 Εὑτρόπιος,
3604 2931 3663 2993 δς
3691 2931 3804 3003 ἄρα
3830 2934 3925 2984 καὶ
3961 2933 4050 2995 ὡς

2458 3023 2588 3089 περὶ
2638 3020 2826 3090 ἀνδρὸς
2888 3023 2989 3088 τῆς
3046 3021 3316 3088 Εὑγενίας
3365 3019 3653 3086 διεξελθὼν
3701 3024 3794 3076 τὸν
3832 3023 4050 3092 Δλόγον,

2463 3111 2712 3181 ’Δνδρες,
2753 3111 2856 3181 ἔφη
2894 3111 3030 3180 πρὸς
3086 3112 3177 3164 τὸν
3231 3112 3554 3179 ιπίσκοπον,
3590 3117 3759 3184 τρεῖς,
3808 3117 4050 3184 ἀδελφοὶ

2460 3201 2557 3265 τὰς
2587 3203 2787 3271 ψυχὰς,
2819 3204 3040 3271 ἀδελφοὶ
3080 3204 3145 3257 τὰ
3174 3205 3426 3274 σώματα,
3453 3207 3771 3275 ὀμοφρόνως
3807 3209 3934 3276 ἄρτι
3969 3210 4050 3260 τὰ

2473 3294 2740 3362 Ἑλλήνων
2783 3293 3198 3365 ὲξομοσάμενοι,
3253 3297 3357 3351 ἀνὰ
3389 3299 3490 3368 τὴν
3536 3301 3634 3368 σὴν
3688 3299 4045 3369 διατρίϐουσι

2461 3383 2701 3452 ποίμνην
2731 3384 2954 3453 Χριστῷ
3009 3384 3402 3454 προσελθόντες
3423 3386 3519 3439 τοῦ
3561 3404 3622 3440 τε
3653 3387 3797 3440 θείου
3827 3386 4046 3458 βαπτί-

2462 3491 2667 3544 σματος
2694 3477 2971 3541 ἀξιοῦντες
2998 3479 3205 3547 τυχεῖν,
3247 3473 3366 3532 εἷτα
3403 3479 3694 3549 κείρασθαι
3724 3483 3823 3544 τὰς
3852 3483 4047 3550 κόμας

2462 3570 2556 3620 καὶ
2576 3571 2690 3630 τοῖς
2712 3563 2814 3621 ὧδε
2848 3572 3105 3639 μοναχοῖς
3135 3570 3479 3641 ὲγκριθῆναι.
3512 3571 3640 3624 Νέοι
3667 3573 3723 3626 δὲ
3751 3573 3909 3637 bne;
3938 3578 4046 3629 aut

2461 3661 2705 3728 ἀλλήλων
2737 3662 3033 3731 ὑπερφυῶς
3068 3664 3370 3734 ἠρτημένοι
3405 3665 3502 3718 καὶ
3532 3665 3691 3719 τοῦτο
3730 3667 3870 3735 πρὸς
3919 3672 4045 3732 τοῖς

2460 3752 2642 3813 ἄλλοις
2693 3751 2972 3805 αίτοῦνται
3005 3753 3141 3823 μηδὲ
3182 3754 3311 3823 μίαν
3343 3755 3526 3808 αὐτῶν
3553 3757 3617 3808 ἓν
3653 3759 3843 3826 μηδενὶ
3873 3763 4042 3827 γενέ-

2464 3837 2591 3891 σθαι
2625 3839 2932 3906 διάστασιν,
2973 3843 3048 3912 μὴ
3099 3835 3238 3896 κατὰ
3298 3844 3398 3915 τὴν
3432 3846 3717 3914 ἐργασίαν,
3777 3851 3852 3916 μὴ
3886 3851 4044 3902 κατὰ

2462 3934 2560 4001 τὴν
2591 3935 2829 4000 οἴκησιν,
2863 3935 3001 4002 μήτε
3033 3936 3139 4005 μὴν
3162 3935 3291 4004 περί
3319 3953 3441 3990 τινα
3467 3938 3638 4007 ἄλλην
3659 3941 4042 4010 ἀναστροφὴν,

2462 4023 2579 4077 ἀλλ’
2612 4023 2785 4086 οὕτως
2833 4025 3172 4095 ἀδιαιρέτους
3219 4021 3360 4080 εἶναι
3395 4027 3637 4098 Χριστοῦ
3676 4030 3751 4098 τῷ
3801 4031 4044 4100 ὀνόματι

2465 4117 2864 4187 συνημμένους.
2908 4115 3095 4170 Ταῦτα
3155 4119 3293 4188 πρός
3345 4136 3412 4188 με
3475 4121 3733 4190 εἰρήκασι
3780 4122 4045 4192 δακρύων

2462 4209 2643 4262 αὐτῶν
2685 4211 2798 4271 τοῖς
2851 4210 3166 4278 προσώποις
3224 4213 3634 4282 ὑπορῤεὸντων,
3686 4216 3782 4266 καὶ
3851 4215 4042 4270 πάντα

2464 4297 2604 4367 πρὸς
2635 4297 2694 4348 σε
2716 4297 3053 4366 διασαφῆσαι
3076 4295 3296 4367 θερμῶς
3329 4299 3594 4368 ήξίωσαν.

2535 4387 2591 4440 1’.
2624 4387 2765 4456 Πρὸς
2818 4388 2994 4439 ταῦτα
3045 4387 3138 4439 τὸν
3171 4388 3381 4458 θνειρον
3432 4391 3461 4443 δ
3496 4391 3767 4460 μακάριος
3807 4393 4044 4462 Ἕλενος

2468 4477 2761 4546 συμϐαλὼν
2795 4479 2886 4530 καὶ
2940 4479 3078 4549 ὅπερ
3130 4477 3237 4531 ἔδει
3272 4481 3432 4549 χάριν
3486 4480 3605 4552 Θεῷ
3636 4484 3777 4554 ὑπὲρ
3809 4486 4045 4542 πάντων

801 4572 1026 4642 gratias,
1051 4569 1206 4638 jubet
1247 4581 1344 4621 eos
1388 4575 1502 4618 tres
1544 4564 1709 4618 simul
1754 4564 1806 4617 ei
1843 4563 1963 4616 sisti
2014 4563 2070 4616 in
2116 4574 2358 4628 conspe-
2392 4584 2428 4641 ῃ

2464 4571 2826 4641 ὁμολογήσας,
2857 4569 2950 4622 ὑπ’
2978 4569 3098 4638 ὄψιν
3124 4570 3273 4640 αὐτῷ
3301 4573 3428 4635 τοὺς
3449 4575 3596 4643 τρεῖς
3619 4574 3732 4641 ἅμα
3765 4577 3903 4644 πρὸς
3927 4581 4042 4633 αὖ-

803 4675 975 4720 etum.
1003 4661 1299 4728 Postquam
1340 4665 1522 4709 autem
1560 4653 1940 4716 accessissent,
1966 4651 2148 4705 statim
2170 4654 2361 4704 dextra

804 4752 1223 4825 apprehendens
1250 4748 1570 4818 Eugeniam,
1587 4753 1643 4800 et
1664 4760 1783 4799 eam
1814 4745 2098 4813 alloquens
2112 4742 2360 4806 hilarius,

805 4845 1021 4915 placido
1041 4852 1096 4896 et
1115 4841 1238 4896 laeto
1265 4839 1419 4892 vultu
1443 4835 1654 4906 rogavit
1688 4850 1879 4889 eorum
1907 4835 2150 4896 nomina,
2192 4845 2365 4903 genus

806 4949 862 4991 ct
923 4935 1174 5006 patriam.
1225 4931 1317 4986 Illa
1373 4944 1507 4984 vero
1569 4928 1923 4991 verecunde,
1971 4936 2026 4981 et
2074 4942 2196 4980 cum
2255 4941 2365 4988 eo,

806 5032 900 5101 qui
949 5029 1216 5098 virginem
1264 5024 1499 5078 maxime
1538 5021 1719 5086 decet,
1765 5021 1986 5085 rubore,
2035 5019 2203 5072 Nobis
2244 5017 2370 5086 qui.

809 5125 954 5187 dem,
989 5121 1188 5189 inquit,
1214 5133 1248 5172 o
1279 5116 1527 5170 divinum
1555 5123 1742 5183 caput,
1784 5113 1955 5181 patria
1992 5121 2048 5165 et
2078 5125 2251 5180 genus
2282 5119 2367 5162 est

809 5215 1047 5285 gloriosa
1104 5209 1304 5275 Roma;
1374 5208 1576 5262 fratres
1626 5217 1812 5259 autem
1869 5219 2057 5258 sumus
2108 5203 2364 5256 invicem.

809 5307 1019 5364 Nomen
1067 5315 1197 5355 vero
1247 5299 1423 5368 primo
1461 5297 1682 5366 quidem
1726 5305 1813 5349 est
1851 5293 2076 5356 Protas;
2122 5291 2368 5346 secundo

810 5404 1017 5458 autem,
1042 5389 1422 5460 Hyacinthus;
1452 5387 1585 5439 mihi
1621 5400 1770 5449 vero,
1798 5383 2091 5452 Eugenius.
2119 5383 2366 5436 Jucunde

811 5496 996 5542 autem
1043 5495 1162 5533 eam
1221 5480 1446 5533 intuens
1494 5477 1692 5529 beatus
1740 5475 1978 5529 Helenus
2019 5474 2258 5527 :Merito
2319 5483 2368 5526 te

812 5575 1141 5646 Eugenium.
1175 5573 1378 5641 inquit,
1409 5584 1597 5632 vocas,
1617 5583 1649 5621 ο
1678 5569 1938 5637 Eugenia,
1969 5577 2029 5621 ut
2055 5581 2254 5621 nomen
2275 5558 2369 5619 tuo

812 5669 1133 5740 respondeat
1173 5664 1413 5736 spiritui,
1457 5678 1582 5716 cum
1619 5662 1833 5715 virilem
1875 5661 2077 5716 habeas
2108 5663 2368 5727 animam,

811 5777 864 5819 et
900 5764 1055 5818 valde
1099 5771 1152 5815 te
1204 5757 1501 5812 masculum
1549 5755 1808 5810 ostendas
1840 5754 1893 5806 in
1928 5754 2187 5807 omnibus
2223 5772 2236 5806 :
2274 5757 2368 5809 sed

811 5858 1098 5929 proposito
1141 5851 1320 5907 adhuc
1374 5852 1560 5904 vincas
1607 5859 1882 5912 naturam,
1938 5858 1991 5902 et
2044 5848 2097 5901 in
2148 5848 2369 5904 Christo

2465 4663 2555 4715 τὸν
2590 4661 2781 4729 στῆναι
2825 4660 3056 4714 κελεύει.
3105 4662 3194 4726 Ὠς
3235 4663 3291 4716 δὶ
3317 4665 3693 4736 παρέστησαν,
3731 4668 4043 4739 λαϐόμενος

2467 4753 2732 4822 Εὑγενίας
2762 4753 2924 4815 εὐθὺς
2946 4755 3010 4805 ὲκ
3039 4753 3136 4822 τῆς
3161 4753 3360 4819 δεξιᾶς,
3396 4757 3488 4808 καὶ
3532 4755 3861 4828 ίλαρώτατος
3889 4763 4039 4834 αὐτῇ

2467 4847 2703 4917 ἐντυχὼν
2747 4846 2866 4918 seu
2914 4863 2974 4899 τε
3013 4848 3324 4918 εὐπροσίτῳ
3362 4849 3458 4902 καὶ
3511 4850 3788 4922 προσώπῳ
3815 4854 4043 4927 φαιδρῷ

2468 4939 2708 5009 ὀνόματα
2734 4938 2937 4991 τούτων
2971 4941 3065 4992 καὶ
3105 4941 3261 5007 γένος
3293 4942 3387 4994 καὶ
3447 4943 3686 5011 πατρίδα
3734 4944 4044 5000 διεπυνθά-

2469 5019 2608 5083 νετο.
2647 5029 2710 5082 'H
2741 5028 2976 5096 δὲεμετά
3001 5029 3100 5098 τῆς
3129 5029 3289 5098 φίλης
3322 5029 3506 5092 αίδοῦς
3538 5031 3630 5084 καὶ
3649 5033 3743 5084 τοῦ
3771 5035 4039 5107 παρθένῳ

2474 5122 2709 5190 μάλιστα
2734 5121 3105 5189 προσήκοντος
3137 5121 3502 5189 ἐρυθήματος,
3528 5121 3730 5192 Πατρὶς
3750 5124 3849 5191 μὲν
3876 5127 4039 5194 ἡμῖν,

2471 5212 2596 5280 ἔφη,
2630 5205 2676 5264 ὦ
2708 5211 2825 5262 θεία
2862 5227 2952 5280 μοι
3002 5209 3235 5279 κεφαλή,
3270 5211 3366 5262 καὶ
3401 5212 3556 5278 γένος
3580 5216 3612 5281 ή
3666 5214 4041 5282 μεγαλόδοξος

2483 5303 2691 5372 Ῥώμη,
2715 5301 2932 5367 ἀδελφοὶ
2969 5300 3215 5369 ἀλλήλων
3245 5301 3428 5368 ἡμεῖς,
3453 5303 3687 5370 ὀνόματα
3731 5304 3786 5359 δὲ
3820 5305 3900 5375 τῷ
3934 5310 4040 5373 μὲν

2474 5393 2679 5462 πρώτῳ
2707 5392 2957 5460 Πρωτᾶς,
2990 5391 3070 5460 τῷ
3097 5391 3152 5443 δὲ
3182 5394 3319 5462 μετὰ
3349 5394 3538 5446 τοῦτον
3573 5395 3879 5459 Ὑάκινθος,
3914 5401 4046 5467 ἐμοὶ

2472 5485 2527 5536 δὲ
2562 5485 2838 5552 Εὑγένιος.
2884 5485 3013 5538 Ἡδὺ
3040 5485 3094 5539 δὲ
3122 5485 3261 5553 αὐτῇ
3299 5486 3644 5555 προσωέψας
3680 5491 3707 5539 ὀ
3763 5491 4045 5558 μακάριος

2474 5578 2716 5640 Ἕλενος,
2747 5577 3016 5644 Εὑλόγως,
3051 5579 3175 5646 ἔφη,
3208 5577 3480 5645 ,Εὐγένιον
3508 5581 3758 5650 σεαυτὴν,
3789 5576 3836 5634 ὦ
3865 5584 4046 5650 Εὖγε-

2474 5670 2581 5731 νία,
2614 5668 2961 5737 μετακαλεῖς,
3017 5669 3105 5720 ἵνα
3134 5669 3198 5736 δή
3235 5685 3317 5721 σοι
3376 5671 3471 5722 καὶ
3505 5671 3567 5722 τὸ
3595 5671 3765 5740 ὄνομα
3815 5674 3956 5744 πρὸς
3983 5678 4046 5729 τὺ

2477 5755 2790 5829 φρόνημα
2819 5758 3071 5826 ἀνδρείαν
3105 5775 3164 5811 τε
3210 5758 3389 5828 ψυχὴν
3431 5762 3629 5830 ἐχούσῃ
3684 5764 3779 5814 καὶ
3813 5764 3953 5816 πολὺ
3988 5770 4049 5817 τὸ

2477 5852 2795 5920 ἀρρενωπὸν
2823 5851 2878 5904 ὲν
2910 5850 3113 5903 ἅπασιν
3139 5853 3578 5924 ἐπιδεικνυςςένῃ.
3651 5856 3811 5908 Ἀλλὰ
3839 5860 3977 5928 νικῲ
4001 5880 4045 5927 λις
