4252 6440
280 397 385 458 621

1414 398 1885 461 MARTYRIUM
1924 401 1984 462 S.
2032 402 2418 464 EUGENI/E.

3413 419 3522 486 622

279 510 381 561 καὶ
409 508 488 562 ἐτι
516 510 579 578 τῇ
604 510 864 581 προθέσει
895 510 997 581 τὴν
1025 510 1189 580 φύσιν
1237 510 1333 564 καὶ
1380 511 1769 593 κατισχύσειας
1798 512 1855 565 ἐν
1881 512 1932 572 Α

1839 512 2304 572 vAconﬁrmeris
2354 525 2412 571 ct
2462 518 2765 576 invalescas
2798 539 2812 576 :
2845 533 3070 593 propter
3117 540 3284 596 quem
3337 546 3518 599 nunc,

277 600 528 671 Χριστῷ,
556 601 626 653 δι’
673 600 732 653 δν
767 600 863 655 καὶ
892 600 987 681 νύν
1018 601 1088 655 τά
1136 600 1246 655 τῶν
1294 601 1512 671 ἀνδρῶν
1553 603 1846 673 ὑποκρίνῃ,

275 689 419 758 γυνὴ
464 687 599 744 οὖσα
645 691 739 742 καὶ¹
796 690 1182 760 μεταλαϐοῦσα
1233 692 1328 746 διὰ
1370 692 1462 746 τὸν
1509 693 1648 759 πρὸς
1686 692 1848 744 αὐτὸν

274 778 458 849 [parta
486 783 579 833 καὶ
628 782 812 851 σχῆμα
840 783 936 835 καὶ
965 782 1158 849 ὄνομα.
1213 783 1323 835 Καὶ
1354 781 1529 835 ταῦτα
1556 780 1618 833 οὐ
1644 780 1847 850 θριαμ-
1879 787 1887 792 ’

273 868 460 921 δεύειν
486 869 556 922 τά
582 869 651 923 σὰ
682 871 1008 939 βουλόμενος
1035 872 1065 924 ό
1092 871 1226 935 Θεὸς
1277 873 1403 941 ἐμοὶ
1445 870 1841 943 διευκρίνησεν,

269 959 391 1013 ἀλλ’
414 960 497 1011 ίνα
522 956 665 1029 γνῷς
690 961 789 1013 ὅσα
819 960 969 1030 μέλει
989 961 1067 1030 τῷ
1089 961 1209 1035 Θεῷ
1262 978 1378 1025 σου,
1413 961 1579 1032 μηδὲν
1601 962 1845 1031 ἀποκρύ-

266 1052 381 1120 ψας
404 1052 513 1103 τῶν
540 1052 648 1104 σῶν
670 1052 872 1117 ἐδειξεν
922 1054 1073 1116 ὅστις
1110 1069 1171 1106 τε
1200 1051 1319 1122 εἴης
1352 1054 1448 1105 καὶ
1498 1054 1643 1115 ὅπως
1664 1053 1839 1122 ἥκεις,

268 1145 367 1195 καὶ
416 1143 561 1205 τίνες
590 1143 639 1196 οί
673 1144 800 1214 περὶ
849 1144 909 1198 σέ
943 1143 1037 1196 καὶ
1062 1144 1183 1207 οἵας
1212 1144 1381 1215 -δόξης
1411 1147 1470 1197 ἐν
1513 1145 1591 1214 τῷ
1622 1145 1721 1215 βίῳ
1749 1147 1842 1197 καὶ

265 1232 463 1299 γένους
497 1234 709 1304 ἔτυχες.
729 1234 970 1290 Σπεῦσον
998 1230 1112 1301 οὖν,
1139 1237 1394 1305 Εὐγενία,
1431 1239 1506 1307 μὴ
1534 1237 1754 1315 ἔλαττον
1781 1238 1841 1291 τὸ

264 1323 372 1392 τῆς
395 1324 576 1396 ψυχῆς
604 1326 823 1394 εὐγενὲς
868 1327 901 1397 ἢ
934 1328 996 1381 τὸ
1019 1328 1117 1381 τοῦ
1167 1328 1420 1397 σώματος
1445 1329 1838 1393 ἐπιδείξασθαι.

261 1413 379 1466 Καὶ
401 1417 508 1484 γάρ
536 1416 599 1485 δή
626 1433 718 1485 μοι
747 1418 839 1470 καὶ
859 1416 1016 1470 τοῦτο
1037 1418 1147 1471 τῶν
1172 1418 1347 1471 ἄλλων
1363 1420 1459 1489 οὐχ
1482 1416 1646 1490 ἧττον
1666 1420 1834 1487 ἐγνώ-

263 1522 421 1574 ρισεν
457 1507 487 1557 ό
518 1506 673 1574 Θεὸς,
706 1508 857 1588 ὅπως
877 1508 1029 1580 αύτῷ
1062 1510 1302 1578 καθαρὸν
1341 1509 1548 1579 δοχείον
1606 1511 1839 1579 σεαυτὴν

262 1596 681 1667 προητοίμασας
735 1600 840 1668 τὴν
888 1600 987 1669 μὶν
1019 1601 1318 1670 παρθενίαν
1352 1601 1599 1667 ἄσπιλον,
1649 1603 1749 1674 τὴν
1776 1602 1837 1655 δέ

259 1687 496 1757 καρδίαν
556 1689 788 1758 ἄμωμον
841 1691 1112 1761 τηροῦσα,
1171 1693 1263 1747 καὶ
1320 1693 1419 1762 τὴν
1457 1694 1556 1763 μὲν
1586 1694 1682 1746 τοῦ
1717 1694 1834 1763 βίου

254 1777 421 1841 δόξαν
466 1779 683 1844 ἀδοξίαν
738 1782 1060 1850 νομίζουσα,
1108 1784 1199 1836 τὸν
1244 1784 1302 1837 δὲ
1339 1784 1567 1837 πλοῦτον
1616 1785 1830 1849 πενίαν,

1952 618 2077 659 cum
2121 609 2198 661 sis
2246 610 2471 676 mulier,
2526 620 2581 666 te
2608 614 2789 667 virum
2835 630 2957 671 esse
2996 618 3244 685 simulas,
3292 635 3521 690 prapter

1948 697 2069 766 ejus
2097 714 2338 754 amorem
2380 709 2596 758 mutato
2642 714 2699 758 et
2740 706 2935 762 habitu
2994 717 3051 765 et
3100 714 3343 770 nomine.
3393 716 3521 772 llaec

1947 798 2133 843 autem
2152 789 2299 854 dico,
2327 807 2437 846 non
2466 794 2567 848 tibi
2589 809 2780 849 sexum
2798 801 3143 865 exprobrans
3162 803 3514 867 femininum.

1945 893 2049 934 nec
2088 890 2142 933 te
2188 881 2384 935 volens
2416 884 2732 948 traducere,
2764 887 2861 941 sed
2906 897 2963 943 ut
2995 892 3158 958 scias,
3188 906 3409 963 quanta:
3441 900 3517 953 sis

1945 968 2057 1023 Deo
2087 986 2234 1026 cura:
2262 988 2275 1024 :
2308 980 2367 1025 et
2405 976 2871 1041 quemadmodum
2899 981 3031 1035 mihi
3061 982 3175 1038 hate
3206 987 3415 1051 omnia,
3446 989 3514 1042 de

1945 1069 1997 1115 te
2026 1062 2161 1117 nihil
2196 1063 2408 1128 celans,
2444 1067 2773 1132 ostenderit,
2815 1072 3070 1137 quisnam
3108 1074 3207 1135 sis,
3238 1083 3294 1130 et
3320 1091 3515 1144 quem-

1943 1152 2240 1209 admodum
2286 1158 2506 1213 veneris
2554 1176 2567 1213 :
2616 1169 2671 1213 et
2722 1164 2946 1229 quinam
3004 1166 3113 1219 sint
3171 1166 3209 1219 ii
3243 1169 3337 1234 qui
3382 1178 3513 1223 sunt

1942 1252 2147 1307 tecum.
2175 1254 2232 1301 et
2269 1262 2519 1316 quaenam
2552 1249 2649 1303 tibi
2687 1250 2741 1304 in
2767 1251 2869 1306 hac
2899 1256 3009 1307 vita
3038 1255 3213 1325 gloria
3248 1257 3511 1329 obtigerit

1939 1344 1995 1389 et
2016 1353 2211 1407 genus.
2265 1340 2437 1396 Stude
2483 1358 2637 1413 ergo,
2680 1360 2715 1398 ο
2762 1346 3029 1417 Eugenia.
3077 1365 3185 1404 non
3226 1352 3413 1407 minus
3457 1364 3511 1409 te

1938 1430 2125 1482 animo
2168 1446 2495 1500 generosam
2526 1439 2819 1494 ostendere
2870 1456 3033 1510 quam
3068 1457 3322 1513 corpore.
3371 1447 3508 1501 Nam

1938 1519 2045 1574 hoc
2092 1537 2314 1591 quoque
2359 1538 2471 1579 non
2520 1530 2723 1591 minus,
2771 1546 2933 1598 quam
2990 1532 3116 1597 alia,
3179 1534 3317 1590 mihi
3365 1532 3510 1593 Deus

1936 1613 2284 1682 signiﬁcavit,
2317 1619 2463 1686 quod
2502 1629 2553 1674 te
2591 1620 2642 1674 ei
2674 1638 2871 1691 purum
2896 1628 3224 1693 praepararis
3258 1639 3509 1698 recepta-

1934 1703 2142 1767 culum,
2177 1707 2545 1775 virginitatem
2573 1714 2796 1779 quidem
2825 1730 3163 1770 conservans
3186 1718 3509 1773 immacula-

1935 1800 2070 1854 tam,
2111 1809 2209 1848 cor
2240 1813 2394 1861 vero,
2424 1800 2479 1852 in
2505 1802 2653 1870 quod
2688 1818 2796 1857 non
2832 1807 2980 1860 cadit
3013 1808 3370 1877 reprehensio
3408 1823 3506 1867 :et

257 1869 435 1933 λύπας
471 1870 528 1923 δέ
579 1874 679 1934 τὰς
726 1872 940 1942 ἡδονὰς,
986 1876 1081 1928 καὶ
1126 1877 1281 1929 οὐδὲν
1324 1875 1521 1945 ἔχουσα
1562 1874 1703 1945 μέγα
1724 1876 1831 1968 τὴν
1865 1852 1903 1906 Β

2057 1852 2066 1854 ,
2381 1852 2393 1861 ,
2514 1852 2653 1870 τί--
2688 1852 2796 1857 ---η
2838 1852 2980 1860 --νη
3014 1852 3369 1877 ,Ὕ.-..-...,-υ
3408 1852 3421 1863 .
3450 1852 3504 1867 ν.

1825 1852 1903 1921 ’Β
1936 1883 2103 1940 huius
2152 1889 2343 1943 mundi
2385 1891 2608 1957 quidem
2658 1894 2889 1963 gloriam
2948 1909 3213 1967 reputans
3269 1901 3504 1968 ignomiv

258 1960 415 2027 παρά
438 1959 748 2031 ἀνθρώποις
786 1964 1085 2031 εὐγένειαν,
1115 1966 1333 2034 ἐκείνης
1362 1964 1418 2016 δὲ
1453 1966 1623 2035 μόνης
1647 1965 1831 2036 ἐρῶσα

253 2047 325 2122 ἧς
354 2053 622 2107 ἐκπτωτοι
649 2054 738 2107 διὰ
769 2055 860 2109 τὸν
888 2054 1130 2125 πρῶτον,
1156 2058 1249 2110 καὶ
1274 2057 1603 2128 κληρονόμοι
1630 2057 1716 2110 διὰ
1736 2058 1830 2110 τὸν

254 2142 513 2214 δεύτερον
568 2146 740 2215 Ἀδὰμ
802 2148 1129 2217 γεγόναμεν.
1186 2149 1296 2203 Καὶ
1338 2149 1515 2202 ταῦτα
1565 2149 1663 2218 μὲν
1694 2150 1830 2219 πρὸς

254 2233 525 2304 Εὑγενίαν
554 2236 582 2289 6
614 2235 857 2301 Ἕλενος.

326 2516 431 2573 lA'.
478 2518 624 2588 Πρὸς
652 2517 709 2571 δέ
738 2517 829 2571 τὸν
870 2519 1101 2589 Πρωτὼ
1136 2519 1235 2573 καὶ
1277 2519 1587 2586 Ὑάκινθον,
1632 2521 1825 2591 Ὑμεῖς

250 2611 333 2675 δέ,
362 2611 550 2681 φησιν,
578 2611 701 2663 οὐδὲ
736 2611 864 2679 γάρ,
915 2610 1035 2663 οὐδὲ
1062 2612 1131 2663 τὰ
1161 2611 1319 2679 ὑμῶν
1353 2611 1615 2682 εὑδόκησε
1639 2610 1825 2667 λαθεῖν

249 2704 279 2753 ό
306 2702 561 2771 Χριστὸς,
590 2702 645 2753 οί
668 2718 731 2769 γε
758 2703 857 2771 τὴν
882 2701 982 2770 μιν
1015 2702 1185 2771 τύχην
1209 2701 1410 2767 δοῦλοι,
1452 2703 1553 2773 τὴν
1584 2702 1641 2755 δέ
1679 2703 1821 2773 γνῶ-

253 2811 363 2863 μην
421 2793 697 2864 ἐλεύθεροι
731 2794 1024 2862 τυγχάνετε
1068 2794 1242 2857 ὄντες,
1290 2796 1387 2848 καὶ
1431 2795 1492 2847 τὸ
1520 2796 1618 2866 τῆς
1640 2796 1823 2866 ψυχῆς

248 2890 545 2942 ἀδέσποτον
575 2887 870 2957 σεμνύνετε
890 2888 1103 2959 ἀξίωμα
1127 2888 1513 2960 διατηροῦντες
1529 2892 1597 2957 τῇ
1627 2892 1819 2962 ἀρετῇ,

249 2981 389 3049 πρὸς
410 2980 502 3043 οὓς
519 2982 614 3033 καὶ
629 2981 925 3049 ὀΧριστὸς,
958 2999 977 3031 ι
1010 2979 1207 3034 Οὐκέτι
1236 2981 1381 3050 ὑμᾶς
1406 2980 1556 3033 καλῶ
1579 2980 1819 3044 δούλους,

247 3073 387 3126 ἀλλά
404 3067 612 3141 φίλους,
628 3090 646 3123 s
667 3073 834 3141 φησί’
860 3073 1122 3141 μακάριοι
1145 3072 1242 3140 τῆς
1263 3071 1593 3143 ἐλευθερίας,
1621 3074 1821 3141 μᾶλλον

244 3164 305 3217 δέ
339 3164 434 3232 τῆς
477 3165 613 3231 πρὸς
665 3164 901 3233 Χριστὸν
938 3163 1120 3232 φιλίας
1153 3164 1247 3216 καὶ⁵
1297 3164 1644 3228 οίκειώσεως·
1681 3167 1812 3218 διότι
1842 3194 1888 3249 α

242 3252 339 3305 τὸν
373 3253 585 3306 ἐκείνου
610 3251 773 3321 ζυγὸν
808 3252 1061 3306 ὑπελθεϊν
1093 3253 1338 3324 ἑλόμενοι
1362 3254 1421 3304 ἐν
1461 3255 1560 3323 μιᾷ
1582 3257 1647 3322 τῇ
1677 3255 1811 3323 πρδς

241 3342 515 3413 ἀλλήλους
548 3343 825 3413 συμπνοίᾳ
855 3344 1007 3396 οὐδὲν
1032 3344 1283 3413 ἐμποδὼν
1315 3344 1437 3397 ούδέ
1458 3347 1524 3415 τῇ
1564 3346 1811 3414 μακαρία

240 3438 419 3507 ταύτῃ
454 3437 547 3489 τοῦ
581 3435 786 3503 ἀγαθοῦ
845 3436 1146 3506 κατέστητε
1198 3437 1620 3506 ἐγχειρήματος,
1676 3435 1813 3488 ἀλλὰ

238 3530 337 3582 νῦν
361 3545 421 3581 τε
447 3530 583 3597 αὖτῇ
606 3526 905 3597 προθύμως
928 3526 1305 3598 συμπάρεστε,
1332 3528 1423 3579 καὶ
1456 3526 1695 3598 ἀπιούσῃ
1715 3523 1810 3579 τοῦ

241 3622 363 3690 βίου
392 3620 555 3671 κάκεῖ
581 3618 1022 3687 συμπαρέσεσθε,
1078 3620 1170 3671 καὶ
1212 3617 1321 3670 τῶν
1358 3619 1489 3669 ίσων
1517 3617 1654 3686 αὐτῇ
1692 3633 1811 3669 στε-

239 3712 430 3780 φάνων
491 3711 585 3763 καὶ⁸
632 3710 809 3779 γερῶν
839 3710 1115 3775 τεύξεσθε.
1174 3708 1363 3762 Ταῦτα
1393 3708 1618 3777 μηδενὸς
1646 3708 1806 3760 ἄλλου

238 3805 513 3871 παρόντος
558 3804 585 3855 ὁ
619 3803 917 3864 ἐπίσκοπος
979 3800 1216 3871 εἰρηκὼς
1259 3800 1358 3871 τὴν
1409 3800 1505 3870 μὲν
1544 3799 1807 3867 Εὖγε-θίαν

236 3895 436 3960 ἀφίησι
459 3895 537 3963 τῷ
561 3893 801 3962 ἀνδρικῷ
824 3894 1066 3963 σχήματι
1089 3891 1442 3961 προσμένειν,
1459 3888 1633 3942 οὐδενὶ
1652 3888 1808 3940 τοῦτο

233 3986 485 4056 γνωσθὲν
530 3984 653 4037 οὔτε
709 3984 924 4056 πρῶτον
950 3982 1075 4037 οὗτε
1130 3983 1234 4053 μὴν
1266 3982 1405 4052 μετά
1436 3980 1534 4050 τὴν
1565 3980 1659 4032 τοῦ
1686 3981 1807 4031 ἐπι-

237 4081 445 4131 σκόπου
497 4076 754 4140 διάλεξιν.
809 4075 970 4137 Ἥτις
1006 4073 1223 4142 σύναμα
1258 4074 1352 4127 καὶ
1383 4074 1495 4134 τοῖς
1528 4070 1807 4140 εὐνούχοις

232 4170 297 4223 ού
329 4169 595 4237 πρότερον
643 4165 807 4220 αὐτὸν
869 4165 1073 4233 ἀνῆκεν
1131 4164 1234 4226 ἕως
1266 4163 1477 4215 ἐκείνου
1531 4162 1689 4231 χερσὶ
1709 4162 1803 4215 τοῦ

234 4262 384 4314 θείου
415 4258 844 4322 καταξιωθέντες
862 4256 1237 4326 βαπτίσματος
1258 4255 1317 4306 τδ
1350 4254 1538 4323 σχῆμά
1564 4271 1623 4306 τε
1648 4254 1805 4324 ἢμει-

231 4353 343 4420 ψαν
368 4352 461 4403 καὶ
492 4352 557 4420 τῇ
585 4350 695 4402 τῶν
751 4348 1003 4418 μοναχῶν
1053 4346 1244 4417 χορείᾳ
1296 4344 1799 4414 συγκατελέγησαν.

231 4441 470 4494 Τοιαῦτα
500 4442 598 4511 μὶν
620 4442 718 4494 ὅσα
736 4440 797 4492 τὸ
826 4439 987 4509 μέχρι
1015 4438 1168 4490 τοῦδε
1196 4438 1283 4490 διὰ
1307 4437 1540 4507 Χριστὸν
1562 4434 1799 4501 Εὑγενία

1933 1976 2104 2043 uiam,
2132 1978 2356 2034 divitias
2376 1992 2559 2036 autem
2587 1995 2969 2053 paupertatem
2998 2005 3011 2043 :
3039 1990 3345 2061 voluptates
3367 2006 3501 2045 vero

1932 2068 2239 2135 molestias,
2268 2082 2327 2125 et
2349 2072 2488 2128 nihil
2524 2077 2700 2145 magni
2730 2093 2795 2130 ac
2828 2078 3077 2147 praeclari
3116 2081 3321 2137 habere
3350 2098 3497 2145 eam.

1930 2173 2055 2227 qua
2078 2170 2163 2214 est
2192 2164 2335 2230 apud
2376 2164 2647 2231 homines,
2686 2168 3088 2225 notabilitatem
3124 2190 3137 2225 :
3171 2173 3324 2228 illam
3365 2190 3499 2229 ve:o

1928 2254 2101 2308 solam
2143 2270 2355 2321 amans,
2398 2274 2427 2310 a
2460 2275 2567 2328 qua
2613 2262 2922 2317 excidimus
2961 2273 3191 2336 prapter
3231 2268 3497 2336 primum,

1926 2349 1984 2396 ct
2012 2342 2265 2399 heredes
2310 2346 2441 2401 facti
2482 2365 2675 2405 sumus
2721 2367 2821 2422 per
2856 2356 3162 2410 secundum
3201 2358 3395 2417 Adam.
3431 2360 3497 2417 Et

1927 2434 2047 2489 hac
2074 2436 2299 2505 quidem
2332 2440 2589 2510 Eugenize
2614 2442 2876 2502 lletenus.

2004 2526 2098 2583 Il.
2140 2529 2318 2585 Prota:
2371 2542 2557 2586 autem
2592 2544 2649 2588 et
2687 2534 2995 2606 Hyacintho
3022 2552 3035 2596 :
3065 2540 3174 2596 Vos
3217 2557 3373 2605 vero,
3409 2543 3497 2596 in.

1924 2623 2049 2694 quit
2079 2624 2283 2693 (neque
2304 2627 2452 2682 enim
2477 2627 2949 2695 placuitChristo,
2978 2642 3041 2685 ut
3065 2648 3165 2688 vos
3186 2635 3485 2705 lateretis).

1923 2715 2021 2785 qui
2042 2714 2264 2769 fortuna
2294 2716 2518 2785 quidem
2541 2721 2709 2783 servi,
2735 2733 2917 2776 mente
2941 2732 3124 2778 autem
3148 2726 3282 2780 estis
3306 2727 3490 2788 liberi.

1922 2812 1979 2859 et
2033 2804 2172 2859 nulli
2229 2806 2458 2859 domino
2518 2808 2824 2877 subjectam
2886 2813 3230 2869 conservatis
3294 2815 3491 2869 animm

1922 2892 2267 2963 dignitatem,
2317 2895 2583 2950 virtutem
2614 2900 2963 2965 extollentes,
2997 2911 3055 2956 et
3094 2905 3490 2973 magnifacien-

1926 2994 2033 3051 tes,
2059 2985 2264 3055 quibus
2293 2986 2549 3044 Christus
2576 3003 2795 3060 quoque
2820 2991 2954 3049 dicit
2989 3011 3002 3048 :
3039 3013 3057 3046 ι
3087 2995 3205 3049 Non
3229 3012 3325 3051 vos
3353 3012 3489 3053 voco

1923 3075 2165 3144 amplius
2222 3092 2453 3145 servos,
2513 3081 2611 3135 sed
2664 3082 2950 3151 amicos';
2982 3103 3000 3136 ι
3057 3086 3205 3142 beati
3260 3100 3489 3159 pr0ptcr

1922 3164 2255 3233 libertatem,
2302 3170 2386 3222 vel
2422 3172 2605 3239 potius
2635 3184 2861 3241 propter
2906 3177 3207 3234 amicitiam
3259 3192 3316 3234 et
3358 3198 3485 3236 cum

1915 3255 2140 3312 Christo
2166 3258 2630 3328 .conjunctionem
2678 3281 2692 3317 :
2730 3267 2876 3334 quod
2932 3282 3058 3322 cum
3105 3270 3254 3325 illius
3290 3273 3482 3343 jugum

1912 3347 2105 3402 subire
2158 3349 2441 3419 elegeritis
2494 3354 2551 3407 in
2623 3372 2733 3411 uno
2781 3357 2928 3413 inter
2972 3375 3070 3414 vos
3098 3377 3369 3419 consensu
3430 3379 3486 3424 ct

1912 3439 2348 3506 conspiratione,
2379 3444 2545 3512 hujus
2571 3445 2745 3500 beata
2773 3458 2958 3522 empto
2986 3452 3199 3507 nullum
3220 3455 3485 3513 attulistis

1914 3527 2398 3598 impedimentum,
2440 3535 2535 3587 sed
2586 3550 2733 3591 nunc
2766 3552 3018 3608 'quoque
3072 3558 3198 3596 cum
3248 3560 3314 3600 ea
3349 3546 3483 3600 estis

1911 3630 2168 3689 prompto
2219 3631 2277 3676 et
2354 3624 2522 3678 alacri
2574 3626 2810 3682 animo:
2852 3639 2910 3683 et
2956 3645 3081 3683 cum
3136 3634 3227 3687 illa
3287 3649 3319 3690 e
3368 3638 3479 3690 vita

1914 3713 2222 3769 excedente
2247 3717 2413 3770 etiam
2450 3718 2566 3772 illic
2590 3720 2753 3774 simul
2784 3723 2964 3785 eritis,
2997 3733 3055 3778 et
3088 3727 3310 3781 easdem
3341 3745 3479 3797 quas

1908 3803 2001 3858 illa
2043 3817 2278 3860 coronas
2326 3816 2383 3861 et
2422 3811 2645 3877 praemia
2681 3816 3120 3882 cousequemini.
3172 3816 3299 3872 llaec
3349 3834 3477 3874 cum

1907 3891 2061 3947 nullo
2098 3894 2211 3947 alio
2249 3908 2521 3964 prasente
2562 3901 2792 3955 dixisset
2822 3904 3139 3974 episcopus,
3170 3908 3476 3978 Eugeniam

1907 3986 2129 4055 quidem
2154 3991 2424 4057 permittit
2451 4007 2673 4049 manere
2697 3997 2753 4049 in
2786 3997 2978 4051 habitu
3009 4000 3181 4066 virili,
3211 4016 3339 4057 eum
3369 4003 3476 4058 hoc

1906 4078 2045 4131 nulli
2079 4087 2228 4133 esset
2258 4082 2561 4150 cognitum,
2597 4100 2779 4155 neque
2813 4088 3078 4156 primum.
3114 4107 3296 4161 neque
3320 4103 3479 4162 post-

1904 4184 2071 4238 quam
2113 4185 2234 4223 cam
2267 4172 2543 4229 allocutus
2580 4185 2665 4229 est
2711 4178 3025 4246 episcopus.
3069 4181 3201 4248 Qua:
3246 4185 3471 4253 quidem

1904 4260 2065 4313 simul
2091 4275 2217 4313 cum
2242 4265 2534 4327 eunuchis,
2559 4281 2668 4319 non
2701 4269 2856 4336 prius
2884 4287 3009 4324 eum
3039 4272 3274 4341 dimisit,
3299 4292 3471 4345 quam

1903 4349 2051 4403 illius
2088 4352 2343 4406 manibus
2385 4354 2636 4408 divinum
2686 4362 2971 4415 consecuti
3009 4364 3368 4433 baptismum.
3415 4381 3472 4421 et

1903 4451 2191 4495 mutarunt
2220 4444 2495 4507 habitum,
2538 4456 2594 4500 et
2624 4451 2867 4517 cooptati
2916 4460 3043 4505 sunt
3075 4454 3129 4507 in
3168 4472 3463 4511 numerum

228 4502 553 4600 διεσκίψατό
590 4550 648 4585 τε
699 4532 790 4583 καὶ
821 4502 1085 4597 essene»;
1129 4502 1493 4597 διεπράξατοο
1527 4527 1596 4580 τὰ
1617 4526 1675 4579 δὲ
1713 4526 1798 4579 ἐν·
1830 4502 1877 4561 D
1902 4553 1907 4589 ι

1786 4554 1798 4567 ·
1830 4502 1877 4561 D
1902 4537 2318 4593 monachorum.
2342 4539 2474 4602 Quae
2496 4549 2678 4593 autem
2701 4541 2963 4611 deinceps
2988 4555 3120 4599 sunt
3146 4562 3465 4611 consecuta.

230 4628 423 4681 τεῦθεν
480 4628 627 4689 ὅπως
656 4642 714 4677 τε
775 4624 824 4677 οί
874 4624 1121 4686 τεκόντες
1181 4623 1266 4674 ἐπ’
1297 4622 1431 4690 αὐτῇ
1462 4620 1801 4689 διετέθησαν,

230 4721 324 4773 καὶ
351 4714 441 4771 οἷα
463 4718 561 4788 μὲν
588 4716 717 4786 περὶ
743 4716 911 4783 αὐτῆς
927 4715 1255 4781 ἐλογίζοντο,
1276 4705 1367 4765 οἷα
1384 4711 1440 4763 δέ
1467 4711 1606 4780 μετὰ
1628 4710 1803 4763 ταῦτα

228 4812 340 4865 τῶν
371 4812 600 4863 ἐλπίδων
650 4810 1040 4879 διαμαρτόντες
1104 4807 1349 4877 ἤλγησαν
1384 4820 1397 4835 ⁸
1423 4802 1613 4871 atq/az:
1667 4802 1799 4871 γάρ,

227 4905 370 4970 οιδα,
407 4904 501 4957 καὶ
530 4903 705 4955 ταῦτα
744 4900 937 4970 μαθεῖν
968 4917 982 4931 ·
1025 4898 1174 4961 ἀξιον
1201 4897 1489 4968 παρελθεῖν
1522 4896 1797 4965 οὐδαμῶς.

301 5085 402 5141 lB’.
444 5086 598 5139 Ἐπεὶ
630 5084 737 5155 γὰρ
769 5085 907 5151 ἀωρὶ
942 5081 1049 5135 τῶν
1093 5080 1303 5133 νυκτῶν
1354 5079 1582 5157 μηδενὸς
1616 5080 1799 5141 αὐτοῖς

227 5182 289 5233 τὸ
318 5180 561 5250 πραχθὲν
589 5178 910 5246 αἰσθομένου
942 5176 971 5243 ή
1022 5174 1253 5241 Εὑγενία
1282 5174 1380 5241 μὲν
1407 5172 1503 5224 τοῦ
1524 5173 1797 5241 ὀχήματος

228 5273 472 5342 ἀψοφητὶ
514 5271 801 5337 κατῆλθεν,
858 5268 1148 5329 Ὑάκινθος
1186 5266 1241 5318 δὲ
1272 5267 1364 5318 καὶ
1394 5266 1623 5336 Πρωτᾶς
1681 5265 1789 5317 τῶν

226 5366 403 5419 ἄλλων
460 5362 661 5431 ὁμοίως
719 5359 1181 5429 ἐξεχωρίσθησαν.
1234 5358 1390 5410 κενὸν
1421 5358 1476 5409 δὲ
1511 5356 1570 5408 τὸ
1605 5357 1791 5427 δχημα

224 5459 339 5517 τοῖς
361 5454 858 5523 προπορευομένοις
887 5450 1324 5521 ἐπηκολούθησεν
1344 5469 1357 5483 ·
1380 5452 1428 5502 οί
1461 5451 1792 5517 προάγοντες

226 5547 413 5606 παῖδες
444 5546 602 5597 τοῦτο
649 5546 746 5612 μέν
789 5544 876 5596 διὰ
916 5544 1011 5595 τὸν
1045 5542 1259 5610 καιρὸν,
1310 5542 1467 5595 τοῦτο
1495 5541 1548 5593 δὲ
1586 5543 1678 5594 καὶ
1706 5540 1793 5606 διά

224 5639 323 5705 τὴν
348 5636 443 5688 τοῦ
485 5637 856 5705 πραττομένου
895 5634 1191 5707 ἐπίκρυψιν
1229 5634 1395 5703 μηδὲν
1432 5634 1541 5685 τῶν
1573 5632 1792 5685 δπισθεν

305 5794 325 5825 ³
354 5793 515 5849 Joan.
567 5810 660 5860 xv,
689 5796 774 5853 13.

1896 4635 1953 4681 et
1980 4629 2443 4696 quemadmodum
2494 4630 2755 4701 deinceps
2785 4646 3047 4703 parentes
3086 4651 3313 4709 propter
3345 4658 3467 4696 eam

1897 4728 2027 4772 sunt
2048 4718 2252 4784 allecti,
2283 4728 2335 4772 et
2356 4734 2607 4788 quaenam
2636 4723 2702 4777 de
2727 4725 2845 4793 ipsa
2868 4727 3092 4794 quidem
3125 4733 3464 4799 cogitarunt,

1896 4817 1952 4863 et
1974 4819 2243 4880 quantum
2266 4810 2512 4865 dolorem
2539 4826 2898 4883 acceperunt,
2928 4833 3054 4872 cum
3082 4834 3178 4889 spe
3214 4822 3463 4877 frustrati

1896 4910 2079 4957 essent
2118 4901 2266 4972 (nam
2316 4901 2434 4956 haec
2464 4918 2705 4972 quoque,
2759 4917 2843 4961 sat
2876 4911 3009 4972 scio,
3063 4914 3206 4967 scire
3252 4915 3464 4982 sititis),

1900 5006 2241 5061 nequaquam
2281 5007 2378 5059 par
2409 5004 2492 5046 est
2525 4998 2964 5061 praetermittere.

1970 5081 2089 5134 XII.
2125 5081 2417 5150 Postquam
2459 5084 2605 5138 enim
2637 5087 2964 5154 intempesta
3013 5103 3198 5155 nocte,
3238 5096 3463 5148 nemine

1898 5174 2043 5243 quod
2096 5176 2299 5226 factum
2355 5175 2534 5229 fuerat
2591 5180 2887 5245 sentiente,
2944 5182 3185 5251 Eugenia
3238 5187 3459 5253 quidem

1893 5264 2014 5317 sine
2078 5264 2311 5333 strepitu
2380 5265 2667 5321 descendit
2724 5271 2791 5323 de
2853 5286 3061 5335 curru,
3122 5275 3460 5345 Hyacinthus

1894 5365 2076 5409 autem
2114 5364 2171 5408 et
2206 5355 2397 5408 Protas
2426 5357 2495 5409 ab
2534 5358 2657 5412 aliis
2697 5360 2956 5415 similiter
3004 5375 3131 5416 sunt
3173 5370 3408 5434 separati
3442 5387 3456 5423 :

1896 5447 2060 5501 inane
2097 5462 2227 5499 vero
2258 5449 2572 5504 vehiculum
2607 5462 2858 5506 secutum
2905 5463 2989 5507 est
3035 5470 3152 5517 eos,
3194 5459 3286 5524 qui
3318 5475 3457 5526 prze-

1897 5540 2203 5601 cedebant,
2265 5540 2357 5608 qui
2416 5541 2683 5607 pra'ibant
2733 5545 2919 5599 famuli
2983 5550 3179 5615 partim
3236 5554 3455 5620 quidem

1901 5638 2125 5701 propter
2149 5640 2387 5699 tempus,
2414 5632 2615 5699 partim
2641 5644 2823 5689 autem
2854 5641 3003 5705 quod
3032 5642 3269 5695 celatum
3296 5644 3364 5695 sit
3400 5644 3455 5701 id
