4252 6440
766 391 878 454 523
1988 391 2270 451 MENSIS
2311 389 2738 450 DECEMBER.
3919 383 4048 448 σεε

777 505 924 576 quod
968 508 1284 577 gerebatur,
1330 508 1474 562 nihil
1510 521 1726 569 eorum,
1777 519 1899 575 quae
1932 521 2074 575 pone
2117 503 2340 566 flebant,
2374 514 2413 565 Α
2443 519 2456 534 ·

2374 514 2413 565 Α
2443 505 2752 572 γενομένων
2777 499 3113 571 αἰσθόμενοι,
3145 499 3274 552 licet
3303 499 3398 552 καὶ
3429 499 3490 552 τδ
3511 496 3652 562 ζῶον
3685 496 4041 551 ἀκολουθοῦν

775 597 1099 662 sentientes,
1137 598 1397 666 quoniam
1455 611 1553 651 eos
1602 595 1946 665 sequebatur,
1994 593 2222 658 animal,
2283 603 2337 646 et
2439 610 2454 645 ι

2439 589 2607 662 εἰχον,
2639 593 2810 654 ἄλλως
2840 610 2900 645 τε
2945 593 3000 646 δὲ
3025 593 3123 645 καὶ
3150 590 3250 644 τοῦ
3303 590 3442 644 Θεοῦ
3493 587 4033 658 συλλαμϐανομένου

776 689 1014 741 maxime
1062 686 1172 742 Deo
1206 688 1336 743 huic
1383 687 1468 741 rei
1513 685 1860 755 providentia
1906 699 2005 739 sua
2052 699 2213 753 opem
2259 684 2335 737 fe-

777 787 952 838 rente,
1006 777 1082 832 ita
1135 787 1282 831 recta
1333 776 1554 830 iverunt
1596 774 2004 830 Alexandriam.
2043 775 2336 843 Postquam

775 878 960 922 autem
997 869 1108 938 jam
1149 867 1376 921 fuerunt
1417 882 1589 936 prope
1627 866 1929 931 civitatem,
1968 866 2062 935 qui
2099 866 2336 920 rescive-

775 968 909 1011 runt
931 957 1153 1027 quidem
1185 971 1215 1010 e
1239 956 1406 1012 domo
1427 957 1704 1021 exierunt,
1736 971 1860 1010 cum
1885 957 2121 1010 maximo
2139 956 2338 1026 gaudio

776 1048 1087 1116 suscepturi
1148 1047 1470 1118 Eugeniam,
1538 1047 2021 1101 anteambulonum
2086 1048 2338 1102 videntes

775 1139 1215 1202 multitudinem,
1256 1149 1312 1193 et
1341 1138 1507 1192 alium
1538 1137 1800 1207 deinceps
1845 1147 2173 1193 conventum
2203 1154 2339 1208 pue-

777 1245 987 1283 rorum.
1014 1228 1150 1284 Cum
1170 1243 1304 1282 vero
1320 1229 1431 1298 jam
1455 1243 1626 1297 prope
1647 1235 1853 1292 essent,
1878 1236 1934 1282 et
1957 1227 2126 1281 alacri
2153 1229 2338 1282 animo

774 1319 842 1373 ad
880 1319 1194 1374 vehiculum
1226 1321 1620 1384 accurrissent,
1668 1327 1725 1371 et
1761 1316 2074 1372 cathedram
2116 1317 2337 1386 quidem

775 1406 1044 1462 vidissent
1084 1421 1335 1470 vacuam,
1382 1420 1654 1474 nusquam
1694 1414 1878 1459 autem
1915 1405 2240 1475 Eugeniam,
2280 1422 2339 1462 re

777 1499 1062 1567 impinata
1098 1510 1155 1552 et
1178 1513 1341 1566 quam
1380 1512 1661 1565 nunquam
1712 1505 2053 1566 sperassent,
2087 1497 2341 1567 obstupe-

778 1589 928 1653 facti,
961 1590 1027 1642 ad
1055 1589 1327 1658 lacrymas
1356 1597 1411 1642 et
1441 1589 1650 1641 luctum
1692 1587 1760 1640 de
1788 1597 1990 1640 caetero
2034 1595 2166 1640 sunt
2203 1603 2340 1643 cono

780 1680 942 1741 versi.
975 1691 1030 1734 et
1054 1679 1422 1733 communiter
1452 1693 1744 1733 commune
1777 1678 1978 1730 bonum
2021 1676 2296 1732 deflebant
2323 1696 2336 1732 :

777 1771 920 1836 Quid
947 1772 1150 1826 factum
1179 1770 1303 1825 est?
1332 1768 1477 1835 Quid
1519 1777 1705 1824 actum
1738 1768 1862 1823 est?
1901 1769 2188 1836 Quodnam
2222 1785 2339 1825 ma-

2436 687 2506 754 τῇ
2538 685 2668 754 περί
2688 683 2847 736 τοῦτο
2877 682 3192 752 οἰκονομίᾳ,
3225 682 3356 734 εὐθὺ
3376 682 3476 750 τῆς
3511 679 3918 747 ’Δλεξανδρείας
3941 676 4037 739 ὥς

2439 772 2585 846 εἶχον
2632 775 2824 845 ᾔεσαν.
2897 774 3051 826 Ἐπεὶ
3079 773 3134 826 δί
3177 774 3277 842 ήδη
3329 773 3396 842 τῇ
3427 772 3585 824 πόλει
3617 771 3945 841 προσέσχον,
3975 769 4036 819 οἰ

2443 869 2543 937 μὲν
2569 867 2668 935 τῆς
2689 865 2868 927 οἰκίας
2896 864 3119 932 γνόντες
3149 863 3382 933 ἐξῄεσαν
3410 862 3532 932 μεθ’
3562 862 3698 930 ὅσης
3737 861 3806 913 ἂν
3839 859 4040 919 εἴποις

2439 955 2539 1023 τῆς
2588 953 2804 1024 ἡδονῆς,
2869 953 3135 1020 Εὑγενίαν
3166 953 3327 1018 δῆθεν
3354 949 3785 1018 ἀποληψόμενοι,
3826 948 3936 1000 τῶν
3965 963 4037 998 τε

2441 1046 2786 1116 προπομπῶν
2816 1046 2877 1099 τὸ
2908 1045 3116 1115 πλῆθος
3145 1044 3383 1114 ὁρῶντες
3417 1044 3514 1096 καὶ
3565 1041 3668 1111 τὴν
3711 1041 3884 1109 ἀλλην
3912 1037 4039 1091 τῶν

2441 1141 2650 1192 παίδων
2673 1137 2870 1207 ἑφεξῆς
2900 1138 3169 1191 συνοδίαν.
3216 1136 3301 1198 '0,
3329 1135 3386 1188 δὲ
3409 1136 3506 1187 καὶ
3530 1134 3759 1203 πλησίον
3788 1131 4032 1200 γενόμεο

2441 1246 2520 1282 νει
2577 1232 2778 1292 πάντες
2821 1229 3077 1299 ἐκθύμως
3115 1219 3502 1298 προσέδραμον
3529 1225 3606 1294 τῷ
3659 1226 3898 1294 ὀχήματι
3929 1223 4039 1275 καὶ

2442 1320 2542 1389 τὴν
2576 1321 2676 1390 μὲν
2706 1320 2978 1390 καθέδραν
3008 1318 3176 1388 κενήν
3197 1317 3373 1379 οὕτως
3403 1316 3615 1387 ἑώρων,
3638 1315 3737 1383 τὴν
3761 1314 4050 1385 ΕὑγενίαωΔ

2441 1412 2499 1465 δὲ
2531 1411 2788 1480 οὐδαμοῦ,
2824 1411 3070 1483 στερρῶς
3099 1409 3179 1479 τῷ
3211 1408 3464 1477 ἀδοκήτῳ
3487 1406 3790 1474 πληγέντες
3821 1407 3902 1466 εἰς
3933 1403 4041 1455 δάν

2443 1520 2587 1573 κρυα
2625 1504 2684 1557 τὸ
2711 1502 2898 1555 λοιπὸν
2931 1501 3173 1572 ἐχώρουν
3206 1500 3302 1553 καὶ
3329 1497 3603 1568 οἰμωγάς,
3630 1498 3726 1551 καὶ
3765 1498 3924 1565 κοινῇ
3961 1495 4038 1546 τὸ

2441 1595 2623 1648 κοινδν
2641 1593 2843 1662 ἀγαθὸν
2873 1592 3138 1663 ιδάκρυον
3157 1630 3173 1657 ,
3207 1591 3273 1644 Τί
3312 1592 3507 1659 γέγονε
3530 1607 3544 1654 ;
3581 1587 3634 1640 τί
3662 1587 3987 1655 πέπρακται
4013 1600 4033 1648 ;

2441 1686 2495 1738 τί
2535 1686 2594 1738 τὸ
2629 1685 2843 1756 συμϐὰν
2891 1686 3026 1755 ἡμῖν
3067 1685 3280 1754 άμαχον
3325 1682 3529 1747 κακόν;
3566 1680 3842 1748 λέγοντες.
3886 1672 4033 1729 Εἶτα

2445 1778 2578 1849 πρὸς
2605 1777 2777 1847 δνομα
2806 1777 2905 1846 τὴν
2948 1776 3212 1844 Εὑγενίαν
3261 1773 3651 1836 ἀνεκαλοῦντο,
3691 1772 3814 1837 δψιν
3865 1770 4034 1840 χερσὶ

780 1865 892 1916 lum
921 1863 1343 1932 inexpugnabile
1379 1863 1538 1917 nobis
1563 1861 1803 1917 accidit?
1830 1861 2098 1917 dicentes.
2131 1862 2340 1919 Deinde
2373 1841 2413 1896 Β
2446 1888 2459 1922 1

2373 1841 2413 1896 Β
2446 1841 2723 1933 παίοντες,
2750 1841 2939 1938 χεῖρας
2969 1841 3227 1936 ἀλλήλαις
3266 1867 3659 1927 πατάσσοντες,
3702 1859 4031 1933 περιφανῶς

782 1953 1001 2005 nomine
1064 1952 1335 2005 vocabant
1399 1952 1739 2022 Eugeniam,
1802 1953 2012 2005 vultum
2079 1951 2338 2007 ferientes

781 2043 1059 2105 manibus,
1112 2041 1449 2112 plangentes,
1490 2050 1544 2094 et
1581 2041 1742 2111 plane
1783 2042 2073 2096 temulenti
2123 2043 2334 2098 dolore.

781 2130 889 2184 Sed
933 2130 1047 2184 base
1083 2131 1306 2199 quidem
1336 2129 1472 2186 foris
1501 2129 1774 2185 faciebant
1810 2131 1972 2185 amici
2017 2141 2073 2185 et
2103 2132 2239 2196 noti,
2285 2141 2340 2186 et

780 2222 984 2290 quibus
1014 2221 1162 2274 nulla
1196 2236 1320 2312 cum
1349 2237 1412 2276 ea
1448 2222 1824 2278 intercedebat
1854 2224 2171 2294 conjunctio
2213 2240 2340 2280 san-

2443 1961 2522 2015 τῶ
2573 1961 2736 2013 πάθει
2773 1959 3084 2029 μεθύοντες.
3155 1957 3316 2009 ’Δλλὰ
3346 1955 3522 2010 ταῦτα
3553 1957 3654 2024 μιν
3681 1953 3747 2006 τά
3779 1952 3888 2004 τῶν
3913 1950 4033 2014 ἔξω

2446 2070 2521 2122 φη
2531 2053 2591 2120 μὶ
2615 2051 2785 2120 φξλων
2807 2051 2900 2103 καὶ⁵
2929 2049 3223 2120 γνωρίμων
3256 2050 3352 2102 καὶ
3378 2049 3544 2119 μηδὲν
3578 2045 3758 2099 κοινὸν
3780 2042 4032 2112 ἑχόντων

2445 2142 2506 2210 ἐξ
2532 2143 2761 2213 αἵματος
2785 2158 2799 2172 ·
2835 2141 2944 2195 τῶν
2970 2141 3027 2195 δὲ
3057 2141 3206 2194 ενδον
3233 2141 3293 2194 δε
3312 2140 3395 2203 τίς
3420 2140 3485 2191 ἂν
3515 2133 3895 2207 ἒκτραγῳδοίη
3917 2131 4032 2200 τὴν

2449 2233 2770 2304 συμφοράνς
2804 2233 2866 2286 Ol.
2902 2234 3011 2303 γάρ
3047 2234 3301 2293 τεκόντες
3327 2229 3527 2299 μικροῦ
3562 2227 3658 2281 καὶ
3683 2225 3776 2279 ἐπὶ
3825 2224 4031 2295 βρόχον

782 2312 983 2381 guinis.
1024 2311 1228 2366 Eorum
1269 2311 1476 2376 autem,
1503 2313 1595 2383 qui
1627 2313 1777 2368 intus
1818 2323 2001 2381 erant,
2042 2317 2170 2384 quis
2201 2317 2338 2372 satis
2436 2321 2461 2392 ἱ

2436 2321 2624 2395 ἦλθον,
2663 2322 2860 2394 μικροῦ
2887 2322 2982 2376 καὶ
3015 2322 3166 2388 ξίφος
3200 2322 3323 2374 καθ’
3360 2319 3567 2373 ἑαυτῶν
3611 2316 4028 2376 ιπεσπάσαντο,

785 2404 985 2472 tragice
1026 2403 1383 2475 descripserit
1419 2405 1819 2460 calamitatem?
1878 2408 2141 2462 Parentes
2188 2408 2338 2462 enim

783 2493 1180 2563 propemodum
1231 2503 1501 2548 venerunt
1545 2495 1611 2548 ad
1643 2495 1921 2564 laqueum,
1964 2506 2020 2550 et
2060 2513 2345 2569 propemo-

782 2585 910 2636 dum
969 2599 1028 2638 se
1077 2600 1209 2639 ense
1274 2587 1657 2648 eontixerunt,
1712 2585 1844 2654 quid
1901 2601 2010 2640 non
2060 2586 2348 2656 loquentes

785 2675 1135 2730 miserabile?
1167 2675 1299 2744 quid
1339 2690 1449 2728 non
1489 2675 1757 2729 facientes
1787 2677 2014 2746 dignum
2051 2678 2345 2749 lacrymis?

787 2765 966 2822 Genas
1015 2767 1352 2832 lacerabant,
1405 2766 1686 2836 pulverem
1738 2768 1904 2836 capiti
1953 2767 2341 2835 infundebant,

785 2873 842 2910 se
883 2858 1037 2911 humi
1070 2858 1306 2926 turpiter
1347 2856 1792 2926 prasternebant,
1832 2861 2030 2913 acerbe
2069 2861 2345 2914 exclama-

788 2949 944 3010 bant,
996 2959 1252 3016 parentes
1308 2947 1498 3009 tiliam,
1552 2945 1754 3002 fratres
1803 2962 2139 3017 germanam,
2193 2950 2340 3004 servi

2438 2417 2489 2468 τί
2528 2417 2604 2485 μὴ
2659 2413 2963 2484 φωνοῦντες
2997 2413 3266 2478 ὲλεεινόνς
3302 2413 3352 2464 τί
3391 2411 3464 2481 μὴ
3502 2408 3734 2480 δρῶντες
3759 2405 4026 2476 δακρύων

2439 2505 2628 2570 ἀξιον;
2687 2505 2943 2570 Ἐξαινον
2995 2503 3254 2574 παρειὰς,
3291 2501 3442 2554 κόνιν
3479 2501 3578 2567 τῆς
3610 2498 3853 2567 κεφαλῆς
3886 2513 4034 2549 κατ⁴

2441 2598 2618 2666 έχεον,
2643 2597 2884 2666 αἰσχρῶς
2915 2596 3144 2656 ἑαυτοὺς
3159 2597 3226 2666 τῇ
3253 2597 3322 2662 γῇ
3345 2589 4036 2655 κατέϐαλλον,έπεσοῶντο

2443 2685 2678 2755 πικρῶς,
2715 2686 2765 2738 οἰ
2823 2684 3058 2753 πατέρες
3102 2685 3200 2753 τὴν
3226 2683 3526 2752 θυγατέρα,
3576 2683 3628 2734 οἰ
3664 2680 3888 2746 ἀδελφοὶ
3917 2679 4034 2741 τὴν

2442 2775 2699 2844 γνησίαν,
2738 2775 2789 2827 οἰ
2821 2774 2999 2827 δοῦλοι
3032 2777 3131 2841 τὴν
3157 2774 3451 2828 δέσποιναν
3474 2789 3487 2803 °
3536 2772 3716 2834 οὐδεὶς
3744 2771 4028 2842 ἄτρωτος,

2439 2865 2616 2930 οὐδεὶς
2643 2865 2738 2919 τοῦ
2765 2867 2974 2929 πάθους
3005 2866 3312 2935 ἐλεύθερος,
3347 2865 3461 2918 ἀλλ’
3493 2864 3636 2918 οὓτω
3659 2863 3856 2934 κομιδῆ
3890 2877 4038 2913 κατ-

2440 2955 2656 3024 ειλήφει
2690 2955 2784 3010 τὸν
2813 2951 2962 3008 οἰκον
2991 2957 3163 3026 χωρὶς
3200 2956 3370 3024 πυρὸς
3400 2957 3753 3024 ἑμπρησμός.

785 3041 1099 3105 dnniinam;
1155 3039 1339 3092 nullus
1388 3039 1787 3104 invulneratus,
1844 3040 2030 3094 nullus
2099 3039 2241 3094 liber
2292 3041 2362 3096 ab
2437 3047 2607 3102 animi
2666 3047 3085 3117 perturbatione
3155 3055 3320 3102 :tam
3385 3047 3688 3101 vehemens
3742 3045 4038 3102 invaserat

786 3133 1012 3185 domum
1052 3131 1259 3199 absque
1290 3128 1415 3197 igne
1451 3129 1793 3184 Incendium.

861 3222 999 3278 XIII.
1039 3219 1144 3276 Sed
1165 3227 1454 3289 postquam
1483 3220 1712 3273 inutiles
1739 3217 1997 3273 viderunt
2023 3233 2142 3273 esse
2167 3220 2343 3292 lacry-
2372 3229 2420 3292 ο

788 3330 921 3379 mas,
957 3315 1206 3367 conversi
1255 3319 1385 3367 sunt
1432 3312 1498 3364 ad
1533 3310 1889 3385 quaarendam
1936 3309 2340 3366 charissimam.

789 3403 1202 3473 Interrogabant
1219 3412 1574 3469 mercatores,
1596 3401 2102 3471 percunctabantur
2124 3405 2342 3472 agrico-

787 3498 891 3560 las,
939 3495 1274 3564 praediorum
1318 3492 1677 3559 habltatores,
1719 3504 1775 3548 et
1802 3495 2017 3548 viarum
2045 3495 2343 3552 custodes:

789 3589 1216 3647 sciscitabantur
1260 3597 1414 3643 vates
1465 3572 1865 3658 v'entriloquos.
1919 3597 1975 3644 et
2017 3590 2200 3643 omnia
2245 3590 2349 3644 da:-

789 3700 1012 3738 monum
1042 3681 1285 3745 oracula,
1319 3691 1376 3740 et
1407 3696 1472 3735 ea
1498 3681 1789 3752 placabant
1817 3689 1877 3734 et
1901 3680 2152 3737 colebant
2177 3681 2347 3736 sacri-

789 3774 948 3829 ficiis.
984 3773 1118 3828 Cum
1155 3783 1337 3826 autem
1373 3787 1484 3826 non
1523 3772 1867 3828 inveniretur
1900 3785 1965 3825 ea
1995 3787 2118 3843 qua:
2138 3786 2349 3842 quaere-

790 3868 966 3929 batur,
998 3864 1317 3934 parentibus
1348 3879 1517 3917 unum
1561 3863 1888 3931 echgltant,
1921 3863 2016 3931 qui
2044 3864 2164 3932 ejus
2198 3860 2346 3934 quod

787 3967 872 4010 est
899 3971 1086 4029 grave,
1132 3954 1466 4009 videbantur
1497 3968 1746 4026 qumrere
1792 3952 2068 4007 solatium.
2113 3953 2349 4022 Fingunt

788 4049 1082 4117 quamdam
1131 4046 1391 4107 fabulam.
1442 4045 1578 4098 nihil
1617 4044 1940 4098 dissimilem
1990 4044 2060 4098 iis
2091 4058 2213 4114 qua:
2257 4058 2350 4097 ca-

789 4150 998 4194 nuntur
1029 4140 1175 4209 apud
1199 4138 1421 4193 Graecos
1451 4155 1463 4190 :
1495 4136 1668 4205 quod,
1701 4151 1826 4190 cum
1872 4136 1950 4190 dii
1980 4137 2124 4205 capti
2161 4146 2349 4191 essent

790 4245 977 4284 amore
1006 4229 1282 4298 Eugeniae,
1312 4242 1432 4282 eam
1481 4227 1549 4280 in-
1587 4227 1789 4282 cmlum
1833 4236 2158 4296 rapuerunt.
2192 4225 2348 4293 Quod

789 4323 1018 4393 quidem
1048 4320 1213 4389 patri,
1240 4330 1302 4374 ut
1337 4320 1496 4389 cujus
1530 4334 1698 4374 aures
1726 4318 1927 4372 talibus
1958 4320 2347 4386 assuevissent,

791 4422 1006 4482 gratum
1039 4418 1160 4464 erat
1194 4419 1249 4464 et
1275 4418 1586 4479 acceptum,
1617 4417 1674 4463 et
1707 4407 1874 4463 filiam
1904 4409 2215 4480 insignibus
2239 4410 2350 4463 alli-

2519 3222 2618 3280 lI".
2672 3224 2824 3279 Ἐπεὶ
2858 3223 2916 3278 δλ
2963 3226 3246 3296 ἄπρακτον
3300 3227 3362 3279 τὸ
3412 3226 3647 3297 δάκρυον
3677 3227 3889 3296 δώρων,
3925 3228 4036 3281 ἐπὶ

2446 3316 2546 3384 τήν
2572 3316 2804 3384 ζήτησιν
2833 3317 2931 3385 τῆς
2960 3317 3224 3386 φιλτάτης
3257 3307 3442 3387 ἦλθον.
3489 3317 3814 3388 Ἠρωτῶντο
3837 3320 3887 3370 οἰ
3917 3319 4035 3387 ἔμ-

2449 3425 2629 3479 ποροι,
2672 3411 3124 3480 περιειργάζοντο
3161 3413 3419 3483 γεωργοὶ,
3454 3413 3670 3482 χωρίων
3703 3413 4035 3482 οἰκήτορες,

2447 3502 2583 3556 ὁδῶν
2619 3505 2880 3572 φύλακες,
2895 3506 3264 3576 έπηρωτῶντο
3301 3508 3544 3576 μάντεις,
3561 3508 4033 3577 ἰγγαστρίμυθοι.

2449 3599 2627 3651 πάντα
2651 3598 2720 3651 τὰ
2749 3597 2857 3650 τῶν
2873 3599 3154 3667 ,δαιμόνων
3181 3599 3494 3667 ήρευνῶντο
3525 3601 3772 3666 μαντεῖα,
3803 3601 3898 3654 καὶ
3922 3601 4036 3654 θυ-

2450 3691 2593 3753 σίαις
2621 3690 3038 3758 ἐθεραπεύοντο.
3073 3689 3159 3752 Ὦς
3193 3689 3250 3744 δὲ
3270 3691 3369 3742 οὒκ
3397 3686 3465 3760 ἦν
3494 3693 3589 3759 τῆς
3615 3689 3954 3761 ζητουμένης
3989 3697 4030 3764 ή

2449 3780 2690 3852 εὕρεσις,
2727 3781 2786 3833 ἓν
2817 3785 2930 3843 τοῖς
2968 3781 3238 3851 πατράσιν
3266 3782 3572 3835 ἐπινοοῦσιν
3597 3783 3650 3834 οἶ
3677 3799 3742 3852 γε
3772 3801 4033 3855 παρηγο-

2451 3873 2565 3941 ρεῖν
2599 3871 2884 3934 δοκοῦντες
2914 3871 3010 3924 τοῦ
3052 3872 3231 3926 δεινοῦ
3274 3873 3653 3944 παραμύθιον·
3699 3875 3868 3946 μῦθόν
3896 3892 4029 3931 τινα

2450 3961 2771 4027 πλάττουσι,
2800 3965 2911 4025 τοῖς
2934 3963 3217 4034 ᾀδομένοις
3249 3965 3380 4034 παρ’
3418 3965 3680 4034 Ἕλλησιν
3708 3967 3861 4020 οὐδὲν
3893 3968 4029 4021 eve.

2453 4068 2623 4120 μοιον,
2678 4053 2870 4122 ὅτιπερ
2905 4053 3168 4118 Εὐγενίας
3204 4055 3252 4105 οἰ
3289 4052 3404 4105 θεοὶ
3453 4053 3631 4123 ἔρωτα
3679 4055 3901 4125 σχόντες
3933 4059 4027 4120 εἰς

2447 4143 2711 4212 οὐρανοὺς
2739 4142 2907 4212 αὐτὴν
2936 4145 3344 4213 άνηρπάσαντο.
3402 4144 3584 4214 Ὅπερ
3613 4145 3691 4213 τῷ
3719 4146 3890 4217 πατρὶ
3917 4147 4022 4202 ire

2450 4231 2664 4294 πολλοῖς
2685 4233 2946 4295 τοιούτοις
2968 4233 3321 4305 ένειθισμένῳ
3366 4235 3466 4306 τὴν
3498 4236 3670 4305 άκοήν
3709 4236 4026 4306 εὖπαράδε-

2451 4339 2578 4376 κτον
2612 4319 2697 4394 ἦν,
2725 4327 2910 4394 τιμαῖς
2931 4341 2988 4377 τε
3018 4325 3118 4396 τήν
3146 4325 3422 4397 θυγατέρα
3459 4327 3825 4397 διαφερόντως
3848 4330 4024 4399 ἐτίμα

2450 4414 2548 4467 καὶ
2573 4414 2795 4484 ἄγαλμα
2823 4415 2996 4486 ταύτῃ
3019 4417 3252 4484 χρυσοῦν
3271 4419 3606 4488 άνεστήσατο
3633 4419 3730 4473 καὶ
3747 4418 3820 4482 ὡς
3847 4423 4023 4491 καινῇ

791 4503 975 4560 ςίθιηι
1020 4499 1345 4553 honoribus.
1399 4498 1763 4565 Quamobrem
1810 4513 2029 4552 auream
2077 4499 2128 4551 ei
2172 4499 2348 4552 erexit
2381 4572 2415 4581 _
2451 4504 2470 4556 θ

2346 4540 2348 4548 ι
2381 4572 2415 4581 _
2451 4504 2549 4574 θεᾷ
2577 4505 2724 4559 θύειν
2754 4505 2981 4575 ήρξατο.
3017 4508 3082 4559 Ἦ
3113 4510 3294 4578 μήτηρ
3321 4509 3378 4561 δὶ
3414 4510 3508 4563 καὶ
3540 4511 3587 4563 οἰ
3620 4511 3843 4581 ἀδελφοὶ
3870 4513 4025 4564 Ἀσί-

791 4607 1048 4660 statuam,
1089 4602 1142 4648 et
1181 4601 1437 4662 tanquam
1481 4606 1632 4644 nova:
1658 4590 1774 4644 dea:
1804 4592 1972 4660 cmpit
2003 4593 2345 4648 sacriﬁcare.
2381 4572 2422 4624 θ
2451 4611 2470 4646 οι

2381 4572 2422 4624 D
2451 4572 2549 4656 τας
2571 4612 2629 4647 τε
2657 4595 2749 4648 καὶ
2777 4572 2998 4667 έέργιος
3021 4572 3286 4670 οὐκ.
3315 4601 3536 4670 ὁμοίως,
3569 4601 3702 4655 ἀλλὰ
3736 4572 4025 4657 πιστεύειν

796 4691 966 4742 Mater
997 4694 1180 4739 autem
1214 4692 1271 4737 et
1301 4682 1501 4737 fratres
1541 4682 1730 4736 Avitas
1758 4693 1814 4736 ct
1852 4681 2076 4750 Sergius
2119 4698 2227 4737 non
2273 4684 2348 4738 ita

793 4797 852 4834 se
895 4778 1190 4838 habebant,
1242 4772 1337 4826 sed
1385 4774 1454 4826 iis
1483 4788 1604 4841 qua:
1646 4772 1991 4838 dicebantur,
2034 4774 2349 4829 dubitantes

795 4870 1041 4930 credere,
1091 4864 1250 4917 valde
1300 4863 1582 4933 lugebant.
1624 4866 1801 4933 Atque
1844 4863 2096 4933 Eugeniae
2127 4866 2348 4935 quldem

795 4967 938 5031 fuga,
980 4969 1036 5013 et
1067 4955 1531 5026 quemadmodum
1581 4971 1690 5010 non
1721 4957 1897 5010 solum
1930 4966 2207 5026 parentes,
2253 4959 2348 5012 sed

797 5066 890 5105 eos
940 5051 1103 5104 etiam
1163 5046 1258 5115 qui
1323 5047 1376 5100 ei
1432 5045 1570 5100 bene
1620 5046 1896 5109 volebant,
1952 5046 2220 5113 aﬂecerit,
2275 5049 2349 5102 ita

796 5141 978 5198 habet.

866 5233 1007 5287 XIV.
1051 5231 1293 5299 Eugenia
1319 5240 1504 5282 autem
1560 5228 1616 5282 in
1661 5227 1866 5282 divinis
1893 5228 2196 5298 Scripturis
2225 5245 2350 5286 ver-

798 5329 1020 5380 sabatur
1045 5334 1101 5376 et
1135 5321 1506 5375 meditabatur
1533 5320 1773 5384 assidue,
1809 5329 1864 5373 et
1896 5321 2151 5388 paranda:
2183 5322 2354 5376 virtu-

799 5420 866 5471 tis
895 5431 1144 5485 magnam
1185 5428 1376 5469 curam
1429 5411 1673 5480 gerebat.
1734 5412 1853 5477 Quo
1897 5411 2098 5465 factum
2141 5421 2246 5476 est,
2297 5425 2352 5468 ut

799 5522 921 5562 cum
973 5519 1078 5557 twn
1130 5505 1421 5572 plusquam
1481 5501 1620 5554 duos
1668 5516 1840 5554 annos
1890 5501 2243 5569 transegrisset
2293 5503 2348 5556 in

799 5595 1166 5656 monasterio,
1227 5609 1419 5647 omnes
1476 5595 1718 5646 vinceret
1763 5611 1776 5646 :
1826 5593 2046 5657 mulier,
2093 5593 2348 5660 inquam,

801 5692 964 5742 viros.
1013 5688 1193 5750 Quare
1249 5701 1336 5738 res
1379 5687 1694 5738 communis
1740 5694 1824 5739 cst
1859 5687 2057 5747 virtus,
2093 5695 2148 5762 et
2193 5701 2354 5740 sexus

797 5779 1007 5837 nullum
1043 5778 1198 5830 affert
1232 5777 1683 5845 impedimentum
1719 5779 1767 5833 ci
1792 5779 1884 5845 qui
1933 5793 1988 5831 se
2036 5786 2181 5830 recte
2221 5777 2352 5830 velit

2454 4684 2597 4740 οὓτω
2619 4689 2729 4748 τοῖς
2762 4687 3073 4757 λεγομένοις
3095 4689 3428 4760 ὀκνήσαντες
3461 4691 3697 4764 ἰσχυρῶς
3729 4692 4025 4750 ἐπένθουν.

2457 4777 2603 4845 Πλὴν
2629 4777 2763 4830 ἀλλὰ
2789 4780 2857 4830 τὰ
2886 4781 3024 4849 μετὰ
3062 4781 3162 4850 τὴν
3204 4781 3381 4851 φυγήν
3416 4783 3704 4854 Εὑγενίας,
3741 4786 3834 4836 καὶ
3868 4786 4028 4846 ὅπως

2457 4868 2517 4919 ού
2551 4869 2753 4932 γονέων
2786 4872 2945 4939 μόνον
2993 4871 3152 4943 αὐτῇ,
3205 4872 3340 4927 sua
3367 4873 3460 4929 καὶ
3507 4873 3616 4925 τῶν
3665 4873 3839 4926 ἄλλων
3879 4875 4028 4943 πρὸς

2453 4961 2622 5030 αὑτήν
2646 4961 2837 5029 φιλίως
2876 4963 3238 5033 διακειμένων
3268 4963 3548 5029 καθίκετο,
3574 4964 3747 5028 οὕτως
3770 4965 3909 5035 εχει.

2528 5231 2624 5286 1Δ’.
2658 5233 2736 5302 Τῇ
2766 5233 2996 5304 Εὐγενίᾳ
3025 5235 3082 5288 δὲ
3116 5235 3286 5306 πολλή
3313 5236 3412 5305 μὲν
3438 5238 3470 5305 ή
3499 5237 3626 5309 περὶ
3650 5237 3750 5307 τὴν
3786 5239 4028 5311 μελέτην

2459 5322 2564 5375 τῶν
2589 5323 2747 5376 θείων
2789 5323 3022 5395 Γραφῶν
3056 5326 3380 5396 προσεδρία,
3412 5326 3580 5395 πολλὴ
3616 5327 3670 5379 δὲ
3703 5329 3734 5397 ῄ
3764 5331 3896 5396 περὶ
3924 5332 4026 5400 τὴν

2461 5414 2650 5482 κτῆσιν
2680 5415 2783 5480 τῆς
2818 5415 3015 5484 ἀρετῆς
3045 5418 3352 5486 ἐπιμέλεια,
3385 5417 3513 5487 παρ’
3541 5418 3569 5470 ὅ
3608 5419 3699 5470 καὶ
3727 5420 3804 5488 μὴ
3835 5423 4027 5477 πλεῖον

2458 5504 2490 5572 ἢ
2523 5504 2614 5556 δύο
2637 5504 2730 5573 ἐτη
2754 5508 2816 5574 τῇ
2851 5510 2983 5575 μονῇ
3009 5507 3455 5575 συνδιενεγκοῦσα
3482 5508 3588 5560 τῶν
3609 5509 3823 5562 πάντων
3851 5513 4027 5581 ἐκρά-

2459 5611 2560 5658 τει,
2590 5595 2724 5662 γυνή
2768 5612 2910 5664 φημι
2955 5596 3063 5647 τῶν
3107 5598 3334 5666 ἀνδρῶν.
3388 5598 3548 5649 Ὥστε
3587 5598 3760 5650 κοινὸν
3792 5601 3822 5667 ή
3852 5603 4029 5674 άρετὴ

2461 5685 2555 5736 καὶ
2578 5686 2730 5736 οὐδὲν
2752 5689 2857 5738 ἀπὸ
2888 5687 2981 5738 τοῦ
3005 5687 3194 5753 γένους
3222 5689 3445 5759 κώλυμα
3475 5689 3550 5759 τῷ
3581 5689 3877 5759 κατορθοῦν
3903 5692 4026 5759 βου-

2462 5778 2693 5848 λομένῳ.
2749 5779 2810 5831 'Il
2856 5777 2947 5833 οὖν
3005 5782 3235 5847 BDx-sxta.
3267 5783 3382 5835 κατ’
3410 5783 3608 5853 ἀρετὴν
3641 5783 4026 5852 πρωτεύουσι,
