4252 6440
232 356 345 419 625

234 471 368 524 ἴδιον
395 470 451 523 δὶ
488 469 723 540 μάλιστα
752 471 960 543 ταύτης
1001 472 1062 526 τὸ
1094 473 1337 539 unum
1367 492 1427 543 τε
1463 479 1686 550 μέτριον
1709 481 1804 534 καὶ⁵

230 563 296 614 τὸ
338 561 569 631 πρώτην
621 556 787 615 οὖσαν
814 563 872 615 ὲν
922 565 1038 626 τοῖς
1093 564 1281 628 καλοῖς
1330 566 1483 621 οὐδὲν
1514 564 1678 640 ἦττον
1706 570 1802 624 καὶ

229 650 461 722 πρώτην
510 646 653 705 εῐναι
703 652 782 722 τῷ
817 653 1026 724 μετρίῳ
1065 648 1267 725 δηλαδὴ
1300 655 1397 717 τοῦ
1428 660 1801 729 φρονήματος.
1844 728 1850 733 η

230 739 499 811 Εὐγενίας
524 741 620 796 καὶ
641 739 817 799 ταῦτα
838 740 1225 816 γνωρίσματα,
1246 747 1308 800 τὸ
1342 747 1566 818 πρώτην
1599 749 1806 819 ταύτην

231 834 452 888 πάντων
474 836 533 887 εν
553 835 673 898 ταῐς
700 837 987 904 συνάξεσιν
1005 836 1356 916 ἀπαντῶσαν,
1386 842 1625 915 ὲσχάτην
1645 839 1804 908 αὖθις

230 928 343 981 τῶν
372 926 548 983 ἀλλων
579 928 881 998 ἀναχωρεῖν
905 944 919 960 ⁸
973 930 1112 1001 πρὸς
1138 930 1196 985 δὶ
1227 932 1323 987 καὶ
1364 932 1444 1003 τῷ
1476 933 1804 1007 λυπουμένῳ

232 1018 398 1073 παντὶ
438 1020 811 1091 συμπάσχειν,
848 1023 1166 1093 συγχαίρειν
1200 1024 1259 1079 δὲ
1300 1026 1542 1096 γνησίως
1578 1028 1807 1092 καὶτοῖς

231 1112 294 1167 εὖ
329 1114 637 1185 πάσχουσιν
656 1133 669 1147 ·
692 1117 830 1188 ὅπερ
855 1119 961 1188 ἄρα
981 1121 1074 1173 καὶ
1096 1120 1231 1191 πρδς
1257 1121 1319 1174 τὸ
1348 1121 1652 1192 κατορθοῦν
1677 1123 1808 1176 δυσ·

230 1209 565 1278 χερέστερον
621 1198 710 1262 διὰ
742 1210 839 1272 τὰς
874 1211 938 1264 εκ
968 1212 1061 1265 τοῦ
1108 1213 1302 1283 φθόνου
1350 1214 1708 1286 κακοηθείαςο
1746 1214 1809 1269 τὸ

233 1299 396 1366 λόγον
423 1299 569 1371 εχειν
603 1303 805 1366 παντὸς
853 1302 1214 1373 ὀργιζομένου
1267 1307 1523 1376 στορέσαι
1576 1306 1807 1378 καρδίαν

234 1391 675 1462 ἀνυσιμώτατον,
710 1393 852 1447 ὥστε
877 1396 970 1449 τὸν
996 1397 1085 1450 εσα
1107 1399 1202 1450 καὶ
1235 1398 1429 1469 θηρσὶν
1456 1400 1807 1469 ἀγριαίνοντα

234 1481 503 1552 προϐάτῳ
543 1484 715 1551 δείξαι
772 1486 873 1556 τὴν
928 1488 1243 1559 ἡμερότητα
1291 1489 1701 1561 παραπλήσιον.
1736 1490 1810 1544 Th

231 1574 544 1627 τελευταῖον
575 1576 795 1630 πάντων
829 1578 989 1631 τοῦτο
1015 1578 1110 1632 καὶ
1136 1579 1356 1649 πρῶτον
1387 1581 1625 1651 ἀτεχνῶς
1653 1600 1811 1654 περι-

234 1665 606 1737 εκτικώτερον
638 1671 670 1739 η
704 1671 840 1739 πρὸς
876 1669 1084 1734 πάντας
1108 1670 1344 1743 ἀψευδὴς
1372 1675 1560 1742 ἀγάπη
1593 1675 1687 1728 καὶ
1736 1674 1810 1744 μὴ

239 1754 410 1826 μέχρι
443 1758 670 1827 χειλέων
727 1759 933 1815 ίστῶσα
968 1760 1030 1815 τδ
1080 1761 1342 1834 φίλτρον,
1400 1764 1537 1820 ἀλλά
1581 1766 1676 1819 καὶ
1707 1766 1817 1820 ἀπὸ

237 1846 422 1917 μέσης
451 1849 631 1918 ψυχῆς
666 1851 1037 1906 συνάπτουσα.

1360 358 1827 433 MARTYRIUM
1866 372 1930 438 S.
1972 371 2361 439 EUGBNIE.

3372 379 3479 443 626.

1835 505 1879 563 Δ
1907 499 2123 555 gerere.
2167 486 2416 557 Eugenia
2466 501 2602 558 ergo
2656 488 2866 556 primas
2912 494 3110 559 partes,
3143 491 3367 560 gerebat
3420 508 3474 545 ιιι

1907 576 2137 641 virtute.
2162 577 2284 646 ejus
2312 586 2495 633 autem
2534 579 2775 635 maxime
2803 588 2923 634 erat
2948 580 3174 651 propria
3202 580 3475 636 modestia

1907 675 1965 722 et
1998 666 2307 722 moderatio
2335 685 2351 722 :
2382 676 2441 724 et
2468 668 2616 737 quod
2656 683 2782 724 cum
2816 670 2994 739 prima
3024 680 3173 726 esset
3208 670 3264 725 in
3300 672 3474 726 rebus

1911 758 2178 825 honestis,
2231 760 2409 815 nihilo
2450 760 2635 815 secius
2678 770 2826 817 esset
2871 762 3036 817 etiam
3069 764 3246 830 prima
3281 763 3337 816 in
3383 776 3471 827 eo.

1909 849 2056 918 quod
2100 856 2288 904 essent
2314 850 2433 921 ejus
2466 849 2734 905 moderati
2766 853 3023 921 spiritus.
3062 851 3325 921 Eugeniae
3361 852 3479 907 hac

1910 953 2131 1008 quoque
2172 951 2332 994 erant
2365 940 2545 1010 signa,
2589 941 2795 1011 quibus
2836 943 3296 1011 cognoscebatur,
3330 942 3481 1011 quod

1910 1043 2038 1085 cum
2076 1030 2251 1101 prima
2300 1032 2546 1087 omnium
2598 1033 2817 1088 veniret
2870 1032 2940 1088 ad
2975 1048 3233 1105 synaxes,
3285 1050 3483 1090 rursus

1913 1120 2107 1174 ultima
2136 1124 2384 1177 omnium
2410 1125 2735 1190 recederet;
2777 1134 3047 1195 praeterea
3080 1140 3214 1182 vero
3252 1126 3484 1182 misere-

1916 1220 2070 1267 retur
2090 1216 2258 1269 etiam
2282 1215 2599 1285 cujuslibet,
2624 1216 2720 1285 qui
2738 1216 2919 1287 aliqua
2948 1214 3288 1271 alliciebatur
3312 1216 3486 1271 mole—

1916 1306 2023 1361 stia
2064 1325 2079 1361 :
2122 1323 2252 1363 vere
2312 1316 2499 1363 autem
2555 1317 2611 1364 et
2658 1310 2873 1364 sincere
2913 1308 3179 1377 gauderet
3227 1322 3352 1362 cum
3416 1307 3486 1381 iis

1908 1399 2121 1468 quibus
2156 1410 2314 1455 erant
2350 1416 2437 1457 res
2466 1401 2744 1466 secundae,
2775 1400 2924 1469 quod
2952 1398 3177 1470 quidem
3218 1408 3303 1454 est
3324 1399 3479 1454 factu

1918 1490 2200 1547 diﬂicilius
2242 1494 2469 1561 propter
2522 1492 2918 1562 malignitatem
2946 1533 2960 1557 ,
3011 1506 3134 1561 qua
3179 1491 3361 1546 oritur
3420 1504 3487 1544 es

1919 1583 2135 1638 invidia
2187 1601 2201 1638 :
2244 1583 2391 1652 quod
2438 1584 2668 1637 haberet
2713 1598 3047 1646 sermonem.
3104 1582 3172 1637 ad
3239 1581 3487 1651 cujusvis

1922 1673 2214 1728 irascentis
2262 1688 2358 1728 cor
2404 1672 2736 1737 sedandum,
2790 1674 2950 1743 longe
3002 1672 3485 1733 efﬁcacissimum.

1920 1764 2060 1820 adeo
2107 1773 2168 1819 ut
2196 1766 2292 1834 qui
2339 1779 2450 1819 non
2492 1780 2654 1821 secus
2697 1781 2760 1820 ac
2792 1764 2925 1819 ferae
2963 1763 3320 1827 ell‘erahatur,
3367 1762 3491 1831 ejus

1840 1852 1885 1908 Β
1913 1858 2006 1913 ovi
2034 1857 2269 1912 similem
2308 1855 2565 1911 redderet
2591 1856 3100 1909 mansuetudinem.
3133 1853 3487 1909 Postremum

236 1936 349 1995 hoc
386 1950 530 2004 erat.
564 1952 620 1997 et
659 1944 927 2014 primum.
957 1956 1015 2002 et
1081 1948 1331 2004 omnium
1372 1964 1566 2006 revera
1608 1951 2055 2022 capacissimum.
2123 1964 2235 2004 non
2298 1947 2423 2003 ﬁcta
2454 1948 2512 2002 in
2546 1962 2739 2002 omnes
2780 1946 3044 2011 charitas,
3090 1953 3145 2001 et
3216 1958 3338 2015 quae
3376 1956 3489 1998 non

236 2047 493 2088 amorem
550 2034 616 2090 ad
670 2037 826 2093 labra
876 2053 1050 2109 usque
1101 2041 1350 2103 sistebat.
1404 2043 1501 2100 sed
1557 2044 1726 2099 etiam
1780 2059 1811 2099 a
1852 2043 2031 2100 media
2066 2044 2250 2097 anima
2278 2042 2596 2098 emanabat.

314 2122 416 2178 IE'.
452 2126 527 2178 Ού
565 2126 700 2179 πολὺ
731 2127 791 2180 τδ
818 2129 875 2180 εν
904 2129 1075 2199 μέσῳ,
1128 2130 1222 2184 καὶ
1247 2132 1407 2203 χάρις
1436 2131 1574 2204 αὐτῇ
1596 2131 1705 2187 τῶν
1736 2133 1819 2186 ία-

245 2219 435 2288 μάτων
488 2223 743 2294 έπιφοιτᾷ
775 2222 895 2292 μεθ’
937 2224 1071 2293 ὅσης
1121 2225 1223 2294 τῆς
1276 2227 1557 2295 ἀφθονίας,
1595 2227 1691 2280 καὶ
1728 2225 1817 2281 διὰ

241 2310 404 2364 τοῦτο
432 2311 578 2375 ὅσοις
604 2312 671 2366 ἀν
695 2315 790 2365 καὶ
818 2314 939 2368 κατ’
970 2315 1257 2385 έπίσκεψιν
1286 2317 1443 2370 νόσου
1472 2314 1819 2387 παραϐεϐλη-

246 2393 363 2467 κοι,
382 2403 482 2457 οὐκ
514 2405 578 2457 tat
602 2403 697 2457 τοῦ
721 2404 899 2474 λέγειν
929 2405 1089 2477 μόνον
1118 2408 1300 2470 αὐτοῖς
1326 2407 1496 2460 ἐδίδου
1515 2405 1614 2467 τὰς
1639 2422 1819 2477 παρα·-

248 2494 497 2564 κλήσεις,
535 2494 671 2547 ἀλλά
710 2498 803 2572 καὶ
857 2496 952 2549 τοῦ
989 2496 1287 2568 λυποῦντος
1315 2498 1466 2569 ηφίει
1488 2496 1817 2567 νοσήματος.

247 2583 561 2652 Μιμοῦνται
610 2582 668 2639 δδ
697 2585 866 2655 αὐτὴν
887 2588 990 2641 ὅσα
1037 2588 1174 2658 πρὸς
1203 2588 1434 2657 δύναμιν
1467 2589 1694 2659 Πρωτᾶς
1731 2587 1825 2641 καὶ

259 2675 568 2741 Ὑάκινθος,
592 2677 687 2741 οὓς
720 2680 812 2731 καὶ
838 2682 867 2732 ό
897 2678 1053 2748 λόγος
1081 2679 1290 2749 φθάσας
1318 2680 1609 2751 έδήλωσεν.
1633 2679 1823 2744 Οὕτως

251 2764 517 2832 Εὐγενίας
543 2765 765 2836 βιούσης
792 2770 820 2821 ό
846 2769 940 2838 τῆς
977 2770 1144 2838 μονῆς
1175 2770 1452 2840 προεστὼς
1483 2772 1618 2840 μετά
1639 2771 1823 2840 τρίτον

251 2855 373 2919 έτος
402 2856 687 2910 ἀπολείπει
715 2860 807 2912 τὸν
839 2858 972 2929 βίον.
1019 2860 1232 2915 Ἑκάλει
1284 2860 1340 2915 δὲ
1385 2861 1555 2933 αὐτὴν
1594 2862 1628 2933 ἡ
1667 2860 1822 2933 κοινὴ

249 2945 361 3000 τῶν
390 2946 634 3016 ἀδελφῶν
669 2948 849 3018 ψῆφος
878 2952 956 3013 είς
988 2952 1320 3019 προστασίαν
1357 2953 1435 3015 ὡς
1462 2954 1615 3023 ἀνδρὶ
1654 2969 1821 3023 προσ-

252 3039 494 3109 έχοντες,
544 3039 733 3093 καὶτὸ
788 3042 887 3110 μὲν
938 3042 1128 3112 περιὸν
1182 3044 1280 3113 τῆς
1337 3044 1540 3115 ἀρετῆς
1598 3044 1823 3108 είδότες,

254 3127 579 3199 ἀγνοοῦντες
610 3130 665 3184 δι
689 3132 750 3185 τὸ
776 3132 905 3204 παρ’
934 3134 1071 3205 αὐτῇ
1112 3134 1505 3205 κρυπτόμενον.
1540 3136 1822 3207 Λαμδάνει

254 3218 391 3289 γοῦν
430 3221 591 3290 φόδος
624 3222 835 3295 έκείνην
869 3227 963 3278 καὶ
993 3227 1193 3295 ἀπορία
1218 3242 1233 3260 ⁸
1281 3226 1405 3281 οὔτε
1453 3228 1562 3299 γάρ
1591 3231 1825 3295 γυναῖκα

1987 2130 2104 2187 ιν.
2159 2131 2282 2187 Non
2344 2132 2577 2186 multum
2628 2130 2944 2187 intercessit
2988 2130 3274 2199 temporis.
3318 2135 3376 2183 et
3422 2127 3490 2183 ad

1913 2237 2034 2280 eam
2075 2223 2307 2278 accessit
2330 2223 2508 2293 gratia
2550 2223 2907 2278 curationum
2945 2236 3072 2277 cum
3110 2220 3347 2274 maxima
3394 2234 3494 2274 co-

1914 2315 2027 2384 pia.
2094 2315 2163 2370 Et
2213 2315 2339 2371 ideo
2390 2316 2459 2370 ad
2528 2330 2892 2385 quoscunque
2953 2311 3255 2369 accedebat
3310 2309 3491 2365 morbi

1915 2406 2135 2460 visendi
2167 2408 2366 2475 gratia.
2392 2422 2502 2461 non
2532 2407 2710 2461 solum
2739 2421 2837 2461 eos
2858 2404 3045 2461 verbis
3072 2403 3490 2465 consolabatur.

1922 2497 2019 2550 sed
2062 2498 2231 2553 etiam
2264 2498 2537 2553 liberabat
2576 2514 2607 2553 a
2657 2499 2877 2563 morbo,
2905 2498 3003 2567 qui
3034 2511 3133 2552 eos
3176 2496 3489 2551 cruciabat.

1924 2591 2057 2646 Eam
2088 2600 2274 2647 autem
2313 2594 2607 2647 imitantur
2646 2607 2748 2659 pro
2789 2591 3007 2646 viribus
3044 2589 3239 2645 Protas
3262 2598 3321 2643 et
3353 2586 3494 2658 Hya-

1923 2682 2167 2748 cinthus.
2199 2683 2269 2739 de
2302 2686 2509 2754 quibus
2534 2691 2695 2738 antea
2720 2682 2981 2738 diximus.
3006 2681 3145 2737 Cum
3171 2682 3261 2736 sic
3280 2680 3513 2735 viveret'

1922 2771 2190 2841 Eugenia,
2245 2774 2541 2843 praefectus
2590 2773 2913 2829 monasterii
2966 2772 3131 2828 tertio
3176 2781 3299 2841 post
3350 2784 3498 2825 anno

1921 2863 2139 2919 excedit
2184 2879 2216 2918 e
2243 2864 2418 2930 vivis;
2453 2866 2627 2934 ipsam
2660 2880 2793 2919 vero
2828 2864 3085 2919 vocabat—
3103 2862 3499 2931 ad-pratectu-

1926 2968 2044 3007 ram
2072 2954 2301 3009 fratrum
2342 2971 2635 3015 commune
2661 2954 3015 3026 suﬂ‘ragium.
3052 2952 3184 3007 Eam
3213 2954 3364 3006 enim
3399 2966 3497 3020 pro

1927 3046 2049 3101 viro
2094 3047 2367 3102 habebant
2396 3058 2452 3103 et
2485 3048 2749 3102 virtutem
2789 3046 3015 3116 quidem
3057 3043 3344 3108 videbant,
3374 3056 3508 3113 quae

1929 3141 2149 3201 inerat.
2208 3138 2550 3208 ignorabant
2590 3151 2776 3192 autem
2829 3135 2909 3201 id,
2972 3133 3122 3203 quod
3168 3132 3314 3202 apud
3374 3146 3499 3185 eam

1930 3229 2157 3284 latebat.
2186 3229 2346 3283 lllam
2379 3230 2567 3299 itaque
2604 3237 2784 3283 metus
2832 3226 3045 3282 invadit
3088 3233 3146 3280 et
3192 3223 3493 3280 dubitatio.

254 3310 425 3369 οὖσαν
454 3316 779 3385 προεστάναι
818 3318 1025 3387 ἀνδρῶν
1068 3318 1324 3385 έδικαίου,
1356 3319 1450 3373 καὶ
1497 3320 1554 3372 τδ
1580 3320 1824 3389 παριδεῖν

1801 3340 1824 3374 ν
1852 3322 1897 3381 C
1927 3318 2116 3388 Neque
2166 3320 2314 3373 enim
2360 3334 2577 3387 aequum
2635 3316 2919 3376 censebat.
2968 3324 3043 3369 utr
3066 3329 3190 3383 qua
3232 3321 3380 3368 esset
3419 3312 3496 3366 fe-

256 3404 597 3475 ἀδελφότητα
647 3409 840 3471 κοινῶς
882 3408 1139 3472 ἀξιοῦσαν
1190 3410 1657 3483 ίσχυρογνώμονος
1682 3408 1823 3467 εἶναι

255 3500 354 3552 καὶ
384 3497 640 3562 ἀπειθοῦς
661 3497 895 3569 έκρινεν.
928 3500 1145 3565 Ἐδοξεν
1166 3497 1259 3555 οὖν
1282 3505 1346 3556 hc
1373 3502 1468 3557 τοῦ
1497 3504 1827 3573 Εὑαγγελίου

256 3592 314 3645 τι
344 3592 596 3659 πόιητέον
635 3591 848 3661 μαθεῖν,
899 3592 1017 3661 Θεῷ
1072 3593 1133 3646 τδ
1183 3594 1376 3663 ἄδηλον
1411 3596 1825 3667 ὶπιτρέψαντας.

272 3682 427 3735 Ἐπεὶ
456 3682 512 3735 δὲ
543 3683 927 3750 ἀνεπτύσσετο,
957 3686 1312 3756 ήΔεσποτικὴ
1341 3686 1479 3758 αὓτη
1512 3688 1828 3759 θαυμασίως

260 3776 523 3845 ὑπηχεῐτο
552 3778 701 3846 φωνή
724 3794 738 3809 ο
770 3794 789 3827 ι
827 3774 893 3829 Εἰ
910 3792 992 3839 τις
1012 3776 1155 3829 θέλει
1181 3778 1239 3829 εν
1271 3778 1397 3846 ὑμῖν
1432 3776 1569 3832 εἶναι
1593 3779 1827 3851 πρῶτες,

261 3867 408 3919 εστω
436 3866 653 3920 πάντων
671 3866 895 3937 ἔσχατος
922 3869 1015 3920 καὶ
1032 3868 1249 3921 πάντων
1269 3868 1535 3933 διάκονος.
1571 3886 1591 3922 ι
1624 3870 1830 3923 Τούτου

264 3956 523 4031 ῥηθέντος
544 3954 639 4028 τὴν
658 3957 758 4027 μιν
777 3958 1110 4028 προστασίαν
1140 3959 1459 4029 ὑπέρχεται,
1490 3961 1583 4013 καὶ
1609 3961 1683 4031 μὴ
1710 3961 1834 4031 βου-

264 4050 490 4120 λομένη,
518 4050 615 4119 τῆς
635 4049 908 4111 διακονίας
936 4048 994 4103 δὲ
1014 4049 1109 4121 ὅλη
1131 4052 1224 4104 καὶ
1249 4049 1420 4114 οὕτως
1450 4035 1652 4105 εκοῦσα
1683 4052 1831 4120 γίνεο

265 4162 382 4210 ται,
410 4144 465 4197 τί
504 4145 578 4216 μὴ
606 4144 828 4198 ποιοῦσα
855 4143 963 4198 τῶν
999 4144 1233 4197 εὐτελῶν
1257 4146 1349 4197 καὶ
1375 4144 1467 4198 ὕπ’
1490 4145 1672 4198 αὐτῶν
1697 4147 1834 4208 ὅλως

1932 3410 2104 3473 mina.
2158 3409 2294 3463 viris
2343 3418 2623 3477 praeesset.
2671 3416 2729 3463 et
2775 3405 3147 3464 communiter
3208 3412 3499 3459 vocantem

1930 3500 2214 3569 despicere
2252 3497 2682 3563 inter-nitatem,
2714 3496 3005 3566 judicabat
3046 3508 3169 3549 esse
3193 3494 3505 3563 pervicacis

1929 3599 1985 3646 et
2020 3591 2282 3645 obstinati
2330 3590 2523 3644 animi.
2567 3588 2760 3643 Visum
2804 3597 2891 3642 est
2923 3600 3057 3657 ergo
3090 3600 3158 3639 ex
3204 3584 3503 3653 Evangelio

1930 3682 2171 3747 discere,
2204 3680 2338 3747 quid
2380 3681 2682 3752 agendum.
2726 3681 2840 3734 Deo
2866 3678 3229 3748 permittente
3262 3675 3319 3730 id
3354 3675 3502 3744 quod

1933 3782 2054 3830 erat
2078 3776 2350 3829 incertum
2385 3784 2443 3827 et
2479 3772 2807 3827 obscurum.
2852 3771 3151 3840 Postquam
3184 3780 3369 3823 autem
3400 3766 3505 3821 fuit

1933 3869 2292 3937 explicatum.
2324 3865 2742 3931 admirabiliter
2792 3865 2911 3918 hac
2941 3878 3047 3918 vox
3085 3862 3300 3917 Domini
3348 3876 3506 3915 resoe

1934 3961 2146 4016 nabat:
2184 3978 2201 4010 ι
2235 3957 2294 4011 Si
2342 3958 2470 4025 quis
2500 3957 2617 4011 vult
2648 3957 2796 4009 inter
2837 3969 2940 4009 vos
2983 3967 3109 4009 esse
3154 3953 3392 4022 primus.
3436 3950 3508 4003 sit

1934 4036 2179 4104 omnium
2230 4047 2480 4107 ultimus.
2538 4056 2602 4100 et
2652 4045 2903 4100 omnium
2961 4044 3219 4099 minister
3241 4042 3286 4096 δ.
3319 4060 3338 4092 ι
3394 4040 3508 4094 Hoc

1937 4138 2109 4203 dicto.
2163 4137 2547 4207 praefecturam
2594 4136 2821 4205 quidem
2871 4135 3023 4189 subit
3062 4135 3150 4187 vel
3197 4132 3416 4187 invita:
3450 4145 3509 4184 se

266 4234 382 4288 τῶν
414 4235 625 4303 μικρῶν
664 4233 1114 4304 άπαξιουμένωνς
1180 4234 1322 4304 ὕδωρ
1363 4233 1691 4299 έξαντλοῦσα
1738 4234 1835 4288 τοῦ

1806 4234 1835 4288 ὖ
1937 4244 2125 4291 autem
2155 4232 2234 4287 sic
2260 4233 2427 4287 etiam
2455 4230 2549 4285 dat
2582 4239 2754 4285 totam
2787 4228 2856 4282 ad
2887 4226 3344 4290 ministrandum,
3372 4225 3506 4294 quid

271 4327 529 4396 φρέατος,
561 4324 736 4379 οίκίαν
775 4326 1061 4396 σαίρουσα,
1085 4324 1218 4390 ξύλα
1242 4325 1516 4379 διακλῶσα
1546 4326 1836 4397 χιρσὶ,καὶ

1801 4326 1836 4379 tt
1938 4342 2050 4382 non
2102 4326 2308 4379 faciens
2354 4323 2666 4393 indignum.
2710 4330 2767 4377 et
2812 4321 3166 4391 quaedam.
3226 4320 3321 4389 qui
3378 4332 3511 4372 sunt

270 4416 439 4470 τᾶλλα
468 4416 641 4468 πάντα
674 4417 773 4470 ὅσα
821 4414 1022 4485 μᾶλλον
1048 4414 1154 4468 τῶν
1194 4415 1491 4485 ἐλαχίστων
1520 4417 1649 4483 λιστὶ
1700 4417 1839 4471 κατά

1803 4417 1839 4471 ἀ
1940 4416 2078 4471 viles
2128 4422 2185 4469 et
2232 4413 2457 4482 abiecti,
2503 4412 2684 4466 facere
2745 4410 3162 4481 dedignantur?
3215 4425 3415 4479 aquam
3477 4424 3513 4463 e

275 4504 515 4574 σπουδὴν
546 4504 880 4578 πράττουσαν
906 4504 1047 4558 ὥστε
1084 4506 1179 4558 καὶ
1218 4504 1462 4577 θυρωρὸς
1492 4503 1631 4560 εἶναι
1660 4506 1749 4560 διά
1781 4505 1844 4559 τδ

1801 4505 1844 4559 ιδ
1941 4517 2107 4578 puteo
2138 4505 2430 4568 ell‘odiens,
2480 4504 2706 4558 domum
2748 4518 3000 4565 verrens,
3055 4503 3316 4557 manibus
3363 4501 3507 4568 ligna

274 4596 415 4665 πρὸς
441 4595 540 4668 την
569 4595 784 4666 ἐντολὴν
813 4594 1229 4649 εὐπαθέστατον
1255 4594 1423 4663 ἡδέως
1453 4594 1757 4665 ἀνέχεσθαι.

1944 4597 2223 4667 frangens,
2250 4602 2306 4648 et
2347 4594 2453 4647 alia
2496 4594 2704 4659 omnia,
2748 4607 2871 4663 qua
2916 4602 3048 4647 sunt
3097 4591 3345 4657 minima,
3382 4589 3512 4644 dili-

276 4698 470 4760 genter
520 4687 731 4743 faciens
777 4704 792 4744 :
845 4690 983 4745 adeo
1042 4696 1101 4744 ut
1146 4691 1313 4746 etiam
1367 4702 1489 4743 esse
1537 4687 1835 4761 ianitorem
1868 4690 2106 4746 libenter
2159 4687 2477 4750 sustineret,
2505 4695 2797 4757 propterea
2862 4685 3009 4757 quod
3043 4694 3319 4756 preeepto
3345 4698 3512 4753 pare-

279 4792 365 4838 ret
394 4782 781 4840 libentissime.

350 4874 467 4940 ις’.
500 4874 656 4928 Οὕτω
685 4874 749 4930 τὸ
783 4893 1001 4947 μετριον
1029 4876 1392 4949 διαφερόντως
1419 4877 1729 4947 ἀσκήσασα,
1751 4877 1848 4930 καὶ

1801 4877 1924 4949 alo
2021 4874 2160 4931 XVI.
2226 4872 2364 4929 Cum
2444 4872 2525 4927 sic
2601 4886 2733 4942 ergo
2802 4869 3098 4938 insigniter
3173 4866 3532 4920 exercuisset-

276 4968 339 5021 οὒ
351 4985 424 5021 τω
441 4970 542 5021 κάν
556 4971 622 5038 τῇ
646 4970 953 5042 προστασίᾳ
971 4970 1131 5024 πάλιν
1155 4970 1468 5041 περιφανῶς
1491 4968 1845 5039 διαλάμψασα

1801 4985 1845 5022 ra
1903 4964 2407 5029 ‘moderationem,
2456 4974 2512 5019 et
2549 4964 2604 5018 in
2646 4963 2977 5031 praelectum
3026 4971 3217 5013 rursus
3269 4956 3517 5025 resplen-

278 5059 457 5128 είχιτο
487 5060 580 5112 καὶ
610 5059 690 5113 ιτι
717 5060 816 5129 τῆς
863 5062 999 5131 πρὸς
1027 5061 1161 5115 Θεὸν
1208 5062 1497 5131 φερούσης.
1538 5061 1718 5113 Ὀσων
1752 5062 1849 5131 μὲν

1801 5063 1849 5114 ιν
1951 5061 2183 5124 άυὶδεει,
2241 5057 2533 5113 insistebat
2590 5055 2755 5110 etiam
2810 5053 2864 5107 in
2914 5053 3026 5115 via,
3078 5066 3199 5120 quae
3236 5048 3392 5131 ducit
3447 5049 3515 5101 ad

278 5146 377 5202 οὖν
388 5150 679 5218 θαυμάτων
693 5130 992 5221 αὐτουργὸς
1006 5130 1229 5221 γέγονεν
1249 5130 1436 5223 ἑτέρου
1460 5152 1666 5205 δεῖσθαι
1689 5154 1703 5173 ⁶
1724 5130 1850 5205 και·

1802 5169 1850 5204 ι·
1953 5152 2147 5214 Deum.
2207 5169 2225 5202 ι
2257 5150 2325 5204 ad
2373 5148 2654 5204 anteriora
2702 5144 2952 5214 quidem,
3006 5152 3066 5197 ut
3115 5130 3342 5195 divinus
3381 5138 3518 5191 dicit

288 5238 383 5305 ροῦ
418 5238 612 5307 σχολῆς
648 5256 705 5293 τε
761 5240 895 5303 ίδίας
946 5242 1040 5295 τοῦ
1089 5243 1414 5312 πράγματος
1466 5243 1719 5313 δεομένου
1757 5242 1850 5295 καὶ

1801 5242 1852 5295 al
1953 5243 2153 5297 Paulus
2172 5243 2216 5306 ',
2257 5256 2316 5295 se
2354 5238 2677 5301 extendens.
2725 5248 2921 5289 eorum
2968 5240 3179 5295 autem,
3206 5244 3329 5299 quze
3359 5236 3512 5283 retro

284 5328 462 5393 ἄλλως
497 5330 788 5399 φεύγοντος
815 5331 908 5386 τοῦ
935 5332 1091 5401 λόγου
1132 5336 1192 5387 τὸ
1224 5336 1397 5404 μῆκος
1420 5334 1508 5387 διὰ
1534 5335 1623 5387 τὸν
1653 5335 1812 5404 κόρον
1835 5350 1850 5364 ·

1801 5350 1850 5384 ν·
1950 5342 2146 5397 erant.
2198 5332 2530 5385 obliviscens
2565 5336 2791 5398 propter
2824 5332 3130 5395 promptam
3169 5331 3226 5377 et
3273 5320 3509 5373 alacrem

287 5418 315 5471 ὅ
347 5421 400 5472 δὲ
427 5421 519 5473 καὶ
540 5422 661 5475 λίαν
688 5426 983 5491 ἀναγκαῖον
1003 5427 1181 5478 εἰπεῖν
1210 5425 1345 5479 καὶὸ
1374 5424 1678 5496 μαρτυρίου
1700 5424 1849 5487 τέλος

1801 5441 1849 5487 »ς
1952 5423 2326 5492 operationem
2353 5420 2455 5490 (Ξ).
2486 5436 2505 5470 ι
2539 5420 2718 5488 Atque
2764 5429 2930 5486 quam
2969 5413 3142 5467 multa
3173 5410 3397 5480 quidem
3434 5405 3516 5461 le-

363 5559 383 5589 ⁵
421 5558 612 5613 Matth.
665 5575 752 5624 xx,
786 5558 891 5629 .26.
968 5562 988 5593 '
1022 5526 1261 5633 Philipp.
1320 5579 1402 5629 ιιι,
1468 5564 1556 5617 15.

292 5743 337 5799 Ε
366 5674 443 5740 (‘2)
489 5673 664 5729 Verba
706 5674 840 5739 hanc,
885 5674 953 5729 ad
1008 5678 1273 5729 anteriora
1320 5676 1596 5745 quiderm.
1629 5713 1673 5729 ..

342 5760 451 5798 v.1.

342 5760 451 5798 v.1.

1728 5675 1956 5730 alacrem
2027 5678 2404 5745 Operatioucm,
2471 5675 2667 5730 desunt
2733 5675 2786 5729 in
2866 5673 3241 5741 matmscrjptu
3302 5680 3489 5723 nostro
