4252 6440
701 343 860 449 ’δεῖ

1993 386 2278 450 MENSIS
2312 391 2735 459 DECEMBER.

3915 399 4021 462 628

757 497 898 552 cerit
945 501 1236 566 miracula,
1277 516 1506 557 narrare
1557 509 1644 556 est
1686 501 1920 558 alterius
1966 507 2235 576 temporis
2269 515 2325 560 et
2352 507 2436 561 At

2352 507 2395 561 Δ
2426 508 2711 573 ἀκολουθεῖ
2731 511 2826 565 καὶ
2847 511 2939 566 τὸν
2964 512 3159 584 είρμδν
3185 512 3478 568 ἀκόλουθον
3502 509 3620 584 εχει
3645 508 3760 575 τοῖς
3789 506 4021 581 ἑφεξῆς,

757 590 978 658 operis.
1021 592 1168 661 quod
1215 595 1500 665 proprium
1547 597 1791 666 postulat
1838 599 2015 653 otium
2047 616 2061 654 :
2090 601 2328 655 maxime

757 693 885 734 cum
924 689 1151 750 propter
1177 685 1490 738 satietatem
1535 686 1716 740 oratio
1746 686 1885 742 vitet
1926 688 2326 758 prolixitatem.

757 768 917 835 Quod
949 786 1082 827 vero
1126 781 1184 827 et
1221 773 1372 829 dictu
1418 784 1506 831 est
1533 774 1717 840 facile,
1761 786 1820 832 et
1855 778 1945 833 cui
1978 793 2331 848 consequens

758 867 847 913 est
876 860 1001 916 linis
1043 864 1316 933 martyrii,
1349 874 1406 922 et
1447 866 1611 920 habet
1655 869 1857 922 seriem
1889 880 2329 939 consequentem

760 951 829 1004 iis
853 969 976 1022 qua:
1001 953 1267 1026 deinceps
1300 970 1627 1028 sequuntur,
1657 960 1763 1015 hoc
1789 963 1900 1031 jam
1934 962 2173 1018 dicetur.
2200 961 2332 1018 Erat

757 1046 1104 1101 Alexandriae
1155 1050 1406 1118 quaedam
1457 1052 1680 1115 mulier.
1729 1055 1955 1110 nomine
2005 1054 2328 1119 Melanthia,

760 1152 881 1205 qua:
907 1135 1196 1194 facultates
1225 1142 1725 1209 quidem'habebat
1755 1147 2056 1202 multorum
2096 1148 2335 1202 talento-

762 1242 908 1291 rum,
950 1229 1041 1283 Dei
1077 1241 1261 1287 autem
1296 1235 1515 1290 timoris
1543 1245 1599 1291 et
1633 1237 1857 1292 virtutis
1883 1249 2006 1294 erat
2031 1240 2212 1309 in0ps.
2254 1239 2332 1292 Ea

760 1336 890 1376 cum
917 1322 1216 1390 aliquando
1241 1341 1271 1380 a
1303 1327 1570 1382 diuturno
1603 1337 1662 1384 et
1695 1332 1853 1401 gravi
1881 1331 2077 1386 morbo
2109 1340 2332 1401 arrepta

761 1421 910 1466 esset
945 1414 1089 1482 (erat
1120 1417 1267 1471 enim
1306 1418 1528 1484 borror,
1565 1432 1767 1491 quarto
1791 1438 2014 1492 quoque
2052 1423 2143 1478 die
2175 1438 2335 1479 acce-

764 1498 943 1568 dens),
977 1506 1070 1560 ubi
1131 1505 1274 1562 fama
1332 1508 1401 1562 ad
1458 1524 1580 1563 eam
1647 1513 1920 1580 pervasit,
1976 1528 2103 1568 esse
2154 1515 2334 1568 virum

764 1595 1062 1663 quemdam
1107 1600 1337 1653 nomine
1367 1601 1593 1668 quidem
1623 1601 1961 1672 Eugenium,
1999 1605 2114 1659 vita
2148 1615 2336 1663 autem

2433 599 2591 654 τοῦτο
2618 602 2682 678 δὴ
2715 604 2809 656 καὶ
2842 603 3184 674 λεχθήσεται.
3243 601 3354 658 Ἦν
3381 622 3467 670 τις
3513 604 3570 659 ιν
3634 602 4022 673 Ἀλεξανδρείᾳ

2433 693 2569 763 γυνὴ
2586 693 2822 776 τοῦνομα
2840 696 3118 750 Μελανθία
3141 696 3545 762 πολυτάλαντος
3566 697 3664 768 μιν
3681 695 3779 766 τὴν
3799 695 4019 760 οὐσίαν,

2435 786 2603 853 φόὸου
2631 787 2687 840 δὲ
2713 787 2860 840 θείου
2889 789 2982 842 καὶ
3005 790 3216 859 ἀρετῶν
3232 790 3430 853 uaso;
3454 786 3678 858 ἔχουσα.
3709 787 3862 856 Δῦτη
3885 787 4023 839 ποτε

2434 879 2632 950 χρονίῳ
2664 882 2926 952 νοσήματι
2982 884 3076 936 καὶ
3106 881 3265 959 βαρεῖ
3292 881 3562 962 ληφθεῖσα
3591 882 3613 951 (
3636 882 3788 952 ῥῖγος
3814 880 3930 948 γάρ
3955 873 4024 946 ἦν

2433 971 2495 1023 τδ
2525 970 2611 1023 διά
2637 972 2908 1042 τετάρτης
2939 974 3358 1042 ἐπισημαῖνον),
3409 970 3600 1042 ιπειδὴ
3630 967 3687 1022 δὴ
3719 969 3820 1023 καὶ
3845 967 4024 1036 αὐτὴν

2437 1064 2470 1134 ἡ
2511 1064 2667 1133 φήμη
2705 1063 3140 1134 συμπεριὲλασεν
3191 1065 3363 1137 ἀνδρα
3411 1065 3534 1120 τινὰ
3582 1058 3750 1127 εἶναι,
3789 1061 3891 1131 τὴν
3921 1059 4024 1129 μὲν

2436 1157 2630 1226 κλῆσιν
2675 1157 2960 1228 Εὐγένιον,
3011 1158 3102 1211 τὸν
3154 1157 3267 1227 βίον
3295 1156 3352 1211 δὲ
3383 1158 3551 1210 πᾶσιν
3578 1148 4026 1221 ἀξιοθαύμαστον

2435 1250 2504 1300 τὰ
2525 1249 2760 1318 δυσχερῆ
2787 1249 2895 1301 τῶν
2925 1247 3250 1316 νοσημάτων
3277 1245 3518 1316 εὐχερῶς
3548 1244 3744 1297 λύοντα
3762 1260 3777 1274 ο
3805 1254 4026 1309 παραυ-

2436 1341 2564 1392 τίκα
2588 1340 2756 1393 τᾶλλα
2783 1340 2961 1392 πάντα
2996 1339 3278 1409 σχολάζειν
3307 1340 3509 1408 ἀφεῖσα
3554 1335 3631 1403 τῷ
3666 1331 4026 1403 μοναστηρῑψ

2438 1434 2573 1504 πρὸς
2599 1433 2764 1502 τάχος
2779 1434 3038 1500 ὲπιφοιτᾶ
3065 1434 3158 1486 καὶ
3181 1430 3402 1502 θερμῶς
3421 1430 3653 1484 αἰτεῖται
3673 1426 3772 1495 τῆς
3799 1421 4028 1486 πιεζού-

2442 1541 2541 1593 σης
2581 1524 2841 1593 μάστιγος
2862 1524 2962 1592 τὴν
2995 1522 3333 1595 ἐλευθερίαν.
3381 1517 3578 1582 Οϊκτος
3616 1518 3709 1572 οὖν
3743 1515 4027 1586 λαμϐάνει

2439 1617 2536 1686 τὴν
2559 1616 2846 1685 Εὐγενίαν,
2870 1616 2964 1668 καὶ
2989 1614 3066 1681 τῷ
3087 1615 3228 1683 ἁγίῳ
3247 1611 3449 1683 ταύτην
3478 1609 3643 1679 ἐλαίῳ
3660 1609 3847 1676 ἁγίαις
3865 1604 4028 1675 χερσὶ

768 1689 1032 1779 omnibus
1077 1691 1490 1760 admirandum,
1545 1696 1644 1766 qui
1695 1698 1856 1752 facile
1908 1699 2074 1754 solvit
2114 1701 2339 1756 morbos
2441 1730 2447 1743 ι

2441 1708 2831 1779 περιχρίσασα,
2893 1706 3236 1776 παραχρῆμα
3293 1705 3393 1773 τὴν
3422 1698 3701 1756 νοσοποιὸν
3757 1696 4028 1767 ἐξεμέσαι

765 1778 1042 1849 difﬁciles,
1097 1785 1282 1839 statim
1323 1788 1584 1843 omnibus
1626 1790 1750 1844 aliis
1800 1791 2043 1855 omissis,
2095 1793 2337 1850 maxima
2367 1804 2444 1870 nl

2367 1844 2410 1870 ι,
2443 1778 2572 1870 ὓλην
2603 1799 2763 1862 ποιεῖ,
2796 1797 2887 1850 καὶ
2909 1795 3082 1859 οὕτως
3111 1793 3447 1866 ἡΜελανθία
3486 1791 3735 1860 καθαρᾶς
3779 1785 4029 1857 τυχοῦσα

765 1874 1060 1932 celeritate
1109 1880 1263 1933 venit
1308 1879 1376 1934 ad
1411 1884 1834 1948 monasterium,
1873 1891 1933 1939 et
1973 1884 2334 1943 vehementer
2367 1874 2444 1920 ⁸³η

2367 1874 2413 1904 υ
2440 1889 2538 1958 τῆς
2567 1887 2781 1955 ὑγιείας
2815 1886 3065 1938 ἐπάνεισι
3115 1884 3214 1954 μὲν
3273 1881 3588 1955 ἐρρωμένη,
3638 1879 3776 1948 πρός
3811 1893 3938 1930 τινα
3973 1875 4031 1928 δὲ

766 1980 942 2039 rogat,
969 1979 1030 2024 ut
1055 1971 1322 2027 liberetur
1349 1990 1378 2028 a
1407 1975 1583 2044 plaga,
1611 1992 1734 2046 quae
1765 1993 1888 2033 eam
1920 1979 2141 2048 premit.
2175 1980 2336 2038 Mise-
2439 1999 2445 2016 '

2439 1982 2547 2034 τῶν
2573 1979 2778 2048 ταύτης
2826 1976 3013 2048 ἀγρῶν
3062 1976 3120 2040 δς
3172 1975 3268 2028 καὶ
3296 1976 3363 2045 τῇ
3404 1975 3537 2044 μονῇ
3597 1969 3926 2047 ίγγειτονῷν
3957 1963 4030 2037 ἦν

765 2066 1009 2120 ricordia
1062 2070 1247 2137 itaque
1291 2080 1544 2125 movetur
1603 2073 1846 2143 Eugenia
1878 2077 1894 2127 τ’
1925 2085 1981 2131 et
2030 2091 2155 2131 cum
2215 2092 2334 2133 eam
2442 2096 2444 2103 ί

2442 2070 2827 2141 παραγίνεται,
2888 2071 2980 2121 καὶ
3038 2067 3156 2138 μετ’
3206 2067 3266 2120 οὒ
3299 2066 3435 2119 πολὺ
3486 2063 3755 2135 ἀργυρίου
3791 2058 4031 2131 φαιδροῦ

766 2165 960 2210 sancto
1019 2156 1142 2210 oleo
1200 2159 1406 2213 sanctis
1454 2162 1704 2217 unxisset
1752 2165 2026 2227 manibus,
2077 2167 2335 2235 protinus
2440 2184 2445 2196 ⁴

2440 2165 2567 2234 τρία
2591 2161 2756 2231 σκεύη
2783 2160 3087 2230 φιλοκάλως
3112 2159 3399 2229 ἀσκήσασα
3421 2158 3629 2227 πέμπει
3661 2158 3726 2226 τῇ
3761 2154 4033 2224 Εὐγενίᾳ,

768 2245 961 2312 cllicit,
1023 2257 1081 2302 ut
1137 2260 1359 2303 evomat
1410 2253 1701 2307 materiam
1757 2257 1934 2310 morbi
1982 2256 2339 2312 efﬁcientem.
2436 2274 2447 2305 4

2436 2257 2512 2325 τῷ
2548 2254 2823 2324 εὐκτηρίῳ
2849 2251 3008 2322 δῆθεν
3032 2253 3132 2321 τῆς
3163 2251 3334 2321 μονῆς
3357 2249 3492 2320 οἴκῳ
3510 2249 3660 2320 δῶρα
3689 2244 4033 2301 καθοσιοῦσα

769 2339 974 2407 Sicque
996 2337 1294 2394 Melantltia
1320 2341 1459 2409 pure
1485 2353 1783 2400 consecuta
1807 2347 2120 2411 sanitatem,
2149 2351 2340 2404 valens
2437 2366 2448 2401 ε

2437 2348 2854 2417 εὐχαριστήρια.
2885 2344 2979 2415 Μὴ
3010 2345 3384 2414 προσιεμένης
3414 2344 3470 2396 δὲ
3495 2343 3595 2412 τὴν
3654 2339 4037 2412 προσαγωγὴν

768 2430 995 2498 quidem
1032 2434 1332 2488 revertitur
1370 2454 1384 2488 :
1419 2437 1572 2492 venit
1602 2448 1790 2494 autem
1821 2440 1888 2494 ad
1921 2444 2215 2510 quemdam
2272 2461 2340 2498 ex
2440 2448 2447 2500 4

2440 2441 2684 2510 (ἔφασκε
2713 2439 2823 2507 γάρ
2844 2436 2904 2489 οὕ
2929 2435 3182 2504 λυσιτελῆ
3214 2435 3470 2505 μοναχοῖς
3497 2430 3641 2486 εἶναι
3668 2432 3787 2485 οὐδ’·
3811 2429 4039 2484 οἰκείαν

770 2522 892 2577 suis
916 2523 1084 2592 agris,
1115 2525 1208 2593 qui
1241 2525 1408 2578 etiam
1439 2535 1561 2581 erat
1591 2543 1765 2600 prope
1810 2532 2232 2596 monasterium,
2283 2543 2342 2588 et
2438 2549 2449 2567 ·

2438 2532 2540 2603 τὴν
2570 2529 2676 2583 toi
2697 2528 2940 2601 ἀργύρου
2961 2530 3179 2598 κτῆσιν,
3204 2526 3341 2580 ἀλλά
3373 2526 3572 2580 πωλεῖν
3598 2525 3681 2578 δεῖ
3703 2525 3797 2578 καὶ
3822 2521 4040 2592 πένησι

773 2627 883 2666 uon
914 2612 1088 2667 multo
1120 2624 1241 2682 post
1277 2622 1550 2685 tempore,
1593 2633 1718 2672 cum
1754 2635 1822 2674 ex
1860 2620 2053 2690 pulcro
2097 2630 2153 2676 et
2201 2638 2342 2692 puro
2448 2628 2452 2668 ί

2448 2623 2723 2694 διανέμειν
2760 2621 2793 2692 ἢ
2829 2621 3004 2692 κρεῶν
3042 2619 3217 2682 άλλως
3259 2618 3416 2688 βάρει
3451 2615 3851 2686 πιεζομένοις),
3885 2612 4041 2681 αὐτὴ

771 2714 1000 2774 argento
1041 2706 1145 2759 tria
1182 2721 1307 2760 vasa
1338 2708 1694 2773 confecisset,
1740 2725 1805 2765 ea
1847 2713 2019 2768 mittit
2060 2712 2127 2767 ad
2160 2713 2342 2783 Euge-

2451 2717 2587 2785 πρδς
2615 2714 2714 2787 τὴν
2739 2713 3000 2782 Εὐγενίαν
3027 2712 3356 2782 φοιτήσασα,
3384 2708 3480 2761 καὶ
3509 2707 3561 2760 τί
3589 2705 3726 2777 πρὸς
3752 2702 3928 2757 πειθὼ
3957 2704 4042 2773 prd}

772 2796 946 2861 niam,
992 2799 1317 2853 monasterii
1366 2799 1469 2854 adi
1501 2803 1760 2856 aratoris:
1808 2817 1871 2856 ea
1905 2803 2048 2858 dona
2075 2803 2343 2861 dedicans

2451 2808 2678 2862 ειποῦσα
2708 2801 2740 2877 ἢ
2775 2805 3051 2877 δράσασα,
3084 2803 3259 2858 πείθει
3286 2800 3472 2855 λαθεῖν
3499 2798 3597 2853 καὶ
3631 2794 4044 2863 ἀναθεῖναι-τὸν

773 2902 877 2957 pro
919 2891 1217 2959 gratiarum
1259 2892 1500 2947 actione.
1533 2893 1673 2947 Cum
1714 2903 1901 2948 autem
1953 2912 2155 2952 munus
2187 2897 2345 2952 obla-
2451 2933 2452 2946 η

1298 2892 1500 2947 ctione.
1533 2893 1673 2947 Cum
1714 2903 1901 2948 autem
1953 2912 2155 2952 munus
2187 2897 2345 2952 obla-
2451 2900 2694 2970 ἄργυρον
2730 2897 2810 2966 τῷ
2844 2896 2977 2966 ναῷ.

775 2989 894 3035 ιυω
927 2997 1037 3036 non
1063 2983 1385 3038 admitteret
1413 2984 1838 3057 (dicebat.enim
1870 3002 1984 3042 non
2017 3003 2141 3044 esse
2204 2989 2490 3045 monachis
2555 2990 2773 3051 utilem.
2826 3000 3008 3056 neque
3059 2983 3480 3040 convenientem
3550 2983 3762 3052 argenti
3805 2990 4044 3047 posses-

775 3072 1012 3138 sionem,
1045 3074 1141 3129 sed
1175 3089 1297 3128 eam
1325 3091 1447 3131 esse
1480 3075 1856 3142 vendendam,
1926 3087 1985 3134 et
2047 3080 2390 3150 pauperibus
2464 3079 2935 3143 distribuendam,
2982 3087 3080 3133 aut
3129 3079 3199 3132 iis
3240 3076 3335 3147 qui
3386 3075 3593 3143 alioqui
3639 3072 4046 3140 Opprimuntur

774 3165 1022 3237 pondere
1063 3167 1418 3232 debitorum),
1461 3168 1582 3237 ipsa
1611 3183 1738 3222 cum
1769 3170 2016 3226 venisset
2061 3173 2132 3226 ad
2178 3172 2502 3242 Eugeniam,
2538 3181 2594 3226 et
2627 3172 2759 3240 quid
2823 3187 2935 3225 non
3002 3166 3254 3233 dixisset,
3316 3171 3413 3220 aut
3445 3163 3669 3219 fecisset
3693 3159 3762 3214 ad
3798 3172 4045 3229 persua-

781 3264 1022 3321 dendum
1044 3303 1060 3327 ,
1113 3263 1414 3332 persuadet
1463 3272 1522 3318 ut
1559 3267 1794 3336 accipiat
1824 3275 2138 3337 argentum,
2170 3275 2226 3322 et
2261 3276 2494 3336 reponat
2529 3267 2585 3320 in
2615 3267 2821 3336 templo
2854 3265 3195 3321 dedicatum.

854 3355 1016 3411 XVII.
1058 3355 1185 3410 Fuit
1227 3369 1411 3409 autem
1443 3354 1620 3424 pietas
1662 3360 1884 3414 occasio
1933 3360 2256 3428 impietatis,
2292 3359 2416 3422 etC
2519 3358 2533 3411 l

2371 3359 2416 3422 C
2519 3358 2621 3413 lZ'.
2658 3355 2765 3412 Ἦν
2788 3359 2845 3411 δὲ
2875 3356 2983 3427 ἀρα
3011 3358 3109 3427 τῆς
3128 3354 3384 3415 ἀσεϐείας
3406 3352 3662 3414 ὑπόθεσις
3690 3351 3722 3419 ἠ
3751 3346 4040 3411 aediﬁcia,

777 3460 973 3500 verum
1023 3455 1108 3500 est
1158 3444 1217 3498 id
1271 3444 1421 3514 quod
1471 3446 1603 3500 olim
1652 3446 1860 3502 dictum
1906 3457 2012 3511 est,
2061 3465 2172 3503 non
2225 3464 2348 3504 esse

780 3537 951 3593 ullam
983 3551 1098 3590 rem
1143 3535 1305 3590 alteri
1337 3543 1448 3590 tam
1479 3538 1843 3608 propinquam
1885 3555 2052 3608 quam
2082 3539 2348 3595 virtutem

779 3628 958 3682 vitio:
987 3636 1046 3682 et
1087 3642 1231 3696 sape
1263 3627 1463 3695 aliquis
1492 3628 1647 3697 juxta
1695 3644 1816 3683 eam
1867 3629 2096 3694 vadens,
2144 3632 2352 3699 impru-

782 3723 922 3776 dens
959 3719 1272 3790 ingreditur
1298 3719 1353 3772 in
1373 3721 1739 3773 contrarium.
1767 3719 1924 3786 Quod
1951 3723 2120 3776 etiam
2147 3723 2350 3778 accidit

783 3812 1115 3866 llelantbia.
1155 3811 1392 3866 Virtutis
1431 3811 1578 3865 enim
1619 3812 1850 3868 fortasse
1883 3813 2219 3870 mediocrem
2257 3827 2352 3868 cu-

781 3921 903 3962 ram
947 3917 1169 3973 gerens,
1220 3901 1570 3970 imprudens,
1628 3905 1892 3973 quoniam
1937 3912 2180 3960 mentem
2239 3920 2351 3959 non

783 3995 1062 4060 adhibuit,
1097 3994 1164 4048 ad
1196 4009 1469 4049 summam
1507 3995 1744 4050 deducta
1777 3995 1880 4049 fuit
1914 3997 2349 4065 improbitatem.

783 4089 907 4144 Jam
958 4087 1106 4143 enim
1153 4086 1352 4141 electa
1397 4086 1706 4151 familiaris,
1755 4104 1881 4142 cum
1946 4089 2012 4144 ad
2067 4105 2188 4144 eam
2245 4089 2354 4142 iret

786 4180 1030 4240 assidue.
1057 4187 1116 4234 et
1145 4178 1324 4234 virum
1353 4179 1568 4234 videret
1597 4181 1782 4248 specie
1807 4181 2086 4250 juvenem,
2126 4191 2183 4234 et
2212 4179 2352 4235 faeie

785 4270 1127 4332 formosum,
1172 4283 1296 4323 eam
1345 4269 1495 4323 subit
1545 4284 1698 4344 amor
1724 4285 2072 4339 nequaquam
2123 4271 2351 4340 quidem

786 4360 1074 4415 illiberalis
1106 4378 1118 4413 :
1147 4367 1202 4413 et
1231 4360 1492 4428 paulatim
1519 4358 1937 4415 demulcebatur
1966 4359 2085 4428 ejus
2120 4369 2176 4414 et
2218 4362 2356 4416 deli-

785 4450 1046 4506 niebatur
1068 4449 1308 4510 animus,
1331 4450 1534 4504 deinde
1551 4451 1715 4504 etiam
1739 4449 1897 4505 valde
1920 4450 2354 4514 accendebatur,

2451 3451 2543 3504 καὶ
2567 3449 2771 3520 ἀληθὲς
2804 3448 2864 3502 τὸ
2897 3448 3065 3503 πάλαι
3113 3447 3300 3518 ῥηθὲν,
3342 3445 3424 3498 δτι
3459 3442 3614 3518 οὐδὲν
3647 3441 3867 3511 ἐγγίζον
3897 3439 4045 3494 ἀλλο

2452 3541 2587 3613 πρὸς
2615 3541 2802 3610 ἕτερον
2824 3539 2899 3605 ὡς
2925 3542 3094 3612 ἀρετὴ
3121 3540 3258 3612 πρδς
3279 3540 3499 3593 κακίαν·
3531 3538 3625 3591 καὶ
3650 3535 3913 3598 πολλάκις
3946 3551 4043 3596 τις

2451 3635 2603 3705 παρά
2647 3633 2852 3704 ταύτην
2874 3631 3112 3704 βαδίζων
3149 3633 3248 3702 τῆς
3269 3630 3520 3692 ἐναντίας
3559 3628 3741 3682 λαθὼν
3767 3625 3900 3680 εἴσω
3931 3625 4044 3694 γέ·

2451 3740 2628 3792 γονεν·
2657 3717 2704 3792 ᾧ
2759 3723 2824 3795 δὴ
2877 3723 2969 3776 καὶ
2999 3721 3284 3776 Μελανθία
3337 3720 3763 3790 συμπέπτωκεν.
3791 3717 4042 3788 ’Δρετῆς

2451 3815 2560 3887 γὰρ
2584 3815 2714 3879 ἴσως
2748 3814 2983 3885 μετρίως
3016 3811 3382 3883 φροντίζουσα
3418 3809 3610 3879 λέληθε
3640 3809 3718 3880 τῷ
3747 3810 3821 3879 μὴ
3855 3826 4044 3879 προσ-

2449 3906 2601 3975 έχειν
2631 3907 2721 3959 τὸν
2755 3905 2880 3958 νοῦν
2929 3907 3010 3967 είς
3040 3905 3208 3972 ἀκρον
3243 3902 3550 3974 μοχθηρίας
3604 3900 4041 3972 παρενεχθεῖσα.

2458 3997 2596 4065 Ἤδη
2615 3996 2722 4065 γάρ
2746 3994 2981 4061 συνήθης
3003 3993 3369 4063 γεγονυῖακαὶ
3392 3991 3632 4062 συνεχῶς
3646 3992 3795 4060 παρὰ
3819 3991 4046 4061 ταύτην

2457 4086 2635 4152 ίοΰσα,
2663 4087 2830 4159 ἄνδρα
2855 4104 2914 4139 τε
2944 4087 3130 4156 δρῶσα
3157 4083 3234 4156 τῷ
3280 4085 3591 4155 φαινομένῳ
3642 4079 3901 4148 νεάζοντα
3933 4087 4046 4137 καὶ

2456 4177 2584 4248 δψιν
2634 4177 2964 4248 περικαλλῆ,
2998 4177 3140 4247 ἔρως
3197 4176 3369 4245 αὐτὴν
3409 4174 3714 4245 εἰσέρχεται
3763 4173 4045 4242 οὖμενουν

2457 4269 2678 4339 ἀτενὴς,
2712 4268 2808 4320 καὶ
2835 4267 2977 4321 κατά
3010 4267 3208 4339 μικρὸν
3241 4265 3494 4332 ὲθὲλγετο
3526 4267 3623 4334 τὴν
3651 4264 3853 4334 ψυχήν.
3891 4259 4043 4319 Εἶτα

2459 4361 2553 4414 καὶ
2585 4360 2817 4431 ίσχυρῶς
2841 4359 3168 4429 ἀνεφλέγετο
3196 4357 3492 4426 νομίζουσα
3522 4357 3644 4427 μηδ’
3666 4356 3731 4410 ἀν
3765 4357 4046 4424 Εὑγενίαν

2457 4451 2707 4518 ἁγνεύειν
2768 4450 2898 4503 ποτὶ
2928 4449 3212 4516 δύνασθαι,
3275 4447 3415 4502 ἀλλά
3446 4447 3584 4518 μηδι
3616 4449 3715 4516 τὴν
3741 4447 3837 4516 τῆς
3871 4447 4044 4501 νόσου

791 4549 854 4595 ut
903 4555 1025 4609 qua:
1069 4539 1415 4594 cxiStimaret
1463 4539 1762 4610 Eugeniam
1809 4557 1879 4597 ne
1918 4556 2080 4611 posse
2129 4542 2352 4611 quidem
2459 4559 2470 4593 ‹

2459 4542 2634 4612 φυγὴν
2685 4541 2874 4611 θεῖκῆς
2920 4539 3180 4609 γενέσθαι
3208 4539 3432 4609 χάριτος
3452 4555 3467 4569 ο
3508 4537 3706 4610 τέχνης
3736 4538 3792 4590 δὲ
3822 4537 4043 4606 μᾶλλον

787 4645 1011 4701 semper
1049 4647 1171 4686 esse
1213 4640 1443 4696 castam,
1481 4631 1576 4685 sed
1619 4647 1800 4701 neque
1835 4633 2012 4687 morbi
2061 4634 2354 4703 prepulsa-
2388 4687 2429 4703 η
2463 4656 2466 4698 λ

2388 4687 2429 4703 η
2463 4625 2705 4703 μαγικῆς
2726 4635 2820 4685 καὶ
2839 4632 3118 4686 ἀντιθέτου
3144 4631 3449 4700 δυνάμεως.
3472 4631 3658 4684 ταῦτα
3673 4630 3773 4702 τὴν
3797 4629 4042 4699 καρδίαν

790 4724 999 4778 tionem
1053 4722 1252 4777 divina
1311 4721 1484 4778 fuisse
1530 4724 1744 4796 gratia,
1807 4725 1903 4778 sed
1970 4726 2109 4780 artis
2169 4727 2353 4794 potius
2388 4717 2469 4777 l't

2388 4717 2432 4742 ν
2457 4723 2626 4791 αὐτῆς
2661 4722 2952 4791 ἐπισχόντα
3013 4721 3146 4789 φλόξ
3202 4737 3262 4773 τε
3308 4720 3404 4772 τοῦ
3435 4719 3635 4789 ἔρωτος
3692 4717 3904 4788 χαλεπὴ
3937 4720 4043 4770 καὶ

791 4813 1036 4882 magicae,
1085 4823 1142 4867 ει
1170 4813 1377 4868 inimici
1426 4819 1709 4884 potentiae.
1759 4817 1884 4870 Hac
1935 4833 2056 4886 qua:
2104 4834 2201 4872 eor
2235 4818 2356 4887 ejus
2456 4818 2470 4866 ε

2456 4816 2681 4867 ἀπιστία
2702 4815 2848 4881 δεινὴ
2876 4814 3123 4867 πείθουσι
3149 4815 3242 4866 καὶ
3267 4811 3418 4880 αὖτῷ
3449 4811 3527 4881 τῷ
3552 4811 3699 4881 ἔργῳ
3731 4809 4043 4880 ἐπιτολμῆ-

793 4909 1229 4969 occupaverant,
1279 4908 1333 4954 et
1382 4904 1678 4957 vehemens
1733 4902 1948 4958 ﬂamma
2014 4905 2249 4968 amoris,
2301 4913 2356 4958 ct
2457 4922 2472 4957 ι

2457 4921 2545 4957 σαι
2575 4906 2670 4958 καὶ
2696 4906 2764 4958 τά
2789 4904 2883 4959 τοῦ
2908 4905 3136 4969 σκότους
3168 4897 3887 4972 παρρησιάσασθαι.’Δεινὺν
3918 4903 4042 4970 γὰρ

793 4991 980 5060 gravis
1012 4992 1392 5057 incredulitas,
1437 4994 1790 5062 persuadent,
1825 5004 1886 5048 ut
1926 4995 2108 5051 audax
2138 4996 2356 5051 facinus
2456 5014 2472 5047 ι

2456 4997 2551 5048 καὶ
2613 4989 2951 5064 ίταμὼτατον
3007 4994 3170 5066 ἔρως,
3227 4996 3321 5048 καὶ
3373 4995 3473 5063 οὐχ
3517 4991 3688 5055 οὕτως
3731 4992 3887 5045 οὐδὲν
3917 4992 4041 5046 τῶν

791 5084 1165 5153 aggrediatur,
1212 5096 1265 5140 et
1316 5102 1403 5140 res
1447 5088 1799 5143 tenebrarum
1825 5089 2001 5144 libere
2040 5091 2351 5158 eloquatur.
2457 5092 2470 5139 ι

2457 5087 2763 5157 ἀνεφίκτων
2791 5088 2819 5140 ὃ
2857 5089 2931 5158 μὴ
2964 5087 3182 5155 ἑφικεὸν
3206 5085 3401 5156 ὲκείνῳ
3434 5085 3580 5137 δοκεῖ
3610 5086 3702 5138 καὶ
3736 5084 4036 5152 ἀνύσιμον.

791 5178 899 5231 Res
953 5178 1101 5232 enim
1153 5179 1333 5247 gravis
1383 5187 1466 5233 est
1507 5194 1660 5233 amor
1708 5188 1763 5234 et
1823 5181 2318 5249 impudentissima.
2361 5179 2546 5249 Neque
2601 5194 2690 5235 res
2714 5188 2798 5234 est
2830 5179 2938 5233 ulla
3003 5178 3142 5233 adeo
3201 5176 3353 5231 aditu
3379 5173 3642 5238 difﬁcilis,
3675 5171 3743 5227 ad
3774 5188 3939 5243 quam
3972 5187 4039 5226 se

793 5287 904 5324 non
938 5285 1097 5338 posse
1138 5272 1426 5339 pervenire
1455 5283 1511 5327 et
1541 5288 1660 5328 eam
1697 5277 1959 5343 consequi
1988 5277 2286 5330 existimet.

857 5363 1048 5418 XVIII.
1089 5364 1227 5419 Cum
1271 5367 1454 5434 itaque
1489 5367 1711 5435 degeret
1745 5370 1800 5421 iu
1847 5372 2012 5438 agris,
2052 5379 2110 5422 ut
2140 5370 2347 5424 dictum
2535 5372 2536 5423 Τ

2535 5368 2635 5424 IH'.
2671 5367 3014 5437 Διαιτωμίνη
3065 5364 3194 5434 γοῦν
3224 5366 3281 5417 ὲν
3334 5364 3546 5433 ἀγροῖς,
3577 5363 3764 5429 ωσπερ
3791 5362 4039 5430 εἴρηται,

788 5462 898 5507 est.
949 5454 1149 5508 vicinis
1199 5456 1554 5520 monasterio,
1604 5466 1659 5510 et
1709 5459 2128 5525 perturbatione
2187 5459 2353 5517 animi
2466 5485 2467 5491 η

2466 5465 2669 5530 γείτοσι
2704 5463 2801 5529 τῆς
2837 5460 3001 5528 μονῆς
3032 5461 3125 5510 καὶ
3178 5457 3273 5525 τὴν
3301 5456 3479 5526 ψυχὴν
3515 5456 3722 5523 σφόδρα
3774 5453 4046 5506 παθαινο-

792 5545 945 5599 valde
969 5546 1204 5607 laboret,
1235 5547 1454 5600 simulat
1487 5563 1544 5602 se
1574 5565 1802 5616 corpore
1835 5565 1953 5602 esse
1990 5540 2272 5617 mgrOtam,
2301 5562 2356 5605 et

2471 5553 2605 5621 μένη
2643 5552 2893 5618 σώματος
2928 5549 3211 5600 ἀσθένειαν
3269 5547 3621 5615 ὑποκρίνεται
3672 5545 3769 5597 καὶ
3819 5545 4043 5614 ἀπίστῳ

798 5635 1108 5688 incredibili
1152 5638 1437 5691 celeritate
1484 5641 1710 5693 accersit
1764 5641 2081 5708 Eugenium,
2141 5657 2250 5694 non
2299 5644 2359 5692 li-
2466 5659 2477 5674 ο

2466 5642 2619 5708 τάχει
2649 5639 2997 5707 μετεκαλείτο
3024 5637 3122 5699 τὴν
3146 5635 3431 5700 Εὑγενίαν,
3453 5635 3511 5685 οὐ
3539 5635 3636 5701 τὴν
3663 5634 4043 5701 προσποίητιν

798 5739 942 5782 ctum
974 5730 1121 5782 hunc
1154 5733 1404 5784 morbum
1429 5742 1770 5794 curaturam,
1805 5735 1898 5787 sed
1927 5736 2038 5786 veri
2069 5743 2125 5787 et
2156 5735 2355 5787 occulti
2469 5751 2477 5766 ε

2469 5732 2620 5783 νόσον
2676 5730 2991 5798 ἰασομένην,
3039 5729 3174 5779 ἀλλά
3227 5727 3323 5791 τῆς
3355 5724 3619 5792 ἀψευδοῦς
3653 5727 3745 5777 καὶ
3804 5728 4043 5794 κρυφίου

793 5823 1183 5879 ιι;ιιε“ίιι)ἰ1ὶιρτ
1207 5825 1445 5879 futuram
1477 5827 1820 5893 partit-Spem.
1854 5826 2142 5893 Postquam
2175 5836 2354 5880 autem
2463 5846 2472 5877 ε

2463 5825 2715 5886 ἐλεεινῶς
2746 5823 3141 5893 κοινωνήσασα.
3203 5822 3352 5872 Ἐπεὶ
3389 5820 3443 5873 δὲ
3480 5823 3564 5872 κατ
3602 5819 3660 5873 τὸ
3695 5819 4045 5890 ποθούμενον
