4252 6440
204 394 319 459 629

1319 390 1662 454 MARTYRI
1677 392 1786 453 ΠΜ
1829 394 1892 457 S.
1933 395 2293 458 EUGENIJ'I
2308 444 2321 459 .

3351 407 3455 465 630

204 508 502 576 πρόσωπον
548 504 681 559 εἵσω
731 504 908 575 θυρῶν
935 500 1027 576 ἦν,
1082 506 1117 573 η
1164 504 1464 570 Μελανθία,
1502 505 1565 557 τὸ
1599 504 1827 568 πάθοςΑ

1873 518 1937 557 ea
1981 520 2145 573 quam
2189 507 2561 573 desiderabat,
2609 509 2779 567 facies
2817 512 2919 566 fuit
2955 514 3097 567 intra
3143 513 3311 571 fores.
3344 519 3453 567 Με.

202 599 358 651 Ινδον
387 598 722 666 φλεγμαῖνον
740 597 842 650 οὐκ
872 596 1175 663 ἰνεγκοῦσα
1202 596 1366 659 εὐθὺς
1395 598 1460 648 tat
1482 594 1576 648 τοῦ
1612 614 1779 667 πονη-

202 686 306 758 ροῦ
335 686 610 756 θησαυροῦ
635 687 907 757 πονηροὺς
943 685 1166 756 προΐησι
1207 685 1419 752 λόγους.
1460 686 1555 738 καί
1588 685 1780 753 πρῶτα

207 776 313 846 μιν
337 776 474 846 πρὸς
504 774 742 843 άθεσμον
776 775 1039 844 ἠπείγετο
1063 773 1233 843 μίξιν.
1257 774 1321 827 Et
1352 774 1409 827 δὲ
1442 777 1515 845 μὴ
1549 774 1779 843 βούλοιο,

202 867 396 935 φησιν,
452 864 588 917 ἀλλά
624 866 726 918 καὶ
761 864 909 934 νόμῳ
940 864 1120 933 γάμου
1146 863 1391 933 λήψομαί
1433 883 1494 919 σε
1531 868 1781 936 φανερῶς

204 958 289 1019 εἰς
316 957 502 1027 ἀνδρα,
536 958 630 1010 καί
658 956 893 1010 πλούτου
924 956 1111 1028 κύριος
1144 957 1245 1028 Ion
1286 956 1481 1013 πολλοῦ
1503 1000 1516 1023 ,
1550 960 1778 1029 χρυσοῦ,

203 1049 474 1119 ἀργύρου,
506 1049 733 1118 ίσθῆτος
764 1048 1110 1115 πολυτελοῦς,
1158 1042 1367 1118 ἀγρῶν,
1407 1051 1639 1121 κτηνῶν,
1681 1052 1780 1105 ἀν-

205 1138 510 1209 δραπόδων,
542 1140 660 1206 μεθ’
688 1133 763 1193 ὧν
787 1138 932 1205 test;
952 1141 1024 1194 κά
1033 1141 1103 1211 μὶ
1124 1137 1321 1212 δούλην
1343 1142 1459 1196 ἀντ’
1490 1142 1782 1215 ιλευθέρας

150 1274 156 1278 .
205 1228 306 1280 καὶ
330 1228 616 1295 όμοτίμου,
636 1227 957 1281 καὶτούτων
980 1227 1315 1293 ἀπολαύσεις
1349 1228 1567 1292 πάντως
1593 1232 1779 1298 αὐτὸς,

206 1321 335 1373 hut
358 1320 451 1373 καὶ
469 1319 660 1391 ἀνδρὸς
685 1319 893 1391 ἔρημος
934 1319 1046 1389 ἑγὼ
1091 1322 1189 1376 καὶ
1222 1322 1428 1376 παίδων
1458 1323 1553 1375 καὶ
1580 1339 1781 1392 συγγε-

204 1409 337 1465 νῶν.
367 1411 461 1474 Εἰς
485 1411 538 1465 τί
568 1412 676 1482 γὰρ
708 1413 805 1465 καὶ
826 1411 987 1476 ἀνθος
1030 1412 1283 1482 σώματος
1330 1412 1472 1467 οὕτω
1493 1414 1657 1469 καλὸν
1686 1417 1784 1469 καὶ

205 1500 329 1571 ὥρα
352 1501 631 1568 πάγκαλος
659 1503 889 1572 ἀσκήσει
919 1505 1014 1557 καί
1042 1502 1229 1563 πόνοις
1256 1503 1534 1574 τηκόμενα
1563 1505 1782 1575 διαμεί-

204 1607 334 1658 ut;
367 1589 554 1644 Ταῦτα
583 1592 681 1661 τῆς
704 1593 1013 1655 Μελανθίας
1032 1593 1225 1664 θερμῷ
1258 1596 1349 1647 καὶ
1381 1598 1596 1663 συνεχεῖ
1620 1595 1784 1649 πνεύ-

206 1697 339 1749 ματι
364 1681 667 1751 διεξιούσης
699 1685 730 1752 ἡ
758 1683 1006 1753 μακαρία
1029 1686 1124 1737 καὶ
1146 1682 1270 1737 καθ’
1289 1685 1519 1738 ἕκαστον
1546 1687 1646 1755 μὲν
1673 1686 1782 1738 τῶν

203 1773 512 1843 λεγομένων
566 1777 749 1830 ιττενε
783 1778 878 1830 καί
908 1780 1007 1847 τῆς
1039 1780 1328 1853 διαλίξεως
1357 1780 1562 1847 σφόδρα
1594 1779 1656 1831 τὸ
1682 1781 1779 1848 ιμ-

1885 592 2095 648 lanthia
2128 610 2236 650 non
2264 597 2447 653 ferens
2468 600 2639 654 animi
2685 611 2892 657 motum
2926 605 3079 658 intus
3111 616 3455 666 astuanu-m,

1830 740 1835 745 ,
1883 683 2067 735 statim
2112 692 2371 753 tanquam
2405 702 2473 742 ea
2525 690 2670 744 malo
2722 691 2986 748 thesauro
3033 695 3207 748 malos
3259 699 3462 764 promit

1884 785 2187 829 sermones.
2222 776 2289 829 Et
2320 780 2561 846 primum
2610 784 2834 849 quidem
2876 786 2942 838 ad
2988 786 3261 840 nefarium
3318 789 3453 840 int-i-

1884 863 2034 917 tabat
2064 867 2295 932 coitum,
2349 868 2506 935 Quod
2538 872 2584 926 si
2613 874 2779 936 nolis,
2811 875 3015 943 inquit,
3048 887 3103 930 at
3126 893 3228 946 ego
3266 886 3315 931 te
3341 877 3458 946 lege

1882 956 2215 1010 matrimonii
2258 960 2431 1029 palam
2474 966 2738 1035 accipiam
2789 968 2843 1021 in
2893 970 3178 1033 maritum,
3235 973 3457 1039 erisque
3508 992 3516 995 “

1881 1044 2140 1102 dominus
2203 1053 2359 1108 multi
2413 1056 2568 1118 auri.
2629 1061 2866 1127 argenti,
2924 1062 3182 1129 pretiosae
3254 1064 3455 1127 vestis,

1881 1150 2160 1204 agrorum.
2190 1140 2593 1212 jumentorum,
2640 1152 3041 1222 mancipiorum
3070 1171 3086 1207 ι
3115 1169 3215 1223 pro
3254 1156 3457 1223 quibus

1882 1241 1969 1280 me
1994 1244 2213 1300 quoque
2255 1234 2483 1291 habebis
2512 1239 2767 1293 ancillam
2801 1257 2901 1310 pro
2927 1243 3126 1307 libera,
3180 1254 3235 1298 et
3270 1245 3364 1298 tibi
3402 1248 3454 1298 in

1882 1316 2091 1376 honore
2118 1326 2339 1392 equali,
2391 1337 2447 1383 et
2487 1329 2573 1384 his
2608 1332 2868 1386 omnibus
2914 1334 3035 1402 ipse
3066 1333 3288 1389 frueris.
3336 1334 3453 1391 Non

1881 1417 1969 1465 est
2017 1414 2163 1471 enim
2231 1418 2365 1472 mihi
2425 1424 2683 1485 maritus.
2740 1440 2842 1480 nec
2878 1427 2997 1493 lilii,
3054 1444 3157 1483 nec
3209 1432 3450 1497 cognati.

1881 1497 2154 1564 Quorsum
2206 1507 2357 1561 enim
2409 1519 2518 1565 tam
2550 1514 2785 1581 pulcher
2830 1516 2933 1570 llos
2968 1521 3248 1587 corporis,
3281 1531 3335 1574 et
3366 1538 3457 1574 ve-

1883 1595 2203 1651 nustissima
2262 1603 2521 1668 species,
2588 1621 2645 1660 se
2709 1609 3109 1664 exercitatione
3182 1624 3449 1681 perpetua

1885 1684 2144 1742 tabefacit
2199 1701 2256 1745 et
2306 1693 2628 1752 laboribus?
2680 1699 2805 1756 Haec
2839 1718 2963 1757 cum
3014 1706 3128 1757 acri
3177 1714 3231 1758 et
3279 1707 3454 1759 conti-

1882 1778 2035 1831 nenti
2067 1780 2263 1848 spiritu
2292 1799 2715 1856 persequeretur
2737 1791 3054 1859 Melanthio,
3087 1795 3241 1848 beata
3270 1798 3453 1863 suspi-

204 1865 377 1929 παθὲς
407 1866 762 1935 ἐμυσάττετο.
797 1868 961 1931 Τέλος
987 1869 1044 1922 δὲ
1076 1851 1336 1940 πρὸςτην
1377 1869 1581 1939 πολλὴν
1604 1868 1775 1939 αὐτῆς
1807 1851 1827 1906 1

1880 1869 2040 1926 rabat
2099 1851 2323 1942 quidem
2396 1851 2483 1933 adv
2526 1895 2696 1935 unum
2760 1851 3053 1953 quodque.
3090 1901 3282 1940 eorum
3335 1851 3456 1956 qua:

201 1958 523 2027 ἀδολεσχίαν
542 1960 889 2028 ἰλιγγιάσασα
916 1962 1009 2013 καὶ
1037 1960 1216 2030 κηρῷ,
1233 1960 1295 2014 τὸ
1316 1959 1409 2013 τοῦ
1439 1959 1776 2030 λόγου,φρα-

204 2048 412 2119 ξαμένη
451 2050 520 2102 τὰ
551 2043 686 2113 ὦτα,
738 2053 833 2105 καὶ
865 2052 1004 2121 μηδι
1058 2053 1280 2105 ἀκούειν
1329 2051 1411 2105 lu
1447 2052 1772 2123 ἀνεχομένη,

216 2139 492 2208 Ἐπίσχες,
530 2139 802 2210 ἑξεδόησε,
868 2141 1052 2208 γύναι,
1106 2141 1355 2212 ἰπίσχες,
1409 2144 1505 2195 καὶ
1555 2144 1775 2213 μακράν

205 2231 380 2286 ταῦτα
428 2233 528 2299 ἀγε
572 2234 665 2301 ἀφ’
713 2234 901 2303 ἡμῶν·
954 2233 1118 2288 αὐτὸν
1140 2234 1251 2304 γάρ
1278 2235 1411 2304 ἡμῖν
1446 2235 1535 2289 τὸν
1564 2234 1640 2288 ίδν
1679 2235 1773 2289 τοῦ

206 2325 443 2379 παλαιοῦ
476 2326 784 2397 δράκοντος
804 2328 1104 2391 ἀποπτύεις
1128 2341 1143 2357 ⁸
1192 2328 1254 2381 οὐ
1291 2328 1645 2398 προησόμεθα
1676 2328 1775 2399 τὴν

205 2417 456 2485 ἁγνείαν,
474 2419 537 2472 οὐ
571 2419 880 2489 φθεροῦμεν
909 2421 1009 2491 τὴν
1036 2419 1358 2489 παρθενίαν,
1388 2422 1475 2483 οὐ,
1500 2420 1639 2473 Θεοῦ
1672 2421 1777 2491 μῆο

204 2527 327 2580 τερ,
360 2511 445 2580 ἰφ’
476 2511 545 2583 ἢν
574 2511 685 2579 εγὼ
712 2513 972 2576 πέποιθα,
1004 2514 1097 2566 καὶ
1118 2513 1384 2581 Παρθένε,
1415 2513 1477 2565 οὐ
1501 2512 1779 2582 ψεύσομαι

204 2599 328 2662 τὰς,
351 2599 488 2668 ἐμάς
520 2599 813 2669 συνθήκας.
839 2596 935 2663 Εἷς
957 2604 1086 2670 ἡμῖν
1104 2604 1301 2670 γάμος,
1330 2603 1359 2653 ὁ
1386 2600 1523 2671 πρὸς
1547 2602 1780 2673 Χριστὸν

206 2688 393 2753 πόθος,
431 2683 512 2753 εἷς
550 2692 797 2757 πλοῦτος,
823 2693 891 2745 τὰ
923 2695 980 2746 ἰν
1001 2693 1251 2765 οὐρανοῖς
1277 2693 1481 2765 ἀγαθὰ,
1518 2693 1617 2766 μία
1649 2694 1777 2765 κτῆο

211 2797 318 2846 σις,
347 2780 383 2851 ἡ
404 2781 604 2851 γνῶσις
633 2784 737 2855 τῆς
766 2785 1046 2857 ἀληθείας.

281 3061 385 3115 ῙΘ¹.
424 3060 642 3116 Τούτων
663 3065 696 3132 ἡ
725 3064 961 3134 ἄσεμνος
988 3063 1269 3119 ἀκούσασα
1302 3065 1605 3131 Μελανθία,
1625 3065 1783 3137 θυμῷ

211 3170 271 3207 τε
295 3154 595 3224 ἀπορρήτῳ
614 3155 967 3210 διακαυθεῖσα
990 3157 1188 3227 (βαρὺς
1217 3159 1324 3228 γάρ
1353 3158 1783 3228 ὑϐρισθεὶςερως
1809 3193 1853 3249 ρ

212 3247 312 3298 καὶ
343 3246 463 3299 οὐδὶ
518 3246 781 3311 καθεκτὸς
828 3248 1023 3317 ὅλως),
1069 3248 1205 3318 πρὸς
1232 3250 1333 3319 τὴν
1381 3248 1778 3320 Ἀλεξανδρέων

212 3336 435 3408 ἰχώρει,
474 3337 595 3391 λίαν
646 3338 795 3393 δεινά
829 3340 971 3393 κατά
1001 3340 1265 3407 Εὐγενίας
1318 3339 1605 3395 ὠδίνουσα.
1648 3337 1782 3395 Εῐτα

211 3430 307 3482 καὶ
325 3428 568 3500 χαλεπὴν
595 3432 733 3498 αὐτῇ
764 3428 1096 3500 συρῤἀψασα
1128 3429 1228 3499 τὴν
1256 3428 1529 3500 διαϐολὴν,
1556 3429 1783 3498 ἐφίστα-

210 3541 303 3576 ται
332 3524 410 3593 τῷ
432 3525 659 3594 ἐπάρχῳ
686 3525 965 3592 Φιλίππῳ,
998 3523 1165 3603 μηδίν
1187 3527 1360 3578 εἰδυῖα
1376 3526 1482 3579 τῶν
1513 3525 1653 3579 κατά
1682 3525 1781 3595 τὴν

214 3616 506 3685 Εὐγενίαν,
548 3618 675 3688 μήθ’
707 3618 790 3671 ὅτι
815 3619 997 3687 πατὴρ
1020 3604 1201 3681 «οὗτος
1246 3621 1437 3690 αὐτῆς,
1469 3620 1597 3690 μήθ’
1629 3622 1781 3683 ὅπως

210 3709 398 3777 εκείνη
431 3713 493 3762 tu
524 3710 783 3777 γυναικὸς
818 3712 898 3772 είς
931 3710 1098 3778 ἀνδρα
1130 3710 1192 3763 τὸ
1224 3712 1407 3781 σχῆμα
1435 3711 1778 3782 μεταϐεϐλή-

212 3817 323 3856 ttat.
349 3799 537 3871 Τούτῳ
568 3799 859 3870 τοιγαροῦν
885 3802 1155 3873 ἐπιστᾶσα
1200 3806 1439 3871 μέτεισιν
1487 3803 1544 3870 ἐξ
1580 3805 1780 3858 ἀκολα-

212 3892 338 3955 σίας
363 3892 498 3961 πρὸς
529 3891 629 3963 τὴν
660 3893 1026 3959 συκοφαντίαν
1055 3895 1150 3947 καὶ
1186 3898 1514 3965 κατηγορεῖν
1547 3895 1779 3966 ἄρχεται

210 3984 333 4037 λίαν
362 3985 645 4053 κακοήθως
676 3985 770 4037 καὶ
798 3984 1070 4053 πονηρῶς,
1126 3986 1362 4049 Νεανίας
1391 4003 1496 4051 τις,
1520 3987 1778 4055 λέγουσα,

211 4074 312 4145 τὴν
370 4074 469 4144 μὲν
523 4074 647 4143 δψιν
702 4075 1057 4145 περικαλλὴς,
1093 4076 1184 4128 τὸν
1227 4077 1283 4128 δὲ
1307 4076 1625 4144 τρόπονκαὶ
1658 4078 1779 4131 λίαν

212 4166 433 4237 ἔναγὴς,
483 4166 827 4236 Χριστιανῶν
876 4166 1193 4234 ὑποκριθείς
1243 4168 1531 4222 εὐλάϐειαν
1560 4170 1779 4239 εἰσῆλθε

211 4258 353 4326 πρός
390 4274 477 4326 με.
510 4257 656 4311 Μίαν
685 4258 741 4310 δὲ
776 4258 923 4327 κάμὲ
946 4257 1054 4310 τῶν
1080 4258 1333 4328 ἀσέμνων
1362 4260 1588 4328 νομίσας
1617 4257 1775 4327 εἰναι,

211 4347 429 4420 πρῶτον
465 4350 565 4420 μὶν
591 4351 832 4419 ῥήμασιν
871 4349 1192 4418 ἀπατηλοῖς,
1237 4345 1356 4402 εἶτα
1399 4352 1492 4403 καί
1529 4352 1716 4420 χερσὶν
1750 4352 1779 4403 ό

212 4441 521 4511 πάντολμος
551 4442 689 4510 πρὸς
715 4441 838 4510 βίαν
862 4441 1079 4510 ἰχρῆτο,
1112 4441 1208 4495 καὶ
1243 4442 1297 4493 εί
1317 4459 1381 4510 γε
1431 4443 1507 4513 μὴ
1535 4444 1779 4511 γεγωνό-

1873 1960 2225 2030 dicebantur,
2271 1975 2327 2022 et
2362 1971 2535 2025 animi
2577 1974 2998 2040 perturbatione
3026 1978 3243 2045 plenam
3294 1981 3453 2034 valde

1874 2051 2210 2111 abhorrebat
2239 2061 2573 2115 orationem.
2618 2063 2862 2120 Tandem
2915 2074 3099 2120 autem
3147 2068 3215 2121 ad
3254 2071 3456 2124 multas

1873 2140 1995 2210 ejus
2041 2158 2217 2215 nugas
2259 2148 2523 2218 caligans,
2580 2167 2729 2215 cera,
2768 2165 2829 2209 ut
2874 2155 3103 2221 dicitur,
3156 2174 3319 2214 aures
3361 2162 3457 2212 ol.‘
3536 2170 3544 2181 '

1875 2241 2119 2298 struens,
2152 2248 2205 2292 et
2237 2254 2341 2296 nec
2375 2244 2611 2312 amplius
2642 2245 2867 2313 quidem
2899 2247 3094 2303 audire
3127 2251 3410 2320 sustinens
3438 2270 3452 2303 :

1874 2322 2082 2381 Cohibe
2110 2328 2373 2398 linguam.
2419 2347 2452 2387 ο
2485 2335 2705 2399 mulier,
2737 2337 3087 2403 exclamavit,
3141 2341 3365 2407 cohibe,
3402 2354 3456 2397 et

1877 2413 2122 2472 sinthtec
2148 2420 2340 2486 procul
2367 2437 2395 2474 a
2426 2422 2611 2477 nobis.
2636 2426 2873 2499 Exspuis
2897 2429 3045 2485 enim
3075 2430 3127 2486 in
3154 2448 3255 2488 nos
3277 2435 3455 2501 ipsum

1879 2505 2033 2563 virus
2074 2508 2335 2567 draconis
2364 2516 2589 2572 veteris.
2635 2514 2751 2573 Non
2787 2520 3089 2589 prodemus
3120 2525 3456 2588 castitatem,

1880 2614 1989 2656 non
2016 2615 2436 2675 corrumpemus
2461 2609 2830 2679 virginitatem
2876 2630 2890 2666 :
2917 2628 3051 2678 non,
3089 2630 3122 2668 o
3153 2615 3248 2670 Dei
3285 2616 3457 2673 Mater

1879 2702 1937 2749 et
1976 2692 2166 2765 Virgo,
2216 2698 2273 2751 in
2308 2713 2472 2767 quam
2515 2714 2618 2770 ego
2676 2702 2918 2767 conﬁdo,
2954 2720 3063 2759 non
3099 2704 3285 2760 fallam
3333 2724 3455 2763 mea

1880 2797 2038 2859 pacta
2081 2798 2376 2872 conventa.
2430 2790 2608 2847 Unum
2661 2802 2748 2848 est
2807 2794 2970 2850 nobis
3020 2796 3453 2864 matrimonium,

1879 2882 2087 2939 Christi
2114 2883 2489 2949 desiderium;
2524 2884 2701 2940 unicae
2738 2897 2869 2943 sunt
2898 2889 3129 2956 divitiae,
3160 2890 3304 2946 bona
3336 2907 3458 2961 qua:

1883 2983 2014 3029 sunt
2046 2975 2104 3028 in
2144 2976 2339 3041 cmlis;
2376 2977 2538 3031 unica
2568 2978 2863 3046 possessio,
2898 2980 3143 3049 c0gnitio
3183 2983 3454 3037 veritatis.

1955 3064 2098 3121 XIX.
2142 3066 2265 3121 Haec
2307 3082 2433 3121 cum
2483 3068 2775 3125 inhonesta
2824 3072 3092 3127 audiisset
3137 3072 3455 3138 Melanthia,

1888 3156 1990 3222 ira,
2030 3172 2154 3227 qua:
2183 3157 2291 3213 dici
2324 3173 2433 3212 non
2462 3168 2661 3227 potest,
2702 3161 2926 3216 incensa
2970 3162 3076 3229 (est
3099 3164 3245 3218 enim
3275 3166 3460 3233 gravis

1887 3262 2061 3311 amor,
2089 3256 2144 3303 et
2172 3250 2264 3317 qui
2298 3265 2405 3303 non
2443 3260 2625 3318 potest
2651 3252 2878 3306 omnino
2908 3253 3184 3317 cohiberi)
3211 3255 3455 3322 profecta

1884 3346 1968 3390 est
1999 3337 2406 3403 Alexandriam,
2438 3340 2598 3394 valde
2643 3342 2829 3411 gravia
2856 3344 3173 3411 parturiens
3195 3345 3459 3401 adversus

1887 3428 2207 3498 Eugeniam.
2265 3430 2471 3485 Deinde
2517 3446 2641 3486 cum
2693 3434 2861 3487 etiam
2911 3420 3191 3489 dilllcilem
3234 3437 3288 3490 in
3332 3451 3457 3490 eant

1887 3521 2181 3575 struxisset
2204 3521 2553 3586 calumniam,
2599 3524 2751 3578 venit
2782 3524 2849 3579 ad
2888 3525 3209 3593 praefectum
3242 3527 3457 3599 Philipp

1888 3629 2040 3684 pum,
2083 3613 2221 3666 nihil
2249 3615 2431 3667 sciens
2469 3629 2533 3668 ex
2568 3615 2635 3667 iis
2679 3630 2801 3683 quae
2829 3616 2879 3669 el
2909 3626 3208 3671 evenerant
3234 3636 3248 3672 :
3277 3622 3457 3688 neque

1887 3706 2035 3775 quod
2070 3706 2117 3760 is
2160 3715 2306 3760 esset
2336 3714 2493 3775 pater
2518 3706 2797 3773 Eugeniae,
2826 3722 3005 3776 neque
3041 3711 3185 3778 quod
3216 3711 3313 3765 illa
3339 3727 3459 3765 inu-

1888 3804 2055 3852 tasset
2079 3796 2325 3851 habitum
2357 3797 2685 3851 muliebrem
2709 3798 2763 3851 in
2794 3798 3031 3853 virilem.
3059 3800 3139 3855 Ad
3170 3817 3297 3856 eum
3325 3816 3456 3871 ergo

1887 3887 2180 3950 accedens,
2204 3889 2273 3943 ab
2299 3889 2725 3957 intemperantia
2762 3892 2961 3945 transit
3005 3891 3074 3945 ad
3093 3893 3461 3955 calumniam,

1887 3988 1944 4058 et
1977 3994 2096 4032 eam
2121 3979 2315 4047 incipit
2358 3995 2617 4034 accusare
2653 3980 2951 4035 admodum
2987 3983 3223 4052 maligne
3248 3993 3307 4038 et
3348 3986 3455 4040 im-

1888 4069 2083 4139 probe,
2123 4069 2315 4124 dicens
2348 4086 2363 4125 :
2396 4069 2629 4135 Quidam
2672 4070 3014 4137 adolescens,
3055 4073 3194 4128 facie
3234 4075 3465 4143 quidem

1887 4161 2183 4224 formosus,
2207 4161 2302 4215 sed
2336 4163 2581 4215 moribus
2624 4163 2783 4215 valde
2826 4164 3154 4229 sceleratus,
3187 4164 3458 4219 Christia-

1888 4268 2081 4307 norum
2125 4253 2392 4308 simulans
2434 4253 2714 4321 pietatem,
2756 4253 2823 4307 ad
2860 4269 2945 4309 me
2995 4266 3079 4310 est
3132 4258 3452 4327 ingressus:

1886 4354 1942 4399 et
1979 4359 2103 4399 cum
2154 4359 2239 4399 me
2282 4345 2522 4413 aliquam
2568 4354 2815 4412 putasset
2853 4359 2974 4399 esse
3016 4346 3353 4414 impudicam
3401 4364 3456 4404 et

1889 4439 2271 4501 inhonestam,
2321 4438 2559 4505 primum
2615 4436 2838 4503 quidem
2888 4437 3073 4491 verbis
3132 4438 3455 4504 fallacibus,

207 4548 371 4603 τερον
424 4530 687 4600 ἰξεδόησα
737 4532 835 4585 καὶ
869 4531 1063 4600 στῆναι
1094 4530 1192 4601 τὴν
1245 4532 1587 4602 θεράπαιναν
1639 4544 1827 4603 παρ-ι

1888 4527 2088 4582 deinde
2114 4528 2281 4580 etiam
2309 4526 2565 4580 manibus
2587 4525 2654 4578 ad
2682 4526 2794 4579 vim
2824 4541 2958 4580 usus
2981 4536 3067 4581 est
3092 4529 3178 4581 vir
3201 4530 3458 4583 audacis-

209 4622 485 4677 εσκεύασα
538 4622 830 4692 δρομαίαν,
860 4621 937 4685 ὡς
969 4623 1067 4693 μία
1097 4622 1165 4675 ἂν
1195 4625 1285 4675 καὶ
1334 4622 1472 4691 αὐτὴ
1496 4622 1604 4675 τῶν
1627 4623 1783 4693 ἐξην-

210 4713 659 4784 δραποδισμὲνων
723 4713 1075 4784 ιμιαινόμην.
1138 4712 1384 4783 θῦτωςή
1434 4713 1662 4783 ἀναιδὴς
1717 4714 1778 4767 τὸ

212 4807 430 4875 ἰκείνης
490 4805 657 4875 μῦσος
708 4808 774 4876 τῇ
808 4806 1028 4877 καθαρᾷ
1058 4808 1381 4876 περιάπτειν
1429 4806 1652 4876 ἐτόλμα,
1686 4808 1782 4862 καὶ

215 4898 360 4969 άπερ
405 4898 541 4967 αὐτὴ
595 4898 814 4967 δράσειε
862 4897 1055 4951 παθεῖν
1112 4899 1311 4969 μᾶλλον
1376 4906 1779 4971 προσεποιεῖτο.
1846 4958 1851 4961 ,

214 4988 402 5041 Ταῦτα
428 4986 570 5041 οὕτω
598 4987 833 5060 ρηθέντα
863 4986 1125 5058 ἰξίμηνεν
1161 4988 1399 5057 ἰσχυρῶς
1426 4990 1515 5042 τὸν
1541 4990 1783 5060 ῑπαρχον

214 5077 310 5131 καὶ
329 5077 586 5147 δεσμίους
613 5076 843 5143 ἄγεσθαι
872 5079 1002 5148 παρ’
1020 5078 1184 5132 αὐτὸν
1202 5079 1453 5133 ἐκέλευεν
1480 5081 1579 5133 οὐκ
1609 5082 1780 5148 Εὐγε-

214 5168 334 5219 νίαν
367 5167 550 5236 μόνον,
591 5165 729 5219 ἀλλά
759 5168 855 5219 καὶ
888 5168 1095 5230 πάντας
1133 5166 1249 5237 ἃμα
1298 5169 1452 5230 τοὺς·
1479 5170 1577 5221 σὺν
1621 5170 1780 5240 αὐτῇ.

217 5257 455 5320 Τούτους
492 5260 590 5328 μιν
623 5256 719 5311 οὖν
773 5258 917 5312 κατά
967 5259 1029 5311 τδ
1083 5258 1376 5312 κελευσθὲν
1429 5262 1693 5329 ἀχθέντας
1726 5262 1783 5315 αί

218 5351 457 5420 φρουραὶ
482 5352 639 5405 ἄλλον
663 5351 797 5422 άλλη
812 5351 1202 5422 διεμερίζοντο.
1240 5353 1405 5423 ᾩήθη
1436 5356 1544 5423 γὰρ
1573 5356 1600 5407 ὁ
1622 5354 1787 5423 ξπαρ.

218 5459 314 5512 χος
348 5441 422 5510 μή
474 5442 540 5495 άν
572 5459 702 5495 ποτε
750 5441 975 5495 τοιαῦτα
1029 5442 1426 5512 διαψεύσασθαι
1476 5445 1786 5498 Μελανθίαν

214 5536 453 5600 γυναῖκα
479 5531 622 5586 οὕτω
653 5550 712 5586 τε
744 5535 941 5603 εὐγενῆ
963 5535 1058 5587 καὶ
1089 5530 1305 5603 πλούτῳ
1352 5536 1448 5588 καὶ
1473 5536 1605 5608 δόξῃ
1630 5552 1787 5605 περι-

216 5624 404 5692 φανῶς
433 5624 686 5693 εχουσαν,
715 5624 815 5679 οὐκ
843 5624 998 5689 εἰδὼς
1047 5628 1129 5679 ὅτι
1166 5627 1396 5681 πλούτου
1428 5628 1523 5680 καὶ
1553 5645 1787 5696 περιφα-

218 5714 371 5776 νείας
407 5715 756 5785 ἰσχυρότερον
779 5714 957 5785 ψυχῆς
1009 5715 1200 5779 πάθος.
1232 5714 1534 5785 Τοιγαροῦν
1556 5719 1604 5770 οἰ
1634 5717 1788 5770 δικά-

216 5800 406 5866 Cons;
442 5799 643 5867 πάντες
674 5804 870 5875 μικροῦ
894 5805 999 5860 τῶν
1037 5804 1207 5873 ἁγίων
1238 5806 1450 5877 ἐρήμην
1481 5805 1784 5877 κατεψηφί-

1885 4619 2079 4683 simus,
2107 4626 2162 4671 et
2188 4616 2293 4670 nisi
2322 4617 2484 4671 altius
2506 4618 2922 4681 exclamassem,
2954 4626 3011 4671 et
3048 4628 3108 4671 ut
3138 4632 3458 4695 accurrerct

1883 4709 2102 4770 ancilla,
2144 4708 2473 4768 eﬂ‘ecisscm,
2530 4722 2632 4777 ego
2691 4718 2948 4777 tanquam
3001 4709 3215 4777 captiva
3268 4711 3453 4778 aliqua

1885 4800 2095 4869 polluta
2121 4813 2320 4853 essem.
2352 4798 2428 4851 Ita
2456 4798 2748 4865 impudens
2774 4799 2975 4852 mulier
3002 4800 3083 4853 illi
3110 4816 3260 4869 pura:
3291 4802 3460 4856 aude-

1886 4891 1979 4945 bat
2027 4905 2186 4945 suum
2235 4890 2511 4943 ascribere
2550 4888 2835 4959 ﬂagitium.
2897 4890 3022 4944 Haec
3055 4891 3136 4943 sic
3173 4892 3320 4945 dicta
3389 4896 3455 4947 ad

1852 4976 2128 5038 'furorem
2170 4982 2327 5037 valde
2363 4983 2716 5036 concitarunt
2764 4980 3106 5051 praefectum,
3158 4991 3215 5035 et
3244 4985 3459 5037 vinctos

1888 5077 1954 5131 ad
1999 5092 2057 5131 se
2093 5076 2262 5146 jussit
2304 5075 2529 5137 adduci,
2583 5088 2694 5127 non
2754 5074 2926 5127 solam
2981 5072 3311 5141 Eugeniam,
3359 5075 3455 5129 sed

1885 5169 2049 5223 etiam
2088 5181 2279 5221 omnes
2328 5166 2510 5229 simul,
2547 5165 2640 5234 qui
2672 5178 2799 5217 cum
2832 5178 2897 5217 ea
2933 5171 3112 5218 erant.
3147 5155 3324 5233 Atque
3359 5180 3455 5218 eos

1840 5310 1843 5314 .
1886 5258 2130 5327 quidem,
2184 5259 2477 5327 utjussum
2524 5256 2728 5319 fuerat,
2769 5256 3056 5319 adductos,
3112 5257 3283 5310 alium
3324 5257 3453 5310 alibi

1886 5350 2114 5405 diversa:
2149 5351 2404 5404 tenebant
2430 5348 2715 5403 custodiae.
2744 5347 3108 5402 Existimabat
3134 5348 3282 5401 enim
3316 5363 3457 5416 pra:-

1889 5442 2068 5497 l‘ectus
2125 5457 2404 5510 nunquam
2451 5441 2578 5493 talia
2621 5440 2986 5493 conﬁcturam
3037 5439 3206 5493 fuisse
3260 5439 3460 5491 Melan-

1889 5532 2083 5594 thiam,
2108 5532 2395 5585 mulierem
2419 5530 2556 5583 adeo
2581 5529 2848 5593 nobilem,
2872 5528 3184 5597 opibusque
3204 5535 3259 5582 et
3283 5528 3456 5597 gloria

1892 5623 2162 5693 insignem
2194 5638 2209 5677 :
2239 5622 2500 5676 nesciens
2550 5621 2867 5676 divitiarum
2915 5631 2972 5676 et
3018 5623 3288 5676 claritatis
3336 5637 3457 5677 esse

1891 5714 2360 5767 vehementiorem
2424 5713 2593 5766 animi
2654 5712 3168 5779 perturbationem,
3222 5720 3277 5765 ct
3334 5726 3455 5778 quac

1892 5814 2073 5874 potest
2120 5804 2472 5875 persuadcsc,
2533 5805 2623 5858 illa
2669 5802 2887 5872 quidem
2945 5820 3109 5873 parva
3176 5811 3451 5873 reputare.
