4252 6440
790 392 890 458 631

2009 389 2295 452 ΜΕΝὸΙὸ
2337 387 2771 453 DECEMBER.

3928 386 4039 449 632

785 513 1014 572 propter
1056 500 1111 556 td
1151 514 1357 564 autem,
1393 499 1540 570 quod
1588 502 1639 555 ei
1665 499 1886 556 videtur
1933 501 1990 555 in
2021 501 2339 572 praesentia,
2369 501 2464 565 Αζ

2369 504 2419 562 Α
2447 501 2622 565 (owe,
2659 501 2756 553 καὶ
2782 497 2996 552 τούτων
3026 495 3077 551 οῖ
3113 497 3216 568 μέν
3241 497 3427 551 ὀδοῦσι
3479 495 3686 568 θηρίων
3718 493 4037 565 ὑποϐληθῆ-

781 605 999 667 gnatum
1029 597 1232 668 eligere
1264 594 1637 652 mendacium.
1678 599 1881 652 Omnes
1905 597 2089 667 itaque
2105 596 2340 668 indices,

780 690 1039 742 absentes
1075 696 1296 743 sanctos
1331 685 1725 755 prepemodum
1772 687 2218 742 condemnabam
2245 704 2258 739 :
2288 695 2345 740 et

781 793 850 831 ex
886 779 977 840 iis,
1020 778 1111 832 alii
1151 777 1375 846 quidem
1417 791 1635 844 equum
1664 778 1964 833 censebant
2001 793 2101 835 eos
2140 777 2341 847 subjici

2453 608 2541 646 ναι
2570 592 2770 654 αὐτοὺς
2807 588 3102 656 ἐδικαίουν,
3141 588 3192 642 οί
3224 583 3285 641 δέ
3319 588 3618 658 ἀναρτήσει
3663 585 3864 653 ξύλων,
3897 588 3948 640 oi
3978 585 4035 639 δέ

2451 683 2802 755 πικροτέροις
2849 682 3075 751 τρόποις
3105 680 3412 750 τιμωριῶν,
3443 678 3765 745 κολάζοντες
3814 678 3936 748 ἃμα
3963 677 4035 746 τῇ

2452 773 2789 845 συκοφαντίᾳ
2818 773 2916 824 καὶ
2942 773 3044 842 τὴν
3075 771 3392 825 εὐσέϐειαν.

783 871 1046 926 dentibus
1109 869 1381 935 ferarum;
1411 870 1504 924 alii
1560 886 1691 926 vero
1721 872 1777 926 in
1813 873 1964 944 ligno
1993 872 2293 944 suspendi;
2325 871 2418 926 alii
2456 880 2641 926 autem
2690 866 3075 924 acerbiorihns
3115 865 3421 938 generibus
3458 865 3890 936 suppliciorum,
3922 877 4034 919 una

780 978 906 1015 cum
937 963 1214 1017 calumnia
1244 965 1540 1034 punientes
1570 966 1851 1035 pietatem.

848 1051 968 1107 XX.
1005 1056 1298 1124 Postquam
1323 1067 1504 1112 autem
1534 1059 1707 1114 adfuit
1735 1060 1852 1114 dies
1873 1059 2085 1128 judicii,
2117 1073 2346 1130 congre-

783 1157 904 1213 gata
930 1146 1149 1214 quidem
1167 1156 1287 1201 erat
1309 1164 1502 1218 magna
1521 1150 1817 1205 multitudo
1839 1165 1904 1204 ex
1939 1151 2350 1219 omnibus,qua:

782 1237 1143 1292 circumcirca
1197 1247 1372 1302 erant,
1415 1239 1695 1308 urbibus;
1750 1243 1942 1297 aderat
1993 1258 2127 1297 vero
2178 1243 2346 1296 etiam

777 1327 1088 1396 pra-fectus,
1142 1339 1197 1384 et
1229 1330 1285 1383 in
1319 1329 1560 1384 medium
1607 1332 2020 1400 producebatur
2078 1332 2344 1402 Eugenia,

778 1434 899 1486 quae
948 1419 1206 1488 gravibus
1265 1420 1560 1475 tenebatur
1601 1423 1808 1478 catenis
1861 1441 1876 1476 :
1916 1423 2118 1479 theatri
2160 1432 2344 1477 autem

779 1512 1045 1566 clamores
1071 1511 1316 1582 undique
1346 1513 1731 1583 erumpebant,
1763 1525 1820 1569 et
1850 1525 2026 1570 morte
2077 1531 2198 1570 esse
2228 1514 2345 1569 afli-

778 1602 1027 1657 ciendam
1101 1605 1402 1674 Eugeniam
1468 1608 1832 1661 communiter
1887 1607 2341 1677 pronuntiabant.

779 1690 987 1746 Parata:
1011 1703 1167 1749 erant
1194 1694 1405 1761 bestiae,
1429 1707 1618 1765 parata
1659 1706 1952 1763 tormenta,
1983 1709 2138 1764 rotat,
2167 1698 2342 1768 ignes,

779 1792 832 1835 et
871 1781 974 1837 alia
1011 1800 1208 1854 genera
1239 1786 1654 1854 suppliciorum,
1689 1799 1745 1844 et
1784 1803 1882 1858 per
1920 1789 2108 1843 omnia
2135 1789 2343 1858 {acerbi

2519 1053 2603 1109 κ’.
2661 1053 2817 1109 Ἐπεὶ
2865 1050 3024 1125 οῦνή
3072 1053 3240 1125 κυρία
3289 1053 3564 1124 παρέστη,
3589 1052 3653 1105 τδ
3689 1051 3789 1120 μὶν
3823 1048 4036 1119 πλῆθος

2447 1149 2595 1201 ἆπαν
2625 1146 2734 1200 τῶν
2785 1145 2949 1216 πέριξ
2982 1147 3249 1216 συνήγετο
3284 1145 3498 1200 πόλεων
3525 1159 3541 1174 ⁸
3576 1145 3758 1215 παρῆν
3789 1142 3848 1195 δέ
3879 1141 3979 1195 καὶ
4005 1141 4033 1194 δ

2446 1240 2714 1309 ἔπαρχος,
2743 1238 2840 1291 καὶ
2872 1239 2905 1308 ή
2933 1237 3170 1306 Εὐγενία
3196 1239 3276 1300 είς
3304 1236 3472 1309 μέσον
3500 1236 3667 1307 ήγετο
3699 1233 4035 1304 βαρυτάταις

2445 1331 2701 1385 ἀλύσεσιν
2737 1330 3038 1399 ἐλκομὲνηο
3075 1330 3320 1400 κραυγαὶ
3351 1330 3410 1384 δέ
3436 1327 3533 1381 τοῦ
3566 1327 3798 1395 θεάτρου
3827 1325 4040 1387 πάντοο,

2445 1417 2538 1470 θεν
2562 1418 2995 1488 ἀνερρήγνυντο,
3032 1417 3127 1472 καὶ
3176 1417 3381 1480 πάντες
3408 1415 3780 1471 θανατοῦσθαι
3799 1414 3902 1485 τὴν
3926 1413 4033 1468 Εὑ-

2443 1510 2629 1578 γενίαν
2683 1510 2878 1574 κοινῶς
2924 1512 3315 1579 ἀπεφαίνοντο.
3395 1511 3790 1580 Ἠτοιμάξοντο
3839 1511 4029 1579 θῆρες,

2444 1601 2812 1671 ἡτοιμάζοντο
2833 1602 3114 1672 στρέϐλαι,
3137 1603 3345 1674 τροχοὶ,
3375 1601 3512 1672 πῦρ,
3537 1602 3700 1673 ἕτερα
3724 1600 3840 1670 εῐδη
3865 1600 4032 1653 κολαρ

2446 1693 2709 1763 στηρίων.
2768 1696 2865 1749 καὶ
2893 1696 2983 1749 διά
3013 1696 3231 1749 πάντων
3260 1697 3310 1748 οί
3360 1697 3550 1764 πικροὶ
3601 1692 3870 1747 κολασταὶ
3927 1693 4029 1742 καὶ

2445 1783 2579 1852 πρὸς
2603 1784 2699 1846 τὰς
2749 1787 3023 1857 τιμωρίας
3055 1785 3252 1854 ἐπίσης
3290 1785 3564 1853 ὼμότατο.
3619 1784 3713 1838 καὶ
3751 1782 4026 1847 ὀξύτατοι.

782 1885 1042 1938 tortores,
1072 1885 1126 1929 et
1152 1892 1214 1931 ex
1260 1892 1418 1946 aequo
1449 1879 1516 1932 ad
1542 1879 1807 1948 supplicia
1836 1880 2124 1935 inferenda
2155 1881 2342 1934 sazvis-
2376 1858 2418 1912 Β
2453 1879 2461 1892 “

2376 1858 2418 1912 Β
2453 1875 2714 1942 Ἀγεσθαι
2773 1875 3062 1944 τοιγαροῦν
3113 1879 3193 1939 είς
3240 1875 3366 1945 δψιν
3411 1875 3563 1945 αὑτῷ
3624 1875 3726 1945 τήν
3761 1874 4029 1940 Εὐγενίαν

782 1965 907 2018 simi
943 1975 998 2021 et
1029 1968 1306 2022 acerrimi.
1341 1969 1400 2023 In
1428 1984 1588 2023 suum
1609 1969 1794 2040 itaque
1828 1981 2181 2042 conspectum
2217 1970 2344 2025 duci

783 2059 1078 2127 Eugeniam
1110 2059 1268 2130 jussit
1288 2059 1477 2131 judcx.
1509 2059 1638 2127 Quae
1698 2077 1821 2117 cum
1853 2063 2119 2118 astitisset
2161 2079 2174 2116 :
2206 2062 2344 2124 Hoc,

781 2151 980 2219 inquit,
1018 2152 1197 2214 vobis,
1234 2167 1266 2206 ο
1293 2153 1537 2207 omnium
1576 2155 1862 2208 hominum
1892 2157 2126 2209 maxime
2153 2154 2343 2223 impie.

778 2243 935 2310 jubet
965 2255 1148 2299 vester
1173 2244 1451 2310 Christus,
1487 2256 1662 2301 utnec
1697 2247 1836 2301 clam
1874 2247 2099 2315 quidem
2131 2245 2346 2300 faciatis

780 2349 844 2386 ca
879 2349 1000 2403 qua:
1038 2345 1167 2390 sunt
1226 2336 1562 2404 turpissima,
1627 2335 1722 2390 sed
1753 2346 1860 2390 tam
1912 2336 2264 2406 impudenter
2291 2345 2349 2390 et

781 2425 1059 2479 violenter
1089 2426 1482 2496 aggrediamini
1521 2442 1583 2482 ea
1611 2442 1730 2496 qua:
1783 2436 1912 2481 sunt
1936 2427 2144 2483 nefaria
2170 2429 2193 2482 ἳ
2216 2428 2350 2495 Quis

782 2516 928 2570 enim
962 2526 1086 2571 tuus
1115 2527 1233 2571 erat
1260 2519 1498 2586 animus,
1533 2519 1755 2588 quando
1785 2529 2045 2590 tanquam
2095 2521 2341 2576 medicus

783 2605 1118 2675 ingrediens,
1161 2619 1219 2662 ut
1251 2609 1343 2678 qui
1379 2624 1486 2663 non
1513 2610 1690 2663 solum
1722 2625 1870 2665 esses
1931 2610 2198 2676 medicus,
2247 2611 2345 2666 sed

783 2698 876 2764 qui
905 2697 1069 2749 etiam
1109 2713 1206 2767 per
1247 2707 1296 2751 te
1329 2713 1517 2767 posses
1541 2698 1721 2752 facere
1757 2699 2039 2765 miracula,
2074 2715 2138 2754 ea
2180 2698 2348 2753 facie-

783 2799 904 2851 bas,
951 2807 1072 2858 qua:
1131 2799 1490 2861 corruptores
1523 2803 1580 2846 et
1641 2791 1878 2846 adulteri
1912 2808 1926 2848 :
1962 2801 2022 2846 et
2059 2792 2346 2845 mulierem

784 2894 896 2937 tam
928 2883 1099 2938 nobili
1128 2884 1249 2938 loco
1280 2893 1484 2948 natam,
1520 2891 1627 2938 tam
1659 2885 1911 2950 divitem,
1939 2893 1995 2939 et
2027 2895 2136 2938 tam
2181 2884 2350 2939 hone-

784 2976 882 3029 stis
932 2985 987 3030 et
1042 2975 1341 3029 moderatis
1401 2975 1650 3030 moribus
1683 3016 1697 3038 ,
1749 2984 2005 3044 tanquam
2074 2975 2346 3030 scenicam

784 3068 1114 3136 quampiam,
1139 3078 1231 3121 aut
1259 3083 1325 3121 cx
1347 3067 1590 3121 hostium
1629 3067 1852 3138 regione
1882 3075 2120 3136 captam,
2144 3065 2347 3135 probro

2445 1969 2743 2022 ἐπέταττεν
2770 1969 2799 2020 ό
2825 1970 3085 2034 δικάζων,
3124 1969 3218 2022 καὶ
3249 1968 3636 2038 παραστάτης,
3675 1967 3848 2020 Τοῦτο
3875 1966 4025 2034 ὑμῖν,

2445 2060 2572 2128 ἔφη,
2599 2059 2818 2113 πάντων
2845 2060 3151 2131 ἀνθρώπων
3172 2060 3533 2125 ἀνοσιώτατε,
3556 2063 3583 2114 ό
3614 2060 3886 2130 ὑμέτερος
3909 2061 4005 2112 ἐπι

2443 2150 2638 2219 τρέπει
2669 2152 2927 2220 Χριστὸς.
2950 2152 3014 2204 τὸ
3047 2152 3188 2221 μηδέ
3223 2152 3409 2222 κρυφῆ
3439 2155 3509 2206 τά
3541 2153 3800 2224 αἴσχιστα
3848 2153 4029 2222 πράτ-

2443 2259 2580 2305 τειν,
2601 2242 2716 2296 ἀλλ’
2743 2243 2978 2307 ἀναιδῶς
3005 2242 3151 2296 οὕτω
3189 2244 3286 2297 καὶ
3347 2244 3540 2315 βιαίως
3579 2247 3692 2308 τοῖς
3743 2244 4030 2314 ἀθεμίτοις

2447 2337 2772 2404 ἐπιχειρεῖνς
2810 2335 2964 2388 Ἐπεὶ
3002 2336 3124 2388 τίνα
3157 2332 3301 2406 εἶχες
3335 2338 3402 2390 σὺ
3433 2337 3531 2409 τὴν
3581 2337 3784 2408 ψυχὴν,
3817 2337 4030 2390 ὁπόταν

2452 2428 2528 2490 ὡς
2567 2429 2748 2497 ἰατρὸς
2774 2428 2981 2491 είσιὼν,
3017 2429 3113 2481 καὶ
3161 2429 3258 2499 οὐχ
3300 2429 3487 2494 ἁπλῶς
3521 2430 3728 2498 ίατρδς,
3765 2429 3884 2483 ἀλλ’
3926 2430 4027 2482 αύ-

2447 2520 2677 2588 τουργδς
2717 2519 3016 2588 θαυμάτων
3048 2514 3189 2573 εἶναι
3220 2521 3540 2592 δυνάμενος,
3569 2519 3639 2574 τὰ
3675 2521 3787 2574 τῶν
3819 2520 4029 2590 λοιμῶν

2451 2611 2656 2674 ἐποίεις
2682 2611 2906 2664 καὶτῶν
2949 2611 3180 2681 μοιχῶν,
3210 2613 3304 2664 καὶ
3334 2615 3570 2680 γυναῖκα
3619 2611 3761 2665 οὕτω
3797 2611 3900 2682 μὲν
3927 2612 4025 2678 γέ-

2451 2719 2594 2767 νους,
2620 2702 2762 2755 οὓτω
2789 2703 2845 2756 δέ
2894 2702 3150 2765 πλούτου,
3189 2702 3334 2756 οῦτω
3362 2703 3422 2756 δέ
3456 2703 3549 2756 καὶ
3574 2703 3779 2770 τρόπον
3808 2701 4028 2770 σώφρο·

2447 2813 2535 2857 νος
2559 2795 2794 2866 ἔχουσαν
2833 2790 2924 2850 οἷά
2954 2814 3078 2849 τινα
3101 2797 3213 2849 τῶν
3260 2797 3355 2849 ἐπὶ
3377 2794 3480 2865 τῆς
3509 2795 3739 2868 σκηνῆς,
3763 2795 3798 2866 ἢ
3829 2793 4029 2862 δούλην

2448 2887 2512 2937 ἐκ
2542 2885 2804 2956 πολεμίας
2847 2885 3032 2939 λαδὼν
3084 2885 3337 2955 αίσχῦναι
3387 2885 3677 2956 προείλου;
3721 2883 4029 2956 τοιγαροῦν

2446 2976 2541 3028 τοῦ
2571 2978 2923 3046 τολμήματος
2953 2979 3112 3044 ἀξίαν
3143 2979 3365 3048 ὑφέξεις
3389 2978 3489 3049 τὴν
3511 2977 3688 3049 δίκην,
3721 2978 3892 3040 κακὸς
3924 2995 4028 3029 κα-

2449 3066 2563 3131 κῶς
2589 3067 2988 3138 ἀπολλύμενος.

783 3171 839 3213 et
887 3160 1158 3215 dedecore
1199 3159 1415 3215 allicere
1468 3159 1750 3216 voluisti?
1793 3160 2028 3216 Audaci:
2089 3160 2273 3229 itaque
2339 3170 2394 3214 tu
2431 3160 2596 3230 ccepti
2655 3161 2883 3217 meritas
2929 3161 3053 3218 lues
3120 3179 3334 3234 poenas,
3393 3170 3450 3219 et
3497 3162 3673 3218 malus
3730 3163 3873 3218 male
3923 3177 4027 3234 pe-

787 3253 948 3307 ribis.

856 3347 998 3400 XXI.
1037 3347 1173 3402 Cum
1202 3355 1308 3401 tam
1337 3346 1598 3403 iracunde
1637 3347 1877 3403 minatus
1893 3357 2040 3403 esset
2068 3348 2120 3403 ei
2146 3357 2344 3419 ιιι-πίε·
2371 3351 2416 3414 c
2522 3351 2535 3402 1

2371 3351 2416 3414 c
2522 3349 2655 3407 ΚΝ.
2679 3351 2839 3404 Οὕτω
2887 3349 2984 3404 τοῦ
3042 3350 3288 3422 ἐπάρχου
3340 3347 3833 3419 διαπειλησαμένου
3884 3349 4027 3419 πρὸς

786 3447 929 3502 etus,
976 3436 1220 3506 Eugenia
1275 3437 1431 3489 vultu
1496 3436 1549 3489 in
1594 3444 1795 3490 terram
1858 3435 2122 3490 inclinato
2170 3451 2239 3489 ne
2289 3437 2346 3490 in

789 3530 1076 3600 prmsentia
1105 3533 1224 3599 ejus
1275 3529 1462 3582 vultus
1493 3527 1633 3597 patri
1681 3526 1940 3580 evaderet
1975 3525 2300 3580 manifestus
2329 3542 2344 3578 :

787 3622 957 3682 Meus,
994 3621 1192 3689 inquit,
1222 3620 1366 3673 Deus
1393 3634 1500 3672 non
1549 3633 1614 3672 ea
1653 3618 1852 3678 solum,
1885 3618 1954 3672 de
1982 3615 2185 3684 quibus
2205 3630 2350 3670 nunc

787 3731 815 3768 a
856 3713 1010 3771 vobis
1048 3729 1300 3776 accusor,
1336 3713 1612 3782 prohibet,
1645 3712 1744 3768 sed
1775 3727 1840 3767 ea
1870 3712 2036 3766 etiam
2069 3710 2189 3782 lege
2217 3724 2348 3764 san-

783 3809 884 3872 cit,
915 3823 1038 3876 qum
1066 3815 1195 3860 sunt
1223 3807 1312 3861 bis
1346 3807 1518 3859 multo
1555 3805 1860 3860 excelsiora
1892 3804 2027 3873 :qui
2063 3818 2148 3857 me
2181 3804 2348 3857 etiam

780 3908 931 3950 nunc
956 3897 1146 3951 volens
1163 3902 1482 3965 perpetuam
1509 3910 1723 3949 servare
1740 3893 2062 3957 castitatem,
2090 3892 2348 3963 providit,

789 4001 849 4042 ut
875 3989 1118 4042 viverem
1150 4002 1274 4041 cum
1304 3986 1409 4050 his,
1429 3987 1523 4055 qui
1553 3986 1605 4039 in
1627 3985 1828 4054 pietate
1850 3999 1908 4041 se
1929 3993 2209 4049 exercent,
2227 3998 2347 4037 mo-

786 4075 997 4139 nachis,
1068 4075 1341 4144 quomodo
1380 4077 1436 4128 in
1468 4075 1798 4129 hodiernum
1864 4089 2040 4143 usque
2069 4073 2214 4127 diem
2262 4089 2349 4128 me

785 4168 1152 4232 conservavit,
1203 4175 1264 4219 ut
1291 4175 1347 4219 et
1372 4165 1474 4234 ipsi
1529 4176 1614 4220 est
1647 4167 2023 4235 perspicuum,
2079 4178 2136 4221 et
2190 4168 2350 4221 vobis

785 4261 893 4314 erit
920 4259 1082 4328 paulo
1124 4267 1265 4327 post.
1299 4257 1455 4322 Quod
1512 4256 1695 4312 autem
1753 4259 1886 4311 mihi
1914 4269 1972 4312 et
2000 4267 2272 4312 tormenta
2293 4266 2350 4312 et

785 4358 1016 4403 mortem
1053 4348 1345 4410 minitaris,
1400 4347 1719 4416 imprudens
1781 4347 2060 4402 incussisti
2103 4348 2235 4401 mihi
2276 4347 2348 4401 ti-

785 4457 1019 4502 morem,
1039 4442 1131 4509 qui
1157 4455 1264 4493 non
1291 4454 1431 4507 opus
1457 4440 1622 4493 habet
1648 4439 1920 4494 oratione.
1940 4439 2346 4494 Erubescerem

784 4536 952 4598 enim,
983 4534 1028 4587 si
1070 4533 1264 4586 borum
1298 4542 1445 4586 metu
1478 4540 1778 4600 quaererem
1827 4546 1915 4584 me
1943 4530 2259 4591 defendere.
2291 4538 2348 4584 et

2451 3440 2624 3510 αὐτὴν
2653 3441 2911 3513 ὀργίλως,
2946 3442 2980 3512 ή
3037 3441 3293 3508 Εὑγενία,
3329 3442 3393 3494 τδ
3451 3441 3747 3509 πρόσωπον
3801 3441 3886 3503 εις
3920 3441 4030 3509 γῆν

2451 3531 2700 3596 κλίνασα,
2753 3531 2842 3584 ῐνι
2893 3529 2967 3600 μὴ
2996 3531 3058 3583 τό
3097 3547 3161 3598 γε
3212 3529 3308 3584 νῦν
3339 3529 3463 3599 ἕχον
3490 3529 3614 3598 δψις
3640 3528 3813 3591 οὕτως
3840 3530 4028 3583 οἰκεία

2449 3624 2582 3694 δήλη
2623 3623 2704 3692 τῷ
2745 3625 2918 3694 πατρὶ⁵
2956 3611 3217 3691 γένοιτοξ
3247 3623 3308 3674 '0
3341 3622 3440 3692 μιν
3467 3622 3618 3693 ἐμὸς,
3646 3621 3777 3691 Ιφη,
3803 3621 3938 3684 Θεὸς
3964 3623 4028 3674 οὐ

2448 3716 2621 3768 ταῦτα
2654 3716 2814 3784 μόνον
2843 3716 2880 3769 δ.
2913 3715 3008 3768 νῦν
3034 3715 3425 3784 κατηγόρημαι
3471 3716 3600 3783 παρ’
3630 3714 3786 3782 ὑμῶν
3810 3718 4030 3782 ἀπαγο-

2453 3808 2623 3876 ρεύει,
2656 3807 2794 3860 ἀλλά
2815 3808 2912 3860 καὶ
2934 3806 3244 3876 ὑψηλότερα
3267 3804 3447 3875 πολλῷ
3484 3804 3693 3859 τούτων
3721 3805 4028 3875 νομοθετεῖ,

2448 3899 2508 3961 δς
2530 3899 2674 3968 κάμὲ
2719 3898 2815 3952 νῦν
2854 3898 3106 3966 ἁγνεύειν
3142 3898 3229 3952 διὰ
3280 3896 3481 3959 παντὸς
3548 3895 3872 3966 βουλόμενος
3913 3900 4031 3963 τοῖς

2450 3992 2771 4060 ἀσκητικοῖς
2798 3991 3025 4061 ἀνδράσι
3070 3989 3283 4051 τούτοις
3335 3987 3603 4058 συμϐιοῦν
3650 3989 4029 4060 ᾤκονόμησεν,

2449 4079 2637 4150 ὥσπερ
2661 4079 2725 4150 δὴ
2758 4081 2850 4132 καὶ
2881 4080 3050 4133 είσέτι
3075 4079 3168 4133 νῦν
3201 4098 3266 4148 με
3307 4081 3725 4152 διατετήρηκεν,
3765 4081 3842 4141 ὡς
3875 4082 4032 4152 αὐτῷ

2450 4188 2509 4224 τε
2535 4171 2698 4241 δῆλόν
2724 4174 2842 4224 ἐστι
2872 4173 2966 4225 καὶ
2998 4174 3129 4241 ὑμῖν
3155 4175 3277 4224 ὅσον
3300 4171 3456 4224 οῠπω
3476 4174 3786 4240 γενήσεται.
3819 4173 3943 4225 Ὀτι
3971 4173 4030 4225 δέ

2455 4281 2546 4333 μοι
2578 4263 2672 4316 καὶ
2702 4262 2966 4333 βασάνους
2996 4265 3092 4316 καὶ
3132 4263 3361 4318 θάνατον
3406 4263 3676 4330 ἀπειλεῖς,
3705 4263 3938 4333 λέληθας
3965 4266 4032 4318 τὸ

2449 4353 2543 4407 τοῦ
2576 4354 2734 4421 λόγου
2761 4355 2914 4417 ἀδεὲς
2940 4355 3060 4418 δέος
3087 4371 3178 4424 μοι
3210 4355 3471 4407 ἐπισείων
3488 4372 3502 4385 ’
3525 4354 3893 4424 αίσχυναίμην
3915 4356 4030 4424 γὰρ

2455 4446 2548 4508 ἂν,
2578 4447 2628 4498 εί
2661 4445 2812 4515 φόϐῳ
2842 4445 3048 4499 τούτων
3078 4446 3305 4516 ζητοίην
3334 4447 3746 4523 ἀπολογεῖσθαι,
3776 4448 3913 4500 ἀλλά
3949 4449 4030 4519 μὴ

2452 4537 2606 4605 φόϐῳ
2631 4537 2725 4591 τοῦ
2747 4538 2896 4602 δόξαι
2919 4540 2985 4591 τά
3018 4539 3127 4590 τῶν
3153 4539 3497 4607 Χριστιανῶν
3530 4541 3607 4601 είς
3635 4539 3888 4609 διαϐολὴν
3909 4543 4030 4592 κεῖ-

784 4643 891 4679 non
927 4623 1072 4695 quod
1108 4626 1349 4684 timeam,
1394 4638 1460 4677 ne
1488 4637 1575 4676 res
1597 4621 2038 4676 Christianorum
2072 4620 2220 4689 apud
2249 4636 2344 4674 vos
2382 4691 2421 4704 λ
2457 4649 2463 4678 ι

2382 4691 2421 4704 ﬁ
2457 4629 2582 4683 σθαι
2614 4631 2708 4683 καὶ
2751 4630 3209 4700 μυκτηρίζεσθαι.
3243 4629 3390 4699 Πλὴν
3422 4629 3539 4683 ἀλλ’
3567 4632 3734 4702 ἐχρῆν
3776 4632 3922 4700 ὑμᾶς
3951 4632 4029 4704 μὴ

785 4718 922 4771 male
947 4691 1185 4769 audiant
1230 4724 1285 4768 et
1346 4713 1704 4767 irrideantur.
1759 4713 1958 4767 Verum
2017 4713 2163 4766 enim
2214 4728 2348 4767 vero
2381 4691 2464 4773 οε

2346 4741 2348 4754 ι
2381 4691 2426 4749 D
2451 4720 2623 4784 οὕτως
2673 4691 3174 4792 εὐκόλως-’ὑπέχειν
3200 4724 3312 4784 τοῖς
3339 4691 3667 4792 κατηγόροις
3690 4691 4025 4786 ’τὰς-ἀκοάς,

783 4810 1074 4879 oportebat
1101 4824 1196 4863 vos
1229 4823 1340 4861 non
1379 4815 1486 4859 tam
1519 4805 1710 4860 faciles
1760 4821 1922 4860 aures
1965 4805 2210 4875 praabere
2252 4820 2347 4860 ac-

782 4900 1153 4964 cusatoribus,
1184 4914 1361 4968 neque
1389 4913 1514 4953 cum
1557 4899 1796 4967 primum
1844 4898 2180 4959 audiissetis.
2237 4905 2347 4951 tam

782 4994 894 5047 cito
955 4990 1341 5055 condemnare,
1401 4989 1495 5043 sed
1573 4988 1844 5042 ambobus
1898 4989 2054 5057 prius
2117 4987 2344 5052 auditis,

782 5084 982 5138 deinde
1015 5083 1160 5137 ferre
1201 5083 1552 5148 sententiam,
1578 5088 1635 5135 et
1657 5081 1703 5135 si
1732 5080 2088 5135 manifestum
2121 5079 2345 5151 quidem

783 5174 1060 5229 exstiterit
1113 5187 1200 5226 me
1233 5173 1364 5227 talia
1421 5172 1641 5237 fecisse,
1686 5173 1897 5243 justum
1936 5172 2086 5225 luam
2130 5171 2347 5240 suppli-

781 5270 926 5323 cium
953 5285 968 5322 :
1000 5267 1086 5321 sin
1117 5276 1300 5320 autem
1343 5267 1622 5320 bzea'sunt
1652 5265 1782 5318 falsa
1815 5275 1870 5318 et
1900 5273 2090 5335 aperta
2133 5265 2345 5318 calum-

779 5360 895 5422 nia,
933 5372 1093 5410 unam
1122 5371 1222 5425 pro
1245 5357 1503 5411 omnibus
1536 5367 1663 5427 peto
1695 5358 1946 5426 gratiam,
1972 5366 2032 5410 ut
2085 5356 2200 5410 hac
2231 5370 2348 5407 mn-

779 5451 884 5504 lier
931 5449 1064 5502 nihil
1104 5464 1266 5518 grave
1301 5448 1563 5517 patiatur,
1593 5466 1694 5505 nec
1739 5452 1783 5504 si
1812 5450 1880 5504 de
1909 5449 2072 5503 nobis
2119 5447 2345 5516 quidem

781 5545 868 5596 bis
904 5545 1088 5612 pejora
1124 5542 1345 5594 dixerit.
1405 5543 1498 5596 Sic
1527 5544 1673 5596 enim
1705 5553 1888 5598 nostra
1950 5543 2037 5597 lex
2083 5543 2264 5613 jubet,
2293 5553 2349 5597 et

781 5648 881 5687 nos
909 5633 1373 5702 obtemperamus,
1410 5644 1468 5686 ut
1522 5649 1801 5702 nunquam
1845 5634 1984 5687 mala
2009 5648 2111 5698 pro
2165 5633 2342 5696 malis,

779 5727 875 5779 sed
907 5734 1098 5778 contra
1133 5725 1275 5778 bona
1305 5727 1487 5793 potius
1517 5726 1809 5782 reddamus
1833 5727 1873 5779 ⁵.
1930 5726 2105 5796 liujus
2139 5726 2218 5781 rei
2255 5740 2343 5782 so-

849 5821 868 5850 ⁶
906 5819 1064 5874 Rom.
1107 5833 1202 5884 xu,
1285 5819 1365 5873 l7.

2451 4809 2574 4878 μηδ’
2621 4809 2686 4861 ὲκ
2714 4810 2940 4879 πρώτης
3006 4811 3240 4878 ἑτοίμως
3285 4810 3747 4878 καταγινώσκειν,
3797 4811 3935 4865 ἀλλά
3965 4815 4030 4866 τὸ

2448 4900 2663 4969 πρῶτον
2718 4901 2924 4970 ἀμφοῖν
2962 4901 3382 4967 διακούσαντας,
3433 4898 3554 4955 εῐτα
3589 4903 3684 4956 καὶ
3713 4903 3814 4972 τήν
3837 4902 4028 4974 ψῆφον

2450 4993 2726 5062 ἐκφέρειν,
2760 4995 2865 5049 κάν
2893 4995 2992 5064 μέν
3015 4994 3127 5063 ἐγὼ
3153 4994 3380 5048 τοιαῦτα
3409 4996 3656 5065 δράσασα
3683 4999 3896 5067 φανερά
3933 5000 4027 5067 γέ-

2447 5101 2648 5153 νωμαι,
2671 5085 2888 5140 δικαίαν
2922 5087 3149 5156 ύπόσχω
3176 5086 3277 5156 τὴν
3306 5089 3580 5158 τιμωρίαν
3599 5128 3614 5152 ,
3648 5091 3698 5140 εί
3729 5088 3788 5141 δέ
3824 5089 4028 5156 ψεῦδος

2458 5175 2630 5227 ταῦτα
2653 5177 2747 5228 καὶ
2767 5178 3100 5246 συκοφαντία
3124 5177 3324 5246 σαφὴς,
3353 5177 3483 5245 μίαν
3512 5177 3632 5232 ἀντὶ
3648 5179 3867 5232 πάντων
3885 5181 4030 5234 αἰτῶ

2456 5268 2636 5336 χάριν,
2665 5269 2724 5319 τὸ
2757 5268 2922 5337 μηδὲν
2954 5269 3054 5337 τὴν
3085 5269 3320 5335 γυναῖκα
3349 5269 3557 5338 ταύτην
3586 5270 3888 5338 ὑποστῆναι
3909 5270 4030 5323 δει-

2453 5358 2562 5423 νὺν,
2608 5359 2730 5428 μηδ’
2756 5361 2803 5411 εἰ
2826 5359 3005 5428 πολλῷ
3033 5360 3239 5414 τούτων
3267 5361 3439 5430 χείρω
3464 5359 3664 5430 διεξῄει
3690 5363 3818 5431 περὶ
3838 5361 4029 5429 ἡμῶν·

2450 5448 2594 5501 οὕτω
2619 5449 2728 5519 γάρ
2758 5451 2785 5502 ὅ
2817 5467 2877 5503 τε
2930 5451 3206 5528 ἡμέτερος.
3251 5451 3467 5505 κελεύει
3497 5452 3681 5521 νόμος.
3731 5453 3825 5504 καὶ
3859 5454 4036 5522 ἡμεῖς

2450 5541 2748 5610 πειθόμθα
2793 5541 3064 5611 μηδέποτε
3092 5545 3283 5605 κακοῖς
3313 5543 3382 5595 τά
3415 5543 3587 5607 κακά,
3634 5541 3769 5595 ἀλλὰ
3799 5544 4034 5596 τούναν-

2449 5631 2564 5684 τίον
2597 5632 2799 5701 μᾶλλον
2826 5635 2937 5695 τοῖς
2966 5633 3196 5702 ἀγαθοῖς
3243 5633 3596 5704 ἀμείδεσθαι.
3654 5631 3832 5687 Τοῦτο
3887 5633 4033 5701 γοῦν

2451 5726 2657 5793 μοικαὶ
2710 5724 2870 5796 μόνον
2917 5726 3228 5781 πιστοῦσθω
3265 5727 3349 5781 δι’
3401 5728 3587 5799 ὅρκου,
3621 5727 3716 5781 καὶ
3756 5725 3818 5781 οὔ
3847 5743 4034 5782 τινων
