4252 6440
264 412 377 484 633

1379 422 1847 484 MARTYRIUM
1888 423 1951 485 S.
1989 423 2379 491 KUGENIIE.

3398 427 3503 489 634

269 526 657 598 δεηθησόμεθα
695 525 873 598 λόγων
905 526 1019 582 οὐδ’
1064 527 1421 595 ἀντιθέσεων,
1442 531 1578 613 ..ἀλλ’
1607 531 1743 583 αὐτὸ
1770 531 1837 599 δὴ
1866 534 1909 591 Α
1938 531 1948 585 1

1827 548 1837 599 ι
1866 534 1909 591 Α
1938 531 2050 587 lum
2085 537 2220 591 mihi
2252 537 2382 591 dato
2416 536 2551 593 fides
2594 535 3095 608 Ilatjurejurando,
3151 552 3331 606 neque
3366 554 3506 607 opus

266 616 437 684 δείξει
468 618 532 671 τδ
556 618 793 690 πρᾶγμα
818 616 1030 687 σαφῶς,
1060 619 1160 674 καὶ
1184 618 1237 672 οί
1265 620 1351 674 σοὶ
1383 621 1558 676 όάστα
1587 621 1839 677 δικάσουο
1940 625 1945 679 l

1824 649 1839 663 -
1940 624 2263 682 habebimus
2285 627 2411 682 ullis
2450 628 2811 688 orationibus,
2860 642 3039 696 neque
3104 629 3503 683 contradictio;

268 726 361 763 σιν
386 708 679 781 ὀφθαλμοί.

343 892 473 948 KB’.
511 883 669 946 Οὕτω
694 887 926 945 είποῦσα
958 891 1097 965 πρὸς
1128 886 1232 963 τήν
1256 889 1575 946 Μελανθίαν
1602 892 1836 958 ἰδιαζόν-

266 998 401 1049 τως,
435 983 593 1052 έτυχε
617 982 727 1053 γάρ
750 982 866 1035 litt!
894 983 991 1034 καὶ
1020 982 1159 1050 αὐτὴ
1189 980 1464 1051 παροῦσα,
1493 983 1555 1036 ει
1584 984 1683 1035 καὶ
1700 984 1837 1036 πάνυ

268 1087 392 1141 τας,
424 1074 551 1145 έφη.
584 1074 769 1129 λαθεῖν
811 1074 1075 1140 δυνατὸν,
1108 1073 1249 1128 ἀλλά
1276 1073 1338 1127 τό
1374 1090 1437 1141 γε
1468 1074 1561 1129 σὺν
1596 1074 1837 1139 συνειδὸς

269 1168 491 1230 πάντως
533 1166 596 1219 οὐ
640 1167 818 1237 λήσει.
878 1165 970 1237 Μή
1004 1166 1185 1221 τοίνυν
1217 1170 1313 1219 καὶ
1349 1166 1585 1236 σεαυτὴν
1618 1167 1836 1233 ἀγνοεῖν

266 1257 450 1328 δόξῃς.
482 1258 577 1310 καὶ
626 1257 926 1329 ὀφθαλμῶν
961 1256 1125 1311 θείων
1170 1256 1564 1333 ὀλιγωρήσῃς⁹⁴
1584 1260 1634 1311 οἳ
1658 1259 1836 1313 πάντα

268 1366 332 1402 τε
360 1350 527 1419 ὁρῶσι
552 1349 645 1403 καὶ
672 1348 1040 1416 συκοφαντίαν
1068 1348 1293 1412 ένδίκως
1320 1350 1665 1413 κολάζουσιν.
1683 1352 1835 1404 Ἐπεὶ

263 1440 323 1494 δὲ
356 1439 511 1494 οὐδέν
538 1434 701 1511 ἧττον
739 1437 921 1509 έκείνη
955 1438 1235 1493 Μελανθία
1278 1435 1368 1509 ἦν,
1398 1439 1511 1493 οὐδ’
1558 1436 1707 1510 ὕφίει
1734 1442 1834 1510 τῆς

265 1528 564 1591 ἀναιδείας,
584 1527 747 1589 εὐθὺς
771 1528 989 1581 έκέλευε
1008 1528 1351 1598 παραστῆναι
1374 1527 1473 1597 τὴν
1495 1526 1836 1598 θεράπαιναν

265 1621 337 1691 ήν
366 1622 400 1688 ή
433 1620 712 1674 Μελανθία
744 1621 1000 1691 μάρτυρα
1030 1620 1135 1689 ιφη
1170 1621 1269 1689 τῆς
1301 1620 1443 1689 βίας.
1499 1619 1747 1673 Ἐκέλευε
1778 1619 1834 1672 δέ

266 1713 553 1767 καλεῖσθαι
574 1714 675 1783 οὐχ
705 1713 780 1776 ὡς
814 1712 1028 1783 τάληθῆ
1050 1712 1531 1784 μαρτυρήσουσαν,
1555 1712 1698 1780 (πῶς
1727 1713 1835 1780 γάρ

266 1806 395 1875 ἃνή
437 1805 599 1876 δούλη
649 1805 786 1876 πρὸς
817 1804 917 1874 τὴν
966 1805 1255 1857 δέσποιναν
1301 1803 1649 1872 ἀντετίθεις)
1717 1803 1835 1856 ἀλλ’

263 1900 407 1954 ὥστε
434 1901 495 1955 τὺ
517 1901 710 1971 ψεῦδος
746 1902 809 1954 έκ
840 1901 1037 1954 πολλοῦ
1068 1901 1450 1970 διελεγχθῆναι
1478 1900 1573 1953 τοῦ
1608 1901 1829 1970 περιόν-
1865 1884 1901 1937 θ

261 2010 376 2055 τος,
414 1992 510 2044 καὶ
543 1991 852 2051 Μελανθίαν
884 1992 1117 2062 όιρθῆναι
1164 1994 1261 2062 οὐχ
1294 1993 1441 2055 ὅπως
1473 1992 1662 2062 μόνην,
1696 1991 1829 2044 ἀλλὰ

262 2083 363 2135 καὶ
397 2082 514 2152 μεθ’
544 2083 747 2151 έτέρων
772 2083 1037 2152 έλομένην
1063 2086 1447 2151 συκοφαντεῖν.
1491 2084 1829 2153 Παραστᾶσα

262 2171 361 2224 οῦν
396 2174 429 2243 ή
469 2172 778 2242 θεράπαινα
806 2172 899 2225 καὶ
938 2176 1000 2243 τῇ
1049 2174 1309 2245 δεσποίνῃ
1346 2174 1664 2243 χαρίζεσθαι
1706 2174 1830 2243 βουο

261 2264 490 2333 λομένη,
509 2264 705 2332 ψεῦδος
726 2265 801 2334 τῷ
820 2264 1004 2334 ψεύδει
1024 2266 1287 2336 συνείρειν
1316 2266 1416 2317 οὐκ
1438 2263 1666 2334 ἀμαθῶς
1688 2260 1825 2335 εἶχε,

264 2354 448 2425 Κάμέ,
483 2356 736 2425 λέγουσα,
768 2359 795 2410 6
825 2356 1021 2427 μιαρὸς
1058 2356 1238 2408 οὐτοσὶ
1291 2354 1553 2418 πολλάκις
1607 2355 1823 2426 έπείρα.

262 2445 379 2502 Εἶθ’
407 2452 439 2520 ή
471 2450 703 2521 συνήθης
728 2448 995 2503 ἀκολασία
1010 2448 1106 2501 καὶ
1125 2448 1261 2519 αὐτῇ
1282 2448 1622 2517 ιπιμανῆναι
1640 2448 1828 2516 ἐποίη-

262 2557 323 2592 σε
354 2542 420 2611 τῇ
446 2540 724 2611 δεσποίνῃ,
821 2539 895 2610 μὴ
934 2539 1233 2610 βουλομένη
1266 2539 1385 2608 βίαν
1431 2539 1635 2607 επῆγεν
1663 2538 1768 2600 Iw;
1794 2538 1827 2608 ή

266 2632 367 2700 μὲν
403 2631 479 2695 ὡς
509 2626 657 2700 εἶχεν
683 2632 1010 2699 ἀνέκραγενο
1036 2631 1145 2697 ἐγὼ
1164 2631 1220 2683 δλ
1248 2631 1520 2683 έπιστᾶσα
1547 2631 1641 2682 καὶ
1662 2628 1829 2691 ἄλλας

265 2724 761 2794 μετακαλεσαμὲνη
810 2722 920 2775 τῶν
974 2722 1299 2793 ὁμοδούλων,
1335 2722 1486 2790 μόλις
1524 2722 1684 2774 αὑτὸν
1732 2720 1826 2774 τοῦ

261 2816 495 2886 αἰσχροῦ
522 2816 825 2884 ἐπέσχομεν
852 2815 1269 2884 έγχειρήματος,
1295 2813 1351 2867 αἱ
1376 2814 1469 2866 καὶ
1492 2812 1827 2883 βουλομένων

264 2907 445 2975 ὑμῶν,
493 2908 543 2960 εί
603 2905 1013 2976 μετακληθεϊεν.
1064 2904 1277 2957 είσεσθε
1310 2904 1458 2967 ὅπως
1505 2906 1619 2966 τοῖς
1669 2906 1826 2973 έμοτς

263 2998 480 3050 ἔσονται
512 2998 841 3067 συνᾴδουσαι
862 2997 1059 3064 λόγοις.
1094 2997 1228 3049 Τότε
1258 2998 1287 3049 6
1322 2997 1420 3066 μὲν
1454 2996 1695 3066 ἔπαρχος
1736 3014 1827 3048 πι-

262 3090 503 3159 κρότατα
524 3090 906 3159 διαταραχθεὶς
931 3088 1156 3159 ὕϐρεσιν
1186 3088 1376 3141 έσαλλε
1419 3088 1519 3157 τὴν
1542 3087 1822 3156 Εὐγενίαν,

262 3186 359 3235 καὶ
382 3182 539 3251 δῆλος
570 3177 639 3251 ἦν
666 3182 759 3234 καὶ
788 3182 880 3233 ἰπὶ
917 3181 1016 3244 τὰς
1043 3180 1312 3250 βασάνους
1339 3180 1440 3249 ἥδη
1474 3181 1731 3250 ὁρμήσων
1750 3180 1825 3241 ὡς
1851 3211 1895 3273 C

261 3272 478 3335 οὐδενδς
512 3271 590 3324 έτι
639 3271 961 3340 λειπομένου
1009 3272 1144 3342 πρὸς
1197 3273 1433 3339 ἔλεγχον.
1469 3271 1533 3323 Ἦ
1561 3270 1617 3323 δὲ
1656 3270 1824 3340 (ἀλλά

263 3364 616 3433 προσεκτέον·
638 3362 789 3433 ήδεία
818 3365 927 3431 γὰρ
955 3363 1089 3431 πρὸς
1111 3362 1278 3431 ἀκοὴν
1302 3364 1334 3432 ή
1355 3362 1663 3433 διήγησις),
1694 3364 1829 3415 Και-

264 3456 382 3525 ρδς,
410 3452 663 3517 είποῦσα,
688 3453 1166 3525 παρρησιάσασθαι
1193 3455 1289 3523 τὴν
1317 3455 1597 3524 ἀλήθειαν,
1635 3456 1723 3509 ἵνα
1749 3456 1824 3524 μὴ

264 3546 326 3599 τὸ
374 3544 566 3614 ψεῦδος
618 3544 786 3613 αὐτῆς
833 3546 923 3597 έπὶ
976 3545 1138 3597 πλέον
1187 3545 1697 3615 κατακαυχήσηται,
1730 3547 1827 3598 καὶ

263 3633 589 3703 εὐδιάϐλητα
644 3633 869 3703 Ἕλλησι
917 3635 985 3685 τά
1042 3633 1388 3701 Χριστιανῶν
1448 3631 1503 3707 ᾖ,
1552 3634 1605 3685 τί
1652 3636 1823 3698 ποιεῖς

276 3723 673 3792 ’Δναγκάζεται
700 3725 788 3778 διὰ
829 3726 924 3793 τὴν
972 3725 1169 3793 πολλὴν
1201 3724 1294 3777 τοῦ
1337 3724 1640 3795 κατηγόρου
1672 3725 1823 3778 ἀναί-

260 3818 413 3869 δειαν
440 3817 531 3869 καὶ
552 3818 694 3886 πέρα
716 3834 768 3868 τι
794 3815 889 3868 τοῦ
919 3815 1121 3885 σεμννῦ
1166 3815 1390 3885 ποιῆσαι
1408 3831 1422 3846 ο
1453 3817 1549 3867 καὶ
1588 3814 1824 3869 λαϐοῦσα

261 3909 659 3977 διαρρήγνυσιν
680 3906 887 3961 ἄνωθεν
914 3908 1005 3959 τὸν
1031 3907 1370 3976 χιτωνίσκον,
1400 3909 1494 3959 καὶ
1523 3906 1664 3976 μέρη
1704 3907 1826 3960 τινὰ

264 4000 362 4052 τοῦ
398 3999 542 4068 ίεροῦ
570 3997 909 4068 γυμνώσασα
970 3999 1221 4067 σώματος
1281 3998 1490 4051 ἐδείκνυ
1523 3997 1688 4051 πᾶσιν
1741 3998 1825 4050 ὃτι

262 4096 358 4143 καὶ
390 4092 551 4159 φύσει
573 4090 710 4159 αῦτη
746 4094 838 4143 καὶ
863 4090 1089 4161 ἀληθείᾳ
1109 4090 1267 4159 γυνή.
1298 4089 1461 4158 Λέγει
1491 4106 1548 4141 τε
1572 4089 1705 4157 πρὸς
1734 4088 1825 4141 τὸν

261 4185 537 4252 ἔπαρχονι
576 4181 749 4251 Κύριέ
782 4198 904 4250 μου,
945 4183 1009 4234 σὺ
1046 4182 1143 4250 μὲν
1182 4182 1311 4248 έμὸς
1346 4180 1489 4232 κατὰ
1516 4182 1692 4247 σάρκα
1718 4197 1814 4231 πα-

260 4274 367 4342 τὴρ
388 4275 415 4323 6
444 4274 726 4337 Oilmmc,
760 4272 1001 4324 Κλαυδία
1030 4272 1085 4324 δὲ
1120 4272 1303 4341 μήτηρ
1328 4270 1459 4340 ipsi),
1478 4272 1571 4323 καὶ
1599 4270 1822 4338 ἀδελφοὶ

259 4354 432 4423 οὗτοι,
467 4360 519 4411 οῖ
566 4375 630 4426 γε
684 4360 779 4411 καὶ
817 4358 1244 4432 συγκαθέζονταί
1298 4374 1402 4421 σοι,
1452 4357 1667 4419 ’Λδίτας
1725 4358 1820 4409 καὶ

261 4446 512 4523 Σίργιος’
564 4452 675 4520 εγὼ
704 4454 761 4505 δὲ
796 4453 863 4522 σὴ
894 4452 1138 4521 θυγάτηρ
1178 4450 1433 4519 Εὑγενία,
1464 4451 1586 4519 ἥτις
1617 4452 1821 4518 κόσμον

1938 714 2125 780 nibus,
2151 718 2249 773 sed
2315 735 2405 773 res
2440 720 2557 787 ipsa
2596 726 2786 788 aperte
2815 719 3093 781 ostendet,
3125 728 3183 773 et
3243 719 3502 774 facillime

1882 806 1888 810 ’
1941 808 2017 861 ιιιί
2048 810 2373 878 judicabunt
2402 812 2569 866 oculi.

2008 899 2173 956 XXII.
2203 902 2340 957 Cum
2393 906 2473 958 sic
2526 904 2775 967 dixisset,
2824 918 3075 959 seorsum
3112 903 3250 959 dixit
3295 904 3503 959 Melan-

1936 992 2063 1047 thiz
2097 992 2269 1063 (nam
2310 996 2399 1049 illa
2430 1012 2647 1066 quoque
2708 1012 2950 1065 praesens
2991 996 3214 1065 aderat)
3251 1015 3264 1049 :
3296 997 3502 1050 Etiam-

1936 1082 1983 1138 si
2041 1082 2160 1137 ﬁeri
2222 1085 2432 1153 possit.
2484 1094 2546 1139 ut
2594 1102 2787 1139 omnes
2824 1086 3015 1149 lateat,
3069 1096 3126 1140 at
3181 1095 3331 1140 tuam
3390 1103 3497 1139 nun

1935 1175 2129 1231 latebit
2176 1178 2402 1232 omnino
2464 1180 2886 1234 conscientiam.
2955 1180 3033 1233 Ne
3081 1195 3211 1248 ergo
3266 1180 3496 1247 teipsam

1936 1268 2174 1323 videaris
2228 1270 2517 1336 ignorare,
2568 1284 2623 1325 et
2684 1270 2904 1325 divinos
2963 1269 3238 1340 despicias
3284 1270 3496 1333 oculos,

1934 1358 2029 1425 qui
2079 1360 2262 1412 omnia
2304 1358 2514 1422 vident,
2563 1371 2619 1415 et
2650 1363 2795 1429 juste
2848 1362 3087 1429 puniunt
3139 1361 3494 1415 calumniam.

1932 1443 2069 1499 Cum
2129 1460 2264 1498 vero
2314 1446 2452 1499 nihil
2509 1448 2735 1501 cederet
2802 1448 3119 1511 Melanthia,
3191 1462 3371 1516 neque
3433 1448 3497 1500 de

1935 1536 2275 1606 impudentia
2312 1538 2516 1607 aliquid
2566 1540 2895 1601 remitteret,
2952 1540 3106 1607 jubet
3138 1538 3325 1593 statim
3371 1554 3499 1606 pro-

1934 1626 2062 1681 duci
2124 1627 2406 1689 ancillam,
2479 1642 2643 1695 quam
2711 1627 2932 1681 dicebat
2974 1627 3270 1681 Melanthia
3326 1628 3496 1680 fuisse

1935 1727 2127 1772 testem
2178 1720 2469 1773 violentiae.
2530 1718 2704 1772 Jussit
2748 1730 2930 1772 autem
2980 1720 3186 1784 vocari,
3249 1733 3358 1771 non
3436 1726 3497 1770 ut

1935 1823 2057 1876 qua:
2080 1823 2205 1862 vera
2253 1818 2399 1862 esset
2447 1807 2827 1873 testificatura,
2858 1809 3155 1878 (quomodo
3211 1808 3358 1862 enim
3394 1824 3496 1861 an-

1930 1900 2057 1953 cilla
2117 1900 2410 1953 restitisset
2468 1900 2791 1968 dominaa?)
2842 1899 2938 1954 sed
3010 1908 3068 1953 ut
3123 1900 3498 1952 abundantius

1932 1990 2129 2044 falsum
2150 1991 2599 2053 convinceretur,
2626 2000 2682 2045 et
2706 2000 3029 2045 cerneretur
3055 1991 3353 2044 Melanthia
3385 2006 3493 2043 non

1932 2080 2067 2143 sola,
2122 2081 2218 2136 sed
2258 2096 2384 2135 cum
2433 2082 2556 2136 aliis
2608 2083 2913 2137 instituisse
2953 2082 3299 2135 calumniari.
3355 2080 3491 2135 Cum

1931 2174 2198 2244 producta
2259 2183 2405 2229 esset
2449 2190 2578 2244 ergo
2630 2176 2849 2235 ancilla,
2900 2184 2960 2228 et
3011 2176 3201 2229 volens
3260 2174 3496 2227 domina:

1930 2268 2245 2338 gratificari,
2304 2283 2414 2320 non
2474 2268 2729 2333 imperite
2793 2266 3138 2320 mendacium
3204 2266 3494 2319 mendacio

1928 2368 2251 2415 contexeret
2280 2378 2294 2413 :
2334 2359 2436 2419 Me,
2472 2359 2681 2419 dicens,
2716 2358 3021 2412 sceleratus
3047 2358 3149 2411 iste
3198 2372 3341 2426 saepe
3373 2368 3494 2411 ten-

1930 2454 2083 2507 tavit.
2113 2452 2322 2506 Deinde
2350 2462 2612 2506 consueta
2647 2452 3073 2519 intemperantia
3110 2453 3160 2505 ei
3191 2454 3491 2522 persuasit,

1932 2554 1990 2598 ut
2018 2546 2069 2598 in
2094 2545 2265 2613 ipsam
2297 2559 2516 2613 quoque
2547 2542 2755 2597 fureret
2802 2543 3081 2596 dominam
3123 2559 3137 2595 :
3165 2544 3255 2596 cui
3281 2544 3489 2596 nolenti

1930 2636 2039 2688 vim
2066 2636 2346 2697 aﬂerebat,
2391 2636 2565 2689 donec
2591 2634 2683 2689 illa
2712 2634 2934 2703 quidem
2962 2634 3289 2689 exclamavit
3334 2652 3347 2688 :
3392 2650 3494 2704 ego

1930 2737 2115 2782 autem
2147 2744 2270 2782 cum
2312 2728 2691 2790 accessissem,
2725 2736 2781 2781 et
2811 2727 2946 2780 alias
2992 2742 3305 2780 evocassem
3356 2742 3494 2780 con-

1929 2835 2138 2880 servas.
2194 2820 2397 2887 aturpi
2462 2830 2665 2873 conatu
2729 2819 2820 2872 vix
2896 2833 3023 2873 eum
3081 2819 3489 2887 prohibuimus.

1927 2912 2073 2978 Quas
2104 2912 2149 2965 si
2182 2912 2360 2965 velitis
2390 2925 2669 2965 accersere
2719 2910 2907 2964 scietis
2958 2924 3122 2977 quam
3170 2909 3396 2978 puichre
3427 2910 3496 2963 iis

1928 3019 2047 3072 qure
2076 3020 2105 3057 a
2156 3019 2241 3057 me
2293 3003 2575 3065 dicuntur,
2618 3004 2938 3056 concinant.
2999 3000 3155 3055 Tunc
3203 3000 3494 3069 prafectus

1929 3094 2149 3163 quidem
2178 3094 2532 3148 acerbissime
2558 3093 2942 3157 t'onturbatus,
2996 3093 3217 3160 probris
3268 3102 3492 3159 appete-

1930 3186 2022 3241 bat
2058 3187 2375 3255 Eugeniam.
2416 3195 2470 3239 et
2511 3186 2624 3253 jam
2669 3195 2859 3252 aperte
2910 3182 3235 3237 ostendebat
3284 3197 3342 3236 se
3372 3197 3492 3236 esse

1932 3286 2323 3346 prorupturum
2364 3276 2429 3329 ad
2463 3284 2756 3337 tormenta,
2793 3282 2981 3341 utpote
3038 3272 3184 3341 Quod
3219 3272 3356 3325 nihil
3400 3288 3491 3325 re-

1931 3376 2102 3421 staret
2133 3368 2197 3420 ad
2227 3382 2346 3420 eam
2379 3366 2833 3420 convincendam.
2876 3364 2969 3417 Illa
3002 3379 3135 3417 vero
3163 3363 3279 3431 (sed
3307 3374 3391 3416 est
3421 3372 3494 3415 at-

1934 3457 2288 3518 tendendum,
2321 3464 2409 3509 est
2446 3457 2593 3509 enim
2646 3455 2841 3508 auditu
2902 3454 3144 3523 jucunda
3198 3452 3489 3522 narratio),

1933 3546 2173 3614 Tempus
2194 3557 2297 3609 est,
2332 3545 2537 3608 dicens,
2577 3544 2749 3597 libere
2778 3542 2996 3595 dicendi
3047 3541 3335 3594 veritatem
3374 3558 3388 3593 :
3422 3555 3491 3593 ne

1931 3640 1998 3693 dc
2022 3640 2135 3706 ipsa
2163 3640 2367 3692 dictum
2410 3638 2755 3692 mendacium
2791 3634 3021 3687 nimium
3069 3634 3403 3700 .jactaretnr,
3435 3641 3491 3685 et

1928 3732 2225 3785 Christiani
2260 3732 2400 3783 male
2432 3730 2687 3782 audirent
2718 3727 2858 3793 apud
2885 3726 3138 3794 gentiles,
3163 3723 3295 3791 quid
3321 3722 3491 3776 facit?

1927 3821 2152 3892 Cogitur
2178 3832 2401 3889 prepter
2433 3820 2658 3872 nimiam
2677 3815 3035 3871 accusatricis
3062 3814 3484 3883 impudentiam,

1929 3913 2092 3967 etiam
2149 3908 2355 3978 aliquid
2404 3909 2586 3962 facere
2632 3916 2830 3976 praeter
2888 3906 3179 3958 honestum
3222 3911 3279 3957 et
3324 3902 3490 3956 deco-

1931 4019 2051 4056 rum
2090 4021 2104 4055 :
2137 4009 2192 4055 et
2227 4015 2462 4067 superne
2485 4008 2764 4065 acceptam
2799 3994 3098 4062 disrumpit
3133 3994 3404 4053 tunicam,
3431 4002 3488 4046 et

1923 4108 2051 4148 eum
2086 4094 2343 4161 quasdam
2378 4101 2559 4159 partes
2597 4106 2721 4143 vere
2755 4088 3173 4142 sacrinudasset
3212 4086 3483 4154 corporis,

1930 4185 2182 4239 omnibus
2212 4199 2268 4235 se
2292 4197 2411 4234 esse
2433 4196 2565 4234 sexu
2588 4190 2643 4233 et
2659 4194 2846 4233 revera
2867 4178 3125 4231 feminam
3147 4177 3489 4231 demonstra-

1925 4275 2036 4336 vit;
2092 4284 2147 4325 ct
2182 4272 2315 4325 dicit
2348 4270 2603 4339 prefecto
2642 4288 2655 4321 :
2695 4267 2920 4321 Domine
2954 4269 3047 4327 mi.
3088 4277 3143 4321 tu
3175 4266 3396 4335 quidem
3427 4283 3487 4321 es

1928 4379 2081 4417 meus
2113 4362 2417 4415 secundum
2443 4375 2662 4414 carnem
2696 4369 2847 4426 pater
2903 4358 3208 4426 Philippus,
3260 4358 3485 4412 Claudia

1924 4465 2103 4509 autem
2134 4456 2267 4507 mihi
2294 4462 2481 4514 mater,
2517 4462 2572 4505 et
2595 4450 2793 4504 fratres
2824 4451 2902 4512 hi,
2942 4452 3035 4519 qui
3071 4462 3249 4504 tecum
3269 4451 3480 4514 sedent,

259 4545 643 4613 άποδυσαμένη
688 4544 864 4597 πάντα
920 4545 1015 4596 καὶ
1058 4544 1127 4595 τά
1156 4544 1213 4593 έν
1250 4543 1461 4611 κόσμῳ,
1509 4540 1665 4608 μόνον
1700 4540 1822 4593 ἀντὶ
1847 4545 1938 4606 υ]

1799 4540 1898 4606 ὶυ
1922 4548 2111 4601 Abitas
2138 4556 2193 4599 et
2237 4544 2480 4612 Sergius.
2522 4543 2636 4611 Ego
2656 4557 2789 4595 vero
2806 4558 2925 4596 sum
2949 4551 3039 4595 tua
3059 4541 3166 4595 lilia
3192 4542 3431 4610 Eugenia
3464 4560 3478 4596 :

258 4631 479 4683 πάντων
499 4631 836 4699 ένεδυσάμην
862 4631 1118 4701 Χριστόν.
1148 4630 1279 4682 Ἰδοὺ
1296 4631 1390 4682 καὶ
1410 4627 1503 4690 οῦς
1529 4626 1814 4696 εὐνούχους

258 4725 411 4793 δρᾷς.
444 4725 670 4792 Πρωτᾶς
690 4724 1227 4788 έστικαὶὙάκινθος,
1252 4724 1302 4775 oi
1330 4725 1422 4776 καὶ
1448 4722 1697 4785 παιδείας
1722 4738 1813 4790 μοι

258 4818 357 4870 καὶ
385 4816 502 4885 βίου
527 4815 621 4869 τοῦ
650 4815 793 4870 κατά
809 4815 1041 4886 Χριστὸν
1072 4816 1514 4885 κοινωνήσαντες.

328 5091 456 5149 ΚΓ.
488 5092 645 5147 Οῦτω
676 5092 850 5163 πέρας
872 5092 1043 5146 έτίθει
1065 5096 1176 5155 τοῖς
1209 5092 1409 5160 λόγοις,
1440 5092 1531 5145 καὶ
1556 5094 1584 5145 6
1611 5093 1813 5165 πατὴρ,

256 5185 338 5248 ὡς
363 5184 422 5237 δι
443 5184 537 5236 καὶ
566 5184 619 5235 οι
635 5182 877 5249 ἀδελφοὶ,
902 5179 1062 5235 τοῦτο
1090 5183 1189 5251 μιν
1209 5176 1392 5247 ἀφ’ὦν
1418 5182 1641 5252 διεξῄει,
1656 5182 1817 5235 τοῦτο

256 5276 318 5329 δέ
349 5276 441 5328 καὶ
472 5274 672 5342 μᾶλλον
709 5275 818 5326 άπὸ
852 5273 962 5325 τῶν
985 5275 1045 5325 έν
1086 5276 1152 5342 τῇ
1179 5273 1298 5341 ὕψει
1329 5278 1676 5342 παρασήμων
1698 5292 1815 5342 φω-

260 5366 526 5437 ράσαντες
548 5367 647 5434 τήν
670 5363 929 5433 ἀλήθειαν
950 5380 965 5393 ·
990 5364 1299 5431 ἀνέγνωσαν
1327 5365 1396 5432 γά
1405 5381 1437 5433 ρ
1466 5365 1816 5427 έπιὸαλόντες

257 5457 677 5526 περιεργότερον
690 5455 767 5524 τῷ
792 5454 1068 5523 προσώπῳ
1085 5456 1181 5516 τὰς
1199 5454 1348 5522 δψεις
1374 5456 1577 5525 ταύτην
1603 5456 1815 5524 έκείνην

255 5545 398 5599 εἶναι
427 5546 524 5615 τὴν
549 5547 810 5611 Εὑγενίαν
834 5562 847 5575 ·
869 5547 968 5615 τὴν
1004 5546 1363 5614 μὶν.καρδίαν
1397 5545 1591 5615 ἡδονῆς
1644 5545 1817 5615 ἀρρή-

254 5648 372 5693 του.
419 5634 528 5685 τῶν
581 5632 642 5696 ἐξ
677 5632 867 5701 ήδονῆς
912 5634 970 5685 δι
1004 5633 1255 5701 δακρύων
1311 5634 1641 5703 πληροῦνται
1688 5635 1811 5697 τοὺς

254 5721 570 5790 ὀφθαλμούς
591 5740 605 5754 ·
646 5723 837 5775 ἔπειτα
866 5725 957 5775 tul.
986 5724 1085 5793 τήν
1118 5724 1444 5794 άρχοντικὴν
1482 5724 1651 5789 αὐτὴν
1683 5723 1814 5775 καθα

256 5816 419 5883 έδραν
455 5814 882 5877 ἀναδιδάσαντες
930 5818 1212 5886 μονονουχὶ
1266 5817 1357 5868 καὶ
1386 5816 1483 5877 τὰς
1513 5815 1690 5883 ψυχὰς
1726 5815 1811 5866 ἀπ’

1916 4652 2036 4707 qua:
2059 4651 2180 4689 cum
2207 4636 2524 4688 universum
2549 4632 2833 4694 mundum,
2856 4642 2910 4685 et
2933 4647 3054 4700 qum
3080 4642 3211 4684 sunt
3237 4633 3289 4684 in
3320 4649 3480 4685 mun-

1914 4729 2006 4791 do,
2036 4726 2193 4781 facile
2207 4726 2500 4787 exuissem,
2526 4740 2622 4792 pro
2655 4722 2914 4777 omnibus
2938 4724 3114 4776 solum
3146 4723 3299 4776 indui
3326 4723 3484 4777 Chii-

1913 4830 2076 4873 stum.
2130 4817 2270 4871 Ecce
2303 4818 2465 4870 etiam
2521 4830 2661 4883 quos
2694 4814 2848 4867 vides
2890 4815 3196 4876 eunuchos,
3255 4815 3291 4867 ii
3354 4827 3483 4867 sunt

1915 4910 2105 4965 Protas
2158 4918 2213 4963 et
2254 4906 2609 4977 llyacintbus,
2673 4907 2767 4974 qui
2820 4904 2953 4959 mihi
2985 4915 3040 4960 et
3093 4906 3359 4959 doctrina:
3412 4916 3472 4961 et

1914 5002 2059 5060 vitae,
2090 5015 2209 5067 anc
2239 5008 2322 5052 est
2349 5012 2415 5051 ex
2442 4997 2685 5061 Christo,
2717 4997 2870 5050 fuere
2903 4998 3063 5050 socii.

1984 5088 2219 5143 XXXIII.
2256 5087 2504 5140 Nondum
2536 5086 2772 5139 orationi
2808 5088 2968 5138 linem
3022 5085 3361 5152 imposuerat
3390 5126 3403 5148 ,
3438 5100 3470 5138 c

1915 5190 2069 5252 pater
2119 5187 2175 5232 et
2230 5179 2487 5232 similiter
2560 5178 2725 5230 etiam
2772 5175 3008 5237 fratres,
3075 5190 3200 5228 cum
3268 5176 3469 5242 partim

1913 5270 2132 5339 quidem
2162 5285 2226 5321 ex
2262 5269 2327 5320 iis
2364 5283 2485 5335 quae
2534 5266 2771 5327 dicebat,
2828 5264 3027 5333 partim
3060 5274 3269 5326 autem,
3304 5274 3469 5327 atque

1916 5359 2051 5412 adeo
2086 5358 2255 5409 multo
2307 5357 2476 5424 magis
2505 5370 2570 5408 ex
2602 5355 2794 5422 signis,
2843 5370 2965 5422 qua:
3019 5364 3179 5407 erant
3211 5354 3266 5407 in
3296 5356 3471 5416 vultu,

1916 5449 2409 5517 deprehendissent
2459 5446 2744 5499 veritatem
2805 5446 3161 5514 (agnoverant
3213 5446 3363 5497 enim
3420 5445 3476 5497 in

1918 5557 2036 5595 eam
2078 5540 2339 5607 conjectis
2406 5539 2683 5591 curiosius
2720 5538 2915 5599 oculis,
2974 5537 3115 5590 hanc
3152 5537 3323 5603 ipsam
3355 5550 3475 5589 esse

1920 5633 2263 5700 Eugenium),
2316 5630 2396 5683 eis
2454 5644 2549 5680 cor
2605 5628 2823 5696 quidem
2868 5628 3147 5696 voluptate
3188 5625 3473 5684 ineﬂ‘abili,

1922 5740 2029 5791 prae
2088 5725 2360 5789 voluptate
2428 5731 2607 5772 autem
2664 5720 3010 5772 manantibus
3079 5716 3334 5781 lacrymis
3394 5733 3475 5767 re-

1924 5815 2138 5881 plentur
2192 5812 2352 5865 oculi.
2419 5811 2620 5864 Deinde
2681 5794 2805 5864 cuiu
2859 5827 2975 5864 eam
3020 5810 3374 5864 sustulissunt
3419 5807 3473 5859 in
