4252 6440
799 354 907 424 ϐ35

2035 351 2324 416 MENSIS
2359 353 2792 418 DECEMBER.

3952 345 4071 408 636

796 472 995 527 selium
1031 469 1302 540 presidis,
1345 469 1741 539 propemodum
1789 471 1846 528 in
1899 471 2076 540 ipsam
2119 471 2268 541 ipsas
2290 467 2375 524 el-
2406 475 2448 531 Α

2406 475 2448 531 Δ
2477 469 2614 537 αὐτῇ
2646 467 2955 536 ὲξεκίνουν,
2979 466 3072 520 καὶ
3097 467 3178 536 τῷ
3197 466 3408 536 φίλτρῳ
3438 463 3648 534 ταύτην
3681 461 4071 532 διεμερίζοντο

798 560 1110 617 fundebant
1140 563 1375 620 animas.
1413 574 1470 615 et
1497 563 1550 617 ei
1601 576 1762 616 suum
1802 575 2049 618 amorem
2072 562 2369 631 dispertieo

795 651 950 712 bant,
979 651 1107 704 hinc
1138 658 1310 717 pater,
1368 649 1517 703 illinc
1567 649 1790 714 fratres,
1855 661 1911 706 et
1952 651 2058 706 alia
2112 666 2179 706 ex
2211 658 2369 718 parte

794 751 974 797 mater
1019 741 1231 809 (aderat
1259 743 1405 796 enim
1439 742 1553 810 ipsa
1584 757 1829 812 quoque,
1867 756 1993 797 cum
2019 742 2074 796 id
2143 742 2372 797 didicis-

791 836 927 899 set).
957 842 1014 888 et
1045 833 1240 902 partire
1271 833 1640 901 amplexibus,
1675 836 1874 903 partim
1906 833 2094 888 verbis
2135 835 2371 888 amanti-

794 927 898 980 bus
933 925 1076 979 inter
1101 940 1158 979 se
1186 925 1617 985 contendebant.
1669 940 1921 995 quaenam
1960 926 2206 980 membra
2241 926 2366 994 qui-

794 1021 919 1076 dem
962 1037 1074 1076 nou
1098 1022 1496 1090 amplectentes
1515 1022 1540 1074 1
1565 1021 1696 1091 quid
1726 1030 1910 1078 autem
1926 1038 2038 1077 non
2067 1024 2363 1092 patientes,

796 1122 890 1166 aut
922 1127 1032 1167 non
1058 1123 1282 1183 agentes
1307 1129 1373 1167 ex
1404 1115 1592 1168 laetitia
1629 1113 1950 1169 iuellabili?
1985 1123 2080 1168 aut
2114 1115 2247 1184 quid
2281 1130 2373 1170 eo-

797 1219 942 1266 rum,
976 1219 1098 1274 quae
1127 1205 1461 1274 voluptatem
1520 1207 1689 1260 animi
1733 1205 2068 1276 signiﬁcant,
2108 1214 2374 1262 caventes

797 1295 980 1350 facere
1029 1307 1253 1365 propter
1298 1297 1767 1352 multitudinem?
1821 1298 2174 1368 Magistratus
2219 1299 2371 1353 enim

794 1384 1164 1454 maiestatem,
1223 1394 1279 1439 et
1328 1394 1499 1440 totam
1553 1387 1728 1452 illam,
1789 1403 1913 1456 quae
1965 1403 2034 1442 ex
2083 1387 2372 1458 dignitatis

796 1474 1089 1542 splendore
1139 1477 1341 1540 oritur,
1403 1478 1732 1547 gravitatem
1790 1479 2087 1546 superabat
2149 1489 2372 1544 natura,

794 1575 851 1619 et
889 1579 1080 1635 aperte
1137 1569 1464 1638 repellebat.
1503 1568 1828 1624 Clamabunt
1882 1570 2071 1640 itaque
2108 1579 2369 1640 tanquam

795 1657 986 1711 divino
1021 1658 1204 1713 furore
1231 1658 1398 1713 albati
1429 1679 1442 1714 :
1468 1660 1589 1729 Ipsa
1620 1669 1704 1714 est
1736 1660 1868 1725 tilia,
1904 1663 2020 1732 ipsa
2057 1673 2142 1716 est
2185 1677 2368 1727 soror,

797 1764 899 1803 ocu
924 1763 1081 1802 orum
1111 1749 1384 1818 voluptas,
1420 1750 1596 1821 imago
1623 1753 1844 1816 animae,
1871 1769 2038 1824 quam
2074 1755 2368 1809 existima-

2477 558 2725 613 ιντεῦθεν
2759 561 2789 614 6
2822 559 3026 628 πατὴρ,
3078 556 3288 612 ἐκεῖθεν
3340 559 3388 610 sl
3421 555 3664 624 ἀδελφοὶ,
3695 551 4005 623 ἀλλαχόθεν
4033 551 4070 620 ἢ

2480 651 2684 720 μήτηρ·
2718 650 2904 719 ⁸παρῆν
2929 650 3038 720 γάρ
3075 648 3170 703 καὶ
3194 647 3332 716 αὐτη
3365 645 3637 716 μαθοῦσα·
3667 645 3766 700 καὶ
3802 642 3943 714 πρὸς
3966 642 4069 695 ἀλ-

2477 742 2672 810 λήλους
2701 740 2858 794 τοῦτο
2915 741 3015 807 μὲν
3072 741 3457 812 περιπλοκαῖς,
3506 737 3666 791 τοῦτο
3693 736 3750 789 δὲ
3778 736 3873 789 καὶ
3905 734 4072 803 φιλο-

2475 835 2725 904 στόργοις
2782 833 3091 904 ἡμιλλῶντο
3157 836 3494 902 προσρήσεσι
3560 848 3575 861 ο
3650 829 3773 882 τίνα
3835 827 3951 900 μιν,
3997 825 4066 879 οὐ

2477 924 2898 996 περιϐάλλοντες
2949 925 3114 995 μέλη,
3162 924 3218 978 τί
3237 923 3294 978 δὶ
3324 922 3401 994 μὴ
3424 923 3725 990 πάσχοντες
3747 921 3782 993 ἢ
3811 919 4064 991 δρῶντες

2477 1019 2536 1085 ἐξ
2565 1016 2881 1090 ἀπορρήτου
2917 1017 3299 1089 περιχαρείας,
3331 1018 3366 1089 ἢ
3398 1017 3451 1072 τί
3483 1015 3594 1070 τῶν
3619 1014 4063 1083 διαγγελλόντων

2474 1110 2669 1183 ἡδονὴν
2691 1110 2872 1181 ψυχῆς
2895 1110 2982 1164 διά
3011 1110 3073 1163 τὸ
3098 1108 3305 1180 πλῆθος
3332 1109 3507 1162 ποιεῖν
3525 1102 3916 1176 εὐλαϐούμενοι
3938 1103 4065 1171 ςτδ

2473 1203 2584 1273 γὰρ
2610 1203 2808 1273 σεμνὸν
2825 1203 2935 1272 ’τῆς
2959 1202 3158 1272 ἀρχῆς,
3186 1201 3282 1256 καὶ
3302 1203 3402 1274 τὴν
3429 1203 3562 1271 δλην
3595 1203 3662 1256 tat
3693 1197 4066 1271 περιφανείας

2474 1295 2792 1365 κομψότητα
2815 1295 2850 1365 ή
2872 1296 3034 1364 φύσις
3060 1295 3462 1366 παρευδοκίμει
3487 1293 3585 1347 καὶ
3611 1291 3866 1363 φανερῶς
3888 1289 4065 1359 ἠλιτ-

2474 1402 2589 1457 χεν.
2629 1385 2901 1455 Ἐκραζον
2949 1381 3043 1440 οὖν
3072 1379 3186 1440 οἷον
3239 1384 3661 1449 ινθουσιῶντες·
3706 1382 3771 1438 Ἡ
3799 1381 4060 1449 θυγάτηρ

2473 1476 2650 1546 αὕτη,
2686 1476 2971 1549 sanies.
2999 1479 3033 1548 ι,
3072 1476 3181 1531 τῶν
3200 1474 3504 1547 ὀφθαλμῶν
3531 1473 3717 1546 ἡδονὴ.
3747 1472 3810 1526 τὸ
3831 1472 3932 1541 τῆς
3956 1470 4061 1524 τύ-

2473 1583 2576 1637 χης
2614 1566 2952 1637 ἀγαλλίαμα,
2992 1568 3060 1640 ἢν
3088 1569 3444 1637 ἀνάρπαοοω
3470 1564 3732 1634 γενέσθαι
3772 1564 3880 1616 ὑπὸ
3909 1561 4058 1615 θεῶν

2474 1657 2862 1726 νενομίκαμεν,
2895 1659 2965 1728 ἢν
2994 1657 3155 1728 ἡμεῖς
3187 1659 3288 1728 οὐχ
3313 1657 3554 1727 δρῶντες
3580 1655 3703 1710 οὐδὲ
3744 1656 3881 1725 ὀρᾷν
3914 1652 4060 1714 ὅλως

2475 1749 2602 1817 φῶς⁸
2629 1749 2979 1819 ήνειχόμεθα.
3014 1745 3236 1814 εταῦτα
3290 1750 3387 1802 καὶ
3437 1750 3467 1802 6
3502 1748 3677 1817 δῆμος
3715 1744 4065 1805 ἀκούσαντες

797 1840 980 1893 vimus
1023 1839 1197 1895 fuisse
1255 1856 1284 1895 a
1312 1842 1419 1896 diis
1485 1851 1697 1912 raptam
1739 1861 1751 1898 :
1784 1822 1948 1912 quam
1981 1861 2086 1899 nos
2139 1861 2248 1900 non
2283 1847 2369 1900 vi-
2403 1822 2476 1882 B‘

2403 1822 2449 1882 Β
2475 1839 2678 1909 δηλαδὴ
2732 1840 2826 1892 καὶ
2879 1838 3140 1909 δρῶντες,
3180 1832 3276 1900 Εἷς
3305 1837 3441 1900 Θεὸς
3487 1836 3693 1906 ἀληθὴς
3739 1834 3770 1886 6
3797 1833 4064 1904 Χριστὸς,

797 1929 1014 1989 dentes.
1043 1947 1110 1985 ne
1140 1932 1328 1986 videre
1364 1931 1585 2001 quidem
1616 1933 1793 1988 lucem
1831 1935 2058 1989 omnino
2105 1937 2375 1991 sustinui-

798 2034 946 2073 mus.
981 2018 1106 2073 Haac
1145 2021 1384 2089 populus
1416 2037 1638 2091 quoque
1674 2023 1888 2078 scilicet
1944 2024 2178 2080 audiens
2211 2035 2268 2080 et
2293 2026 2374 2080 vi-

800 2107 941 2162 dens
976 2127 988 2163 :
1023 2109 1178 2164 Unus
1213 2111 1356 2165 Deus
1391 2121 1476 2166 est
1523 2128 1685 2167 verus
1715 2111 1996 2180 Christus,
2037 2116 2370 2171 clamabant.

798 2199 1125 2270 Quicunque
1157 2215 1340 2257 autem
1372 2218 1439 2257 ex
1485 2203 1818 2259 Christianis
1863 2205 2026 2274 paulo
2059 2206 2375 2276 diligentio-

801 2293 956 2346 ribus
1006 2295 1424 2363 csspectabant.
1491 2305 1552 2352 ut
1617 2308 1742 2366 post
1780 2307 2014 2354 mortem
2070 2314 2372 2370 martyrum

800 2400 1030 2453 corpora
1091 2387 1370 2453 tollerent,
1412 2396 1467 2442 et
1510 2390 1930 2444 convenientem
1985 2405 2068 2445 eis
2111 2401 2376 2459 pararent

801 2476 1169 2544 sepulturam,
1221 2479 1259 2533 ii
1317 2493 1442 2533 cum
1497 2479 1805 2538 audiisscnt
1855 2490 1963 2536 tam
2031 2483 2374 2551 repentinam

799 2567 1044 2636 praefecti
1073 2579 1130 2624 et
1159 2572 1346 2640 populi
1379 2573 1765 2635 mutationem,
1808 2588 1934 2629 cum
1985 2574 2164 2630 turbis
2189 2575 2372 2644 prosi-

799 2657 986 2712 liunt:
1023 2677 1040 2710 ι
1071 2658 1208 2725 Quis
1247 2670 1332 2714 est
1380 2676 1633 2732 magnus,
1684 2663 1828 2718 sicut
1862 2663 2009 2718 Deus
2049 2679 2240 2719 noster
2265 2665 2309 2731 τ,
2352 2683 2372 2716 ι

799 2749 912 2803 alta
953 2765 1087 2806 voce
1139 2749 1468 2815 clamantes,
1526 2771 1545 2805 ι
1584 2753 1680 2823 qui
1729 2755 1939 2810 revelat
1994 2755 2270 2826 profunda
2318 2765 2374 2812 et

799 2843 1013 2896 occulta
1044 2844 1088 2909 ',
1116 2854 1171 2898 et
1217 2845 1271 2898 iu
1309 2846 1514 2899 astutia
1550 2845 1800 2915 ipsorum
1865 2847 2236 2918 apprehendit
2296 2863 2380 2904 sa-

799 2933 1016 3002 pientes
1047 2933 1298 2989 'lPater
1350 2946 1535 2991 autem
1583 2951 1710 2991 cum
1775 2937 2007 2994 invitam
2069 2939 2374 3010 Eugenism

2471 1931 2662 1986 t66mv.
2699 1931 2857 1986 Ὅσοι
2881 1932 2937 1985 δὶ
2971 1933 3080 1985 τῶν
3103 1930 3548 1997 σπουδαιοτέρων
3573 1928 3924 1998 Χριστιανῶν
3957 1913 4060 1979 πε-

2475 2025 2790 2097 ριμενοντες
2814 2005 2976 2096 ἦσαν,
3009 2019 3154 2078 ὥστε
3191 2017 3332 2095 μετά
3379 2024 3472 2076 τὸν
3496 2021 3727 2078 θάνατον
3763 2020 3872 2073 τῶν
3913 2035 4064 2090 μιαρο

2472 2115 2650 2188 τύρων
2680 2115 2967 2170 ἀνελέσθαι
2990 2115 3061 2170 τά
3093 2115 3324 2185 σώματα
3357 2116 3452 2168 καὶ
3479 2115 3660 2184 ταφῆς
3690 2111 3926 2175 ἀξιῶσαι
3958 2111 4067 2180 τῆς

2475 2210 2884 2278 προσηκούσης,
2919 2199 3066 2261 οὗτοι
3098 2206 3156 2261 δὲ
3187 2206 3489 2276 πυθόμενοι
3517 2208 3617 2277 τὴν
3642 2205 3816 2267 οὓτως
3851 2203 4067 2275 ἀθρόαν

2478 2299 2653 2368 δήπου
2694 2298 2788 2351 τοῦ
2810 2299 3056 2368 ἐπάρχου
3081 2296 3290 2351 καὶτοῦ
3315 2297 3489 2367 δήμου
3529 2296 3834 2365 μεταϐολὴν
3865 2298 3954 2348 εἰσ
3967 2313 4071 2364 κη-

2479 2387 2616 2442 δῶσι
2649 2387 2788 2457 μετά
2831 2388 2940 2440 τῶν
2963 2388 3161 2457 δχλων,
3199 2388 3295 2452 Τίς
3333 2388 3507 2459 μιγας
3535 2386 3612 2450 ὡς
3659 2389 3688 2440 6
3711 2386 3847 2450 Θεὸς
3873 2386 4065 2456 ήμῶν,

2484 2480 2829 2550 γεγωνοτέρᾳ
2856 2483 2921 2550 τῇ
2945 2484 3097 2552 φωνῇ
3128 2480 3383 2551 βοιῖιντες,
3402 2483 3430 2534 6
3452 2480 3853 2534 ἀνακαλύπτων
3887 2479 4070 2550 βαθέα

2485 2573 2579 2626 καὶ
2601 2573 2895 2643 ἀπόκρυφα
2919 2574 3011 2626 καὶ
3039 2575 3106 2644 τῇ
3143 2573 3328 2627 αὐτῶν
3358 2573 3669 2643 πανουργία
3699 2571 3829 2634 τοὺς
3859 2573 4068 2638 σοφοὺς

2479 2663 2882 2734 δρασσόμενος;
2933 2663 2996 2716 '0
3047 2664 3234 2732 μέντοι
3269 2665 3457 2736 πατὴρ
3491 2667 3586 2719 καὶ
3613 2663 3856 2718 ἄκουσαν
3888 2663 4071 2732 Εὐγε-

2479 2756 2601 2809 νίαν
2628 2754 2905 2825 διαχρύσῳ
2934 2755 3248 2827 περιϐαλὼν
3286 2758 3448 2832 στολῇ
3489 2756 3775 2829 (ἠϐούλετο
3797 2754 3908 2826 γὰρ
3950 2773 4071 2810 κοι-

2479 2849 2682 2922 νωνοὺς
2731 2848 2943 2911 πάντας
2969 2848 3067 2918 τῆς
3095 2849 3436 2920 εὐφροσύνης
3463 2850 3696 2920 λαϐεῖν),
3731 2850 3819 2918 ἀφ’
3851 2849 4066 2920 ὕψηλοῦ

2479 2957 2539 2994 τε
2569 2940 2862 2996 ἀνεϐίϐασε
2889 2939 3082 3011 θρόνου
3101 2944 3196 2995 καὶ
3219 2941 3452 3013 ὀφθῆναι
3487 2944 3620 2996 πᾶσι
3638 2945 3934 3013 πεποίηκε.

802 3045 971 3084 aurea
1015 3041 1171 3086 veste
1204 3032 1476 3089 induisset
1532 3033 1773 3106 (volebat
1801 3036 1949 3090 enim
2006 3051 2200 3092 omnes
2249 3052 2373 3094 esse
2432 3053 2550 3094 suae
2589 3038 2897 3109 participes
2947 3038 3200 3109 latitia),
3236 3039 3293 3096 in
3335 3039 3448 3096 alta
3506 3055 3628 3096 eam
3661 3039 3793 3096 sede
3825 3039 4074 3097 colloca-

804 3127 905 3187 vit,
937 3136 992 3181 et
1023 3127 1152 3182 fecit
1185 3137 1244 3182 ut
1269 3130 1548 3184 videretur
1574 3131 1644 3185 ab
1677 3133 1956 3187 omnibus.

873 3218 1062 3275 XXIV.
1092 3220 1230 3275 Dum
1255 3221 1371 3275 haec
1395 3233 1576 3277 autem
1596 3223 1952 3291 gerebantur,
1983 3226 2106 3295 ipse
2134 3240 2376 3295 quoque,
2407 3233 2450 3291 ο

2407 3233 2450 3291 c
2553 3226 2678 3281 KA'.
2717 3227 2809 3280 Ἐν
2845 3219 2890 3295 ᾧ
2929 3227 2986 3280 δὶ
3023 3225 3196 3281 ταῦτα
3242 3227 3573 3303 δπράττετο,
3607 3227 3704 3280 καλ⁵
3759 3227 3924 3290 αὖτις
3959 3229 3990 3281 6
4015 3231 4072 3280 ιν

805 3311 900 3380 qui
933 3310 1090 3365 estin
1115 3311 1258 3367 coelo
1279 3313 1444 3376 Deus,
1476 3323 1574 3367 aut
1601 3323 1662 3368 ut
1690 3315 1876 3383 potius
1908 3315 2087 3371 dicam
2133 3332 2260 3371 cum
2289 3317 2384 3371 di-

805 3403 936 3456 vino
987 3401 1111 3464 Job,
1163 3403 1257 3471 qui
1293 3413 1412 3458 erat
1455 3405 1512 3458 in
1546 3406 1702 3460 caelis
1738 3407 1896 3461 testis
1941 3407 2227 3477 Eugeniae,
2285 3410 2382 3479 qui

806 3495 1006 3549 eratin
1037 3495 1197 3549 cie-lis
1248 3497 1366 3565 ejus
1403 3498 1661 3552 conscius
1690 3499 1756 3563 ‘°,
1797 3503 2153 3569 repentinum
2191 3504 2378 3572 ignem

805 3589 1046 3655 desuper
1099 3588 1396 3656 iaculatus,
1425 3587 1740 3645 Melanthize
1769 3591 1996 3646 domum
2034 3596 2384 3664 consumpsit

805 3673 1054 3728 omnino.
1081 3674 1232 3727 Illam
1259 3676 1408 3729 enim
1431 3685 1642 3730 aeterno
1680 3681 2008 3734 reservavit.
2039 3681 2157 3735 Hoc
2194 3693 2380 3737 autem

797 3763 1007 3818 factum
1035 3763 1242 3831 eﬂ‘ecit,
1269 3775 1330 3818 ut
1384 3767 1544 3821 multi
1573 3780 2037 3824 converterentur
2067 3770 2136 3824 ad
2183 3772 2378 3826 verita-

805 3863 939 3907 tem.
992 3854 1254 3910 Protinus
1307 3871 1440 3926 ergo
1499 3871 1530 3912 τι
1585 3859 1920 3914 Christianis
1986 3861 2380 3916 celebrabatur

805 3944 1007 3998 festum
1029 3960 1342 4012 commune,
1367 3947 1596 4018 etlonga
1625 3959 1834 4003 mutata
1858 3961 1940 4006 est
1972 3953 2222 4020 tristitia,
2252 3968 2378 4008 cum

803 4034 1097 4105 praefectus
1127 4039 1349 4108 quidem
1376 4041 1542 4096 simul
1566 4056 1691 4096 cum
1722 4041 1831 4098 lilia
1873 4043 2176 4098 invenisset
2208 4047 2382 4114 pieta-

806 4134 940 4187 tem.
985 4137 1042 4182 et
1071 4131 1138 4183 ad
1170 4131 1452 4187 Christum
1480 4136 1826 4200 accessisset,
1864 4147 1922 4190 et
1951 4146 2150 4192 sancto
2177 4138 2379 4193 luisset

804 4217 1130 4288 obsignatas
1162 4221 1492 4292 baptismate
1527 4225 1898 4281 :'Christianis
1931 4243 2060 4282 vero
2122 4231 2378 4298 protinus

805 4328 976 4367 sacra:
1012 4315 1240 4371 reddita:
1265 4326 1452 4372 essent
1475 4321 1745 4381 ecclesiae.
1777 4332 1834 4375 et
1860 4322 1898 4375 ii
1929 4338 2068 4392 quos
2095 4324 2252 4392 prius
2277 4324 2378 4377 ha-

797 4403 1032 4471 bebant,
1079 4407 1319 4464 honores
1348 4419 1404 4465 et
1456 4412 1765 4482 privilegia.
1801 4413 1921 4468 Non
1969 4415 2150 4469 solum
2182 4425 2368 4469 autem

804 4497 922 4551 haec
959 4497 1178 4554 fuerant
1205 4503 1512 4566 consecuti,
1544 4505 1641 4559 sed
1695 4507 1864 4559 etiam
1893 4507 1974 4562 eis
2013 4507 2216 4563 licebat
2258 4519 2377 4567 tuto

803 4588 1055 4644 habitare
1088 4591 1380 4658 civitates;
1411 4594 1518 4650 hoc
1569 4596 1718 4650 enim
1763 4599 1845 4651 eis
1881 4601 2206 4667 procuravit
2243 4603 2373 4657 Phi-

807 4683 1012 4752 lippus,
1035 4699 1160 4739 cum
1193 4688 1475 4743 retulisset
1507 4689 1574 4756 ad
1607 4689 1973 4760 imperatores
2007 4694 2272 4749 Severum
2325 4705 2382 4751 et

805 4773 956 4842 pium
985 4774 1306 4844 Antonium,
1348 4795 1470 4835 esse
1499 4780 1695 4835 inutile
1736 4783 1972 4852 imperio
2004 4784 2378 4841 Romanorum

797 4869 1000 4936 expelli
1030 4869 1395 4941 Christianos,
1426 4877 1606 4947 utqui
1633 4894 1744 4931 non
1777 4879 1832 4932 in
1869 4881 2058 4948 paucis
2082 4882 2194 4934 sint
2228 4898 2380 4936 com-

805 4962 958 5015 muni
985 4963 1170 5020 utiles.
1207 4966 1409 5036 Eisque
1446 4969 1930 5033 convenientibus,
1966 4988 2158 5027 rursus
2185 4973 2379 5028 videre

803 5049 1009 5105 licebat
1061 5054 1446 5111 Alexandriam
1481 5060 1652 5115 veluti
1699 5059 1882 5115 denuo
1929 5063 2229 5116 conditam.
2288 5064 2377 5118 Si-

805 5142 954 5199 milis
992 5146 1168 5213 quies,
1204 5157 1258 5202 et
1289 5149 1488 5204 similis
1515 5166 1808 5229 successus
1876 5162 1996 5207 erat
2024 5155 2188 5208 etiam
2223 5155 2276 5208 iu
2307 5156 2376 5210 iis

806 5250 928 5302 qua:
980 5239 1194 5292 suntin
1256 5239 1508 5311 Egypto,
1556 5244 1808 5309 urbibus,
1847 5253 1901 5297 et
1941 5244 2211 5299 ﬂorebant
2272 5248 2376 5301 itc-

807 5342 930 5383 rum
975 5346 1066 5387 res
1115 5333 1581 5401 Christianorum,
1629 5339 1900 5407 clarasque
1927 5349 1983 5393 et
2014 5341 2247 5395 excelsa;
2283 5341 2382 5395 tle-

805 5418 962 5476 bant.

872 5513 1038 5573 XXV.
1094 5517 1203 5573 Sed
1256 5523 1515 5590 quoniam
1549 5537 1673 5576 cum
1709 5523 1886 5576 virtus
1935 5522 2074 5578 adeo
2117 5533 2272 5578 recte
2313 5539 2372 5578 se

803 5601 1054 5677 haberet,
1098 5611 1303 5666 accidit
1368 5620 1424 5664 ut
1473 5622 1659 5667 contra
1720 5613 1994 5683 irreperet
2056 5614 2271 5682 vitium,
2317 5624 2375 5670 et

2485 3319 2704 3391 οὐρανῷ
2731 3319 2885 3383 Θεὸς,
2924 3320 2957 3389 ἢ
2996 3320 3220 3389 μᾶλλον,
3256 3319 3318 3372 τδ
3347 3319 3442 3373 τοῦ
3476 3319 3626 3374 θείου
3667 3319 3786 3373 Ἰὼϐ
3808 3320 4005 3389 φάναι,
4045 3321 4074 3372 6

2485 3413 2543 3465 ἐν
2571 3413 2821 3482 οὐρανοῖς
2847 3412 3112 3479 Εὐγενίας
3139 3413 3372 3483 μάρτυς,
3401 3413 3430 3466 6
3455 3414 3512 3465 ὲν
3530 3412 3773 3482 ὑψίστοις
3793 3416 4068 3483 συνίστωρ

2485 3504 2677 3573 αὐτῆς,
2725 3503 2837 3572 πῦρ
2877 3505 3150 3573 αἰφνίδιον
3194 3505 3490 3575 οὐρανόθεν
3523 3505 3685 3575 ἀφεὶς
3714 3507 3806 3558 τὸν
3846 3508 4068 3561 Μελαν-

2486 3593 2607 3656 θίας
2633 3589 2782 3647 οἷκον
2811 3597 2892 3654 εἰς
2918 3593 3067 3650 ἅπαν
3101 3596 3350 3650 ἀνάλωσε
3372 3612 3386 3627 ο
3425 3597 3646 3667 εκείνην
3680 3598 3788 3666 γάρ
3810 3597 3892 3667 τῷ
3931 3601 4066 3652 αίω·

2487 3685 2584 3755 νίῳ
2617 3687 2817 3753 μᾶλλον
2840 3687 3228 3755 ἐταμιεύσατο.
3261 3688 3372 3742 Καὶ
3395 3689 3456 3741 τὸ
3489 3690 3710 3757 γεγονὸς
3737 3690 3900 3744 τοῦτο
3939 3692 4066 3744 ἑπι-

2487 3777 2716 3848 στρέψαι
2772 3779 3003 3844 πολλοὺς
3046 3780 3186 3849 πρδς
3211 3783 3312 3852 τὴν
3340 3781 3600 3851 ἀλήθειαν
3623 3783 4068 3850 παρεσκεύασεν.

2486 3870 2694 3924 Λύτίκα
2723 3869 2858 3939 γοῦν
2909 3873 3025 3935 τοῖς
3076 3873 3428 3944 Χριστιανοῖς
3463 3873 3632 3944 ἤγετο
3689 3874 3846 3942 κοινὴ
3881 3875 4069 3944 ἑορτή,

2484 3963 2580 4014 καὶ
2607 3964 2640 4032 ή
2680 3963 2871 4030 μακρά
2897 3965 3173 4034 κατήφεια
3221 3963 3604 4033 μετεϐάλλετο,
3635 3965 3728 4018 τοῦ
3763 3965 3865 4033 μιν
3895 3967 4071 4033 ὲπάρ-

2483 4073 2578 4125 χου
2607 4055 2747 4125 μετά
2771 4055 2873 4125 τῆς
2903 4055 3174 4126 θυγατρὸς
3230 4051 3346 4123 ἅμα
3378 4055 3470 4110 καὶ
3507 4056 3608 4127 τὴν
3640 4056 3927 4110 εὐσέϐειαν
3977 4059 4071 4110 εὐ·

2487 4149 2714 4220 ρηκὸτος
2742 4147 2967 4218 Χριστῷ
3009 4165 3069 4200 τε
3115 4148 3506 4218 προσελθόντος
3549 4149 3643 4202 καὶ
3677 4149 3758 4219 τῷ
3790 4149 3938 4218 ἀγίῳ
3971 4166 4069 4220 ση-

2485 4239 2808 4310 μειωθέντος
2850 4239 3208 4309 βαπτίσματι,
3260 4239 3610 4308 Χριστιανοῖς
3659 4239 3717 4292 δὲ
3761 4241 3872 4293 τῶν
3903 4243 4068 4311 ιερῶν

2482 4331 2642 4394 εὐθὺς
2671 4331 2976 4401 ἐκκλησιῶν
3009 4330 3373 4385 ἀναδοθεισῶν
3405 4331 3502 4382 καὶ
3529 4325 3604 4384 ὧν
3635 4327 3782 4400 εἰχον
3826 4333 3935 4403 πρδ
3969 4334 4065 4386 τού

2480 4422 2655 4491 τιμῶ-ι
2687 4439 2748 4474 τε
2790 4423 2886 4476 καὶ
2945 4422 3280 4491 προνομίων.
3343 4422 3417 4474 Οὐ
3480 4423 3642 4492 μόνον
3691 4423 3750 4476 δι
3804 4425 4069 4477 τοιούτων

2482 4515 2799 4583 ἐτύγχανον,
2833 4514 2971 4567 ἀλλά
2993 4515 3088 4566 καὶ
3116 4513 3292 4576 ἀδεῶς
3313 4500 3498 4582 ιιρεῖτο
3522 4513 3623 4576 τάς
3652 4515 3840 4577 πόλεις
3869 4518 4065 4569 οἰκεῖν.

2478 4606 2740 4670 Φίλιππος
2769 4606 2880 4677 γάρ
2902 4605 3062 4659 τοῦτο
3099 4607 3283 4665 αὐτοῖς
3307 4607 3741 4675 περιεποιήσατο
3779 4610 3898 4670 τοῖς
3926 4625 4067 4676 κρα·

2477 4701 2660 4753 τοῦσιν
2681 4698 3009 4766 ἀνενεγκὼν,
3033 4698 3260 4766 Σευήρῳ
3284 4714 3344 4750 τε
3376 4698 3472 4751 καὶ
3497 4697 3613 4767 Πίῳ
3643 4697 3722 4764 τῷ
3760 4699 4065 4769 Ἀντωνίῳ,

2479 4790 2792 4850 ἀλυσιτελὲς
2850 4785 2990 4840 εἶναι
3043 4789 3110 4856 τῇ
3161 4786 3456 4854 Ῥωμαίων
3491 4789 3634 4855 ἀρχῇ
3689 4785 4065 4854 Χριστιανοὺς

2477 4879 2896 4942 ἀπελαύνεσθαι,
2918 4880 3012 4932 am
3041 4879 3115 4947 μὴ
3142 4879 3199 4931 ἐν
3229 4876 3432 4944 ὀλίγοις
3464 4877 3772 4946 χρησίμους
3793 4875 3876 4944 τῷ
3901 4877 4066 4946 κοινῴ

2477 4973 2814 5043 γινομένους.
2853 4973 2963 5024 Καὶ
2993 4970 3303 5035 συνιόντων,
3334 4965 3403 5040 ἦν
3435 4969 3568 5039 ὀρᾷν
3607 4967 3764 5030 αὖθις
3785 4967 3890 5038 τὴν
3915 4968 4065 5021 Ἀλε-

2481 5064 2753 5134 ξανδρέων
2775 5061 2966 5133 ὥσπερ
2987 5063 3051 5114 ὲκ
3083 5060 3340 5129 δευτέρου
3376 5059 3542 5112 πάλιν
3570 5059 3951 5128 οἰκιζομένην.
3975 5059 4064 5112 Ἐν

2479 5157 2697 5226 ὁμοίαις
2753 5155 2811 5209 δὲ
2843 5156 2961 5217 ταῖς
2990 5153 3207 5207 ἀνέσεσι
3242 5153 3342 5206 καὶ
3394 5155 3515 5214 ταῖς
3556 5150 3838 5218 εὐθηνίαις
3871 5155 3969 5204 καὶ
4007 5154 4059 5203 αἱ

2480 5250 2599 5302 κατ’
2640 5247 2917 5314 Αἴγυπτον
2943 5245 3126 5307 πόλεις
3159 5239 3322 5315 ἦσαν,
3360 5244 3456 5295 καὶ
3491 5244 3654 5296 πάλιν
3684 5242 3756 5295 τά
3786 5242 4061 5313 Χριστια-

2482 5341 2588 5393 νῶν
2614 5339 2789 5410 ῆνθει,
2817 5337 3090 5406 διέλαμπέ
3119 5353 3176 5388 τε
3211 5337 3304 5388 καὶ
3333 5334 3659 5406 ύπερῄρετο.

2550 5521 2682 5574 KE’.
2699 5519 2840 5572 Ἀλλ’
2857 5518 3068 5588 ἐπειδὴ,
3099 5501 3283 5578 καλῶς
3308 5514 3450 5569 οὕτω
3468 5531 3566 5582 της
3589 5513 3796 5583 ἀρετῆς
3815 5515 4064 5585 ιχούσης,

2479 5615 2579 5684 τήν
2597 5613 2794 5666 κακίαν
2817 5609 3056 5680 ἔμπαλιν
3076 5606 3392 5662 συνέϐαινεν
3424 5606 3686 5678 ὑπορρεῖν
3722 5606 4063 5679 πλήττεσθαι

876 5786 898 5818 ⁷
948 5786 1090 5843 Psal.
1143 5803 1322 5854 tu",
1389 5790 1475 5843 Η.
1553 5790 1572 5823 ⁸
1619 5793 1753 5847 Dan.
1815 5809 1876 5857 ιι,
1933 5791 2022 5845 22.
2101 5792 2119 5824 ⁹
2171 5791 2271 5848 Job
2331 5807 2385 5856 ν,
2425 5791 2528 5860 l3;

1933 5791 2022 5845 22.
2101 5792 2119 5824 ⁹
2171 5791 2271 5848 Job
2331 5807 2385 5856 ν,
2425 5791 2528 5860 l3;
2565 5791 2582 5848 |
2616 5790 2742 5848 Cor.
2796 5805 2876 5858 tu,
2915 5788 3000 5846 l9.
3083 5789 3127 5821 ¹⁹
3165 5785 3269 5842 Job
3305 5801 3419 5852 ενι,
3469 5783 3558 5840 20.
