4252 6440
245 394 354 459 637

1359 386 1829 448 MARTYRIUM
1873 387 1933 449 S.
1972 385 2361 449 EUGENUE.

3398 385 3503 456 638

245 521 312 560 τε
340 506 437 562 τδν
466 504 637 575 αὐτῆς
689 504 865 558 αῖτιον
919 496 1179 570 ἰσχυρῶς,
1237 499 1360 553 οὒδδ
1406 500 1577 573 ,τανῦν
1612 502 1767 571 φέρει
1795 505 1823 554 ὁ
1855 508 1898 560 Α

1855 503 2021 570 Α(ιυί
2074 512 2158 557 est
2225 503 2347 571 ejus
2393 509 2609 565 auctor,
2667 500 2913 570 graviter
2979 499 3347 563 sauciaretur,
3416 517 3504 558 res

247 600 367 662 τοῖς
399 598 585 661 καλοῖς
638 593 1040 663 ἀντικείμενος,
1086 590 1224 646 ἀλλὰ
1274 591 1386 645 τῶν
1431 591 1826 663 ’Δλεξανδρέων

247 689 404 753 τινὰς
426 685 675 742 ὑπελθὼν
705 688 756 739 οῖ
792 684 1009 754 πλούτῳ
1028 683 1129 753 μιν
1149 684 1245 736 καὶ
1272 684 1603 752 περιφανεῖς.
1636 698 1829 750 περιτ-

244 783 358 844 τῶς
380 776 547 851 εἶχον,
598 780 702 833 ὑπὸ
732 780 793 833 δὲ
818 777 921 844 τῆς
968 777 1098 847 περὶ
1144 777 1213 829 τὰ
1240 776 1435 830 εἴδωλα
1467 776 1667 847 μανίας
1698 793 1826 845 κρα-

243 871 422 935 ταιῶς
471 873 704 941 είχοντο,
735 870 915 924 πείθει
952 870 1021 923 τὰ
1070 868 1318 938 βασίλειὰ
1368 886 1430 921 τε
1472 868 1823 928 καταλαϐεῖν.

247 964 349 1015 καὶ
393 963 503 1023 τοῖς
556 952 818 1030 κρατοῦσι
877 958 1278 1031 προσελθόντας
1309 958 1399 1011 τὸν
1441 958 1540 1025 μιν
1580 958 1688 1026 πρὸ
1732 958 1825 1010 τοῦ

246 1034 443 1123 χρόνον
474 1054 647 1106 είπεῖν
671 1053 889 1105 ἅπαντα
914 1051 1096 1114 καλῷς
1115 1069 1173 1103 τε
1193 1055 1261 1121 τῇ
1284 1053 1426 1122 ἀρχῇ
1450 1050 1540 1102 τὸν
1559 1050 1827 1104 Φίλιππον

243 1145 550 1215 διαπρέψαι
574 1146 669 1197 καὶ
698 1144 1068 1197 εὐσεϐέστατα
1099 1130 1416 1211 διατεθῆναι
1451 1142 1519 1194 τὰ
1548 1142 1677 1211 περὶ
1702 1143 1828 1205 τοὺς

245 1237 429 1302 θεοὺς,
480 1235 601 1289 νυνὶ
649 1234 729 1300 δὲ,
784 1238 939 1303 φασὶ,
994 1235 1220 1289 δέκατον
1271 1234 1390 1296 ἔτος
1458 1235 1559 1303 οὐχ
1590 1230 1685 1286 οἷδ’
1717 1235 1823 1286 ὅτι

244 1328 441 1383 παθὼν
484 1329 680 1383 ἑαυτόν
732 1346 792 1383 τε
827 1330 923 1382 καὶ
974 1330 1154 1381 πᾶσαν
1196 1328 1296 1396 τὴν
1326 1326 1483 1380 πόλιν
1525 1326 1825 1396 ἀνατρέψαι

242 1417 584 1490 διενοήσατο,
609 1422 710 1490 τὴν
740 1419 850 1473 τῶν
877 1418 1150 1490 μεγίστων
1189 1417 1328 1472 θεῶν
1375 1420 1541 1489 τιμὴν
1594 1420 1675 1481 είς
1708 1418 1825 1481 ἑνὸς

244 1511 540 1583 ἀνθρώπου
598 1511 857 1581 λατρείαν
897 1509 1249 1580 μεταγαγὼν,
1286 1510 1347 1563 δν
1382 1512 1441 1563 ὲν
1489 1510 1825 1579 Παλαιστίνη

247 1603 390 1670 πρὸς
446 1600 721 1655 Ἰουδαίων
754 1598 1206 1655 ἀνεσκολοπίσοαι
1252 1600 1493 1669 λέγουσι.
1534 1601 1717 1670 Ταύτῃ
1744 1618 1825 1653 τοι

243 1697 343 1749 καὶ
396 1694 558 1749 Quae
617 1694 718 1766 μὲν
795 1693 893 1762 εθη
949 1693 1177 1765 πάτρια,
1234 1694 1459 1762 ἐτίμησε
1517 1694 1575 1747 δὲ
1632 1693 1825 1763 νόμους

246 1785 432 1854 νέους,
459 1785 796 1856 προετίμησε
839 1785 896 1838 δὲ
932 1786 1057 1849 τοὺς
1095 1783 1311 1847 ἀσεϐεῖς
1339 1787 1371 1852 ὴ
1382 1785 1519 1854 μῶν,
1545 1784 1640 1837 καὶ
1669 1800 1824 1837 συνε-

242 1878 439 1942 Muta;
478 1880 674 1942 εἰπεῖν,
705 1877 858 1931 οὐδὲν
890 1878 999 1932 τῶν
1030 1878 1109 1940 εις
1134 1878 1455 1954 ἀνατροπὴν
1504 1875 1641 1936 ὅλως
1664 1875 1821 1944 ἡμῶν

242 1988 308 2023 τε
339 1972 434 2024 καὶ
467 1970 606 2023 θεῶν
635 1971 982 2024 ἀπολέλοιπε.
1039 1969 1227 2022 Ταῦτα
1257 1971 1306 2020 oi
1339 1968 1577 2038 βασιλεῖς
1604 1966 1822 2019 διακού-

246 2075 446 2121 σαντες
498 2060 873 2114 έπιστέλλουσι
926 2058 1107 2111 τοιάδε
1137 2056 1424 2127 Φιλίππῳ·
1481 2060 1539 2110 Ὀ
1570 2055 1670 2126 μὲν
1714 2055 1821 2124 πρὸ

244 2152 409 2221 ἡμῶν
439 2150 712 2214 θειότατος
741 2150 1065 2218 Αὔγουστος,
1107 2148 1449 2218 θεραπευτὴν
1478 2148 1607 2200 εντα
1637 2164 1696 2197 σε
1712 2145 1823 2196 τῶν

245 2242 388 2297 θεῶν
414 2243 593 2309 είδὼς,
647 2246 742 2297 καὶ
770 2246 900 2313 περὶ
931 2244 1028 2305 τὰς
1054 2242 1258 2295 τούτων
1306 2241 1473 2310 τιμὰς
1506 2238 1818 2306 σπουδαῖον,

248 2334 517 2406 μεγίστην
547 2353 630 2389 σοι
682 2338 777 2390 καὶ
824 2336 985 2398 αὐτὸς
1022 2336 1333 2405 παρέσχετο
1360 2336 1459 2403 τὴν
1493 2334 1689 2404 ἀρχὴν,
1724 2334 1818 2385 καὶ

241 2425 439 2497 ὥσπερ
488 2426 715 2497 βασιλέα
754 2427 956 2497 μᾶλλον
982 2428 1015 2498 ἢ
1046 2428 1289 2498 ἔπαρχον
1340 2428 1521 2495 πάσης
1582 2425 1821 2495 ἄρχοντα

239 2518 341 2585 τῆς
370 2519 653 2585 Αἰγύπτου
681 2520 1119 2589 κεχειροτόνηκε,
1157 2519 1251 2571 καὶ
1293 2518 1562 2588 μηδέποτέ
1604 2533 1663 2567 σε
1688 2516 1817 2586 ἄχρι

243 2610 343 2664 καὶ
375 2609 641 2674 διατελεῖς
673 2610 805 2677 ζῶν,
837 2612 937 2681 τῆς
966 2612 1140 2682 ἀρχῆς
1160 2613 1818 2680 ταύτης,ἀποχειροτονη-

243 2702 412 2774 θῆναι
446 2703 846 2769 διεκελεύσατο,
881 2704 1019 2758 ἀλλα
1045 2703 1576 2774 συνδιαμετρηθῆναι
1600 2703 1678 2769 τῷ
1714 2704 1817 2773 βίῳ

241 2795 340 2849 καὶ
372 2797 470 2863 τὴν
508 2798 705 2867 ἀρχήν.
747 2798 937 2867 Ἡμεῖς
959 2798 1016 2852 δέ
1047 2815 1129 2850 σοι
1170 2798 1266 2850 καὶ
1308 2798 1512 2859 ταύτας
1550 2796 1815 2850 διασεσώ·

244 2905 443 2958 καμεν,
470 2890 608 2946 ἀλλὰ
638 2890 812 2945 ταῦτα
841 2892 1036 2960 μέχρις
1066 2884 1127 2945 οὗ
1162 2890 1258 2944 καὶ
1310 2891 1472 2954 αὐτὸς
1504 2890 1657 2959 φίλος
1701 2894 1817 2953 τοῖς

239 2978 387 3042 θεοῖς
441 2982 738 3049 ιτύγχανες
774 2979 870 3034 ὧν.
920 2980 1074 3033 Ἐπεὶ
1119 2980 1177 3033 δὲ
1225 2980 1318 3035 νῦν
1364 2981 1815 3051 διατεθρύλληται

240 3071 373 3139 περὶ
402 3070 518 3135 σοῦ,
552 3072 622 3126 τά
672 3089 734 3126 τε
789 3071 923 3141 πρὸς
963 3072 1119 3136 θεοὺς
1164 3073 1492 3143 μεταϐαλεῖν
1521 3092 1581 3127 σε
1631 3079 1725 3129 καὶ
1750 3076 1819 3128 τὰ

1930 604 2230 663 praesentes
2267 610 2373 648 non
2399 593 2626 664 patitur,
2658 594 2753 662 qui
2781 602 2868 647 est
2894 594 3055 647 bonis
3094 592 3451 648 adversarius
3485 615 3498 649 :

1930 687 2025 740 sed
2052 688 2215 741 tacite
2240 702 2297 741 se
2333 688 2623 741 insinuans
2681 685 3017 756 quibusdam
3083 687 3496 749 Alexandrinis,

1928 777 2024 844 qui
2053 786 2214 831 erant
2250 776 2461 831 divitiis
2489 775 2715 846 quidem
2745 785 2802 830 et
2830 776 3051 845 generis
3084 774 3383 843 splendore
3414 778 3503 829 in-

1928 868 2134 937 signes,
2174 868 2598 922 simulacrorum
2640 877 2825 921 autem
2862 868 3045 921 cultus
3102 866 3278 919 furori
3338 877 3499 921 erant

1928 960 2174 1028 impense
2207 960 2405 1021 dediti,
2437 961 2736 1027 persuadet
2765 962 2872 1022 eis,
2920 969 2977 1011 ut
3018 970 3146 1013 eant
3186 961 3240 1013 in
3293 961 3497 1028 regiam

1926 1061 1982 1105 et
2005 1050 2332 1105 accedentes
2358 1050 2425 1104 ad
2455 1051 2844 1119 imperatores,
2875 1051 3085 1112 dicant,
3122 1060 3236 1104 toto
3268 1051 3500 1119 quidem

1927 1142 2257 1211 praecedenti
2287 1152 2537 1210 tempore
2573 1157 2631 1196 se
2658 1142 2714 1195 in
2748 1144 3076 1211 magistratu
3106 1144 3339 1211 pulchre
3371 1159 3501 1212 ges-

1928 1235 2065 1288 sisse
2120 1236 2455 1302 Philippum,
2492 1244 2548 1288 et
2600 1234 2759 1289 valde
2810 1237 2897 1304 pie
2934 1237 3196 1290 allectum
3248 1237 3415 1291 fuisse
3445 1239 3499 1291 in

1927 1326 2084 1381 deos.
2120 1325 2278 1380 Nunc
2304 1333 2510 1387 autem,
2541 1326 2824 1395 inquiunt,
2875 1328 3153 1381 nescimus
3194 1342 3305 1397 quo
3330 1336 3501 1391 motu,

1921 1418 2033 1488 jam
2065 1417 2257 1471 decem
2292 1419 2451 1472 annis
2482 1419 2707 1481 abhinc,
2753 1428 2809 1473 et
2840 1434 2899 1473 se
2948 1429 3005 1472 et
3034 1430 3201 1473 totam
3257 1428 3503 1473 nostram

1926 1507 2205 1561 civitatem
2232 1507 2288 1560 in
2336 1508 2523 1561 animo
2554 1507 2749 1561 habuit
2777 1518 3051 1565 evertere.
3090 1509 3297 1562 honore
3326 1510 3501 1561 maxi-

1926 1617 2141 1655 morum
2170 1602 2401 1656 deorum
2441 1602 2696 1657 traducto
2725 1604 2794 1656 ad
2844 1604 3055 1657 cultum
3110 1604 3276 1657 unius
3324 1602 3504 1657 homi-

1926 1695 2037 1758 nis,
2067 1710 2229 1763 quem
2263 1695 2454 1749 dicunt
2483 1696 2539 1747 in
2589 1694 2873 1749 Palaestina
2908 1697 3078 1749 fuisse
3114 1697 3440 1749 cruciﬁxum
3470 1713 3499 1750 a

1928 1787 2153 1843 Iudaeis.
2194 1787 2271 1841 Ita
2295 1803 2476 1841 mores
2504 1788 2728 1855 quidem
2759 1789 2923 1843 solvit
2955 1789 3183 1857 patrios,
3210 1789 3504 1842 honoravit

1927 1894 2055 1933 vero
2089 1895 2258 1933 novas
2292 1881 2460 1948 leges,
2494 1880 2693 1949 impios
2721 1891 2905 1935 autem
2942 1882 3100 1934 nobis
3148 1883 3411 1949 praztulit,
3448 1891 3504 1935 et

1926 1980 1986 2024 ut
2022 1972 2190 2025 semel
2251 1971 2525 2032 dicamus,
2594 1971 2734 2024 nihil
2790 1975 3016 2025 omnino
3059 1973 3247 2025 omisit
3304 1989 3495 2026 eorum

1922 2081 2046 2134 quae
2106 2068 2384 2135 pertinent
2418 2066 2484 2120 ad
2550 2082 2651 2119 nos
2680 2076 2737 2121 et
2766 2067 2901 2121 deos
2966 2068 3319 2123 evertendas.
3371 2069 3495 2122 llaec

1923 2174 2049 2213 cum
2109 2160 2417 2213 audiissent
2499 2160 2885 2228 imperatores,
2943 2161 3057 2214 haec
3121 2162 3369 2215 scribunt
3428 2162 3496 2214 ad

1922 2250 2235 2319 Philippum
2273 2269 2288 2303 :
2327 2250 2429 2314 Qui
2488 2265 2590 2304 nos
2616 2250 2838 2319 quidem
2881 2254 3161 2320 pracessit
3216 2253 3499 2306 divinissi-

1920 2358 2046 2397 mus
2065 2346 2362 2413 Augustus,
2385 2358 2509 2396 cum
2541 2353 2590 2397 te
2610 2344 2779 2398 sciret
2795 2359 2915 2398 esse
2939 2347 3205 2399 cultorem
3238 2345 3493 2408 deorum,

1921 2445 1976 2489 et
2009 2436 2238 2490 honoris
2272 2451 2465 2489 eorum
2515 2451 2637 2491 esse
2685 2437 3179 2497 studiosissimum,
3212 2439 3328 2504 ipse
3358 2452 3497 2505 quo-

1918 2544 2031 2597 que
2067 2529 2164 2582 tibi
2196 2531 2490 2583 maximum
2527 2530 2764 2597 praebuit
2788 2531 3106 2598 imperium,
3144 2541 3200 2583 et
3237 2539 3494 2597 tauquam

1924 2635 2103 2689 regem
2156 2622 2339 2690 potius
2391 2636 2554 2689 quam
2586 2622 2931 2691 praefectum,
2986 2623 3153 2689 elegit
3202 2623 3493 2689 praesidem

1923 2709 2167 2784 Egypti;
2199 2728 2302 2767 nec
2335 2720 2407 2775 te,
2435 2712 2682 2782 quandiu
2712 2714 2948 2777 viveres,
2974 2715 3042 2767 ab
3090 2713 3377 2782 hocjussit
3409 2730 3497 2767 re—

1922 2805 2132 2859 moveri
2188 2804 2528 2873 magistratu,
2582 2806 2677 2859 sed
2738 2820 2863 2858 cum
2919 2806 3044 2859 vitae
3097 2815 3342 2875 tempore
3397 2806 3498 2860 tibi

1921 2910 2043 2950 esse
2086 2894 2433 2951 demensum.
2464 2894 2573 2950 Nos
2600 2904 2785 2951 autem
2817 2897 2916 2949 tibi
2964 2907 3020 2949 et
3046 2897 3195 2949 hunc
3228 2896 3497 2951 honorem

1923 2987 2393 3050 conservavimus,
2449 2997 2501 3041 et
2555 3003 2666 3041 non
2718 3003 2927 3056 paucos
2975 2988 3112 3041 alios
3172 2988 3495 3056 adjecimus.

1924 3076 2029 3132 Sed
2086 3078 2227 3143 haec,
2293 3078 2538 3147 quandlu
2574 3077 2729 3133 fuisti
2781 3078 2888 3132 diis
2925 3078 3157 3131 amicus.
3221 3077 3493 3143 Quoniam

234 3163 381 3230 πρὸς
418 3164 565 3232 ἡμᾶς
600 3163 701 3217 οὐκ
762 3163 1024 3226 εὐνοϊκῶς
1081 3164 1226 3233 ἔχειν
1254 3204 1269 3227 ,
1332 3166 1747 3234 προστάττομεν
1780 3167 1811 3235 ἢ
1842 3189 1883 3244 ο

1842 3189 1883 3244 ο
1920 3185 2054 3224 vero
2109 3186 2257 3225 nunc
2289 3170 2357 3224 de
2388 3180 2440 3225 te
2485 3172 2753 3241 iactatum
2783 3182 2869 3224 est
2895 3171 2950 3223 in
2989 3171 3204 3239 vulgus,
3256 3173 3402 3239 quod
3437 3180 3493 3224 et

229 3252 502 3322 ἐχόμενόν
528 3270 588 3307 σε
617 3254 726 3309 τῶν
752 3256 1034 3325 προτέρων
1064 3254 1283 3325 ἔχεσθαι
1314 3258 1407 3308 καὶ
1438 3256 1534 3324 τῆς
1566 3257 1750 3325 τιμῆς,
1780 3258 1811 3328 ἦ

241 3344 664 3415 ἁποστέρξαντα
692 3347 753 3399 τὸ
780 3348 909 3418 περὶ
957 3348 1083 3409 τοὺς
1113 3347 1269 3410 θεοὺς
1334 3347 1498 3410 σέϐας
1544 3351 1814 3419 παυθῆναι

238 3437 340 3491 καὶ
367 3437 697 3507 τῆςάρχῆς,
725 3439 787 3491 οὐ
822 3437 928 3508 μὴν
957 3438 1015 3491 δὲ
1043 3438 1180 3490 ἀλλὰ
1211 3439 1309 3490 καὶ
1354 3440 1645 3507 ἀφαίρεσιν
1683 3442 1815 3493 um-

238 3528 437 3597 στῆναι
471 3529 568 3581 καὶ
598 3528 697 3592 sic
724 3528 941 3593 οὐσίας.

312 3709 461 3775 KC'.
496 3705 682 3761 Ταῦτα
708 3706 1001 3776 δεξάμενον
1031 3708 1125 3760 καὶ
1164 3710 1466 3776 ἀναγνόντα
1503 3712 1594 3763 τὸν
1626 3712 1815 3765 Φίλιπ-

244 3818 371 3866 πον,
401 3802 560 3855 νόσον
595 3801 960 3870 ὑποκριθῆναι
993 3802 1097 3863 ἕως
1139 3801 1557 3870 διαπωλήσαντα
1592 3802 1690 3873 τὴν
1721 3804 1812 3855 οὐ-

240 3898 369 3950 σίαν
429 3895 552 3964 διχῆ
605 3895 823 3957 διελεῖν,
870 3895 1068 3947 καὶτὰ
1110 3896 1210 3963 μὲν
1271 3895 1613 3961 ὲκκλησίαις,
1662 3896 1728 3949 τὰ
1758 3897 1813 3949 δὲ

241 3990 478 4057 πτωχοῖς
507 3990 778 4055 διανεῖμαι
810 3991 923 4051 τοῖς
956 3989 1060 4041 ἀνα
1090 3990 1271 4041 πᾶσαν
1291 3990 1389 4058 τὴν
1410 3989 1814 4057 ’Δλεξάνδρειάν

237 4095 299 4133 τε
322 4080 420 4132 καὶ
443 4078 612 4149 αὐτὴν
641 4079 917 4145 Δίγυπτον
968 4079 1269 4148 περιοῦσιν.
1330 4077 1436 4133 Ἦν
1488 4082 1545 4133 δὲ
1573 4083 1632 4134 οὺ
1686 4084 1814 4150 περὶ

240 4172 304 4226 τδ
334 4171 513 4238 λέγειν
545 4171 705 4241 μόνον
734 4171 762 4222 ὁ
797 4171 1061 4235 Φίλιππος
1091 4173 1313 4242 ὲνεργος
1343 4174 1442 4242 τὴν
1471 4176 1714 4240 γλῶτ·αν
1739 4176 1813 4237 ὼς

243 4263 475 4326 πὴιλλοὺς
524 4264 632 4317 τῶν
685 4263 956 4331 Ἐλλήνων
998 4265 1333 4333 μεταμαθεῖν
1379 4267 1477 4335 τὴν
1511 4267 1811 4329 εὐσέϐειαν,

240 4353 380 4405 ἀλλὰ
416 4354 509 4404 καὶ
540 4352 628 4405 τὸν
654 4351 766 4421 βίον
790 4352 1203 4421 θεοφιλέστατος
1227 4356 1321 4407 καὶ
1352 4355 1579 4423 φιλοσοφ
1602 4357 1812 4418 inata,"

1918 3259 1972 3314 in
1998 3257 2263 3330 religione
2310 3262 2541 3316 deorum
2595 3263 2675 3318 sis
2716 3271 2986 3323 mutatus,
3025 3278 3126 3315 nec
3160 3264 3320 3315 nobis
3352 3263 3491 3316 bene

1915 3354 2073 3419 velis,
2096 3354 2374 3422 iubemus,
2407 3362 2468 3407 ut
2514 3361 2610 3407 aut
2656 3353 2966 3406 insistendo
3002 3354 3280 3419 prioribus
3312 3356 3363 3406 in
3395 3356 3497 3406 ho-

1915 3453 2050 3493 nore
2086 3455 2425 3508 permaneas,
2460 3451 2555 3494 aut
2583 3441 2629 3495 si
2660 3441 2891 3494 deorum
2926 3442 3136 3493 cultum
3161 3443 3491 3510 repudiave-

1917 3532 2015 3591 ris,
2048 3546 2232 3586 cesses
2263 3532 2429 3586 etiam
2469 3548 2662 3601 gerere
2699 3532 3117 3600 magistratum,
3162 3535 3297 3601 quin
3325 3536 3490 3589 etiam

1916 3621 2238 3678 facultatum
2270 3624 2469 3677 subeas
2496 3624 2854 3679 ablationem.

1986 3712 2175 3768 XXVI.
2214 3713 2338 3768 Haec
2354 3730 2479 3768 cum
2502 3715 2813 3783 accepisset
2842 3725 2898 3769 et
2924 3716 3148 3784 legisset
3186 3719 3491 3786 Philippus,

1917 3804 2169 3857 morbum
2233 3804 2535 3865 simulavit,
2592 3805 2771 3859 donec
2826 3806 3068 3861 venditis
3112 3809 3488 3871 facultatibus.

1916 3909 2011 3947 eas
2052 3894 2347 3961 dupliciter
2380 3895 2655 3957 diviserit,
2714 3907 2771 3951 et
2802 3910 3011 3966 partem
3071 3901 3295 3967 quidem
3318 3904 3488 3955 eccle-

1915 3985 2035 4045 siis,
2080 3994 2289 4052 partem
2334 3998 2517 4039 autem
2558 3990 2898 4056 pauperibus
2964 3989 3334 4051 distribuerit,
3391 3994 3487 4061 qui

1910 4086 2074 4130 erant
2128 4092 2226 4143 per
2283 4086 2454 4131 totam
2522 4079 2915 4133 Alexandriam
2970 4091 3025 4134 et
3083 4083 3260 4149 ipsam
3324 4083 3489 4153 Αἰαν-

1917 4178 2091 4234 ptum.
2148 4168 2281 4221 Erat
2333 4184 2462 4222 vero
2494 4169 2786 4237 Philippus
2845 4187 2953 4224 non
3002 4174 3177 4226 solum
3214 4174 3396 4242 lingua
3435 4176 3487 4227 in

1917 4258 2149 4313 dicet-do
2194 4259 2463 4314 facundus
2497 4299 2511 4323 ,
2557 4262 2697 4316 adeo
2730 4273 2789 4316 ut
2852 4265 3010 4317 multi
3068 4266 3300 4333 gentiles
3370 4268 3490 4337 ejus

1917 4355 2273 4419 persuasione
2322 4353 2581 4420 pietatem
2630 4354 2952 4415 didicerint,
3010 4357 3104 4409 sed
3158 4358 3323 4410 etiam
3380 4359 3488 4413 vita

242 4444 383 4497 ὥστε
418 4447 598 4496 πᾶσαν
629 4445 727 4514 τὴν
770 4442 1165 4515 Ἀλεξανδρέων
1187 4450 1338 4516 κοινῇ
1369 4448 1534 4515 ψήφῳ
1557 4449 1691 4517 πρὸς
1714 4449 1814 4516 τὴν
1919 4459 1921 4493 1

1808 4466 1814 4489 ι
1919 4443 2153 4495 maxime
2205 4444 2328 4511 pius
2357 4454 2412 4496 et
2484 4445 2874 4513 philosophus,
2930 4447 3069 4500 adeo
3122 4457 3182 4500 ut
3232 4449 3487 4503 universa

241 4538 551 4605 ἐπισκοπὴν
605 4538 765 4592 αὐτὸν
801 4538 1246 4607 μετακαλεῖσθαι,
1316 4540 1434 4591 Ὀτι
1469 4541 1523 4591 δὲ
1557 4542 1650 4591 καὶ
1685 4542 1810 4608 περὶ
1845 4534 1920 4586 υη

1809 4533 2243 4589 ηυΑΙοχαιιιιτὶιι
2294 4536 2572 4588 communi
2638 4536 2903 4604 sutl‘ragio
2965 4551 3091 4590 eum
3159 4540 3370 4591 vocarit
3420 4542 3488 4593 ad

240 4630 342 4697 τὴν
369 4630 550 4682 πίστιν
583 4625 651 4698 ἦν
692 4630 1024 4701 θερμότατος
1074 4648 1133 4684 τε
1168 4636 1259 4686 καὶ
1314 4633 1742 4702 στεγανώτατος,
1779 4634 1811 4703 ἠ

1920 4626 2319 4695 episcopatum.
2377 4627 2532 4692 Quod
2592 4639 2779 4683 autem
2828 4631 2882 4682 iu
2945 4630 3050 4683 ﬁde
3073 4646 3293 4699 quoque
3321 4633 3490 4686 fuerit

241 4722 477 4790 δήλωσις
506 4724 569 4775 ὲκ
601 4722 695 4775 τοῦ
727 4724 931 4785 τέλους.
989 4725 1227 4795 Τελευτᾷ
1257 4726 1367 4796 γὰρ
1398 4727 1492 4778 τὸν
1522 4725 1636 4793 βίον
1662 4741 1812 4795 μαρ-

240 4816 432 4885 τυρίου
461 4816 709 4885 στεφάνῳ
742 4817 1024 4884 κοσμήσας
1050 4816 1148 4886 τὴν
1198 4818 1467 4887 κεφαλήν.
1526 4819 1811 4885 Πέμπεται

240 4906 375 4973 γοῦν
407 4905 647 4973 διάδοχος
681 4906 829 4975 αὐτῷ
866 4906 966 4975 τῆς
996 4907 1170 4977 ἀρχῆς
1194 4908 1498 4975 Τερέντιος,
1527 4908 1583 4970 ὃς
1606 4910 1723 4977 ἅμα
1753 4926 1809 4962 τε

240 5002 307 5067 τῇ
353 4996 751 5067 Ἀλεξανδρέων
806 4997 979 5066 ἐπέϐη
1029 5000 1123 5051 καὶ
1166 4999 1345 5049 πάντα
1397 4999 1578 5053 κάλων
1643 5001 1810 5053 έκίνει

239 5088 495 5157 Φιλίππῳ
522 5087 622 5156 τὴν
652 5088 935 5157 ἀναίρεσιν
970 5089 1431 5157 σκαιωρούμενος.
1476 5088 1629 5140 Ἐπεὶ
1654 5090 1709 5140 δὲ
1738 5089 1811 5159 μὴ

242 5178 477 5249 ἠδύνατο
522 5180 769 5248 φανερῶς
825 5180 986 5232 αΰτὺν
1040 5179 1248 5231 ἀνελεῖν
1301 5180 1470 5245 (πολὺ
1515 5182 1621 5248 γὰρ
1661 5176 1813 5249 ἦντὸ

243 5272 376 5341 περὶ
396 5271 664 5323 Φίλιππον
693 5272 790 5339 τῆς
823 5272 1030 5334 πόλεως
1066 5272 1335 5341 φίλτρον),
1358 5273 1533 5337 λάθρα
1570 5288 1811 5341 κακουρ-

243 5370 335 5435 γεῖ
358 5366 453 5434 τὴν
486 5365 819 5435 μιαιφονίαν,
863 5366 955 5417 καί
992 5381 1103 5416 τισι
1132 5364 1239 5416 τῶν
1270 5367 1657 5433 προσποιήτων
1681 5367 1812 5433 Χρι-

246 5459 483 5512 στιανῶν
530 5458 597 5510 τὰ
622 5455 715 5509 τοῦ
741 5456 1017 5525 δράματος
1058 5456 1371 5525 ἐγχειρίσας
1402 5458 1493 5507 ἐπὶ
1525 5456 1615 5507 τὶν
1652 5459 1811 5523 φόνον

245 5552 611 5620 παρώρμησε,
660 5550 770 5600 τῶν
798 5548 1059 5618 βασιλέων
1097 5548 1228 5601 αὐτὸ
1259 5547 1417 5599 τοῦτο
1450 5547 1650 5615 μᾶλλον
1689 5550 1813 5599 ὲπι-

245 5644 583 5712 τρεᾲάντων,
637 5643 685 5694 οἳ
727 5644 821 5694 καὶ
853 5642 1034 5712 κρύφα
1074 5641 1209 5708 πρὸς
1240 5642 1504 5693 Φίλιππον
1541 5642 1811 5693 εἰσελθόν-

246 5754 337 5799 τες
396 5738 525 5805 εὑχῇ
589 5736 681 5789 καὶ
716 5736 897 5803 δεήσει
946 5737 1011 5803 τῇ
1054 5736 1187 5803 πρὸς
1235 5734 1366 5785 Θεὸν
1417 5734 1811 5802 προσκείμενον

244 5829 549 5894 ἀναιροῦσι.
575 5827 837 5896 Φοϐηθεὶς
867 5826 921 5880 δὲ
956 5825 1237 5895 Τερέντιος
1262 5825 1335 5897 μὴ
1368 5828 1459 5879 καὶ
1493 5828 1517 5879 ὁ
1554 5826 1723 5895 δῆμος
1754 5826 1810 5877 τὸ

1920 4717 2219 4771 acerrimus
2244 4729 2300 4772 et
2334 4720 2839 4783 constantissimus,
2881 4737 2949 4775 ex
3008 4723 3112 4775 ﬁne
3143 4725 3489 4778 ostendetur.

1920 4809 1961 4863 E
1993 4811 2102 4864 vita
2124 4811 2269 4865 enim
2304 4812 2544 4875 excedit,
2581 4815 2759 4880 capite
2796 4814 3049 4867 redimita
3099 4830 3300 4869 corona
3342 4834 3490 4871 mar-

1923 4902 2069 4971 tyrii.
2144 4902 2493 4971 Magistratus
2560 4904 2746 4972 imque
2787 4919 3073 4958 successor
3134 4908 3184 4960 ei
3252 4910 3492 4963 mittitur

1922 4993 2232 5048 Terentius.
2264 4992 2519 5058 Quicum
2548 4996 2785 5063 primum
2818 4996 3487 5062 venissetAlexarndriam,

1919 5101 2137 5140 omnem
2195 5086 2451 5140 movebat
2502 5086 2819 5147 rudentem.
2878 5090 3113 5143 moliens
3174 5091 3487 5160 Philippum

1922 5182 2111 5233 tollere
2141 5180 2209 5233 de
2243 5180 2446 5233 medio.
2488 5180 2594 5233 Sed
2645 5181 2907 5248 quoniam
2966 5196 3072 5233 non
3118 5191 3335 5249 poterat
3361 5200 3487 5236 eum

1918 5283 2105 5338 aperte
2169 5272 2479 5326 interﬁcere
2538 5274 2693 5342 (erat
2769 5274 2914 5324 enim
2967 5273 3204 5325 civitatis
3261 5289 3492 5341 magnus

1917 5379 2073 5417 amor
2104 5365 2161 5417 in
2193 5364 2563 5433 Philippum),
2599 5364 2914 5417 clanculum
2953 5364 3198 5417 admittit
3252 5364 3489 5431 parrici-

1921 5458 2094 5521 dium,
2143 5466 2200 5509 et
2237 5472 2361 5524 cum
2404 5457 2732 5524 quihusdam
2798 5455 2939 5508 ﬁctis
2995 5454 3329 5508 Christianis
3371 5471 3487 5508 rent

1921 5551 2232 5603 mandasset
2269 5547 2701 5616 exsequendum,
2734 5547 2800 5599 ad
2835 5548 3037 5599 caulem
3068 5558 3153 5598 est
3184 5547 3482 5613 impulsus,

1920 5626 2044 5694 cum
2084 5646 2185 5695 hoc
2221 5643 2272 5695 ei
2304 5642 2597 5707 iussissent
2640 5641 3015 5706 imperatores.
3054 5639 3094 5690 li
3144 5648 3328 5689 autem
3356 5652 3482 5689 cunt

1922 5742 2059 5785 clam
2086 5733 2312 5801 ingressi
2339 5744 2524 5786 essent
2570 5732 2633 5783 all
2676 5730 3008 5797 Philippum.
3064 5730 3487 5794 iutentumprc-

1922 5824 2079 5877 cibus
2109 5836 2161 5879 ct
2190 5822 2424 5877 orationi
2459 5824 2523 5875 ad
2562 5822 2755 5881 Deum.
2800 5834 2924 5873 cum
2949 5820 3147 5873 tollunt
3176 5819 3244 5873 de
3280 5818 3481 5872 medio.
