4252 6440
239 402 340 464 661

238 516 368 567 σθαι
395 515 509 568 ἀντ’
543 516 835 587 ἐπιστολῆς
856 518 995 588 αὐτῇ
1033 516 1360 581 σπεύδουσα,
1385 519 1606 588 μᾶλλον
1633 521 1690 571 δὲ
1720 520 1821 571 αὑ-

1851 529 1897 581 Α
1928 530 1987 573 ιιι
2037 522 2295 574 servilem
2358 520 2604 574 habitum
2652 522 2968 585 induerent,
3005 538 3102 591 per
3163 538 3259 577 eos
3302 540 3466 579 mttltn

232 604 366 668 τοὺς
418 607 661 671 ἐκείνους
716 610 1006 681 ἐπιστολήν
1029 611 1294 681 ἔμψυχον.
1338 612 1574 674 Τούτους
1596 607 1689 665 οὖν
1718 613 1812 665 καὶ

233 692 360 746 λίαν
390 697 641 765 ἀσμένως
690 699 725 767 ή
780 700 1013 752 Βασίλλα
1054 702 1325 771 δεξαμένη
1357 697 1447 753 οἷά
1497 719 1649 763 τινας
1679 706 1813 754 ἁπο-

200 787 459 849 στόλους
486 790 812 855 προσεκύνει
834 791 1096 859 Χριστοῦ.
1120 791 1325 846 Μαθὼν
1341 794 1397 845 δέ
1420 795 1485 845 τὰ
1506 794 1627 845 κατ’
1643 794 1812 863 αὐτὴν

231 877 333 932 καὶ
353 880 667 950 Κορνήλιος,
686 882 714 933 6
738 882 913 951 μέγας
927 885 986 935 ἐν
1015 886 1342 949 ἐπισκόποις
1360 886 1558 957 ἀστὴρ,
1590 886 1695 937 ὑπὸ
1722 884 1813 937 νύ-

230 986 341 1023 κτα
368 970 456 1024 διὰ
487 972 580 1024 τὸν
610 973 850 1042 διωγμὸν
889 975 1120 1042 ἀφίκετο
1167 978 1305 1047 πρὸς
1353 963 1523 1047 αὖτήν
1577 980 1671 1029 καὶ
1717 977 1812 1029 τοῦ

229 1058 381 1113 θείου
420 1066 625 1133 ταύτην
646 1064 789 1128 ἀξιοῖ
819 1065 1223 1136 βαπτίσματος.
1259 1067 1416 1122 Οὕτω
1453 1070 1553 1135 μέν
1586 1067 1677 1121 οὖν
1707 1068 1811 1122 Βα-

228 1148 388 1205 σίλλα
408 1152 502 1207 καὶ
521 1153 756 1222 Εὑγενία
780 1156 963 1227 δεσμῷ
985 1175 1094 1211 τινι
1124 1160 1351 1231 ἀρρήτῳ
1373 1163 1438 1231 τῇ
1464 1160 1552 1212 διὰ
1579 1162 1811 1231 Χριστὸν

152 1296 159 1299 ,
228 1242 573 1297 συνδεθεῐσαι
604 1246 782 1318 φιλίᾳ,
821 1248 1015 1318 ζεῦγος
1054 1251 1413 1320 ήρμόσθησαν
1440 1250 1686 1321 τιῖιΘεῷ,
1716 1253 1814 1306 αὑ·-

224 1336 350 1397 ταίς
381 1335 574 1405 τύχαις
604 1339 851 1408 ἀλλήλων
873 1342 1297 1412 ήρτημέναικαὶ
1329 1344 1532 1413 νοερῶς
1563 1345 1814 1411 συγγινό-

228 1442 414 1493 μεναι,
440 1429 503 1481 οὐ
549 1430 657 1501 μήν
681 1432 819 1484 ἀλλά
852 1433 1055 1497 πολλὰς
1102 1433 1196 1487 καὶ
1226 1435 1392 1498 ἄλλας
1424 1436 1504 1499 εἰς
1531 1437 1623 1488 τὸν
1649 1437 1811 1489 αὐτὸν

225 1514 394 1581 ζυγὸν
450 1519 840 1592 ἐφελκόμεναι.
901 1521 964 1577 Ὠ
1017 1526 1189 1589 πόσας
1233 1528 1334 1597 μιν
1382 1529 1492 1581 τῶν
1521 1529 1811 1599 παρθένων

221 1606 456 1672 ἐκεῖναι,
490 1613 661 1678 πόσας
694 1616 751 1667 δὲ
783 1616 892 1669 τῶν
926 1617 1111 1689 χηρῶν
1138 1621 1171 1689 ή
1204 1621 1378 1690 σεμνὴ
1426 1622 1686 1685 Κλαυδία,
1717 1622 1813 1673 πό-

225 1715 356 1761 σους
382 1701 438 1756 δὲ
462 1704 569 1756 τῶν
599 1705 809 1774 ἀνδρῶν
837 1709 1067 1779 Πρωτᾶς
1091 1714 1186 1765 καὶ
1221 1712 1507 1777 Ὑάκινθος
1541 1712 1617 1782 τῷ
1647 1714 1809 1784 κοινῷ

222 1794 477 1867 Δεσπότῃ
513 1798 869 1867 προσήγαγον

298 2069 428 2123 ΚΘ.
463 2071 608 2141 Πλὴν
633 2073 748 2126 ἀλλ’
765 2073 910 2128 οὕτω
932 2076 1097 2147 μέχρι
1121 2078 1317 2134 πολλοῦ
1345 2082 1441 2152 τῆς
1465 2085 1804 2155 Χριστιανῶν

222 2163 683 2236 ὑπεραυξομὲνης
713 2171 973 2234 πίστεως.
1004 2176 1034 2227 ό
1067 2174 1160 2228 τοῦ
1206 2178 1447 2249 πονηροῦ
1479 2180 1671 2248 φθόνος
1712 2185 1804 2236 ἐπὶ

223 2254 417 2324 μεῖζον
450 2258 592 2311 κατὰ
648 2260 757 2314 τῶν
785 2263 1028 2317 εὐσεϐῶν
1075 2265 1262 2337 ᾔρετο.
1296 2269 1661 2341 Οὐαλεριανοῦ
1694 2274 1805 2345 γὰρ

218 2349 321 2401 καὶ
351 2347 576 2402 Γαλλίου
606 2352 705 2421 τὴν
745 2353 1035 2423 Ῥωμαίων
1064 2357 1241 2428 ἀρχὴν
1288 2360 1603 2429 διεπόντων,
1640 2365 1803 2429 αὐτὸς

218 2441 352 2503 τοὺς
383 2443 611 2507 πολλοὺς
661 2444 841 2500 ὑπιὼν
902 2448 1190 2518 Ῥωμαίων
1246 2455 1459 2524 πονηρά
1513 2458 1801 2528 σπέρματα

217 2535 345 2595 ταῖς
371 2533 552 2587 αὐτῶν
591 2535 811 2589 ἐνέϐαλε
854 2538 1135 2605 διανοίαις,
1190 2543 1289 2597 καὶ
1314 2546 1502 2609 στάσις
1531 2549 1803 2618 ἀνήπτετο

220 2628 367 2681 κατὰ
397 2631 740 2700 Χριστιανῶν
762 2634 995 2704 χαλεπή.
1042 2635 1155 2687 Καὶ
1190 2638 1221 2705 ή
1275 2638 1374 2707 τῆς
1425 2640 1668 2703 στάσεως
1699 2643 1799 2715 ὕλη

219 2719 528 2791 Κορνήλιος
554 2722 728 2791 δήπου
768 2725 863 2777 καὶ
899 2726 950 2778 oi
990 2729 1119 2796 περὶ
1148 2728 1313 2783 αὑτὸν
1346 2728 1509 2800 ἦσαν,
1539 2734 1621 2786 ὅτι
1652 2736 1799 2808 πάσῃ

219 2813 371 2882 χειρὶ
393 2816 487 2866 καὶ
518 2813 712 2886 γνώμῃ
744 2817 811 2869 τά
850 2818 1193 2887 Χριστιανῶν
1230 2822 1524 2877 πλατύνειν
1552 2843 1798 2897 προῃρη-

221 2902 379 2969 μένοι
404 2902 465 2953 οὐ
496 2904 657 2970 μόνον
714 2905 935 2977 Ῥώμην
961 2909 1133 2976 αὐτὴν
1174 2914 1377 2980 μικροῦ
1423 2916 1622 2979 πᾶσαν,
1666 2920 1801 2971 ἀλλά

217 2994 317 3043 καὶ
351 2994 450 3054 τὰς
476 2994 665 3063 κύκλῳ
694 2997 877 3060 πόλεις
910 3016 968 3050 τε
1022 3001 1114 3051 καὶ
1152 3001 1333 3072 χώρας
1364 3006 1465 3071 τῆς
1498 3007 1606 3058 τῶν
1661 3010 1801 3062 θεῶν

217 3083 476 3155 λατρείας
510 3088 848 3156 ἀπέστησαν,
881 3092 976 3143 καὶ
1004 3091 1097 3145 τὸν
1127 3094 1529 3164 ὀνομαζόμενον
1559 3100 1690 3170 παρ’
1708 3103 1802 3153 αὖ·
1856 3098 1859 3099 ⁷

1342 406 1818 471 MARTYRIUM
1859 410 1915 470 S.
1954 409 2339 470 EUGENIE.

3379 416 3489 475 642

1930 612 2103 664 mittit
2136 610 2371 669 Basillzr.
2394 613 2645 676 studens,
2710 624 2769 667 ut
2796 614 2833 666 ii
2875 615 2925 667 ei
2967 624 3154 667 essent
3182 618 3367 668 omnia
3398 632 3497 684 pro

1918 702 2172 769 epistola,
2206 703 2288 756 vel
2336 704 2416 756 illi
2448 704 2550 771 ipsi
2586 705 2772 772 potius
2802 706 3033 772 epistola
3063 707 3325 759 animata.
3360 706 3497 761 Cum

1920 791 2021 845 hos
2078 808 2211 862 ergo
2270 794 2564 847 admodum
2622 796 2862 848 libenter
2912 798 3218 866 excepisset
3271 797 3495 858 Basilla.

1920 881 2189 936 adorabat
2228 891 2485 952 tanquam
2517 886 2729 952 aliquos
2760 885 2964 938 Christi
3025 890 3321 955 apostolos.
3356 890 3492 943 Cum

1920 970 1987 1025 de
2028 989 2090 1027 ea
2138 986 2323 1027 autem
2379 976 2689 1029 rescivissct
2743 976 3058 1041 Cornelius,
3099 994 3291 1047 magna
3335 982 3492 1034 stella

1920 1064 2065 1117 inter
2093 1065 2405 1134 episcopos,
2438 1078 2605 1119 noctu
2664 1069 2812 1121 venit
2842 1069 2905 1121 ad
2946 1085 3066 1123 eam
3102 1081 3328 1138 propter
3370 1089 3496 1139 per—

1918 1156 2285 1219 secutionem,
2318 1167 2375 1218 et
2418 1174 2537 1210 eam
2579 1158 2769 1211 divino
2828 1160 3090 1225 dignatur
3148 1162 3493 1231 baptismate.

1920 1246 2011 1301 Sic
2077 1264 2208 1317 ergo
2262 1250 2454 1306 Basilla
2508 1262 2562 1303 et
2629 1252 2889 1320 Eugenia,
2942 1254 3206 1307 inell'abili
3254 1256 3492 1323 quodam

1919 1341 2138 1393 vinculo
2167 1342 2437 1410 colligata:
2476 1352 2699 1409 propter
2736 1343 3017 1397 Christum
3051 1346 3328 1407 amicitiae,
3378 1347 3494 1398 fue—

1924 1441 2050 1483 runt
2084 1431 2205 1499 biga
2235 1432 2480 1499 quaedam
2516 1435 2807 1500 conjuncta
2849 1433 3103 1498 Domino,
3162 1434 3265 1504 ipsi
3293 1435 3493 1489 animis

1916 1537 1946 1575 a
1986 1537 2044 1574 se
2102 1522 2338 1576 invicem
2374 1524 2692 1591 pendentes.
2729 1535 2785 1578 et
2828 1526 3203 1596 intelligenter
3255 1543 3487 1582 conver—

1916 1623 2121 1677 santes,
2178 1619 2309 1682 quin
2364 1616 2525 1667 etiam
2586 1616 2786 1669 multas
2830 1617 2964 1670 alias
3023 1619 3089 1671 ad
3122 1619 3265 1672 idem
3294 1620 3484 1689 jngum

1918 1708 2215 1762 trahentes.
2272 1709 2316 1763 0
2346 1724 2508 1776 quam
2570 1711 2769 1763 multas
2800 1711 3024 1777 quidem
3060 1712 3170 1764 illa:
3220 1712 3485 1781 virgines,

1917 1814 2081 1867 quam
2116 1800 2315 1852 multas
2346 1799 2396 1851 vi
2423 1804 2536 1852 luas
2561 1800 2891 1853 venerabilis
2917 1799 3167 1864 Claudia,
3198 1813 3333 1869 quot
3388 1818 3484 1854 au-

1838 1882 1879 1935 Β
1911 1900 2018 1943 tem
2071 1892 2216 1945 viros
2257 1893 2447 1947 Protas
2493 1902 2548 1946 et
2577 1892 2917 1961 Hyacinthus
2941 1894 3220 1947 communi
3250 1894 3481 1948 Domino

1907 1984 2233 2038 obtulerunt
2272 1988 2284 2039 !

1978 2075 2171 2130 XXIX.
2198 2076 2301 2130 Sed
2333 2092 2458 2129 cum
2487 2077 2568 2131 sic
2592 2079 2902 2133 mirandum
2936 2078 2991 2132 in
3022 2077 3246 2131 modum
3270 2091 3485 2132 cresce-

1905 2178 1991 2222 ret
2020 2168 2154 2222 tides
2181 2168 2641 2237 Christianorum,
2692 2172 2914 2241 maligni
2959 2172 3164 2226 invidia
3201 2172 3372 2239 magis
3392 2188 3485 2225 ex-

1904 2258 2183 2313 citabatur
2227 2260 2502 2314 adversus
2531 2262 2671 2331 pios.
2709 2246 2867 2316 Nam'
2907 2279 3031 2317 cum
3076 2264 3400 2319 Valerianus
3426 2274 3483 2319 et

1902 2349 2166 2405 Calienus
2214 2352 2588 2407 llomanorum
2649 2364 2903 2408 tenerent
2970 2356 3291 2424 imperium,
3361 2358 3480 2426 ipse

1902 2440 2106 2496 multos
2142 2443 2419 2498 Romanos
2455 2449 2623 2499 tacite
2648 2448 2894 2509 Subiens,
2924 2450 3064 2501 mala
3103 2449 3312 2502 semina
3346 2450 3484 2519 inje—

1901 2534 1979 2588 cit
2007 2550 2200 2589 eorum
2235 2539 2535 2601 mentibus,
2574 2540 2869 2609 gravisque
2894 2556 3127 2595 accensa
3154 2551 3241 2595 est
3276 2542 3480 2595 seditio

1902 2627 2181 2684 adversus
2224 2627 2597 2683 Christianos.
2650 2631 2955 2685 Seditionis
3009 2643 3193 2686 autem
3251 2634 3479 2688 materia

1901 2722 2005 2776 fuit
2053 2720 2366 2784 Cornelius,
2422 2731 2478 2776 et
2509 2724 2600 2791 qui
2643 2738 2766 2776 cum
2827 2737 2895 2776 eo
2934 2731 3113 2787 erant,
3144 2724 3291 2793 quod
3354 2740 3479 2778 cum

1902 2824 2013 2869 tota
2045 2830 2208 2867 manu
2257 2826 2314 2869 et
2380 2826 2564 2869 mente
2604 2831 2692 2867 res
2743 2815 3187 2872 Christianorum
3244 2817 3480 2871 dilatare

1901 2908 2295 2971 instituissent,
2321 2924 2430 2962 non
2466 2910 2647 2963 solum
2676 2910 2902 2963 Romam
2938 2911 3110 2979 ipsam
3140 2911 3250 2966 fere
3285 2920 3476 2974 totam,

1901 3002 1998 3056 sed
2045 3004 2211 3055 etiam
2259 3004 2426 3055 urbes
2461 3012 2515 3055 et
2547 3004 2821 3071 regiones,
2865 3019 2987 3071 quze
3044 3014 3204 3058 erant
3234 3004 3478 3059 circum-

1901 3094 2071 3155 circa,
2114 3108 2145 3147 a
2177 3095 2330 3146 cultu
2367 3094 2599 3147 deorum
2626 3095 2992 3158 abduxerunt,
3040 3105 3097 3150 et
3125 3096 3219 3164 qui
3250 3097 3319 3149 ab
3344 3098 3480 3164 ipsis

214 3178 331 3236 τοῖς
356 3177 594 3245 Χριστὸν
636 3182 815 3233 κοινὸν
862 3184 1145 3254 Δεσπότην
1178 3188 1273 3239 καὶ
1300 3188 1433 3240 Θεὸν
1464 3192 1800 3263 ἐπιγράφον-

1838 3208 1871 3268 ε
1904 3186 2296 3240 nominabatur
2321 3185 2600 3250 Christus,
2638 3198 2699 3241 ut
2730 3187 2799 3240 ab
2834 3189 2918 3240 eis
2944 3188 3258 3242 communis
3287 3189 3476 3243 Domi-

214 3279 330 3317 ται.
372 3265 720 3336 Παραχρῆμα
745 3269 924 3324 τοίνυν
954 3272 1231 3341 βασιλικὸν
1258 3276 1580 3347 ἑξεφωνεττο
1608 3284 1795 3336 θεσπιο

218 3372 357 3422 σμα,
383 3357 480 3409 καὶ
498 3357 587 3410 διά
620 3361 802 3430 πάσης
834 3363 933 3430 τῆς
962 3365 1251 3434 Ῥωμαίων
1283 3369 1491 3437 ἐφοίτα,
1513 3376 1793 3444 πανταχοῦ

216 3446 430 3507 πάντας
462 3448 585 3509 τοὺς
616 3450 724 3501 τῶν
752 3452 1097 3520 Χριστιανῶν
1151 3458 1443 3526 ἐκκρίτους
1490 3479 1547 3515 τε
1575 3466 1671 3517 καὶ
1700 3469 1792 3519 τοῦ

215 3531 489 3624 δόγματος
514 3537 815 3608 εἰσηγητὰς
839 3542 1393 3615 συλλαμϐανομένους
1415 3551 1631 3624 θανάτῳ
1652 3555 1793 3608 δίδο-

218 3623 367 3678 σθαι.
420 3626 744 3696 ’Δνῃροῦντο
769 3631 899 3700 γοῦν
927 3634 1077 3689 ἄλλοι
1100 3635 1200 3705 μέν
1222 3638 1381 3711 ἀλλῃ,
1410 3623 1710 3714 Κορνήλιος
1736 3648 1792 3699 δέ

214 3715 550 3780 διελάνθανε,
610 3720 843 3788 μάλιστα
876 3724 975 3791 μὲν
1002 3725 1080 3795 τῷ
1129 3730 1225 3781 καὶ
1261 3733 1327 3801 τῇ
1382 3733 1673 3803 συγκλήτῳ
1702 3735 1791 3789 διά

214 3808 382 3876 τιμῆς
410 3809 661 3877 ἄγεσθαι,
682 3812 776 3864 καὶ
796 3814 948 3882 παρά
974 3816 1083 3868 τῶν
1102 3820 1159 3870 ἐν
1176 3822 1315 3889 αὐτῇ
1345 3822 1577 3893 πρώτων
1602 3826 1791 3896 ῶσπερ

216 3897 324 3949 ὑπό
351 3914 513 3950 τινων
542 3899 821 3970 προϐόλων
846 3907 1365 3977 περιφρουρεῖσθαι,
1399 3911 1498 3981 ήδη
1523 3912 1577 3966 δὲ
1602 3916 1695 3965 καὶ
1715 3914 1791 3983 τῷ

213 3991 406 4057 τηρεῖν
435 3990 596 4053 αὐτὸς
622 3992 815 4047 ἐαυτὸν
860 3994 953 4048 ἐπὶ
984 3996 1193 4050 πολλῶν
1229 4002 1494 4072 σωτηρία.
1528 4004 1791 4073 Συνεκρό-

212 4095 344 4131 τουν
373 4080 430 4132 δέ
464 4082 701 4151 ἀλλήλας
731 4087 869 4155 πρὸς
902 4086 992 4139 τὸν
1014 4090 1202 4155 ἀγῶνα
1227 4090 1461 4145 Βασίλλα
1499 4098 1589 4147 καὶ
1620 4097 1791 4163 Εὐγε-

216 4174 332 4234 νξα,
364 4171 421 4223 αἶ
456 4173 531 4243 μὴ
562 4178 829 4244 φέρουσαι
875 4176 976 4247 τὴν
1012 4179 1118 4232 ἀπὸ
1163 4180 1258 4233 τοῦ
1286 4183 1455 4235 τόπου
1481 4184 1789 4246 διάστασιν.

216 4264 343 4317 ἐπεὶ
369 4264 508 4317 κατά
540 4264 719 4336 ψυχήν
746 4267 1004 4338 ἀλλήλαις
1026 4270 1236 4340 ήνωντο
1257 4274 1350 4326 καὶ
1382 4274 1461 4345 τῷ
1488 4277 1636 4347 τόπῳ
1666 4295 1789 4330 συνο

217 4358 482 4409 ἅπτονται
530 4358 623 4410 καὶ
662 4358 837 4427 λόγων
867 4362 1219 4416 κοινωνοῦσιν
1251 4366 1529 4436 ἀλλήλαις.
1592 4369 1655 4424 Ἦ
1691 4373 1790 4439 μὲν

215 4448 313 4501 οὖν
334 4447 564 4516 Εὖγενία
604 4450 742 4522 πρὸς
770 4450 868 4524 τὴν
905 4452 1171 4507 Βασίλλαν
1202 4456 1336 4510 ἄλλα
1388 4474 1448 4510 τε
1480 4460 1649 4513 πολλά
1693 4464 1788 4516 τοῦ

1902 3294 2007 3330 nus
2029 3287 2084 3331 et
2109 3279 2254 3331 Deus
2277 3280 2671 3342 ascriberetur,
2703 3279 3028 3335 etl'ecerant.
3054 3280 3314 3335 Protinus
3346 3297 3480 3351 ergo

1900 3370 2317 3438 imperatorium
2386 3371 2773 3439 promulgatur
2821 3370 3086 3435 edictum,
3145 3385 3201 3426 et
3250 3388 3477 3442 quoquo

1900 3477 2096 3515 versus
2121 3464 2366 3529 pervasit
2396 3478 2494 3529 per
2549 3472 2717 3516 totam
2769 3462 3141 3516 Romanorum
3168 3464 3471 3531 regionem.

1904 3560 1964 3603 ut
1990 3552 2311 3620 quicunque
2333 3560 2493 3604 erant
2517 3553 2706 3605 eximii
2729 3568 2793 3605 ex
2814 3552 3176 3619 Christianis,
3200 3564 3254 3608 ct
3280 3569 3476 3611 eorum

1900 3642 2168 3712 dogmatis
2200 3644 2475 3705 doctores,
2502 3645 2915 3713 comprehensi,
2954 3657 3131 3700 morte
3184 3646 3476 3703 alliceren-

1902 3747 2011 3790 tur.
2042 3736 2513 3790 lnterimebantur
2540 3752 2672 3806 ergo
2707 3738 2801 3791 alii
2845 3738 3068 3807 quidem
3101 3738 3215 3793 alio
3268 3740 3472 3797 modo:

1896 3826 2190 3883 Cornelius
2220 3839 2405 3881 autem
2438 3830 2665 3891 latebat,
2696 3830 2932 3884 maxime
2960 3830 3211 3897 quidem,
3243 3830 3390 3899 quod
3420 3832 3478 3886 in

1899 3919 2108 3972 honore
2155 3918 2451 3972 haberetur
2474 3936 2503 3972 a
2548 3929 2770 3982 senatu,
2793 3928 2849 3972 et
2882 3919 2952 3972 ab
3000 3919 3067 3972 iis
3102 3920 3198 3987 qui
3223 3929 3384 3973 erant
3416 3920 3474 3973 in

1895 4022 1963 4060 eo
2024 4009 2209 4076 primi,
2271 4018 2529 4076 tanquam
2588 4024 2618 4061 a
2671 4009 3101 4078 propugnaculis
3140 4010 3475 4078 quibusdam

1886 4093 2307 4153 defenderetur.
2352 4101 2525 4153 Porro
2581 4115 2712 4153 vero
2758 4103 2873 4169 ipse
2936 4114 3159 4167 quoque
3226 4100 3472 4169 seipsum

1897 4190 2258 4243 conservabat
2286 4190 2353 4241 ad
2382 4191 2683 4245 multorum
2714 4191 2974 4245 salutem.
3009 4190 3079 4243 Se
3114 4190 3355 4244 invicem
3382 4206 3482 4243 au-

1900 4286 2008 4333 tem
2041 4280 2477 4334 exhortabantur
2526 4280 2591 4335 ad
2635 4290 2915 4339 certamen
2963 4281 3164 4335 Basilla
3202 4288 3259 4335 et
3295 4281 3478 4353 Eugov

1898 4372 1988 4425 nia
2022 4388 2035 4423 :
2080 4386 2201 4440 quae
2225 4386 2255 4425 a
2297 4373 2419 4425 loco
2448 4372 2692 4442 disjungi
2746 4388 2856 4426 non
2921 4371 3182 4439 ferentes,
3217 4374 3477 4444 quoniam

1898 4462 2097 4514 animis
2123 4470 2283 4515 erant
2315 4462 2459 4514 inter
2491 4476 2549 4515 se
2581 4463 2769 4523 unitas.
2812 4462 2932 4518 loco
2980 4476 3208 4533 quoque
3245 4464 3481 4531 conjun-

215 4544 589 4612 προκειμένου
622 4546 784 4616 χάριν
810 4546 1019 4614 ἀγῶνος
1040 4548 1265 4612 διέξεισι
1292 4554 1383 4604 καὶ
1406 4553 1481 4617 ὼς
1517 4555 1786 4625 ἐπιδήλως
1822 4558 1828 4608 l

1838 4558 1862 4608 )
1890 4559 2114 4619 guntur,
2144 4559 2200 4602 et
2230 4564 2288 4603 se
2320 4551 2675 4603 sermonibus
2701 4550 2944 4604 vicissim
2990 4550 3344 4620 impertiunt.
3371 4550 3468 4604 At-

216 4636 356 4705 αὺτῇ
387 4636 417 4687 6
438 4636 674 4706 Χριστὸς
705 4638 777 4689 τὰ
804 4640 935 4709 περὶ
981 4640 1151 4709 αὐτῆς
1178 4644 1559 4717 ἐκκαλύψειεν,
1588 4647 1670 4702 ὅτι
1697 4649 1788 4701 τὸν

215 4726 315 4780 τοῦ
340 4729 642 4798 μαρτυρίου
666 4729 864 4800 δρόμον
884 4730 1007 4784 ὅσον
1030 4730 1182 4786 οῡπω
1207 4733 1521 4804 δραμεῖται,
1546 4738 1639 4791 καὶ
1662 4741 1789 4792 στι-

217 4837 387 4889 φανον
413 4823 471 4874 ἐν
494 4821 573 4890 τῷ
596 4822 739 4875 τέλει
759 4824 1031 4893 γενομένη
1052 4823 1305 4895 λήψεται.
1354 4826 1586 4900 Ὁμοίως
1609 4830 1673 4900 δὴ
1696 4830 1789 4883 καὶ

217 4914 456 4968 Βασίλλα
483 4916 599 4977 τοῖς
630 4915 768 4978 ῐσοις
802 4915 975 4986 αὐτὴν
1006 4918 1303 4986 ἠμείψατο,
1322 4919 1407 4972 ὅτι
1441 4896 1534 4973 κᾶὶ
1564 4896 1701 4995 αὐτῇ
1721 4923 1791 4977 τὰ

217 5008 350 5075 περὶ
370 5005 634 5073 Εὐγενίας
662 5005 965 5077 ἐγνώρισεν
986 5009 1014 5061 6
1041 5008 1298 5079 Χριστὸς,
1321 5012 1418 5064 καὶ
1448 5011 1597 5076 ὅπως
1617 5014 1791 5084 διπλῷ

220 5098 407 5170 μέλλει
430 5099 679 5169 στεφάνῳ
702 5098 804 5168 τήν
833 5100 1075 5170 κεφαλὴν
1101 5102 1465 5174 κοσμηθῆναι,
1482 5104 1561 5158 ἐνὶ
1593 5107 1693 5174 μὲν
1712 5108 1791 5177 τῷ

218 5191 363 5261 ὑπὲρ
388 5191 498 5245 τῶν
528 5191 671 5244 κατά
720 5190 821 5261 τήν
881 5191 1289 5262 Ἀλεξάνδρειαν
1319 5196 1413 5247 καὶ
1464 5195 1562 5265 τὴν
1620 5197 1792 5268 ἀλλην

216 5286 499 5353 Αἰγύπτου
540 5285 807 5339 κινδύνων
860 5287 957 5339 καὶ
991 5287 1191 5347 πόνων,
1226 5289 1397 5357 ἑτέρῳ
1447 5290 1505 5342 δέ
1542 5290 1619 5360 τῷ
1651 5292 1792 5362 ὺπέρ

216 5376 310 5429 τοῦ
346 5378 646 5447 μαρτυρίου
694 5378 791 5430 καὶ
822 5377 922 5446 τῆς
954 5376 1023 5430 δι’
1072 5379 1282 5431 ἐκεῖνον
1313 5379 1549 5448 σφαγῆς.
1602 5380 1791 5435 Ταῦτα

216 5470 479 5539 ἀλλήλαις
501 5487 561 5523 τε
589 5469 748 5522 συνθέ
758 5487 915 5538 μεναι
934 5474 1027 5523 καὶ
1048 5469 1296 5538 ἀλλήλων
1324 5472 1789 5541 ὑπερευξάμεναι,

218 5563 359 5617 ἀλλά
386 5564 480 5614 καὶ
508 5562 616 5615 τῶν
647 5565 775 5633 περί
813 5564 914 5632 τὴν
948 5562 1214 5629 Εὐγενίαν
1244 5562 1529 5630 παρθένων
1566 5564 1662 5626 τὰς
1685 5566 1791 5629 ψυ-

219 5654 319 5724 χὰς
362 5654 745 5725 ἀρῤενὼσασαι
784 5656 876 5706 καὶ
909 5653 1139 5706 θανάτου
1169 5652 1257 5704 διὰ
1299 5652 1534 5722 Χριστὸν
1564 5653 1788 5721 ἀμελεῖν

224 5743 507 5809 πείσασαι,
558 5744 858 5796 διίστανται
903 5743 963 5795 τό
1021 5760 1083 5810 γε
1118 5744 1214 5797 νῦν
1264 5742 1386 5812 ἕχον
1433 5742 1787 5810 σωματικῶς,

222 5835 386 5909 ἑτέρα
421 5834 568 5905 πόθῳ
597 5834 693 5904 τῆς
719 5835 908 5905 ἐτέρας
934 5835 1113 5888 πυκνὰ
1147 5834 1253 5888 τῶν
1288 5832 1581 5902 ὀφθαλμῶν
1612 5833 1789 5902 ἀφιεῖ-

1896 4654 2003 4709 que
2044 4638 2285 4708 Eugenia
2313 4637 2538 4707 quidem
2584 4638 2796 4693 BasilL-e
2830 4648 2885 4692 et
2910 4639 3082 4693 multa
3110 4639 3217 4695 alia
3249 4639 3478 4694 disserit

1896 4730 1966 4785 de
2005 4730 2290 4800 proposito
2320 4731 2645 4795 certamine,
2670 4740 2726 4785 et
2755 4732 2899 4801 quod
2949 4739 3139 4799 aperte
3171 4732 3220 4785 ei
3256 4734 3463 4786 revela‘

1896 4825 1976 4879 vit
2006 4824 2288 4886 Dominus,
2342 4824 2516 4893 ipsam
2560 4825 2811 4895 martyrii
2843 4838 3072 4878 cursum
3114 4839 3239 4877 mox
3272 4839 3463 4893 perac-

1898 4927 2077 4972 turam
2110 4924 2164 4969 et
2199 4929 2462 4969 coronam
2532 4915 2751 4969 tandem
2794 4927 3169 4983 accepturam.
3204 4914 3473 4969 Similiter

1898 5018 2083 5065 autem
2135 5006 2334 5062 Basilla
2388 5022 2610 5077 quoque
2663 5007 2715 5060 ei
2756 5006 3066 5075 respondit,
3099 5005 3250 5076 quod
3307 5006 3471 5060 etiam

1897 5098 1965 5154 de
1996 5098 2243 5169 Eugenia
2270 5097 2528 5153 Christus
2550 5098 2604 5153 ei
2632 5097 2989 5169 signiﬁcavit,
3018 5099 3139 5153 {ore
3170 5107 3229 5151 ut
3259 5096 3471 5167 duplici

1898 5204 2099 5245 corona
2134 5190 2187 5244 ei
2218 5198 2383 5255 caput
2410 5200 2717 5245 exornetur
2753 5206 2767 5243 :
2797 5204 2906 5242 una
2935 5187 3162 5259 quidem
3201 5203 3303 5259 pro
3323 5187 3474 5257 peri-

1898 5281 2038 5335 culis
2079 5288 2136 5335 et
2186 5281 2477 5336 laboribus
2499 5296 2645 5351 quos
2693 5281 2870 5335 subiit
2929 5279 3297 5337 Alexandriae.
3324 5288 3381 5331 et
3416 5278 3470 5330 in

1900 5371 2113 5438 reliqua
2173 5370 2456 5441 Egypto:
2499 5374 2675 5426 altera
2734 5387 2889 5434 vero,
2941 5386 3043 5439 pro
3095 5372 3361 5440 martyrio
3416 5378 3473 5423 et

1898 5462 2070 5525 caade,
2096 5477 2218 5533 quae
2250 5473 2477 5533 prapter
2508 5464 2657 5517 illam
2690 5461 2833 5517 facta
2881 5471 2984 5517 est.
3022 5461 3149 5515 Hac
3174 5476 3299 5514 cum
3331 5462 3473 5515 inter

1898 5569 1956 5608 se
2000 5556 2393 5618 contulissent,
2428 5564 2484 5608 et
2510 5570 2613 5623 pro
2640 5568 2699 5608 se
2729 5556 2965 5608 invicem
3000 5562 3234 5621 precata
3264 5561 3472 5617 essent,

1898 5646 2031 5714 quin
2068 5646 2232 5699 etiam
2267 5647 2598 5715 virginibus.
2636 5660 2760 5715 quae
2782 5653 2940 5699 erant
2966 5643 3112 5713 apud
3147 5642 3471 5713 Eugeniam.

1900 5742 2173 5798 masculos
2216 5743 2433 5795 animos
2476 5741 2844 5802 addidissent,
2878 5749 2932 5791 et
2983 5737 3473 5807 persuasissentut

1902 5846 2134 5890 mortem
2193 5848 2419 5905 propter
2476 5833 2759 5888 Christum
2820 5832 3185 5900 negligerent,
3241 5841 3473 5896 corpore
