4252 6440
805 393 910 458 643

2009 391 2293 454 MENSIS
2339 391 2773 454 DECEMBER.

3947 388 4076 454 διε

802 505 1028 578 quidem
1067 506 1120 559 in
1149 504 1442 576 prasentia
1496 503 1912 576 disiunguntur,
1953 501 2129 557 altera
2152 501 2369 556 deside-
2398 509 2443 565 Α

2474 516 2542 554 σα
2600 500 2836 570 δάκρυα,
2893 502 3083 572 ὥσπερ
3147 502 3249 557 οὐκ
3305 503 3654 575 ἀνεχομένων
3711 502 3906 566 αὐταῖς
3946 503 4078 558 τῶν

803 603 890 656 rio
929 599 1182 662 alterius,
1218 597 1442 653 crebras
1469 613 1532 652 ex
1585 597 1766 652 oculis
1805 595 2077 666 laerymas
2113 595 2375 648 emitten-

803 701 914 758 tes,
946 699 1138 762 utpote
1167 690 1317 761 quod
1348 691 1498 746 ferre
1546 705 1660 746 non
1715 697 1942 759 possent
1973 687 2121 742 oculi
2150 700 2247 742 eas
2281 701 2372 744 ae-

803 782 985 854 parari
1016 797 1046 836 a
1071 781 1157 836 sui
1181 781 1420 837 invicem
1462 781 1801 849 spectaculo.

873 871 1041 929 XXX.
1079 873 1215 928 Cum
1250 881 1437 928 autem
1477 872 1640 927 ﬁnem
1677 871 1932 942 accipere
1997 878 2284 941 oporteret
2307 885 2372 926 ea

802 982 926 1036 qua:
958 966 1026 1021 de
1057 966 1194 1036 ipsis
1229 967 1489 1036 pradicta
1518 965 1742 1022 fuerant
1771 980 1801 1019 a
1855 963 2111 1030 Domino,
2142 964 2213 1019 de
2265 964 2372 1018 Ba-

803 1059 925 1115 silla
957 1058 1185 1128 quidem
1216 1058 1356 1114 dixit
1396 1057 1656 1127 Pompeio
1683 1073 1793 1113 una
1825 1073 1892 1113 ex
1931 1058 2000 1113 iis
2029 1072 2152 1128 qua:
2198 1057 2372 1126 ipsam

802 1149 1204 1221 sequebantur,
1257 1151 1516 1213 ancillis..
1559 1151 1706 1220 quod
1771 1149 1878 1204 nisi
1905 1149 2056 1203 omni
2103 1149 2288 1205 studio
2317 1158 2375 1203 et

801 1257 970 1296 manu
1031 1242 1182 1311 regia
1232 1240 1341 1295 sibi
1395 1240 1724 1312 desponsam
1769 1238 2047 1304 Basiliam,
2103 1253 2226 1307 qua:
2258 1239 2370 1304 jam

801 1344 925 1390 erat
973 1333 1206 1398 nubilis,
1277 1333 1504 1387 domum
1561 1332 1801 1394 duxerit,
1855 1346 1967 1385 non
2019 1330 2256 1400 amplius
2316 1331 2373 1385 in

803 1434 1087 1496 posterum
1114 1439 1235 1478 eam
1264 1423 1763 1478 habebituxorem.
1798 1423 1954 1478 Scias
1971 1422 2141 1485 enim,
2171 1421 2370 1490 inquit,

805 1532 926 1570 eam
945 1515 1149 1571 factam
1173 1528 1296 1567 esse
1329 1511 1704 1567 Christianam
1730 1511 2079 1566 sermonibus
2093 1510 2372 1579 Eugeniie,

805 1619 1036 1673 eamque
1096 1617 1208 1657 non
1263 1603 1445 1657 solum
1477 1603 1856 1666 matrimonio,
1898 1601 1994 1656 sed
2040 1601 2207 1655 etiam
2270 1601 2370 1654 toti

803 1697 1014 1754 mundo
1046 1696 1387 1752 renuntiare.
1415 1696 1495 1751 Ea
1525 1697 1592 1752 de
1622 1711 1785 1750 causa
1814 1694 1933 1765 eius
1963 1709 2183 1762 quoque
2222 1702 2371 1747 tuto-

806 1804 921 1845 rem
955 1789 1224 1843 Helenum
1251 1788 1478 1843 dill‘erre
1507 1788 1750 1858 nuptias,
1781 1789 1876 1857 qui
1899 1798 1984 1841 est
2013 1788 2128 1856 ipse
2153 1799 2371 1854 quoque

802 1880 1172 1941 Christianus.
1212 1889 1267 1934 et
1298 1880 1543 1950 ejusdem
1576 1880 1839 1934 instituti.
1873 1878 2182 1945 Quinetiam
2207 1892 2367 1945 quos,

806 1973 1010 2043 inquit,
1043 1972 1335 2026 eunuchos
1359 1971 1607 2041 Eugenia
1641 1980 1897 2040 tanquam
1931 1984 2121 2023 servos
2153 1969 2218 2021 ad
2249 1982 2372 2022 eam

805 2064 979 2126 misit,
1011 2062 1046 2116 ii
1086 2063 1170 2115 vel
1199 2061 1447 2115 omnium
1477 2060 1712 2114 maxime
1741 2070 1917 2114 artem
1943 2069 2224 2113 sectantur
2257 2073 2374 2110 ma-

806 2157 1007 2225 gieam,
1037 2163 1091 2208 et
1117 2154 1196 2208 sic
1227 2167 1350 2207 eam
1370 2151 1749 2213 ineantarunt',
1785 2161 1846 2206 ut
1879 2151 2118 2206 fateatur
2148 2167 2207 2205 se
2227 2164 2376 2205 nunc

805 2263 901 2302 eos
926 2248 1134 2301 habere
1169 2245 1446 2307 dominos,
1480 2254 1534 2298 et
1587 2260 1685 2298 eos
1717 2246 1900 2298 colere
1930 2254 2185 2311 tanquam
2243 2243 2377 2298 deos

807 2339 1224 2397 immmortales.
1280 2335 1416 2391 Cum
1452 2335 1595 2390 mala
1628 2335 1708 2387 sic
1743 2335 1941 2388 ancilla
1989 2334 2251 2403 Pompeio
2292 2348 2378 2387 re-

807 2432 1145 2493 nuntiasset,
1188 2438 1245 2485 et
1269 2429 1518 2499 linguam
1553 2426 1774 2481 diabolo
1803 2435 1992 2494 aperte
2038 2427 2374 2488 tradidisset,

807 2532 864 2580 et
923 2523 1042 2577 haec
1080 2521 1264 2576 locuta
1337 2527 1488 2574 esset
1537 2518 1807 2572 adversus
1867 2515 2232 2580 Christianos,
2297 2515 2378 2569 ira

809 2614 967 2668 valde
1000 2611 1104 2673 fuit
1134 2624 1404 2664 accensus
1437 2608 1755 2676 Pompeius,
1793 2614 1849 2660 et
1901 2607 2166 2660 adversus
2214 2605 2379 2658 [lele-

811 2720 944 2759 num
996 2703 1181 2774 gravia
1247 2700 1467 2771 spirans
1527 2711 1614 2755 est
1679 2699 1976 2769 profectus.
2015 2699 2083 2767 Et
2136 2699 2379 2768 primum

810 2796 1036 2866 quidem
1061 2795 1112 2850 ei
1149 2813 1252 2848 ...ιι
1303 2792 1594 2856 amrebat,
1633 2802 1696 2847 ut
1727 2793 1832 2846 sibi
1889 2793 2131 2862 puellam
2196 2804 2382 2846 osten-

812 2887 992 2954 deret,
1021 2885 1223 2940 deinde
1241 2885 1409 2940 etiam
1449 2883 1759 2938 celebraret
1799 2883 2045 2952 nuptias,
2103 2883 2208 2936 nisi
2266 2884 2382 2951 ipse

813 2987 1005 3048 aperte
1042 2977 1213 3032 vellet
1237 2990 1361 3032 esse
1395 2975 1575 3030 hostis
1602 2974 2024 3044 imperatorum.
2083 2973 2209 3028 llaec
2257 2989 2381 3027 cum

814 3070 1026 3125 diceret
1058 3068 1379 3140 Pompeius,
1430 3080 1540 3119 non
1599 3065 1763 3119 latuit
1810 3064 2036 3134 quidem
2092 3065 2379 3127 Helenum,

816 3161 1091 3216 undenam
1116 3158 1362 3229 profecta
1389 3163 1536 3211 esset
1567 3155 1808 3225 proditio
1834 3173 1850 3223 ;
1879 3156 2176 3226 ingenuum
2198 3164 2381 3210 autem
2411 3187 2455 3248 ο

813 3261 870 3308 οι
897 3253 1107 3322 justum
1145 3249 1197 3305 ei
1226 3249 1380 3303 dedit
1424 3261 1784 3317 responsum:
1819 3247 1934 3316 Ego
1964 3261 2109 3310 sum,
2136 3247 2226 3301 cui
2282 3247 2382 3300 ob-

815 3342 960 3413 tigit,
984 3342 1194 3404 dicens,
1216 3338 1417 3409 puella:
1445 3338 1635 3401 tutela,
1669 3353 1792 3408 quae
1813 3338 1993 3392 donec
2019 3339 2243 3408 quidem
2273 3341 2381 3392 im-

811 3433 994 3502 pubes
1031 3431 1153 3492 fuit,
1189 3445 1251 3485 ea
1280 3437 1337 3483 et
1356 3443 1388 3482 a
1406 3443 1494 3482 me
1519 3430 1791 3497 alebatur,
1821 3440 1878 3485 et
1899 3429 2121 3484 vivebat
2145 3440 2203 3483 ut
2232 3431 2374 3484 vole-

813 3526 963 3580 bam.
993 3523 1132 3580 Cum
1171 3538 1306 3577 vero
1335 3527 1446 3593 jam
1474 3520 1540 3574 ad
1570 3522 1786 3592 plenam
1822 3522 2140 3592 pervenerit
2167 3531 2384 3578 :etatem

814 3630 872 3673 et
894 3619 1005 3686 jam
1038 3625 1256 3686 tempus
1278 3616 1556 3683 acceperit
1591 3615 1921 3683 legitimum,
1970 3616 2082 3684 ipsa
2121 3630 2232 3669 non
2267 3629 2387 3668 am-

813 3708 964 3778 plius
998 3721 1175 3762 meam
1206 3716 1471 3776 sequetur
1521 3707 1887 3770 voluntatem,
1955 3707 2052 3760 sed
2089 3719 2247 3760 suam
2300 3721 2388 3760 se-

815 3814 994 3870 quens
1021 3799 1375 3861 sententiam,
1414 3797 1580 3853 faciet
1615 3799 1670 3852 id
1723 3800 1870 3868 quod
1901 3799 2073 3854 volet.

887 3891 1403 3962 XXXI.Postquam
1445 3893 1550 3948 hoc
1579 3907 1907 3962 responsum
1955 3891 2169 3960 accepit
2225 3892 2386 3946 Pom-

815 3983 998 4052 peius,
1029 3983 1099 4038 ad
1138 3982 1352 4039 Basilla:
1382 3985 1531 4038 ades
1572 3986 1824 4053 protinus
1875 3993 1963 4046 est
1992 3983 2293 4054 profectus,
2328 3991 2386 4036 et

817 4073 1036 4143 pulsato
1060 4075 1224 4134 ostio.
1245 4075 1472 4146 janitori
1497 4075 1811 4143 imperavit,
1842 4085 1902 4128 ut
1926 4075 1975 4129 ei
2005 4075 2382 4129 annuntiaret.

818 4168 913 4222 Illa
952 4177 1136 4222 autem
1170 4167 1371 4222 sensim
1405 4181 1534 4222 eum
1598 4164 1800 4235 repulit
1852 4184 1948 4236 per
1993 4183 2250 4236 puerum,
2305 4166 2389 4220 di-

818 4274 951 4314 cens
984 4259 1127 4314 nihil
1157 4273 1279 4315 esse
1323 4265 1617 4314 commune
1649 4258 1862 4312 Basilla:
1919 4273 2044 4312 cum
2101 4259 2384 4328 Pompeio,

820 4353 916 4408 sed
945 4369 1126 4422 neque
1179 4354 1301 4423 ejus
1360 4353 1660 4407 adventum
1713 4351 1941 4406 omnino
1971 4352 2132 4420 culpa
2171 4365 2386 4406 carere.

819 4446 1106 4513 Quomodo
1158 4445 1330 4508 enim,
1388 4443 1482 4513 qui
1524 4443 1591 4496 ad
1646 4441 1916 4511 virginem
1954 4443 2271 4505 accesserit,
2331 4449 2384 4495 et

2476 590 2656 661 ὕψεων
2683 596 2781 664 τῆς
2817 592 3066 664 ἀλλήλων
3092 596 3402 665 ἀποστῆναι
3426 596 3579 663 θέας.

2544 873 2627 927 Δ⁹.
2667 872 2823 926 Ἐπεὶ
2853 872 2910 926 δι
2937 870 3047 927 εδει
3079 873 3175 927 καὶ
3220 873 3396 945 πέρας
3418 872 3563 941 ῐεειν
3588 872 3658 926 τὰ
3677 871 3782 926 ὑπὸ
3806 870 3905 926 τοῦ
3942 873 4072 926 Κυ-

2479 964 2596 1036 ρίου
2629 967 2760 1036 περὶ
2793 965 2977 1020 αὐτῶν
3009 966 3491 1036 προηγορευμένα,
3525 964 3627 1034 τῆς
3658 965 3754 1034 μὲν
3785 964 4068 1026 Βασίλλας

2475 1059 2702 1110 κατεῖπε
2726 1055 2864 1125 πρὸς
2886 1057 2980 1111 τὸν
3001 1058 3291 1128 Πομπήϊον
3317 1058 3416 1127 μία
3438 1074 3524 1120 τις
3554 1057 3664 1112 τῶν
3694 1057 4068 1126 ἑφεπομένων

2475 1149 2614 1218 αὐτῇ
2641 1147 2946 1201 παιδισκῶν
2966 1164 2981 1179 ο
3018 1147 3095 1211 ὡς
3127 1149 3177 1201 εί
3203 1149 3278 1220 μὴ
3309 1148 3515 1219 σπουδῇ
3568 1150 3719 1218 πάσῃ
3766 1147 3861 1201 καὶ
3902 1146 4068 1216 βασι-

2474 1242 2606 1310 λείῳ
2634 1241 2778 1311 χειρὶ
2803 1240 2903 1311 τὴν
2921 1240 3360 1309 μνηστευθεῐσαν
3385 1239 3536 1308 αὐτῷ
3551 1239 3821 1294 Βασίλλαν
3844 1237 4071 1306 ὡραίαν

2475 1331 2577 1402 ήδη
2600 1333 2780 1400 γάμου
2815 1332 3196 1405 γεγενημένην
3231 1331 3370 1402 πρὸς
3405 1331 3500 1384 τὸν
3545 1326 3697 1384 οῐκον
3748 1329 4078 1399 ἀγάγηται,

2474 1423 2658 1474 οὐκέτι
2687 1422 2748 1475 τὸ
2779 1423 2919 1492 μετὰ
2945 1421 3118 1478 ταῦτα
3148 1424 3387 1491 γυναῖκα
3431 1421 3531 1492 τήν
3560 1422 3864 1491 εἰρημένην
3894 1419 4014 1484 ιξει
4047 1433 4065 1448 ο

2475 1513 2811 1584 Χριστιανήν
2860 1531 2920 1566 τε
2960 1514 3070 1585 γὰρ
3104 1514 3234 1577 ῐσθι,
3274 1514 3429 1585 φησι,
3474 1514 3589 1576 τοῖς
3638 1513 3739 1583 τῆς
3787 1496 4068 1576 Εὐγενίας

2476 1605 2808 1674 γεγενῆσθαι
2866 1605 3071 1673 λόγοις,
3104 1606 3202 1659 καὶ
3249 1607 3310 1659 ού
3355 1605 3522 1676 γάμῳ
3558 1606 3740 1675 μόνον,
3791 1601 3932 1656 ἀλλὰ
3964 1603 4066 1654 καὶ

2476 1696 2669 1764 κόσμῳ
2696 1697 2863 1749 παντὶ
2896 1695 3302 1750 ἀποτὰττεσθαι
3328 1712 3343 1726 ·
3371 1696 3545 1749 ταῦτά
3582 1713 3664 1748 τοι
3694 1697 3787 1747 καὶ
3822 1695 3916 1745 τὸν
3949 1695 4066 1747 πά-

2475 1803 2657 1857 τρωνα
2705 1788 2915 1855 ταύτης
2963 1789 3183 1841 Ἕλενον
3234 1787 3371 1856 πρὸς
3407 1789 3535 1850 τοὺς
3563 1787 3778 1854 γάμους
3834 1784 4067 1854 pius»

2478 1879 2728 1931 κάκεῖνον
2778 1879 3106 1948 Χριστιανὸν
3161 1878 3293 1930 ὅντα
3353 1879 3448 1930 καὶ
3495 1877 3588 1930 τοῦ
3618 1876 3806 1945 ὁμοίου
3848 1873 4065 1926 σκοποῦ

2477 1972 2784 2040 γινόμενον.
2848 1971 2922 2024 Οὐ
2959 1972 3067 2040 μὴν
3090 1969 3230 2022 ἀλλὰ
3256 1971 3348 2022 καὶ
3375 1968 3488 2032 οὓς,
3525 1970 3714 2039 φησὶν,
3749 1970 3781 2036 ἡ
3819 1966 4066 2033 Εὑγενέα

2477 2061 2766 2130 εὐνούχους
2793 2061 2869 2123 ὡς
2907 2061 3129 2124 δούλους
3159 2053 3304 2130 αὐτῇ
3328 2060 3646 2128 πέπομφεν,
3691 2049 3840 2110 οὗτοι
3872 2055 3933 2108 δέ
3965 2056 4067 2107 καὶ

2478 2153 2697 2206 πάντων
2730 2153 2968 2222 μάλιστα
3010 2152 3112 2221 τῆς
3160 2152 3403 2221 μαγικῆς
3435 2151 3653 2220 έχονται
3691 2150 3911 2219 τέχνης,
3967 2150 4068 2199 καὶ

2476 2244 2621 2297 οὕτω
2677 2246 2884 2314 ταύτην
2940 2245 3423 2315 κατεγοήτευσαν,
3476 2242 3616 2296 ὥστε
3665 2239 3761 2294 νῦν
3787 2241 4068 2304 δεσπότας

2477 2339 2678 2403 αὐτοὺς
2713 2340 2858 2409 ἔχειν
2884 2339 3168 2408 ὁμολογεῖν
3204 2339 3300 2392 καὶ
3336 2338 3413 2402 ὡς
3441 2338 3746 2402 ἀθανάτους
3779 2337 3940 2399 θεοὺς
3975 2335 4070 2388 σέ-

2480 2431 2693 2486 ϐεσθαι.
2726 2430 2884 2484 Οὕτω
2930 2431 3030 2498 τῆς
3057 2430 3303 2500 πονηρᾶς
3349 2428 3547 2498 δούλης
3581 2428 3857 2498 Πομπηῖῳ
3887 2443 4069 2495 προσ-

2479 2521 2820 2590 αγγειλάσης
2865 2520 3083 2590 ἀνήφθη
3122 2520 3331 2589 σφόδρα
3365 2519 3457 2574 τὸν
3491 2519 3664 2590 θυμὸν
3694 2521 3722 2572 ὁ
3769 2518 4071 2588 Πομπήῖος

2479 2613 2577 2664 καὶ
2631 2613 2773 2664 κατὰ
2822 2611 2920 2663 τοῦ
2975 2611 3197 2664 Ἑλένου
3253 2610 3392 2680 βαρὺ
3442 2611 3623 2663 πνέων
3677 2608 3902 2680 έχώρει.
3954 2609 4071 2661 Καὶ

2482 2703 2679 2772 πρῶτα
2704 2703 2802 2771 μὲν
2825 2701 3092 2766 ἐπιδεῖξαι
3112 2701 3264 2768 αὐτῷ
3278 2702 3376 2772 τὴν
3395 2700 3566 2772 κόρην
3590 2702 3844 2770 ἀνάγκην
3861 2700 4068 2768 ίπῆγε,

2483 2790 2606 2849 εἶτα
2637 2795 2729 2848 καὶ
2759 2794 2884 2856 τοὺς
2914 2793 3131 2863 γάμους
3175 2793 3416 2859 τελέσαι,
3447 2794 3500 2847 εί
3524 2810 3590 2862 γε
3621 2793 3697 2863 μὴ
3728 2792 3912 2855 αύτὸς,
3953 2807 4069 2860 9n-

2486 2889 2593 2953 σὶν,
2630 2886 2828 2957 έχθρὸς
2857 2881 2998 2940 εἶναι
3031 2886 3143 2940 τῶν
3171 2886 3590 2957 αὐτοκρατόρων
3628 2882 3886 2966 ,φανερὸς
3939 2881 4071 2949 βού-

2482 2981 2648 3033 λοιτο.
2673 2979 2858 3032 Ταῦτα
2881 2979 2974 3031 τοῦ
3021 2979 3311 3047 Πομπηΐου
3356 2977 3613 3045 λέγοντος
3641 2977 3742 3029 οὐκ
3769 2974 3929 3028 έλαθε
3965 2973 4069 3041 μέν

2484 3072 2574 3125 τὸν
2602 3072 2823 3126 Ἕλενον
2848 3072 2973 3125 ὅθεν
3006 3074 3038 3140 ἡ
3071 3070 3354 3142 προδοσία,
3376 3068 3668 3140 ἐλευθέραν
3697 3068 3754 3122 δὲ
3783 3069 3936 3137 ὅμως
3969 3067 4070 3119 καὶ

2484 3163 2700 3217 δικαίαν
2727 3161 2826 3232 τὴν
2859 3162 3153 3229 ἀπόκρισιν
3188 3161 3504 3231 ἐποιήσατο,
3538 3159 3701 3227 Ἐγὼ,
3726 3157 3936 3226 λέγων.
3959 3157 4070 3224 τῆς

2487 3253 2658 3324 κόρης
2690 3253 3073 3325 ἐπιτροπεύειν
3103 3254 3303 3324 λαχὼν,
3339 3254 3503 3323 μέχρι
3547 3252 3644 3320 μιν
3676 3246 3744 3319 ἦν
3779 3251 3838 3302 έν
3873 3249 4070 3301 παισὶν

2487 3345 2581 3397 ὑπ’
2611 3346 2734 3416 ἐμοί
2759 3363 2819 3399 τε
2853 3345 3202 3416 τρεφομένην
3230 3342 3377 3414 εῐχον
3406 3325 3502 3398 καὶ
3546 3343 3808 3413 θελήματι
3837 3341 3916 3410 τῷ
3946 3340 4067 3410 έμῷ

2485 3435 2704 3498 ζῶσανο
2741 3437 2862 3489 ἐπεὶ
2894 3437 2950 3489 δὲ
2992 3435 3209 3505 ἡλικίας
3245 3435 3440 3506 έπέὸη,
3469 3438 3566 3488 καὶ
3602 3433 3795 3505 χρόνον
3832 3433 3935 3504 ἢδη
3972 3432 4066 3483 τὸν

2488 3529 2714 3598 ἔννομον
2742 3530 3063 3598 ἀπειλήφει,
3094 3528 3280 3582 οὐκέτι
3322 3527 3591 3596 θελήματι
3624 3525 3701 3595 τῷ
3753 3524 3873 3594 έμῷ
3918 3523 4066 3596 αὕτη

2485 3621 2703 3685 ἕπεται,
2737 3621 2875 3674 ἀλλὰ
2909 3623 3104 3694 γνώμῃ
3129 3625 3194 3694 τῇ
3223 3619 3329 3692 ίδίᾳ
3371 3617 3661 3690 στοιχοῦσα
3692 3618 3839 3682 ὅπως
3873 3617 3940 3672 ἂν
3971 3618 4068 3672 καὶ

2487 3712 2731 3782 βούλοιτο
2761 3714 2898 3785 δρᾷ.
2917 3751 2966 3770 ..
2995 3752 3009 3768 .

2560 3897 2689 3950 AA'.
2729 3895 2949 3964 Ταύτην
2982 3894 3102 3949 έπεὶ
3133 3894 3419 3964 Πομπήϊος
3450 3892 3669 3958 έδέξατο
3691 3893 3793 3962 τὴν
3819 3893 4064 3964 ἀπόκριο

2489 4005 2596 4055 σιν,
2620 3988 2756 4059 πρὸς
2788 3988 2887 4059 τὴν
2921 3987 3020 4058 τῆς
3051 3987 3318 4050 Βασίλλας
3337 3986 3519 4040 οίκίαν
3544 3985 3894 4056 παραχρῆμα
3929 3987 4065 4057 έχὼ-

2491 4098 2593 4152 ρει,
2626 4082 2720 4134 καὶ⁵
2753 4081 2927 4148 κόψας
2949 4080 3050 4150 τὴν
3077 4079 3250 4148 θύραν
3277 4078 3354 4148 τῷ
3385 4078 3618 4149 θυρωρῷ
3643 4081 3865 4131 ἐκέλευε
3893 4097 4064 4148 προσ-

2488 4171 2800 4236 αγγέλλειν.
2843 4171 2906 4221 Ἢ
2937 4169 2995 4222 δὲ
3034 4169 3218 4239 ἡρέμα
3243 4166 3330 4220 διὰ
3360 4167 3453 4220 τοῦ
3489 4167 3680 4229 παιδὸς
3709 4168 3878 4220 αὑτὸν
3913 4171 4064 4222 ἀπω-

2487 4261 2632 4313 θεῖτο
2660 4259 2828 4330 μηδὶν
2858 4257 2995 4312 εἶναι
3036 4260 3213 4313 κοινὸν
3241 4260 3476 4328 λέγουσα
3502 4260 3739 4331 Basili;
3781 4264 3877 4312 καὶ
3913 4261 4066 4329 Πομ.

2489 4351 2659 4420 πηῖῳ,
2693 4351 2830 4404 ἀλλὰ
2861 4351 2966 4421 μὴν
2991 4352 3112 4405 οὐδὲ
3161 4352 3332 4423 αὐτὴν
3373 4353 3512 4415 ὅλως
3563 4353 3661 4420 τὴν
3693 4352 3879 4420 ἄφιξιν
3914 4355 4064 4424 αύτῷ

2491 4441 2636 4511 ἔχειν
2667 4441 2990 4512 ἀμέμπτως.
3039 4444 3161 4507 Πῶς
3185 4446 3314 4516 γὰρ,
3345 4445 3403 4508 ὅς
3432 4461 3495 4511 γε
3543 4448 3768 4513 γυναικὶ
3802 4446 4064 4517 παρθένῳ

819 4553 942 4592 cum
983 4552 1046 4590 ea
1075 4550 1323 4590 seorsum
1355 4535 1506 4604 loqui
1543 4533 1760 4603 quaerit,
1797 4548 1959 4600 quam
1987 4532 2383 4602 propemodum
2421 4545 2455 4598 ι]

2491 4532 2694 4598 ἐπῆλθε
2726 4536 2816 4587 καὶ
2853 4535 3166 4598 ίδιάζουσαν
3220 4530 3441 4605 ὁμιλίαν
3493 4537 3764 4605 ἐπιζητεῖ,
3811 4537 3939 4606 ἣτις
3979 4557 4065 4606 μι-

820 4643 889 4682 ne
919 4629 1095 4682 oculis
1124 4627 1346 4696 quidem
1381 4627 1498 4679 suis
1531 4625 1664 4678 licet
1699 4625 1958 4677 masculis
2013 4625 2262 4678 intueri?
2291 4623 2386 4678 His

818 4719 1003 4773 verbis
1056 4718 1243 4771 furore
1303 4715 1617 4771 concitatur
1679 4715 1996 4784 Pompeius,
2031 4724 2087 4767 et
2144 4717 2382 4784 primum

821 4809 1042 4880 quidem
1083 4809 1321 4863 veniens
1376 4807 1432 4861 in
1472 4794 1747 4868 senatum,
1785 4821 1909 4861 eum
1966 4805 2142 4875 rogat.
2178 4806 2384 4860 Deinde

819 4914 944 4954 cum
985 4913 1081 4952 eos
1121 4899 1287 4953 etiam
1342 4897 1750 4965 assumpsisset,
1819 4895 1988 4964 pedes
2038 4895 2383 4964 imperatoris

819 4991 1115 5061 prehendit
1167 5005 1277 5042 non
1334 4989 1452 5043 sine
1482 4988 1756 5058 lacrymis,
1814 4997 1870 5040 et
1921 5001 2082 5039 suum
2123 4995 2380 5053 tanquam

818 5095 1110 5136 commune
1162 5079 1401 5134 deﬂebat.
1447 5078 1830 5144 infortunium,
1891 5079 1995 5133 Pro
2035 5078 2193 5132 vobis
2227 5079 2378 5147 ipsis,

819 5171 1029 5236 dicens,
1064 5187 1097 5225 ο
1130 5171 1465 5225 divinissimi
1499 5171 1751 5241 Augusti,
1789 5186 1889 5240 pro
1927 5171 2086 5224 vobis
2121 5171 2253 5242 ipsis
2289 5187 2383 5225 ex-

817 5264 1026 5331 surgite
1062 5273 1118 5316 et
1151 5263 1353 5316 vestris
1375 5261 1503 5327 diis,
1533 5273 1588 5315 et
1621 5278 1787 5331 quem
1816 5279 1882 5316 ex
1913 5260 2149 5332 Egypto
2179 5277 2379 5316 novum

817 5354 986 5409 Deum
1044 5370 1190 5408 nunc
1242 5354 1549 5408 introduxit
1591 5355 1852 5424 Eugenia,
1892 5370 1960 5408 ex
2016 5355 2152 5408 urbe
2200 5367 2380 5408 vestra

815 5447 1098 5516 expellite.
1132 5446 1268 5500 Nam
1303 5447 1359 5499 in
1393 5449 1582 5502 multis
1616 5448 1840 5517 quidem
1873 5448 2038 5502 etiam
2066 5449 2188 5502 aliis
2227 5449 2380 5502 dam—

815 5553 949 5593 num
980 5539 1219 5592 all'erunt
1253 5538 1579 5603 Christiani,
1641 5539 1942 5595 irridentes
1998 5519 2377 5610 imperatores,

815 5633 965 5703 leges
997 5633 1386 5702 despicientes,
1447 5634 1714 5702 benignus
1773 5643 1830 5688 et
1890 5645 2200 5690 servatores
2249 5636 2381 5690 deos

819 5733 1076 5792 tanquam
1111 5723 1293 5777 inania
1331 5725 1580 5793 quasdam
1631 5726 1940 5780 manufaeta
1990 5739 2375 5796 eonspuentes.

813 5815 971 5873 Nunc
1009 5825 1191 5872 autem
1226 5816 1330 5870 hoc
1370 5831 1589 5885 quoque
1613 5817 1793 5873 scelus
1822 5818 2048 5888 impium
2087 5828 2169 5874 est
2200 5819 2267 5874 ab
2296 5821 2375 5876 eis

2493 4625 2626 4695 κροῦ
2657 4628 2877 4680 πάντων
2925 4628 3224 4697 ὀφθαλμοῖς
3274 4629 3525 4699 ἀρρένων
3571 4631 3718 4681 ἐστὶν
3744 4628 4062 4697 ἄψαυστος

2505 4719 2855 4788 Ἐκμαίιεται
2910 4721 3024 4781 τοῖς
3052 4721 3291 4791 ῥήμασιν
3322 4721 3351 4770 6
3401 4719 3707 4789 Πομπήῖος,
3737 4721 3833 4770 καὶ
3871 4721 4064 4790 πρῶτα

2497 4811 2594 4880 μὲν
2626 4813 2705 4873 είς
2733 4811 2830 4866 τὲιν
2849 4811 3043 4884 βουλὴν
3064 4811 3375 4883 παρελθὼν,
3408 4811 3582 4864 έδεῖτο
3605 4812 3839 4881 ταύτης·
3870 4813 4063 4864 (nstra

2492 4902 2589 4954 καὶ
2621 4904 2844 4966 τούτους
2880 4903 3215 4972 παραλαϐὼν
3245 4903 3354 4956 τῶν
3385 4903 3563 4956 ποδῶν
3591 4903 3687 4954 τοῦ
3728 4902 4063 4971 κρατοῦντος

2490 4995 2589 5047 οὐκ
2622 4995 2864 5065 ἄδακρυς
2913 4995 3141 5065 ἥπτετο,
3179 4996 3270 5047 καὶ
3298 4993 3374 5058 ὦς
3415 5011 3466 5047 τι
3505 4995 3684 5047 κοινὸν
3711 4995 3974 5063 ἀτύχημα
4002 4996 4058 5047 τὸ

2492 5086 2624 5138 [διον
2649 5085 2981 5156 ὠλοφύρετο,
3017 5087 3192 5157 ’Υπὲρ
3217 5085 3371 5154 ὑμῶν
3393 5086 3594 5149 αὐτῶν,
3623 5088 3815 5153 λέγων,
3839 5082 3888 5140 ὦ
3919 5089 4058 5141 03:6-

2489 5195 2638 5231 τατοι
2677 5176 2998 5246 Δῦγουστοι,
3033 5179 3170 5249 ὑπὲρ
3198 5179 3350 5248 ὑμῶν
3381 5178 3558 5231 αὐτῶν
3603 5180 3926 5250 διανάστητε
3967 5186 4054 5233 καὶ

2487 5271 2595 5323 τῶν
2624 5270 2906 5340 ὑμετέρων
2935 5269 3094 5334 θεῶν,
3116 5273 3208 5324 καὶ
3234 5271 3293 5324 ὁν
3320 5272 3378 5334 ἐξ
3397 5271 3672 5339 Αἰγύπτου
3704 5271 3798 5324 νῦν
3820 5273 3962 5341 Εὖγε
3976 5276 4058 5327 νεα

2491 5363 2860 5431 ἐπεισήγαγεν
2882 5362 3000 5414 νέον
3030 5362 3162 5415 Θεὸν
3183 5364 3281 5430 τῆς
3314 5364 3584 5434 ὑμετέρας
3615 5365 3820 5427 πόλεως
3856 5368 4062 5420 ἀπελά-

2491 5472 2639 5507 σατε.
2678 5455 2855 5507 Πολλὰ
2907 5455 3005 5524 μὶν
3038 5457 3147 5525 γὰρ
3196 5459 3292 5509 καὶ
3323 5458 3457 5511 ἄλλα
3497 5461 3606 5520 τοῖς
3636 5461 3936 5528 πράγμασι
3973 5463 4058 5513 λυ-

2492 5547 2775 5616 μαίνονται
2810 5547 3132 5616 Χριστιανοὶ
3188 5534 3600 5614 καταγελὼντες
3641 5547 3934 5618 βασιλέων,
3966 5569 4059 5603 κα⁸

2487 5638 2881 5707 ταφρονοῦντες
2941 5641 3144 5708 νόμων,
3195 5640 3323 5702 τοὺς
3377 5641 3625 5709 εύμειεῖς
3681 5643 3776 5695 καὶ
3810 5645 4058 5712 σωτῆρας

2489 5731 2646 5793 θεοὺς
2670 5730 2744 5792 ὡς
2780 5731 2986 5799 μάταιά
3009 5748 3129 5784 τινα
3156 5733 3513 5804 χειροποίητα
3535 5733 3922 5796 διαπτύοντες·
3947 5735 4058 5786 νυνι

2485 5821 2539 5874 δὲ
2572 5821 2666 5874 καὶ
2699 5821 2858 5875 τοῦτο
2907 5822 3090 5886 αὐτοῖς
3141 5824 3485 5896 ἐπινενόηται
3541 5824 3602 5878 τὸ
3651 5824 3936 5895 ὰσέὸημα,
3971 5824 4058 5877 καὶ
