4252 6440
222 420 335 481 645

1332 408 1810 471 ΜΑΒΤΪΒΙῸΜ
1848 408 1907 468 S.
1946 405 2337 466 EUGENIE.

3360 405 3465 469 646

219 532 349 587 τοὺς
380 524 475 577 τοῦ
505 526 685 596 γάμου
718 524 996 578 διαλύουσι
1028 521 1227 591 νόμους
1252 519 1488 593 καὶτὰς
1533 517 1797 584 συζυγίας
1824 523 1867 578 Α

1785 533 1797 578 ;
1824 523 1867 578 Α
1899 517 2271 584 excogitatum
2319 530 2333 566 :
2376 514 2597 569 solvunt
2630 515 2794 568 etiam
2846 515 2995 585 leges
3022 517 3379 580 matrimonii,
3408 526 3464 572 ct

218 617 665 687 ἀπαγορεύουσι·
720 617 820 678 τὰς
871 615 981 685 γὰρ
1009 610 1415 682 νυμφευθεῖσας
1454 609 1484 679 ἦ
1518 609 1613 661 καὶ
1664 624 1795 676 νυμ-

219 710 491 778 φευθῆναι
516 708 822 777 μελλούσας
850 708 961 760 τῶν
1007 704 1220 775 ἀνδρῶν
1258 701 1556 762 διασπῶσι.
1596 699 1795 768 μᾶλλον

218 801 280 853 δὲ
320 801 549 862 τούτους
591 800 694 867 μιν
745 798 975 850 ὶκείνων
1006 792 1430 863 ἀποστεροῦσιν,
1475 791 1688 851 ιαυτοῐς
1738 788 1795 841 δὲ

221 888 573 959 περιποιοῦσι
605 888 705 941 καὶ
735 886 990 956 ἀσιμνως
1023 884 1331 954 φθείρουσι.
1375 883 1443 935 Τί
1473 880 1567 933 οῦν
1588 879 1692 941 ἔτι,
1741 879 1795 931 τε

220 980 414 1032 λοιπὸν
449 981 685 1047 γένοιτο,
723 979 818 1032 καὶ
846 980 939 1030 ποῖ
960 994 1045 1039 τις
1077 976 1372 1044 τράποιτο,
1405 974 1455 1024 εῖ
1483 972 1657 1040 γάμος
1679 967 1797 1022 ἐστὶ

225 1072 525 1143 μηδαμοῦ;
560 1071 666 1123 Τὸν
696 1071 796 1151 μὲν
823 1071 934 1139 γάρ
955 1068 1109 1137 παρά
1141 1067 1303 1135 νόμον
1336 1066 1383 1117 οἱ
1416 1065 1591 1132 νόμοι,
1621 1062 1711 1113 τὸν
1738 1059 1798 1114 δὲ

221 1160 371 1213 κατά
393 1160 556 1229 νόμον
585 1158 907 1229 Χριστιανοὶ
956 1157 1358 1217 κεκωλύκασιν,
1392 1152 1687 1221 ἀλάστορες
1711 1168 1795 1205 τι-

222 1268 340 1318 νες,
376 1250 451 1313 ὡς
482 1251 678 1313 ἔοικεν,
714 1248 1037 1311 ἐπελθόντες
1081 1247 1263 1300 καινοὶ
1308 1246 1402 1298 καὶ
1430 1245 1528 1315 τὴν
1559 1244 1668 1295 τῶν
1708 1244 1799 1296 ἀν-

224 1342 465 1413 θρώπων
500 1341 850 1412 ἀναιροῦντες
876 1342 1113 1409 γένεσιν.
1144 1334 1219 1392 Οῦ
1250 1340 1315 1408 δὴ
1350 1338 1649 1406 προϐάντος
1673 1335 1801 1405 ἔρη-

226 1452 331 1504 μος
370 1434 522 1487 ἔσται
545 1434 819 1503 πάντωςή
852 1432 950 1501 γῆ.
1004 1432 1127 1494 Πῶς
1154 1430 1209 1484 δὲ
1238 1429 1330 1483 τοῦ
1368 1426 1557 1482 λοιποῦ
1608 1430 1703 1479 καὶ⁵
1740 1426 1799 1478 τὸ

226 1526 629 1595 στρατιωτικὸν
694 1525 823 1591 ὑμῖν
855 1522 1011 1587 ἔξεις
1064 1523 1158 1573 καὶ
1193 1521 1310 1581 πῶς
1339 1522 1438 1573 οὐκ
1482 1521 1796 1589 οἰχήσεταις

224 1616 405 1669 Τίνων
419 1615 518 1684 μὶν
537 1614 777 1683 βασιλεῖς
798 1614 1080 1683 ἄρξουσιν,
1106 1612 1243 1680 μετὰ
1266 1612 1429 1663 τίνων
1447 1610 1502 1662 δὴ
1523 1610 1799 1677 πολεμίων

227 1708 609 1777 κρατήσουσις
659 1708 783 1768 Πῶς
812 1707 871 1759 δὲ
921 1705 1165 1759 πολιτεία
1196 1704 1335 1766 ὅλως
1366 1702 1462 1756 καὶ
1498 1700 1799 1772 ἀνθρώπων

228 1802 560 1871 συστήσεται
595 1800 709 1869 βίος
733 1814 750 1867 ;

297 2076 424 2130 AB'.
458 2074 613 2128 Οὕτω
644 2072 739 2127 τοῦ
770 2072 1060 2142 Πομπηΐου
1091 2071 1212 2140 μεθ’
1238 2073 1369 2140 ὅσης
1394 2071 1796 2141 ἀγορεύσαντος

224 2169 331 2237 τῆς
362 2166 730 2236 περιπαθεῐας
784 2165 1187 2233 συνεφθέγγετο
1242 2164 1360 2232 ἅμα
1416 2164 1511 2215 καὶ
1542 2165 1574 2230 ἡ
1612 2163 1796 2231 βουλὴ,

227 2258 371 2311 ὥστε
404 2258 819 2324 συναλγήσαντα
840 2257 929 2307 τὸν
952 2255 1261 2322 κρατοῦντα
1282 2253 1462 2317 ὀξεῖαν
1483 2254 1799 2319 ἐπενεγκεῖν

226 2351 328 2421 τὴν
352 2350 627 2418 ἀπόφασιν
648 2349 913 2402 Βασῖλλαν
934 2347 965 2417 ἢ
990 2345 1066 2415 τῷ
1093 2347 1291 2413 ἑαυτῆς
1322 2344 1592 2414 μνηστῆρι
1617 2343 1796 2411 γάμου

230 2443 573 2511 συναφθῆναι
634 2441 805 2509 νόμῳ,
859 2438 994 2507 ἢτῇ
1054 2437 1143 2489 διὰ
1179 2437 1361 2502 ξίφους
1427 2434 1797 2503 ὑποϐληθῆναι

231 2534 440 2601 σφαγῇ.
501 2531 652 2582 Ἐπεὶ
680 2531 737 2583 δὲ
770 2530 865 2581 καὶ
907 2528 1039 2597 περὶ
1102 2527 1368 2593 Εὑγενίας
1417 2526 1667 2595 ἠκηκόει,
1704 2524 1799 2575 καὶ

229 2625 363 2694 περὶ⁵
390 2621 560 2691 αὐτῆς
592 2620 755 2683 εὐθὺς
776 2621 1162 2687 ἀποφαίνεται,
1190 2618 1221 2687 ἢ
1251 2617 1566 2669 πεισθεῖσαν
1614 2615 1796 2676 θῦσαι,

230 2716 266 2787 ἢ
296 2716 550 2782 βασάνοις
580 2713 979 2785 παραδοθεῖσαν
1005 2711 1193 2778 βιαίως
1222 2708 1539 2770 ἀποθανεῖν,
1566 2710 1717 2775 κοινῇ
1744 2705 1799 2756 δὲ

232 2808 331 2862 καὶ
366 2811 571 2868 πάντας
601 2803 961 2874 τιμωρεῖσθαι
985 2804 1110 2866 τοὺς
1136 2803 1328 2863 ἄλλους
1351 2801 1411 2852 οὐ
1439 2797 1799 2867 Χριστιανοὺς

235 2899 421 2970 μόνον,
453 2896 591 2970 ἀλλά
624 2897 719 2949 καὶ
740 2898 867 2956 τοὺς
905 2894 1021 2947 ὅσοι
1048 2891 1410 2962 Χριστιανοὺς
1450 2887 1799 2955 ὑποδέχονται

232 3007 294 3043 τε
330 2990 425 3041 καὶ
478 2988 709 3056 ἀφανεῖς
738 2982 879 3039 εῖναι
910 2982 1409 3053 παρασκευάζουσι.
1462 2978 1677 3047 Ταύτης
1725 2976 1799 3038 ὡς

234 3082 438 3152 ἤκουσε
476 3079 711 3132 Βασελλα
769 3078 869 3147 τῆς
912 3077 1265 3144 ἀποφάσεως,
1316 3076 1349 3143 ἡ
1385 3071 1597 3142 βασιλὶς
1633 3070 1801 3132 ὅντως

235 3174 423 3241 εκείνη
462 3173 558 3224 καὶ
612 3170 859 3238 γλῶτταν
925 3170 1017 3221 καὶ
1058 3169 1158 3239 τὴν
1183 3167 1361 3236 ψυχὴν
1390 3165 1650 3233 ὀξυτέραν
1710 3164 1803 3214 καὶ

236 3266 382 3335 αὐτὴ
414 3265 515 3333 τὴν
541 3263 723 3333 φωνὴν
755 3263 899 3332 ἢπερ
922 3262 1129 3321 ἐκεῖνος
1157 3259 1316 3319 εὐθὺς
1346 3256 1688 3325 ἀπεφήνατοο
1718 3252 1807 3323 Τῷ

240 3352 455 3421 βασιλεῖ
473 3352 580 3403 τῶν
608 3351 1005 3420 βασιλευόντων
1044 3352 1139 3401 καὶ
1187 3345 1508 3415 δημιουργῷ
1563 3360 1807 3413 νυμφευ-

239 3443 397 3495 θεῖσα
427 3441 667 3512 φθαρτοῦ
694 3443 887 3511 ἀνδρὸς
934 3439 1222 3493 κοινωνιιν
1269 3438 1472 3506 ἥκιστα
1502 3436 1805 3505 παραδέχοο

241 3554 367 3605 μαι,
400 3538 449 3587 εἰ
475 3537 569 3589 καὶ
600 3534 678 3605 τῷ
730 3536 881 3587 κάτω
912 3532 1120 3601 βασιλεῖ
1163 3530 1321 3584 τοῦτο
1355 3530 1521 3583 δοκεῖ.
1577 3529 1809 3598 Φοὸερὸν

238 3628 352 3697 γὰρ
379 3627 455 3695 τῷ
476 3627 610 3687 θντι,
636 3624 868 3694 φοϐερὸν
892 3625 950 3675 τὸ
977 3626 1239 3693 ἐμπεσεῖν
1289 3625 1369 3684 εἰς
1405 3623 1595 3690 χεῖρας
1624 3620 1812 3683 ἀληθι-

239 3717 336 3770 νοῦ
372 3716 644 3775 Βασιλέως
697 3719 792 3767 καὶ
838 3715 1035 3778 ζῶντος
1088 3712 1245 3767 Θεοῦ.
1299 3713 1448 3779 "Aps.
1479 3712 1536 3764 δὲ
1569 3708 1645 3779 τῷ
1675 3708 1809 3760 Θεοῦ

242 3808 456 3876 προῆκε
484 3807 584 3873 τῆς
612 3806 881 3874 γλώττης,
918 3805 1013 3856 καὶ
1040 3804 1132 3856 τοῦ
1168 3806 1421 3871 σώματος
1461 3804 1620 3855 εὐθὺς
1646 3803 1678 3870 ἡ
1715 3817 1807 3851 κε-

241 3898 391 3967 φαλὴ
422 3897 782 3964 ἀπετέμνετο.
824 3895 986 3948 Ἀλλά
1007 3894 1166 3947 τοῦτο
1193 3894 1291 3962 μὲν
1326 3893 1484 3960 ἔσχεν
1510 3894 1543 3960 ἡ
1576 3890 1812 3943 Βαοίλλα

242 3992 304 4043 τὸ
336 3990 503 4051 τέλος.
551 3986 1031 4055 Συνελαμὸάνοντο
1066 3987 1121 4038 δὲ
1156 3990 1249 4038 καὶ
1281 3986 1508 4052 Πρωτᾶς
1550 3986 1641 4036 καὶ
1683 3983 1811 4035 ’Υά-

241 4082 449 4145 mox,
477 4070 726 4149 καὶπρὸς
758 4079 849 4133 τὸν
878 4078 1003 4131 ναδν
1032 4078 1126 4129 τοῦ
1152 4081 1269 4139 Διὸς
1301 4077 1626 4142 ἀπάγονται,
1664 4074 1811 4125 θύειν

243 4171 442 4239 ικεξνῳ
487 4169 563 4237 τῷ
620 4168 951 4237 βδελύγματι
994 4166 1270 4233 ἁζόμενοι.
1300 4166 1551 4233 ιΣτάντες
1599 4160 1690 4216 οὖν
1724 4164 1811 4215 ἐπ’

243 4260 367 4329 δψει
386 4258 478 4310 τοῦ
502 4257 785 4318 δοκοῦντος
818 4255 942 4307 θεοῦ
966 4255 1324 4325 κατηύξαντο,
1350 4256 1443 4305 καὶ
1467 4253 1813 4322 παραχρῆμα

246 4350 357 4421 πρὸ
388 4348 495 4401 τῶν
528 4346 706 4400 ποδῶν
732 4348 915 4400 αὐτῶν
964 4346 1301 4419 ⁸καταπίπτει
1333 4346 1392 4397 τὸ
1421 4344 1659 4406 εἴδωλον,
1720 4344 1814 4395 ni

244 4437 569 4491 λεπτύνεται
610 4437 952 4507 παραδόξως,
987 4437 1081 4488 καὶ
1113 4439 1191 4497 εἰς
1224 4436 1371 4487 κόνιν
1406 4436 1496 4487 καὶ
1532 4434 1661 4502 χοῦν
1699 4434 1815 4485 δια-

1899 606 2490 675 probibentconjugia.
2522 606 2629 659 Eas
2648 607 2817 671 enim,
2846 623 2967 675 qua:
2996 617 3125 663 sunt
3155 608 3467 677 desponsar,

1901 707 1995 751 aut
2029 699 2199 752 etiam
2247 697 2679 766 despondendae,
2716 700 2901 753 aviris
2940 701 3205 763 avellunt,
3240 701 3326 754 vel
3369 717 3468 771 po-

1900 791 2010 846 tius
2040 806 2137 846 eos
2169 790 2392 859 quidem
2433 793 2541 847 illis
2572 793 2809 861 privam.
2853 794 2957 847 sibi
2995 810 3127 848 vero
3162 795 3465 855 vindicant.

1896 894 1954 937 ct
1982 899 2076 937 eas
2106 885 2345 951 turpiter
2375 895 2759 954 corrumpunt.
2804 886 3074 951 Quidnam
3133 903 3285 956 ergo,
3331 888 3465 957 quid

1899 975 2177 1042 reliquum
2212 983 2318 1035 est,
2360 975 2504 1043 quod
2538 976 2649 1039 ﬁat,
2686 986 2781 1030 aut
2814 992 2923 1045 quo
2966 994 3024 1031 se
3055 981 3285 1033 verterit
3310 981 3464 1048 quis-

1898 1067 2068 1136 piam,
2104 1067 2149 1120 si
2180 1084 2451 1135 nusquam
2487 1078 2571 1122 est
2599 1071 3057 1125 matrimonium?
3082 1071 3218 1124 Nam
3250 1071 3304 1124 id
3342 1073 3467 1140 qui-

1898 1160 2288 1226 dem,quodﬁt
2320 1170 2517 1225 praeter
2557 1162 2750 1231 legem,
2785 1162 2952 1229 leges.
2988 1163 3133 1228 quod
3161 1171 3246 1216 est
3284 1172 3466 1215 autem

1897 1252 2230 1319 legitimum,
2272 1252 2570 1305 Christiani
2615 1252 2933 1320 prohibent.
2972 1255 3097 1305 novi
3135 1255 3383 1321 quidam,
3412 1264 3471 1307 ut

1903 1342 2143 1407 videtur,
2199 1350 2256 1394 et
2296 1343 2670 1409 irrumpentcs
2706 1344 3136 1405 cacodemones,
3174 1354 3230 1397 et
3287 1345 3465 1397 homi-

1900 1449 2031 1487 num
2051 1433 2464 1503 generationem
2492 1434 2748 1488 tollentes
2764 1435 2831 1489 de
2852 1435 3224 1501 medio.Quod
3248 1437 3468 1504 quidem

1902 1541 2025 1579 cum
2052 1526 2403 1595 processerit,
2436 1527 2545 1578 erit
2575 1526 2800 1579 omnino
2830 1536 2977 1580 terra
3014 1543 3186 1581 vacua
3233 1530 3473 1582 homini-

1906 1618 2028 1673 bus.
2056 1618 2345 1683 Quomodo
2381 1630 2563 1672 autem
2599 1617 2666 1671 de
2706 1628 2907 1673 caetero
2951 1620 3111 1673 vobis
3140 1635 3199 1674 se
3246 1621 3472 1675 habebit

1902 1712 2201 1769 exercitus,
2261 1718 2316 1763 et
2362 1710 2642 1777 quomodo
2683 1724 2790 1762 non
2833 1710 3081 1777 peribit?
3124 1711 3468 1775 Quibusnam

1904 1801 2131 1866 quidem
2196 1800 2551 1869 imperabunt
2589 1802 2973 1869 imperatores,
2998 1812 3054 1856 et
3087 1817 3210 1856 cum
3269 1803 3475 1871 quibus

1827 1867 1869 1922 Β
1901 1895 2246 1963 superabunt
2283 1892 2573 1947 inimicos?
2603 1892 2890 1956 Quomodo
2921 1908 3053 1946 vero
3082 1894 3306 1946 omnino
3338 1908 3472 1947 con-

1901 1986 2069 2039 stabit
2098 1984 2414 2052 respublica
2449 1992 2505 2037 et
2531 1984 2640 2035 vita
2690 1982 3014 2035 hominum?

1974 2075 2190 2129 XXXII.
2256 2076 2393 2128 Lum
2456 2076 2537 2128 sic
2575 2074 2734 2127 valde
2800 2075 3192 2129 miserabiliter
3238 2075 3474 2130 dixisset

1900 2166 2219 2235 Pompeius,
2256 2168 2420 2221 simul
2450 2168 2615 2220 etiam
2653 2167 2702 2220 ei
2732 2182 2987 2220 assensus
3050 2177 3132 2220 est
3162 2176 3219 2220 et
3271 2168 3471 2221 sum-a-

1899 2273 2054 2332 gatus
2092 2270 2337 2323 senatus,
2376 2261 2515 2312 adeo
2547 2268 2606 2312 nt
2640 2261 2905 2312 misertus
2960 2262 3281 2326 imperator,
3328 2260 3474 2314 cele-

1901 2369 2014 2408 rem
2040 2354 2231 2408 tulerit
2278 2353 2629 2415 sententiam,
2675 2361 2735 2403 ut
2760 2351 2959 2404 Basiila
3000 2350 3083 2403 vel
3144 2365 3246 2405 suo
3271 2366 3475 2419 sponso

1903 2445 2247 2501 matrimonii
2270 2444 2387 2513 lege
2422 2446 2869 2513 conjungeretur,
2892 2454 2987 2497 aut
3018 2443 3202 2513 gladio
3225 2444 3474 2512 subjecta

1900 2536 2065 2588 vitam
2116 2533 2318 2585 (iniret.
2346 2532 2639 2599 Postquam
2680 2542 2863 2585 autem
2921 2531 3133 2585 audivit
3190 2534 3358 2587 etiam
3405 2535 3474 2587 de

1901 2621 2168 2690 Eugenia,
2188 2620 2256 2673 de
2277 2635 2340 2672 ea
2376 2635 2596 2688 quoque
2633 2621 2888 2687 protinus
2934 2622 3276 2689 pronuntiat,
3299 2631 3358 2676 ut
3386 2623 3475 2678 vel

1901 2728 2164 2783 persuasa
2187 2712 2479 2776 sacriﬁcet,
2499 2713 2583 2766 vel
2604 2713 2897 2767 tormentis
2914 2715 3137 2776 tradita,
3160 2728 3341 2768 morte
3359 2715 3477 2769 vio-

1901 2804 2047 2859 lenta
2065 2804 2356 2866 moriatur,
2369 2804 2739 2857 communiter
2754 2819 2886 2858 vero
2899 2819 3091 2859 omnes
3104 2821 3133 2873 q
3144 2820 3324 2873 uoque
3338 2806 3477 2859 alios

1902 2898 2085 2966 puniri
2123 2896 2299 2964 jubet,
2321 2912 2427 2950 non
2449 2897 2628 2950 solum
2671 2895 3038 2959 Christianos,
3078 2897 3173 2952 sed
3196 2913 3291 2952 eos
3307 2898 3475 2953 etiam

1902 2984 2357 3054 quiCbristianos
2374 2985 2783 3052 suseipiuntet,
2818 2992 2878 3037 ut
2899 2985 3121 3045 lateant,
3156 2996 3475 3054 procurant.

1907 3077 2059 3131 lianc
2117 3078 2450 3131 sententiam
2492 3087 2782 3145 postquam
2824 3077 3037 3131 audivit
3073 3078 3293 3141 Basilla,
3354 3094 3479 3149 qua

1909 3183 2040 3222 vere
2085 3168 2236 3237 regia
2266 3177 2387 3221 erat
2424 3169 2607 3236 lingua
2665 3178 2721 3221 et
2752 3167 2962 3231 animo,
3007 3168 3223 3223 acriore
3258 3184 3480 3237 quoque

1910 3259 2050 3325 ipsa,
2091 3274 2255 3327 quam
2288 3259 2404 3321 ille,
2434 3273 2568 3312 voce
2600 3259 2679 3312 sic
2730 3269 2816 3312 est
2850 3258 3055 3323 locuta,
3108 3267 3166 3313 et
3200 3274 3355 3314 suam
3387 3268 3477 3313 tu-

1908 3348 1972 3401 lit
2002 3347 2351 3409 sententiam,
2379 3348 2511 3416 Regi
2545 3362 2735 3423 regum
2782 3357 2836 3401 et
2881 3348 3121 3402 creatori
3179 3352 3476 3416 desponsa,

1910 3438 2015 3491 viri
2073 3438 2127 3491 in
2189 3454 2352 3505 quem
2407 3438 2557 3491 cadit
2615 3439 2900 3503 interitus,
2931 3454 3044 3493 non
3086 3439 3318 3495 admitto
3350 3457 3481 3505 con-

1909 3530 2275 3599 junctionem,
2361 3530 2576 3582 etiamsi
2648 3530 2755 3584 bnc
2822 3530 3076 3583 videatur
3133 3531 3475 3599 imperatori.

1915 3619 2186 3672 Terribile
2242 3622 2390 3671 enim
2440 3632 2523 3672 est
2560 3635 2773 3683 revera,
2836 3620 3109 3683 terribile,
3148 3622 3396 3677 incidere
3420 3624 3477 3677 in

1914 3727 2110 3766 manus
2142 3713 2256 3764 veri
2294 3712 2457 3779 Regis
2486 3723 2540 3765 et
2572 3712 2665 3764 Dei
2694 3712 2933 3766 viventis
2968 3714 3031 3767 “.
3069 3712 3244 3767 Simul
3292 3724 3478 3769 autem

1914 3814 1970 3857 et
2029 3804 2133 3856 hoc
2196 3804 2527 3857 vocabulum
2587 3803 2682 3855 Dei
2747 3803 2935 3873 lingua
2982 3805 3189 3867 emisit,
3226 3815 3283 3859 et
3316 3817 3482 3874 caput

1915 3897 2098 3949 statim
2159 3896 2265 3948 fuit
2312 3897 2364 3948 ei
2413 3907 2779 3964 amputatum.
2829 3898 3007 3964 Atque
3060 3898 3209 3952 hunc
3255 3900 3479 3967 quidem

1916 3986 2082 4040 finem
2151 3987 2344 4039 habuit
2423 3986 2641 4039 Basilla.
2719 3986 3281 4054 Comprebeuduntur
3348 4004 3482 4041 vero

1913 4079 2111 4132 Protas
2141 4092 2360 4143 quoque
2389 4087 2443 4129 et
2468 4077 2827 4146 Hyacinthus,
2854 4091 2910 4131 et
2944 4078 3009 4130 ad
3041 4079 3302 4145 templum
3330 4078 3483 4132 Jovis

1915 4166 2293 4226 adducuntur,
2349 4176 2406 4216 ut
2437 4176 2765 4232 cogerentur
2810 4167 3124 4220 sacriﬁcare
3153 4168 3233 4221 illi
3273 4168 3485 4222 abomi-

1916 4256 2148 4309 nationi.
2182 4256 2317 4309 Cum
2376 4266 2556 4308 autem
2606 4258 2887 4311 stetissent
2924 4258 2980 4311 in
3014 4270 3309 4327 conspectu
3345 4262 3480 4329 ejus,

1918 4347 2013 4415 qui
2042 4346 2328 4399 videbatur
2370 4347 2531 4409 deus,
2571 4348 2783 4414 precati
2821 4356 2969 4411 sunt,
3032 4358 3087 4401 et
3128 4349 3313 4402 statim
3354 4360 3482 4403 ante

1918 4438 2088 4507 pedes
2109 4452 2299 4490 eorum
2328 4438 2568 4490 concidit
2597 4439 2978 4503 simulacrum,
3011 4440 3486 4493 etadmirabiliter

243 4524 455 4577 λύεται.
493 4524 646 4576 Ἐπεὶ
672 4524 727 4574 δὲ
747 4524 903 4576 τοῦτο
923 4524 1184 4592 Νικήτιος
1212 4525 1239 4573 ό
1268 4523 1505 4590 ἔπαρχος
1530 4522 1692 4588 ἔγνω,
1722 4524 1815 4573 καὶ
1848 4566 1890 4619 D
1919 4555 1922 4574 4

1802 4526 1815 4572 ἱ
1848 4566 1890 4619 D
1919 4540 1975 4583 et
2006 4544 2201 4597 prmter
2230 4529 2547 4597 opinionem
2580 4530 2995 4592 comminuitur,
3030 4541 3083 4585 et
3116 4532 3170 4584 in
3201 4533 3481 4601 pulverem

249 4614 431 4670 αὐτῶν
458 4615 796 4685 ἐκτμηθῆναι
826 4615 1150 4684 προστάττει
1180 4614 1275 4675 τὰς
1306 4614 1545 4678 κεφαλάς
1568 4629 1584 4643 θ
1638 4612 1813 4677 Εὐγε-

250 4705 371 4758 νίαν
404 4704 460 4757 δὲ
489 4704 838 4775 παραστῆναι
868 4702 1009 4755 κατὰ
1040 4702 1099 4754 τὸ
1128 4700 1408 4772 βασιλικὸν
1457 4703 1809 4771 πρόσταγμα.

323 4888 447 4945 ΔΓ.
491 4888 647 4941 Ἐπεὶ
669 4888 727 4940 δὶ
760 4886 1034 4957 παρέστη,
1069 4888 1257 4952 Πόθεν,
1302 4887 1467 4956 φησὶν
1495 4888 1521 4939 ό
1554 4887 1812 4955 ἔπαρχος,

251 4983 398 5036 οὕτω
442 4982 540 5051 τὴν
571 4981 837 5050 μεγίστην
867 4980 1059 5047 τέχνην
1098 4981 1175 5039 εὶς
1209 4980 1378 5047 ἄκρον
1428 4978 1811 5048 ὲξεπονήθητε,

254 5076 399 5127 ὥστε
431 5075 523 5126 καὶ
556 5071 740 5124 αὐτῶν
771 5071 1032 5123 δύνασθαι
1082 5071 1380 5140 κατάρχειν
1407 5072 1514 5123 τῶν
1546 5072 1817 5137 μεγίστων

256 5166 397 5219 θεῶν
419 5183 433 5231 ;
459 5164 630 5217 Τοῦτο
656 5162 831 5230 λέγων
853 5161 1113 5214 ἐλάνθανε
1148 5163 1258 5224 τοῖς
1286 5163 1413 5231 περὶ
1464 5163 1691 5231 Πρωτᾶν
1724 5163 1820 5215 καὶ

270 5254 558 5309 Ὑάκινθον
574 5252 873 5323 περιφανὲς
897 5254 1108 5303 πλέκων
1128 5252 1418 5320 ἐγκώμιον,
1443 5254 1523 5304 ὅτι
1546 5256 1819 5323 προσευχῇ

262 5352 403 5421 μόνῃ
449 5347 541 5399 τὸν
608 5348 737 5416 παρ’
767 5346 950 5407 αὐτοῖς
989 5346 1245 5413 μέγιστον
1272 5345 1378 5395 τῶν
1406 5344 1542 5395 θεῶν
1566 5348 1643 5404 εἰς
1694 5346 1820 5413 χοῦν

261 5438 596 5506 κατήραξαν,
652 5435 747 5487 καὶ
799 5436 948 5487 κόνιν
994 5434 1334 5501 παραχρῆμα
1369 5432 1570 5501 λεπτὴν
1600 5431 1823 5495 ἔδειξαν.

273 5529 493 5599 ’Λμέλει
553 5529 647 5581 καὶ
677 5523 716 5597 ἦ
741 5526 1094 5587 θεόπνευστος
1129 5524 1382 5590 ΔΕὑγενία
1439 5524 1576 5591 μετὰ
1628 5524 1827 5592 πολλῆς

263 5622 547 5689 ἀπήντηκε
575 5619 670 5687 τῆς
712 5617 1004 5680 συνέσεως,
1036 5616 1206 5667 Τοῦτο
1236 5614 1361 5683 μὲν,
1414 5614 1661 5677 εἰποῦσα,
1696 5632 1827 5665 παν-

264 5712 461 5783 ἀληθες
494 5712 710 5780 εἴρηταί
743 5727 848 5775 σοι,
881 5704 924 5764 ὧ
951 5711 1175 5780 ἔπαρχε,
1207 5708 1267 5759 τὺ
1302 5709 1442 5778 ἡμᾶς
1466 5707 1660 5779 ῥᾳδίως
1702 5724 1826 5759 κατ-

341 5832 378 5860 ¹¹
404 5828 569 5885 Hebr.
605 5844 656 5893 κ,
686 5829 775 5883 51.

1921 4621 2274 4687 cineremque
2304 4619 2593 4689 redigitur.
2618 4622 2911 4689 POstquam
2941 4632 3127 4677 autem
3153 4624 3259 4678 hoc
3285 4640 3486 4693 cogno-

1920 4711 2000 4764 vit
2030 4711 2322 4780 przelectus
2350 4711 2619 4775 Nicetius,
2649 4713 2805 4782 jubet
2834 4729 3027 4767 eorum
3053 4730 3275 4784 quoque
3306 4718 3486 4784 capita

1920 4802 2212 4870 amputari,
2271 4803 2571 4871 Eugeniam
2604 4819 2733 4857 vero
2763 4804 2884 4857 sisti
2916 4806 3064 4862 iussu
3115 4807 3484 4873 imperatoris.

1992 4892 2232 4947 XXXIII.
2252 4894 2543 4959 Postquam
2574 4903 2755 4948 autem
2773 4894 2966 4956 adfuit,
2988 4896 3290 4959 Undenam,
3310 4896 3486 4963 inquit

1918 4984 2227 5054 praefectus,
2248 4994 2420 5037 artem
2442 4984 2705 5051 magicam
2734 4993 2840 5037 tam
2860 4994 3117 5039 accurate
3137 4986 3485 5053 perfectoque

1922 5074 2220 5139 didicistis,
2258 5082 2318 5127 ut
2384 5076 2610 5143 possitis
2640 5076 2746 5129 diis
2792 5065 3181 5144 quoque'ipsis
3214 5076 3487 5143 imperare

1923 5163 2211 5218 maximis?
2249 5165 2361 5219 Hoc
2401 5180 2525 5219 cum
2574 5166 2804 5229 diceret,
2857 5166 3178 5233 imprudens
3214 5166 3391 5219 Protae
3434 5176 3488 5219 et

1925 5252 2232 5323 Hyacintbo
2259 5255 2485 5309 evidens
2511 5257 2838 5310 contexebat
2869 5258 3179 5311 encmnium
3228 5257 3487 5324 quoniam

1925 5347 2039 5399 sola
2092 5348 2341 5400 oratione
2377 5349 2671 5401 maximum
2703 5350 2799 5417 qui
2856 5359 2984 5403 sunt
3032 5349 3177 5416 apud
3201 5363 3321 5413 eos,
3350 5349 3485 5401 deo—

1925 5453 2045 5489 rum
2082 5448 2307 5505 repente
2336 5438 2759 5508 confregissent,
2798 5449 2850 5493 et
2885 5440 2940 5493 in
2968 5440 3206 5493 cinerem
3252 5453 3318 5493 ac
3370 5437 3491 5505 pul-

1924 5544 2109 5583 verem
2170 5530 2653 5584 comminuissent.
2706 5530 2982 5585 Divinitus
3028 5544 3159 5583 vero
3226 5529 3489 5596 inSpirata

1924 5617 2188 5685 Eugenia,
2250 5632 2370 5670 cum
2436 5621 2606 5671 multa
2661 5620 2941 5688 respondit
3006 5619 3318 5688 prudentia,
3379 5616 3490 5669 lloc

1927 5709 2175 5777 quidem,
2230 5707 2439 5773 dicens,
2507 5709 2664 5779 longe
2725 5710 3068 5763 verissimum
3102 5723 3129 5761 a
3170 5718 3220 5759 te
3277 5705 3490 5759 dictum
