4252 6440
794 432 904 496 64Ἱ

2022 415 2308 478 MENSIS
2345 413 2776 475 DECEMBER.

3933 409 4038 473 648

791 549 901 604 est,
951 553 986 593 ο
1017 535 1294 608 ρι-αιίεοιε,
1349 549 1456 590 nos
1498 535 1700 589 vestris
1752 533 1861 587 diis
1885 533 2178 600 imperare.
2224 526 2361 582 Illud
2393 531 2470 585 Al

2360 569 2361 577 χ
2393 531 2439 585 Δ
2467 527 2658 597 άρχειν
2683 526 2795 578 τῶν
2825 522 3109 596 ὑμετέρων
3147 522 3287 578 θεῶν
3309 539 3324 556 ο
3365 526 3545 579 ικεῖνο
3575 522 3632 577 δέ
3664 540 3745 577 σοι
3775 523 3873 576 καὶ
3905 539 4039 574 παν-

793 639 980 685 autem
1036 637 1123 682 est
1185 626 1347 694 plane
1387 624 1716 689 absurdum,
1771 632 1830 678 et
1886 621 1955 676 ad
2021 619 2365 690 arguendum

794 718 1139 777 facillimum,
1168 715 1317 785 quod
1338 716 1583 770 aseribas
1614 716 1798 768 omnia
1836 714 1943 768 arti
1980 712 2223 781 magicae,
2258 725 2365 763 non

796 818 981 863 autem
1029 807 1196 862 alicui
1257 807 1458 860 divina'
1513 813 1570 859 et
1622 803 2037 873 inexpugnabili
2107 802 2368 870 potentiae

797 901 944 970 ejus,
993 899 1088 968 qui
1118 912 1246 951 vere
1283 905 1369 952 est
1402 897 1555 951 solus
1601 896 1745 964 apud
1776 910 1878 950 nos
1905 896 2071 949 Deus.
2124 894 2179 949 Si
2215 907 2284 946 en
2315 906 2366 943 m

799 991 944 1060 magi
986 988 1232 1057 quidem,
1271 997 1332 1041 ut
1359 1002 1457 1041 vos
1499 986 1711 1052 dicitis,
1765 986 2084 1041 immundos
2103 983 2367 1055 quosdam

798 1093 857 1137 et
915 1082 1231 1136 materiales
1284 1085 1545 1136 invocant
1599 1080 1899 1145 daemones,
1930 1081 2026 1137 istt
2089 1093 2224 1133 vero
2271 1091 2369 1130 eos

800 1173 898 1243 qui
959 1181 1090 1226 sunt
1119 1173 1264 1240 apud
1324 1185 1445 1233 vos,
1497 1170 1648 1237 ,deos
1700 1179 1987 1240 superant,
2043 1168 2130 1223 vel
2187 1168 2372 1238 potius

803 1265 1041 1333 primum
1087 1280 1154 1318 ex
1200 1263 1538 1327 ccelestibus,
1572 1277 1682 1317 non
1725 1262 1911 1317 omnia
1945 1275 2141 1316 rursus
2186 1261 2370 1316 inver-

805 1355 954 1420 tetis,
1017 1363 1074 1410 et
1134 1369 1257 1424 qua:
1318 1362 1448 1408 sunt
1513 1368 1773 1424 superna,
1847 1352 2060 1408 inferna
2137 1351 2370 1417 facietis,

804 1451 1110 1520 majoribus
1140 1449 1250 1503 diis
1297 1448 1617 1503 inferiorem
1650 1459 1858 1505 sortem
1888 1450 2288 1504 attribuentes:
2319 1457 2375 1503 et

807 1562 908 1602 nec
933 1545 1069 1610 deos
1121 1544 1372 1616 quidem,
1401 1546 1497 1599 sed
1531 1560 1629 1600 eos
1681 1559 1872 1599 servos
1902 1543 2137 1607 facietis,
2166 1551 2221 1596 et
2257 1555 2375 1596 ser-

807 1652 904 1692 vos
958 1637 1294 1701 daemonum,
1345 1636 1624 1690 daemones
1656 1649 1841 1689 autem
1881 1635 2034 1699 deos,
2067 1643 2124 1688 et
2167 1647 2376 1703 primos

806 1731 1064 1785 deorum.
1137 1727 1293 1794 Quod
1341 1727 1566 1797 quidem
1617 1728 1784 1781 etiam
1819 1726 1926 1780 alio
1955 1739 2175 1795 quoque
2211 1723 2376 1778 modo

807 1835 1000 1876 verum
1025 1827 1131 1886 εει,
1160 1834 1286 1872 cum
1326 1833 1424 1872 VOS
1449 1834 1546 1873 €08
1572 1826 1833 1886 tanquam
1875 1832 2034 1872 νει-οε
2071 1816 2205 1871 deos
2239 1831 2374 1869 con-

2465 617 2636 678 τελῶς
2667 619 2870 671 ἄτοπον
2900 617 2997 670 καὶ
3022 616 3366 684 εὐέλεγκτον,
3391 617 3455 669 τὸ
3487 616 3696 685 μαγικῇ
3719 613 3885 682 τέχνῃ
3916 613 4037 664 επι-

2469 709 2722 775 γράφειν,
2755 707 2896 760 ἀλλά
2927 707 3004 778 μὴ
3038 707 3162 776 θείᾳ
3191 709 3300 761 τινὶ
3329 707 3426 760 καὶ
3453 707 3655 777 ἀμάχῳ
3695 706 3924 774 δυνάμει
3945 701 4038 756 τοῦ

2468 796 2602 864 παρ’
2629 798 2763 866 ἡμῖν
2784 797 2956 860 ὅντως
3005 796 3170 865 μόνου
3193 796 3353 852 Θεοῦ.
3403 798 3467 850 El
3489 797 3600 866 γὰρ
3627 796 3792 866 μάγοι
3817 795 3940 864 μὲν,
3966 792 4041 853 ὥς

2469 887 2631 958 ὑμεῖς
2659 887 2820 956 φατὲ,
2849 890 3197 961 ἀκαθάρτους
3216 889 3280 958 δή
3303 907 3456 955 τινας
3480 889 3578 944 καὶ
3603 889 3824 951 ίνύλους
3848 888 4043 940 ἐπικα-

2468 979 2688 1035 λοῦνται
2725 983 3008 1053 δυνάμεις,
3056 977 3204 1037 οὗτοι
3251 983 3308 1036 δι
3335 984 3446 1038 τῶν
3476 983 3612 1054 παρ’
3644 983 3775 1051 ὑμῖν
3809 983 4042 1050 ἐπικρα-

2469 1072 2621 1126 τοῦσι
2667 1072 2826 1138 θεῶν,
2885 1074 3091 1141 μᾶλλον
3134 1076 3192 1128 δὲ
3237 1074 3332 1128 τοῦ
3364 1074 3587 1144 πρώτου
3615 1074 3727 1127 τῶν
3753 1072 4042 1144 οὐρανίων.

2469 1163 2654 1216 οὐκέτ’
2682 1162 2750 1216 ἀν
2777 1163 3034 1232 φθάνοιτε
3089 1165 3270 1218 πάντα
3309 1164 3547 1234 μάλιστα
3596 1162 3925 1234 στριφοντες
3952 1164 4045 1214 καὶ

2470 1255 2540 1308 τά
2573 1256 2687 1309 ἀνω
2718 1255 2871 1309 κάτω
2895 1254 3198 1322 ποιοῦντες,
3225 1258 3342 1318 τοῖς
3372 1255 3472 1325 μιν
3498 1253 3711 1323 μείζοσι
3753 1255 3898 1314 θεοῖς
3945 1253 4047 1324 τὴν

2474 1344 2628 1398 κάτω
2682 1348 2881 1415 μοῖραν
2908 1343 3372 1416 ἀποκληροῦντες·
3426 1345 3522 1399 καὶ
3551 1344 3671 1398 οὐδὲ
3703 1344 3884 1410 θεοὺς,
3910 1343 4045 1395 ἀλλά

2471 1434 2692 1496 δούλους
2721 1436 2921 1500 αὐτοὺς
2946 1436 3228 1492 ποιοῦντες
3250 1438 3347 1489 καὶ
3365 1435 3586 1499 δούλους
3611 1434 3902 1504 δαιμόνων,
3921 1429 4050 1495 τοὺς

2473 1526 2732 1593 δαίμονας
2760 1525 2818 1578 δὲ
2847 1526 3003 1590 θεοὺς
3028 1528 3122 1580 καὶ
3148 1526 3398 1597 πρώτους
3429 1526 3588 1590 θεῶν,
3619 1526 3649 1579 δ
3687 1527 3750 1594 δὴ
3795 1525 3891 1578 καὶ
3925 1523 4045 1578 καθ’

2475 1619 2664 1689 ῑτερον
2697 1618 2951 1688 ἀληθεύει
2976 1621 3179 1688 τρόπον
3201 1636 3220 1652 ο
3248 1619 3467 1681 τούτους
3494 1620 3603 1689 γάρ
3628 1619 3788 1687 ύμεῐς
3808 1618 3887 1681 ὡς
3916 1619 4046 1686 diq-

2477 1708 2590 1765 θεῖς
2622 1709 2778 1772 θεοὺς
2806 1712 3249 1780 προστησάμενοι
3296 1711 3390 1764 καὶ
3433 1710 3674 1780 ἀγαθούς
3725 1706 3865 1763 εἶναι
3895 1709 4050 1778 νομί-

2479 1799 2662 1862 ζοντες
2681 1801 3017 1870 διαπορεῖτε,
3040 1803 3094 1854 τί
3119 1804 3182 1871 δή
3206 1819 3336 1856 ποτε
3365 1803 3474 1856 τῶν
3503 1803 3752 1873 πονηρῶν
3779 1802 4049 1872 ἡττῶνται

818 1859 1000 1876 ..,......
1026 1859 1131 1886 --.,
1162 1859 1286 1872 η...
1335 1859 1424 1872 ..η
1449 1859 1546 1873 ιν,
1572 1859 1833 1886 .-.ην-η.
1884 1859 2034 1872 ην...
2071 1859 2205 1871 ..νη
2240 1859 2343 1869 νυ..

809 1914 1128 1978 stitueritis,
1167 1921 1224 1967 et
1256 1912 1433 1966 bonos
1458 1927 1581 1966 esse
1631 1913 1861 1981 putetis,
1892 1910 2161 1965 dubitetis
2191 1919 2374 1963 autem
2409 1859 2449 1916 Β
2478 1892 2488 1942 δ

2368 1928 2374 1962 ι
2409 1859 2449 1916 Β
2478 1859 2770 1962 δαιμόνων,
2804 1859 2906 1946 ούκ
2939 1859 3141 1957 εἰδότες
3170 1859 3254 1947 δτι
3284 1894 3440 1948 αὐτοὶ
3492 1895 3591 1964 μὲν
3625 1859 3842 1962 ἀληθῶς
3870 1897 3920 1948 oi
3949 1911 4047 1946 κα-

810 2019 1049 2073 quanam
1100 2002 1169 2057 de
1198 2017 1362 2058 causa
1415 2017 1444 2056 a
1479 2002 1637 2057 malis
1667 2003 1960 2055 vincantur
1999 2001 2366 2063 daemonibus,

811 2087 1124 2142 nescientes
1176 2085 1328 2154 ipsos
1368 2100 1490 2140 esse
1530 2085 1756 2154 quidem
1791 2086 1963 2138 malos
1990 2093 2047 2138 et
2100 2083 2378 2137 maleﬁcos

813 2177 1110 2240 daemones,
1162 2190 1331 2230 unum
1380 2189 1513 2229 vero
1576 2190 1698 2229 esse
1760 2175 1930 2229 Deum
1969 2173 2026 2227 in
2080 2175 2377 2228 omnibus:

812 2269 968 2337 cujus
1005 2280 1203 2320 nomen
1254 2279 1431 2318 somni
1466 2265 1558 2318 isti
1589 2280 1700 2317 non
1754 2263 2019 2327 ferentes,
2050 2263 2194 2317 sicut
2226 2278 2376 2327 cera,

814 2370 875 2414 ut
904 2361 981 2413 ait
1007 2358 1230 2414 divinus
1271 2355 1442 2414 David
1474 2357 1542 2422 ¹²,
1571 2371 1604 2410 a
1628 2355 1767 2411 facie
1804 2355 1967 2425 ignis,
1999 2354 2290 2425 liqueﬁunt
2323 2365 2381 2410 et

815 2460 1071 2519 pereunt.

888 2539 1129 2596 XXXIV.
1181 2541 1310 2597 Hae
1363 2542 1595 2597 audiens
1660 2542 1934 2608 Nicetius,
1989 2542 2110 2610 ejus
2158 2541 2383 2610 quidem

817 2649 1076 2705 magnum
1105 2641 1163 2687 et
1210 2634 1489 2688 excelsum
1540 2633 1916 2687 admirabatur
1955 2633 2224 2686 animum.
2275 2631 2384 2686 Sed

819 2745 944 2784 cum
977 2737 1126 2784 esset
1161 2738 1309 2783 totus
1349 2728 1573 2783 deditus
1600 2728 1830 2782 insania:
1857 2729 2302 2791 simulacrorum,
2331 2738 2388 2782 et

821 2823 962 2876 nihil
987 2822 1136 2876 aliud
1168 2829 1467 2890 spectaret,
1492 2835 1657 2888 quam
1693 2829 1753 2873 ut
1809 2821 1893 2874 eis
1923 2820 2187 2888 placeret,
2227 2821 2388 2891 jubet

819 2929 939 2967 eam
976 2914 1104 2968 (luci
1151 2912 1206 2966 in
1251 2911 1514 2980 templum
1546 2910 1754 2972 Diana,
1804 2909 1961 2977 sequi
1989 2919 2171 2964 autem
2205 2911 2392 2978 spicuo

821 3005 1047 3060 latorem
1071 3006 1123 3058 ei
1180 3018 1372 3058 ensem
1405 3003 1807 3056 intentantem:
1844 3009 1900 3056 et
1929 3003 2130 3071 partim
2164 3002 2389 3071 quidem

821 3096 1230 3156 admonentem,
1265 3093 1464 3162 partim
1494 3100 1677 3145 autem
1706 3091 2080 3157 minitantem,
2109 3093 2256 3160 quod
2284 3093 2389 3146 nisi

2481 1985 2692 2037 κοποιοί
2743 2002 2803 2038 τε
2852 1987 2947 2038 καὶ
2997 1988 3224 2055 πονηροὶ
3273 1985 3551 2056 δαίμονες,
3585 1979 3668 2048 εἷς
3708 1984 3762 2037 δὲ
3795 1986 3885 2037 ἐπὶ
3917 1985 4049 2036 πᾶσι

2479 2078 2634 2140 Θεὸς.
2664 2071 2725 2132 οὗ
2756 2079 2854 2131 καὶ
2883 2079 3054 2149 ὄνομα
3091 2080 3250 2147 μόνον
3279 2073 3427 2132 οὗτοι
3460 2080 3537 2148 μὴ
3557 2081 3813 2147 φιροντες
3841 2078 3920 2141 ὡς
3953 2093 4052 2142 κη·

2483 2169 2596 2239 ρὸς,
2696 2187 2864 2238 φησιν
2891 2172 2920 2223 ό
2967 2171 3111 2233 θεῖος
3164 2169 3347 2237 Δαυτδ,
3394 2170 3504 2224 ἀπδ
3545 2169 3838 2241 προσώπω
3879 2170 4052 2242 πυρὸς

2480 2261 2738 2330 τήκονταί
2762 2278 2822 2313 τε
2851 2261 2945 2314 καὶ
2971 2260 3322 2318 ἀπόλλυνται.

2558 2543 2679 2598 ΔΔ’.
2705 2542 2890 2596 Ταῦτα
2925 2541 3137 2596 ἀκούων
3183 2540 3444 2612 Νικήτιος
3485 2538 3730 2605 ἐξίστατο
3762 2541 3861 2611 μὶν
3889 2540 4062 2612 αὐτὴν

2485 2636 2582 2705 τῆς
2616 2633 2988 2704 μεγαλονοίας,
3044 2633 3163 2692 ὅλος
3191 2631 3249 2683 δὲ
3301 2631 3403 2698 τῆς
3442 2631 3552 2684 τῶν
3594 2630 3828 2682 είδὼλων
3865 2632 4062 2698 μανίας

2486 2729 2780 2798 γενόμενος
2818 2727 2913 2779 καὶ
2965 2724 3116 2778 οὐδὲν
3165 2723 3412 2794 ἕτερονῆ
3454 2724 3516 2776 τὸ
3538 2725 3768 2787 ἐκείνοις
3802 2722 4064 2793 ἀρέσκειν

2487 2819 2820 2885 διασκοπῶν,
2873 2819 2956 2879 είς
3005 2815 3098 2869 τὸν
3154 2814 3282 2867 ναδν
3351 2816 3521 2881 αὐτὴν
3580 2815 3679 2882 τῆς
3747 2813 4064 2885 ’Δρτέμιδος

2489 2913 2803 2983 ἀπαχθῆναι
2834 2911 3066 2972 κελεύει,
3105 2909 3400 2976 ἐφέπεσθαι
3421 2907 3478 2960 δὲ
3510 2907 3604 2960 καὶ
3631 2908 3724 2959 τὸν
3752 2909 4067 2961 σπεκουλά-

2490 3021 2641 3072 τωρα
2668 3003 2728 3056 τὸ
2758 3003 2912 3070 ξίφος
2934 3001 3070 3070 αὐτῇ
3106 3001 3433 3062 επισείοντα,
3485 2999 3579 3051 καὶ
3605 2998 3762 3052 τοῦτο
3793 3001 3894 3068 μὲν
3921 3015 4070 3069 παρ·

2493 3094 2768 3159 αινοῦντα,
2803 3093 2960 3145 τοῦτο
2985 3093 3042 3144 δὶ
3074 3091 3168 3143 καὶ
3189 3089 3634 3158 δισπειλούμενον
3655 3090 3736 3141 ὅτι
3799 3089 3874 3160 μὴ
3904 3089 4067 3142 θύου-

821 3186 1114 3248 sacriﬁcet,
1159 3200 1228 3238 eo
1261 3199 1424 3253 quem
1465 3183 1633 3238 habet
1670 3183 1728 3236 in
1780 3199 1969 3247 manu,
2034 3184 2388 3252 transadiget,
2413 3179 2462 3247 C
2494 3209 2500 3237 4

2413 3179 2462 3247 C
2494 3205 2595 3241 σαν
2615 3189 2676 3240 τὸ
2707 3190 2765 3239 ἐν
2791 3187 2934 3257 χειρὶ
2966 3180 3367 3254 μετελεύσεται,
3393 3182 3676 3235 δεικνύντα
3703 3181 3762 3232 τὸ
3788 3183 3961 3251 ξίφος.
4004 3183 4069 3234 Ἥ

822 3275 1168 3331 ostendendo
1223 3289 1436 3327 ensem.
1489 3272 1582 3325 Illa
1634 3288 1766 3326 vero
1823 3281 2115 3342 postquam
2155 3276 2390 3328 venitin

823 3368 1113 3436 templum,
1146 3375 1298 3420 stans
1324 3380 1393 3418 ex
1455 3365 1689 3418 adverso
1724 3367 1982 3435 imaginis
2013 3368 2200 3436 specie
2228 3382 2394 3420 oran-

824 3457 920 3519 tis,
977 3465 1197 3524 precata
1252 3464 1339 3509 cst
1389 3454 1679 3508 interitum
1745 3456 2204 3521 simulacrorum,
2251 3457 2395 3511 Deus

822 3558 1047 3611 aeterne,
1098 3547 1314 3610 dicens,
1366 3544 1464 3614 qui
1517 3561 1605 3599 me
1634 3554 1725 3598 tua
1769 3548 2052 3602 voluntate
2079 3556 2136 3602 et
2166 3549 2317 3602 nasci
2339 3559 2395 3604 et

822 3640 1045 3694 educari
1098 3648 1156 3692 et
1201 3639 1472 3706 virginem
1529 3639 1584 3692 in
1641 3638 1969 3692 hodiernum
2019 3655 2194 3709 usque
2247 3642 2392 3695 diem

823 3730 1139 3785 conservari
1167 3729 1428 3798 dignatus
1456 3745 1538 3793 es,
1574 3739 1630 3782 et
1664 3739 1720 3782 ut
1749 3729 1996 3784 eﬂicerer
2035 3747 2232 3800 sponsa
2262 3732 2394 3786 Uuis

823 3821 1015 3891 geniti,
1045 3827 1185 3872 etut
1211 3820 1269 3872 in
1295 3835 1383 3873 mc
1406 3819 1626 3872 adesset
1653 3820 2038 3874 sanctissimus
2055 3819 2317 3890 Spiritus,
2341 3831 2396 3875 et

825 3913 876 3965 it.-
895 3926 979 3963 me
995 3917 1268 3978 regnaret,
1289 3909 1545 3972 eﬂ'ecisti,
1569 3909 1685 3976 ipse
1702 3923 1847 3963 nunc
1864 3926 2084 3978 quoque
2099 3912 2233 3964 mibi
2248 3912 2398 3967 adsis

827 4006 884 4058 in
908 4003 1009 4057 hac
1031 4003 1111 4056 tui
1147 4001 1516 4064 confessione,
1543 4001 1788 4055 eﬂiciens
1823 4003 2172 4056 admirabilia
2202 4013 2258 4058 et
2278 4020 2400 4068 quae

828 4096 940 4147 sint
957 4101 1152 4147 contra
1168 4091 1512 4160 opinionem,
1540 4102 1599 4145 ut
1619 4091 1714 4160 qui
1746 4102 1797 4146 te
1820 4093 2009 4146 colunt
2027 4094 2269 4162 quidem,
2291 4097 2401 4151 sint

828 4187 884 4240 iu
898 4185 1088 4256 gloria,
1105 4184 1402 4252 ignominia
1414 4194 1595 4236 autem
1607 4194 1665 4237 et
1680 4183 1950 4238 dedecore
1966 4184 2196 4239 alliciant
2207 4203 2292 4250 ur,
2305 4189 2399 4256 qui

829 4279 968 4328 banc
988 4284 1194 4329 mutam
1219 4282 1277 4329 et
1307 4275 1527 4328 surdam
1555 4275 1790 4328 adorant
1826 4274 2313 4341 abominationem,
2345 4290 2403 4331 et

826 4367 1136 4437 gloriantur
1158 4365 1211 4419 in
1245 4365 1361 4420 suis
1387 4365 1759 4434 sculptilibus.
1784 4363 1859 4418 Ea
1887 4365 2004 4419 haec
2024 4377 2238 4432 orante,
2261 4368 2401 4424 Deus

829 4460 1055 4529 quidem
1086 4459 1246 4511 valde
1280 4465 1466 4512 movet
1511 4466 1736 4521 terram,
1773 4456 2035 4526 templum
2088 4474 2222 4513 vero
2244 4475 2399 4515 ever-

832 4549 991 4612 titur,
1021 4549 1330 4604 conteritur
1357 4557 1540 4602 autem
1581 4547 1966 4611 simulacrum,
1996 4548 2209 4618 reliqua
2263 4566 2395 4606 vero

829 4641 995 4694 simul
1024 4640 1448 4694 conturbantur.
1497 4637 1757 4706 Stupent,
1787 4637 1884 4706 qui
1941 4637 2173 4704 vident;
2211 4655 2400 4710 perva-

830 4734 915 4789 dit
969 4732 1135 4787 etiam
1205 4731 1271 4784 ad
1320 4746 1418 4784 eos
1460 4731 1555 4799 qui
1587 4728 1782 4799 procul
1817 4739 1997 4793 erant,
2025 4732 2394 4799 miraculum;

832 4824 975 4876 alius
1050 4831 1234 4875 autem
1309 4820 1571 4874 aliunde-
1622 4818 1987 4884 conﬂuentes,
2082 4822 2400 4893 quicunque

830 4927 992 4972 orant
1038 4917 1263 4985 quidem
1321 4931 1464 4970 sane
1495 4916 1717 4979 mentis,
1752 4914 1805 4969 id
1839 4916 1986 4984 quod
2020 4916 2227 4972 factum
2256 4929 2398 4986 erat,

833 5011 1108 5065 ducebant
1180 5009 1534 5072 miraculum,
1585 5015 1641 5061 et
1683 5007 1952 5076 putabant
2005 5024 2146 5078 opus
2201 5011 2401 5067 divina:

833 5102 1092 5171 potentia:
1114 5113 1128 5154 :
1151 5100 1574 5170 quibuscuuque
1592 5113 1726 5155 vero
1750 5103 2048 5170 praeterid,
2073 5104 2218 5173 quod
2242 5113 2404 5158 erant

832 5204 981 5248 recta
1027 5193 1225 5263 privati
1274 5193 1558 5263 opinione,
1591 5194 1781 5248 deerat
1830 5196 1999 5250 etiam
2042 5197 2332 5266 sapientia,
2364 5200 2401 5253 li

835 5285 1022 5340 multis
1048 5285 1399 5340 contumeliis
1415 5283 1713 5341 allicientes
1734 5285 2054 5360 Eugenlam,
2077 5302 2198 5344 eam
2229 5291 2393 5344 etiam

835 5377 1103 5429 vocabant
1123 5390 1356 5445 magam.

907 5465 1121 5522 XXXV.
1153 5467 1276 5520 Haec
1312 5466 1651 5523 auditetiam
1699 5469 2020 5538 imperator,
2076 5479 2133 5525 et
2173 5488 2400 5533 suorum

833 5559 1067 5612 deorum
1090 5559 1501 5626 quodammodo
1543 5561 1690 5614 ultor
1721 5561 1842 5615 ﬁeri
1891 5577 2215 5633 properans.
2245 5566 2403 5635 jubet

2492 3281 2573 3342 δὲ,
2605 3280 2790 3348 ἐπειδὴ
2816 3276 2951 3350 ἦκεν
2981 3279 3062 3338 είς
3097 3276 3188 3326 τὸν
3215 3274 3359 3338 ναὸν,
3381 3276 3555 3327 στᾶσα
3583 3274 3721 3326 κατὰ
3772 3276 4074 3344 πρόσωπον

2492 3372 2588 3425 τοῦ
2622 3370 2934 3439 ἀγάλματος
2964 3370 3022 3420 ἐν
3055 3367 3294 3436 σχήματι
3318 3351 3624 3435 προσευχῆς
3651 3365 3749 3434 τῆς
3777 3365 3888 3416 τῶν
3915 3363 4074 3416 εἰδώ-

2494 3464 2602 3516 λων
2633 3462 2941 3530 κατηύχετο
2963 3458 3263 3520 ἀπωλείας,
3301 3457 3360 3508 ’0
3392 3457 3545 3519 Θεὸς,
3576 3457 3835 3523 λέγουσα,
3875 3458 3903 3508 ό
3939 3456 4076 3509 αἰῶ.

2495 3573 2606 3618 νιος
2636 3557 2664 3608 ὀ
2696 3553 2774 3623 τῷ
2810 3553 2887 3622 σῷ
2921 3552 3021 3622 μὲν
3053 3550 3352 3621 βουλήματι
3375 3549 3612 3614 ἀξιώσας
3650 3549 3744 3600 καὶ
3776 3547 3950 3617 φῦναι
3979 3549 4074 3599 καὶ

2494 3647 2766 3714 τραφῆναι
2796 3640 3192 3711 καὶιπαρθένον
3225 3641 3353 3707 ἄχρι
3399 3639 3496 3691 καὶ
3530 3638 3624 3691 νῦν
3647 3638 4072 3707 διατηρηθῆναι,

2495 3736 2713 3805 νύμφην
2737 3749 2798 3785 τε
2839 3732 2932 3784 τοῦ
2992 3731 3309 3799 μονογενοῦς
3354 3748 3447 3784 σου
3477 3731 3754 3802 δειχθῆναι
3787 3731 3944 3796 Υίοῦ,
3981 3734 4076 3786 καὶ

2499 3825 2870 3896 συμπαρεῖναι
2897 3840 2986 3894 μοι
3021 3821 3080 3875 τὸ
3107 3822 3262 3890 ἅγιον
3297 3821 3519 3891 Πνεῦμα
3540 3824 3632 3876 καὶ
3664 3825 3723 3876 ιν
3763 3825 3889 3892 ἐμοὶ
3920 3825 4077 3894 ﬁas:-

2495 3922 2689 3991 λεῦσαι
2719 3918 3147 3990 παρασκευάσας
3177 3917 3336 3979 αὐτὸς
3369 3917 3622 3986 παρέστω
3654 3934 3743 3985 μοι
3769 3918 3864 3969 καὶ
3888 3919 3986 3968 νῦν
4019 3920 4077 3970 ἐν

2498 4018 2571 4083 τῇ
2604 4012 2745 4080 ὑπὲρ
2797 4011 2890 4063 σοῦ
2929 4009 3100 4083 ταύτῃ
3152 4009 3412 4080 ὁμολογίᾳ
3483 4007 3759 4076 παράδοξα
3805 4008 4075 4072 ἐκτελῶν,

2500 4109 2647 4168 ὅπως
2687 4105 2734 4156 οἱ
2770 4103 2870 4172 μὲν
2918 4099 3199 4170 σεδόμενοί
3236 4115 3295 4153 σε
3345 4098 3695 4164 δοξασθῶσιν,
3732 4098 4079 4167 αίσχυνθῶσι

2499 4199 2556 4251 δὲ
2586 4197 2786 4255 πάντες
2816 4193 2863 4245 oi
2894 4189 2972 4262 τῷ
2997 4191 3179 4260 ἀλάλῳ
3206 4190 3381 4258 τούτῳ
3409 4189 3505 4243 καὶ
3545 4189 3712 4259 κωφῷ
3735 4189 4080 4258 βδελύγματι

2504 4283 2935 4357 προσκυνοῦντες
2965 4281 3060 4334 καὶ
3093 4283 3203 4343 τοῖς
3231 4280 3490 4349 γλυπτοῖς
3511 4279 3689 4330 αὐτῶν
3713 4279 4082 4350 ὲγκαυχὼμε-

2502 4395 2603 4432 νοι.
2633 4375 2818 4428 Ταῦτα
2845 4372 3305 4444 προσευχομένης,
3337 4371 3477 4422 κινεῖ
3501 4369 3598 4440 μὶν
3623 4372 3650 4421 ὁ
3679 4369 3808 4429 Θεὸς
3839 4372 3944 4438 τὴν
3973 4375 4084 4442 γῆν

2508 4468 2767 4541 ἰσχυρῶς,
2803 4463 3237 4534 καταστρέφεται
3263 4463 3320 4518 δὲ
3375 4462 3404 4514 δ
3429 4463 3577 4526 ναὺς,
3621 4460 3977 4531 συντρίϐεται
4027 4463 4085 4515 δὲ

2502 4563 2565 4616 τὸ
2631 4560 2867 4623 εἴδωλον,
2924 4557 2994 4611 τὰ
3041 4554 3203 4610 λοιπά
3265 4553 3322 4606 δὲ
3391 4551 3527 4622 ὁμοῦ
3587 4553 4081 4624 συνταράσσονται.

2513 4651 2823 4716 Ἐξίσταντο
2845 4649 2893 4700 οι
2923 4647 3177 4718 δρῶντεςο
3208 4642 3398 4713 φθάνει
3423 4642 3481 4696 δὲ
3513 4645 3608 4696 καὶ
3638 4642 3762 4701 τοὺς
3795 4643 3998 4713 πόρρω
4025 4643 4087 4695 τὸ

2503 4744 2711 4812 θαῦμα,
2752 4742 2847 4794 καὶ
2869 4739 3023 4801 ἄλλος
3046 4736 3266 4791 ἄλλοθεν
3300 4736 3626 4805 συρρυέντες
3653 4737 3797 4796 ὅσοις
3832 4737 3937 4804 μιν
3960 4734 4088 4796 νοῦς

2507 4834 2674 4902 ὑγιῶς
2707 4833 2845 4900 ἔχων
2875 4831 2968 4882 καὶ
2997 4827 3211 4896 φρένεις
3231 4822 3372 4896 ἦσαν
3399 4825 3490 4878 διὰ
3521 4823 3792 4892 θαύματος
3825 4825 3886 4876 τὸ
3917 4841 4086 4891 γεγο-

2507 4925 2595 4986 νὸς
2638 4921 2938 4983 ἱποιοῦντο,
2989 4917 3085 4969 καὶ
3133 4913 3282 4975 θείας
3307 4915 3468 4984 ἔργον
3504 4913 3733 4982 ἡγοῦντο
3763 4912 4083 4984 δυνάμεως

2510 5014 2697 5067 ἱσοιδὶ
2759 5013 2897 5083 μετὰ
2931 5012 3027 5066 τοῦ
3066 5014 3223 5083 δόξης
3250 5011 3436 5081 ὑγιοῦς
3488 5011 3814 5081 ἰστερῆσθαι
3860 5013 3960 5064 καὶ
3991 5012 4087 5068 τοῦ

2511 5107 2730 5176 φρονεῖν
2757 5104 3132 5168 ἀπελείποντο,
3155 5095 3300 5156 οὗτοι
3341 5102 3564 5164 πολλαῖς
3597 5101 3786 5170 ῦσρεσι
3823 5103 3927 5173 τὴν
3975 5103 4087 5156 εο-

2512 5197 2698 5265 γενίαν
2731 5194 3010 5267 βάλλοντες
3044 5193 3122 5250 ῑτι
3153 5194 3245 5248 καὶ
3281 5194 3454 5264 μάγον
3486 5194 3731 5250 ἐκάλουν.

2580 5473 2706 5529 ΔΕ’.
2755 5473 2962 5528 ’Δκούει
2999 5471 3174 5526 ταῦτα
3201 5472 3291 5525 καὶ
3322 5471 3574 5543 βασιλεὺς
3604 5472 3696 5525 καὶ
3721 5475 3973 5544 τιμωρὸς
3995 5469 4090 5527 οἷα

2508 5565 2760 5636 γενέσθαι
2787 5565 2895 5621 τῶν
2931 5563 3097 5619 αὑτοῦ
3128 5557 3265 5617 θεῶν
3289 5565 3641 5632 ἐπειγόμενος
3665 5563 3814 5616 λίθον
3854 5567 3962 5634 μὲν
3989 5565 4089 5636 βα-

835 5648 1073 5717 lapidem
1130 5649 1352 5720 quidem
1402 5652 1785 5720 gravissimum
1842 5654 2106 5723 suspendi
2171 5670 2202 5708 a
2261 5657 2403 5711 collo
2511 5698 2514 5727 γ

2511 5657 2740 5728 ρὺτατον
2773 5655 2980 5714 κελεύει
3013 5654 3108 5711 τοῦ
3143 5655 3415 5727 τραχήλου
3444 5655 3646 5726 ταύτης
3684 5655 4085 5726 ἔξαρτηθῆναι,

836 5742 978 5810 ejus,
1019 5742 1188 5810 ipsam
1239 5752 1424 5797 autem
1455 5745 1559 5812 jaci
1595 5746 1649 5800 in
1695 5745 1921 5799 ﬂuvium
1977 5746 2241 5802 Tiberim.
2295 5749 2400 5803 Sed
2513 5803 2515 5818 Α

2513 5752 2731 5820 ῥιφῆναι
2762 5751 2814 5804 δὲ
2856 5749 3025 5819 auiti-5v
3051 5749 3191 5803 κατὰ
3213 5747 3315 5805 τοῦ,
3338 5746 3584 5816 ποταμοῦ
3609 5747 3914 5818 Τιδὲριδος.
3937 5747 4086 5801 Ἀλλ·

909 5857 953 5887 ¹³
985 5857 1130 5911 Psal.
1168 5874 1331 5916 uvn.
1358 5863 1408 5915 5.
