4252 6440
204 427 319 489 δῦἿ
1164 458 1167 463 ν
1302 420 1479 481 VITA
1524 422 1586 480 S.
1628 421 1883 482 THEOD

1736 421 2019 482 EODORI
2058 424 2361 484 GRAPTI.
3314 433 3415 494 658

206 552 300 595 τα.
334 533 429 586 καὶ
459 534 585 594 τοὺς
620 531 855 599 σεμνοὺς
893 529 1151 599 τρόπους,
1192 526 1384 580 ἑαυτὸν
1405 526 1716 597 ⁵ῥυθμίζειν
1748 540 1764 557 ο
1796 535 1838 588 Α
1868 544 1885 579 1

1748 540 1764 557 ο
1796 535 1838 588 Α
1868 527 2210 591 versabatur,
2254 544 2414 595 quam
2463 530 2515 581 in
2551 530 2871 585 venerandis
2930 535 3161 602 templis.
3199 535 3416 590 Nullum

208 624 476 693 καύχημα
505 623 552 676 δ’
582 621 791 675 ικείνου
817 622 911 672 καὶ
931 620 1313 689 σεμνολόγημα
1341 618 1401 670 τδ
1446 616 1762 684 πειθόμενον
1870 635 1887 672 ε

1742 633 1762 668 ν
1870 620 1919 672 ei
1986 619 2285 689 jucundius
2330 621 2721 688 spectaculum,
2780 637 2941 691 quam
2987 633 3045 677 ut
3074 626 3138 679 ad
3169 627 3421 694 pulcher-

204 711 437 779 ἐρᾶσθαι
466 710 703 777 γονεῦσι,
740 711 835 761 καὶ
865 708 1150 761 συνελόντα
1179 708 1344 774 φάναι
1370 748 1385 769 ,
1420 706 1572 773 δῆλος
1597 702 1669 773 ἦν
1701 706 1766 757 ὲκ
1876 725 1883 759 t

1748 722 1766 757 t
1876 708 2039 761 timos
2088 709 2347 777 omnique
2407 709 2689 763 honestate
2734 712 2983 766 conditos
3053 728 3229 768 mores
3292 718 3427 769 con;

210 802 513 871 προοιμίων
542 800 733 870 ὥσπερ
770 799 839 851 τὰ
864 798 1059 866 εὐγενῆ
1096 798 1204 851 τῶν
1233 798 1415 867 φυτῶν
1448 800 1507 849 ὲκ
1540 796 1760 866 πρώτης

205 894 296 944 ἔτι
320 893 415 961 τῆς
444 893 698 961 βλαστῆς,
717 893 899 954 ὁποῖος
920 891 1025 963 ἄρα
1056 892 1157 959 τὴν
1174 890 1373 961 ἀρετὴν
1408 889 1764 958 ἀποϐήσεται.

1875 798 2182 862 tuendo,se
2235 800 2298 850 ad
2332 814 2425 852 eos
2481 812 2853 868 componeret.
2901 802 3029 871 Ejus
3068 804 3121 857 in
3146 818 3215 857 eo
3242 808 3427 871 posita

1872 888 2122 954 gloriatio
2170 902 2231 939 ac
2268 887 2452 948 decus.
2514 896 2573 940 ut
2632 890 2946 957 parentibus
3032 894 3420 961 obsequentem

202 994 327 1035 sese
362 979 664 1034 exhiberet.
726 978 792 1033 Et
820 986 878 1033 ut
927 978 1096 1033 setael
1132 978 1333 1041 dicam,
1382 979 1553 1032 instar
1583 990 1856 1047 generosae
1918 977 2132 1043 plantae,
2170 978 2346 1044 primo
2425 978 2601 1030 statim
2667 980 2907 1034 ostendit
2968 985 3229 1051 germine,
3284 1001 3419 1056 qua—

202 1078 275 1131 lis
306 1089 370 1128 ac
415 1084 653 1140 quantus
682 1075 883 1128 virtute
901 1088 1164 1127 evasurus
1200 1083 1363 1125 esset.

279 1168 352 1219 A'.
395 1167 529 1236 Ἤδη
585 1167 641 1220 δὲ
684 1167 782 1237 τὴν
832 1167 1085 1235 παιδκὴν
1112 1166 1333 1236 ἠλικίαν
1369 1166 1630 1235 ἀμείϐων,
1685 1168 1761 1226 είς

208 1258 638 1327 γραμματιστοῦ
676 1260 869 1329 φοιτᾷν
901 1260 1005 1311 ὑπό
1036 1254 1515 1325 τῶν’γεννητόρων
1545 1255 1763 1308 κελεύε·

204 1363 321 1401 ται.
344 1348 461 1401 ἰνα
487 1348 541 1401 δὲ
579 1348 654 1419 μὴ
678 1351 837 1417 μόνον
864 1352 975 1408 τοῖς
1001 1348 1317 1419 μαθήμασιν
1346 1349 1764 1417 ἀσχολούμενος,

210 1437 349 1489 am
369 1440 462 1492 καὶ
494 1442 627 1509 πρὸς
648 1440 848 1508 ἀρετὴν
874 1438 1211 1507 sum-3p.st
1239 1435 1295 1512 ᾗ,
1318 1441 1383 1508 τῇ
1405 1437 1495 1490 τοῦ
1510 1438 1766 1507 Θεοφόρου

208 1530 364 1582 Σάὸα
400 1535 536 1601 μονῇ
573 1530 947 1599 παραδίδοται,
980 1530 1301 1583 διδασκάλου
1336 1528 1396 1598 δή
1420 1521 1564 1592 τιῖιος
1592 1529 1768 1598 τυχὼν

206 1621 586 1689 πρεσδυτίρου
617 1637 633 1651 ·
663 1622 779 1683 ἑνός
807 1637 950 1689 φημι
1008 1622 1116 1673 τῶν
1158 1621 1255 1689 τῆς
1287 1619 1612 1687 Ἐκκλησίας
1650 1621 1767 1689 ἃμα

205 1713 309 1777 μὲν
353 1714 430 1773 είς
480 1713 751 1775 παιδείαν,
807 1712 926 1781 ἅμα
970 1713 1024 1767 δὲ
1056 1713 1149 1764 καὶ
1182 1716 1260 1775 είς
1284 1712 1487 1781 ἀρετὴν
1526 1711 1587 1762 τὸ
1615 1727 1766 1780 τηνι-

204 1801 387 1855 καῦτα
430 1804 818 1871 πρωτεύοντος.
868 1799 993 1872 Εἶχε
1024 1803 1079 1855 δὶ
1124 1802 1218 1855 καὶ
1255 1802 1347 1854 τὸν
1390 1802 1612 1869 ἀδελφὸν
1639 1801 1766 1855 Θεο-

210 1894 439 1961 φάνην,
516 1894 651 1963 πρὶς
707 1895 808 1963 μιν
854 1895 951 1963 τὴν
1011 1894 1223 1963 ἡλικίαν
1290 1894 1501 1963 χρόνοις
1555 1896 1766 1962 συχνοῖς

207 1986 570 2051 ὑστερίζοντα
610 1988 802 2057 ,πρὸς
853 1986 908 2038 δὲ
957 1987 1056 2055 τὴν
1112 1986 1311 2056 ἀρετὴν
1358 1987 1425 2038 τά
1491 1987 1767 2054 δευτερεῖα

203 2074 393 2142 φέρειν
426 2078 526 2127 οὐκ
563 2078 887 2145 ἀνεχόμενον
916 2093 930 2108 ⁸
966 2078 1146 2129 καὶτὸ
1206 2078 1435 2145 ἁδελφὸς
1471 2073 1610 2128 εἷναι
1666 2076 1765 2128 οὐκ

203 2166 317 2217 ἀπὸ
346 2166 456 2218 τῶν
494 2169 770 2231 σαρκικῶν
821 2169 1021 2237 μᾶλλον
1071 2169 1454 2237 ὀμοιωμάτων,
1504 2169 1627 2219 ὅσον
1660 2168 1767 2219 ἀπὸ

205 2257 306 2309 τοῦ
338 2261 505 2326 μηδὲν
536 2260 699 2311 αὑτοῦ
734 2260 1136 2329 παραλλάττειν
1170 2261 1247 2323 είς
1280 2260 1480 2328 ἀρετὴν
1508 2259 1765 2329 βουλόμε-

204 2364 299 2399 νον
326 2364 340 2378 ·
370 2348 504 2400 ἀλλὰ
528 2352 653 2409 τοὺς
672 2348 925 2415 ἀρίστους
952 2349 1286 2418 μιμούμενον
1305 2351 1409 2399 τῶν
1435 2349 1763 2418 ζωγράφων,

209 2439 309 2488 καὶ
342 2438 476 2506 προς
511 2439 718 2489 ἐκεῖνον
748 2438 936 2507 ὥσπερ
984 2441 1061 2501 εἰς
1118 2440 1421 2508 ἀρχέτυπον
1469 2439 1757 2508 βλέποντα,

206 2528 304 2576 καὶ
338 2524 604 2592 ζηλοῦντα
639 2528 735 2577 σὺν
766 2527 1039 2596 ἀκριὸείᾳ.

280 2612 355 2665 E'.
407 2615 618 2667 Ἔκεῐσε
670 2617 767 2685 μὲν
822 2616 911 2668 οῦν
972 2617 1303 2685 ἀμφοτέροις
1361 2619 1415 2668 ai
1472 2616 1761 2687 διατριϐαί.

220 2704 365 2755 Ἀλλ’
408 2704 436 2755 ὀ
472 2704 611 2765 θεῖος
656 2706 962 2772 θεόἰωρος,
1004 2705 1267 2773 ὀξυτάτης
1304 2707 1625 2774 μετ;.λαχὼν
1664 2707 1765 2772 φύ-

207 2809 371 2857 σεως,
422 2797 517 2846 καὶ
562 2798 659 2863 τὴν
723 2797 969 2849 παιδείαν
1022 2797 1244 2850 ἅπασαν
1278 2801 1334 2848 ἐν
1363 2800 1539 2866 χρόνῳ
1574 2799 1767 2869 βραχεῖ

1937 1161 2022 1213 ιν.
2062 1158 2196 1212 Cum
2255 1165 2435 1209 autem
2470 1172 2497 1209 a
2540 1158 2731 1225 puerili
2778 1159 2887 1227 jam
2933 1166 3088 1212 artale
3114 1162 3422 1216 excederetv

1863 1253 2085 1321 jubetur
2141 1265 2169 1302 a
2226 1247 2570 1316 parentibus,
2634 1247 2698 1300 ad
2748 1250 3131 1315 grammatices
3224 1267 3425 1318 przece-

1868 1352 2079 1411 ptorem
2156 1340 2446 1394 ventitare.
2500 1338 2577 1391 Ne
2632 1349 2812 1391 autem
2869 1341 3041 1392 solum
3124 1341 3425 1409 disciplinis

1870 1440 2108 1494 vacaret,
2159 1430 2251 1484 sed
2291 1430 2357 1484 ad
2416 1429 2670 1483 virtutem
2722 1445 2940 1498 quoque
2999 1431 3433 1492 informantur.-

1872 1523 2105 1576 traditur
2153 1520 2323 1575 divini
2373 1520 2528 1575 Saba:
2596 1522 2950 1576 monasterio.
2997 1524 3055 1576 ln
3094 1540 3160 1578 eo
3199 1528 3425 1594 presby-

1870 1621 2045 1666 terum
2103 1612 2490 1681 (ecclesiastici
2536 1612 2742 1666 scilicet
2795 1614 3007 1668 ordinis
3042 1616 3256 1676 virum)
3311 1632 3423 1671 ma-

1867 1702 2093 1773 gistrum
2146 1704 2410 1774 ejusmodi
2463 1713 2652 1758 nactus
2703 1717 2806 1767 est,
2841 1706 2932 1771 qui
2980 1715 3037 1759 et
3088 1707 3419 1770 eruditione.

1865 1803 1920 1848 et
1954 1794 2154 1849 virtute
2204 1806 2315 1849 tum
2360 1799 2563 1865 primas
2598 1800 2893 1852 obtineret.
2954 1795 3199 1850 Habebat
3237 1807 3416 1852 autem

1864 1896 1922 1943 et
1988 1885 2370 1956 Theophanem
2450 1891 2693 1957 fratrem,
2759 1900 2916 1945 a-tate
2987 1891 3206 1956 quidem
3264 1895 3419 1949 annis

1867 1992 1975 2035 non
2042 1981 2229 2045 paucis
2293 1980 2598 2047 junioretn;
2658 1991 2712 2035 at
2771 1982 2862 2049 qui
2935 1977 3148 2031 virtutis
3201 1982 3418 2035 nomine

1870 2088 2046 2142 neque
2116 2071 2387 2124 secundas
2472 2072 2615 2127 ferre
2673 2076 3005 2136 sustineret,
3082 2074 3283 2142 quique
3345 2075 3418 2127 ita

1867 2170 2209 2229 comparatus
2237 2173 2415 2224 esset,
2453 2171 2508 2215 ut
2571 2178 2677 2216 non
2725 2174 2829 2216 tam
2883 2181 2948 2217 ex
3004 2167 3207 2219 carnali
3266 2165 3418 2218 simi-

1865 2257 2117 2323 litudine,
2171 2271 2331 2323 quam
2390 2270 2455 2307 ex
2519 2254 2739 2307 virtutis
2791 2269 3002 2310 summa
3055 2257 3418 2310 consensione

1866 2362 1927 2400 ac
1955 2348 2205 2416 paritate,
2248 2346 2394 2399 illius
2444 2344 2609 2397 frater
2645 2344 2805 2396 vellet
2858 2346 3105 2408 enitere;
3158 2346 3420 2411 Optimos-

1866 2452 1970 2505 que
2009 2441 2293 2492 aemulatus
2328 2439 2582 2506 pictores.
2618 2438 2669 2488 in
2700 2451 2823 2489 eum
2875 2450 2932 2492 ut
2978 2438 3253 2504 exemplar
3275 2452 3420 2489 con-

1867 2534 2045 2590 tuens,
2088 2536 2275 2581 exacte
2322 2528 2545 2579 omnino
2595 2526 2741 2581 illius
2791 2530 3023 2583 ducebat
3052 2528 3417 2580 characteres.

1938 2623 1999 2677 γ.
2066 2624 2244 2690 Atque
2319 2622 2431 2675 illic
2490 2620 2710 2687 quidem
2792 2622 2949 2675 ambo
3029 2610 3415 2673 versabantur:

1868 2715 2144 2768 enimvero
2201 2713 2416 2766 divinus
2485 2712 2827 2777 Theodorus,
2887 2728 3009 2766 cum
3078 2708 3418 2763 subtilissimi

1870 2805 2071 2872 ingenii
2136 2815 2301 2863 esset.
2375 2819 2437 2856 ac
2504 2804 2655 2857 brevi
2714 2811 2962 2871 tempore
3024 2803 3420 2854 institutionem

204 2884 457 2948 διελθὼν,
488 2887 833 2956 ὑψηλοτέρων
848 2905 901 2938 τε
932 2887 1474 2957 μαθημάτιι›ν’ἔρωτα
1498 2892 1762 2957 ἐσχηκὼς,
1795 2899 1835 2954 C
1869 2910 1883 2948 t

1739 2910 1762 2955 ',
1795 2899 1835 2954 C
1869 2910 2081 2948 omnem
2127 2906 2379 2964 artesque
2434 2896 2605 2949 bonas
2648 2893 3004 2953 decurrisset.
3036 2893 3418 2947 sublimiorum

204 2974 376 3036 ἱξεισι
414 2977 511 3042 μὲν
534 2980 634 3043 τῆς
660 2979 828 3046 μονῆς
859 2994 874 3008 ’
916 2979 1070 3045 ἀνδρὶ
1097 2980 1151 3030 δέ
1176 2995 1284 3030 τινι
1316 2983 1637 3049 προσφοιτᾷ,
1666 2985 1763 3049 τὴν

210 3070 311 3129 μιν
356 3065 575 3132 ἠλικίαν
608 3068 901 3135 προήκοντι
942 3082 956 3095 ·
991 3067 1095 3117 ἀνὰ
1126 3066 1282 3131 λόγον
1329 3068 1385 3119 δὲ
1434 3070 1526 3117 τοῦ
1575 3071 1763 3137 χρόνου

204 3155 305 3204 καὶ
354 3156 561 3224 ἀρετὴν
606 3157 933 3224 ἀσκήσαντι,
964 3156 1058 3209 καὶ
1090 3157 1331 3208 παιδείαν
1370 3158 1760 3228 συλλεξαμένῳ.

220 3245 447 3314 Ἐκείνῳ
474 3245 764 3313 τοιγαροῦν
792 3247 995 3313 ὁμιλῶν
1016 3286 1031 3308 ,
1064 3246 1165 3315 τῆς
1190 3264 1247 3298 τε
1288 3248 1488 3316 ἀρετῆς
1521 3251 1763 3319 μιμητὴς

212 3338 452 3400 γίνεται,
508 3338 601 3387 καὶ
653 3336 783 3403 πρὸς
821 3337 919 3405 τὴν
952 3338 1047 3405 τῆς
1093 3338 1337 3397 παιδείας
1374 3339 1657 3405 ἀντίληψιν
1703 3340 1763 3390 οὑ

212 3429 412 3479 πολλοῦ
445 3427 615 3479 δεῖται
654 3429 881 3495 χρόνου·
917 3429 1052 3479 ἀλλὰ
1081 3428 1158 3495 τῷ
1192 3428 1377 3495 πτηνῷ
1401 3432 1493 3480 καὶ
1519 3429 1766 3497 διαπύρῳ

209 3521 313 3587 τῆς
348 3519 584 3585 φύσεως.
618 3522 708 3569 καὶ
748 3520 824 3587 τῷ
858 3520 1090 3587 συντόνῳ
1130 3521 1226 3586 τῆς
1265 3523 1392 3587 περὶ
1439 3520 1607 3571 ταῦτα
1641 3522 1764 3570 ἑπι-

217 3611 459 3678 μελείαῖ,
513 3611 691 3661 πάντα
742 3612 797 3659 ὲν
844 3610 1007 3675 ὀλίγῳ
1038 3609 1173 3675 πρὸς
1207 3608 1303 3675 τὴν
1334 3611 1522 3659 ἑαυτοῦ
1578 3610 1757 3680 ψυχὴν

210 3702 562 3767 είςῳκίσατο.
618 3703 726 3753 Καὶ
786 3702 1065 3769 μάρτυρες
1112 3701 1316 3753 τούτων
1364 3703 1412 3752 οί
1469 3701 1764 3767 λόγοι,νοῦς

212 3796 377 3854 αὐτὸς
433 3792 659 3859 ὕστερον
740 3792 883 3861 ὑπὲρ
935 3792 1217 3853 εῦεεὸείας
1267 3792 1502 3857 ἐξέθετο,
1566 3798 1613 3845 εἰ
1674 3798 1766 3847 καὶ

211 3884 395 3951 πάσης
427 3884 523 3949 τῆς
554 3884 679 3953 περὶ
712 3882 877 3935 αὑτοῦ
914 3882 991 3951 (2)
1029 3884 1337 3952 φιλοτιμίας
1368 3885 1636 3952 άνώτερος
1669 3882 1756 3955 ἦν.

282 4056 375 4123 ς’.
452 4059 590 4111 Ἀλλ’
648 4062 679 4127 ἡ
734 4058 833 4127 μὲν
880 4061 1008 4126 περὶ
1072 4062 1198 4122 τοὺς
1280 4030 1468 4127 λόγους
1544 4062 1765 4128 ἀσχολία

213 4153 377 4219 μέχρι
426 4152 586 4211 τινός.
658 4152 839 4203 Ἐνίιια
907 4153 1083 4220 ⁴(ὰρό
1122 4152 1219 4217 τῆς
1294 4153 1493 4219 ἀρετῆς
1560 4152 1763 4214 πόθος,

1868 2986 2279 3054 disciplinarum
2304 3002 2489 3039 amore.
2513 2995 2725 3053 captus,
2769 3002 2799 3039 e
2878 2986 3204 3039 monasterio
3244 2998 3423 3052 egres-

1870 3092 1962 3129 sus
1995 3078 2058 3128 ad
2108 3076 2285 3130 virum
2332 3079 2619 3143 quemdam
2658 3077 2794 3136 adit,
2834 3085 2990 3128 aetate
3029 3074 3247 3142 quidem
3295 3089 3432 3141 pro-t

1870 3177 2079 3219 visctum
2100 3184 2114 3230 ;
2134 3166 2225 3219 sed
2246 3166 2337 3235 qui
2359 3181 2455 3232 pro
2478 3167 2733 3234 temporis
2758 3173 2964 3219 ratione
2986 3169 3240 3219 virtutem
3268 3179 3421 3217 excr-

1869 3259 2086 3317 cnisset.
2123 3272 2183 3309 ac
2231 3257 2596 3309 eruditionem
2646 3272 2859 3310 omnem
2910 3265 3292 3323 comparasset,
3342 3257 3419 3309 illi

1870 3362 2086 3414 Operam
2132 3347 2380 3399 daturus.
2422 3345 2555 3399 Cum
2588 3348 2676 3398 illo
2700 3361 2829 3413 ergo
2874 3360 3113 3406 versans,
3152 3354 3262 3397 tum
3307 3345 3417 3396 vir-

1876 3438 2005 3489 tutis
2036 3438 2092 3487 lit
2124 3438 2385 3514 imitator,
2436 3447 2547 3488 tum
2579 3451 2686 3489 non
2727 3438 2896 3489 multo
2938 3446 3175 3503 tempore
3211 3435 3421 3502 indiget

1872 3530 1935 3580 ad
1990 3530 2331 3596 disciplinam
2380 3544 2593 3580 omnem
2653 3529 3005 3595 capiendam:
3076 3528 3168 3580 sed
3221 3528 3418 3594 ingenii

1873 3620 2150 3671 celeritate
2202 3620 2429 3685 ejusque
2480 3619 2632 3685 ignea
2664 3620 2735 3679 vi,
2765 3634 2865 3671 nec
2918 3633 3023 3670 non
3056 3626 3110 3670 et
3151 3620 3261 3670 acri
3292 3633 3421 3671 con-

1874 3716 2123 3777 tentaque
2186 3709 2482 3777 diligentia,
2534 3710 2671 3761 intra
2742 3709 2934 3762 breves
2999 3724 3177 3763 moras
3226 3718 3420 3763 cuncta

1882 3800 2062 3852 animo
2092 3800 2291 3853 hausit.
2325 3800 2401 3854 Ae
2435 3809 2592 3853 testes
2642 3809 2787 3863 sunt,
2815 3815 2952 3869 quos
2991 3801 3078 3854 ille
3111 3810 3291 3869 postea
3321 3815 3421 3869 pro

1875 3892 2071 3943 tuenda
2119 3890 2317 3955 pietate
2364 3889 2537 3942 libros
2588 3891 2781 3953 edidit,
2840 3891 2941 3943 etsi
2987 3892 3133 3943 omni
3174 3891 3421 3959 superior

1870 3981 2234 4042 annulatione,
2291 3996 2389 4048 pro
2430 3980 2755 4034 eruditionis
2792 3981 2879 4033 illa
2930 3982 3260 4049 pra-stantia,
3294 3980 3417 4033 fuit.

1907 4072 2028 4125 -Vl.
2068 4070 2171 4123 Sed
2205 4070 2517 4137 aliquandiu
2569 4070 2788 4138 quidem
2840 4080 3087 4123 versatus
3131 4080 3214 4124 est
3256 4071 3423 4123 inlit-

1873 4163 2025 4215 teris.
2060 4160 2325 4214 Vincebat
2362 4163 2506 4213 enim
2539 4161 2759 4214 virtutis
2796 4177 2967 4223 amor,
3024 4162 3073 4214 id
3135 4176 3319 4230 agens,
3362 4170 3423 4215 ut

209 4239 330 4289 ὅλον
364 4240 443 4299 είς
483 4238 672 4290 ἑαυτὸν
720 4241 1045 4308 ἀπασχολεῖν
1098 4240 1436 4308 βουλόμενος,
1468 4243 1562 4291 καὶ
1599 4241 1670 4309 μὴ
1703 4243 1766 4307 τῇ
1803 4242 1844 4295 ι)
1876 4260 1888 4303 ι

1740 4242 1844 4307 ᾗι)
1876 4260 2044 4304 telum
2089 4251 2192 4304 sibi
2258 4250 2554 4315 addiceret,
2604 4265 2706 4303 nec
2758 4251 2944 4304 sinens
3001 4259 3059 4303 ut
3116 4253 3419 4304 studiorum

217 4328 353 4395 πρὸς
383 4328 625 4389 ὶκείνους
655 4330 941 4399 ἐπιμελείᾳ
971 4332 1071 4397 τὴν
1122 4332 1348 4399 διηνεκῆ
1380 4333 1580 4395 ταύτης
1616 4348 1678 4382 πε
1692 4347 1772 4398 ρι-

213 4420 509 4470 κόπτεσϋαι
561 4420 799 4487 ὁμιλίαν.
839 4421 1057 4488 Ἀμέλει
1092 4422 1187 4472 καὶ
1228 4417 1381 4481 αὖθις
1414 4424 1479 4490 τῇ
1526 4420 1619 4472 τοῦ
1651 4422 1770 4473 Θεο-

214 4508 381 4575 φόρου
426 4505 575 4558 Σάσα
634 4509 769 4575 μονῇ
814 4510 997 4575 φέρων
1048 4509 1240 4560 ἑαυτὸν
1289 4509 1510 4560 δίδωσι·
1565 4510 1657 4561 καὶ
1703 4505 1770 4578 ἦν

211 4596 385 4657 οὕτως
418 4598 522 4649 ὑπὸ
552 4597 669 4665 Θεῷ
712 4600 841 4662 ζῶν,
888 4598 1026 4669 ῐρτα
1078 4616 1135 4651 τε
1194 4600 1392 4669 μετιὼν
1468 4601 1766 4668 ὀφθαλμῶν

214 4690 425 4741 ἐκείνου
496 4690 604 4741 τῶν
660 4690 917 4760 καθαρῶν
963 4691 1106 4754 ἄξια.
1191 4690 1466 4743 Ἐντεῦθεν
1522 4694 1604 4753 τίς
1652 4693 1748 4759 μὲν

212 4780 490 4847 Θεοδώρου
519 4782 579 4832 τὺ
596 4782 849 4850 φρόνημα
874 4781 1237 4852 μετριώτερος
1262 4799 1277 4845 ;
1302 4783 1393 4845 Τίς
1416 4782 1471 4834 ὁὶ
1493 4782 1762 4852 κρατῆσαι

218 4870 393 4938 Θυμοῦ
431 4872 834 4939 γενναιότερος;
896 4872 991 4932 Τίς
1048 4872 1183 4939 πρὸς
1240 4872 1533 4940 ὲπιθυμίας
1587 4873 1763 4941 ὁρμὰς

217 4964 635 5031 ἁκλινέστιροςς
700 4963 793 5027 Τίς
843 4961 986 5014 οῦτω
1039 4963 1131 5015 καὶ
1170 4962 1349 5029 λέγειν
1398 4964 1492 5014 καὶ
1554 4965 1765 5032 σιωπᾷν

216 5054 630 5121 εὑωιρότατος,
665 5054 858 5121 καιρόν
886 5068 943 5103 τε
965 5051 1164 5104 εἰδέναι
1188 5053 1390 5113 παντὸς
1420 5052 1763 5121 πράγματος,

217 5145 291 5205 ὡς
328 5143 457 5213 μήθ’
489 5142 719 5214 ἡσυχίαν
751 5143 1035 5211 ἀτιμάσαι,
1078 5146 1212 5211 μήτε
1243 5144 1553 5213 παρρησίαν
1586 5143 1763 5211 μεθεῖο

219 5252 307 5287 ναι
328 5234 414 5285 διὰ
448 5235 721 5303 μαλακίαν
738 5234 921 5303 ψυχῆς
941 5234 1034 5285 καὶ
1060 5233 1404 5301 φρονήματος
1431 5232 1723 5298 ὑπτιότητα
1747 5250 1760 5297 ;

220 5328 313 5390 Τίς
338 5326 480 5379 οῦτω
509 5328 690 5396 σάρκα
724 5343 783 5378 τι
823 5325 1071 5388 ἐκόλασε,
1122 5327 1215 5377 καὶ
1260 5323 1537 5391 ὀφθαλμὸν
1589 5324 1767 5392 ἐχαλί-

1872 4342 1959 4395 illa
2001 4341 2319 4409 diligentia.
2365 4340 2507 4408 jugis
2560 4356 2681 4393 eum
2733 4355 2796 4393 ea
2853 4342 3191 4393 consuetudo
3247 4342 3421 4394 inter-

1872 4444 2233 4495 rumperetur.
2297 4430 2576 4497 Denique,
2646 4428 2819 4481 divini
2879 4428 3032 4481 Saba:
3082 4431 3415 4482 monasterio

1867 4535 1925 4575 se
1958 4536 2147 4575 rursus
2170 4519 2354 4583 tradit;
2402 4530 2563 4587 atque
2630 4519 2685 4571 in
2736 4533 2862 4572 eum
2898 4518 3119 4571 modum
3162 4519 3269 4571 vita
3314 4519 3424 4572 Deo

1868 4606 2073 4670 dedita,
2142 4623 2265 4673 qua:
2322 4606 2470 4659 illius
2519 4605 2740 4659 mundis
2800 4606 2975 4659 oculis
3036 4606 3197 4674 digna
3259 4620 3423 4672 opera

1867 4707 2084 4760 essent,
2138 4706 2281 4750 totus
2343 4697 2781 4751 consectabatur.
2838 4695 2999 4756 Hinc.
3063 4695 3185 4762 quis
3242 4694 3421 4747 Theo-

1869 4793 2003 4843 doro
2026 4805 2187 4843 sensu
2222 4788 2562 4843 modestior?
2590 4788 2720 4854 Quis
2758 4788 2823 4842 ad
2855 4788 3239 4842 continendam
3276 4788 3411 4840 iram

1871 4879 1961 4931 illo
2019 4878 2373 4945 generosior?
2436 4878 2568 4941 Quis
2636 4878 2702 4930 ad
2760 4878 3073 4945 cupiditatis
3156 4877 3421 4944 explenda

1854 4968 2133 5042 ‘desideria
2189 4967 2444 5035 rigidior?
2488 4968 2621 5032 Quis
2673 4968 2886 5021 dicendi
2974 4976 3138 5034 atque
3209 4968 3418 5020 tacendi

1862 5058 2223 5125 orportunius
2286 5068 2556 5110 momenta
2611 5056 2957 5119 observabat,
2982 5073 3046 5111 ac
3088 5060 3324 5128 cujusvis
3346 5060 3419 5111 rei

1863 5146 2121 5201 facienda:
2174 5157 2386 5214 tempus
2423 5148 2815 5215 pernoseebat?
2865 5157 2923 5201 ut
2968 5163 3142 5215 neque
3182 5149 3421 5223 quietem

1863 5238 2248 5303 silentiumque
2290 5246 2685 5301 contemneret,
2741 5253 2918 5305 neque
2970 5248 3190 5305 propter
3248 5236 3417 5292 animi

1865 5329 2172 5393 mollitiem,
2231 5329 2610 5397 abjectumque
2671 5343 2735 5383 ac
2793 5328 3087 5383 demissum
3145 5329 3418 5396 spiritum,

1444 5444 1544 5502 Fr.
1594 5441 1954 5503 Combelisii
2005 5448 2186 5500 notua.

293 5548 372 5627 (ᾖ)
403 5548 542 5627 Περί
575 5544 1370 5627 abroﬁhbipomanginterpr.
1403 5544 1543 5598 forte
1583 5545 1775 5627 legerit

227 5615 362 5688 rupi
406 5619 621 5678 αὐτῶν.
664 5615 968 5688 redditque
1004 5632 1019 5669 :
1049 5615 1296 5688 Etiamsi
1317 5684 1324 5688 Α
1347 5616 1773 5688 εηει-εαρειεὶοζ,

226 5683 385 5757 quam
422 5695 480 5739 att
523 5702 587 5740 ea:
626 5687 700 5739 eis
728 5683 890 5739 ιιίίαπι
931 5685 1140 5757 tandem
1186 5684 1427 5757 ambiret.
1474 5683 1577 5757 S_cd
1628 5683 1773 5757 nulla

227 5750 528 5831 luctatio.
570 5757 739 5831 Plane
756 5757 900 5810 enim
944 5755 1279 5831 adversati."
1336 5750 1769 5831 superiusillud

228 5824 466 5897 respicit,
491 5840 603 5899 quo
630 5826 788 5890 dixit,
824 5839 1040 5879 omnem
1070 5826 1126 5876 tv
1154 5822 1334 5889 ὀλίγῳ,
1369 5820 1444 5877 sic
1484 5820 1621 5874 brari
1650 5828 1774 5872 tem-

1881 5559 2023 5624 pore,
2055 5543 2396 5624 disciplinam
2434 5541 2685 5624 adeptum
2714 5556 2868 5607 esse;
2897 5556 3016 5610 qua
3050 5551 3227 5595 tamen
3264 5549 3419 5624 tanta

1882 5609 1936 5665 in
1988 5625 2054 5664 co
2095 5609 2258 5673 esset,
2307 5623 2364 5664 ut
2408 5609 2802 5665 mnulationem
2852 5625 3067 5663 omnem
3115 5609 3419 5671 excederet,

1882 5696 2003 5733 cum
2036 5681 2227 5740 soleat,
2258 5695 2364 5749 qua
2396 5680 2475 5733 sic
2510 5681 2659 5734 brevi
2702 5686 2827 5748 quis
2869 5680 3098 5734 scientia
3136 5678 3419 5739 imbuitur,

1877 5750 2213 5805 delunctoria
2238 5764 2299 5802 ac
2329 5749 2694 5819 imperteetior
2720 5764 2859 5804 esse.
