4252 6440
178 422 283 487 σοι

1288 419 1465 480 νιΤΑ
1505 419 1572 477 S.
1606 415 2008 477 THEODOHI
2050 414 2357 476 GRAPTI.

3320 372 3444 470 δεῖ

180 538 397 605 γίνεται
444 536 606 591 πάλιν
652 534 775 603 ὄφις
825 536 920 588 καὶ
969 532 1134 587 πάλιν
1168 531 1416 596 διάϐολος
1447 546 1462 561 ·
1503 533 1595 585 καὶ
1631 532 1741 584 δια·
1773 536 1817 590 Α

1810 551 2126 605 ιὺοωίηειη
2175 549 2405 611 viderat,
2463 556 2521 600 ut
2572 546 2849 599 hominem
2904 540 3105 597 deitate
3158 539 3425 597 donaret.

182 626 341 698 σύρει
387 626 515 691 τοὺς
547 625 728 690 θείους
759 625 958 696 νόμους
1006 626 1036 679 ὁ
1088 624 1282 697 μιαρὸς
1325 624 1419 677 καὶ
1475 623 1747 691 θεσμούς·

183 717 280 770 καὶ
309 717 723 789 παρερμηνεύει
756 717 921 771 πάλιν
943 716 1038 771 τοῦ
1070 716 1364 785 νομοθέτου
1396 713 1457 769 τδ
1479 714 1753 783 βούλημα.

184 811 298 865 Καὶ
326 812 464 865 Θεοῦ
501 813 601 882 μέν
636 811 817 880 είδὼς,
856 813 933 875 ὡς
972 813 1073 883 οὐχ
1100 806 1222 875 οἷός
1255 812 1314 865 τί
1347 813 1497 864 ἔστιν
1519 810 1754 879 ἀφιστᾷν

180 901 312 963 τοὺς
355 902 680 971 ἀνθρώπους
705 944 721 969 ,
753 902 1053 975 δελεάματι
1087 905 1255 974 κιρνᾷ
1286 904 1387 972 τὴν
1434 901 1750 972 ἐπιϐουλὴν,

183 995 281 1046 καὶ
309 994 547 1064 Χριστὸν
570 995 857 1065 ἀρνεῖσθαι
886 996 1101 1049 πείθειν
1126 996 1426 1058 ἀδυνατῶν,
1457 995 1557 1064 τὴν
1590 993 1756 1048 αὐτοῦ

187 1082 345 1136 θείαν
398 1085 586 1137 είκόνα
642 1087 980 1154 προσκυνεῖν
1037 1084 1176 1148 ὅλως
1241 1085 1577 1154 ἀπαγορεύει
1612 1100 1626 1116 ο
1690 1084 1755 1137 ῖν⁹

184 1169 330 1223 οὕτω
384 1171 523 1242 λάθῃ
572 1173 669 1227 καὶ
702 1174 803 1243 τὴν
843 1177 942 1243 τῆς
978 1175 1190 1228 ἐκείνου
1255 1174 1588 1245 σαρκώσεως
1651 1174 1758 1227 ἀπὸ

181 1262 377 1333 ψυχῶν
402 1264 724 1333 ὁμολογίαν,
757 1268 854 1319 καὶ
887 1266 980 1319 τὸν
1012 1267 1079 1319 δι’
1134 1248 1354 1337 ἐκείνης
1412 1266 1574 1337 ήμῶν
1623 1268 1757 1336 πρὸς

183 1356 278 1407 τὸν
337 1354 585 1408 σώσαντα
649 1356 816 1409 πόθον
902 1358 1023 1411 κατ’
1106 1358 1289 1427 ὀλίγον
1341 1359 1755 1429 άπομαραίνων.

212 1446 373 1500 Ἐπεὶ
399 1447 453 1498 δὲ
476 1451 545 1501 τὰ
573 1446 676 1517 τῆς
707 1447 1001 1518 ἐπιϐουλῆς
1041 1450 1183 1504 κατά
1230 1450 1355 1505 νοῦν
1405 1449 1554 1530 αύτῷ
1597 1467 1763 1521 προε-

197 1538 374 1605 χώρει
403 1533 549 1606 (εὗρε
581 1539 694 1608 γάρ
721 1538 1061 1608 ἐπιτηδείους
1088 1539 1264 1609 ψυχὰς
1290 1539 1427 1609 πρὸς
1454 1540 1553 1609 τὴν
1592 1539 1760 1593 αὐτοῦ

188 1627 521 1695 σπερμάτων
557 1627 871 1698 ὑποδοχὴν),
918 1628 963 1681 ὦ
1001 1631 1099 1697 τῆς
1129 1629 1327 1697 πολλῆς
1355 1647 1448 1683 σου
1487 1630 1764 1699 μακροθυ-

192 1721 326 1787 μίας
351 1758 366 1781 ,
406 1719 638 1787 Χριστέί
678 1718 868 1786 φθάνει
913 1720 1006 1771 καὶ⁵
1050 1720 1212 1787 μέχρι
1266 1718 1530 1789 βασιλέων
1561 1718 1759 1785 αὐτῶν,

189 1814 286 1865 καὶ
324 1812 488 1865 πλέον
522 1811 697 1883 ἰσχύει
726 1812 955 1881 δύναμιν
1004 1812 1277 1881 εὑρίσκων
1317 1811 1425 1866 ἀπὸ
1473 1813 1571 1882 τῆς
1606 1812 1761 1876 ἐξου-

193 1904 317 1965 σίας
342 1923 351 1931 ι
387 1906 480 1957 καὶ
512 1906 755 1975 τοσούτῳ
788 1903 1065 1974 βοηθεῖται
1092 1904 1169 1973 τῷ
1202 1906 1416 1973 κράτει,
1445 1903 1641 1973 μικροῦ
1669 1902 1762 1955 καὶ
1791 1886 1833 1943 Β

190 1992 447 2059 γενεσθαι
472 1994 721 2063 ἡμᾶς.ὡς
743 1996 805 2048 τὸ
826 1996 883 2062 ἐξ
908 1995 1109 2066 ἀρχῆς,
1141 1998 1170 2049 ὅ
1191 2012 1325 2067 φησι
1348 1997 1415 2050 τά
1439 1996 1556 2066 ίερὰ
1579 1996 1762 2064 λόγια,

189 2089 280 2140 ὅτε
320 2088 422 2140 ούκ
460 2083 628 2157 ἦρχεν
665 2088 798 2157 ἡμῖν
835 2086 1058 2157 Κύριος.

266 2355 325 2412 ι’.
394 2357 621 2419 Λέοντος
665 2357 774 2428 γάρ
806 2359 1107 2428 τηνικαῦτα
1135 2360 1230 2413 τοῦ
1259 2362 1317 2428 ἐξ
1356 2364 1659 2433 ’Δρμενίων
1704 2364 1764 2416 τδ

193 2449 356 2515 γένος
412 2450 690 2513 ἕλκοντος,
746 2453 999 2521 τυράννῳ
1068 2454 1216 2523 χειρὶ
1274 2453 1386 2506 τῶν
1469 2456 1765 2524 σκήπτρων

194 2540 630 2608 ἐπειλημμένου,
658 2540 867 2596 καὶτὸν
908 2542 1109 2612 εὐσεθῆ
1140 2543 1362 2611 βασιλέα
1418 2546 1637 2615 Μιχαὴλ
1666 2548 1766 2615 τῆς

204 2629 308 2696 μὶν
368 2631 541 2701 ἀρχῆς
591 2631 1031 2703 παραλύσαντος,
1085 2636 1328 2705 σχήματι
1357 2637 1413 2689 δέ
1444 2640 1538 2689 καὶ
1570 2637 1670 2708 βίῳ
1699 2640 1767 2692 τά

197 2721 310 2772 τῶν
363 2722 615 2792 μοναχῶν
663 2726 905 2790 μετιέναι
955 2728 1483 2794 παρασκευάσαντος
1512 2746 1523 2759 ⁸
1562 2732 1769 2794 ἐκεῖνος

205 2812 306 2881 μιν
342 2814 400 2865 τὸ
445 2816 702 2869 ἀκούσιον
732 2816 954 2880 ἀλύπως
1015 2818 1090 2879 ὡς
1130 2821 1273 2873 κατὰ
1326 2820 1553 2891 γνώμην
1600 2838 1769 2889 προσ-

203 2904 356 2953 ίετο·
415 2906 575 2965 αὐτος
628 2906 683 2958 δὲ
749 2908 885 2976 πρὸς
965 2912 1159 2978 μικρὶν
1210 2910 1289 2962 ἔτι
1352 2911 1451 2979 τὴν
1510 2912 1770 2965 ἀσέϐειαν

204 2994 355 3047 ἔνδον
393 2996 749 3067 οῖκουροῦσαν
799 3000 971 3069 ἔχων,
1025 3002 1208 3070 ἐξάγει
1253 3004 1456 3073 ταύτην
1508 3007 1587 3066 εἱς
1634 3006 1766 3073 φῶς.

204 3084 396 3155 ὥσπερ
428 3105 478 3140 τι
510 3090 663 3141 νόθον
715 3093 810 3144 καὶ
853 3093 1086 3162 πονηρὸν
1127 3096 1377 3161 γέννημα
1410 3108 1425 3124 ·
1474 3098 1569 3147 καὶ
1614 3095 1772 3164 δῆλος

204 3177 308 3227 οὐκ
343 3179 423 3238 είς
478 3184 697 3250 μακρὰν
737 3184 970 3249 γίνεται,
1006 3184 1244 3253 χαλεπὸν
1277 3186 1458 3237 πνέων
1485 3185 1627 3240 κατὰ
1662 3187 1771 3240 τῶν

215 3267 381 3319 θείων
413 3271 657 3337 εἰκόνων,
696 3274 787 3325 καὶ
814 3276 1055 3344 ἀναιρῶν
1079 3275 1178 3344 τὴν
1214 3277 1613 3345 προσκύνησιν.
1658 3279 1771 3332 Καὶ

210 3360 405 3429 πρῶτα
446 3364 543 3429 μὲν
572 3365 901 3431 συνεξορίζει
925 3365 1000 3437 τῷ
1031 3367 1129 3435 τῆς
1186 3367 1494 3435 ὁρθοθοξίας
1526 3371 1774 3439 άρχ·ερεῖ

208 3449 310 3519 τὴν
368 3452 655 3507 εὐσέϐειαν
689 3470 701 3483 '
738 3457 930 3509 ἐπειτα
1000 3460 1093 3511 καὶ
1151 3463 1413 3532 κατασπᾷ
1455 3463 1564 3514 τῶν
1613 3462 1774 3531 ίερῶν

208 3544 611 3611 είκονισμάτων
652 3547 713 3599 τὸ
760 3548 979 3613 κάλλος,
1030 3551 1219 3619 ὥσπερ
1269 3554 1421 3615 τινας
1462 3553 1775 3621 ὀφθαλμοὺς

209 3631 503 3697 άμό).ύε.ων
550 3635 649 3701 τῆς
704 3637 1049 3709 Ἐκκλησὶας.
1098 3642 1205 3694 Καὶ
1257 3645 1284 3694 ὁ
1342 3643 1440 3710 μὲν
1492 3643 1776 3711 ὀρθόδοξος

210 3725 525 3793 ἀρχιερεὺς.
561 3727 750 3798 ὥσπερ
785 3731 943 3800 ἔφην,
978 3734 1251 3804 ἐξόριστος
1289 3736 1520 3801 γίνεταιο
1552 3738 1766 3788 ἀντεισ-

212 3821 407 3885 άγεται
456 3821 511 3874 δέ
554 3824 822 3891 μισθωτὸς
856 3866 872 3888 .
918 3831 1011 3881 καὶ
1062 3832 1184 3898 οὐχὶ
1246 3831 1472 3900 ποιμὴν,
1520 3831 1776 3901 ὁμόφρων

213 3913 290 3979 τῷ
332 3914 582 3985 τυράννῳ
611 3921 705 3969 καὶ
730 3919 1009 3990 σύμψυχος
1042 3922 1141 3992 τὴν
1165 3924 1421 3976 ἀσέϐειαν
1442 3940 1455 3955 ·
1476 3927 1508 3977 ὀ
1547 3924 1775 3992 βωμὸς,

213 4006 371 4070 φασι,
403 4008 555 4073 πρὸς
600 4010 667 4061 τὸ
716 4012 878 4075 ἱερόν
911 4029 923 4041 ·
972 4016 1071 4067 καὶ
1111 4015 1211 4084 τὴν
1248 4016 1417 4070 πάλαι
1450 4015 1777 4085 τεθνηκυῖαν

214 4100 437 4168 αῖρεσιν
476 4105 606 4170 περὶ
644 4106 744 4168 τὰς
793 4108 999 4171 σεπτὰς
1032 4111 1248 4171 εἰκόνας
1278 4111 1584 4179 ἀναστῆσαι
1624 4110 1777 4177 φιλο-

216 4191 432 4244 νεικῶν.
458 4192 618 4246 Ἀλλά
645 4196 751 4265 γὰρ
778 4192 865 4250 οἶα
892 4198 959 4251 τά
989 4199 1082 4253 τοῦ
1103 4200 1237 4252 θεοῦ
1268 4200 1511 4271 κρίματα
1534 4200 1546 4251 !
1587 4199 1648 4251 'll
1673 4199 1777 4253 τῶν

217 4283 565 4349 ἁμαρτωλῶν
618 4287 811 4355 ῥάϐδος
857 4289 1020 4353 εὐθὺς
1070 4290 1192 4343 καθ’
1244 4291 1403 4359 ἡμῶν
1467 4289 1776 4355 ἐπαφίιταῑο

220 4371 307 4422 ἵνα
340 4371 444 4422 κᾶν
500 4373 641 4426 οῦτω
682 4377 959 4444 συνῶμεν,
1000 4382 1182 4431 ὁποῖον
1238 4380 1303 4451 δὴ
1362 4380 1454 4431 τὸν
1504 4378 1779 4447 Asandqu

218 4462 360 4512 κατὰ
388 4463 588 4533 πολλὴν
616 4468 798 4519 ἄνοιαν
832 4470 1261 4541 παροργίζομεν.

303 4627 403 4683 lA'.
462 4631 523 4681 Ol
576 4632 681 4700 γάρ
740 4634 881 4687 κατὰ
936 4636 1035 4704 τὴν
1086 4637 1290 4708 ἔρημον
1352 4642 1586 4710 Ἀραόες
1639 4646 1773 4715 πρὸς

217 4719 291 4771 ιω
331 4722 619 4787 Ῥωμαίοις
664 4726 1208 4797 ἐπιστρατεύσαντες,
1249 4734 1445 4799 πολλάς
1479 4737 1576 4807 μέν
1600 4740 1782 4808 χώρας

219 4811 397 4865 αὐτῶν
421 4855 435 4875 ,
471 4814 637 4868 πολλὰ
698 4817 752 4870 δὲ
784 4822 875 4871 καὶ
924 4822 1160 4891 φρούρια
1217 4824 1529 4896 ἐληΐζοντο·
1572 4831 1704 4900 πρὸς
1723 4831 1781 4884 δέ

220 4904 315 4955 καὶ
340 4907 407 4957 τά
450 4909 508 4957 ἐν
538 4907 871 4983 Παλαιστίνῃ
932 4915 1261 4984 κατέτρεχον
1313 4923 1669 4991 μοναστήρια,
1708 4919 1785 4975 ὧν

220 4994 439 5063 πρῶτον
492 5002 586 5049 καὶ
643 5000 899 5067 μέγιστον
942 4997 1030 5073 ἦν,
1066 5006 1127 5057 τὸ
1176 5006 1266 5060 τοῦ
1294 5008 1553 5079 θεοφόρου
1613 5012 1781 5075 Σάϐα,
1850 5002 1864 5032 ”·

220 5086 387 5155 φημὶ,
421 5086 478 5137 ἐν
503 5079 654 5152 ᾦκαὶ
686 5090 714 5141 ό
742 5092 915 5158 μέγας
944 5085 1119 5156 οὗτος,
1150 5092 1338 5164 ὥσπερ
1367 5096 1626 5168 ἀνωτέρω
1654 5098 1777 5167 φθά·

220 5191 416 5241 σαντες
449 5180 680 5249 ἐφημεν,
708 5182 930 5251 ἠσκεῖτο
956 5185 1251 5257 Θεόδωρος.

291 5357 391 5412 ω’.
447 5357 627 5413 Ταῦτα
661 5358 873 5428 βλέπων
902 5360 981 5430 (ἐ)
1007 5362 1035 5415 ὀ
1083 5362 1222 5425 θεῖος
1253 5364 1351 5435 τῆς
1398 5364 1783 5435 Ἰεροσολύμων

293 5501 315 5532 ’
340 5500 443 5556 lsa.
484 5516 634 5570 Laut,
658 5502 744 5558 l9.

1857 656 2049 696 rursus
2077 654 2304 709 serpens
2324 680 2339 705 ,
2374 652 2673 706 rursusque
2699 635 2953 690 diabolus
2978 632 3211 688 elllcitur
3238 671 3253 695 ,
3279 628 3392 684 divi
3410 657 3425 669 -

1823 747 2064 801 nasque
2114 731 2263 801 leges
2291 745 2354 784 ac
2399 730 2535 785 scita
2592 728 2997 797 impurissimus
3028 725 3425 787 calumniatur,

1864 839 2259 895 perperamque
2290 840 2485 879 rursus
2511 823 2839 893 legislatoris
2877 830 3116 877 mentem
3154 822 3424 886 interpre-

1860 925 2025 969 tatur.
2076 916 2153 970 Ac
2197 929 2320 969 cum
2360 914 2555 976 sciret,
2612 912 2729 967 ﬁeri
2774 926 2882 966 non
2927 925 3089 981 posse
3138 918 3198 964 ut
3243 922 3275 963 a
3320 908 3428 962 Deo

1861 1006 2111 1060 homines
2150 1004 2477 1066 abduceret,
2507 1018 2629 1058 esca
2677 1003 2907 1058 insidias
2976 1010 3267 1070 temperat;
3326 1014 3429 1054 ne-

1859 1110 1967 1164 que
2034 1094 2221 1148 valens
2273 1095 2376 1148 hoc
2427 1094 2658 1147 suadere
2692 1101 2750 1145 ut
2796 1092 3050 1148 Christus
3100 1089 3426 1159 abnegetur,

1860 1186 2099 1241 divinam
2134 1185 2253 1254 ejus
2286 1184 2577 1253 imaginem
2618 1182 2835 1237 adorari
2880 1182 3105 1236 omnino
3153 1179 3426 1248 prohibet;

1863 1286 1923 1331 ut
1954 1277 2033 1331 sic
2079 1274 2549 1344 imprudentibus,
2586 1274 2732 1328 illius
2776 1288 2996 1342 quoque
3036 1270 3433 1326 incarnationis

1862 1383 1927 1422 ex
1962 1366 2159 1420 animis
2184 1366 2583 1420 confessionem
2618 1364 2853 1426 aboleat,
2888 1362 3282 1431 paulatimque,
3316 1374 3429 1427 quo

1864 1458 1991 1513 inde
2037 1457 2410 1519 accendimur.
2446 1472 2707 1517 amorem,
2746 1470 2871 1524 erga
2929 1470 3056 1508 eum
3108 1454 3201 1520 qui
3249 1439 3424 1505 salute

1867 1548 2111 1611 donavit,
2164 1549 2502 1616 exstinguat.
2570 1546 2673 1603 Ubi
2731 1554 2914 1599 autem
2966 1544 3015 1597 ei
3079 1541 3292 1596 insidia:
3352 1555 3422 1595 ex

1864 1642 2047 1697 animo
2088 1647 2372 1693 cesserunt
2418 1639 2662 1705 (invenit
2726 1637 2872 1690 enim
2935 1635 3147 1689 animos
3207 1632 3274 1687 ad
3336 1646 3434 1685 sua

1865 1731 2073 1787 semina
2146 1726 2491 1798 suspicienda
2554 1725 2909 1790 idoneos),o
2972 1737 3221 1793 magnam
3284 1731 3432 1776 tuam

1866 1834 2028 1893 atque
2094 1823 2380 1891 prolixam,
2421 1834 2454 1872 ο
2482 1817 2724 1878 Christe.
2778 1815 3131 1883 patientiam!
3184 1813 3251 1868 ad
3291 1813 3434 1882 ipsos

1864 1930 2035 1986 usque
2074 1914 2347 1983 Augustos
2390 1912 2663 1980 pervasit;
2713 1918 3015 1978 nactusque
3046 1921 3113 1959 ex
3164 1913 3434 1974 potestate

1865 2009 2042 2071 vires.
2094 2010 2211 2077 ipse
2236 2020 2296 2060 se
2335 2005 2527 2059 fortior
2554 2003 2769 2069 evadit;
2820 2011 3077 2072 tantaque
3128 2000 3423 2068 adjuvatur

1862 2100 2126 2169 potentia,
2178 2108 2238 2152 ut
2277 2111 2378 2151 nos
2407 2110 2622 2164 quoque
2666 2108 2856 2162 parum
2898 2092 3074 2156 absit,
3130 2092 3262 2159 quin
3287 2091 3433 2143 sicut

1864 2191 1931 2245 ab
1996 2190 2186 2254 initio,
2246 2204 2370 2245 eum
2430 2186 2691 2241 Dominus
2756 2186 2926 2258 nostri
2971 2199 3077 2237 non
3110 2182 3415 2251 imperabat

1867 2284 1975 2353 (uti
2028 2282 2199 2337 sacris
2242 2280 2516 2351 proditum
2546 2278 2738 2347 elogiis
2772 2286 2855 2332 est
2888 2278 2947 2343 ')
2989 2275 3113 2330 facti
3146 2275 3343 2329 simus.

1933 2373 2000 2429 Χ.
2040 2372 2176 2427 Cum
2228 2382 2407 2426 autem
2463 2369 2573 2423 Leo
2618 2378 2729 2423 tum
2787 2366 3079 2436 temporis,
3122 2381 3191 2420 ex
3237 2366 3432 2420 Arme-

1865 2478 1957 2517 nta
2018 2461 2226 2516 ducens
2286 2460 2590 2528 originem,
2648 2457 2927 2528 tyrannica
2999 2468 3163 2509 manu
3220 2461 3435 2523 sceptra

1867 2552 2177 2612 invasisset,
2225 2549 2481 2618 piumque
2520 2548 2908 2615 imperatorem
2939 2544 3258 2600 Michaelem
3303 2557 3425 2597 ees-

1868 2657 1987 2696 sare
2017 2642 2232 2711 jussum
2267 2655 2333 2693 ac
2363 2646 2777 2693 exauctoratum
2810 2636 2876 2690 ad
2906 2634 3157 2691 monachi
3205 2633 3436 2689 induen-

1868 2731 1996 2785 dum
2030 2729 2276 2785 habitum
2330 2730 2564 2798 vittaque
2618 2725 2748 2781 illud
2804 2726 3113 2781 institutum
3169 2723 3437 2794 arripien-

1871 2822 1999 2875 dum
2030 2820 2331 2891 adegisset;
2391 2819 2543 2887 isque
2586 2814 2721 2870 adeo
2761 2814 2907 2868 illam
2943 2816 3062 2882 ejus
3091 2814 3196 2867 vim
3245 2828 3309 2867 ac
3355 2812 3439 2867 la-

1867 2914 2085 2983 juriam,
2118 2926 2181 2965 ac
2222 2911 2265 2966 si
2302 2910 2415 2978 ipse
2445 2919 2636 2977 sponte
2679 2908 2925 2971 cederet,
2959 2908 3100 2961 haud
3161 2920 3304 2974 agre
3344 2906 3441 2960 ad—

1877 3003 2155 3065 misisset;
2205 3015 2370 3070 quem
2405 2999 2539 3060 dixi,
2568 2998 2697 3057 Leo,
2759 2996 3023 3065 tantisper
3070 2994 3247 3049 adhuc
3308 3008 3442 3050 con-

1875 3093 2041 3149 ditam
2078 3094 2261 3147 animo
2329 3090 2665 3159 impietatem
2715 3098 2927 3149 tenens,
2965 3102 3083 3141 eam
3137 3088 3190 3141 iu
3238 3085 3438 3147 lucem.

1798 3221 1840 3278 ο
1877 3197 2132 3256 tanquam
2173 3184 2543 3239 adulterinum
2600 3196 2661 3235 ac
2725 3180 2928 3235 malum
2974 3178 3142 3235 fetum
3196 3178 3440 3248 profert;

1876 3296 1977 3333 nec
2007 3278 2281 3348 longiores
2325 3275 2624 3343 interjectre
2674 3287 2857 3333 morae.
2915 3285 3040 3326 cum
3096 3279 3252 3324 truce
3306 3271 3437 3338 quid

1878 3370 2143 3425 adversus
2173 3370 2384 3423 divinas
2411 3367 2672 3435 imagines
2708 3364 2900 3430 spirat,
2930 3363 3219 3430 aufertque
3251 3377 3440 3416 earum

1878 3463 2104 3517 cultum.
2146 3459 2235 3515 die
2286 3460 2543 3528 primum.
2574 3471 2677 3510 una
2721 3469 2845 3510 cum
2935 3454 3242 3508 orthodoxa
3301 3453 3443 3507 anti-

1885 3558 2038 3619 stite,
2088 3556 2342 3624 pietatem
2393 3551 2661 3605 eliminat.
2684 3547 2888 3602 Deinde
2951 3547 3116 3601 etiam
3164 3560 3440 3601 sacrarum

1879 3648 2173 3716 imaginum
2201 3645 2457 3698 decorem
2490 3639 2748 3699 detrahit,
2781 3653 2843 3692 ac
2865 3637 2910 3691 si
2933 3636 3189 3692 Ecclesia:
3235 3635 3442 3690 lumina

1880 3742 2180 3795 hebetaret.
2216 3739 2292 3791 Ac
2334 3735 2555 3804 quidem
2594 3728 2935 3783 orthodoxus
2979 3727 3199 3795 praesul,
3228 3725 3308 3780 uti
3343 3726 3434 3779 di-

1879 3832 2090 3894 cebam,
2116 3828 2309 3883 exsilio
2341 3824 2601 3887 truditur;
2635 3822 2861 3890 ejusque
2885 3820 3007 3874 loco
3039 3819 3433 3882 mercenarius,

1880 3932 1931 3977 et
1970 3937 2074 3975 nun
2127 3928 2331 3989 pastor,
2391 3913 2634 3985 ejusdem
2687 3926 2811 3965 cum
2866 3896 3095 3978 tyranno
3155 3910 3443 3965 sententias

1881 4011 2068 4078 illique
2122 4009 2398 4075 impietate
2472 4016 2733 4063 concors,
2812 4000 3113 4054 inducitur:
3171 4000 3277 4053 Ara
3320 4015 3439 4052 cam

1880 4095 2104 4166 templo,
2152 4097 2332 4158 aiunt;
2372 4093 2611 4160 olimque
2650 4092 2973 4145 exstinctam
3010 4104 3137 4158 erga
3167 4104 3439 4143 veneran-

1880 4187 2281 4257 das_imagines
2332 4183 2600 4242 haeresim,
2656 4180 2989 4249 postliminio
3039 4179 3275 4233 excitare
3309 4194 3444 4233 con-

1886 4280 2079 4333 tendit.
2115 4277 2218 4330 Sed
2256 4275 2425 4338 enim,
2460 4272 2641 4341 qualia
2693 4271 2785 4325 Dei
2814 4269 3051 4340 judirial
3082 4270 3437 4325 Peccatorutn

1883 4369 2063 4423 statim
2106 4368 2250 4436 virga
2286 4369 2339 4420 in
2382 4381 2482 4419 nos
2511 4362 2778 4418 emittitur
2800 4404 2813 4425 ,
2847 4372 2907 4417 ut
2946 4362 3031 4416 vel
3058 4362 3137 4416 sic
3169 4363 3437 4432 iutelliga.

1885 4476 2024 4521 mus.
2076 4459 2287 4527 qualem
2337 4472 2433 4523 per
2462 4469 2726 4509 summam
2784 4453 3434 4521 dementiam_Dominum

1810 4546 1859 4605 D
1887 4552 1952 4607 ad
2008 4552 2138 4604 iram
2172 4562 2548 4617 provocamus.

1964 4640 2054 4696 XI.
2086 4639 2294 4693 Arabes
2348 4640 2518 4699 enim,
2563 4638 2839 4691 desertum
2868 4636 3013 4705 quod
3039 4646 3123 4691 est
3153 4635 3219 4689 ad
3242 4633 3437 4691 Orien-

1885 4742 1995 4787 tem
2031 4732 2295 4794 colentes,
2326 4729 2525 4784 educto
2580 4730 2842 4783 adversus
2873 4728 3147 4783 Romanos
3174 4726 3436 4792 exercitu,

1887 4824 2084 4877 multas
2115 4838 2307 4877 eorum
2345 4820 2583 4889 pepulati
2619 4829 2747 4874 sunt
2778 4820 3086 4888 provincias
3112 4857 3127 4879 ,
3163 4820 3440 4888 multaque

1883 4916 2047 4967 etiam
2082 4913 2329 4983 praesidia
2358 4911 2727 4980 diripuerunt.
2769 4910 3115 4965 Mouasteriis
3139 4926 3361 4981 quoque
3386 4912 3437 4965 iu

1884 5005 2162 5060 Palmstina
2214 5004 2560 5072 ingruebant,
2613 5017 2676 5056 ac
2731 5002 3126 5056 incursabant:
3194 5019 3427 5071 quorum

1884 5099 2116 5165 primum
2148 5094 2557 5163 maximumque
2609 5092 2778 5147 divini
2833 5092 3042 5148 scilicet
3082 5091 3239 5148 Saba
3294 5104 3436 5156 erat.

1885 5183 1941 5237 in
1974 5198 2085 5253 quo
2118 5198 2347 5253 magnus
2386 5183 2495 5244 hic,
2529 5180 2607 5234 uti
2644 5180 2697 5233 in
2740 5180 3120 5248 superioribus
3149 5182 3355 5236 dictum
3405 5198 3434 5232 a

1884 5274 2046 5327 nobis
2090 5282 2194 5336 est,
2226 5271 2549 5326 Theodorus
2581 5270 2959 5324 exercebatur.

1958 5364 2073 5419 Ill.
2102 5363 2225 5419 llzc
2273 5362 2469 5418 videns
2520 5361 2740 5416 divinus
2790 5361 2883 5415 ille
2933 5360 3439 5432 Hierosolymorum

1460 5621 1560 5680 Fr.
1608 5615 1973 5680 Combefisii
2021 5624 2197 5675 noue.

292 5743 367 5807 (4)
405 5740 598 5811 ’ταῦτα
622 5741 891 5805 βλέπων.
931 5742 1025 5796 His
1062 5741 1435 5811 componenda
1466 5740 1666 5795 Mensa
1711 5739 1777 5794 ad

218 5814 364 5869 diem
427 5810 486 5865 Η
550 5809 832 5876 Octobris,
886 5828 993 5881 quo
1047 5809 1396 5883 Theophanis
1461 5812 1777 5866 memoriam

1895 5736 2067 5797 Graeci
2102 5735 2388 5787 recolunt:
2426 5740 2483 5784 ut
2531 5744 2654 5783 cum
2682 5728 2889 5791 dicunt,
2932 5729 3125 5784 missos
3153 5728 3218 5783 ad
3263 5727 3442 5797 Theo—

1889 5796 2118 5878 philum,
2153 5801 2500 5857 Theodorum
2532 5813 2586 5853 et
2626 5798 3012 5868 Theophanem
3058 5815 3089 5853 a
3130 5796 3442 5871 patriarcha
