4252 6440
239 396 347 460 θη

1329 401 1507 465 νιτΑ
1544 402 1615 467 S.
1645 400 2042 468 THEODORI
2079 408 2384 471 GRAPTI.

3358 421 3468 482 678

238 513 547 578 κοινωνίᾳ,
606 512 646 579 ἦ
699 512 813 566 κᾶν
852 512 1003 580 γοῦν
1060 510 1134 580 τῇ
1187 514 1632 581 συγκαταθέσει
1686 512 1795 568 τῶν

1719 512 1806 567 ῶν
1834 520 1878 578 Α
1906 517 2061 571 nious
2103 534 2376 587 nunquam
2420 519 2741 590 polluantur,
2786 526 2917 576 eius
2960 528 3245 595 quidquam
3286 546 3467 584 assenc

238 599 616 669 Χριστιανῶν
675 605 884 657 πίστιν
937 602 1036 656 παι
1098 606 1424 673 ὁμολογίαν
1469 604 1803 672 ἀθετησόν-

234 709 381 757 των,
418 692 535 748 πᾶν
569 694 714 759 τοὺς
750 695 1099 763 ὀφθαλμοὺς
1138 696 1463 764 ἐκκόψαιεν
1483 738 1499 761 ,
1572 697 1689 751 κᾶν
1735 700 1803 754 τὸ

237 780 416 851 σῶμα
444 785 739 838 καύσαιεν
773 784 854 849 τῷ
882 787 1050 853 πυρι,
1086 788 1427 853 λειπόντων·
1467 792 1497 839 ό
1531 788 1637 841 τοῦ
1667 789 1802 855 Χρι-

234 874 580 929 στοδούλου
612 878 812 943 πατὴρ
839 878 910 929 ἐν
941 876 1184 944 χάριτος
1228 879 1407 944 μοίρᾳ
1461 882 1567 931 τὸν
1614 881 1800 947 λόγον

232 964 366 1032 τοῖς
390 967 688 1032 ἐναντίοις
720 968 1103 1034 ποιούμενος,
1144 968 1469 1031 Οὐδέποτε,
1518 971 1668 1037 πρὸς
1696 973 1801 1023 τὸν

233 1055 507 1124 ὕπαρχον
535 1057 676 1123 ἔφη,
707 1057 1180 1124 προσεκύνησαν
1206 1052 1369 1112 οὗτοι
1398 1062 1604 1114 εικόνα
1643 1077 1656 1089 ·
1703 1061 1798 1111 καὶ

236 1147 375 1197 τίνα
404 1149 700 1213 παθόντες
727 1148 1103 1214 ἐληλύθασιν
1136 1142 1275 1214 ὧδε,
1308 1153 1420 1202 οὐκ
1462 1146 1612 1202 οἶδα.
1644 1150 1799 1215 Πρὸς

172 1289 178 1293 .
235 1237 311 1290 δν
372 1238 689 1307 αὐστηρῶς
717 1239 851 1308 ἐγὼ,
897 1230 1180 1304 Ἀπόστα,
1229 1242 1409 1308 ἔφην.
1460 1243 1741 1295 ἐντεῦθεν
1781 1260 1795 1275 ο

235 1333 350 1385 οὐκ
398 1330 566 1398 οἶδας
618 1333 677 1385 τί
727 1334 966 1401 λέγεις,
1018 1333 1159 1386 οὺδέ
1208 1336 1338 1399 περὶ
1388 1335 1566 1387 τίνων
1609 1334 1800 1389 διαόεο

232 1423 532 1481 ϐαιοῦσαι.

307 1513 434 1567 ΚΘ.
472 1517 533 1569 '0
566 1516 633 1569 δὲ
663 1516 924 1588 ἔπαρχος
960 1518 1130 1587 αὖθις
1168 1523 1443 1585 θωπείαις
1473 1499 1792 1588 ξρίὶιμενοςς

229 1606 410 1667 Μταν,
438 1602 589 1672 εἷπε,
611 1611 759 1676 μίαν
775 1612 968 1678 μόνον
1007 1614 1433 1677 κοινωνήσατε,
1466 1615 1563 1663 καὶ
1591 1614 1795 1678 ἕτερον

230 1700 346 1749 οὐκ
408 1699 783 1768 ἀπαιτοῦμεν
822 1718 836 1732 ⁸
884 1702 981 1756 καὶ
1045 1704 1289 1773 ἔρχομαι
1351 1705 1447 1755 και
1499 1702 1614 1769 ἐγὼ
1667 1705 1794 1771 μεθ’

229 1789 402 1856 ὑμῶν
434 1794 520 1857 είς
569 1792 683 1859 τὴν
728 1795 1085 1862 ἐκκλησίαν,
1146 1797 1244 1849 καὶ
1282 1797 1608 1861 πορεύεσθε
1652 1795 1789 1848 ὅποι

226 1884 418 1946 φίλον
474 1882 632 1951 ὑμῖν.
714 1884 862 1953 Ἐγὼ
918 1886 985 1938 δὲ
1045 1887 1195 1952 πρὸς
1257 1887 1446 1939 αὐτὸν
1507 1886 1788 1952 γελάσας.

228 1972 478 2039 “Onetor
540 1992 593 2027 τι
651 1978 870 2043 λέγεις,
934 1978 1101 2042 κύριε
1149 1981 1181 2029 ό
1263 1980 1545 2043 ἔπαρχος,
1598 1973 1787 2038 εἷπον,

218 2062 427 2132 ὥσπερ
463 2066 539 2116 ἄν
578 2082 667 2130 τις
700 2066 906 2133 ἕτερον
946 2067 1129 2129 ἀξιῶν
1157 2070 1342 2134 λέγοι,
1371 2068 1562 2119 Οὐδὲν
1593 2067 1790 2119 αἰτοῦ-

223 2156 333 2217 μαί
363 2171 458 2219 σε,
498 2157 635 2208 ἀλλ’
662 2156 699 2220 ἢ
732 2157 846 2223 τὴν
875 2157 1001 2223 σὴν
1046 2158 1207 2220 ἅπαξ
1252 2158 1569 2224 ἀποτεμεῖν
1609 2175 1787 2223 κεφα-

222 2246 368 2312 λὴν,
400 2248 498 2300 καὶ
543 2249 611 2302 τὸ
653 2248 803 2316 μετὰ
855 2251 1039 2302 ταῦτα
1082 2252 1344 2316 πορεύου
1378 2250 1528 2302 ὅπου
1569 2250 1784 2316 θέλεις.

224 2339 500 2393 Γίνωσκε
533 2340 757 2402 τοίνυν,
786 2342 865 2405 ὡς
906 2341 1049 2408 ἡμῖν
1085 2341 1181 2394 καὶ
1205 2342 1376 2394 τοῦτο
1394 2343 1467 2394 δι’
1490 2343 1787 2408 αἰσχύνης

220 2430 378 2492 ἐστὶ,
406 2431 471 2482 τὸ
498 2430 729 2497 τολμᾷν
754 2449 887 2484 τινα
921 2432 1076 2497 ὅλως
1103 2433 1252 2499 πρὸς
1294 2437 1607 2485 κοινωνίαν
1631 2432 1787 2500 ἡμᾶς

222 2521 682 2588 προτρέπεσθαι,
741 2528 891 2591 πρὸς
942 2525 1023 2591 ἦν
1070 2528 1251 2589 αὐτὸς
1311 2528 1417 2577 οὐκ
1468 2525 1578 2577 οἷδ’
1628 2527 1784 2591 ὅπως

222 2613 533 2680 παραινεῖς
580 2616 778 2669 ἐλθεῖν
802 2658 817 2679 ,
867 2618 960 2667 καὶ
992 2616 1077 2683 μὴ
1132 2617 1433 2684 πόρρωθεν
1466 2619 1781 2671 πεπεῖσθαι

223 2706 332 2756 τὸν
360 2706 632 2758 τοιοῦτον
657 2748 670 2771 ,
723 2709 801 2772 ὡς
842 2707 993 2775 ῥᾷον
1025 2708 1183 2771 αὐτῷ
1220 2708 1336 2775 τῆν
1379 2710 1472 2761 καί
1524 2710 1782 2777 οὐρανὸν

222 2799 459 2850 ἄνωθεν
482 2799 584 2851 παι
618 2800 884 2853 κάτωθεν
913 2801 1125 2864 ποιεῖν,
1166 2801 1320 2869 ἤπερ
1352 2799 1509 2867 ἡμᾶς
1549 2818 1781 2867 μετατι-

223 2888 391 2940 θέναι
418 2887 527 2952 τῆς
558 2891 890 2953 εὐσεϐείας.
930 2892 1065 2943 Τότε
1108 2891 1410 2958 τραφῆναι
1466 2893 1567 2953 τὰς
1614 2892 1781 2956 ὄψεις

224 2977 393 3043 ἡμῶν
424 2980 687 3034 ἐκέλευε.
722 2982 827 3035 Καὶ
858 2981 933 3047 δὴ
962 2983 1047 3034 ἔτι
1087 2981 1206 3033 τῶν
1226 2983 1293 3033 ἐκ
1323 2980 1438 3033 τῶν
1474 2985 1780 3047 μαστίγων

220 3066 471 3132 πληγῶν
504 3072 1002 3136 φλεγμαινουσὼν
1028 3071 1096 3121 ἐν
1124 3070 1284 3137 ἡμῖν,
1316 3072 1408 3123 καὶ
1437 3072 1778 3138 ἀφορήτους

1905 610 2122 673 tiamur,
2146 612 2235 679 qui
2268 610 2623 666 Christianam
2653 613 2809 679 fidem
2836 633 2897 669 ac
2929 617 3302 683 confessionem
3337 624 3462 676 irri-

1904 707 2011 751 tam
2050 698 2303 766 fecerunt,
2334 705 2413 754 uel
2442 703 2486 755 si
2514 705 2577 755 ab
2616 706 2687 757 eis
2723 705 2867 757 nobis
2907 708 3044 760 oculi
3083 711 3298 764 eruendi
3334 715 3459 773 sint.

1902 788 1984 841 vel
2003 792 2047 843 si
2068 806 2254 860 corpus
2284 794 2393 861 igni
2420 796 2742 848 exurendum
2766 813 2782 849 :
2810 804 2920 849 tum
2948 808 3098 864 pater
3120 798 3457 862 Christoduli,

1900 881 2042 932 velut
2075 884 2182 950 ipse
2222 900 2255 935 a
2300 885 2444 937 nobis
2485 889 2714 954 gratiam
2751 891 2980 941 initurus
3008 905 3026 941 :
3069 890 3351 960 Nunquam
3384 896 3454 957 hi,

1900 970 2067 1036 inquit
2107 973 2179 1024 ad
2216 974 2537 1041 prcfectum,
2592 978 2875 1045 imaginem
2928 979 3316 1045 adoraverunt;
3364 1001 3456 1036 nec

1901 1063 2017 1113 novi
2043 1064 2168 1130 quid
2210 1064 2313 1117 illis
2345 1067 2613 1129 acciderit,
2657 1076 2712 1119 ut
2755 1070 2852 1119 huc
2888 1072 3141 1123 venirent.
3186 1074 3267 1125 Ad
3306 1090 3453 1142 quem

1899 1167 1992 1218 ego
2036 1169 2214 1207 severa
2266 1158 2617 1223 increpatione
2644 1174 2662 1211 :
2698 1158 2949 1221 Abscede,
3008 1163 3257 1229 inquam,
3304 1168 3454 1228 hinc;

1900 1245 2062 1297 nescis
2091 1248 2215 1314 quid
2243 1248 2407 1311 dicas,
2435 1264 2526 1300 nec
2554 1250 2616 1301 de
2640 1252 2823 1317 quibus
2852 1253 3095 1320 aﬂirmes.

1968 1512 2157 1565 XXIX.
2202 1516 2265 1564 At
2298 1515 2564 1581 prtefcctus
2604 1533 2784 1568 rursus
2831 1518 3094 1572 blanditiis
3133 1531 3279 1575 utens
3308 1542 3324 1574 :
3353 1522 3448 1577 Se.

1898 1603 2019 1665 mel,
2070 1606 2260 1672 inquit,
2311 1606 2469 1658 semel
2516 1607 2686 1660 solum
2718 1613 3117 1673 communicate,
3164 1629 3259 1665 nec
3302 1616 3447 1667 aliud

1895 1694 2185 1760 exigimus;
2234 1703 2282 1744 et
2338 1710 2429 1761 ego
2477 1696 2733 1748 vobiscum
2794 1697 2875 1749 ibo
2944 1700 3000 1750 in
3056 1699 3351 1765 ecclesiam;
3401 1713 3448 1756 et

1892 1787 2078 1840 deinde
2107 1793 2196 1848 ite,
2230 1778 2329 1856 quo
2364 1789 2499 1841 vobis
2526 1789 2801 1855 placuerit.
2834 1787 2944 1856 Ego
2974 1806 3093 1843 vero
3122 1793 3169 1844 ei
3190 1792 3301 1845 dixi
3328 1794 3445 1846 sub-

1896 1879 2108 1932 ridens:
2154 1878 2337 1932 Simile
2364 1882 2489 1944 quid
2540 1882 2685 1941 dicis,
2715 1897 2743 1932 ο
2792 1882 2999 1934 domine
3027 1884 3282 1950 prtefccte.
3316 1902 3377 1937 ac
3404 1886 3449 1938 si

1896 1968 2009 2033 quis
2038 1967 2203 2019 alium
2234 1984 2445 2035 rogans,
2478 1970 2654 2021 dicat:
2689 1969 2831 2023 Nihil
2862 1972 3009 2023 aliud
3031 1984 3165 2039 peto.
3197 1990 3354 2042 quam
3392 1984 3447 2025 nt

1893 2058 2053 2109 semel
2074 2060 2320 2110 cervicem
2352 2061 2443 2110 tibi
2475 2059 2816 2123 abscindam;
2847 2072 2894 2113 et
2929 2071 3052 2114 tum:
3084 2074 3259 2131 postea
3292 2068 3439 2125 uade.

1891 2164 1992 2215 quo
2022 2149 2170 2202 velis.
2199 2148 2344 2202 Scias
2391 2166 2534 2218 ergo,
2568 2153 2660 2203 hoc
2687 2169 2888 2221 quoque
2924 2154 3068 2207 nobis
3094 2170 3201 2207 esse
3231 2159 3440 2223 pudori,

1889 2241 2023 2304 quod
2055 2242 2245 2292 audeat
2281 2257 2370 2292 nos
2397 2242 2585 2307 aliquis
2619 2246 2893 2296 adhortari
2922 2247 2991 2297 ad
3020 2250 3435 2301 communionem

1890 2331 1981 2394 (ad
2014 2347 2169 2398 quam
2206 2335 2375 2384 nescio
2401 2335 2655 2399 quomodo
2682 2337 2871 2389 suades
2898 2346 2950 2387 ut
2980 2340 3330 2407 accedamus),
3349 2358 3439 2393 ncc

1888 2420 2012 2473 olim
2044 2438 2347 2488 persuasum
2381 2426 2591 2486 habeat,
2634 2426 2721 2493 qui
2745 2426 3000 2493 ejusmodi
3037 2438 3131 2487 est.
3164 2434 3439 2501 prce-iuius

1880 2512 1966 2565 illi
1994 2529 2099 2566 esse
2130 2522 2185 2566 ut
2210 2515 2394 2566 coelum
2419 2533 2480 2567 ac
2504 2525 2700 2591 terram
2723 2534 2809 2571 sus
2836 2521 2999 2587 deque
3021 2523 3253 2583 misceat,
3279 2540 3436 2590 qnam

1886 2616 1941 2657 ut
1975 2622 2064 2658 nos
2115 2624 2145 2659 a
2194 2609 2385 2673 pietate
2416 2610 2679 2662 traducat.
2730 2610 2869 2664 Tunc
2914 2615 3073 2679 jussit
3110 2616 3319 2668 inscribi
3346 2633 3438 2668 no-

1883 2706 2015 2749 stros
2073 2697 2283 2752 vultus:
2330 2716 2548 2763 cumque
2586 2702 2716 2754 adeo
2763 2715 2986 2767 acceptte
3033 2721 3096 2757 ex
3146 2707 3439 2761 verberibus

1884 2787 2071 2855 plagte.
2107 2804 2210 2855 qua
2236 2790 2510 2856 turgebant
2538 2793 2706 2843 adhuc
2748 2809 2809 2844 ac
2837 2794 3325 2861 inﬂammabantur,
3359 2799 3439 2850 in-

1882 2878 2114 2931 credibili
2170 2895 2259 2931 nos
2314 2882 2489 2932 dolore
2548 2884 2843 2948 adicerent,
2912 2887 3239 2941 extendentes
3281 2906 3436 2958 super

1881 2988 2117 3029 scamna.
2152 2974 2321 3025 vultus
2355 2983 2556 3025 nostros
2585 2976 2963 3042 insculpebant.
2993 2982 3121 3030 Cum
3148 2994 3320 3033 autent
3345 2999 3437 3049 per

1883 3062 2095 3129 longum
2136 3070 2333 3127 tempus
2382 3063 2553 3114 uultus
2592 3076 3028 3133 compungerent,
3075 3071 3197 3120 solis
3246 3086 3432 3123 occasu

223 3158 533 3210 ποιουσῶν
558 3162 659 3225 τὰς
682 3160 923 3227 ὀδύνας,
949 3163 1351 3225 διατείναντες
1378 3163 1471 3212 ἐπὶ
1495 3162 1779 3227 σκάμνων

1718 3173 1845 3230 ora
1882 3157 2231 3224 ingruentibus
2276 3159 2517 3218 tenebris,
2582 3158 2662 3209 vel
2713 3160 2861 3211 inviti
2912 3162 3154 3223 prohibiti
3206 3173 3326 3215 sunt
3368 3180 3431 3215 ne

220 3251 325 3311 τὰς
382 3250 544 3316 ὄψεις
604 3253 967 3306 ἐκόλαπτον.
1030 3254 1159 3305 Ἐπὶ
1220 3252 1463 3319 πολλὴν
1529 3251 1596 3301 δὲ
1662 3251 1774 3316 τὴν

213 3344 375 3407 ὥραν
414 3346 854 3399 ἑκκεντούντων
902 3348 972 3399 τὰ
1035 3348 1357 3413 πρόσωπα,
1425 3346 1645 3410 σκότος

216 3438 335 3501 τὴν
358 3439 442 3501 εις
472 3438 645 3503 τέλος
676 3439 900 3507 ἐπέσχε
936 3438 1188 3507 γραφήν.

284 3530 364 3584 Λ’.
408 3532 745 3598 Μέλλοντες
832 3533 898 3584 δὲ
922 3533 1163 3596 ἐξιέναι,
1186 3534 1333 3598 πρὸς
1364 3532 1470 3585 τὸν
1516 3534 1781 3601 ἔπαρχον

218 3627 318 3671 και
352 3621 487 3683 τοὺς
520 3623 817 3689 παρόντας
838 3662 853 3683 ,
894 3624 968 3674 Τὰ
1002 3622 1310 3689 γράμματα
1359 3623 1563 3683 ταῦτα,
1610 3626 1777 3677 εἴπο-

1873 3627 1959 3689 qui
2004 3632 2225 3674 aderunt
2272 3638 2287 3673 :

1883 3252 2196 3313 scripturam
2229 3262 2430 3297 omnem
2462 3249 2802 3298 absolverent.

1718 3346 1953 3412 ἐγένετο
2027 3342 2342 3403 δεδυκότος
2389 3342 2565 3404 ἡλίου
2594 3359 2607 3369 ·
2672 3342 2701 3391 ὃ
2748 3343 2843 3391 καὶ
2890 3343 2969 3407 μὴ
3013 3345 3425 3412 ,θοι-λοιιένων,

1945 3532 2109 3584 XXX.
2154 3531 2427 3598 Egressan
2481 3544 2597 3579 vero
2650 3531 2871 3581 diximus
2929 3532 3194 3595 pra-lecto.
3245 3543 3293 3585 et
3356 3538 3427 3587 liis

2341 3620 2501 3672 Hasce
2529 3621 2747 3679 litteras,
2808 3622 2960 3687 probe
2996 3624 3152 3684 scitis,
3202 3624 3426 3678 videntes

212 3728 352 3778 μεν.
401 3707 471 3765 εὖ
523 3714 670 3774 [στε,
718 3712 1057 3781 θεασάμενα
1112 3712 1183 3763 τὰ
1214 3715 1523 3781 Χερουϐὶμ,
1552 3716 1780 3781 ὑποχω-

1718 3732 1780 3765 ω-
1843 3713 2154 3781 ,(έίιεηιιιὲιιι
2207 3713 2476 3771 recedent;
2496 3712 2868 3779 ﬂammeusque
2895 3712 3098 3779 gladius
3124 3720 3269 3781 terga
3290 3716 3424 3767 dans

212 3802 417 3869 ρήσει,
445 3804 539 3854 καὶ
577 3805 613 3869 ἡ
642 3807 899 3872 φλογίνη
937 3806 1223 3872 ῥομφαία,
1271 3805 1339 3856 τὰ
1381 3804 1537 3857 νῶτα
1567 3806 1776 3869 δοῦσα,

218 3890 327 3956 τῆς
360 3896 600 3946 εἰσόδου
629 3894 771 3961 ἡμῖν
800 3895 905 3947 τοῦ
936 3896 1303 3961 παραδείσου
1340 3896 1775 3961 παραχωρήσει,

1873 3804 2105 3872 paradisi
2134 3801 2277 3855 nobis
2307 3802 2544 3852 concedet
2569 3802 2875 3869 ingressum.
2910 3803 3000 3868 qui
3026 3811 3228 3855 nostros
3252 3806 3424 3858 rullus

1873 3904 2193 3955 revereatur,
2229 3894 2303 3945 sic
2325 3894 2632 3959 prapudiose
2660 3908 2753 3959 pro
2771 3896 3029 3946 communi
3052 3895 3273 3948 Domino
3299 3912 3424 3951 ess-

213 3984 543 4049 αἱδούμενα
575 3982 679 4048 τὰς
703 3984 871 4051 ἡμῶν
894 3985 1085 4051 ὄψεις,
1119 3987 1225 4049 τὰς
1256 3986 1407 4051 ὑπὲρ
1436 3986 1539 4037 τοῦ
1570 3986 1770 4037 κοινοῦ

1718 3986 1770 4037 >ῦ
1870 3995 2033 4036 ratos.
2091 3984 2191 4038 Uni
2234 3986 2368 4035 enim
2400 4000 2599 4044 sumus.
2638 3985 2689 4035 in
2719 4000 2844 4051 quos
2881 4002 2913 4036 a
2953 3986 3142 4037 seculo
3170 3987 3427 4054 ejusmodi

214 4075 529 4125 Δεσπότου
560 4074 782 4140 ἀτίμως
810 4074 999 4139 οὕτως
1028 4076 1520 4143 ἐτχαραχθείσας.
1555 4079 1769 4139 Μόνσις

1718 4095 1769 4139 ις
1864 4075 2030 4127 scelus
2056 4083 2323 4142 patratum
2351 4075 2435 4125 sit.
2472 4072 2784 4142 Nasumque
2810 4076 2903 4127 hoc
2930 4076 3134 4128 subtilis
3153 4076 3427 4131 eruciandi

215 4162 668 4229 γὰράπ⁹αιώνος
686 4164 830 4231 ἡμῖν
852 4164 1182 4233 πέπρακται
1209 4166 1408 4229 τοῦτο,
1437 4167 1531 4219 καὶ
1562 4169 1768 4220 καινὸν

1718 4169 1768 4218 ὃν
1866 4168 1995 4219 artis
2029 4168 2291 4217 inventum
2316 4173 2387 4216 est
2414 4180 2429 4216 :
2456 4180 2553 4232 quo
2580 4168 2690 4232 ipso
2720 4166 2993 4219 clementes
3015 4168 3313 4221 exbibuistis
3334 4178 3419 4221 at-

214 4254 580 4322 ἐπιτήδευίια
610 4256 849 4323 εὕρηται
873 4272 887 4287 °
920 4257 1015 4309 καὶ
1039 4257 1495 4325 φιλανθρώπους
1543 4256 1767 4310 dissoci-

217 4346 359 4406 εατε
381 4344 632 4408 πάντας,
667 4347 797 4397 ὅσοι
829 4346 979 4402 κατὰ
1007 4346 1113 4399 τοῦ
1156 4348 1315 4398 θείου
1355 4345 1524 4414 ἡμῶν
1555 4347 1766 4414 ἐμάνη-

1863 4274 1961 4327 que
1979 4257 2253 4320 humanos,
2280 4267 2527 4326 quotquot
2558 4258 2830 4309 adversum
2858 4258 3209 4313 CLristianum
3230 4262 3419 4330 dogma

1871 4352 2020 4415 furiis
2071 4352 2263 4402 invecti
2316 4350 2525 4417 tyranni
2585 4350 2879 4402 uerierunt.
2939 4348 3004 4402 In
3060 4350 3194 4419 faeie
3241 4362 3417 4405 autem

216 4448 337 4484 σαν
391 4432 703 4500 δόῃιατος.
770 4433 873 4487 Ἐν
914 4432 981 4485 δὲ
1036 4431 1115 4496 τῷ
1170 4409 1467 4499 πρςσώπφ
1510 4409 1795 4500 Χριστούέ

1718 4409 1763 4485 νύ
1792 4409 1843 4468 D
1870 4409 2063 4492 Christi
2103 4457 2315 4506 prorsus
2338 4409 2655 4507 agnoscetis,
2691 4409 3099 4509 prostabuntque
3120 4444 3199 4495 lue
3228 4442 3417 4495 litterc

216 4524 453 4588 πάντως
502 4525 930 4591 ἐπιγνώσεσθε,
983 4526 1079 4577 καὶ
1130 4528 1217 4589 είς
1248 4524 1596 4593 ἀνάγνωσιν
1627 4524 1772 4591 ὑμῖν

1718 4524 1772 4575 ⁷ν’
1866 4542 1922 4584 ut
1957 4551 1986 4585 a
2021 4534 2160 4585 vobis
2192 4532 2455 4599 legantur.
2485 4532 2601 4599 Ipse
2636 4549 2859 4602 namque
2887 4534 3020 4586 dixit
3048 4549 3065 4585 :
3104 4551 3122 4583 ι
3155 4533 3413 4597 ουσιαι·-

214 4613 711 4677 παραστήσονται
742 4614 908 4665 ταυτὶ
944 4612 1015 4665 τὰ
1065 4612 1388 4682 γράμματα.
1428 4617 1617 4678 Αὐτὸς
1660 4617 1766 4681 γὰρ

1718 4620 1766 4681 ip
1863 4640 1961 4692 que
1987 4626 2173 4691 fecistis
2208 4626 2297 4675 uni
2329 4640 2389 4674 c1:
2422 4626 2497 4675 his
2527 4625 2773 4686 minimis,
2806 4625 2930 4676 mihi
2958 4625 3148 4693 fecistis
3181 4626 3247 4679 ".
3279 4644 3297 4676 ι

214 4701 474 4766 εἴρηκεν,
518 4703 536 4749 ι
576 4702 721 4753 Ὅσα
784 4702 860 4755 ἂν
888 4702 1207 4769 ἐποιήσατε
1239 4703 1324 4755 ἐνὶ
1389 4705 1613 4756 τούτων
1647 4705 1761 4757 τῶν

212 4792 572 4858 ἐλαχίστων,
608 4793 735 4859 ἐμοὶ
765 4793 1109 4857 ἐποιήσατε.
1152 4813 1168 4844 ι

282 4880 406 4932 ΛΑο.
481 4883 734 4943 Τούτους
788 4881 927 4946 τοὺς
975 4883 1197 4948 λόγους
1263 4883 1341 4947 ὡς
1402 4884 1665 4949 ἤκουσεν
1723 4888 1755 4938 ὁ

1929 4888 2109 4941 XXXI.
2137 4889 2239 4941 Hos
2260 4904 2523 4941 sermones
2564 4900 2617 4941 ut
2640 4906 2703 4943 ex
2727 4891 2966 4958 profecto
2982 4893 3148 4943 audiit
3177 4895 3409 4961 impera-

206 4969 505 5033 ,βασιλεὺς
545 4970 641 5021 διὰ
686 4972 789 5023 τοῦ
833 4972 1117 5040 ἐπάρχου,
1179 4972 1351 5037 ἔδοξε
1383 4976 1585 5044 λέγειν
1642 4978 1760 5029 ὑπὸ

1718 4978 1760 5027 ’ὸ
1822 4996 1832 5024 ς
1863 4993 1960 5046 tor,
1996 4984 2133 5036 istud
2157 4984 2427 5037 dicendum
2459 4986 2683 5051 putavit,
2716 4987 3003 5045 rationum.
3034 4997 3178 5054 puto,
3210 4992 3413 5057 ρεηρὲ-

213 5058 323 5124 sic
383 5059 499 5113 τῶν
538 5061 854 5129 λογισμῶν
888 5064 1218 5132 ἐναργείας,
1252 5066 1329 5128 ὡς
1362 5062 1542 5134 οἶμαι,
1586 5084 1758 5119 κατα·

214 5153 574 5217 σροντηθείς·
635 5155 700 5206 El
733 5153 1072 5221 ἐπιστὰμην
1096 5155 1316 5221 ἀληθὲς
1366 5152 1517 5209 εἶναι
1565 5159 1757 5222 τοῦτο,

214 5241 391 5294 παντὶ
444 5242 521 5305 τῷ
570 5241 696 5306 λαῷ
746 5261 863 5310 μου
918 5246 1103 5310 οὕτως
1166 5246 1241 5299 ἂν
1288 5247 1471 5301 ταῦτα
1510 5250 1759 5317 ἔγραψα.

224 5334 417 5403 Ἡμεῖς
438 5335 553 5403 μὲν
567 5332 672 5390 οὖν
703 5336 908 5400 ταῦτα.
940 5338 1185 5392 πολλῶν
1201 5340 1388 5392 ὄντων
1415 5344 1508 5394 καὶ
1536 5343 1758 5407 ἄλλων,

1862 5076 2051 5127 cuitate
2079 5074 2369 5126 attonitus:
2404 5070 2466 5124 ld
2495 5088 2583 5140 ego
2620 5074 2663 5124 si
2695 5088 2869 5125 verum
2905 5089 3015 5125 esse
3058 5076 3261 5134 scirem,
3291 5091 3404 5127 eum

1862 5167 1914 5217 in
1945 5165 2153 5215 modum
2191 5178 2314 5215 mete
2361 5164 2525 5215 omnis
2558 5162 2715 5228 plebis
2760 5164 2981 5217 uultibus
3008 5166 3128 5217 hac
3162 5166 3405 5221 inscribe-

1859 5271 1983 5305 rent.
2028 5252 2131 5306 Nos
2154 5268 2290 5315 aera,
2326 5268 2441 5304 cum
2464 5252 2571 5304 alia
2601 5268 2801 5319 quoque
2827 5252 2980 5319 plura
3008 5258 3131 5316 sint,
3162 5256 3268 5308 hec
3294 5256 3411 5308 bre-

1857 5348 1965 5399 vius
1999 5345 2400 5404 declaravimus,
2435 5344 2523 5411 qui
2560 5360 2738 5396 eorum
2768 5361 2882 5413 qua:
2912 5353 3055 5413 gesta
3090 5354 3232 5408 sunt,
3268 5344 3407 5398 mul-

211 5427 638 5495 ἐπιτομώτερον
689 5428 1107 5496 δεδηλώκαμεν
1141 5472 1154 5492 ,
1208 5430 1325 5483 τῶν
1375 5435 1759 5499 πραχθέντων

1718 5452 1759 5486 ιν
1857 5447 1932 5488 tos
1980 5445 2129 5487 testes
2168 5436 2487 5487 habeamus:
2540 5450 2666 5501 quos
2710 5435 2834 5487 bene
2861 5438 2963 5487 scio
3007 5436 3143 5489 hisce
3171 5436 3323 5502 plura
3352 5446 3405 5487 st

212 5518 479 5581 πολλοὺς
508 5521 747 5587 ἔχοντες
776 5522 1122 5587 μάρτυρας·
1185 5523 1418 5586 οἵτινες,
1471 5520 1537 5576 εὖ
1590 5520 1747 5589 οἶδα,

212 5611 307 5659 καὶ
342 5612 566 5661 τούτων
598 5615 849 5663 πλείονα
883 5611 975 5663 καὶ
1011 5613 1390 5681 σαφέστερον
1434 5615 1753 5683 διηγήσον-

285 5790 327 5820 ι·
355 5787 539 5841 Matth.
569 5804 688 5854 xxv,
715 5792 802 5845 ιο.

1854 5530 2083 5593 apertius
2110 5543 2215 5578 csse
2251 5535 2582 5584 narraturos,
2614 5528 2701 5593 qui
2722 5528 2931 5591 scilicet,
2969 5544 3081 5595 qua-
3113 5538 3232 5579 tunc
3260 5529 3401 5594 facta

1852 5617 2088 5685 dictaque
2121 5626 2259 5676 sunt,
2293 5614 2432 5664 nobis
2465 5614 2643 5665 melius
2675 5614 3014 5669 observarunt
3065 5615 3238 5685 Neque
3261 5617 3399 5670 enim
