4252 6440
247 391 363 455 685

1418 386 1598 447 VlTA
1643 388 1705 447 S.
1745 385 2065 447 JOANNIS
2105 386 2375 447 EVANG.

3396 381 3499 445 686

249 500 420 551 παῖδα
472 496 916 567 παραλαμόάνει,
970 494 1307 565 κληρονόμον
1361 495 1462 566 τῆς
1520 494 1829 560 ἁλιευτικῆς
1860 498 1903 553 Α

1815 512 1829 553 ;
1860 498 1903 553 Α
1932 504 2050 547 erat
2077 496 2221 548 illius
2278 492 2417 562 patri
2454 511 2465 545 :
2500 501 2555 546 et
2601 490 2884 546 fatuiliaris
2912 504 2978 545 ac
3030 489 3328 545 domestica
3376 508 3494 547 erat.

255 591 651 659 ποιησάμενος.
698 590 1008 643 Ἐκοινώνει
1038 588 1136 657 μὲν
1171 585 1265 638 οὖν
1294 586 1393 654 τῆς
1419 586 1617 655 τέχνης
1646 587 1673 637 ὁ
1697 587 1828 644 παῖς

249 680 333 746 τῷ
373 686 562 749 πατρὶ,
599 678 693 731 καὶ
718 675 787 748 ἧν
825 678 1152 747 ἀμφοτέροις
1185 675 1435 737 σύνοικος
1461 676 1495 745 ἡ
1524 674 1707 727 πενία.
1766 672 1832 724 Τί

253 773 371 842 γάρ
400 772 729 840 πενέστεροι·
764 769 878 837 ἔχοι
915 786 996 831 τις
1031 768 1098 821 ἂν
1129 768 1305 819 εἰπεῖν
1358 765 1577 830 ἁλιέων,
1606 764 1639 835 ἢ
1684 753 1838 816 εὐτεὲ

262 862 556 931 λέστερονς
601 852 705 911 Ὧν
748 853 826 921 εἷς
855 860 949 911 καὶ
974 851 1130 919 οὗτος
1162 852 1229 923 ἦν
1256 859 1284 910 ὀ
1310 857 1411 925 τῆς
1445 854 1699 925 ἀληθείας
1738 854 1838 920 κή-

263 952 365 1020 ρυξ
397 967 455 1002 τε
488 950 585 1003 καὶ
614 950 957 1012 διδάσκαλος.
1014 950 1121 1001 Καὶ
1148 950 1209 1001 τό
1236 965 1299 1016 γε
1331 948 1521 1018 μεῖζον
1560 948 1642 1009 είς
1685 946 1836 997 εὐτε-

255 1044 408 1104 λείας
443 1041 743 1106 ἀπόδειξιν,
796 1042 878 1093 ὅτι
934 1041 1070 1110 μηδὲ
1103 1042 1211 1093 ἀπὸ
1247 1042 1345 1109 τῆς
1402 1038 1681 1105 Θαλάσσης
1709 1036 1837 1105 ἐθή-

262 1152 443 1206 ρευεν,
464 1134 579 1186 ἀλλ’
613 1133 669 1184 ἓν
700 1150 807 1185 τινι
844 1132 1075 1201 βραχείᾳ
1100 1134 1263 1201 λίμνῃ
1305 1128 1525 1199 σὺναμα
1558 1128 1636 1197 τῷ
1672 1128 1839 1196 πατρὶ

258 1226 357 1279 καὶ
384 1225 461 1291 τῷ
488 1223 705 1293 ἀδελφῷ
744 1223 990 1291 Ὶακώὸῳ
1024 1221 1260 1292 διέτριϐε
1296 1222 1388 1272 καὶ
1448 1219 1578 1290 περὶ
1632 1217 1837 1286 ταύτην

261 1317 582 1385 ἐστρέφετο,
614 1314 959 1384 διερρωγότα
998 1315 1098 1384 μὲν
1130 1315 1354 1381 ράπτων
1396 1312 1593 1364 δίκτυα
1648 1308 1698 1379 (ὃ
1746 1309 1841 1361 καὶ

263 1410 399 1462 αὖτδ
424 1408 614 1471 πενίας
640 1409 737 1477 τῆς
769 1406 1004 1476 ἐσχάτης
1037 1405 1364 1475 ἐτύγχανε),
1394 1405 1461 1475 τῇ
1491 1404 1548 1457 δὲ
1589 1404 1698 1455 τῶν
1728 1420 1841 1473 χει-

267 1502 377 1571 ρῶν
434 1502 670 1571 ἐργασίᾳ
708 1501 807 1569 τὴν
841 1500 949 1551 τῶν
998 1499 1312 1565 ἀναγκαίων
1342 1494 1842 1567 παραμυθούμενος

266 1595 499 1646 ἔνδειαν.
543 1595 865 1661 Ἑλληνικῆς
899 1592 998 1660 μὲν
1032 1587 1124 1643 οὖν
1155 1591 1401 1652 παιδείας
1454 1592 1699 1658 μετεῖχεν
1720 1590 1841 1640 οὐδὲ

266 1687 464 1755 βραχύ.
504 1686 611 1737 Καὶ
644 1687 853 1755 μάρτυς
896 1686 923 1735 ό
952 1684 1096 1744 θεῖος
1139 1683 1376 1747 Λουκᾶς,
1428 1682 1647 1749 ἰδιώτην
1676 1680 1840 1733 αὐτὸν

270 1777 569 1829 ἀποκαλῶν
622 1775 715 1829 καὶ
770 1776 1154 1846 ἀγράμματον.
1194 1773 1290 1828 Ἓν
1318 1773 1477 1825 τοῦτο
1507 1774 1670 1843 μόνον
1696 1768 1841 1841 εἶχεν

268 1864 350 1929 οἷς
407 1866 757 1936 ἐγνωρίζετο,
818 1868 878 1917 τὸ
913 1865 1207 1934 ἐπίσημον,
1246 1864 1340 1915 καὶ
1391 1864 1599 1934 ταύτην
1630 1863 1841 1934 ἀγαθὴν

273 1958 340 2005 ὲκ
390 1956 651 2023 πατέρων,
681 1948 831 2005 εἷλκε
861 1956 1075 2023 σειρὰν,
1106 1953 1205 2022 τὴν
1237 1952 1542 2006 εὺσέὃειαν.
1587 1953 1739 2004 Ἐπεὶ
1764 1952 1841 2017 δὲ,

266 2052 335 2103 τά
362 2064 421 2100 τε
464 2050 558 2114 τῆς
608 2049 765 2111 σκιᾶς
800 2048 964 2117 ᾔρετο
1024 2048 1196 2114 νέφη,
1231 2046 1324 2098 καὶ
1377 2045 1445 2097 τὰ
1489 2046 1598 2097 τῶν
1658 2045 1844 2097 τύπων

268 2144 639 2206 μεταπίπτειν
665 2143 744 2201 είς
765 2141 862 2205 τὴν
882 2139 1140 2204 ἀλήθειαν
1166 2136 1390 2206 ἦρξατο,
1418 2139 1509 2189 καὶ
1541 2137 1625 2198 σὺ,
1650 2137 1843 2205 Κύριε,

262 2233 291 2281 ὁ
329 2230 537 2289 πλάσας
589 2231 903 2297 καταμόνας
938 2232 1034 2290 τὰς
1068 2228 1292 2296 καρδίας
1328 2228 1507 2297 ἡμῶν,
1543 2229 1602 2279 οὐ
1632 2229 1843 2279 διεσκέ-

265 2326 433 2386 δασας
461 2328 558 2393 τὴν
595 2323 713 2394 μεθ’
768 2325 923 2392 ἡμῶν
950 2322 1216 2391 διαθήκην
1245 2339 1360 2384 σου,
1394 2322 1508 2374 ἀλλ’
1562 2322 1684 2374 ἰδὼν
1708 2318 1847 2383 εἶδες

273 2419 375 2487 τὴν
413 2424 655 2471 κάκωσιν
694 2416 788 2468 τοῦ
828 2415 1069 2485 Ἰσραὴλ,
1118 2416 1213 2466 καὶ⁵
1264 2416 1401 2483 μήτε
1434 2414 1533 2483 τῆς
1591 2414 1844 2482 θεότητος

269 2511 492 2571 ἐκστάς,
532 2510 717 2576 ἐγένου
747 2508 812 2559 δι’
840 2509 989 2575 ἡμᾶς
1049 2508 1450 2574 ἀναμαρτήτως
1491 2506 1629 2574 ὅπερ
1666 2508 1846 2574 ἡμεῖς,

272 2606 411 2672 μήτε
478 2602 568 2653 τὸν
618 2600 711 2652 τοῦ
762 2602 975 2669 Πατρ“ς
1004 2597 1194 2667 θρόνον
1224 2596 1529 2660 ἀπολιπὼν,
1579 2597 1849 2666 παρθένον

272 2696 499 2762 ᾤκησας
530 2691 599 2744 δι’
631 2694 729 2762 ἐμὲ
757 2735 771 2758 ,
812 2692 875 2744 ἶν’
922 2694 1033 2759 ἐγὼ
1068 2691 1379 2759 κατοικήσω
1406 2690 1534 2752 τοὺς
1562 2690 1846 2759 οὐρανοὺς,

272 2786 369 2837 τοῦ
428 2802 489 2837 τε
549 2785 784 2839 παλαιοῦ
838 2784 1132 2852 πτώματος
1184 2782 1533 2851 ἀνακληθεὶς,
1596 2783 1689 2833 καὶ
1750 2783 1848 2850 τῆς

273 2876 556 2943 ἁμαρτίας
608 2875 970 2940 ἀπαλλαγεὶς,
1010 2875 1106 2925 καὶ
1137 2873 1235 2942 τὴν
1263 2872 1535 2943 προτέραν
1574 2872 1848 2924 υἱοθεσίαν

276 2967 609 3021 ἀπολαϐών·
651 2968 759 3019 ἔδει
795 2968 851 3018 δὲ
905 2969 994 3019 καὶ
1049 2966 1299 3036 μαθητάς
1334 2961 1475 3018 εἶναι
1529 2966 1605 3035 τῷ
1633 2967 1728 3035 τῆς
1775 2970 1851 3019 οἰ-

275 3058 541 3127 κονομίας
599 3059 883 3129 μυστηρίῳ
916 3058 1371 3126 διακονήσοντας⁶
1422 3057 1545 3109 τότε
1603 3060 1849 3109 καλεῖται

1936 588 2152 655 utrique
2198 596 2490 654 paupertas
2522 601 2536 638 :
2592 583 2721 653 quid
2754 583 2903 636 enim
2949 583 3244 651 pauperius
3267 592 3322 636 et
3354 583 3505 656 abje—

1933 677 2078 728 ctius
2118 676 2303 729 dicere
2331 676 2603 744 quispiam
2658 673 2882 743 poterit,
2916 688 3077 742 quam
3132 674 3243 728 sint
3271 676 3507 743 piscato-

1936 764 2067 818 res?
2108 780 2343 833 quorum
2398 767 2485 818 hic
2533 781 2676 818 unus
2728 775 2850 817 erat
2909 778 3087 831 praaco
3153 766 3398 817 veritatis
3444 782 3507 817 ac

1936 865 2261 924 praeceptor.
2302 856 2569 924 Quodque
2602 858 2774 926 majus
2803 865 2887 909 est
2934 855 3000 907 ad
3059 856 3501 923 abjectionisdc-

1942 950 2422 1012 monstrationem,
2473 964 2580 1002 non
2619 950 2671 1000 in
2728 950 2862 1001 mari
2924 949 3267 1016 piscabatur,
3298 949 3391 1001 sed
3447 954 3499 1001 in

1937 1040 2092 1094 brevi
2132 1040 2378 1108 quodam
2428 1042 2547 1093 lacu
2599 1053 2703 1092 una
2753 1055 2876 1093 cum
2906 1050 3058 1108 patre
3101 1050 3157 1095 et
3212 1040 3381 1095 fratre
3417 1041 3504 1094 Ja-

1938 1135 2076 1187 coho
2120 1133 2462 1196 versabalur,
2517 1141 2673 1201 rupta
2740 1133 2983 1187 sarciens
3040 1134 3173 1187 retia
3233 1131 3401 1202 (quod
3454 1145 3510 1186 et

1942 1224 2117 1292 ipsum
2143 1232 2401 1277 extremm
2431 1226 2772 1292 paupertatis
2800 1236 2940 1291 erat}
2974 1240 3037 1277 ac
3071 1241 3330 1278 tnanuum
3369 1229 3506 1279 arti-

1944 1316 2072 1369 licio
2110 1319 2406 1371 consolans
2432 1320 2872 1371 necessariorum
2910 1319 3286 1385 indigentiam.
3320 1319 3507 1386 Itaque

1938 1409 2265 1463 Graecanica:
2290 1410 2595 1478 disciplina:
2635 1427 2703 1464 ne
2737 1411 2790 1462 in
2816 1411 3033 1463 modico
3069 1411 3294 1479 quidem
3330 1402 3498 1480 parti-

1945 1516 2075 1570 ceps
2108 1512 2246 1556 erat.
2302 1501 2483 1571 Cujus
2535 1502 2615 1555 rei
2650 1504 2805 1557 testis
2860 1512 2944 1555 est
2992 1501 3152 1555 divus
3188 1501 3364 1555 Lucas
3417 1504 3510 1571 qui

1943 1594 2120 1661 ipsum
2159 1595 2381 1646 idiotam
2413 1604 2571 1647 vocat
2600 1603 2655 1646 et
2679 1594 2917 1645 alienum
2967 1608 2993 1651 a
3028 1594 3225 1647 litteris
3260 1594 3302 1647 ¹.
3331 1593 3508 1647 Unum

1946 1689 2051 1739 hoc
2091 1688 2268 1739 solum
2325 1687 2561 1738 habebat
2605 1685 2819 1753 insigne
2852 1701 2963 1753 quo
3015 1694 3423 1753 agnosceretur,
3456 1697 3512 1740 et

1952 1781 2152 1833 bonum
2186 1780 2290 1831 hoc
2345 1778 2621 1831 vinculum
2663 1793 2693 1830 a
2724 1779 2971 1846 patribus
2994 1779 3264 1840 trahebat,
3320 1796 3513 1848 ticinpe

1957 1873 2235 1940 pietatem.
2269 1870 2372 1925 Ubi
2420 1881 2605 1924 autem
2663 1872 2981 1924 umbratica:
3020 1871 3233 1926 nebqu
3289 1874 3513 1927 elevatae

1950 1972 2103 2024 sunt,
2136 1973 2194 2016 et
2225 1980 2287 2015 ea
2323 1977 2445 2029 quae
2501 1962 2801 2031 ﬁgurarum
2846 1972 3005 2016 erant
3032 1964 3260 2016 transire
3283 1963 3334 2014 in
3366 1964 3512 2015 veri-

1951 2064 2117 2107 tatem
2166 2063 2458 2122 caaperunt
2490 2073 2504 2109 :
2535 2066 2594 2108 et
2626 2065 2711 2115 ttt,
2753 2054 3005 2112 Domine.
3056 2054 3151 2122 qui
3201 2056 3514 2123 singulatim

1950 2146 2149 2198 tinxisti
2176 2146 2339 2198 corda
2368 2154 2552 2199 nostra
2588 2146 2629 2208 ³,
2650 2162 2756 2197 non
2779 2146 3085 2213 dispersisti
3122 2156 3508 2199 testamentum

1950 2238 2134 2291 tuum‘
2157 2239 2301 2305 quod
2328 2238 2611 2291 nobiscum
2654 2246 2872 2303 pactum
2898 2250 3036 2300 erat,
3081 2242 3175 2293 sed
3211 2240 3403 2293 videns
3440 2240 3517 2291 vi-

1946 2333 2071 2384 disti
2115 2330 2469 2383 alllictionem
2501 2330 2662 2382 Israel
2698 2340 2794 2383 :et
2838 2346 2946 2382 non
2976 2340 3175 2385 exutus
3221 2333 3509 2386 divinitate

1951 2438 2182 2491 propter
2216 2438 2316 2475 nos
2346 2423 2522 2476 factus
2549 2438 2611 2477 es
2667 2423 2720 2475 id
2753 2423 2897 2491 quod
2938 2439 3061 2487 nos,
3100 2423 3220 2477 sine
3263 2434 3510 2492 peccato,

1951 2526 2007 2569 ct
2063 2516 2261 2568 throno
2297 2515 2472 2569 Patris
2511 2532 2617 2569 non
2656 2516 2867 2580 relicto,
2898 2515 3175 2584 Virginem
3204 2517 3517 2570 inliahitasti

1951 2616 2175 2675 propter
2230 2623 2358 2669 me,
2412 2616 2474 2661 ut
2530 2623 2631 2675 ego
2685 2607 2856 2660 etelos
2908 2607 3390 2674 inlnhitarem;et
3447 2625 3511 2662 ex

1953 2700 2120 2752 veteri
2146 2714 2274 2752 casu
2303 2710 2610 2755 revocatus.
2636 2710 2691 2753 et
2712 2700 2855 2752 liber
2881 2715 2910 2752 a
2934 2709 3160 2767 peccato
3190 2715 3254 2753 ac
3286 2701 3517 2769 primam

1958 2790 2311 2857 adoptionem
2341 2790 2672 2858 suscipiens,
2698 2790 2939 2857 oportuit
2959 2804 3089 2843 sane
3118 2804 3240 2844 esse
3269 2799 3326 2844 et
3355 2791 3520 2845 disci-

1954 2887 2111 2946 pulos
2147 2881 2241 2949 qui
2294 2882 2555 2949 mysterio
2613 2880 3048 2949 dispensationis
3100 2883 3517 2936 ministrarent:

1955 2985 2087 3024 tunc
2121 2972 2344 3041 quidem
2409 2981 2637 3025 vocatur
2673 2972 2923 3026 Andreas
2968 2985 3026 3027 et
3085 2973 3310 3037 Petrus;
3353 2975 3521 3028 adt-o—

1954 3073 2111 3117 catur
2139 3073 2319 3116 autem
2344 3072 2401 3115 et
2435 3064 2522 3116 hic
2547 3063 2641 3131 qui
2673 3064 2819 3118 circa
2846 3065 3022 3134 pisces
3049 3065 3257 3120 etretia
3283 3082 3348 3121 ac
3367 3066 3522 3121 lacus

276 3152 378 3220 μὲν
407 3151 663 3221 Ἀνδρέας
687 3153 779 3202 καὶ
816 3151 1046 3219 Πέτρος,
1074 3149 1465 3218 προσκαλεῖται
1486 3149 1541 3201 δὲ
1564 3151 1658 3202 καὶ
1691 3151 1854 3212 αὐτὸς
1880 3164 1924 3226 C

1840 3164 1924 3226 :C
1960 3157 2283 3210 versabatur
2318 3174 2334 3210 :
2368 3166 2426 3210 et
2470 3157 2660 3225 jussus
2716 3158 2878 3213 Verbi
2932 3173 3067 3214 voce
3119 3169 3178 3213 ut
3236 3158 3519 3213 hominum

278 3235 438 3303 οὗτος
470 3242 497 3293 ὁ
531 3240 658 3309 περὶ
701 3240 892 3293 δίκτυα
925 3242 1018 3291 καὶ
1052 3238 1203 3308 ἰχθῦς
1233 3241 1328 3291 καὶ
1366 3238 1563 3307 λίμνας
1619 3240 1851 3308 στρεφό-

281 3351 473 3403 μενος·
501 3334 594 3386 καὶ
620 3333 923 3402 ἀνθρώπων
952 3332 1134 3394 ἁλιεὺς
1194 3334 1345 3401 παρά
1389 3332 1492 3399 τῆς
1540 3332 1633 3385 τοῦ
1674 3334 1850 3400 Λόγου

281 3429 467 3495 φωνῆς
500 3425 863 3477 καθίστασθαι
890 3424 1224 3487 κελευσθεὶς,
1255 3425 1349 3477 τὸν
1377 3426 1592 3494 πατέρα
1624 3426 1719 3477 καὶ
1761 3427 1851 3477 τὸν

282 3517 512 3583 ἀδελφὸν
536 3515 695 3577 εὐθὺς
719 3514 812 3566 καὶ
832 3514 891 3564 τὸ
924 3514 1131 3579 σκάφος
1159 3512 1465 3579 ἀπολιπὼν,
1492 3515 1569 3581 τῷ
1600 3514 1853 3565 καλοῦντι

281 3611 615 3661 συνάπτεται
636 3621 652 3636 °
680 3606 773 3658 καὶ
798 3604 889 3656 τὸν
914 3604 1008 3656 ἰπὶ
1035 3604 1137 3673 γῆς
1187 3603 1473 3674 ἄνθρωπον
1524 3604 1615 3654 διά
1646 3604 1736 3655 τὸν
1758 3606 1850 3655 οὐ·

286 3703 471 3772 ράνιον
506 3699 823 3760 ἀποδύεται,
854 3700 1042 3770 ψυχῶν
1075 3714 1133 3749 τε
1180 3698 1415 3764 λογικῶν
1460 3697 1651 3751 ἀλείαν
1682 3714 1854 3766 μεια-

284 3794 570 3863 μανθάνει,
630 3791 825 3859 καὶτῷ
854 3789 1161 3859 διδασκάλῳ
1211 3789 1332 3843 κατ’
1379 3789 1525 3858 ἴχνος
1587 3788 1853 3858 ἑπόμενος

282 3888 411 3947 τοὺς
449 3885 678 3953 ἐχθροὺς
707 3883 920 3951 ἀγαπᾷ,
952 3882 1169 3948 εὑλογτῐ
1218 3881 1346 3945 τοὺς
1374 3881 1691 3943 διώκοντας.
1746 3882 1858 3933 Καὶ

289 3976 581 4029 συνελόντα
612 3975 801 4042 φάναι,
834 3976 924 4024 τὸν
958 3972 1151 4025 τούτου
1210 3972 1374 4041 νόμον
1410 3972 1543 4039 πρὸς
1567 3970 1858 4041 ἀκρίϐειαν

289 4067 703 4121 ἐκπαιδεύεωγ
766 4067 860 4118 καὶ
908 4064 1001 4117 τοῦ
1034 4062 1321 4115 παιδευτοῦ
1358 4062 1602 4115 τοιούτου
1656 4063 1856 4131 τυχὼν,
1924 4064 1929 4069 ⁷

287 4167 390 4231 τὴν
418 4162 672 4213 πσιόείαν
704 4160 965 4227 ἀνάλογον
999 4159 1387 4211 ἐπιδείκνυται.
1420 4158 1527 4209 Καὶ
1558 4156 1856 4218 ἀναϐάσεις

289 4260 345 4305 εν
395 4258 460 4322 τῇ
523 4253 719 4321 καρδία⁵
752 4251 1151 4320 διατιθέμενος,
1199 4248 1446 4318 μαθητὴς
1501 4249 1857 4313 οἰκειότατος,

291 4347 463 4413 κῆρυξ
518 4345 979 4412 θεολογικώτατος
1030 4344 1266 4410 γίνεται.
1298 4344 1485 4403 Πάσας
1520 4341 1860 4406 παιδαγωγεί

291 4458 386 4498 τα,
427 4441 708 4505 αἰσθήσεις
729 4454 743 4469 ·
779 4438 916 4498 ὅλως
948 4434 1245 4488 οἰκειοῦται
1271 4436 1338 4504 τῇ
1368 4433 1661 4502 παρθενίᾳ,
1715 4430 1857 4484 οὕτω

1956 3248 2192 3318 piscator
2245 3250 2692 3311 constitueretur,
2745 3251 2998 3317 protinus
3036 3260 3189 3318 patre
3231 3266 3295 3305 ac
3346 3252 3519 3304 fratre

1956 3337 2274 3405 scaphaque
2331 3336 2560 3400 relictis,
2589 3338 2641 3390 ei
2670 3338 2763 3405 qui
2797 3352 2855 3390 se
2904 3339 3133 3392 vocabat
3182 3339 3521 3409 adjungitur,

1958 3436 2013 3481 et
2042 3435 2260 3481 terreno
2312 3426 2537 3480 homine
2586 3430 2806 3481 exuitur
2853 3437 3077 3497 propter
3110 3431 3423 3494 caelestem,
3459 3445 3523 3483 ac

1960 3518 2316 3585 piscationem
2348 3522 2655 3574 animarum
2692 3530 3091 3574 transmutatus
3148 3520 3408 3582 addiscit,
3467 3531 3522 3575 et

1960 3608 2320 3678 Praeceptoris
2344 3611 2571 3680 vestigia
2611 3621 2858 3675 secutus,
2898 3610 3150 3663 inimicos
3173 3609 3371 3680 diligit,
3395 3627 3520 3678 per—

1958 3712 2247 3768 sequentes
2280 3703 2566 3757 benedicit.
2595 3703 2771 3771 thue
2800 3718 2908 3755 uno
2932 3704 3098 3756 verbo
3143 3703 3443 3767 absolvam,
3468 3704 3521 3756 in

1960 3792 2122 3861 hujus
2147 3795 2267 3861 lege
2297 3803 2491 3848 exacte
2524 3796 2839 3858 instruitur,
2868 3795 3141 3863 talemque
3164 3806 3357 3849 nactus
3381 3810 3523 3863 pra:-

1961 3894 2264 3952 ceptorem,
2312 3885 2551 3940 similem
2641 3886 2984 3940 demonstrat
3030 3888 3399 3954 disciplinam,
3468 3900 3525 3942 ct

1960 3977 2308 4031 ascensiones
2364 3977 2420 4031 in
2450 3978 2616 4033 corde
2667 3978 2984 4047 disponens,
3012 3979 3315 4049 discipulus
3363 3982 3524 4035 fami-

1965 4066 2315 4129 liarissimus,
2344 4082 2410 4120 ac
2430 4082 2610 4135 praeco
2657 4068 2893 4120 maxime
2950 4066 3236 4135 theologus
3263 4067 3523 4120 eﬂicitur.

1960 4158 2165 4212 Omnes
2195 4172 2391 4210 sensus
2420 4158 2759 4221 moderatur,
2794 4157 3081 4211 familiaris
3110 4157 3336 4211 omnino
3355 4160 3524 4227 virgi-

1969 4252 2124 4303 nitati
2182 4250 2437 4312 eﬂicitur,
2475 4250 2567 4303 tali
2618 4250 2826 4303 utendo
2876 4249 3121 4303 alimenti
3171 4250 3403 4312 ratione,
3466 4260 3526 4304 ut

1964 4328 2175 4397 summa
2203 4342 2537 4412 parcimouia
2556 4343 2740 4396 vivere
2770 4343 3035 4396 duntaxat
3056 4350 3257 4411 posset,
3283 4358 3526 4395 sacrum-

1965 4451 2071 4504 que
2096 4451 2298 4503 corpus
2338 4443 2391 4487 ut
2448 4434 2773 4489 subsisteret
2802 4447 3152 4488 conservare.
3187 4433 3324 4488 Hinc
3363 4435 3526 4487 etiam

290 4536 356 4601 τῇ
382 4536 562 4600 διαίτῃ
578 4502 886 4599 ἀρώμενος,
917 4527 993 4589 ὡς
1026 4529 1237 4597 ἀποζῇν
1265 4502 1427 4595 μόνον
1461 4526 1743 4587 δύνασθαι,
1766 4528 1861 4576 καὶ
1893 4502 1935 4555 D
1966 4543 1969 4554 ε

1848 4541 1861 4575 ι
1893 4502 1935 4555 D
1966 4502 2297 4594 virginitatis
2356 4525 2721 4594 appellatione
2754 4523 2983 4587 dilator,
3020 4534 3076 4577 et
3141 4526 3350 4577 amicus
3404 4526 3527 4592 ejus

293 4626 354 4676 τὸ
382 4624 525 4691 ἱερὸν
558 4622 707 4690 αὑτῴ
742 4619 1065 4673 συνεστάναι
1116 4621 1297 4687 σῶμα.
1337 4618 1618 4670 Ἐντεῦίρτν
1648 4619 1741 4668 καὶ
1765 4617 1862 4685 τὴν

293 4718 393 4785 τῆς
426 4715 723 4784 παρθενίας
752 4713 946 4781 κλῆσιν
969 4712 1208 4775 πλουτεῖ,
1249 4714 1347 4765 καὶ
1391 4712 1543 4779 φίλος
1575 4710 1739 4762 αὑτοῦ
1770 4712 1863 4762 τοῦ

299 4808 675 4878 βασ;).εόοντος
736 4806 969 4873 γίνεται,
1006 4805 1208 4873 μᾶλλον
1249 4803 1307 4855 δὲ
1334 4806 1425 4855 καὶ
1470 4804 1631 4855 αὖτ’,ν
1663 4803 1775 4870 ἔχει
1812 4810 1865 4853 εν

297 4900 478 4968 ἑαυτῷ
531 4897 818 4959 λαλοῦντα,
868 4898 962 4947 καὶ
994 4896 1124 4965 παρ’
1157 4896 1322 4948 αὑτοῦ
1374 4895 1537 4949 πάλιν
1585 4896 1795 4957 ἀκούει,
1831 4893 1865 4944 ὃ,

297 4999 451 5064 παρα
478 4995 569 5045 τοῦ
601 4993 811 5062 Ματρὸς
844 4993 1081 5053 ἐκεῖνος⁸
1155 4992 1291 5058 πρὸς
1328 4992 1386 5040 τὸ
1420 4992 1543 5059 ὅρος
1568 5007 1627 5040 τε
1663 4971 1887 5039 ἀνιόντι*

298 5092 595 5148 συνάνεισι,
629 5086 722 5137 καὶ
753 5084 879 5145 θέας
913 5083 1186 5147 ἀξιοῦται,
1242 5083 1318 5145 ὼς
1374 5084 1513 5151 ὑπὲρ
1567 5084 1720 5147 λόγον
1772 5085 1866 5132 καὶ

299 5177 643 5243 θαυμαστῆς,
683 5175 854 5242 αὐτὴν
884 5177 983 5241 τὴν
1024 5174 1115 5226 τοῦ
1147 5174 1321 5239 Λόγου
1349 5172 1579 5240 θεότητα
1612 5188 1865 5238 παραγυ-

305 5270 609 5337 μνωυείσαν
646 5266 771 5317 ἰδών
796 5281 810 5296 ο
884 5267 976 5317 καὶ
1026 5267 1277 5335 οὐρανίου
1318 5265 1496 5331 φωνῆς
1526 5261 1737 5323 ἀκούει,
1786 5265 1875 5312 τὴν

300 5358 590 5423 ἀγαπητὸν
625 5356 749 5408 Υίδν
796 5356 1216 5423 ἀναγορεύοντος
1252 5354 1345 5406 τοῦ
1378 5356 1608 5422 Ματρὸς,
1656 5352 1751 5403 καὶ
1775 5353 1874 5418 τῆς

307 5452 553 5511 Παλαιᾶς
592 5452 867 5520 Διαθήκης
913 5449 1257 5519 προτιθέντος
1289 5449 1349 5499 τὸ
1392 5448 1752 5514 Εὑαγγὲλιον.
1803 5448 1877 5499 ’1ο

302 5544 517 5596 δεῖπνον
542 5543 817 5611 εὺπρεπές
853 5559 866 5572 ·
927 5546 1022 5595 καὶ
1048 5542 1165 5594 οὲδε
1198 5542 1317 5592 τότε
1365 5540 1612 5607 Ἰωάννης
1638 5540 1867 5606 ἀπολιμ-

310 5638 563 5691 πάνεται.
618 5634 750 5688 Εἶτα
777 5636 855 5707 τῷ
883 5636 1073 5703 Πέτρῳ
1105 5636 1304 5703 δεῆσαν
1355 5634 1570 5702 μαθεῖν,
1606 5633 1685 5693 τίς
1718 5635 1745 5682 ό
1778 5632 1875 5700 τὴν

383 5823 398 5850 ¹
425 5820 523 5873 Art
574 5835 645 5879 ιν,
682 5818 764 5869 l5.
848 5819 863 5840 ³
896 5818 1033 5870 l'sal.
1067 5835 1233 5881 xuii,
1268 5818 1346 5870 l5.

1963 4620 2057 4689 qui
2089 4621 2375 4689 imperium
2403 4630 2550 4674 tenet
2566 4619 2827 4680 eﬂicitur,
2859 4620 3030 4689 magis
3060 4628 3244 4672 autem
3270 4630 3327 4672 et
3348 4621 3524 4686 ipsum

1966 4714 2128 4766 habet
2153 4713 2207 4765 in
2233 4712 2415 4781 seipso
2440 4712 2778 4780 loquentem.
2805 4712 2872 4765 Et
2898 4727 3121 4765 rursum
3154 4714 3222 4771 ab
3276 4728 3343 4767 eo
3368 4713 3524 4764 audit

1963 4822 2085 4875 quae
2146 4806 2235 4859 ille
2277 4821 2305 4856 a
2340 4805 2499 4857 Patre
2551 4803 2839 4867 audierat;
2898 4819 3133 4871 cumque
3185 4803 3237 4854 in
3286 4813 3526 4855 montem

1971 4897 2313 4960 ascenderet,
2342 4896 2457 4959 ipse
2481 4910 2585 4947 una
2616 4894 2955 4956 conscendit,
2980 4910 3045 4948 ac
3064 4896 3259 4963 dignus
3296 4896 3529 4948 habetur

1965 4990 2177 5042 visione
2225 4987 2547 5041 admiranda
2602 4997 2659 5040 et
2722 4987 2913 5053 majori
2966 5002 3128 5054 quam
3169 4986 3274 5038 dici
3333 4990 3524 5053 possit,

1966 5082 2135 5149 ipsam
2170 5079 2331 5133 Verbi
2379 5079 2725 5132 divinitatem
2759 5077 3097 5131 denudatatn
3137 5078 3416 5130 intuitus:
3471 5096 3529 5129 ιιι

1967 5175 2244 5227 caelestem
2270 5172 2479 5226 audivit
2516 5187 2700 5225 vocem
2744 5186 2854 5239 qua
2905 5170 3163 5224 dilectum
3198 5160 3389 5222 Filium
3432 5170 3528 5219 de-

1973 5267 2144 5317 clarat
2178 5265 2357 5327 Pater,
2394 5278 2457 5319 ac
2486 5264 2663 5317 Veteri
2689 5263 3039 5317 Testamento
3070 5265 3337 5331 praeponit
3358 5262 3535 5315 Evan-

1972 5358 2195 5425 gelium.
2248 5358 2456 5411 Decens
2494 5372 2558 5409 ac
2610 5357 2911 5409 honoriﬁca
2942 5370 3098 5407 creua
3152 5354 3532 5421 subsequitur,

1970 5462 2023 5503 et
2060 5466 2124 5503 ne
2177 5466 2320 5503 nunc
2363 5449 2583 5517 quidem
2622 5449 2862 5503 Joannes
2910 5446 3262 5515 relinquitur.
3329 5448 3532 5499 Deinde

1975 5559 2099 5595 eum
2138 5543 2297 5597 Petro
2328 5557 2477 5609 Opus
2495 5550 2646 5594 esset
2668 5540 2881 5593 discere
2910 5538 3163 5606 quisnam
3190 5538 3235 5591 is
3268 5547 3412 5590 esset
3442 5540 3535 5603 qui

1981 5634 2305 5689 horrendam
2339 5634 2485 5686 illam
2523 5631 2885 5701 proditionem
2921 5632 3234 5697 parturirct,
3265 5644 3365 5681 nec
3419 5629 3533 5693 ipse

1466 5820 1476 5841 “
1514 5816 1650 5869 l‘sal.
1686 5829 1950 5878 t.x.\X\lll,
1981 5814 2066 5865 35.
