4252 6440
749 390 853 454 687

2049 379 2334 441 MENSIS
2373 380 2798 445 DECEMBER.

3913 397 4024 459 588

761 505 987 558 auderet
1020 503 1378 568 interrogare,
1427 512 1741 566 quanquam
1774 495 1981 565 primas
2017 501 2226 545 teneret
2273 490 2321 541 in
2359 501 2400 550 Α
2435 512 2440 537 ι

2359 501 2400 550 Α
2435 493 2671 563 φρικτὴν
2702 497 2918 566 ἐκείνην
2951 499 3241 567 προδοσίαν
3276 505 3503 562 ὼῗί-ιων,
3535 505 3633 556 οὐκ
3675 507 3838 569 αὐτὲις
3875 508 4015 578 θαρ-

757 600 928 652 chcro
955 592 1372 657 discipulorum.
1400 589 1594 644 .loanni
1625 588 1729 642 huc
1746 585 2072 642 committit:
2098 593 2323 637 noverat

755 691 920 751 enim,
959 686 1010 740 id
1038 685 1184 756 quod
1204 683 1456 739 Christus
1479 679 1756 750 eratapnd
1788 679 1988 746 ipsum,
2018 678 2120 730 hoc
2161 675 2323 730 Joan-

754 794 876 833 nem
901 792 1024 832 esse
1055 774 1196 846 apud
1236 773 1545 835 Christum,
1578 781 1632 825 et
1654 771 1798 840 quod
1833 772 1949 838 ipse
1987 768 2212 839 quidem
2237 767 2322 820 dt-

755 872 967 941 ligeret.
1006 869 1096 922 ille
1147 876 1331 920 autem
1383 866 1616 920 dilectus
1639 873 1807 918 esset.
1843 863 1909 917 Et
1965 863 2089 916 vide
2122 870 2324 930 quanta

754 963 975 1019 accedat
1000 961 1101 1032 ipsi
1136 960 1365 1014 libertas
1394 957 1675 1028 loquendi.
1709 956 1897 1026 Neque
1930 955 2077 1010 enim
2113 953 2322 1023 vulgari

755 1054 915 1108 modo
970 1053 1291 1120 interrogat,
1338 1065 1516 1121 neque
1583 1049 1816 1118 primum
1863 1061 2136 1101 excusans
2181 1045 2323 1114 quod

751 1157 898 1201 metu
934 1145 1241 1206 accederet,
1274 1143 1368 1196 sed
1422 1142 1604 1196 sciens
1631 1150 1836 1209 quanto
1897 1143 2078 1208 ipsum
2130 1151 2322 1190 amore

752 1246 1203 1309 prosequentur.
1288 1233 1501 1288 sedenti
1558 1232 1802 1285 adhaeret
1849 1229 2198 1300 praceptori,
2271 1236 2326 1280 et

752 1331 808 1386 in
861 1331 1023 1400 hujus
1056 1337 1249 1399 pectus
1284 1324 1630 1382 recumbens.
1664 1324 1781 1377 ait:
1817 1321 2066 1385 Domine,
2100 1324 2216 1392 quia
2251 1331 2324 1372 est

749 1427 837 1494 qui
887 1421 1049 1475 tradit
1090 1419 1230 1473 te'?
1285 1417 1380 1471 Ille
1430 1426 1611 1471 autem
1673 1415 1867 1469 libenti
1925 1419 2092 1470 etiam
2137 1417 2321 1467 animo

749 1515 950 1584 accipit
1009 1512 1158 1582 quod
1221 1512 1311 1566 ille
1391 1511 1620 1571 fecerat,
1689 1518 1746 1563 et
1794 1509 1951 1578 quasi
2006 1516 2323 1577 opportune

746 1609 915 1661 fuerit
975 1607 1147 1660 libere
1196 1605 1435 1666 locutus,
1480 1611 1694 1672 gratum
1747 1602 1935 1656 habet.
1972 1601 2052 1656 Ex
2078 1617 2146 1656 eo
2177 1601 2322 1656 enim

745 1699 893 1770 quod
940 1699 1190 1768 protinus
1237 1696 1593 1762 quaestionem
1637 1694 1837 1757 solvat,
1871 1709 1934 1748 ac
1984 1708 2124 1762 pane
2179 1692 2326 1748 desi-

2434 586 2517 651 ῥεί
2550 585 2646 653 τὴν
2686 585 2975 654 ἐρώτησιν,
3033 593 3212 645 καίτοι
3241 594 3331 645 τοῦ
3365 593 3527 662 χοροῦ
3572 595 3870 662 πρωτεύων
3902 596 4020 647 τῶν

2435 676 2713 744 μαθητῶν,
2744 678 2858 730 ἀλλ’
2900 679 3122 754 Ἰωάννῃ
3152 685 3358 753 ταύτην
3388 687 3698 756 ἐπιτρέπει.
3721 687 3877 758 ᾜδει
3903 689 4019 756 γὰρ

2429 771 2502 832 ὡς
2551 771 2689 838 ὅπερ
2723 766 2793 842 ἦν
2826 773 3060 842 Χριστὸς
3110 780 3243 847 παρ’
3302 779 3476 848 αὐτῷ,
3539 781 3699 832 τοῦτο
3753 782 4018 848 Ἰωάννης

2431 862 2583 932 παρὰ
2614 863 2893 935 Χριστῷ,
2954 869 3047 920 καὶ
3096 869 3176 920 ὅτι
3221 871 3381 933 αὑτδς
3407 871 3504 940 μὲν
3530 873 3558 925 ὁ
3585 872 3775 940 φ’λῶν,
3803 875 4021 934 ἐκεῖνος

2427 954 2482 1008 δὲ
2509 951 2574 1026 ἦν
2603 957 2631 1009 ὁ
2661 955 3008 1027 φιλούμενος.
3073 961 3183 1015 Καὶ
3210 963 3310 1030 ὅρα
3336 963 3436 1032 τῆς
3465 964 3778 1035 παρρησίας
3826 966 3887 1016 τὸ
3920 981 4020 1015 πε-

2431 1045 2546 1112 ριόν
2605 1045 2740 1100 Οὐδὲ
2768 1045 2878 1116 γὰρ
2908 1048 3097 1113 ἁπλῶς
3146 1052 3349 1122 ἐρωτᾷ,
3388 1052 3508 1107 οὐδέ
3541 1069 3601 1120 γε
3631 1053 3992 1123 προθεραπεὺ

2429 1154 2523 1199 σας
2550 1139 2819 1212 ὑποστολῇ
2855 1142 2952 1212 τὴν
2981 1144 3364 1211 προσέλευσιν,
3419 1145 3557 1198 ἀλλά
3587 1147 3647 1198 τὸ
3681 1147 3811 1215 περὶ
3841 1146 4017 1198 αὑτὸν

2428 1232 2652 1300 φίλτρον
2678 1234 2805 1287 ὅσον
2858 1234 3039 1298 εἰδὼς,
3090 1237 3333 1310 κειμένῳ
3389 1240 3697 1310 περιχεῖται
3725 1239 3802 1307 τῷ
3859 1238 4016 1291 διδα-

2431 1324 2636 1394 σκάλῳ,
2699 1325 2895 1396 καὶτῷ
2923 1329 3115 1381 τούτου
3157 1329 3345 1398 στήθει
3379 1331 3696 1394 ἀναπεσὼν,
3734 1329 3858 1396 Τίς,
3893 1332 4019 1382 Κύ·

2417 1430 2536 1482 ριε,
2580 1416 2765 1484 φησιν,
2813 1419 2848 1470 ό
2901 1416 3272 1485 παραδιδούς
3293 1435 3390 1482 aa;
3434 1421 3495 1474 '0
3524 1419 3603 1486 δὲ,
3634 1421 3727 1473 καὶ
3755 1421 4017 1488 ἀσμένως

2426 1509 2488 1562 τὸ
2513 1509 2747 1578 πρᾶγμα
2788 1508 3026 1580 δέχεται,
3060 1511 3157 1563 καὶ
3192 1511 3266 1575 ὡς
3301 1512 3576 1584 εὐκαίρως
3612 1513 4014 1584 παρρησιασά-

2429 1618 2590 1671 μενον
2627 1601 2982 1672 ἀποδέχεται.
3035 1603 3112 1656 Τδ
3144 1607 3252 1676 γὰρ
3307 1605 3626 1675 παραυτίκα
3690 1605 3855 1660 λῦσαι
3907 1606 4015 1673 τὴν

2425 1693 2720 1766 ἐρώτησιν,
2772 1698 2869 1748 καὶ
2901 1695 2979 1766 τῷ
3011 1695 3163 1766 ἄρτῳ
3190 1697 3282 1748 τὸν
3331 1696 3603 1769 προδότην
3653 1697 4018 1767 ὑποσημήνα-

749 1802 880 1862 gnet
915 1791 1275 1859 proditorem,
1311 1787 1582 1857 signiﬁcat
1619 1802 1675 1842 se
1721 1803 1829 1840 non
1861 1803 2004 1856 a-gre
2037 1785 2178 1840 ferre
2204 1798 2321 1838 eam
2357 1848 2396 1862 _

2357 1848 2396 1862 _
2431 1785 2579 1847 σθαι,
2614 1787 2674 1839 τὸ
2705 1789 2779 1856 μὴ
2817 1786 3137 1856 μέμψασθαι
3167 1788 3269 1856 τὴν
3302 1787 3616 1858 παρρησίαν
3640 1789 3809 1860 δηλοῖ.
3843 1788 4013 1840 Ὥστε

750 1848 1081 1938 libertati-tn.
1120 1882 1306 1951 Itaque
1336 1882 1461 1935 hinc
1489 1881 1652 1935 etiam
1680 1877 2031 1932 manifestum
2064 1885 2148 1930 est
2173 1875 2320 1946 quod
2357 1848 2398 1907 Β
2427 1905 2429 1920 ι

2357 1848 2398 1907 Β
2427 1878 2584 1948 δῆλον
2612 1848 2998 1941 ἐντεῦθεν,“ὅτι
3023 1879 3118 1932 καὶ
3281 1848 3448 1950 ᾔτησε
3474 1848 3728 1950 ’πλησίον
3781 1881 4012 1951 Χριστῷ

746 1978 1060 2032 cathedram
1122 1991 1283 2044 quam
1336 1974 1581 2043 proxime
1634 1971 1913 2027 Christum
1968 1985 2091 2024 cum
2158 1967 2324 2023 fratre

749 2071 960 2140 petivit,
1005 2083 1111 2120 non
1169 2067 1379 2136 gloria,
1414 2065 1506 2119 sed
1548 2065 1752 2119 Christi
1797 2078 1986 2117 amore
2045 2062 2324 2131 petiverit.

746 2171 800 2214 et
878 2158 1026 2227 quod
1113 2159 1279 2209 nollet
1358 2154 1447 2208 hic
1527 2154 1694 2206 alium
1748 2167 1868 2206 esse
1940 2150 2043 2206 sibi
2119 2149 2324 2205 dilecto

747 2253 1086 2306 viciniorem.
1123 2247 1526 2304 Condetnnatur
1567 2247 1750 2308 Jesus,
1780 2256 1834 2300 et
1862 2239 2017 2299 adest
2059 2243 2322 2308 Joannes,

746 2361 808 2400 ac
836 2343 900 2398 ad
929 2347 1126 2396 atrium
1159 2339 1452 2410 pontiﬁcis,
1488 2354 1613 2394 cum
1678 2349 1842 2392 notus
1868 2348 2015 2392 esset
2045 2336 2315 2407 pontiﬁci,

748 2451 852 2490 una
889 2434 1260 2503 congreditur,
1285 2432 1640 2500 loquiturque
1671 2429 1933 2489 ostiari-fe,
1987 2437 2042 2482 et
2094 2427 2320 2482 Petrum

748 2544 845 2596 pro
897 2528 1106 2580 toribus
1163 2534 1394 2577 stantem
1457 2522 1772 2575 introducit.
1823 2521 2078 2574 imminet
2111 2529 2325 2588 tempus

746 2622 1002 2676 salutaris
1036 2618 1328 2688 passionis.
1370 2625 1426 2670 et
1459 2615 1696 2669 Verbum
1735 2623 2015 2682 permanet
2046 2621 2103 2667 ut
2134 2627 2326 2683 proce-

742 2717 833 2770 dat
857 2716 923 2768 ad
949 2713 1186 2772 Patrem,
1239 2725 1303 2763 ac
1337 2708 1578 2764 Joannes
1606 2721 1730 2760 cum
1752 2715 1929 2760 matre
1973 2714 2114 2760 astat
2148 2704 2324 2769 cruci,

749 2816 1029 2873 materque
1051 2802 1204 2856 audit
1232 2817 1259 2854 a
1295 2800 1433 2854 Filio
1456 2813 1519 2852 ac
1539 2813 1639 2851 suo
1667 2797 1965 2851 Conditore
1987 2815 1999 2849 :
2020 2795 2152 2850 Ecce
2184 2795 2326 2862 ﬁlius

749 2913 872 2952 tuus
936 2896 1152 2950 dilectus
1190 2911 1204 2958 ;
1251 2901 1305 2946 et
1353 2905 1571 2944 rursum
1613 2889 1703 2944 hic
1738 2905 1751 2943 :
1788 2889 1918 2942 Ecce
1958 2898 2130 2943 mater
2163 2895 2254 2941 tua
2278 2887 2320 2940 ⁵.

749 2992 829 3045 An
866 2990 972 3042 hoc
1000 2989 1165 3057 igitur
1199 2995 1463 3053 tempore,
1489 2983 1643 3051 virgo
1663 2981 1753 3035 hic
1778 2991 1960 3036 mente
1986 2990 2041 3035 et
2071 2995 2326 3049 corpore,

752 3091 980 3136 matrem
1007 3095 1071 3133 ac
1119 3077 1388 3146 virginem
1422 3075 1523 3128 sibi
1554 3073 1823 3135 vindicat;
1857 3087 1959 3127 nec
1986 3073 2156 3126 multo
2184 3081 2325 3142 post,

748 3170 1145 3239 Christumqui
1187 3165 1686 3227 surrexeratvidel,
1724 3163 2022 3233 vidensque
2044 3163 2324 3230 agnoscit:

744 3274 799 3318 et
827 3278 952 3318 cum
981 3262 1143 3316 Petro
1175 3261 1240 3313 ad
1302 3258 1617 3328 sepulcrum
1668 3255 1839 3316 venit,
1887 3269 1954 3309 ac
1999 3255 2148 3324 prior
2182 3268 2322 3324 prte-

745 3354 939 3419 enrrit,
975 3362 1029 3407 et
1073 3363 1360 3421 postquam
1395 3347 1720 3416 sepulcralia
1762 3345 1920 3409 vidit,
1974 3344 2210 3414 Spiritus
2237 3345 2323 3399 in-

745 3447 1023 3501 ﬂationem
1049 3443 1298 3512 suscipit.
1330 3441 1559 3509 ejusque
1592 3437 1756 3493 donis
1785 3437 2012 3502 ditatur,
2067 3453 2132 3493 ac
2183 3437 2324 3492 divi-

745 3540 832 3593 nis
863 3537 1115 3591 manibus
1144 3543 1500 3589 consecratur
1527 3530 1772 3587 universi
1823 3528 1975 3584 orbis
2013 3529 2318 3599 apostolus.

2431 1969 2628 2041 σὺν-τῷ
2654 1969 2871 2040 ἀδελφῷ
2916 1970 3210 2042 καθέδραν,
3264 1973 3362 2040 οὐχ
3394 1972 3466 2035 ὡς
3504 1973 3643 2042 δρῶν
3678 1973 3858 2042 δόξης,
3893 1974 4014 2026 ἀλλ’

2426 2060 2499 2125 ὡς
2525 2063 2666 2132 ἐρῶν
2703 2062 2968 2131 Χριστοῦ,
2999 2063 3204 2132 ταύτην
3237 2062 3408 2134 ᾔτησε
3431 2106 3443 2127 ,
3477 2066 3572 2118 καὶ
3601 2063 3680 2136 τῷ
3711 2065 3787 2136 μὴ
3820 2065 4013 2134 βούλε-

2430 2154 2556 2208 σθαι
2586 2156 2782 2208 τούτου
2822 2155 3014 2225 ἕτερον
3045 2149 3186 2208 εἶναι
3219 2155 3351 2224 πρὸς
3379 2158 3471 2209 τὸν
3503 2156 3843 2227 ποθούμενον
3871 2158 4012 2228 πληο

2429 2248 2723 2318 σιαίτερον.
2752 2247 3101 2318 Κατάκριτος
3134 2245 3364 2319 Ἰησοῦς,
3389 2251 3485 2303 καὶ
3523 2249 3788 2321 πάρεστιν
3825 2251 4012 2305 Ἰωάν-

2427 2359 2547 2410 νης,
2606 2339 2870 2410 καὶπρὸς
2901 2339 2997 2409 τὴν
3032 2337 3126 2392 τοῦ
3174 2340 3480 2411 ἀρχιερέως
3540 2340 3714 2411 αὐλὴν
3766 2342 4010 2409 γνωστὸς

2427 2432 2527 2496 ὣν,
2551 2427 2629 2503 τῷ
2656 2433 2906 2502 ἀρχιερεῖ
2936 2433 3369 2502 συνεισέρχεται.
3397 2432 3528 2501 φησι
3563 2448 3620 2484 τε
3653 2434 3717 2502 τῇ
3750 2430 4011 2502 θυρωρῷ,

2429 2527 2523 2578 καὶ
2564 2525 2658 2576 τὸν
2698 2525 2908 2594 Πέτρον
2940 2525 3076 2595 πρὸς
3105 2523 3204 2594 τὴν
3237 2523 3410 2595 θύραν
3442 2523 3713 2592 ἑστηκότα
3768 2525 4010 2592 είσάγει.

2442 2615 2771 2684 Ἐφίσταται
2797 2617 2824 2667 ὁ
2845 2616 2942 2667 τοῦ
2984 2614 3364 2684 σωτηριώδους
3394 2614 3604 2678 πάθους
3633 2615 3851 2678 καιρὸς,
3913 2617 4007 2666 καὶ

2428 2710 2455 2760 ὀ
2477 2709 2650 2775 Λόγος
2680 2709 2832 2778 μένει
2862 2708 2997 2776 πρὸς
3026 2707 3116 2758 τὸν
3142 2707 3361 2777 Πατέρα
3392 2709 3611 2778 χωρεῖν,
3637 2708 3728 2760 καὶ
3759 2705 4014 2777 Ἰωάννης

2430 2800 2527 2853 σὺν
2556 2801 2622 2869 τῇ
2672 2799 2842 2870 μητρὶ
2876 2798 3206 2868 παρίσταται
3236 2799 3315 2869 τῷ
3352 2798 3572 2869 σταυρῷ
3601 2799 3695 2852 καὶ
3728 2800 3761 2869 ἡ
3796 2799 4012 2868 μήτηρ,

2433 2889 2557 2959 Ἴδε
2588 2891 2774 2954 όυίός
2811 2903 2929 2942 σου
2962 2891 2993 2941 ὀ
3024 2890 3438 2958 ὴγαπημένος,
3485 2889 3636 2959 παρά
3676 2886 3770 2942 τοῦ
3819 2889 4012 2950 παιδὸς

2432 2983 2622 3036 ἀκούει
2651 2983 2745 3034 καὶ
2780 2981 3007 3051 ποιητοῦ
3039 2997 3052 3011 ·
3087 2983 3183 3034 καὶ
3211 2977 3387 3044 οὗτος,
3439 2981 3595 3036 Ἰδοὺ
3627 2981 3785 3035 πάλιν
3819 2982 3856 3049 ἠ
3899 2980 4010 3050 ιιήο

2434 3092 2540 3143 τηρ
2575 3091 2709 3128 σου.
2749 3073 2822 3127 Τὸ
2861 3076 2968 3126 ἀπ’»
3003 3073 3191 3127 τούτου
3230 3067 3326 3126 οὖν
3365 3074 3392 3126 6
3423 3074 3694 3143 παρθένος
3725 3066 3882 3135 οὗτος
3915 3075 4011 3126 καὶ

2431 3168 2492 3218 τὸ
2527 3166 2689 3234 σῶμα
2724 3167 2815 3218 καὶ
2845 3164 2941 3233 τὴν
3007 3165 3250 3218 διάνοιαν
3290 3165 3391 3235 τὴν
3434 3165 3647 3236 μητέρα
3679 3164 3787 3217 καῖ’
3802 3164 4013 3233 παρθέ-

2432 3275 2520 3312 νον
2544 3257 2919 3321 είσοικίζεται.
2941 3258 3013 3309 Οὐ
3054 3256 3188 3310 πολὺ
3219 3258 3278 3309 τὸ
3306 3259 3365 3308 ὲν
3405 3257 3554 3328 μέσῳ
3577 3259 3671 3310 καὶ
3691 3258 4008 3310 ἀναστάντα

2431 3349 2521 3399 τὸν
2555 3347 2792 3413 Χριστὸν
2851 3347 2974 3417 ὁρᾷ,
3008 3349 3102 3400 καὶ
3127 3349 3271 3416 δρῶν
3296 3347 3675 3415 ἐπιγινώσκει,
3730 3351 3826 3402 καὶ
3864 3349 4006 3418 μετὰ

2434 3440 2641 3509 Πέτρου
2674 3441 2764 3492 επὶ
2807 3440 2867 3493 τὸ
2925 3442 3188 3510 μνημεῖον
3239 3440 3387 3511 ἥκει,
3427 3442 3520 3494 καὶ
3553 3442 3770 3512 πρῶτος
3802 3456 4008 3512 προεκ-

2431 3529 2658 3600 δραμὼν
2687 3531 2782 3584 καὶ
2815 3531 2882 3584 τά
2919 3533 3146 3602 ιντάφια
3180 3531 3541 3602 θεασάμενος,
3583 3533 3643 3584 τὸ
3691 3532 3785 3584 τοῦ
3837 3530 4010 3584 Πνεῦ-

751 3644 920 3700 ματος
949 3628 1249 3696 εμφὺσημα
1274 3623 1512 3694 δέχεται,
1548 3624 1638 3676 καὶ
1669 3621 1888 3675 πλουτεῖ
1907 3619 1978 3673 τὰ
2018 3621 2332 3691 χαρίσματα
2395 3625 2489 3674 καὶ
2555 3627 2676 3686 ταῖς
2719 3621 2888 3684 θείαις
2919 3627 3306 3694 χειροτονεῖται
3335 3626 3493 3696 χερσὶ
3528 3623 3627 3694 τῆς
3675 3626 4010 3698 οἰκουμένης

748 3724 930 3791 πάσης
965 3719 1287 3780 ἀπόστολος.

819 3818 886 3872 ll.
924 3815 1195 3882 Quoniam
1224 3821 1408 3868 autem
1454 3820 1849 3883 praeceptorem
1877 3811 2163 3866 audiverat
2193 3811 2330 3865 alias

749 3923 975 3981 quoque
997 3921 1129 3961 oves
1147 3905 1376 3970 habere;
1404 3919 1527 3974 qua
1560 3905 1690 3960 licet
1723 3918 1790 3959 ex
1830 3903 1936 3957 hoc
1971 3917 2080 3956 non
2141 3910 2327 3956 essent

746 4001 899 4063 ovili,
923 4001 1204 4067 oporteret
1240 4003 1419 4050 tamen
1440 4000 1496 4048 et
1517 3994 1636 4047 illas
1662 4006 2015 4062 congregare,
2037 4001 2088 4044 et
2121 3991 2190 4045 ab
2233 4005 2333 4045 eo-

747 4097 872 4148 dem
914 4090 1024 4159 regi
1063 4095 1301 4157 pastore,
1328 4085 1560 4154 ﬁerique
1582 4099 1753 4138 unum
1779 4083 1943 4148 ovile,
1967 4091 2024 4136 et
2042 4095 2136 4137 eas
2169 4091 2321 4137 recte

749 4203 816 4242 ar.
851 4183 1022 4240 libere
1051 4183 1230 4251 ipsum
1271 4180 1448 4247 sequi,
1479 4192 1654 4247 neque
1690 4177 1865 4230 aliena
1916 4174 2094 4228 ﬁstula
2120 4173 2234 4241 rapi
2275 4182 2329 4229 et

745 4276 984 4346 dispergi
1007 4289 1069 4327 ac
1101 4271 1378 4339 corrumpi
1411 4287 1425 4321 :
1463 4269 1598 4330 haec,
1637 4280 1903 4337 quantum
1945 4281 2161 4334 aequum
2212 4273 2318 4329 est,

2499 3806 2576 3861 B'.
2595 3807 2749 3860 Ἐπεὶ
2774 3805 2830 3860 δὲ
2860 3806 2955 3860 καὶ
2983 3807 3152 3878 Ξτερα
3179 3809 3272 3863 τὸν
3296 3809 3618 3864 διδάσκαλον
3665 3810 3815 3880 εχειν
3837 3813 4006 3881 ἧκουε

2431 3898 2703 3969 πρόδατα,
2733 3898 2878 3969 ἀπερ
2906 3900 2955 3952 εί
2987 3902 3079 3953 καὶ
3115 3899 3190 3970 μὴ
3222 3901 3286 3954 tu
3328 3900 3432 3972 τῆς
3466 3901 3641 3973 αὐλῆς
3666 3903 3876 3974 ταύτης
3911 3901 4003 3977 ἦν,

2426 3991 2566 4046 ἀλλά
2595 3992 2827 4044 κάκεῖνα
2855 3994 3186 4059 συναγαγεῖν
3219 3992 3348 4056 εδει,
3394 3995 3489 4047 καὶ
3529 3996 3621 4063 ὑφ’
3652 3997 3733 4048 ἐνὶ
3773 3999 4004 4067 ποιῆσαι

2429 4084 2672 4153 ποιμένι,
2709 4084 2802 4136 καὶ
2826 4083 3086 4150 γενέσθαι
3118 4085 3371 4154 ποίμνιον
3398 4084 3478 4146 έν,
3514 4089 3608 4139 καὶ
3641 4086 3824 4151 καλῶς
3850 4088 4003 4160 αὑτῷ

2426 4174 2656 4227 ἔπεσθαι
2714 4174 2809 4228 καὶ
2866 4174 3216 4245 ἐλευθερίως,
3275 4174 3410 4244 μηδὲ
3461 4176 3720 4247 ἀλλοτρίᾳ
3773 4178 4003 4249 σύριγγι

2430 4266 2770 4319 κλέπτεσθαι
2821 4267 2917 4319 καὶ
2974 4265 3311 4319 διασπᾶσθαι
3367 4270 3461 4320 καὶ
3510 4268 4004 4339 καταφθείρεσθασ,

749 4369 908 4427 anxie
943 4375 1120 4428 curat,
1153 4372 1207 4418 et
1238 4361 1293 4415 in
1326 4361 1430 4415 iter
1468 4360 1535 4414 ad
1561 4360 1677 4414 haec
1704 4359 1940 4412 mittitur
1961 4367 2022 4412 ut
2048 4359 2322 4426 disponas
2358 4371 2402 4428 ο

2358 4371 2402 4428 ο
2433 4358 2659 4429 κήδεται
2697 4358 2796 4427 μὶν
2813 4357 3016 4410 τούτων
3043 4358 3170 4410 ὅσον
3196 4358 3361 4420 είκδς,
3388 4358 3666 4412 στέλλεται
3699 4361 3754 4412 δε
3786 4362 3885 4431 τὴν
3909 4365 4002 4415 ἐπὶ

748 4473 878 4514 oves
919 4458 970 4510 in
1010 4469 1176 4508 unum
1226 4457 1610 4519 congregaret,
1655 4459 1712 4503 et
1761 4463 1882 4503 eam
1933 4463 2057 4518 qua:
2086 4456 2326 4502 errasset

752 4552 929 4605 ﬁstula
953 4546 1202 4602 veritatis
1231 4551 1548 4605 revocaret,
1586 4557 1648 4594 ac
1679 4543 1783 4596 sub
1814 4557 1924 4595 uno
1961 4555 2088 4595 vero
2108 4548 2324 4609 pastore

753 4645 898 4698 ovile
960 4648 1242 4710 repararet
1273 4656 1286 4692 :
1319 4639 1364 4690 si
1400 4635 1526 4704 quis
1556 4637 1748 4688 duram
1801 4650 1866 4689 ac
1927 4643 2323 4704 repugnantem

754 4740 980 4793 haberet
1038 4735 1304 4794 animam,
1367 4732 1471 4784 hoc
1516 4731 1711 4784 eodem
1767 4730 1888 4798 igne
1946 4730 2322 4783 succulentam

755 4831 1071 4886 redditurus
1102 4841 1162 4880 ac
1195 4836 1460 4879 teneram.
1518 4822 1671 4878 Unde
1709 4823 1896 4876 relicta
1953 4823 2234 4874 Palaestina
2272 4822 2322 4874 in

759 4927 940 4981 Asiam
962 4919 1349 4993 proﬁciscitur.
1382 4916 1631 4984 Cumque
1660 4929 1721 4967 ea
1750 4892 1871 4983 quae
1901 4914 2070 4980 ipsam
2101 4927 2325 4966 concer-

754 5019 978 5075 nebant,
1038 5021 1186 5066 recte
1244 5007 1634 5076 disposuisset,
1685 5005 1895 5059 Ioniam
1957 5013 2210 5072 occupat,
2265 5017 2327 5056 ac

754 5105 1030 5173 Ephesum
1091 5099 1428 5170 aggreditur,
1508 5096 1598 5150 ubi
1666 5096 1930 5164 pluresac
1988 5094 2325 5148 crudeliores

756 5196 880 5250 [certe
930 5203 1109 5256 erant,
1171 5201 1228 5245 et
1279 5189 1406 5243 talia
1449 5203 1572 5257 qua:
1611 5186 1855 5255 periculo
1912 5186 2109 5253 quovis
2166 5186 2324 5255 longe

760 5287 1144 5356 periculosiora
1173 5291 1378 5336 essent.
1416 5279 1479 5333 Et
1514 5279 1749 5349 primum
1801 5276 2023 5346 quidem
2059 5277 2322 5345 templutn

759 5380 1093 5432 Amatonum
1148 5373 1282 5440 ipsis
1338 5369 1500 5425 idolis
1549 5378 1934 5426 consecratum
1992 5383 2101 5422 una
2164 5381 2327 5437 prece

756 5467 1047 5529 subvertit,
1108 5479 1170 5517 ac
1215 5463 1382 5517 veluti
1439 5462 1632 5533 plateae
1680 5462 1854 5516 lutum
1895 5460 2086 5514 diruit.
2120 5459 2328 5518 Deinde

757 5559 1131 5614 sacriﬁcorum
1158 5556 1299 5626 quia
1322 5554 1713 5612 sacriﬁciorum
1736 5554 2102 5625 appellatione
2121 5569 2324 5624 cogno—

759 5664 883 5703 men
918 5648 1093 5704 sortiti
1154 5656 1300 5709 sunt,
1352 5648 1450 5701 hos
1500 5645 1720 5716 quidem
1774 5645 2146 5707 sermonibus.
2203 5646 2325 5699 illos

837 5831 858 5860 ⁸
905 5830 1064 5885 Joan.
1099 5844 1209 5895 xxi,
1233 5828 1325 5883 20.
1407 5829 1427 5860 ⁸
1452 5828 1609 5882 Joan.
1653 5843 1766 5894 χιι,
1793 5827 1880 5882 26.

2433 4452 2604 4505 ταῦτα
2640 4451 2865 4521 πορείαν
2900 4453 2979 4514 είς
3010 4450 3070 4504 ἓν
3095 4453 3164 4504 τὰ
3195 4451 3572 4522 διεσπαρμένα
3602 4455 3873 4518 συνάξων,
3910 4459 4005 4510 καὶ

2432 4547 2493 4600 τὸ
2520 4545 2938 4615 πεπλανημένον
2974 4548 3039 4615 τῇ
3066 4545 3287 4615 σύριγγι
3317 4546 3415 4614 τῆς
3445 4545 3695 4619 ἀληθείας
3726 4550 4003 4602 ἀνακαλέ-

2435 4653 2565 4699 σων,
2597 4635 2693 4688 καὶ
2722 4636 2811 4704 ὑφ’
2840 4635 2922 4687 ἑνὶ
2952 4633 3028 4703 τῷ
3051 4635 3291 4706 ἀληθινῷ
3321 4638 3543 4707 ποιμένι
3571 4643 3917 4710 καταρτίαων
3945 4645 4003 4693 τὸ

2433 4728 2711 4795 ποίμνιον,
2757 4725 2808 4778 εἰ
2838 4743 2922 4788 τις
2956 4726 3198 4796 σκληρὰν
3227 4726 3408 4796 ψυχὴν
3445 4729 3540 4780 καὶ
3575 4729 3891 4792 ἀντίτυπον,
3927 4731 4003 4782 λι-

2435 4820 2616 4888 παρὰν
2651 4817 2819 4887 αὐτὴν
2873 4817 2949 4886 τῷ
3002 4818 3150 4888 αὐτῷ
3203 4820 3376 4888 τούτῳ
3436 4821 3566 4889 πυρὶ
3623 4824 3868 4892 ποιήσων
3907 4826 4000 4878 καὶ

2430 4910 2667 4978 ἁπαλήν.
2703 4910 2865 4962 Ὅθεν
2894 4912 2990 4979 τὴν
3019 4909 3386 4981 Παλαιστίνην
3420 4913 3726 4979 ἀπολιπὼν,
3744 4920 3809 4984 τῇ
3843 4915 4000 4988 Ἀσία

2432 5004 2711 5070 ἐπιδημεῖ.
2768 5002 2877 5054 Καὶ
2908 5005 2974 5054 τά
3025 5004 3145 5056 κατ’
3174 5005 3352 5074 αυτὴν
3412 5005 3472 5060 εὗ
3534 5007 3851 5077 διαθέμενος
3901 5011 4000 5081 τὴν

2443 5097 2652 5150 Ἰωνίαν
2713 5097 3148 5166 καταλαμϐάνει,
3184 5099 3275 5151 καὶ
3324 5103 3389 5171 τῇ
3437 5101 3648 5172 Ἐφέσῳ
3706 5103 4000 5170 ἐφίσταται

2433 5189 2562 5242 ἔνθα
2598 5191 2691 5242 καὶ
2718 5189 2767 5241 oi
2800 5187 2964 5258 Θῆρες
3009 5190 3255 5252 πλείονες
3287 5194 3382 5244 καὶ
3420 5193 3713 5263 ὠμότεροι,
3785 5197 3882 5248 καὶ
3931 5203 3998 5250 τα

2431 5282 2529 5352 τῆς
2562 5283 2760 5350 πείρας
2791 5281 2970 5350 πολλῷ
2997 5283 3372 5354 χαλεπώτερα.
3408 5286 3515 5339 Καὶ
3546 5290 3739 5356 πρῶτα
3778 5290 3883 5356 μὲν
3911 5291 3998 5341 τὸν

2429 5376 2537 5427 τῶν
2578 5374 2892 5444 Ἀμαζόνων
2927 5377 3053 5428 ναὸν
3083 5377 3266 5439 αὐτοῖς
3306 5378 3546 5442 εἰδώλοις
3608 5381 3708 5450 μιᾷ
3749 5381 4001 5451 καθαιρεί

2431 5469 2735 5537 προσευχῇ,
2767 5468 2861 5519 καὶ
2914 5467 3050 5519 ὡσεὶ
3107 5468 3280 5536 πηλὸν
3311 5469 3512 5524 λεαίνει
3544 5473 3831 5535 πλατείας.
3869 5471 3998 5526 Εἶτα

2432 5557 2525 5609 καὶ
2555 5557 2662 5609 τῶν
2693 5557 2883 5627 ἱερέων
2909 5557 3016 5610 ἀπὸ
3046 5558 3142 5628 τῆς
3171 5558 3279 5610 τῶν
3336 5559 3548 5630 ίερεέων
3613 5561 3860 5628 κλήσεως
3898 5565 3995 5633 τὴν

2431 5649 2748 5720 ἐπωνυμίαν
2777 5648 3072 5719 λαχόντων,
3103 5651 3229 5714 τοὺς
3254 5653 3352 5722 μὲν
3391 5653 3599 5722 λόγοις,
3633 5658 3758 5718 τοὺς
3790 5655 3847 5708 δε
3903 5671 3996 5725 ση-
