4252 6440
757 372 857 434 691

2019 375 2304 435 MENSIS
2346 374 2773 434 DECEMBER.

3905 360 4020 422 692

756 482 934 534 exsilii
974 485 1266 537 terminum
1301 503 1524 557 magnus
1550 489 1852 558 apostolus,
1882 499 1936 540 et
1966 490 2201 541 insulam
2232 506 2299 554 ap
2361 500 2397 549 Α
2433 511 2435 526 ι

2361 500 2397 549 Α
2433 505 2643 552 φουσιν,
2681 488 2759 547 είς
2789 485 3049 554 εὐνομίαν
3083 501 3136 535 τε
3191 478 3615 551 μεταϐάλλουσι,
3667 477 3759 528 καὶ
3796 476 3865 544 τῇ
3913 472 4017 526 εὖ·

758 574 1067 641 prebendit.
1139 576 1254 629 Non
1315 579 1476 648 longo
1532 578 1880 648 postmodum
1943 590 2188 645 tempore
2240 580 2318 629 in-

2431 579 2617 648 σεδείᾳ
2662 577 3023 630 συντίθενται.

703 711 705 714 ‹
757 669 966 724 sularcs
1015 684 1346 727 servatorem
1401 690 1464 728 ac
1522 685 1812 744 patronum
1861 674 2072 728 dui-nnt
2123 674 2348 727 tonitrui
2395 673 2668 738 tilium,et
2711 673 2778 726 ad
2843 673 3758 748 aequitatemtranseuntnseseque
3795 659 3864 714 ad
3894 659 4015 730 pie-

761 770 927 814 tatem
956 775 1314 831 componunt.

829 856 914 910 ιν.
955 856 1141 926 Itaque
1187 872 1311 910 eum
1361 857 1451 912 hic
1496 868 1641 913 esset
1695 859 1996 927 apostolus,
2050 868 2107 913 et
2152 857 2326 911 admi-

759 948 963 1002 randus
996 949 1288 1017 Dionysius
1329 949 1501 1002 ferme
1547 949 1655 1020 jam
1697 951 1991 1019 nonaginta
2039 959 2182 1005 esset
2229 964 2328 1003 an-

760 1058 977 1105 norum,
1011 1057 1073 1094 ex
1124 1043 1355 1096 Athenis
1405 1043 1599 1097 scribit
1659 1045 1708 1098 ei
1762 1045 1815 1097 in
1869 1045 2015 1098 hunc
2066 1043 2323 1097 modum:

760 1133 922 1188 Tuam
963 1136 1135 1188 saluto
1165 1151 1375 1189 sacram
1413 1126 1670 1198 animam,
1703 1136 1910 1200 dilecte,
1962 1144 2010 1190 et
2053 1138 2151 1188 erit
2202 1137 2328 1188 mihi

761 1229 814 1277 id
854 1227 1170 1294 peculiarius
1200 1245 1309 1297 pra:
1345 1228 1542 1282 multis.
1585 1227 1742 1282 Salve
1766 1229 1946 1298 igitur,
1977 1245 2093 1283 vere
2121 1228 2327 1283 Christo

763 1318 972 1371 dilecte.
1021 1319 1436 1389 Consequenter
1483 1329 1664 1373 autem
1715 1320 1882 1374 etiam
1950 1321 2064 1376 hac
2135 1319 2323 1375 addit:

763 1409 899 1473 Quid
932 1411 1301 1464 admirandum
1341 1413 1385 1464 si
1425 1409 1660 1465 Christus
1717 1429 1897 1466 verum
1938 1412 2224 1480 loquatur,
2278 1422 2327 1464 et

763 1503 930 1569 iniqui
984 1503 1259 1568 discipulos
1293 1519 1320 1555 e
1363 1504 1653 1556 civitatibus
1716 1504 2022 1568 expellant,
2082 1504 2183 1572 ipsi
2230 1503 2329 1558 sibi

761 1592 888 1656 ipsis
923 1593 1180 1660 condigna
1213 1593 1598 1658 distribuentes,
1635 1602 1682 1644 et
1729 1597 2037 1647 exsecrandi
2067 1611 2098 1646 α
2133 1597 2328 1647 sanctis

760 1698 813 1733 se
869 1693 1201 1751 segregantes
1249 1701 1312 1737 ac
1364 1684 1720 1753 separantes?
1770 1685 1974 1738 Deinde
2030 1686 2194 1739 etiam
2261 1685 2328 1738 ad

762 1773 939 1839 ipsum
983 1773 1145 1828 ﬁnem
1182 1776 1426 1843 epistola:
1462 1776 1576 1831 hinc
1623 1777 1690 1831 de
1737 1778 1939 1833 futuris
1989 1778 2326 1832 subscribit:

763 1864 992 1918 Omnino
1023 1869 1159 1920 enim
1196 1867 1300 1932 ﬁde
1333 1870 1520 1937 dignus
1555 1886 1693 1930 sum,
1729 1871 1927 1938 inquit,
1965 1878 2020 1921 ut
2051 1872 2193 1939 quia
2223 1870 2329 1923 Deo

761 1961 1030 2012 didicerim
1057 1977 1172 2028 qua:
1189 1962 1394 2016 decreta
1426 1972 1546 2015 sunt
1579 1973 1632 2015 ut
1663 1964 1753 2016 tibi
1780 1966 2106 2033 contingunt,
2143 1973 2190 2016 et
2214 1964 2328 2016 dico

762 2053 921 2104 etiam
958 2054 1095 2122 quod
1148 2051 1444 2106 liberandus
1465 2055 1532 2106 sis
1575 2072 1601 2107 e
1637 2055 1872 2108 custodia
1902 2071 2006 2124 qua
2041 2059 2091 2108 in
2137 2058 2327 2109 Patmo

2501 851 2571 904 A'.
2602 851 2872 905 Ἐνταῦθα
2927 850 2989 920 δὴ
3041 845 3135 902 οὖν
3195 846 3273 917 τῷ
3308 848 3592 913 ἀποττοΑῳ
3660 841 4019 910 τυγχάνοντι,

2429 947 2522 997 καὶ
2568 945 2597 996 ό
2633 942 2952 1012 Θαυμαστὸς
2985 940 3260 1002 Διονύσιος
3293 940 3423 1009 περί
3459 955 3563 989 που
3613 936 3673 987 τὸ
3727 937 4022 1000 ἐννενηκοο

2433 1036 2557 1089 στὸν
2580 1035 2682 1104 ἤδη
2710 1027 3065 1104 τῆςὴλικίας
3107 1031 3183 1085 ὢν
3220 1033 3358 1095 ἔτος,
3390 1031 3448 1097 ἐξ
3479 1028 3724 1097 Ἀθηνῶν
3759 1024 4022 1077 ἐπιστέλ-

2434 1130 2515 1179 λει
2544 1125 2722 1178 τοιάδε
2746 1143 2758 1155 ·
2784 1123 3219 1193 Προσαγορεύω
3267 1137 3383 1173 σου
3416 1118 3532 1184 τὴν
3579 1115 3744 1183 lepor
3773 1111 4019 1181 ψυχὴν,

2429 1217 2803 1286 ὴγαπημένε,
2874 1216 2969 1268 καί
3034 1214 3210 1268 ἔσται
3272 1230 3375 1281 μοι
3440 1211 3616 1263 τοῦτο
3667 1209 3828 1273 παρὰ
3877 1206 4022 1268 τοὺς

2431 1309 2708 1373 πολλοὺς
2782 1308 3125 1372 ίδιαίτερον.
3200 1307 3376 1371 Χαῖρε
3449 1307 3702 1363 τοίνυν,
3771 1297 4024 1365 ἀληθῶς

2429 1397 2781 1467 ἠγαπημένε
2819 1395 3075 1465 Χριστῷ.
3113 1395 3273 1459 Ἑξῆς
3308 1394 3365 1447 δὲ
3410 1395 3505 1447 καὶ
3557 1393 3736 1444 ταῦτα
3785 1389 4022 1460 προστί-

2432 1493 2555 1562 θησι
2578 1510 2591 1523 ·
2622 1494 2682 1546 Τί
2704 1490 3075 1559 θαυμαστὸν,
3109 1488 3306 1555 λέγων,
3329 1489 3381 1539 εί
3415 1485 3670 1552 Χριστὸς
3702 1482 4019 1548 ἀληθεύει.

2433 1587 2530 1638 καὶ
2584 1584 2726 1649 τοὺς
2783 1582 3052 1651 μαθητὰς
3102 1582 3156 1632 οι
3199 1579 3393 1632 ἄδικοι
3438 1577 3556 1630 τῶι·
3613 1579 3854 1629 πόλεων
3911 1574 4020 1634 tE-

2438 1678 2834 1742 ελαύνουσιν,
2864 1674 3032 1728 αὐτοὶ
3082 1673 3152 1725 τὰ
3185 1672 3312 1724 κατ’
3349 1670 3531 1735 ἀξίαν
3587 1667 3826 1731 ἑαυτοῖς
3864 1668 4021 1719 ἀπυ-

2430 1768 2740 1837 νέμοντες,
2803 1767 2900 1820 καὶ
2953 1765 3072 1818 τῶν
3117 1765 3303 1830 ἁγίων
3362 1766 3416 1815 οί
3470 1761 3711 1829 ἐναγεῖς
3761 1758 4019 1813 ἀποδια-

2437 1862 2832 1929 στελλόμειὉι
2881 1859 2979 1911 και
3025 1857 3515 1926 ἀποφοιτῶγτες;
3549 1848 3678 1904 Εἶτα
3732 1853 3823 1904 καὶ
3877 1851 4020 1918 πρὸς

2435 1955 2583 2024 αὐτῷ
2617 1954 2691 2022 τῷ
2732 1954 2830 2020 τῆς
2865 1952 3156 2018 ἐπιστολῆς
3199 1950 3342 2002 τέλει
3406 1947 3579 2000 ταῦτα
3612 1947 3705 1996 καὶ
3741 1945 3870 2007 περὶ
3906 1943 4018 1993 τῶν

2438 2045 2747 2115 μελλόντων
2779 2042 3206 2111 ἐπισημαίνεται
3230 2058 3243 2070 ·
3285 2040 3667 2102 Ἀξιόπιστος
3698 2038 3832 2103 γὰρ,
3854 2036 4016 2103 φησι,

759 2147 1005 2203 servaris.
1039 2153 1085 2195 et
1118 2146 1171 2196 in
1208 2145 1498 2198 Asiaticum
1534 2154 1732 2198 terram
1786 2164 2110 2210 reversurus,
2153 2149 2327 2216 ibique
2362 2117 2401 2174 Β
2430 2160 2438 2189 -‘

2362 2117 2401 2174 Β
2430 2137 2671 2201 πάντως
2703 2134 2818 2203 ειμι
2853 2134 2925 2186 τὰ
2951 2132 3420 2202 προετγωσμέγα
3446 2148 3544 2186 σοι
3572 2131 3670 2182 καὶ
3709 2129 3916 2195 μαθὼν
3948 2129 4015 2178 ἐκ

760 2236 996 2302 facturus
1025 2237 1143 2288 boni
1177 2235 1266 2289 Dei
1297 2238 1613 2290 imitationes
1639 2251 1686 2290 et
1729 2240 1806 2291 his
1833 2239 1920 2305 qui
1947 2251 1995 2291 te
2040 2249 2325 2306 sequentur

760 2327 1086 2380 traditiones.
1139 2328 1243 2382 Sed
1274 2328 1386 2382 haec
1426 2328 1646 2397 quidem
1684 2335 2025 2398 postmodum
2062 2345 2161 2384 suo
2190 2341 2323 2383 tem-

761 2432 894 2485 pore
921 2422 1287 2486 contigerunt,
1326 2436 1386 2473 ac
1416 2423 1708 2474 terminum
1745 2424 1955 2489 accepit
1998 2424 2318 2476 vaticinium

763 2509 1250 2577 (quemadmodum
1288 2514 1338 2564 in
1366 2514 1724 2580 sequentibus
1754 2528 1934 2566 sermo
1980 2515 2325 2570 manifestare

760 2602 1030 2670 poterit);
1074 2618 1195 2656 cum
1224 2605 1330 2674 jam
1369 2604 1680 2674 Dionysius.
1729 2606 1828 2659 sub
1872 2605 2192 2670 Domitiano,
2230 2624 2326 2676 pro

758 2692 978 2747 Christo
1011 2695 1171 2748 vitam
1221 2697 1480 2764 martyrio
1524 2695 1751 2750 ﬁnisset.
1797 2695 1928 2762 Quae
1971 2710 2096 2752 sunt
2141 2713 2322 2753 autem

762 2787 903 2840 facta
942 2795 1063 2855 post
1098 2787 1252 2840 haec?
1284 2787 1590 2841 Domitiano
1622 2804 1686 2841 ex
1726 2789 2042 2842 hominibus
2087 2790 2323 2851 sublato,

759 2882 936 2936 Nerva
967 2882 1018 2936 in
1047 2882 1274 2952 imperio
1304 2884 1566 2937 succedit:
1599 2894 1654 2938 et
1684 2884 2063 2939 condemnatis
2099 2887 2151 2938 in
2183 2889 2327 2941 exsi-

760 2974 916 3037 lium,
948 2985 1202 3042 tanquam
1244 2973 1511 3044 benignus
1541 2987 1594 3028 et
1645 2977 1938 3040 humanus,
1971 2978 2136 3029 donat
2173 2994 2327 3030 revo-

761 3063 1054 3114 cationem.
1091 3061 1201 3114 Nec
1229 3069 1398 3116 multo
1426 3074 1545 3130 post
1587 3077 1831 3132 tempore
1884 3065 2152 3132 Trajanus
2205 3083 2323 3120 see-

762 3163 880 3221 ptra
933 3151 1171 3205 Romana
1235 3153 1480 3224 suscipit.
1522 3166 1575 3208 et
1621 3157 1972 3210 consecutive
2028 3158 2324 3212 humanum

760 3248 1048 3302 confirmat
1098 3250 1357 3310 edictum,
1418 3264 1681 3303 revocans
1725 3265 1819 3304 eos
1883 3252 1972 3319 qui
2041 3252 2092 3304 in
2135 3253 2328 3306 exsilio

758 3348 940 3392 erant.
980 3338 1255 3393 Venerunt
1301 3355 1432 3409 ergo
1482 3351 1538 3394 et
1591 3342 1644 3394 in
1696 3342 1926 3396 Patmon
1983 3344 2328 3410 imperatoris

2432 2230 2580 2284 Θεοῦ
2610 2228 2707 2282 acui
2737 2227 2954 2295 λέγων,
2991 2226 3080 2279 ὅτι
3116 2226 3212 2278 καί
3244 2225 3353 2290 τῆς
3382 2225 3451 2278 ἐν
3485 2225 3699 2290 Πάτμῳ
3727 2219 4015 2289 φυλακῆς

2429 2323 2711 2390 ἀφεθήσῃ
2760 2319 2857 2371 καί
2890 2322 2974 2384 εις
3001 2318 3114 2383 τὴν
3152 2316 3458 2371 Ἀσιάτιδα
3502 2316 3622 2384 γῆν
3661 2314 4012 2379 ἐπανήξεις,

2430 2417 2524 2468 καὶ
2579 2415 2825 2482 δράσεις
2870 2411 2998 2465 ἐκεῖ
3030 2411 3134 2464 τοῦ
3181 2409 3417 2478 ἀγαθοῦ
3467 2408 3618 2461 Θεοῦ
3673 2405 4013 2474 μιμήματα,

2432 2508 2524 2560 καὶ
2563 2506 2687 2571 τοῖς
2713 2506 2865 2573 μετὰ
2911 2505 2985 2557 σὲ
3033 2501 3436 2570 παραδώσεις.
3485 2500 3647 2553 Ἀλλὰ
3699 2499 3878 2550 ταῦτα
3917 2499 4016 2564 μὲν

2432 2598 2610 2670 χρόνῳ
2641 2597 2869 2663 ὕστερον
2905 2595 3090 2665 ἐξέϐη,
3119 2595 3214 2646 καί
3242 2594 3416 2664 πέρας
3447 2591 3604 2660 ἔσχεν
3631 2594 3662 2659 ἡ
3701 2593 4013 2659 πρόρρησις

2432 2695 2522 2763 (ὡς
2561 2699 2617 2746 ὲν
2651 2698 2759 2756 τοῖς
2801 2695 2931 2761 ἑξῆς
2978 2697 3003 2745 ὁ
3037 2694 3192 2760 λόγος
3219 2689 3560 2760 δηλώσειεν),
3597 2690 3694 2758 ἤδη
3725 2689 4013 2739 Διονυσίου

2437 2790 2584 2854 παρά
2620 2786 2949 2854 Δομετιανοῦ
3011 2786 3088 2854 τῷ
3117 2785 3256 2854 ὑπὲρ
3315 2782 3556 2852 Χριστοῦ
3607 2783 3896 2850 μαρτυρξῳ
3931 2798 4013 2832 τε-

2432 2880 2771 2940 λειωῦὲντος.
2812 2879 2943 2930 Τίνα
2970 2879 3024 2929 δὲ
3055 2877 3121 2929 τὰ
3178 2880 3270 2928 ἐπὶ
3306 2877 3554 2939 τούτοις;
3593 2876 3926 2941 Aoum-tavris;
3955 2875 4014 2940 ἐξ

2431 2972 2755 3040 ἀνθρώπων,
2816 2973 2907 3022 καὶ
2939 2970 3183 3035 Νεροῦας
3220 2967 3317 3036 τὴν
3347 2969 3521 3038 ἀρχὴν
3545 2969 3874 3036 διαδέχεται,
3903 2969 4013 3028 τοῖς

2432 3061 2738 3130 ὑπερορίαν
2777 3061 3252 3128 καταγνωσθείσιν
3283 3055 3366 3112 οἷα
3415 3062 3545 3127 ιριλά
3582 3061 3797 3129 Optimo;
3836 3077 4012 3130 χειρι-

2433 3153 2660 3220 ζόμενος
2688 3156 2785 3220 τὴν
2817 3154 3137 3220 ἀνάκλησιν.
3178 3155 3252 3206 Οὐ
3288 3154 3494 3222 βραχὺς
3531 3156 3557 3204 ό
3591 3157 3648 3205 ὲν
3684 3155 3836 3221 μέσῳ
3889 3171 4012 3205 και-

2437 3248 2548 3317 ρὸς,
2590 3266 2678 3298 και
2705 3250 2769 3298 τὰ
2809 3248 3098 3314 Ῥωμαίων
3137 3247 3388 3317 σκῆπτρα
3433 3247 3716 3314 Τραϊανὸς
3755 3247 4012 3315 ἀναδέχεο

2433 3359 2548 3407 ταν,
2583 3343 2674 3392 καὶ
2705 3340 3013 3402 ακολοῦθως
3059 3343 3315 3410 ὲπικυροῖ
3349 3345 3408 3391 τὸ
3442 3340 3854 3407 ςιλάνθρωπον,
3889 3341 4014 3398 τοὺς

760 3431 962 3494 edicta,
996 3433 1146 3484 venit
1173 3444 1227 3486 et
1251 3432 1318 3486 ad
1356 3433 1620 3488 Joannem
1663 3439 1957 3490 revocatio.
1989 3437 2054 3490 Et
2087 3437 2174 3490 ille
2205 3437 2330 3505 qui-
2362 3453 2405 3508 (ζ
2438 3457 2439 3464 η

2362 3453 2405 3508 C
2438 3435 2495 3482 ὲν
2530 3435 2850 3501 ὑπερορίαις
2883 3431 3358 3500 ἀνακαλούμενος.
3399 3426 3540 3484 Ἧκε
3589 3430 3882 3499 τοιγαροῦν
3918 3433 4011 3482 καὶ

763 3527 886 3578 dem
923 3524 1164 3578 decrevit
1198 3527 1450 3595 navigare
1481 3527 1533 3579 in
1565 3527 1840 3596 Ephesum
1870 3547 1884 3581 :
1929 3544 2097 3598 porro
2126 3531 2218 3598 qui
2270 3531 2321 3582 ia

762 3616 939 3667 insula
980 3625 1136 3666 erant
1185 3614 1439 3667 dicebant
1491 3629 1559 3667 ne
1599 3629 1655 3668 se
1699 3614 1993 3677 desereret,
2039 3616 2132 3668 sed
2185 3616 2325 3682 apud

763 3708 910 3775 ipsos
935 3715 1298 3774 permaneret,
1331 3721 1437 3758 non
1478 3705 1637 3759 aliter
1681 3721 1842 3775 quam
1892 3705 1984 3775 qui
2034 3704 2176 3758 ferre
2222 3722 2327 3758 non

763 3809 991 3866 possunt
1021 3809 1077 3850 ut
1104 3813 1133 3850 a
1169 3797 1257 3865 pio
1290 3805 1445 3866 patre
1477 3797 1947 3865 derelinquantur.
1983 3795 2118 3849 Hinc
2142 3807 2327 3850 autem

764 3892 1020 3948 lamenta.
1064 3893 1243 3943 luctus
1280 3905 1342 3943 ac
1372 3890 1640 3960 lacrymze.
1675 3889 1825 3954 Quis,
1865 3889 2142 3958 inquiunt,
2174 3889 2330 3941 nobis

765 3993 920 4036 tuum
968 3983 1208 4052 explebit
1262 3982 1554 4036 ordinem?
1602 3982 1702 4036 Cui
1747 3997 1878 4035 vero
1926 3981 2015 4035 tali
2073 3981 2213 4051 patri
2269 3997 2331 4034 ac

763 4077 965 4144 pastori
992 4075 1220 4144 subjecti
1249 4089 1370 4128 esse
1390 4075 1720 4143 poterimus?
1738 4073 1869 4144 quid
1893 4074 2176 4139 desiderii,
2199 4074 2330 4144 quid

763 4166 993 4217 flamma:
1032 4180 1092 4216 ex
1129 4165 1246 4233 ipso
1284 4164 1633 4232 procedentis
1678 4164 1932 4218 solatium
1980 4162 2278 4218 eﬂiciemus
2309 4164 2331 4216 ?

761 4254 897 4309 Cum
940 4268 1119 4308 autem
1161 4255 1495 4324 persuadere
1531 4271 1639 4308 non
1669 4264 1893 4325 possent
1947 4255 2077 4309 dum
2124 4257 2331 4324 suppli-

765 4356 954 4400 carent
1000 4359 1056 4400 ut
1082 4346 1259 4399 virum
1287 4347 1430 4416 apud
1465 4363 1522 4402 se
1557 4347 1878 4412 retinerent,
1923 4347 2182 4402 secundae
2231 4347 2334 4400 fuit

765 4439 924 4509 suppl
951 4439 1182 4493 cationis
1213 4440 1452 4504 initium,
1478 4448 1533 4494 et
1561 4441 1830 4494 secundas
1871 4455 2090 4495 rursum
2127 4439 2334 4493 faciunt

767 4533 1086 4601 petitiones,
1120 4546 1187 4585 ne
1224 4541 1397 4585 totum
1431 4533 1673 4603 seipsum
1715 4532 1976 4598 auferret,
2009 4546 2185 4601 neque
2213 4531 2333 4585 uni-

767 4637 921 4675 versa
951 4623 1189 4679 tristitia:
1224 4624 1364 4677 mole
1411 4638 1506 4677 eos
1541 4623 1873 4689 oﬂ‘underet,
1930 4623 2026 4678 sed
2096 4625 2177 4679 vel
2234 4639 2332 4692 pro

768 4731 827 4767 re
856 4715 1126 4777 umbram,
1157 4731 1306 4781 suos,
1336 4716 1580 4785 inquam,
1620 4731 1905 4771 sermones
1941 4732 2037 4786 pro
2067 4732 2146 4781 se,
2187 4718 2329 4785 apud

2435 3528 2517 3586 είς
2555 3525 2774 3594 Πὰτμον
2804 3527 2868 3576 τὰ
2904 3526 3168 3594 βασιλέως
3221 3526 3608 3590 Οεσπίσματα·
3640 3521 3745 3596 ἦκα
3796 3527 3893 3574 καὶ
3936 3527 4011 3585 είς

2446 3615 2700 3683 Ἰωάννην
2746 3618 3065 3684 ἀνάκλησις.
3122 3617 3228 3667 Καὶ
3276 3621 3302 3668 ό
3339 3619 3437 3683 μὲν
3511 3617 3821 3686 παραπλεῖν
3867 3615 4010 3681 ἔγνω

2433 3703 2528 3770 τὴν
2563 3704 2837 3771 Ἔφεσονο
2887 3707 2934 3756 oi
2987 3707 3041 3758 δὲ
3093 3708 3188 3774 τῆς
3234 3706 3400 3774 νήσου
3456 3705 3529 3774 μὴ
3577 3704 3839 3774 μεθήσειν
3894 3703 4012 3754 ἕλε-

2433 3813 2548 3861 γον,
2583 3799 2698 3848 ἀλλ’
2723 3798 3063 3861 ἀνθέξεσοαι,
3091 3799 3187 3865 οὐχ
3213 3793 3377 3866 ἦττον
3420 3797 3451 3862 ἢ
3501 3797 3865 3864 φιλοστόργου
3905 3814 4006 3844 πα-

2433 3895 2557 3960 τρὸς
2589 3891 2988 3958 ἀπολειφθῆναι
3069 3891 3142 3960 μὴ
3187 3893 3525 3958 ἀνεχόμενοι.
3564 3891 3643 3941 Τὰ
3670 3889 3725 3941 δὲ
3761 3888 4012 3940 ὲντεῦοεν

2435 3983 2653 4053 Θρῆνος,
2684 3983 2934 4052 ὀδυρμοὶ,
2981 3984 3216 4054 δάκρυα.
3274 3984 3366 4042 Ti;
3418 3984 3550 4050 ἡμῖν
3583 3983 3681 4047 τὴν
3725 3983 3824 4047 σὴν
3870 3982 4010 4048 πλη-

2439 4080 2601 4149 ρώσει
2638 4080 2824 4145 τάξιν;
2865 4081 2968 4132 ὑπὸ
2999 4080 3102 4131 τίνι
3141 4079 3197 4130 δὲ
3238 4080 3399 4146 ἡμεῖς
3434 4076 3658 4142 τοιούτῳ
3700 4079 3870 4143 πατρὶ
3913 4076 4006 4126 καὶ

2435 4172 2658 4240 ποιμένι
2689 4172 3015 4239 γενοίμεθα;
3049 4172 3113 4223 Τί
3151 4170 3245 4223 τοῦ
3283 4169 3471 4230 πόθου,
3515 4169 3569 4219 τί
3599 4169 3698 4236 τῆς
3742 4169 3798 4232 ἐξ
3842 4165 4008 4218 αὑτοῦ

2435 4258 2630 4326 φλογὸς
2670 4262 3016 4329 παραμύθιον
3051 4259 3428 4328 ποιησόμεθας
3473 4258 3562 4318 '0;
3583 4259 3639 4310 δὲ
3679 4258 3889 4308 πείθειν
3912 4259 4011 4308 οὐκ

2437 4345 2584 4420 εῐχον
2625 4345 2707 4413 οἷς
2756 4354 2848 4404 τὸν
2898 4351 3068 4420 ἄνδρα
3121 4353 3250 4418 παρ’
3290 4351 3503 4412 ἑαυτοῖς
3548 4350 3696 4418 ἔχειν
3739 4350 4006 4408 ἱκέτευον,

2433 4444 2694 4512 δευτέρας
2737 4445 3020 4512 ἱκετηρίας
3061 4445 3224 4512 ἀρχὴ,
3285 4445 3378 4493 καὶ
3421 4442 3681 4510 δευτέρας
3732 4440 3897 4492 πάλιν
3932 4443 4012 4492 αί-

2435 4536 2624 4604 τήσεις
2658 4535 2964 4596 ποιοῦνται,
3027 4538 3099 4602 μὴ
3163 4536 3284 4587 ὅλον
3325 4535 3519 4585 ἑαυτὸν
3570 4531 3813 4598 ἀφελεῖν,
3875 4531 4009 4599 μηδὲ

2436 4623 2614 4672 πᾶσαν
2649 4621 2827 4673 αὐτῶν
2880 4623 3151 4688 καταχέαι
3181 4621 3281 4690 τὴν
3309 4620 3572 4685 ἀθυμίαν,
3609 4615 3725 4669 ἀλλ’
3753 4618 3880 4670 ἀντὶ
3911 4618 4005 4670 τοῦ

2438 4714 2762 4781 πράγματος
2808 4713 2904 4780 τὴν
2985 4713 3168 4773 σκιὰν,
3243 4711 3369 4769 τοὺς
3417 4707 3584 4761 αὑτοῦ
3633 4709 3827 4774 λόγους
3894 4709 4009 4761 ἀνθ’

767 4807 1321 4876 lpsos,relinqueret,
1377 4822 1439 4861 ac
1484 4809 1798 4877 mysterium
1848 4809 1993 4878 quod
2041 4809 2184 4878 apud
2234 4825 2334 4864 nos
2371 4793 2446 4852 Di

2328 4827 2334 4862 ι
2371 4793 2412 4847 D
2443 4803 2664 4866 ἑαυτοῦ,
2694 4807 2854 4873 φημὶ,
2891 4803 3019 4872 παρ’
3048 4803 3280 4863 ἐκείνοις
3338 4801 3689 4865 καταλιπεῖν,
3736 4801 3832 4851 καὶ
3874 4799 4007 4851 ὑπαι

768 4903 970 4953 lactum
1002 4909 1084 4953 est
1116 4901 1383 4954 universa:
1416 4899 1840 4970 dispensationis
1881 4899 2084 4954 Christi
2122 4901 2331 4956 descri-

767 4991 944 5045 beret.
974 4989 1130 5044 Cedit
1162 4989 1329 5060 igitur
1371 4986 1586 5043 illorum
1623 4991 1894 5058 petitioni,
1931 4991 2040 5044 imo
2066 4991 2209 5046 cedit
2241 5007 2337 5060 po-

768 5085 880 5137 tius
903 5086 1145 5151 paternis
1175 5081 1504 5146 visceribus,
1531 5081 1733 5150 quibus
1765 5083 1854 5136 hic
1880 5099 2005 5151 erga
2036 5084 2183 5151 ipsos
2209 5096 2332 5137 ute-

767 5175 928 5229 batur
973 5192 985 5228 :
1045 5174 1349 5244 praesertim
1397 5189 1519 5228 cum
1579 5190 1814 5243 superna
1865 5174 2212 5229 Providentia
2261 5177 2332 5229 ita

768 5268 1128 5335 disposuisset
1159 5253 1454 5320 multorum
1485 5267 1716 5321 salutem
1753 5283 1814 5321 ac
1859 5267 2138 5337 Evangelii
2195 5285 2330 5337 prm-

766 5361 1116 5416 dieationcm.
1149 5361 1214 5415 Et
1245 5361 1480 5430 primum
1515 5361 1734 5430 quidem
1771 5362 1886 5430 ipse
1916 5361 2184 5431 jejunium
2226 5362 2331 5416 sibi

767 5456 1021 5522 imperat,
1068 5453 1290 5521 jejunus
1341 5453 1457 5522 ipse
1523 5468 1585 5508 ac
1644 5453 2039 5523 propemodum
2106 5469 2334 5522 corpore

767 5545 1067 5600 exhaustus
1094 5586 1108 5605 ,
1163 5546 1391 5615 aliisque
1439 5544 1542 5600 hoc
1584 5546 1760 5614 ipsum
1793 5546 2086 5600 constituit
2118 5562 2181 5599 ac
2205 5547 2333 5599 abs-

771 5636 1054 5690 tinentiam
1088 5653 1115 5690 a
1145 5637 1321 5690 malis.
1377 5638 1441 5691 Et
1493 5637 1593 5691 hos
1638 5638 1858 5707 quidem
1912 5638 1964 5691 in
2005 5639 2094 5692 tali
2149 5640 2330 5708 quiete

769 5727 1048 5795 relinquit.
1096 5727 1364 5780 Caeterum
1419 5743 1584 5780 unum
1625 5728 1912 5797 quemdam
1949 5744 1977 5782 e
2030 5739 2236 5797 septem
2277 5745 2330 5782 se

769 5823 920 5891 sequi
952 5822 1126 5891 jubet,
1164 5822 1470 5878 l‘rochurus
1518 5822 1603 5876 hic
1650 5834 1787 5888 erat,
1832 5832 1887 5876 ut
1941 5825 2050 5892 ipse
2103 5823 2320 5890 quidem

2439 4896 2691 4948 τυπῶσαι
2723 4899 2782 4948 τὸ
2812 4897 2930 4947 καθ’
2959 4898 2990 4963 ἡ
3003 4897 3106 4960 μᾶς
3141 4894 3239 4962 τῆς
3283 4893 3411 4961 ὅλης
3441 4891 3534 4945 τοῦ
3568 4890 3813 4962 Χριστοῦ
3859 4892 4008 4944 olito-

2438 4987 2631 5053 νομίας
2661 4990 2980 5056 μυστήριον.
3025 4986 3175 5037 Εῑκει
3213 4982 3505 5052 τοιγαροῦν
3544 4984 3610 5050 τῇ
3664 4981 3893 5032 ἐκείνων
3923 4980 4010 5032 al-

2435 5080 2590 5147 τήσει
2614 5096 2625 5108 ο
2665 5078 2867 5146 μᾶλλον
2911 5078 2965 5128 δὲ
2998 5079 3109 5137 τοῖς
3139 5076 3426 5144 πατρικοῖς
3468 5072 3607 5125 εἴκει
3647 5071 4002 5141 σπλάγχνοις,

2435 5165 2514 5231 οἷς
2547 5173 2675 5240 περὶ
2711 5167 2908 5232 αὐτοὺς
2942 5162 3095 5230 οὗτος
3125 5169 3392 5236 ἐκέχρητο
3421 5207 3434 5230 ,
3495 5165 3668 5226 ἄλλως
3695 5181 3755 5215 τε
3788 5164 3886 5217 καὶ
3915 5163 4007 5229 τῆς

2440 5267 2706 5333 Προνοίας
2735 5265 2944 5317 ἄνωθεν
2973 5264 3070 5331 τὴν
3098 5262 3206 5313 τῶν
3234 5260 3444 5312 πολλῶν
3493 5259 3770 5326 σωτηρίαν
3825 5259 3919 5309 καὶ
3952 5257 4008 5309 τὸ

2439 5358 2535 5412 τοῦ
2579 5357 2916 5424 Εὑαγγελίου
2955 5358 3219 5424 κήρυγμα
3267 5352 3439 5413 οὕτως
3476 5351 4005 5418 οίκονομησαμένης.

2436 5457 2545 5509 Καὶ
2595 5453 2784 5522 πρῶτα
2847 5452 2945 5518 μὲν
3007 5450 3223 5500 ἀσιτίαν
3294 5445 3471 5513 ἑαυτῷ
3548 5441 3925 5510 παραγγέλλει
3982 5444 4008 5494 ό

2439 5547 2624 5605 ἄσιτος
2664 5543 2861 5613 μικροῦ
2895 5543 2985 5593 καὶ
3016 5542 3305 5609 ἀσώματος
3328 5554 3340 5568 ·
3375 5539 3486 5600 τοῖς
3535 5537 3590 5588 δὲ
3639 5535 3823 5594 ἄλλοις
3879 5535 4007 5587 αὐτό

2448 5657 2504 5689 τε
2542 5635 2719 5700 τοῦτο,
2750 5638 2842 5687 καὶ
2872 5636 2969 5702 τὴν
3005 5633 3112 5684 τῶν
3159 5631 3341 5683 κακῶν
3383 5628 3734 5695 ἀλλοτρίωσιν
3762 5626 4009 5677 ὑποτίθε-

2443 5748 2547 5780 tzt.
2585 5730 2685 5780 Καὶ
2729 5730 2850 5787 τοῦς
2884 5727 2981 5794 μὲν
3025 5727 3080 5776 ἐν
3115 5728 3176 5792 τῇ
3207 5721 3433 5791 τοιαύτῃ
3468 5719 3786 5770 καταλείπει
3814 5717 3996 5784 σιολῇ-

2445 5827 2534 5875 tu
2589 5822 2640 5874 ὁέ
2705 5839 2818 5873 τινα
2869 5820 2972 5871 τῶν
3020 5818 3178 5883 ἑπτὰ,
3231 5814 3500 5883 Πρόχορος
3544 5806 3717 5873 οὗτος,
3781 5812 4002 5862 ἓπετῢ..ι
