4252 6440
760 385 867 447 699

1983 381 2269 441 MENSIS
2311 380 2742 440 DECEMBER.

3927 375 4040 436 700

756 507 913 557 sulit.
968 503 1137 556 Porro
1193 502 1358 554 miser
1420 501 1511 555 ille
1567 511 1793 567 accepto
1851 515 2062 553 veneno
2115 496 2421 555 domumA

2371 496 2421 555 Α
2448 494 2696 563 φροντίσι
2722 492 2934 555 διπλαῖς
2965 492 3347 562 μεριζόμενος,
3377 491 3470 544 καὶ
3500 491 3597 544 νῦν
3630 492 3726 558 μὲν
3753 495 3866 549 τοῖς
3901 493 4036 558 τῇδε

759 594 920 648 redit.
979 595 1114 646 (tum
1167 592 1332 644 variis
1380 601 1562 644 autem
1614 591 1830 643 luctans
1885 589 2332 660 cogitationibus,

757 684 1014 751 curisque
1046 682 1364 750 duplicibus
1403 681 1598 734 anxius
1632 698 1644 732 :
1678 691 1736 734 et
1763 694 1909 733 nunc
1943 677 2166 746 quidem
2201 693 2339 746 prae-

759 777 1008 831 sentibus
1053 773 1513 828 delectationibus
1571 773 1847 842 hujusque
1892 771 2020 825 vitae
2068 770 2338 839 concupi-

760 872 967 924 scentia
1013 870 1261 931 allectus,
1304 882 1449 920 nunc
1484 881 1614 920 vero
1658 865 2050 919 iumentorum
2095 863 2343 917 multitu-

760 967 969 1022 dinem.
994 964 1239 1032 aliasque
1261 979 1326 1018 ex
1351 962 1651 1033 indigentia
1679 961 2039 1030 procedentes
2061 960 2342 1014 molestias

763 1055 1144 1118 considerans,
1187 1054 1406 1108 medius
1444 1052 1624 1106 stabat
1666 1052 1810 1105 inter
1858 1061 2160 1106 extremam
2207 1065 2340 1102 con-

762 1149 870 1205 silii
927 1148 1192 1219 inopiam.
1250 1145 1535 1215 Siquidem
1602 1159 1730 1198 cum
1797 1143 1865 1196 ad
1928 1141 2144 1196 dulcem
2200 1140 2344 1194 hanc

762 1242 940 1295 lucem
995 1239 1348 1308 respiciebat,
1397 1251 1671 1291 venenum
1749 1232 2078 1304 respuebat;
2123 1229 2344 1301 quando

762 1347 898 1386 vero
943 1332 1011 1384 ad
1061 1331 1511 1385 circumstantem
1558 1327 1801 1396 undique
1846 1333 2168 1396 egestatem,
2219 1323 2343 1378 ani-

767 1439 966 1494 moque
1019 1423 1351 1477 insidentem
1419 1420 1789 1485 anxietatem,
1841 1433 2034 1473 ausum
2091 1417 2347 1472 sumebat

763 1515 1028 1570 adversus
1066 1523 1321 1569 mortem.
1351 1514 1545 1568 Victus
1582 1523 1767 1567 tamen
1801 1520 1888 1566 est
1919 1525 1950 1565 a
1982 1511 2344 1576 necessitate;

764 1617 820 1662 et
869 1617 926 1660 ut
970 1607 1099 1660 hinc
1148 1605 1480 1658 liberaretur
1515 1620 1545 1657 a
1577 1602 1864 1666 molestiis,
1911 1601 2077 1671 elegit
2118 1603 2185 1654 ab
2230 1601 2345 1668 ipsa

763 1698 873 1751 vita
926 1696 1169 1750 liberari.
1229 1696 1474 1763 Denique
1525 1693 1706 1746 infuso
1741 1706 1973 1757 veneno,
2018 1701 2349 1759 sumptoque

2441 589 2737 654 τερπνοῖς,
2789 588 2884 638 καὶ
2930 588 2996 656 τῇ
3055 586 3154 652 τῆς
3213 585 3496 653 παρούσης
3552 584 3698 652 ζωῆς
3757 581 3956 650 {meo}
3981 583 4040 649 ία

2443 677 2791 744 θελγόμενος,
2856 677 2954 730 νῦν
3018 677 3076 729 δὲ
3129 675 3190 728 τὸ
3230 674 3339 729 τῶν
3391 674 3621 729 δανείων
3667 675 3874 744 πλῆθος
3940 676 4041 726 καὶ

2441 771 2608 824 τᾶλλα
2626 769 2694 823 τὰ
2718 769 2781 822 ὲκ
2825 769 2923 838 τῆς
2955 769 3163 830 ἐνδείας
3189 768 3425 839 δυσχερῆ
3454 768 3855 837 σκοπούμε.-ος,
3889 770 4041 834 ἀμη-

2443 861 2642 932 χανίας
2678 862 2843 932 μέσος
2873 864 3110 932 ἐσχάτης
3141 862 3347 914 ἵστατο.
3383 862 3514 916 ὐτε
3541 862 3639 930 μὲν
3661 863 3771 929 γάρ
3802 860 3946 931 πρὸς
3970 861 4037 912 τὸ

2443 955 2617 1024 γλυκὺ
2648 955 2808 1008 τοῦτο
2840 955 2954 1024 φῶς
2993 956 3238 1018 ἀπεῖδεν,
3271 957 3620 1021 ἀπεγίνωσκε
3655 953 3750 1006 τοῦ
3795 955 4035 1024 φαρμά-

2443 1065 2545 1101 κου
2568 1063 2583 1078 ⁸
2619 1049 2707 1102 ὅτε
2739 1049 2796 1103 δὲ
2850 1048 2988 1118 πρὸς
3019 1048 3117 1119 τὴν
3143 1049 3523 1119 περιεστῶσαν
3567 1048 3839 1102 πάντοθεν
3891 1051 4038 1101 ἀπο-

2448 1141 2595 1210 ρίαν,
2657 1141 2760 1194 καὶ
2811 1140 2911 1212 τὴν
2957 1141 3346 1210 ὲγκαθημένην
3399 1145 3466 1212 τῇ
3516 1142 3662 1211 ψυχῇ
3729 1141 4036 1210 μέριμναν,

2447 1234 2758 1304 κατετόλμα
2785 1236 2886 1304 τῆς
2919 1234 3203 1302 τελευτῆς.
3243 1233 3435 1302 Ὅμως
3465 1234 3673 1300 ἡττήθη
3723 1233 3826 1299 τῆς
3854 1231 4034 1296 ἀνάγ-

2448 1343 2572 1395 κης,
2605 1326 2701 1380 καὶ
2743 1326 2892 1387 ὅπως
2916 1325 3028 1377 τῶν
3057 1323 3314 1377 ἐντεῦθεν
3366 1323 3712 1393 ἀπαλλαγείη
3761 1322 4037 1390 ἀνιαρῶν,

2449 1422 2546 1475 καὶ
2583 1419 2762 1488 αὐτῆς
2815 1419 3199 1489 ἀπαλλαγῆναι
3242 1419 3346 1490 τῆς
3392 1419 3539 1488 ζωῆς
3567 1418 3766 1473 εἵλετο.
3806 1418 4039 1486 ’Δμέλει

2449 1514 2546 1565 καὶ
2595 1510 2660 1564 τὸ
2686 1511 2978 1580 ςάρμακον
3029 1511 3254 1581 ἐγχέας,
3314 1510 3411 1562 καὶ
3441 1509 3634 1580 ἄκροις
3684 1509 3787 1578 τὴν
3829 1509 4038 1561 κύλικα

2448 1604 2735 1668 δακτύλοις
2794 1603 2999 1668 λαϐὼν,
3063 1606 3296 1673 ἐπείπερ
3325 1605 3359 1674 ὴ
3393 1605 3542 1675 ψυχὴ
3571 1604 3722 1674 αὐτῷ
3767 1605 3830 1660 οὐ
3856 1620 4038 1672 προσ-

2453 1699 2563 1751 ίετο
2593 1739 2609 1763 ,
2670 1697 2808 1752 ἀλλά
2843 1698 2939 1751 καὶ
2974 1698 3180 1768 σφόδρα
3212 1696 3323 1768 εῐχε
3355 1698 3646 1768 περιδεῶς,
3685 1699 3781 1751 καὶ
3809 1697 4038 1765 συνεχὲς

765 1789 1028 1844 extremis
1081 1787 1267 1857 digitis
1323 1795 1571 1849 cratere,
1633 1784 2074 1854 quandoquidem
2131 1782 2349 1835 animus
2381 1842 2419 1861 ἢ

2381 1842 2419 1861 η
2451 1790 2599 1844 ἔνδον
2628 1792 2663 1861 ἠ
2717 1791 2923 1859 καρδία
2974 1791 3277 1855 ὲπάτασσε,
3310 1792 3466 1855 τέλος
3516 1791 3614 1861 τὴν
3656 1791 3866 1860 συνήθη
3899 1791 4039 1859 Χρι-

764 1881 831 1934 ad
889 1881 941 1933 id
1003 1895 1110 1932 non
1164 1875 1500 1941 accedebat,
1551 1873 1646 1928 sed
1700 1874 1891 1928 timide
1943 1874 2234 1928 admodum
2283 1887 2342 1927 se

764 1969 1023 2032 habebat,
1084 1968 1344 2033 intusque
1399 1965 1502 2018 sibi
1550 1977 1645 2017 cor
1678 1963 1937 2017 continue
1989 1963 2340 2032 palpitabat:

771 2060 990 2114 tandem
1034 2058 1216 2112 crucis
1253 2055 1536 2125 signaculo
1585 2052 1914 2108 Christianis
1956 2063 2220 2107 consueto
2253 2067 2342 2106 ve-

765 2167 969 2206 nenum
1034 2147 1358 2218 consignat,
1412 2147 1707 2214 statimque
1765 2144 1857 2198 ubi
1918 2144 2120 2197 clausis
2171 2144 2346 2198 oculis

765 2241 1013 2301 bibisset,
1067 2240 1140 2308 (o
1198 2250 1447 2305 magnam
1509 2249 1574 2288 ac
1629 2233 2034 2298 admirandam,
2085 2232 2342 2297 Christe,

767 2344 912 2388 tuam
966 2328 1345 2401 potentiam!)
1396 2327 1598 2380 illmsus
1649 2326 1990 2395 permansit,
2042 2338 2205 2378 cruce
2251 2341 2344 2377 ve-

767 2439 912 2476 neno
961 2436 1116 2474 suam
1161 2420 1383 2473 tollente
1431 2417 1562 2469 vim.
1604 2415 1741 2470 Cum
1784 2423 1968 2468 autem
2015 2414 2178 2467 simili
2227 2429 2345 2466 rur-

768 2530 890 2569 sum
941 2514 1267 2567 nccessitate
1305 2511 1731 2576 opprimeretur,
1778 2516 1834 2560 et
1879 2506 1948 2558 ab
1994 2506 2127 2573 ipsis
2168 2506 2341 2558 credi-

770 2608 982 2660 toribus
1035 2605 1406 2662 obsideretur,
1467 2601 1816 2668 animamque
1879 2598 2104 2652 haberet
2173 2597 2344 2664 priori

775 2713 1101 2768 Oppressam
1150 2693 1426 2760 inolnia,et
1453 2707 1572 2759 quae
1615 2693 1760 2744 omni
1803 2689 1964 2742 modo
2006 2699 2279 2758 quaereret
2318 2703 2347 2741 e

771 2788 1133 2858 praesentibus
1161 2787 1578 2845 liberationem,
1608 2781 2040 2836 labefactabatur
2071 2793 2249 2834 tamen
2279 2780 2346 2834 ad

770 2880 1102 2935 sumendum
1151 2880 1384 2932 alterum
1428 2890 1721 2938 venenum,
1764 2883 1820 2929 et
1862 2875 1930 2927 ad
1979 2886 2208 2925 mortem
2254 2889 2347 2926 ac-

771 2972 967 3026 cedere
1001 2969 1309 3023 recusabat.
1345 2969 1544 3020 Verum
1592 2981 1714 3018 cum
1759 2981 1789 3018 e
1836 2965 2199 3033 praesentibus
2241 2980 2345 3016 non

771 3063 1097 3115 liberaretur
1159 3061 1617 3119 ditlicultatibus,
1683 3056 1902 3126 gravius
1963 3070 2085 3110 esse
2145 3056 2347 3107 malum

774 3153 1025 3219 iuditans
1055 3152 1249 3203 iterata
1277 3152 1439 3202 etiam
1471 3158 1665 3207 morte,
1691 3145 1900 3198 aet-edit
1927 3145 1991 3196 ad
2018 3143 2344 3200 veneficum.

773 3258 1109 3311 rursumque
1159 3246 1227 3294 ab
1279 3243 1371 3294 illo
1429 3241 1606 3309 poscit
1653 3237 1802 3290 aliud
1858 3237 2249 3305 pharmacum,
2291 3246 2349 3291 nt

777 3338 980 3388 malum
1013 3335 1153 3386 malo
1183 3335 1518 3394 mederetur,
1547 3345 1665 3382 cum
1697 3330 1744 3382 id
1771 3328 1914 3396 quod
1948 3329 2098 3396 prius
2126 3342 2350 3396 accepe-

775 3442 878 3488 rat,
919 3425 1053 3477 nihil
1087 3424 1153 3476 ad
1196 3423 1250 3476 id
1290 3423 1436 3492 quod
1475 3435 1695 3474 necesse
1736 3429 1854 3472 erat
1890 3419 2106 3472 tulisset
2136 3420 2347 3478 auxilii.

775 3525 963 3584 utpote
993 3531 1090 3568 sua
1120 3525 1312 3567 natura
1365 3512 1498 3566 illud
1536 3511 1826 3564 vincente:
1858 3525 1982 3563 nam
2009 3509 2064 3562 id
2113 3511 2352 3579 impedi-

774 3621 960 3662 mento
995 3608 1163 3661 luisse
1193 3607 1388 3659 veneni
1419 3604 1678 3658 eilicacize
1707 3604 1937 3658 demens
1973 3604 2211 3669 dicebat,
2242 3620 2348 3657 non

776 3701 1090 3768 intelligens
1130 3713 1349 3752 crucem
1384 3698 1553 3750 fuisse
1581 3711 1704 3764 quae
1739 3696 1830 3748 hic
1864 3710 2096 3748 mortem
2141 3698 2302 3748 abstu
2329 3727 2345 3734 -

778 3791 950 3852 lisSet,
1002 3805 1124 3856 quae
1163 3790 1330 3843 etiam
1379 3797 1544 3841 antea
1590 3797 1900 3854 serpentem
1932 3787 2091 3855 longe
2125 3786 2230 3840 huc
2261 3803 2352 3840 vc—

778 3896 923 3932 neno
966 3879 1336 3946 potentiorem
1384 3879 1700 3933 sustulerat.
1748 3876 1936 3946 Itaque
1985 3877 2354 3948 prwstigiator

777 3971 868 4024 ille
931 3985 995 4024 ac
1052 3973 1356 4033 venelicus,
1420 3982 1476 4024 et
1532 3972 1647 4038 ipse
1682 3970 1960 4038 pharmaci
2015 3973 2352 4025 debilitatem

777 4063 1065 4123 damnans,
1116 4061 1264 4114 aliud
1307 4062 1408 4130 ipsi
1458 4062 1693 4131 porrigit
1735 4064 1882 4131 quod
1940 4064 2123 4130 priore
2179 4065 2352 4117 multo

778 4152 1053 4204 etlicacius
1093 4159 1230 4204 erat.
1261 4150 1512 4218 Cumque
1565 4165 1781 4204 rursum
1817 4151 2043 4204 domum
2094 4151 2355 4216 venisset,

778 4258 841 4295 ac
876 4243 1006 4295 illud
1045 4242 1324 4295 bibiturus
1352 4253 1520 4308 esset,
1553 4257 1680 4296 cum
1712 4243 1884 4312 priori
1918 4242 2114 4296 timore
2141 4252 2195 4295 et
2227 4259 2354 4312 ago-

782 4352 892 4394 nia,
922 4335 1346 4403 duplicibusque
1382 4335 1492 4388 illis
1519 4336 1898 4390 anxietatibus
1929 4336 2269 4402 luctabatur,
2301 4346 2356 4389 et

781 4427 982 4480 sudore
1015 4428 1260 4494 undique
1288 4426 1711 4480 circumﬂuebat
1743 4442 1806 4481 ac
1837 4427 2122 4482 tremebat.
2150 4428 2355 4482 Deinde

2452 1885 2690 1945 στιανοῖς
2722 1883 2818 1936 τοῦ
2846 1882 3083 1953 σταυροῦ
3117 1883 3393 1952 σφραγῖδα
3423 1883 3501 1954 τῷ
3533 1883 3816 1950 φαρμάκῳ
3839 1883 4034 1934 διατυο

2450 1974 2662 2039 πώσας,
2689 1976 2784 2029 καὶ
2822 1991 2962 2029 κατα
2972 1975 3151 2045 μύσας
3187 1975 3375 2040 εὐθὺς,
3405 1975 3503 2028 καὶ
3522 1976 3688 2039 πιὼν,
3716 1972 3782 2044 (ῶ
3807 1976 3907 2040 τῆς
3943 1992 4039 2043 με·

2453 2070 2625 2140 γάλης
2647 2073 2747 2123 καὶ
2771 2070 3093 2139 θαυμαστῆς
3120 2085 3237 2134 σου,
3258 2069 3486 2139 Χριστὲ,
3514 2070 3795 2137 δυνάωςμε
3817 2073 3856 2135 ί)
3892 2071 4038 2120 ἀπα·

2451 2165 2552 2232 θὴς
2586 2164 2769 2232 ἔμενε,
2802 2162 2895 2215 τοῦ
2935 2161 3172 2231 σταυροῦ
3201 2161 3303 2230 τὴν
3336 2161 3433 2214 τοῦ
3464 2165 3767 2232 φαρμάκου
3799 2163 3864 2214 δύ
3879 2182 4037 2230 δαμιν

2451 2256 2757 2320 ἀνελόντος.
2803 2256 2893 2318 Ὠς
2926 2256 2984 2307 δὲ
3013 2258 3080 2326 τῇ
3104 2256 3268 2327 ὁμοίᾳ
3300 2258 3396 2310 καὶ
3427 2256 3584 2318 αὖθις
3613 2257 3825 2326 ἀνάγκη
3854 2258 4037 2309 συνεί-

2451 2367 2597 2420 χετο.
2616 2351 2837 2410 καὶτοῖς
2853 2348 3036 2408 αὐτοῖς
3065 2348 3373 2410 δανεισταῖς
3392 2350 3512 2400 ἐπα)
3527 2367 3609 2419 ι’ρ
3649 2352 3783 2413 εῖτο,
3810 2350 3908 2402 καὶ
3934 2351 4035 2417 τὴν

2451 2444 2628 2512 ψυχὴν
2647 2441 2797 2494 οὐδὲν
2810 2425 2978 2510 ἦττον
3001 2436 3114 2509 εἶχε
3129 2443 3196 2510 τῇ
3217 2441 3462 2512 προτέρα
3479 2443 3812 2512 πιεζομένην
3830 2441 4033 2513 ἐνδείᾳ,

2454 2535 2544 2587 καὶ
2573 2533 2900 2603 ἀπαλλαγὴν
2945 2534 3043 2603 μὲν
3068 2536 3133 2587 ὲκ
3157 2535 3357 2598 παντὸς
3380 2536 3584 2606 τρόπου
3602 2537 3710 2589 τῶν
3747 2540 3924 2605 παρίν
3936 2555 4034 2588 των

2453 2624 2845 2692 ἐπιζητοῦσαν,
2881 2625 3224 2686 ὀκλάζουσαν
3259 2625 3317 2677 δὲ
3356 2627 3490 2695 πρὸς
3521 2626 3777 2694 δεύτερον
3805 2645 4031 2695 φρεα-

2454 2736 2550 2771 κον
2573 2719 2668 2770 καὶ
2700 2717 2839 2787 πρὸς
2877 2719 2971 2769 τὸν
3004 2718 3234 2772 θάνατον
3263 2719 3656 2790 ἀναδυομένην,
3692 2719 3835 2774 ἀλλά
3862 2722 3924 2773 τὸ
3957 2720 4030 2789 μὴ

2453 2811 2563 2862 τῶν
2611 2813 2668 2861 ὲν
2718 2813 2875 2879 χερσὶ
2922 2810 3204 2882 δυσχερῶν
3264 2810 3696 2881 ὲλευθερωθῆναι
3729 2812 4034 2882 βαρύτερον

2454 2895 2594 2953 εἶναι
2628 2901 2798 2952 κακὸν
2824 2903 2918 2952 καὶ
2953 2902 3124 2954 αὐτοῦ
3153 2903 3315 2955 πάλιν
3348 2903 3579 2956 θανάτου
3617 2906 3830 2973 κρίνας,
3857 2908 4031 2975 πρίσ-

2455 3010 2559 3045 εισι
2629 2992 2709 3063 τῷ
2761 2994 2939 3062 γόητι.
2977 2994 3089 3046 Καὶ
3120 2989 3282 3058 αὖθις
3336 2997 3529 3067 ἐκεί-,ῳ
3559 2999 3655 3050 καὶ
3700 2997 3833 3051 ἄλλο
3868 2998 4033 3049 πάλιν

2455 3083 2595 3134 αἰτεῖ
2626 3084 2942 3150 φάρμακον,
2982 3083 3137 3152 κακῷ
3170 3084 3232 3137 τὸ
3277 3086 3450 3139 κικὺν
3488 3086 3746 3155 ίὼμενος,
3787 3080 3878 3139 οἷα
3935 3088 4030 3139 τοῦ

2375 3192 2418 3252 C
2456 3172 2822 3241 προλαϐόντος
2854 3174 3005 3226 οὐδὲν
3050 3177 3186 3244 πρδς
3217 3175 3315 3244 τὴν
3349 3177 3541 3245 χρείαν
3571 3179 3893 3246 ὀνήσαντος.
3935 3180 4032 3232 an

2450 3261 2552 3330 τῆς
2605 3261 2825 3330 φύσεως
2898 3262 3068 3316 αὑτοῦ
3139 3266 3595 3336 περιγενομένης.
3653 3266 3874 3336 Ταύτην
3923 3268 4031 3336 γάρ

2453 3352 2707 3422 ἐμποδὼν
2768 3353 3025 3420 γενέσθαι
3085 3358 3148 3423 τῇ
3207 3355 3301 3407 τοῦ
3340 3357 3639 3426 φαρμάκου
3695 3359 3953 3428 ἐνεργείᾳ
4003 3365 4029 3410 ο

2459 3446 2686 3512 μάταιος
2718 3442 2894 3509 ἔλεγε,
2933 3444 3006 3511 μὴ
3040 3444 3265 3506 συνιεὶς,
3294 3447 3378 3498 ὅτι
3403 3446 3634 3515 σταυρὸς
3659 3441 3727 3514 ἧν
3750 3449 4030 3500 κάνταῦθα

2454 3536 2546 3586 τὸν
2578 3535 2811 3587 θάνατον
2835 3534 3100 3604 ἀναιρῶν,
3135 3538 3162 3587 ὁ
3189 3538 3284 3588 καὶ
3311 3539 3402 3588 τὸν
3439 3538 3617 3607 πολλῷ
3648 3540 3842 3591 τούτου
3874 3541 4031 3593 δυνα-

2453 3628 2686 3692 τώτερον
2738 3628 2864 3696 ὅφιν
2919 3628 3167 3681 καθελὼν
3219 3630 3508 3700 πρότερον.
3549 3632 3608 3683 ’0
3660 3632 3795 3699 γόης
3847 3636 4030 3686 τοίνυν

2455 3718 2663 3777 ἐκεῖνος
2686 3716 2778 3768 καὶ
2807 3719 3100 3786 φαρμακδς
3131 3719 3441 3790 ἄνθρωπος,
3473 3721 3568 3774 τοῦ
3594 3724 3894 3792 φαρμάκου
3939 3733 4032 3777 καὶ

2456 3803 2616 3864 αὐτὸς
2651 3805 2939 3859 ἀσθένειαν
2967 3811 3294 3873 καταγνοὺς,
3328 3811 3584 3879 δεύτερον
3616 3813 3808 3880 ὀρέγει
3829 3814 4029 3883 τούτῳ,

2455 3897 2554 3949 τοῦ
2592 3897 2862 3968 προτέρου
2899 3898 3082 3970 πολλῷ
3118 3900 3572 3971 δραστικώτερον.
3617 3905 3706 3966 Ὠς
3732 3906 3789 3958 δὲ
3815 3910 3911 3958 καὶ
3934 3911 4032 3962 πά.

2456 3990 2536 4040 λιν
2567 3990 2706 4042 οίκοι
2767 3992 3082 4059 γενόμενος,
3119 3997 3214 4046 καὶ
3272 3994 3450 4046 πίνειν
3481 3995 3612 4048 αὐεὸ
3655 3997 3901 4061 μέλλων,
3949 4000 4028 4068 τῷ

2455 4077 2702 4146 προτέρῳ
2732 4077 2838 4128 δέει
2867 4080 2961 4130 καὶ
2991 4082 3054 4149 τῇ
3092 4081 3301 4150 ἀγωνία
3350 4085 3441 4135 καὶ
3470 4088 3589 4143 ταῖς
3620 4085 3843 4147 διπλαῖς
3873 4089 4020 4138 εκεί-

2456 4185 2572 4229 ναις
2604 4169 2885 4235 φροντίσιν
2917 4172 3170 4236 ὲπάλαιε,
3203 4175 3298 4224 καὶ
3332 4174 3517 4244 ἱδρῶτι
3556 4178 3898 4246 πανταχόθεν
3940 4197 4030 4230 πε-

2459 4263 2754 4330 ριεῤῥεῖτο.
2783 4263 2877 4313 καὶ
2901 4262 3212 4332 ὑπότρομος
3240 4260 3329 4329 ἦν,
3356 4261 3476 4317 εἶτα
3503 4267 3598 4319 καὶ
3631 4270 3698 4336 τῇ
3731 4269 3828 4320 τοῦ
3863 4285 4026 4322 σταυ-

2459 4351 2554 4420 ροῦ
2588 4354 2848 4419 σφραγῖδι
2903 4353 3146 4421 συνήθως
3197 4357 3610 4426 ὲπισφραγίσας
3648 4361 3750 4429 τὴν
3807 4361 4031 4422 κύλικα,

2456 4443 2553 4494 καὶ
2580 4441 2745 4506 πιὼν,
2781 4442 2953 4496 κακοῦ
3004 4443 3221 4514 ἀπαθὴς
3276 4442 3344 4515 ἦν
3380 4446 3487 4508 ἔτι,
3534 4447 3901 4517 ἐξεπλήττετο
3936 4454 4032 4520 μὲν

783 4518 873 4568 ubi
903 4531 1119 4568 rursum
1156 4526 1424 4570 consueto
1454 4519 1639 4572 crucis
1663 4519 1946 4587 signaculo
1971 4519 2198 4573 calicem
2222 4534 2352 4574 con-
2385 4533 2428 4586 ο
2459 4550 2462 4581 ;

2351 4550 2352 4554 ‘
2385 4533 2428 4586 D
2459 4534 2552 4586 καὶ
2582 4535 2767 4600 αὐτὸς,
2803 4536 3106 4605 συμϐαλεῖν
3159 4538 3257 4604 τὴν
3317 4535 3502 4592 αίτίαν
3539 4540 3662 4592 οὐδε
3719 4541 3864 4610 ἔχων
3887 4561 3901 4575 ·
3938 4518 4030 4597 καὶ

780 4608 1051 4676 signasset
1089 4624 1151 4661 ac
1187 4609 1446 4671 bibisset,
1497 4610 1698 4664 iterum
1763 4610 1966 4665 illaesus
2015 4615 2349 4680 permansit;

783 4697 1010 4765 ipseque
1032 4697 1320 4766 obstupuit
1346 4712 1478 4751 sane
1505 4713 1628 4752 cum
1655 4714 1878 4754 causam
1905 4702 2219 4771 conjectare
2243 4717 2350 4756 non

783 4799 1008 4857 passet;
1048 4803 1111 4841 ac
1146 4790 1347 4842 mirum
1385 4790 1439 4842 in
1475 4790 1698 4844 modum
1733 4792 2133 4860 desperationis
2162 4794 2354 4847 stimu-

781 4877 852 4929 lis
896 4877 1246 4944 jactabatur:
1301 4879 1546 4932 nondum
1587 4882 1733 4933 enim
1783 4881 2089 4951 intelligere
2138 4893 2354 4952 poterat

781 4968 928 5036 quod
962 4971 1142 5022 crucis
1166 4969 1407 5023 eﬂicacia
1435 4981 1581 5026 esset
1608 4987 1729 5041 qua
1756 4977 1948 5028 veneni
1973 4976 2118 5030 vires
2147 4979 2354 5030 exstin-

782 5068 998 5126 gueret.
1031 5060 1281 5130 Cumque
1314 5063 1479 5116 homo
1519 5065 1688 5118 animi
1718 5068 1984 5136 angustiae
2017 5083 2084 5122 ac
2126 5069 2352 5122 calami-

787 5161 958 5204 tatum
1001 5154 1191 5222 pelago
1239 5155 1557 5221 immersus,
1585 5173 1690 5212 nec
1715 5160 1798 5210 vel
1854 5160 2134 5224 paululum
2165 5162 2230 5214 ad
2266 5177 2354 5215 sa-

785 5243 995 5295 niorem
1027 5256 1264 5298 mentem
1297 5247 1500 5309 redire,
1535 5265 1635 5302 nec
1665 5264 1726 5302 ea
1755 5266 1899 5319 quae.
1929 5261 1988 5304 ut
2015 5256 2194 5314 aiunt,
2227 5265 2354 5307 ante

787 5335 954 5403 pedes
987 5349 1145 5390 erant
1176 5353 1512 5406 cognoscere
1551 5352 1774 5410 posset:
1831 5345 1958 5397 hinc
2001 5345 2196 5397 iterato
2244 5347 2359 5399 abit

787 5428 854 5479 ad
895 5426 1202 5494 Hebraeum,
1255 5440 1312 5484 et
1350 5432 1540 5486 eadem
1573 5450 1695 5502 quae
1743 5439 1894 5503 prius
1939 5439 2180 5505 exponit.
2221 5439 2356 5492 Cum

789 5531 972 5572 autem
1011 5530 1060 5572 et
1105 5523 1193 5575 ille
1251 5533 1638 5580 consternatus
1679 5537 1845 5592 esset,
1893 5528 2168 5598 longoque
2222 5539 2358 5584 teni-

796 5624 924 5674 pore
980 5625 1145 5678 super
1176 5626 1239 5666 ea
1296 5629 1353 5668 re
1403 5617 1634 5669 consilio
1681 5618 2116 5685 destitueretur,
2162 5620 2358 5676 deinde

792 5703 955 5754 etiam
987 5718 1205 5757 causam
1235 5706 1470 5774 aliquam
1525 5708 1939 5777 deprehendere
1973 5724 2199 5782 cuperet
2230 5732 2358 5784 pro-

793 5802 909 5859 pter
939 5809 1098 5862 quam
1129 5798 1182 5851 in
1218 5813 1424 5852 veneno
1458 5802 1624 5856 l'alsus
1666 5813 1810 5856 esset
1844 5805 1980 5872 (ipse
2017 5808 2160 5859 enim
2191 5824 2349 5863 vene-

2455 4625 2642 4687 δεινῶς
2674 4629 2783 4687 τοῖς
2813 4626 2911 4694 τῆς
2945 4626 3257 4694 ἀμηχανίας
3281 4627 3531 4696 κέντροις
3568 4628 3848 4683 ιϐάλλετο.
3871 4632 4033 4686 Οὖδὲ-

2457 4733 2545 4768 πω
2575 4717 2682 4784 γὰρ
2737 4717 2972 4770 συνιδεῖν
3000 4713 3146 4788 εἶχεν
3180 4718 3256 4780 ὡς
3302 4719 3336 4789 ὴ
3368 4720 3464 4771 τοῦ
3503 4720 3744 4789 σταυροῦ
3780 4725 4030 4794 ἐνέργεια

2455 4803 2522 4877 ἦν
2545 4809 2577 4877 ἡ
2603 4808 2987 4862 ἀποσϐεννίηα
3020 4809 3113 4861 τοῦ
3141 4812 3440 4880 φαρμάκου
3460 4812 3563 4882 τὴν
3605 4812 3837 4881 δύναμιν
3865 4856 3882 4881 ,
3940 4818 4029 4870 ἀν-

2458 4898 2672 4965 θρωπος
2703 4897 2778 4964 τῷ
2799 4898 2895 4966 τῆς
2917 4898 3157 4968 ἀθυμίας
3193 4899 3424 4968 πελάγει
3457 4905 3550 4955 καὶ
3575 4902 3654 4973 τῷ
3683 4903 3791 4957 τῶν
3822 4923 4030 4977 συμφο-

2463 4991 2570 5059 ρῶν
2595 4989 3019 5059 βαπτιζόμενος,
3044 4992 3140 5043 καὶ
3171 4992 3308 5061 μηδὲ
3333 4994 3605 5064 ἀνανῆψαι
3638 4997 3861 5066 μικρὸν,
3897 5001 4028 5069 μηδὲ

2458 5080 2566 5134 τῶν
2599 5083 2656 5133 ἐν
2688 5085 2844 5132 ποσὶν
2895 5082 3177 5134 αἰσθέσθαι
3230 5085 3526 5152 δυνάμενος
3553 5103 3566 5116 ·
3610 5086 3765 5140 ἐνθεν
3816 5106 3904 5144 τοι
3942 5094 4029 5146 καὶ

2463 5173 2612 5239 παρὰ
2646 5173 2735 5249 ⁴ξὺν
2778 5172 3030 5242 Ἐϐραὶον
3061 5177 3248 5226 ἄπεισι
3302 5177 3396 5228 καὶ⁵
3424 5176 3608 5243 αὖθις,
3645 5183 3739 5231 καὶ
3767 5183 3839 5232 τὰ
3895 5185 4026 5237 αὺτά

2460 5267 2570 5326 τῖς
2608 5266 2771 5332 πρὸτε
2784 5281 2874 5334 ρον
2903 5267 3261 5332 ἀπαγγέλλει.
3291 5267 3396 5318 Τέιῦ
3427 5268 3506 5327 δὲ,
3543 5271 3636 5322 καὶ
3666 5270 3836 5324 αὑτοῦ
3867 5292 4027 5328 κατα-

2462 5357 2799 5421 πλαγέντος,
2859 5360 2949 5409 καὶ
2999 5358 3167 5409 πολὺν
3216 5360 3408 5428 χρόνον
3461 5362 3556 5412 ἐπὶ
3609 5365 3684 5432 τῷ
3742 5369 4026 5434 πράγματι

2464 5449 2932 5518 διαπορουμὲνου,
2975 5449 3093 5502 εἶτα
3139 5455 3230 5503 καί
3274 5469 3399 5505 τινα
3442 5457 3697 5524 φωρᾶσαι
3741 5458 4030 5527 ζητοῦντος

2462 5542 2665 5605 αἰτίαν,
2701 5541 2771 5591 δι’
2825 5541 2893 5610 ἣν
2925 5540 3100 5604 οὕτως
3145 5545 3404 5612 άστοχοίη
3436 5547 3495 5597 τὸ
3546 5550 3839 5616 φάρμακον
3881 5554 4026 5618 (γόης

2463 5633 2573 5699 γὰρ
2605 5634 2811 5692 ἐκεῖνος
2841 5639 2934 5686 καὶ
2960 5634 3028 5686 τὰ
3056 5635 3282 5688 τοιαῦτα
3322 5640 3618 5708 τεχνίτης),
3657 5643 3804 5703 ὅπως
3851 5660 3911 5694 τε
3942 5645 4028 5693 καὶ

2464 5726 2582 5774 τινα
2612 5726 2814 5792 τρόπον
2858 5725 2938 5786 είς
2971 5726 3067 5794 τὴν
3093 5728 3274 5779 (οἰκίαν
3303 5728 3396 5779 τοῦ
3428 5733 3715 5798 γαρμάκου
3751 5737 4026 5802 μεταλαμο

2469 5814 2619 5866 amt
2651 5815 2789 5867 κατά
2837 5816 3000 5884 μέρος
3033 5815 3238 5870 ἕκαστα
3269 5819 3675 5873 διεπενθάνπο.
3712 5824 3797 5885 Ὠς
3819 5824 3898 5889 δὲ,
3933 5824 4027 5877 UO-
