4252 6440
256 340 361 403 701

1387 338 1564 396 VITA
1608 341 1667 398 ὃ.
1715 336 2038 398 JOANNIS
2078 338 2356 398 EVANG.

3416 341 3523 404 762

255 461 349 512 δὲν
373 457 556 521 πλέον,
594 447 773 521 οὗτος,
807 456 883 517 είς
916 453 1014 524 τὴν
1037 454 1218 507 οίκίαν
1249 455 1640 526 ἀφικνούμενος
1666 455 1840 522 πράτο
1870 465 1912 513 Α

1837 483 1840 491 ι
1870 465 1912 513 Α
1947 450 2081 504 licus
2114 462 2231 504 crat
2281 461 2334 504 et
2364 453 2674 521 illljthlttmii
2713 470 2890 503 rt-rutu
2943 452 3182 516 artifex),
3216 471 3325 523 quo
3356 470 3516 525 pacto

255 567 431 619 τοιμι,
459 548 588 617 ἔφη,
619 547 759 616 πλὴν
786 547 954 616 ὁτιδὴ
985 550 1051 617 τῇ
1091 548 1278 600 κύλικι
1305 548 1501 617 ὲγχέας
1526 549 1584 598 τὸ
1612 547 1834 615 φάρμα-

255 658 378 705 κον,
434 635 552 692 εἶτα
607 638 703 691 καὶ
773 639 947 708 μικρά
1008 637 1272 703 ὀκλάσας,
1321 642 1414 690 καὶ
1468 642 1680 710 ἀγωνίᾳ
1737 641 1853 714 τὴν.

257 733 491 803 καρδίαν
540 730 896 796 διασεισθεὶς,
940 730 1020 801 τῷ
1053 731 1149 784 τοῦ
1179 731 1422 802 σταυροῦ
1480 731 1716 800 σημείῳ,
1750 728 1837 784 οἷα

256 828 326 897 δὴ
357 825 603 896 συνήθως
629 827 982 895 Χριστιανοῖς
1013 826 1158 894 φιλεῖ
1186 826 1458 894 γίνεσθαι,
1487 826 1575 879 διὰ
1606 826 1704 895 τὴν
1730 826 1838 877 δει-

257 922 377 974 λίαν
413 922 511 990 τὴν
553 920 759 973 κύλικα
803 918 1272 989 σφραγισάμενος,
1335 920 1429 974 καὶ⁵
1486 919 1663 989 μύσας
1716 918 1841 978 τοὺς

255 1013 575 1083 ὀφθαλμοὺς
605 1011 764 1066 τοῦτο
799 1012 1038 1082 πίνοιμι·
1076 1012 1152 1076 ὡς
1187 1013 1347 1082 μόνον
1380 1011 1620 1082 σταυροῦ
1647 1010 1841 1080 κλῆσιν

259 1108 500 1161 ἐνταῦθα
529 1110 556 1160 ό
601 1107 855 1174 Ἐϐραῖος
886 1105 1163 1171 ἀκούσειε,
1199 1112 1435 1175 συνῆκεν
1487 1106 1650 1167 εὐθὺς
1702 1104 1841 1174 ὅπερ

258 1195 353 1269 ἧν,
389 1201 481 1252 τὸν
517 1198 751 1269 σταυρὸν
784 1194 926 1251 εἶναι
962 1198 1050 1250 τὸν
1089 1199 1416 1266 ἀναιροῦντα
1471 1196 1566 1248 τοῦ
1619 1194 1843 1265 φαρμά-

260 1310 361 1346 κου
398 1291 498 1361 τὴν
525 1291 780 1359 δύναμιν.
814 1291 934 1344 Ἵνα
963 1291 1020 1343 δὲ
1057 1289 1131 1361 μὴ
1176 1290 1307 1361 ψιλὴ
1330 1290 1389 1342 τὸ
1416 1294 1649 1362 πρᾶγμα
1684 1293 1843 1359 μόνον

261 1384 534 1453 ὑπόληψις
567 1378 623 1456 ᾖ,
653 1385 744 1436 καὶ
785 1383 1022 1447 πίστεως
1045 1384 1216 1437 δεῖταί
1255 1401 1422 1445 τινος.
1459 1386 1566 1435 Καί
1597 1401 1702 1436 τινι
1734 1383 1844 1436 τῶν

261 1476 441 1528 κυνῶν
465 1474 679 1526 ἐκείνου
716 1473 983 1542 μεταδοὺς
1019 1472 1114 1526 τοῦ
1154 1473 1479 1541 φαρμάκου,
1509 1470 1700 1524 τοῦτον
1747 1471 1844 1540 μὲν

261 1567 484 1635 ἀναιρεῖ
532 1565 733 1618 αὐτίκα
761 1583 774 1598 ο
850 1565 877 1617 ό
935 1564 1184 1635 Ἐεραῖος
1232 1564 1287 1616 δὲ
1341 1565 1538 1633 μηκέτι
1585 1563 1846 1615 πλειόνων

256 1656 477 1724 δεηθεὶς
512 1657 865 1720 ἀποδείξεων,
920 1659 1020 1726 τὴν
1062 1658 1295 1726 πάτριον
1328 1656 1728 1724 ἐξομοσάμενος
1759 1656 1842 1707 ai-

264 1765 440 1817 ρεσιν,
472 1751 539 1816 τῇ
579 1748 811 1817 ἀληθείᾳ
847 1748 1224 1816 προστίθεται.
1271 1749 1379 1800 Καὶ
1406 1747 1564 1800 τοῦτο
1621 1746 1840 1816 πρῶτον

260 1843 486 1908 ἀναιρεῖ
543 1842 643 1908 τὴν
676 1841 894 1906 ἀπάτην
929 1880 944 1906 ,
999 1839 1093 1892 καὶ
1153 1839 1449 1908 φάρμακον
1494 1839 1567 1902 ὡς
1623 1837 1837 1907 ἀληθῶς

258 1933 475 2000 γίνεται
504 1933 582 2002 τῷ
612 1950 940 2001 κεχρημενῳ
972 1934 1176 2001 τρόπον
1203 1932 1413 2001 ἕτερον,
1441 1934 1539 2001 τῆς
1566 1933 1842 2002 προτέρας

257 2030 477 2080 ἐκείνου
518 2028 776 2096 γοητείας
811 2027 977 2093 φανὲν
1008 2026 1362 2095 δηλητήριον,
1406 2028 1710 2095 τεκμήριον
1745 2029 1843 2095 τῆς

265 2119 572 2187 μεταϐολῆς
595 2121 797 2172 ἱκανόν.
831 2118 1091 2187 Πρόσεισι
1117 2117 1193 2186 τῷ
1211 2117 1306 2169 τοῦ
1332 2119 1570 2187 Χριστοῦ
1597 2116 1840 2188 μαθητῇ,

256 2212 336 2282 τῷ
367 2213 477 2264 τῶν
521 2213 894 2282 πλανωμένων
952 2210 1155 2279 ὁδηγῷ.
1199 2211 1278 2280 Τῇ
1327 2210 1692 2280 πολυφθόγγῳ
1746 2209 1840 2261 τοῦ

259 2307 582 2375 Πνεύματος
646 2306 909 2371 σάλπιγγι
966 2305 1317 2372 καταμηνύει
1367 2304 1465 2372 τὴν
1521 2302 1836 2371 ἐπιϐουλὴν,

256 2396 476 2464 ἐλέγχει
512 2398 611 2462 τὴν
657 2396 866 2459 ἄνοιαν,
903 2394 1222 2464 δημοσιεύει
1261 2398 1320 2445 τὸ
1375 2395 1612 2462 πονηρὸν
1664 2395 1840 2444 ἐκεῖνο

259 2487 587 2556 μυστήριον,
637 2484 968 2556 θριαμϐεύει
1020 2487 1120 2555 την
1171 2487 1266 2552 τῆς
1319 2485 1590 2554 προτέρας
1624 2486 1839 2554 ἀπάτης

253 2575 568 2629 ἀσθένειαν.
641 2577 699 2627 ὐ
731 2575 786 2626 δὲ
825 2579 918 2628 καὶ
953 2576 1167 2644 δέχεται
1220 2577 1533 2641 προσιόντα,
1596 2580 1686 2626 καὶ
1743 2578 1838 2645 τὴν

258 2667 560 2734 μετάνοιαν
616 2669 852 2730 ὲπαινεῖ,
917 2669 1010 2718 καὶ
1067 2669 1460 2735 παραινέσεσιν
1524 2667 1688 2718 αὑτὸν
1740 2669 1838 2718 καὶ

256 2759 594 2829 συμϐουλαῖς
622 2759 1003 2828 ἀσφαλίζεται.
1045 2755 1178 2811 Εἶτα
1200 2761 1293 2812 καὶ
1320 2761 1594 2830 ἀναγεννᾲ
1627 2761 1714 2812 διά
1743 2759 1837 2813 τοῦ

258 2857 660 2926 βαπτίσματος,
691 2857 785 2908 καὶ
811 2854 888 2925 τῷ
921 2857 1026 2907 τῶν
1055 2856 1194 2907 ὅλων
1229 2854 1527 2907 οἰκειοῦται
1570 2859 1834 2926 Δεσποτῃ.

257 2949 427 3001 Ἀλλά
460 2950 566 3017 μὴν
605 2949 725 3001 οὐδὲ
755 2949 850 3002 τὸν
875 2949 954 3016 τῷ
995 2949 1230 3018 Ἐὅραίῳ
1266 2951 1360 3017 τῆς
1414 2949 1717 3018 μεταϐολῆς
1751 2953 1836 3000 αῖ-

260 3060 378 3093 τιον
414 3046 439 3094 ό
465 3042 560 3110 τῆς
596 3042 782 3111 κοινῆς
839 3043 1123 3110 οἰκονόμος
1168 3047 1443 3112 σωτηρίας
1475 3044 1614 3094 οὕτω
1651 3045 1835 3106 κακῶς

1943 553 1996 594 et
2029 560 2079 594 in
2116 560 2279 610 quem
2309 545 2526 597 modun.
2567 563 2650 593 ιιιιι
2696 546 2918 596 domum
2951 545 3204 600 rediisset
3241 563 3515 605 venenum

1943 637 2240 704 acciperet,
2297 639 2547 689 Illilllllttli
2608 653 2704 704 per
2737 637 2948 704 singula
2985 639 3380 709 interrogabat.
3420 642 3517 698 Hic

1943 738 2126 781 autem
2163 727 2373 788 :Nihil,
2433 730 2629 794 inquit,
2665 728 2810 781 aliud
2855 744 2954 797 ago
3001 730 3224 785 domum
3269 748 3518 800 vemens,

1943 835 2106 888 quam
2135 821 2281 889 quod
2319 821 2498 875 infuso
2524 836 2720 874 eratei't
2746 837 2978 886 veneno,
3008 825 3205 879 deinde
3230 828 3514 894 paululum

1944 911 2114 965 etiam
2171 913 2554 978 labefactatus,
2610 927 2665 969 et
2711 927 2986 971 anatctate
3047 918 3100 970 in
3157 920 3325 975 corde
3380 937 3516 976 cou-

1945 1019 2164 1070 cussus,
2199 1006 2380 1060 crucis
2406 1007 2582 1076 signo,
2619 1015 2675 1060 ut
2707 1008 2850 1076 quod
2876 1025 2905 1062 a
2929 1008 3260 1066 Christianis
3290 1029 3355 1067 ex
3387 1030 3521 1068 cou-

1943 1100 2236 1154 suetudine
2272 1099 2390 1153 heri
2423 1101 2581 1164 solet,
2621 1115 2844 1170 propter
2881 1106 3130 1160 timoretn
3167 1108 3338 1162 calice
3373 1110 3520 1162 obsi-

1944 1202 2130 1262 gnato,
2163 1193 2340 1248 oculis
2374 1196 2578 1247 clausis
2604 1195 2733 1248 illud
2771 1195 2920 1251 bibo.
2949 1197 3049 1253 Ubi
3073 1201 3310 1268 primum
3340 1204 3522 1257 crucis

1947 1300 2148 1339 nomen
2180 1285 2269 1340 hic
2290 1287 2533 1341 audisset
2567 1287 2842 1352 liebraus,
2875 1290 3144 1347 intellexit
3167 1297 3346 1348 statim
3373 1297 3518 1365 quod

1944 1389 2084 1441 erat,
2119 1393 2315 1448 nempe
2344 1393 2561 1433 crucem
2589 1395 2709 1434 esse
2745 1397 2865 1449 quae
2912 1385 3017 1436 vim
3055 1387 3272 1440 tolleret
3299 1375 3516 1443 veneni.

1948 1467 2119 1522 Porro
2177 1485 2243 1523 ne
2291 1486 2379 1524 res
2437 1471 2594 1524 nudae
2656 1473 2833 1526 solum
2898 1473 3133 1530 iuereret
3190 1481 3518 1547 suspicioni,

1947 1560 2238 1628 quamdam
2270 1563 2434 1615 etiam
2469 1565 2704 1632 requirit
2733 1564 2894 1618 fidem
2923 1583 2934 1618 :
2974 1567 3189 1621 cuidam
3223 1569 3370 1625 illius
3397 1575 3516 1625 caui

1950 1652 2148 1703 tradito
2180 1667 2411 1714 veneno,
2449 1654 2596 1708 hunc
2636 1657 2896 1722 protinus
2931 1658 3221 1712 interimit.
3256 1657 3518 1716 Hebraeus

1952 1755 2137 1797 autem
2170 1744 2351 1798 nullas
2381 1747 2617 1814 amplius
2665 1749 2953 1816 requirens
2992 1749 3519 1815 demonstrationes,

1950 1840 2197 1908 abjurata
2230 1839 2403 1908 patria
2436 1849 2586 1894 secta
2627 1840 2693 1894 ad
2743 1841 3032 1894 veritatem
3064 1844 3298 1897 accedit.
3354 1845 3518 1913 idque

1948 1944 2181 1996 primum
2231 1930 2371 1984 tollit
2418 1946 2688 1995 errorem,
2735 1943 2787 1985 et
2837 1949 3109 1987 venenum
3169 1937 3220 1988 ei
3269 1938 3364 2004 qui
3411 1938 3519 1989 alio

1947 2020 2109 2072 modo
2145 2036 2276 2074 usus
2321 2021 2523 2084 fuerat,
2577 2039 2701 2075 vere
2739 2023 3082 2077 mortiferum
3118 2036 3400 2081 ostensum
3436 2041 3520 2082 est

1945 2115 2148 2183 prioris
2191 2113 2441 2169 veneﬁcii
2504 2117 2696 2185 ipsius.
2756 2120 2968 2184 signum
3021 2123 3345 2174 mutationis
3400 2124 3516 2176 ido-

1945 2223 2130 2260 neum.
2164 2210 2386 2263 Accedit
2438 2207 2502 2262 ad
2556 2209 2758 2263 Christi
2810 2211 3167 2279 discipulum,
3201 2214 3399 2267 ducem
3433 2231 3521 2269 er-

1943 2302 2204 2353 rantium.
2231 2300 2401 2354 Tuba:
2429 2306 2702 2355 variarqu
2724 2303 2952 2371 spiritus
2980 2306 3285 2372 linguarum
3319 2312 3520 2363 mentis

1942 2407 2267 2463 conceptum
2318 2397 2542 2458 iudicat,
2594 2402 2777 2466 arguit
2822 2401 3216 2468 insipientiam.
3271 2402 3520 2456 Publicat

1944 2503 2166 2554 pravum
2203 2489 2333 2541 illud
2363 2493 2711 2558 mysterium,
2744 2493 3055 2546 manifestat
3082 2495 3283 2563 prioris
3313 2499 3520 2551 erroris

1945 2580 2447 2636 insensibilitate-ni.
2484 2585 2650 2637 l‘erro
2694 2589 2780 2638 ille
2810 2595 2864 2639 et
2900 2588 3251 2641 accedentem
3285 2591 3520 2658 suscipit

1941 2685 1995 2726 et
2018 2674 2204 2727 laudat
2231 2677 2693 2743 resipiscentiam,
2721 2681 3010 2748 ipsumque
3035 2682 3516 2737 adhortationibus

1943 2767 2117 2819 munit
2147 2783 2210 2820 ac
2245 2770 2514 2822 consiliis.
2560 2771 2762 2825 “elude
2813 2782 2868 2825 et
2909 2773 3235 2840 baptismate
3286 2791 3516 2843 regene-

1943 2869 2045 2924 rat,
2081 2872 2130 2913 et
2160 2862 2541 2915 universorum
2585 2864 2816 2917 Domino
2854 2867 3131 2921 conciliat.
3183 2870 3383 2923 Verum
3421 2886 3516 2924 tte-

1941 2969 2044 3019 que
2073 2955 2382 3007 communis
2408 2957 2600 3008 salutis
2632 2958 2979 3025 dispensator
3012 2979 3133 3016 eum
3162 2964 3251 3031 qui
3294 2962 3519 3018 Hebraeo

1945 3044 2120 3097 fuerat
2152 3046 2366 3097 occasio
2398 3050 2738 3110 mutationis,
2801 3052 2868 3102 ita
2907 3053 3042 3106 male
3097 3053 3384 3109 habentem
3424 3074 3520 3111 ne-

261 3136 461 3202 ιχοντα
493 3133 786 3202 περιεῖδεν·
857 3135 990 3186 ἀλλὰ
1025 3137 1123 3205 τὴν
1156 3137 1337 3186 αἰτίαν
1373 3135 1556 3202 μαθὼν
1586 3137 1704 3204 ῆτις
1740 3139 1836 3189 αύο
1870 3159 1909 3214 C

1834 3168 1836 3174 -
1870 3159 1909 3214 ρ
1944 3137 2104 3206 glexit
2136 3157 2148 3190 :
2183 3139 2274 3191 sed
2311 3156 2472 3192 causa
2503 3153 2712 3210 togiiita
2742 3160 2860 3207 quae
2891 3145 3066 3210 ipsum
3101 3149 3165 3199 ad
3203 3148 3252 3200 id
3287 3151 3513 3216 periculi

257 3227 356 3278 τὸν
394 3231 472 3289 εἰς
504 3226 665 3279 τοῦτο
715 3226 962 3279 κινδύνου
993 3227 1192 3298 ῆγαγε,
1226 3229 1318 3279 xxi
1352 3229 1416 3278 δι’
1451 3230 1516 3296 ῆν
1564 3228 1705 3279 ἑκὼν
1743 3231 1836 3279 καὶ

263 3321 437 3389 αὐτῆς
473 3320 670 3382 ἀθλίως
697 3321 1137 3392 ἀποστερηθῆναι
1163 3320 1260 3388 τῆς
1299 3321 1438 3387 ζωῆς
1478 3320 1695 3387 ἔμελλε,
1727 3338 1832 3372 πχ-

260 3418 483 3486 τρικαῖς
509 3432 565 3466 τε
591 3415 750 3466 αὑτὸν
780 3414 1018 3482 ὁμιλίαις
1067 3414 1465 3481 ἀναλαμϐάνει,
1518 3416 1613 3466 καὶ
1666 3432 1831 3466 κατα-

263 3506 544 3560 πεσοῦσαν
573 3507 676 3576 ήδη
709 3505 803 3574 τὴν
839 3505 1049 3557 ἐκείνου
1092 3507 1269 3574 ψυχὴν
1306 3506 1546 3573 ἀνορθοῖ,
1608 3512 1696 3557 καὶ
1740 3507 1837 3574 τὴν

265 3600 511 3667 ἀθυμίαν
533 3597 782 3649 ἐκὸαλλει
825 3600 918 3648 καί
953 3598 1049 3665 τὴν
1075 3599 1408 3662 ἀπόγνωσιν.
1453 3591 1586 3647 Εἶτα
1618 3597 1711 3646 καὶ
1740 3598 1837 3663 την

261 3696 356 3746 διὰ
392 3693 499 3743 τῶν
527 3691 703 3760 ἔργων
725 3691 924 3754 ἐπάγει
956 3689 1326 3755 παράκλησιν,
1366 3689 1706 3756 ἐργάσασθαι
1745 3693 1836 3739 καὶ

267 3784 430 3836 τοῦτο
487 3783 710 3842 δυνατὸς
743 3781 840 3832 ὢν.
874 3780 1094 3847 Ἐπειδὴ
1130 3781 1233 3848 γὰρ
1279 3781 1344 3848 τῇ
1379 3795 1437 3829 τε
1491 3779 1598 3830 τῶν
1662 3781 1836 3847 χρεῶν

263 3880 585 3945 ἀπαιτήσει,
622 3876 714 3926 καὶ
741 3877 804 3943 τῇ
830 3872 939 3924 τῶν
966 3875 1280 3939 ἀναγκαίων
1313 3871 1488 3942 ἐνδείᾳ
1513 3873 1835 3941 πιεζόμενον

274 3973 446 4024 αὑτὸν
482 3966 612 4028 εἶδε,
644 3968 739 4020 καὶ
769 3967 856 4019 ὃ;ἀ
894 3965 1057 4017 τοῦτο
1087 3967 1179 4016 καὶ
1233 3966 1403 4033 αὐτὴν
1433 3965 1632 4028 ἀθλίως
1666 3985 1834 4018 κατα·

273 4066 605 4134 προϊέμενον
632 4063 730 4131 τὴν
763 4059 931 4128 ζωὴν,
968 4059 1020 4108 τί
1057 4061 1236 4117 ποιεῖς
1272 4058 1378 4109 Καὶ
1443 4061 1694 4109 σκοπεῖτέ
1749 4077 1836 4127 μοι

261 4157 500 4210 ἐνταῦθα
539 4156 740 4207 ὁποίων
791 4153 998 4212 ἐκεῖνος
1052 4151 1161 4202 τῶν
1214 4153 1574 4220 χαρισμάτων
1604 4152 1829 4220 ἠξίωτο.

264 4253 450 4318 ὀπερ
477 4251 586 4316 γὰρ
624 4246 740 4315 μετ’
785 4243 951 4297 αὑτοῦ
985 4243 1251 4312 πρότερον
1277 4247 1303 4296 ὁ
1335 4244 1538 4312 Πέτρος
1572 4245 1631 4296 τὸ
1687 4248 1834 4314 ίερὶν

264 4342 454 4394 εἰσιὼν
488 4340 628 4392 κατά
655 4337 751 4406 τὴν
796 4335 1074 4405 ὥραν-τῆς
1108 4335 1420 4405 προσευχῆς
1457 4337 1557 4403 τῆν
1586 4339 1832 4407 ὲννάτην,

265 4431 301 4507 ᾖ
337 4448 502 4502 φησιν
524 4431 550 4482 ό
587 4431 824 4490 Λουκᾶς,
861 4427 955 4480 ἐπὶ
1007 4426 1096 4478 τοῦ
1129 4426 1439 4496 καθημένου
1470 4428 1621 4496 παρά
1650 4432 1714 4498 τῇ
1759 4429 1832 4481 ὼ-

1943 3231 2189 3294 duxerat,
2242 3243 2295 3284 et
2344 3244 2567 3301 propter
2619 3251 2778 3302 quam
2841 3240 2980 3290 uitro
3038 3241 3261 3307 propria
3300 3259 3517 3311 quoque

1944 3324 2050 3375 vita
2085 3326 2279 3376 misere
2311 3325 2606 3392 privandus
2630 3339 2767 3389 erat,
2803 3341 2856 3382 et
2883 3332 3123 3397 paternis
3162 3333 3335 3399 ipsum
3369 3335 3516 3388 refo-

1941 3421 2031 3466 vet
2064 3415 2371 3482 colloquiis,
2406 3429 2459 3468 et
2490 3417 2633 3468 illius
2660 3434 2918 3481 annnam,
2952 3436 3074 3489 quae
3112 3423 3220 3490 jam
3254 3425 3515 3478 tonciale-

1944 3515 2047 3565 rat,
2080 3506 2258 3574 erigit,
2297 3522 2358 3559 ac
2391 3509 2668 3562 tristitiam
2721 3523 2774 3564 et
2805 3515 3242 3579 desperationem
3297 3519 3484 3585 abjicnt

1943 3595 2147 3647 [Μινύα
2180 3612 2344 3663 opere
2377 3600 2541 3651 etiam
2585 3601 2740 3652 alTert
2775 3602 3226 3666 consolationem,
3265 3608 3485 3674 quando

1941 3687 2164 3753 quidem
2215 3701 2266 3739 et
2305 3691 2407 3740 hoc
2461 3701 2677 3756 peierat
2713 3692 2944 3746 enitete.
2984 3696 3253 3758 Quoniam
3287 3699 3432 3750 enim
3463 3709 3516 3752 et

1941 3779 2251 3831 debitorum
2282 3783 2606 3847 repetitione
2631 3795 2685 3836 et
2719 3797 2900 3838 rerum
2931 3791 3362 3842 net-essariarum
3391 3791 3512 3843 ino-

1942 3875 2027 3939 pia
2079 3889 2401 3941 oppressum
2446 3876 2596 3927 illum
2640 3879 2793 3937 vidit,
2827 3889 2881 3931 et
2907 3879 2975 3932 ob
3028 3881 3079 3932 id
3134 3882 3304 3948 ipsam
3342 3883 3509 3937 vitam

1943 3965 2142 4018 misere
2177 3965 2549 4035 abjieieutetn,
2607 3971 2737 4035 quid
2772 3971 2941 4023 facit?
2988 3972 3164 4038 Atque
3203 3975 3328 4026 hinc
3379 3977 3510 4027 inihi

1942 4056 2286 4109 considerate
2319 4058 2520 4125 quibus
2567 4059 2725 4113 donis
2758 4062 2844 4112 ille
2874 4061 3095 4115 dotatus
3125 4061 3325 4116 fuerat.
3354 4067 3508 4130 Quod

1943 4150 2090 4201 enim
2122 4158 2281 4202 antea
2313 4149 2509 4203 Petrus
2543 4165 2667 4203 cum
2707 4152 2825 4218 ipso
2861 4154 3122 4220 templum
3163 4157 3512 4223 ingressurus

1942 4239 2009 4290 ad
2046 4239 2232 4316 horam
2283 4241 2618 4306 precationis
2651 4257 2873 4303 nonam,
2916 4257 3048 4308 qua,
3089 4253 3145 4294 ut
3181 4246 3359 4312 inquit
3402 4245 3513 4299 Lu-

1943 4347 2057 4395 cas,
2097 4346 2230 4385 usus
2261 4341 2346 4385 est
2392 4331 2443 4384 in
2494 4334 2687 4384 claudo
2721 4338 2810 4399 qui
2846 4335 2911 4385 ad
2961 4333 3274 4402 Speciosam
3325 4341 3511 4407 templi

1944 4431 2155 4490 portam
2191 4421 2420 4476 sedebat
2454 4437 2518 4475 ac
2563 4423 2968 4490 eleentostnam
3005 4426 3244 4494 petebat,
3277 4430 3464 4484 dicens
3499 4449 3512 4485 :

268 4503 400 4598 ραίᾳ
434 4524 577 4590 πύλῃ
605 4520 804 4592 χωλοῦ,
842 4520 933 4572 καὶ
975 4517 1350 4588 ἐλεημοσύνην
1387 4518 1687 4582 αἰτοῦντος,
1721 4522 1830 4591 sip.
1865 4503 1947 4568 Di

1865 4503 1913 4561 υ
1937 4515 2227 4584 Argentum
2263 4524 2310 4567 et
2342 4533 2532 4567 aurum
2563 4533 2662 4568 non
2697 4526 2770 4569 est
2804 4520 2948 4576 mihi.
2976 4521 3113 4586 quod
3144 4533 3318 4574 autem
3350 4525 3511 4576 Italico

264 4621 510 4687 γάσατο,
555 4614 866 4682 Ἀργύριον
888 4609 924 4679 ἢ
959 4610 1239 4679 χρυσίον,
1272 4610 1462 4676 εἰπὼν,
1495 4613 1607 4679 οὐχ
1650 4612 1838 4680 ὺπάρ.

265 4729 361 4783 χει
379 4728 500 4779 μοι,
530 4708 557 4760 ὃ
591 4710 645 4761 δὲ
675 4704 812 4775 εἶχε,
839 4705 995 4758 τοῦτο
1023 4705 1166 4766 δοὺς,
1198 4704 1289 4756 καὶ
1332 4704 1454 4766 δοὺς
1488 4704 1649 4767 πόδας
1689 4705 1836 4774 αὐτῷ

264 4803 528 4870 ὑγιὼσας,
562 4799 722 4852 τοῦτο
753 4799 890 4866 δῆτα
918 4799 1059 4849 ποιεῖ
1085 4799 1179 4849 καὶ
1202 4790 1356 4859 οὗτος
1390 4795 1642 4850 ἐνταῦθα.
1669 4797 1835 4860 Εἰδὼς

265 4900 402 4967 γὰρ,
437 4897 511 4957 ὼς
547 4893 701 4946 οὐδὲν
754 4889 866 4944 οὔτ’
903 4890 1170 4960 ἀργυρίου
1225 4889 1396 4959 αὐτῷ,
1447 4888 1570 4941 οὕτε
1615 4893 1836 4958 χρυσίου

267 4989 574 5058 περίεστιν,
638 4984 705 5036 ἶν’
738 4980 987 5036 ἐντεῦθεν
1049 4982 1148 5051 την
1202 4980 1411 5033 ἐκείνου
1461 4984 1560 5050 τῆς
1607 4968 1872 5050 ἀπορία(

269 5078 518 5143 ἀνάγκην
547 5072 1026 5141 παραμυθήσαιτο,
1045 5070 1139 5123 τοῦ
1169 5073 1579 5139 παρακειμένου
1615 5073 1839 5140 πλησίον

268 5169 487 5240 χόρτου,
527 5168 648 5218 ὅσον
675 5164 1011 5233 ἀμφοτέραις
1047 5162 1365 5232 περιλασεῖν
1397 5163 1641 5225 δυνατὸν,
1673 5180 1840 5215 κατα-

272 5262 426 5330 σχεῖν
473 5258 692 5311 ὲκέλευε
735 5253 812 5323 τῷ
850 5253 1144 5323 ἀνθρώπῳ.
1173 5252 1280 5305 Τοῦ
1317 5253 1394 5318 δὲ,
1437 5254 1534 5323 τὴν
1566 5254 1747 5307 αίτίαν
1784 5272 1838 5306 τε

269 5362 395 5430 ἣτις
438 5361 546 5431 εἴη,
603 5359 700 5412 καὶ
756 5359 783 5410 ὃ
811 5374 863 5408 τι
916 5354 1046 5407 ποτὲ
1092 5350 1170 5421 τῷ
1197 5350 1476 5417 ἀποστόλῳ
1506 5347 1564 5399 τὸ
1608 5348 1838 5416 πρᾶγμα

270 5451 523 5521 βούλεται
553 5447 892 5517 ἀγνοοῦντος,
921 5447 1013 5498 καὶ
1037 5445 1228 5526 χόρτον
1253 5445 1377 5495 ὅσον
1402 5440 1552 5500 ὅλαις
1574 5437 1837 5502 ἐξικνεῖτο

266 5545 551 5612 παλάμαις
574 5539 978 5611 περιλαϐόντος,
998 5539 1126 5605 εὐχῇ
1155 5537 1314 5604 μόνον
1336 5535 1535 5586 ἐκεῖνο,
1566 5531 1658 5582 καὶ
1681 5530 1835 5597 τύπῳ

268 5638 507 5706 σταυροῦ
533 5636 770 5706 ἀμείϐει,
813 5636 905 5687 καὶ
935 5633 1135 5703 χρυσὸν
1164 5628 1362 5682 αὐτίκα
1383 5626 1473 5678 τὸν
1503 5623 1800 5692 συλληφθέν
1819 5653 1831 5660 -

347 5827 382 5855 ’ί
423 5827 519 5876 Act
570 5839 642 5888 LI,
685 5823 699 5874 1
744 5836 888 5890 seqq.

1935 4607 2031 4659 hoc
2046 4607 2139 4660 tibi
2159 4607 2470 4668 do",simu|
2505 4617 2557 4660 et
2589 4611 2755 4674 pedes
2779 4610 2876 4675 ipsi
2910 4625 3072 4661 sanos
3111 4612 3343 4666 reddens
3371 4634 3383 4662 :
3414 4618 3512 4669 hoe

1936 4713 2067 4754 sane
2111 4709 2168 4753 et
2226 4703 2324 4753 iste
2370 4699 2459 4752 hic
2509 4701 2656 4752 faeit.
2708 4702 2896 4754 Sciens
2927 4704 3070 4755 enim
3108 4704 3245 4756 nihil
3283 4708 3385 4759 sibi
3421 4727 3500 4758 ai-

1939 4793 2084 4860 genti
2110 4805 2229 4844 esse
2260 4791 2341 4844 vel
2375 4794 2515 4854 auri,
2556 4803 2613 4845 ut
2649 4793 2776 4844 hinc
2808 4795 2950 4846 illius
2981 4795 3294 4863 indigentiae
3321 4812 3508 4850 neces-

1941 4884 2155 4936 sitatem
2191 4883 2462 4936 consolari
2505 4894 2709 4950 posset,
2768 4885 2950 4936 herba:
2996 4876 3135 4951 qua!
3165 4886 3216 4937 in
3262 4889 3504 4952 proxime

1942 4985 2060 5029 erat
2110 4986 2376 5042 quantum
2425 4975 2692 5028 ambabus
2742 4974 2993 5026 manibus
3041 4978 3503 5042 eomprehendeu

1940 5078 2121 5133 posset
2150 5069 2312 5137 jussit
2342 5068 2549 5121 homini
2594 5067 2864 5134 accipere.
2906 5066 2995 5118 Ille
3030 5081 3159 5119 vero
3190 5082 3314 5119 cum
3347 5069 3486 5135 igno-

1939 5168 2085 5211 raret
2121 5175 2363 5228 quaenam
2397 5167 2542 5211 esset
2578 5172 2762 5216 causa,
2797 5170 2853 5210 et
2881 5157 3141 5224 quidnam
3179 5151 3283 5211 hac
3314 5175 3369 5212 re
3396 5161 3496 5211 sil;

1938 5252 2101 5305 vellet
2133 5252 2430 5319 apostolus,
2468 5266 2528 5301 ac
2555 5251 2776 5302 herbam
2809 5260 3069 5317 quantum
3105 5250 3230 5302 totis
3255 5252 3502 5303 manibu:

1938 5345 2336 5412 asst-quebatur
2368 5344 2899 5408 comprehendisset,
2927 5343 3038 5410 ipse
3068 5343 3203 5393 lat-ta
3238 5347 3494 5393 duntaxat

1937 5438 2182 5490 oratione
2215 5452 2274 5489 ac
2307 5437 2464 5503 signo
2495 5451 2697 5498 crueis,
2733 5450 2903 5503 ipsum
2954 5434 3213 5498 restituit,
3249 5443 3302 5487 et
3333 5445 3489 5502 ριόιι.

1939 5533 2383 5598 nus'correptam
2445 5529 2672 5580 herbam
2707 5543 2900 5580 aurum
2952 5541 3074 5579 esse
3110 5525 3370 5585 ostendit,
3405 5541 3503 5577 au-

1941 5639 2168 5690 ramque
2202 5622 2554 5690 purissimum
2585 5638 2597 5673 :
2630 5635 2790 5684 atque
2825 5621 2967 5672 hunc
3003 5617 3287 5672 confestim
3314 5617 3506 5671 tollere-
