4252 6440
734 341 833 403 691

1995 345 2280 404 MENSIS
2323 344 2750 404 DECEMBEH.

3882 329 4000 391 692

733 451 910 503 exsilii
951 455 1242 506 terminum
1276 472 1500 526 magnus
1527 458 1829 527 apostolus,
1858 469 1912 509 et
1942 459 2177 510 insulam
2208 475 2275 522 ap
2337 469 2373 519 Α
2410 480 2412 496 ‹

2337 469 2373 519 Α
2410 474 2619 522 φουσιν,
2657 457 2735 517 είς
2765 454 3027 523 εὐνομίαν
3060 471 3113 504 τε
3167 448 3590 520 μεταϐάλλουσι,
3643 447 3735 497 καὶ
3772 445 3842 513 τῇ
3891 440 3996 495 εὖ·

735 543 1043 610 preliendit.
1115 545 1231 599 Non
1292 548 1452 617 longo
1509 547 1855 617 postmodum
1919 559 2164 614 tempore
2216 550 2294 598 in-

2408 549 2593 618 σεϐείᾳ
2638 547 3000 599 συντίθενται.

734 638 943 693 sularcs
991 653 1322 696 servatorem
1378 659 1440 697 ac
1498 654 1789 713 patronum
1837 643 2048 697 ducunt
2099 643 2325 696 touitrui
2371 643 2645 708 tilium,et
2687 642 2754 696 ad
2818 642 3735 714 aquitatemtranseunt,_seseque
3771 628 3840 683 ad
3869 627 3994 699 pie-

737 739 903 783 tatem
933 743 1291 800 componunt.

806 825 890 879 tV.
932 826 1117 895 Itaque
1163 842 1288 880 cum
1338 826 1427 881 hie
1472 837 1617 882 esset
1671 828 1972 896 apostolus,
2026 837 2083 882 et
2128 826 2302 881 admi-

736 917 940 972 randus
971 918 1264 986 Dionysius
1305 918 1477 972 ferme
1523 918 1631 988 jam
1673 920 1967 988 nonaginta
2015 928 2158 974 esset
2205 933 2304 972 an-

737 1027 954 1074 norum,
987 1027 1049 1064 ex
1101 1011 1331 1065 Athenis
1381 1011 1575 1066 scribit
1635 1014 1684 1066 ei
1738 1014 1791 1066 in
1845 1014 1991 1068 hunc
2042 1012 2299 1066 modum:

737 1103 898 1157 Tuam
939 1106 1112 1158 saluto
1142 1120 1351 1159 sacram
1389 1095 1646 1168 animam,
1679 1105 1886 1168 dilecte,
1938 1113 1986 1158 et
2029 1107 2127 1158 erit
2177 1106 2304 1158 mihi

737 1198 790 1246 id
831 1196 1146 1263 peculiarius
1177 1214 1285 1266 pne
1321 1197 1517 1250 multis.
1560 1196 1717 1251 Salve
1742 1198 1922 1267 igitur,
1953 1214 2069 1252 vere
2096 1197 2304 1252 Christo

740 1287 949 1340 dilecte.
997 1288 1412 1358 Consequenter
1459 1298 1640 1342 autem
1691 1289 1858 1343 etiam
1926 1290 2040 1344 haec
2111 1289 2300 1344 addit:

740 1379 876 1443 Quid
908 1381 1278 1433 admirandum
1317 1382 1360 1434 si
1401 1379 1636 1434 Christus
1693 1397 1873 1434 verum
1913 1381 2200 1450 loquatur,
2255 1391 2303 1433 et

740 1471 907 1538 iniqui
961 1471 1236 1538 discipulos
1269 1488 1296 1524 e
1339 1473 1629 1526 civitatibus
1692 1473 1998 1536 expellant,
2057 1473 2159 1541 ipsi
2206 1473 2305 1527 sibi

739 1562 865 1625 ipsis
899 1563 1156 1629 condigna
1189 1563 1573 1628 distribuentes,
1610 1571 1658 1614 et
1705 1565 2013 1615 exsecrandi
2043 1580 2074 1615 a
2109 1566 2304 1616 sanctis

737 1668 790 1702 se
845 1662 1177 1720 segregantes
1225 1671 1288 1706 ac
1339 1654 1696 1722 separantes?
1746 1653 1949 1707 Deinde
2006 1655 2170 1708 etiam
2238 1655 2303 1707 ad

739 1743 916 1809 ipsum
959 1743 1121 1797 [luem
1158 1745 1402 1812 epistolae
1437 1745 1552 1801 hazc
1599 1747 1665 1800 de
1713 1747 1915 1802 futuris
1965 1747 2303 1802 subscribit:

741 1834 968 1887 Omnino
999 1838 1135 1889 enim
1172 1837 1276 1901 ﬁde
1308 1840 1496 1907 dignus
1531 1856 1669 1899 sum,
1705 1840 1902 1907 inquit,
1940 1848 1996 1891 ut
2028 1841 2169 1907 quia
2199 1839 2305 1892 Deo

738 1930 1006 1981 didicerim
1034 1947 1149 1998 qua!
1165 1932 1370 1986 decreta
1402 1942 1522 1984 sunt
1554 1943 1607 1984 ut
1639 1934 1728 1985 tibi
1755 1935 2082 2002 contingant,
2119 1942 2166 1985 et
2190 1933 2304 1985 dico

739 2022 897 2073 etiam
934 2023 1072 2090 quod
1124 2021 1420 2076 liberandus
1440 2024 1508 2076 sis
1551 2041 1576 2076 e
1613 2024 1847 2077 custodia
1877 2041 1981 2094 qua
2017 2028 2067 2078 in
2113 2027 2303 2078 Patma

736 2116 982 2172 servaris,
1015 2123 1062 2164 et
1094 2115 1147 2165 in
1184 2115 1474 2168 Asiaticum
1510 2123 1708 2168 terram
1761 2133 2085 2180 reversurus,
2129 2117 2303 2185 ibique

736 2205 972 2272 facturus
1002 2206 1119 2257 boni
1154 2204 1243 2258 Dei
1273 2207 1589 2259 imitationes
1615 2220 1663 2259 et
1705 2209 1781 2260 his
1809 2209 1895 2274 qui
1922 2220 1969 2260 te
2015 2218 2301 2276 sequentur

737 2296 1062 2349 traditiones.
1115 2298 1220 2350 Sed
1250 2297 1361 2351 haec
1401 2297 1621 2366 quidem
1660 2305 2001 2366 postmo.lum
2037 2314 2136 2353 suo
2167 2310 2299 2353 temo

737 2401 870 2454 pore
897 2390 1263 2455 contigerunt,
1302 2405 1361 2442 ac
1391 2392 1683 2443 terminum
1720 2393 1930 2458 accepit
1973 2393 2295 2444 vaticinium

739 2478 1226 2546 (quemadmodum
1265 2482 1314 2532 in
1342 2483 1700 2549 sequentibus
1729 2497 1909 2535 sermo
1955 2484 2301 2539 manifestare

737 2571 1006 2640 poterit);
1050 2587 1172 2625 cum
1200 2574 1306 2643 jam
1345 2573 1656 2643 Dionysius.
1704 2575 1804 2628 sub
1847 2575 2168 2638 Domitiano,
2205 2593 2302 2645 pro

735 2662 954 2716 Christo
987 2664 1146 2717 vitam
1197 2666 1456 2733 martyrio
1500 2664 1727 2719 (inisset.
1773 2664 1904 2731 Quae
1946 2679 2072 2721 sunt
2117 2682 2298 2722 autem

739 2755 879 2808 facta
917 2764 1040 2823 post
1074 2756 1228 2809 huic?
1260 2757 1565 2810 Domitiano
1597 2773 1662 2810 ex
1702 2758 2018 2811 hominibus
2063 2759 2299 2820 sublato,

736 2851 913 2905 Nerva
943 2851 995 2905 in
1023 2850 1251 2920 imperio
1280 2853 1542 2906 succedit:
1574 2862 1629 2907 et
1659 2853 2039 2908 condemnatis
2075 2856 2127 2908 in
2159 2859 2303 2910 exsi-

736 2943 892 3006 lium,
924 2953 1178 3010 tanquam
1220 2943 1487 3014 benignus
1517 2956 1570 2997 et
1621 2947 1914 3009 humanus,
1947 2947 2112 2998 donat
2149 2963 2302 3000 revo-

737 3031 1031 3083 cationem.
1068 3030 1177 3083 Nec
1205 3037 1374 3086 multo
1401 3044 1521 3100 post
1562 3045 1807 3101 tempore
1859 3034 2127 3101 Trajanus
2181 3053 2299 3090 sec-

738 3132 856 3190 ptra
910 3119 1148 3174 Romana
1210 3123 1456 3193 suscipit,
1498 3135 1550 3176 et
1596 3127 1948 3180 consecutive
2004 3127 2300 3181 humanum

737 3217 1025 3270 conlirmat
1074 3218 1332 3278 edictum,
1394 3233 1657 3272 revocans
1700 3235 1795 3273 eos
1859 3221 1948 3288 qui
2017 3221 2068 3273 in
2111 3222 2304 3275 exsilio

735 3317 916 3361 erant.
957 3307 1232 3362 Venerunt
1277 3324 1408 3378 ergo
1459 3320 1514 3362 et
1566 3311 1620 3362 in
1673 3311 1902 3365 Patmon
1960 3313 2304 3380 imperatoris

2478 820 2548 873 A'.
2578 820 2848 874 Ἐνταῦθα
2903 819 2965 889 δὴ
3018 814 3111 871 οὖν
3172 815 3249 886 τῷ
3285 817 3568 882 ἀποττολῳ
3635 810 3997 879 τυγχάνοντι,

2405 916 2498 967 καὶ
2544 915 2573 965 ό
2609 911 2928 981 θαυμαστὴς
2961 909 3236 970 Διονύσιος
3269 909 3399 978 περί
3436 924 3539 958 που
3589 905 3650 956 τὸ
3704 906 4000 970 ὲννενηχοο

2409 1005 2533 1058 στὸν
2556 1003 2658 1074 ἠδη
2687 995 3041 1074 τῆςήλικίας
3083 1001 3160 1054 ὣν
3196 1002 3334 1064 ἔτος,
3366 1000 3424 1066 ἐξ
3455 996 3701 1066 ’Δθηνιτιν
3735 994 3999 1046 ἐπιστέλ-

2410 1099 2491 1148 λει
2520 1094 2698 1148 τοιάδε
2723 1111 2734 1124 ·
2760 1092 3195 1162 Προσαγορεύω
3243 1106 3360 1142 σου
3392 1087 3508 1153 τὴν
3555 1084 3720 1152 ίερὰν
3749 1080 3997 1150 ψυχὴν,

2405 1186 2780 1255 ἠγαπημένε,
2850 1185 2946 1237 καί
3011 1183 3186 1237 ἔσται
3248 1199 3351 1250 μοι
3416 1179 3593 1232 τοῦτο
3643 1178 3805 1242 παρὰ
3855 1175 4000 1237 τοὺς

2408 1278 2684 1342 πολλοὺς
2759 1277 3101 1341 ἰδιαίτερόν.
3175 1277 3352 1340 Χαῖρε
3425 1276 3678 1332 τοίνυν,
3748 1266 4002 1333 ἀληθῶς

2406 1367 2757 1436 ἠγαπημένε
2796 1364 3051 1434 Χριστῷ.
3089 1365 3248 1429 Ἑξῆς
3284 1363 3341 1416 δὲ
3385 1363 3481 1416 καὶ
3533 1362 3713 1413 ταῦτα
3763 1359 4002 1429 προστί-

2408 1462 2532 1531 θησι
2554 1479 2568 1492 ο
2599 1463 2658 1515 Tl
2680 1459 3051 1528 θαυμαστὸν,
3086 1458 3283 1524 λέγων,
3305 1459 3357 1508 εί
3391 1455 3646 1522 Χριστός
3678 1451 4000 1518 ἀληθεύει.

2409 1556 2507 1607 καί
2560 1552 2701 1618 τοὺς
2760 1551 3028 1620 μαθητὰς
3078 1551 3133 1601 οι
3175 1548 3369 1602 ἄδικοι
3414 1546 3532 1599 τῶν
3589 1549 3831 1599 πόλεων
3889 1543 3999 1604 ἐξα

2414 1647 2810 1711 ελαύνουσιν,
2840 1643 3008 1696 αὐτοὶ
3058 1643 3129 1694 τὰ
3162 1642 3288 1693 κατ’
3325 1640 3507 1704 ἀξίαν
3563 1637 3803 1701 ἑαυτοῖς
3841 1637 4001 1689 ἀπυ-

2407 1737 2717 1806 νέμοντες,
2779 1736 2877 1789 καί
2929 1734 3048 1786 τῶν
3093 1734 3279 1800 ἁγίων
3339 1735 3392 1785 οἱ
3446 1730 3687 1798 ἐναγεῖς
3738 1727 3999 1781 ἀποδια-

2414 1831 2808 1898 στε.ῖλόμενοι
2857 1828 2955 1880 καί
3001 1826 3492 1894 ἀποφοιτώντες;
3525 1817 3655 1874 Εἶτα
3709 1823 3801 1873 καὶ
3853 1820 4000 1887 προς

2411 1924 2559 1993 αὑτῴ
2593 1923 2667 1991 τῷ
2708 1923 2806 1988 τῆς
2841 1921 3133 1986 ἐπιστολῆς
3175 1919 3318 1970 τέλει
3383 1915 3556 1968 ταῦτα
3588 1916 3681 1965 καὶ
3717 1914 3846 1976 περὶ
3881 1913 3998 1962 τῶν

2414 2013 2723 2083 μελλόντων
2756 2011 3183 2080 ἐπισημαίνεται
3206 2026 3220 2040 °
3261 2009 3643 2070 Ἀξιόπιστος
3674 2006 3809 2072 γὰρ,
3831 2005 3995 2072 φησὶ,

2339 2086 2378 2144 Β
2406 2105 2647 2170 πάντως
2679 2103 2794 2172 ειμι
2829 2103 2901 2155 τὰ
2926 2101 3397 2171 προετνωσμένα
3422 2117 3521 2154 σοι
3548 2100 3646 2150 καὶ
3685 2097 3893 2164 μαθὼν
3926 2097 3995 2147 ἐκ

2409 2199 2556 2253 Θεοῦ
2586 2197 2683 2250 καί
2713 2195 2930 2264 λέγων,
2967 2195 3057 2248 ὅτι
3093 2194 3188 2246 καί
3220 2194 3330 2259 τῆς
3359 2194 3428 2246 ἐν
3462 2194 3675 2259 Πάτμῳ
3703 2187 3994 2257 φυλακῆς

2405 2292 2687 2359 ἀφεθήσῃ
2736 2288 2832 2341 καί
2867 2291 2950 2353 είς
2977 2287 3090 2352 τὴν
3128 2285 3434 2340 Ἀσιάτιδα
3479 2285 3598 2353 γῆν
3637 2282 3992 2348 ἐπανήξεις,

2406 2386 2501 2438 καὶ
2555 2384 2800 2451 δράσεις
2846 2381 2974 2434 ἐκεῖ
3006 2379 3111 2434 τοῦ
3157 2377 3394 2447 ἀγαθοῦ
3444 2377 3593 2430 Θεοῦ
3649 2375 3992 2442 μιμήματα,

2408 2478 2502 2530 καὶ
2539 2476 2663 2540 τοῖς
2689 2475 2841 2542 μετὰ
2887 2474 2961 2525 σὲ
3008 2470 3412 2538 παραδώσεις.
3461 2468 3623 2522 Ἀλλά
3675 2468 3853 2519 ταῦτα
3893 2467 3996 2533 μὲν

2408 2567 2586 2639 χρόνῳ
2617 2567 2845 2632 ὕστερον
2881 2564 3066 2634 ἐξέϐη,
3095 2563 3190 2615 καὶ
3218 2562 3394 2632 πέρας
3423 2561 3580 2630 ἔσχεν
3607 2562 3638 2628 ἠ
3677 2562 3992 2628 πρόρρησις

2408 2664 2497 2732 (ὡς,
2537 2667 2593 2714 ὲν
2627 2667 2734 2725 τοῖς
2778 2664 2907 2730 ἑξῆς
2954 2666 2979 2714 ό
3013 2663 3168 2728 λόγος
3195 2659 3536 2728 δηλώσειεν),
3572 2659 3670 2726 ήδη
3701 2658 3994 2708 Διονυσίου

2412 2759 2560 2823 παρὰ
2597 2755 2924 2823 Δομετιανοῦ
2987 2755 3064 2823 τῷ
3093 2754 3233 2822 ὑπὲρ
3291 2751 3532 2821 Χριστοῦ
3583 2752 3872 2818 μαρτυρὶῳ
3909 2768 3995 2802 τε-

2408 2849 2747 2908 λειωθέντος.
2788 2848 2920 2898 Τίνα
2947 2848 3000 2898 δὲ
3031 2847 3098 2898 τὰ
3155 2849 3246 2898 ἐπὶ
3282 2847 3530 2909 τούτοιςς
3569 2845 3906 2910 Δομ;τιανὸς
3936 2843 3996 2908 ἐξ

2407 2941 2732 3010 ἀνθρώπων,
2793 2942 2884 2991 καὶ
2914 2939 3158 3004 Νερουας
3196 2936 3293 3006 τὴν
3323 2937 3496 3007 ἀρχὴν
3521 2938 3851 3004 διαδέχεται,
3879 2938 3996 2997 τοῖς

2408 3031 2714 3098 ὑπερορίαν
2753 3031 3228 3096 καταγνωσθεῖσιν
3258 3024 3343 3081 οἷα
3392 3031 3521 3096 φιλά
3557 3029 3774 3097 Ορωπος
3813 3046 3993 3099 χειριι

2409 3122 2637 3189 ζόμενος
2665 3124 2761 3189 τὴν
2793 3124 3112 3190 ἀνάκλησιν.
3154 3124 3228 3175 Οὐ
3264 3123 3469 3191 βραχὺς
3507 3125 3534 3172 ό
3566 3125 3624 3173 ὲν
3660 3123 3813 3190 μέσῳ
3866 3139 3993 3174 καιο

2412 3217 2524 3286 ρος,
2566 3235 2655 3267 και
2681 3219 2746 3266 τὰ
2786 3217 3074 3283 Ῥωμαίων
3113 3216 3364 3286 σκῆπτρα
3407 3216 3692 3283 Τραϊανὸς
3731 3215 3992 3284 ἀναδέχετ-

2408 3328 2523 3377 ται,
2558 3311 2652 3362 xz‘t
2681 3310 2990 3371 ἀκολούθως
3036 3311 3291 3379 ἑπικυροῐ
3324 3313 3384 3360 τὸ
3418 3309 3830 3375 φιλάνθρωπον,
3864 3309 3995 3367 τοὺς

737 3400 938 3462 edicta,
973 3401 1122 3454 venit
1149 3412 1203 3455 et
1228 3400 1294 3454 ad
1333 3402 1596 3457 Joannem
1639 3408 1933 3459 revocatio.
1965 3406 2030 3459 Et
2063 3406 2151 3459 ille
2181 3406 2306 3474 qui-
2338 3422 2381 3477 η
2414 3422 2416 3449 ι

2338 3422 2381 3477 η
2414 3404 2471 3451 ἐν
2505 3404 2827 3470 ὑπερορίαις
2860 3400 3334 3469 ἀνακαλούμενος.
3375 3395 3515 3452 Ἠκε
3565 3399 3859 3468 τοιγαροῦν
3896 3403 3992 3450 καὶ

739 3495 862 3546 dem
899 3493 1140 3547 decrevit
1174 3495 1427 3563 navigare
1458 3495 1508 3548 in
1541 3496 1816 3564 Ephesum
1846 3515 1860 3550 :
1906 3512 2073 3566 porro
2102 3499 2194 3566 qui
2246 3499 2297 3550 in

740 3585 916 3636 insula
956 3593 1112 3635 erant
1161 3583 1415 3636 dicebant
1467 3598 1534 3636 ne
1575 3598 1631 3636 se
1675 3583 1969 3645 desereret,
2015 3585 2108 3637 sed
2162 3585 2301 3651 apud

739 3677 886 3743 ipsos
912 3684 1274 3743 permaneret,
1308 3690 1413 3728 non
1454 3674 1613 3728 aliter
1657 3689 1818 3744 quam
1869 3674 1961 3743 qui
2011 3673 2153 3727 ferre
2198 3691 2303 3726 non

739 3778 968 3835 possunt
997 3777 1109 3819 uta
1145 3765 1233 3834 pio
1266 3774 1421 3834 patre
1453 3765 1924 3834 derelinquantur.
1958 3764 2094 3818 Hinc
2118 3776 2303 3817 autem

740 3861 996 3917 lamenta.
1040 3861 1220 3912 luctus
1256 3874 1318 3912 ac
1348 3859 1616 3929 lacrymze.
1651 3857 1802 3923 Quis,
1841 3857 2118 3927 inquiunt,
2150 3858 2306 3909 nobis

741 3962 896 4006 tuum
944 3952 1184 4020 explebit
1238 3951 1531 4005 ordinem?
1577 3951 1678 4005 Cui
1723 3965 1854 4004 vero
1901 3950 1991 4003 tali
2049 3950 2189 4020 patri
2245 3965 2307 4003 ac

740 4045 942 4113 pastori
968 4044 1196 4113 subjecti
1225 4059 1346 4097 esse
1366 4043 1696 4112 poterimus?
1715 4042 1845 4112 quid
1870 4042 2152 4108 desiderii,
2175 4043 2306 4113 quid

739 4135 968 4186 ﬂamma:
1007 4149 1068 4185 ex
1105 4133 1222 4201 ipso
1260 4132 1608 4201 procedentis
1654 4133 1908 4186 solatium
1956 4132 2307 4188 efﬁciemus?

738 4222 874 4278 Cum
916 4237 1095 4278 autem
1137 4224 1471 4292 persuadere
1508 4240 1615 4278 non
1646 4233 1869 4294 possent
1923 4225 2052 4279 dum
2100 4225 2307 4293 suppli-

742 4325 931 4368 carent
976 4328 1032 4369 ut
1058 4315 1235 4368 virum
1263 4316 1406 4385 apud
1441 4332 1498 4370 se
1533 4316 1855 4381 retinerent,
1899 4315 2158 4371 secunda:
2207 4315 2309 4369 fuit

741 4408 900 4477 suppl
928 4408 1158 4462 calionis
1189 4409 1428 4473 initium,
1454 4417 1509 4462 et
1537 4410 1806 4463 secundas
1847 4424 2065 4464 rursum
2102 4407 2310 4462 faciunt

745 4501 1062 4569 petitiones,
1097 4514 1162 4553 ne
1200 4510 1374 4554 totum
1407 4501 1649 4572 seipsum
1691 4501 1951 4566 auferret,
1985 4515 2160 4570 neque
2188 4500 2309 4554 uni-

744 4606 898 4645 versa
927 4592 1165 4646 tristitia:
1200 4593 1341 4645 mole
1388 4606 1482 4646 eos
1517 4592 1850 4658 offunderet,
1906 4592 2002 4647 sed
2072 4594 2153 4648 vel
2209 4609 2308 4661 pro

744 4699 803 4736 re
833 4683 1102 4746 umbram,
1134 4699 1283 4749 suos,
1311 4685 1556 4754 inquam,
1597 4700 1881 4739 sermones
1917 4701 2013 4755 pro
2043 4701 2121 4750 se,
2163 4687 2304 4755 apud

2411 3497 2492 3555 είς
2531 3494 2751 3563 Uir.va
2781 3495 2844 3545 τὰ
2880 3495 3145 3562 βασιλέως
3197 3494 3584 3559 θεσπίσματασ
3616 3491 3721 3564 ἦκα
3771 3495 3869 3543 καὶ
3914 3497 3993 3553 είς

2422 3583 2676 3651 Ἰωάννην
2722 3586 3042 3652 ἀνάκλησις.
3098 3586 3204 3636 Καὶ
3251 3589 3278 3636 ό
3315 3587 3412 3651 μὲν
3487 3585 3797 3654 παραπλεῖν
3844 3583 3992 3649 ἔγνω

2409 3672 2504 3739 τὴν
2539 3673 2814 3740 Ἔφεσονο
2864 3676 2911 3724 οἱ
2964 3675 3017 3726 δὲ
3069 3677 3164 3742 τῆς
3210 3674 3375 3742 νήσου
3432 3673 3505 3743 μὴ
3553 3673 3815 3742 μεθήκω
3870 3672 3993 3723 ἕλε-

2409 3782 2524 3830 γον,
2559 3767 2675 3816 ἀλλ’
2699 3766 3039 3830 ἀνθέξεσθαι,
3067 3767 3162 3834 οὐχ
3189 3762 3352 3835 ἦττον
3395 3766 3426 3831 ἢ
3477 3765 3842 3832 φιλοστόργου
3881 3782 3986 3813 πα-

2408 3863 2533 3928 τρὸς
2565 3859 2964 3926 ἀπολειφθῆναι
3045 3860 3118 3928 μὴ
3162 3861 3501 3926 ἀνεχόμενοι.
3540 3859 3619 3910 Ta
3646 3858 3701 3909 δὲ
3737 3856 3992 3908 ἐντεῦθεν

2411 3952 2629 4021 θρῆνος,
2660 3952 2910 4020 ὀδυρμοὶ,
2957 3952 3192 4022 δάκρυα.
3249 3952 3343 4011 Ti;
3394 3953 3524 4017 ἡμῖν
3557 3951 3657 4016 τὴν
3701 3951 3801 4015 σὴν
3846 3951 3991 4016 πλη-

2415 4049 2577 4117 ρώσει
2613 4049 2800 4114 «saw;
2841 4049 2944 4100 ὑπὸ
2975 4049 3078 4100 τίνι
3117 4047 3173 4099 ἑὲ
3214 4048 3375 4115 ἡμεῖς
3409 4045 3634 4110 τοιούτῳ
3675 4047 3846 4111 πατρὶ
3889 4045 3986 4094 καὶ

2411 4141 2634 4209 ποιμένι
2665 4141 2990 4208 γενοίμεθα;
3025 4140 3089 4191 Τί
3126 4138 3221 4192 τοῦ
3259 4138 3447 4199 πόθου,
3490 4138 3545 4188 τί
3575 4137 3673 4205 τῆς
3717 4137 3773 4200 ἐξ
3818 4134 3988 4187 αὑτοῦ

2411 4227 2606 4294 φλογὸς
2645 4230 2992 4298 παραμύθιον
3027 4227 3404 4296 ποιησόμεθας
3448 4226 3538 4286 Ὠς
3559 4227 3614 4278 δὲ
3655 4227 3865 4276 πείθειν
3889 4227 3990 4276 οὐκ

2412 4314 2560 4388 εἶχον
2601 4314 2683 4381 οἷς
2732 4323 2823 4372 τὸν
2873 4319 3044 4388 ἀνδρα
3096 4322 3226 4387 παρ’
3265 4320 3478 4381 ἑαυτοῖς
3523 4319 3672 4387 ἔχειν
3715 4319 3986 4378 ἱκέτευον,

2408 4412 2671 4480 δευτέρας
2713 4413 2996 4482 ἱκετηρίας
3036 4414 3200 4481 ἀρχὴ,
3260 4414 3353 4462 καὶ
3396 4411 3657 4478 δευτέρας
3708 4408 3874 4462 πάλιν
3910 4413 3991 4462 al-

2410 4505 2600 4573 τήσεις
2634 4503 2940 4565 ποιοῦνται,
3003 4506 3074 4570 μὴ
3139 4505 3260 4554 ὅλον
3301 4503 3495 4553 ἑαυτὸν
3546 4499 3790 4567 ἀφελεῖν,
3851 4500 3987 4568 μηδὲ

2412 4591 2591 4641 πᾶσαν
2624 4590 2803 4642 αὐτῶν
2856 4592 3127 4656 καταχέαι
3157 4589 3256 4658 τὴν
3285 4588 3548 4653 ἀθυμίαν,
3584 4584 3701 4637 ἀλλ’
3729 4587 3856 4639 ἀντὶ
3888 4587 3983 4639 τοῦ

2413 4683 2738 4750 πράγματος
2783 4682 2880 4749 τὴν
2961 4681 3145 4742 σκιὰν,
3218 4679 3345 4738 τοὺς
3393 4676 3559 4730 αὑτοῦ
3609 4677 3804 4743 λόγους
3870 4678 3987 4730 ἀνθ’

744 4776 1298 4844 lpsos,relinqueret,
1353 4791 1416 4830 ac
1461 4778 1774 4846 mysterium
1824 4777 1969 4847 quod
2017 4779 2160 4846 apud
2210 4794 2309 4834 nos
2347 4762 2423 4822 οι

2307 4813 2309 4829 ,
2347 4762 2387 4816 D
2419 4772 2639 4836 ἑαυτοῦ,
2669 4776 2830 4842 φημὶ,
2867 4772 2995 4842 παρ’
3024 4771 3255 4832 ἐκείνοις
3314 4769 3665 4833 καταλιπεῖν,
3711 4770 3809 4820 καὶ
3851 4769 3986 4820 una.

744 4871 946 4922 tactum
978 4877 1061 4922 est
1092 4870 1360 4922 universa:
1393 4867 1816 4938 dispensationis
1858 4868 2060 4923 Christi
2098 4870 2307 4925 descri-

743 4960 920 5013 beret.
951 4957 1107 5012 Cedit
1139 4957 1306 5029 igitur
1348 4955 1563 5012 illorum
1599 4960 1871 5028 petitioni,
1907 4961 2016 5013 imo
2042 4961 2185 5015 cedit
2217 4975 2313 5028 po-

746 5053 857 5106 tius
879 5055 1122 5120 paternis
1152 5050 1480 5116 visceribus,
1507 5051 1709 5120 quibus
1741 5051 1830 5105 hic
1856 5068 1982 5120 erga
2011 5052 2159 5120 ipsos
2185 5065 2308 5106 ute-

745 5144 905 5197 batur
950 5161 962 5197 :
1022 5143 1326 5214 praesertim
1373 5158 1496 5197 cum
1555 5159 1790 5212 superna
1841 5143 2188 5197 Providentia
2237 5146 2308 5198 ita

745 5237 1105 5304 disposuisset
1135 5221 1431 5289 multorum
1461 5235 1692 5290 salutem
1728 5251 1790 5290 ac
1834 5235 2114 5305 Evangelii
2171 5253 2306 5305 prte-

743 5329 1093 5384 dicationent.
1125 5329 1191 5384 Et
1221 5329 1456 5399 primum
1492 5329 1710 5399 quidem
1747 5330 1862 5398 ipse
1892 5330 2160 5400 jejunium
2202 5331 2307 5384 sibi

745 5425 999 5492 imperat,
1045 5421 1266 5491 jejunus
1317 5421 1434 5491 ipse
1499 5437 1561 5476 ac
1619 5421 2015 5492 propemodum
2082 5437 2310 5490 corpore

744 5515 1044 5568 exhaustus
1071 5555 1085 5574 ,
1140 5515 1368 5584 aliisque
1415 5513 1518 5568 hoc
1559 5515 1735 5583 ipsum
1769 5515 2062 5569 constituit
2093 5531 2156 5568 ac
2181 5515 2309 5568 abs-

747 5605 1031 5659 tinentiam
1065 5622 1092 5659 a
1121 5606 1298 5659 malis.
1353 5607 1417 5660 Et
1469 5605 1569 5660 hos
1614 5607 1834 5675 quidem
1887 5608 1939 5660 in
1980 5608 2070 5661 tali
2125 5609 2306 5676 quiete

746 5695 1024 5764 relinquit.
1073 5695 1340 5749 Cancrum
1395 5712 1560 5749 unum
1601 5697 1888 5766 quemdam
1925 5713 1953 5751 e
2006 5708 2212 5766 septem
2253 5714 2306 5750 se

745 5793 897 5860 sequi
929 5791 1103 5860 jubet,
1141 5791 1446 5846 Prochorus
1494 5791 1579 5844 hic
1626 5802 1762 5857 erat,
1808 5801 1863 5845 ut
1916 5795 2025 5860 ipsi:
2078 5792 2296 5858 quidem

2415 4865 2667 4917 τυπῶσαι
2698 4867 2758 4916 τὸ
2787 4865 2905 4916 καθ’
2935 4865 3081 4932 ἡμᾶς
3117 4863 3215 4931 τῆς
3259 4862 3387 4930 ὅλης
3416 4859 3510 4914 τοῦ
3544 4859 3790 4931 Χριστοῦ
3835 4861 3986 4914 olito-

2413 4956 2606 5022 νομίας
2637 4959 2955 5025 μυστήριον.
3001 4955 3150 5006 Εἴκει
3189 4950 3481 5021 τοιγαροῦν
3520 4953 3585 5019 τῇ
3640 4950 3869 5001 ἐκείνων
3901 4949 3989 5001 al-

2410 5048 2565 5116 τήσει
2589 5065 2601 5076 ·
2641 5046 2842 5115 μᾶλλον
2887 5047 2940 5097 δὲ
2973 5048 3084 5106 τοῖς
3115 5045 3402 5114 πατρικοῖς
3444 5041 3583 5094 εἴκει
3623 5040 3980 5110 σπλάγχνοις,

2410 5134 2489 5199 οἷς
2523 5142 2650 5208 περὶ
2687 5136 2884 5200 αὐτοὺς
2917 5131 3070 5199 οὗτος
3100 5138 3368 5206 ἐκέχρητο
3397 5175 3410 5199 ο
3471 5134 3643 5196 ἄλλως
3671 5150 3731 5185 τε
3765 5133 3862 5186 καὶ
3892 5133 3986 5199 τῆς

2415 5235 2681 5301 Προνοίας
2711 5234 2920 5286 ἄνωθεν
2948 5233 3045 5300 τὴν
3073 5231 3182 5283 τῶν
3210 5230 3420 5282 πολλῶν
3469 5228 3746 5296 σωτηρίαν
3801 5229 3895 5278 καὶ
3928 5227 3986 5278 τὸ

2415 5326 2510 5381 τοῦ
2555 5326 2892 5394 Εὑαγγελίου
2931 5327 3195 5393 κήρυγμα
3242 5321 3415 5382 οὕτως
3452 5319 3982 5388 οίκονομησαμένης.

2413 5426 2521 5477 Καὶ
2571 5422 2760 5490 πρῶτα
2823 5421 2921 5486 μὲν
2982 5419 3198 5469 ἀσιτίαν
3270 5415 3447 5482 ἑαυτῷ
3523 5410 3902 5480 παραγγέλλει
3958 5415 3985 5464 ὁ

2415 5516 2600 5574 ἄσιτος
2640 5511 2836 5581 μικροῦ
2871 5512 2960 5562 καὶ
2992 5511 3316 5577 ἀσώματοςο
3352 5507 3462 5569 τοῖς
3511 5506 3566 5556 δὲ
3615 5503 3799 5563 ἄλλοις
3854 5504 3984 5555 αὑτό

2425 5625 2480 5658 τε
2519 5604 2694 5669 τοῦτο,
2726 5607 2817 5656 καὶ
2848 5605 2946 5670 τὴν
2981 5601 3088 5653 τῶν
3135 5600 3317 5651 κακῶν
3359 5597 3710 5664 ἀλλοτρίωσιν
3738 5595 3984 5646 ὑποτίθε-

2420 5717 2524 5749 ται.
2561 5698 2661 5748 Καὶ
2704 5699 2826 5756 τοὺς
2859 5696 2957 5763 μὲν
3001 5696 3056 5745 ἐν
3091 5696 3152 5760 τῇ
3182 5690 3408 5760 τοιαύτῃ
3443 5687 3761 5739 κατιλείπει
3791 5686 3972 5753 σίολῇ-

2421 5795 2510 5844 tv:
2565 5789 2616 5842 δέ
2681 5808 2794 5841 τινα
2845 5789 2948 5840 τῶν
2996 5787 3154 5851 ἑπτὰ,
3207 5782 3476 5851 Πρόχορος
3519 5775 3693 5843 οὗτος,
3757 5781 3978 5831 ἐκπίω
