4252 6440
263 377 376 440 693

1396 378 1574 437 VITA
1621 379 1686 439 S.
1724 376 2052 439 JOANNIS
2082 380 2359 441 EVANG.

3430 384 3537 445 694

269 493 449 561 τούτῳ
481 490 716 555 κελεύει,
769 494 835 544 ἵν’
890 494 917 545 ὁ
953 493 1051 557 μὲν
1095 494 1161 545 τὰ
1196 492 1347 560 παρὰ
1374 490 1531 556 Θεοῦ.
1587 495 1614 545 ὁ
1671 493 1726 544 δὲ
1791 491 1860 544 τὰ
1891 500 1934 553 Α

1855 500 1934 553 LA
1965 510 2027 547 ea
2080 510 2259 563 quzea
2303 497 2413 549 Deo
2454 504 2662 561 essent,
2715 497 2817 551 iste
2867 508 3048 551 autem
3108 511 3230 565 qute
3278 496 3347 550 ab
3394 497 3534 564 ipso,

267 583 481 635 ἐκείνσυ
539 583 990 652 διασημαένηται.
1058 583 1227 644 Αὐτὸς
1276 583 1332 635 δέ
1384 584 1483 649 τῆς
1539 585 1851 654 ἀκρωρείας

272 670 603 734 ἐφάπτεται.
656 671 765 721 Καὶ
799 670 1090 740 στηλοῦται
1126 672 1225 740 μὲν
1274 674 1416 723 κατὶ
1463 673 1554 723 τὸν
1600 672 1855 743 Σαμουὴλ

272 762 484 829 ὄρθιος,
528 764 667 815 κατά
716 763 773 816 δὲ
808 763 1014 817 Μωσέα
1067 764 1145 815 τὼ
1185 765 1335 834 χεῖρε
1373 756 1879 834 διεσχημάτισταιοί

272 858 368 907 καὶ
420 857 511 907 τὸν
544 855 670 909 νοῦν
706 854 916 920 ἐξελὼν
944 856 1054 909 τῶν
1076 856 1409 926 αἰσθήσεων,
1433 856 1555 910 ὅλον
1586 857 1855 927 ἀναφέρει

277 949 416 1017 πρὸς
446 948 537 1001 τὸν
565 948 923 1017 ποθούμενον.
960 949 1024 1002 Τί
1052 948 1147 1003 οὖν
1191 950 1253 1003 τὸ
1299 949 1583 1009 ἐντεῦθεν;
1626 949 1858 1017 Βρονταὶ

273 1041 567 1109 φρικώδεις
597 1041 692 1093 καὶ
713 1042 947 1112 δείματα
978 1044 1072 1095 καὶ
1098 1044 1378 1112 άστραπιὶ
1415 1043 1651 1113 συνεχῶς
1686 1043 1859 1115 ὑπορ-

276 1134 677 1206 ῥηγνύμενιι,
742 1151 831 1187 κα·
897 1134 1094 1201 ἁθρόον
1154 1133 1558 1203 ἐκλάμπουσαι.
1641 1127 1742 1186 Ὦδ
1810 1136 1858 1187 εί

276 1226 500 1281 γαλὲσοι
538 1243 621 1289 τις
649 1228 865 1287 εἰκόνας
891 1226 961 1278 τά
984 1225 1164 1295 πολλῷ
1193 1227 1463 1296 πρότερον
1506 1227 1601 1279 ἐπὶ
1617 1226 1859 1287 Μωσέως

276 1317 578 1385 γενόμενα,
600 1314 763 1383 ἡνίκα
797 1314 917 1384 Θεῷ
948 1316 1297 1384 ἐντυγχάνων
1322 1310 1391 1384 ἦν
1416 1316 1509 1369 καὶ
1539 1314 1672 1383 παρ’
1694 1314 1859 1367 αὑτοῦ

275 1413 378 1469 τὰ;
410 1410 622 1470 πλάκας
666 1410 981 1477 δεχόμενος,
1036 1408 1137 1462 ούκ
1190 1410 1258 1462 ἂν
1317 1408 1555 1478 ἁμάρτοι
1592 1408 1686 1477 τῆς
1726 1409 1859 1478 άλη-

278 1502 453 1563 θείας.
500 1498 631 1554 Εἶτα
696 1503 919 1572 πρηνὴς
958 1502 1077 1570 μὲν,
1112 1504 1204 1554 καὶ
1238 1503 1399 1553 οἱονεὶ
1428 1501 1635 1561 ἄπνους
1665 1502 1694 1553 ό
1727 1502 1864 1570 Πρό-

280 1611 466 1663 χορος.
523 1592 788 1655 τοιούτοις
825 1595 927 1645 οὐκ
960 1592 1201 1660 ἐνεγκὼν
1255 1592 1616 1661 ἐνδιατρὶδειν
1652 1592 1864 1661 θεάμα-

283 1704 412 1740 σιν·
466 1686 628 1746 αὐτὸς
661 1688 718 1739 δὲ
768 1688 1180 1753 άμετάτρεπτο,
1238 1687 1476 1751 ἵσταται,
1529 1687 1719 1756 πόρρω
1764 1686 1862 1753 τῆς

281 1777 502 1846 ἀγάπης
536 1779 595 1829 τὸ
627 1777 745 1840 δέος
792 1777 1083 1847 βαλούσης.
1142 1780 1233 1841 Εις
1265 1781 1450 1850 φωνὴν
1499 1780 1592 1831 καὶ
1622 1781 1719 1847 ὀψέ
1749 1796 1865 1841 πως

1957 597 2195 641 notaret.
2240 590 2409 642 Porro
2441 589 2554 656 ipse
2608 590 2812 643 montis
2860 592 3118 643 verticem
3153 590 3432 656 capessit:
3482 600 3538 641 et

1958 696 2111 735 more
2137 681 2407 735 Samuelis
2437 682 2657 749 quidem
2694 693 2877 737 rectus
2899 684 3149 748 erigitur.
3183 683 3326 736 sicut
3362 682 3537 734 Moses

1956 781 2143 825 autem
2192 774 2443 826 manilius
2478 774 2703 827 elevatis
2738 775 3057 841 t-lliguratur
3091 790 3102 823 :
3154 783 3209 825 et
3237 784 3472 825 mentem
3508 786 3533 820 a

1956 864 2211 918 sensibus
2236 866 2588 927 abstractam,
2628 876 2793 918 lotam
2825 868 2991 919 releit
3041 869 3092 919 in
3147 867 3196 918 id
3250 866 3395 933 quod
3443 882 3537 919 cx-

1955 967 2127 1027 optat.
2164 960 2304 1022 Quid
2338 975 2467 1027 ergo
2502 961 2628 1013 hinc
2661 969 2910 1013 secutum
2947 963 3072 1012 est?
3124 960 3408 1013 Horrenda
3454 968 3539 1011 to-

1961 1052 2145 1106 nitrua
2181 1060 2236 1106 et
2280 1062 2525 1106 terrores
2566 1068 2625 1104 ac
2656 1053 2868 1121 fulgura
2918 1054 3178 1107 continue
3225 1054 3534 1105 vehementi

1960 1148 2177 1217 fragore
2216 1148 2372 1206 elisa.
2426 1158 2481 1201 ct
2539 1160 2762 1215 repente
2811 1149 3128 1217 ell‘ulgentia
3166 1166 3186 1201 ει
3213 1164 3445 1216 quorum
3491 1150 3533 1200 si

1959 1241 2087 1308 quis
2137 1239 2402 1306 imagines
2460 1256 2523 1293 ac
2576 1241 2779 1308 ﬁguras
2830 1240 3036 1293 dixerit
3076 1256 3138 1293 ea
3198 1257 3319 1308 quae
3367 1242 3539 1293 multo

1962 1340 2123 1383 antea
2158 1330 2260 1382 sub
2288 1330 2433 1383 Mose
2453 1332 2819 1397 contigerant,
2847 1333 3069 1398 quando
3108 1332 3216 1384 Deo
3261 1332 3450 1385 aderat
3484 1340 3540 1383 et

1963 1420 2034 1473 ab
2071 1434 2137 1472 eo
2196 1420 2410 1474 tabulas
2466 1422 2793 1487 accipiebat,
2860 1438 3205 1490 nequaquam
3244 1439 3270 1476 a
3308 1412 3539 1476 veritate

1964 1512 2325 1566 aberraverit.
2356 1513 2423 1565 At
2455 1513 2767 1566 Proehorus
2812 1514 3032 1567 interim
3073 1531 3277 1581 pronus
3317 1515 3538 1581 quidem

1964 1611 2020 1654 et
2052 1602 2199 1655 velut
2228 1604 2522 1666 exanimis,
2562 1620 2669 1657 non
2708 1604 2921 1657 ferebat
2974 1608 3115 1657 inter
3161 1605 3540 1673 hujusrenmdi

1968 1694 2171 1745 versari
2203 1695 2555 1759 spectacula:
2618 1695 2733 1761 ipse
2782 1711 2912 1748 vero
2948 1706 3053 1749 stat
3111 1697 3538 1763 imperterritus,

1970 1799 2093 1837 cum
2126 1784 2368 1837 Charitas
2402 1785 2588 1851 procul
2649 1785 2943 1853 abjecisset
2987 1788 3262 1840 timorem.
3321 1787 3397 1838 Ad
3447 1801 3540 1838 ex-

282 1873 315 1938 ή
380 1869 578 1938 βροντὴ
629 1870 1031 1939 διαρθροῦται,
1090 1877 1181 1921 καὶ
1232 1872 1557 1942 τρανότερον
1616 1873 1859 1941 ἁπηχεῖ·
1897 1866 1936 1919 Β

1897 1866 1936 1919 Β
1969 1888 2201 1931 tremum
2238 1880 2441 1931 tonitru
2476 1879 2529 1931 iu
2565 1895 2750 1933 vocem
2799 1882 3131 1947 exprimitur
3186 1896 3250 1934 ac
3305 1880 3542 1935 dilucide

294 1963 403 2015 Ἐν
424 1961 584 2028 ἀρχῇ
620 1958 696 2030 ἦν
735 1966 769 2015 ὀ
804 1966 1018 2029 Λόγος.
1064 1966 1159 2016 καὶ
1193 1966 1225 2017 ό
1256 1965 1448 2032 Λόγος
1472 1960 1551 2030 ἦν
1576 1963 1727 2030 πρὸς
1757 1965 1865 2017 τὸν

285 2054 456 2112 Θεὸν,
499 2056 595 2106 καὶ
643 2056 787 2121 Θεὸς
811 2053 887 2125 ἦν
911 2058 943 2109 ό
974 2057 1186 2125 Λόγος.
1234 2057 1469 2125 Πλησίον
1496 2057 1593 2124 τῆς
1629 2057 1866 2127 Cappa-

290 2146 529 2213 μοσύνης
562 2148 588 2196 ὀ
620 2146 916 2215 Πρόχορος,
960 2149 1019 2199 τὸ
1070 2150 1169 2216 μὲν
1208 2151 1320 2214 φῶς
1348 2148 1566 2217 διορῶν,
1604 2151 1699 2199 καὶ
1729 2146 1865 2198 ὑπό-

284 2253 491 2305 τρομος
527 2236 622 2295 ὢν,
660 2238 880 2289 ἁκούων
935 2237 988 2290 δὲ
1038 2239 1272 2303 οὐδενὸς,
1332 2239 1414 2290 ὅτι
1456 2238 1588 2306 μηδέ
1640 2239 1689 2290 οἱ
1728 2238 1871 2307 μετὰ

294 2327 510 2379 Παύλου
558 2331 652 2379 καὶ
701 2329 943 2393 Μωσέως
976 2331 1105 2385 ποτὲ
1148 2333 1257 2382 τὼν
1299 2330 1533 2393 ἐκείνοις
1578 2349 1868 2400 μυσταγω-

290 2418 600 2487 γουμένων.
638 2419 867 2476 Γλῶσσα
894 2424 992 2487 τῆς
1033 2422 1263 2492 βροντῆς
1304 2426 1331 2475 ὸ
1373 2424 1658 2491 Θεολόγος.
1709 2427 1872 2480 111.6

290 2512 504 2580 μύστης
556 2514 753 2581 μικρὸν
783 2515 877 2566 τοῦ
918 2515 1073 2577 δέους
1119 2516 1452 2585 ἀνενεγκὼν,
1483 2518 1873 2591 ὑποτρεμούσῃ

289 2604 436 2671 χειρὶ
494 2604 561 2655 τὰ
612 2605 825 2657 ἐκεῖθεν
883 2605 1260 2678 διαχαράττει,
1325 2610 1427 2671 ἓως
1475 2610 1786 2679 ἀπηρτίσθη
1817 2616 1874 2665 τὸ

294 2698 652 2763 Εὑαγγέλιον.
703 2700 939 2753 Ἔπειτα
975 2702 1323 2772 ὑποχωροῦσι
1368 2704 1435 2755 τὰ.
1485 2702 1741 2772 δείματα.
1781 2707 1876 2757 καὶ

290 2793 407 2851 τοῖς
442 2791 537 2843 ἐπὶ
579 2792 680 2859 γῆς
716 2793 1168 2846 ἀνακαλύπτεται
1216 2798 1285 2846 rit
1316 2794 1567 2863 οὐράνια.
1617 2796 1742 2864 Ὀψέ
1785 2800 1877 2851 καὶ

295 2884 407 2934 απὸ
464 2884 560 2935 τοῦ
600 2886 762 2953 ὅρους
825 2889 1070 2940 κάτεισιν
1137 2890 1164 2940 ὁ
1209 2888 1487 2959 Ἰωάννης,
1546 2893 1637 2945 τὸν
1691 2892 1876 2944 καινὸν

293 2976 461 3044 νόμον
525 2980 929 3046 ἐγχειρισθεὶς,
1000 2982 1075 3044 ὼς
1141 2985 1167 3033 ὀ
1226 2984 1461 3056 θεόπτης
1543 2989 1712 3038 πάλαι
1778 2987 1877 3049 τὰς

295 3069 511 3133 πλάκας
536 3072 765 3140 Μωσῆς,
784 3076 880 3125 καὶ
900 3075 1082 3127 δίδωσι
1105 3078 1289 3147 φέρων
1321 3082 1432 3143 τοῖς
1458 3082 1875 3150 αἰτησαμένοις.

292 3162 451 3215 Οὕτω
480 3165 771 3231 τοιγαροῦν
800 3166 859 3218 ὃν
896 3167 1110 3237 εἰλήφει
1145 3170 1310 3234 νόμον
1384 3172 1572 3225 καινὸν
1629 3175 1876 3242 ἐγχειρίσ-

295 3267 398 3310 ea;
426 3252 675 3316 ἐκείνοις,
711 3254 871 3317 αὐτὸς
904 3255 997 3326 βίᾳ
1033 3259 1134 3324 μὲν
1171 3261 1265 3312 καὶ
1303 3262 1545 3313 ἀκόντων
1573 3263 1873 3330 νησιωτῶν,
1904 3244 1945 3265 υ

298 3343 575 3411 παρέπλει
606 3344 662 3396 δέ
691 3346 836 3409 ὅμως
871 3347 969 3415 τὴν
1001 3348 1255 3417 Ἔφεσον.
1289 3352 1350 3404 Οί
1385 3354 1461 3418 δὲ,
1503 3352 1693 3423 ὥσπερ
1726 3356 1773 3406 οἱ
1809 3357 1874 3422 τῇ

295 3438 406 3487 τῶν
434 3437 735 3507 ὀφθαλμῶν
766 3439 1017 3507 πηρώσει
1048 3443 1135 3495 διὰ
1164 3444 1379 3513 μακροῦ
1408 3446 1789 3514 κατεχόμενοι,
1827 3445 1877 3495 εῐ

301 3549 430 3583 ποτε
488 3532 788 3585 ἀποθέσθαι
823 3534 1107 3601 δυνηθεῖεν
1145 3536 1243 3604 τὴν
1280 3538 1459 3601 νόσον,
1516 3538 1667 3606 ἥδιον
1713 3537 1880 3606 ὁρῶσι

302 3623 507 3691 μᾶλλον
540 3622 633 3677 τὸν
675 3627 828 3694 ἥλιον
854 3666 869 3691 ,
903 3626 1047 3679 οὕτω
1088 3630 1182 3680 καὶ
1218 3631 1308 3679 τὸν
1339 3628 1624 3697 ἀγαπητὸν
1676 3629 1882 3679 ἀπολα-

300 3720 488 3779 ϐόντες
523 3719 613 3770 τοῦ
644 3718 884 3787 Χριστοῦ
919 3720 971 3771 οι
1006 3720 1268 3785 Ἐφέσιοι,
1308 3720 1400 3772 καί
1430 3736 1481 3772 τι
1511 3720 1608 3772 καὶ⁵
1636 3720 1880 3771 ποθεινό-

302 3827 462 3877 τεροι
497 3810 849 3862 διατίθενται.
881 3812 944 3864 Τί
980 3812 1158 3864 τοίνυν
1191 3813 1435 3874 ἐκεῖνος;
1471 3811 1665 3863 Καίτοι
1707 3810 1881 3862 πολλὰ

307 3904 569 3964 πολλάκις
623 3902 837 3969 καμὼν,
871 3903 934 3954 ού
979 3903 1163 3955 δίδωσι
1194 3906 1303 3964 τοί,
1336 3903 1635 3971 ὀφθαλμοῖς
1691 3902 1882 3968 ὕπνον,

308 3997 535 4055 καὶτοῖς
571 3994 861 4061 βλεφάριις
902 3997 1237 4061 νυσταγμὸν,
1286 3996 1408 4046 οὺδέ
1440 3997 1553 4056 τοῖς
1589 3996 1883 4065 κροτάφοις

303 4086 614 4139 ἀνάπαυσιν
635 4103 647 4114 ·
683 4086 821 4139 ἀλλὰ
850 4088 1163 4155 παρακαλεῖ
1200 4089 1300 4157 μὲν
1332 4088 1424 4141 τὸν
1465 4088 1615 4153 λαὸν,
1650 4088 1805 4158 ζηλοῖ
1829 4089 1885 4140 δέ

307 4178 450 4228 κατὰ
475 4178 583 4227 τῶν
630 4176 898 4230 ἀπειθῶν.
951 4178 1245 4244 Ἐπανάγει
1280 4180 1409 4243 τοὺς
1459 4180 1885 4232 ύποσκελισθέν-

308 4286 406 4329 τας
460 4272 528 4337 τῇ
579 4268 756 4339 πλάνῃ
786 4270 924 4339 πρὸς
959 4270 1061 4339 τὴν
1098 4269 1393 4340 ἀλήθειαν,
1451 4273 1713 4326 ἀποσοϐεῖ
1762 4276 1887 4338 τοὺς

308 4366 842 4431 ὲπεισκωμάσαντας
868 4368 929 4434 τῇ
965 4366 1173 4438 ποίμνῃ
1203 4365 1377 4433 θῆρας
1417 4368 1557 4433 μετὰ
1591 4367 1689 4439 τὴν
1720 4367 1885 4421 αὑτοῦ

311 4455 685 4526 ὑποχώρησιν,
725 4457 819 4509 καὶ
844 4458 1202 4511 ἀνακαλεῖται
1234 4459 1291 4511 τὸ
1330 4459 1601 4529 ποίμνιον.
1631 4460 1787 4514 Οὖτω
1819 4461 1885 4515 τὰ

1969 1980 2185 2024 resmtat
2214 1986 2224 2021 :
2262 1971 2320 2023 lu
2345 1972 2604 2038 principio
2631 1979 2744 2022 erat
2779 1970 3023 2031 Verbum,
3063 1982 3109 2023 ει
3170 1971 3392 2024 Verbum
3430 1981 3543 2023 erat

1968 2064 2109 2131 apud
2144 2063 2330 2124 Deum,
2375 2072 2425 2115 et
2458 2063 2595 2116 Deus
2646 2073 2757 2114 erat
2792 2063 3034 2117 Verbum.
3073 2064 3408 2124 Prochnrus,
3449 2064 3543 2131 qui

1970 2155 2155 2208 divina
2186 2156 2529 2209 institutione
2564 2158 2851 2225 proximus
2901 2168 3043 2217 crat,
3088 2159 3270 2209 lumen
3323 2156 3545 2224 quidem

1971 2248 2213 2307 videbat,
2248 2263 2560 2317 quanquam
2609 2249 3005 2311 subtremulus,
3055 2263 3215 2315 porro
3270 2248 3544 2301 neminem

1969 2338 2270 2392 audiebat:
2326 2340 2454 2406 quia
2490 2354 2675 2406 neque
2705 2339 2757 2391 hi
2807 2341 2900 2408 qui
2932 2356 3057 2391 cum
3092 2340 3260 2393 Paulo
3299 2348 3355 2392 et
3400 2339 3544 2391 Muse

1972 2429 2250 2499 quondam
2289 2440 2473 2493 erant,
2522 2446 2622 2484 eos
2650 2432 2944 2484 audierunt
2989 2432 3081 2499 qui
3118 2432 3237 2484 ilius
3280 2431 3334 2483 in
3381 2432 3553 2484 sacris

1976 2522 2362 2576 instituebant.
2423 2522 2628 2591 Lingua
2705 2524 2932 2575 tonitrui
2993 2522 3279 2590 theologus
3330 2529 3434 2574 est.
3486 2520 3552 2573 Et

1978 2631 2259 2669 sacrarum
2296 2632 2478 2669 rerum
2505 2616 2829 2683 discipulus,
2864 2631 3114 2682 represso
3148 2614 3431 2683 paululum
3480 2615 3550 2665 ti-

1980 2723 2154 2767 more.
2191 2709 2533 2762 subtremula
2580 2725 2741 2761 manu
2792 2723 2915 2776 quae
2974 2708 3099 2761 inde
3154 2715 3372 2775 sumpta
3425 2714 3554 2758 sunt

1978 2807 2191 2861 exarat,
2232 2799 2407 2853 donec
2442 2800 2742 2867 perfectum
2775 2809 2859 2853 est
2890 2800 3266 2867 Evangelium.
3310 2797 3554 2865 Denique

1980 2891 2503 2959 eeduutpauperes,
2533 2907 2595 2945 ac
2634 2893 2869 2945 terrenis
2919 2893 3238 2943 revelantur
3287 2889 3549 2942 caelestia.

1980 2982 2223 3037 Tandem
2266 2984 2429 3035 etiam
2505 2998 2535 3035 a
2590 2991 2770 3036 monte
2815 2983 3103 3036 descendit
3146 2982 3405 3040 Joannes.
3460 2996 3556 3033 no-

1982 3090 2103 3127 vam
2140 3074 2311 3141 legem
2355 3076 2457 3128 sibi
2489 3075 2757 3129 creditam
2808 3075 3037 3135 habens,
3086 3072 3553 3141 quemadmodum

1982 3166 2111 3219 olim
2147 3166 2359 3220 tabulas
2413 3167 2589 3221 Moses
2645 3167 2737 3219 Dei
2788 3170 3107 3235 inspector:
3172 3166 3430 3232 illamque
3480 3163 3557 3215 fe—

1984 3273 2109 3312 rens
2138 3259 2232 3311 dat
2265 3260 2348 3311 his
2393 3260 2487 3326 qui
2535 3259 2860 3327 petiverant.
2924 3259 2997 3311 Ita
3048 3272 3180 3326 ergo
3216 3257 3306 3309 ubi
3358 3271 3553 3309 novam

1984 3352 2154 3419 legem
2200 3366 2363 3419 quam
2415 3362 2725 3418 acceperat,
2791 3352 2899 3404 illis
2947 3350 3283 3413 tradidisset,
3342 3349 3457 3417 ipse
3505 3348 3556 3400 vi

1983 3458 2113 3496 sane
2146 3452 2201 3497 et
2230 3444 2417 3496 invitis
2463 3444 2685 3512 quidem
2728 3445 3085 3503 insularibus,
3133 3441 3444 3511 navigabat:
3479 3451 3553 3495 ta-

1986 3552 2108 3590 men
2140 3537 2414 3604 Ephesum
2451 3552 2658 3589 versus.
2690 3536 2856 3588 Porro
2901 3535 2975 3587 illi
3010 3534 3178 3587 veluti
3232 3534 3327 3602 qui
3362 3533 3549 3586 oeulo-

1986 3640 2106 3675 rum
2135 3626 2379 3677 eiecitate
2420 3626 2583 3692 longo
2618 3634 2862 3693 tempore
2887 3625 3228 3686 detinentur,
3268 3626 3311 3677 si
3335 3622 3556 3692 quando

1986 3716 2192 3783 possint
2228 3717 2477 3768 morbum
2515 3717 2804 3782 repellere,
2836 3718 3001 3784 longe
3039 3718 3342 3783 jucundius
3389 3717 3558 3769 solem

1987 3811 2309 3861 intuentur:
2365 3809 2437 3861 ita
2464 3818 2519 3861 et
2570 3808 2791 3877 Ephesii
2846 3811 3178 3877 rei-ipieutes
3226 3810 3429 3864 Christi
3474 3810 3560 3860 di-

1987 3899 2211 3959 lectum.
2244 3899 2482 3968 quodam
2514 3900 2679 3953 etiam
2738 3903 2898 3953 modo
2934 3900 3357 3953 desiderabilius
3400 3916 3564 3968 quam

1989 3990 2140 4058 prius
2185 3990 2517 4044 adiciuntur.
2552 3990 2696 4055 Quid
2730 4000 2912 4045 autem
2942 3992 3078 4044 ille?
3113 3993 3435 4059 Quanquam
3474 4008 3564 4045 ve-

1986 4085 2272 4138 hementer
2300 4085 2492 4139 fuisset
2521 4086 2949 4154 frequenterque
2997 4087 3274 4153 fatigatus.
3321 4102 3428 4138 non
3475 4086 3567 4139 dat

1985 4176 2161 4231 oculis
2192 4192 2469 4240 somnum,
2506 4192 2608 4231 nec
2637 4178 2913 4246 palpebris
2955 4176 3429 4237 dormitationcm,
3465 4191 3567 4229 nec

1990 4270 2237 4337 requiem
2266 4272 2604 4337 temporibus
2636 4290 2648 4321 :
2701 4270 2795 4323 sed
2823 4270 3083 4338 populum
3116 4268 3338 4336 quidem
3363 4268 3567 4321 exhor-

1990 4370 2158 4424 tatur,
2193 4361 2457 4415 adversus
2484 4372 2666 4414 autem
2715 4362 3031 4414 incredulos
3079 4360 3256 4413 uelum
3299 4360 3563 4414 ostendit.

1990 4454 2195 4510 Errore
2236 4455 2616 4523 supplautatos
2665 4453 2884 4509 reducit
2933 4453 3000 4506 ad
3045 4454 3365 4507 veritatem:
3422 4453 3566 4506 feras

312 4550 455 4602 κατὰ
480 4551 581 4618 τὴν
610 4551 845 4617 Ἔφεσον
876 4548 1221 4618 διαθέμενος,
1256 4553 1349 4603 ἐπὶ
1378 4552 1447 4603 τὰ
1481 4554 1709 4620 πλησίον
1730 4554 1886 4606 ἄπει·
1920 4555 1963 4607 D

1885 4555 1963 4607 in
1992 4554 2139 4599 arcet
2185 4561 2305 4614 qua:
2355 4552 2478 4614 post
2535 4561 2697 4599 suum
2754 4546 3059 4599 discessum
3111 4543 3464 4613 impudenter
3512 4544 3564 4596 iu

313 4658 399 4693 σιν
446 4642 599 4711 ἔθνη,
648 4642 885 4695 ἐνταῦθα
936 4644 1034 4711 μὲν
1111 4644 1447 4705 ἐπισκόπους
1498 4648 1887 4715 καταστήσων,

308 4732 542 4786 ενταῦθα
568 4734 624 4786 δέ
663 4736 752 4786 καὶ
809 4734 936 4797 ὅλας
1006 4734 1301 4805 ἐκκλησίας
1386 4736 1465 4805 τῷ
1500 4737 1777 4806 Πνεύματι
1812 4737 1891 4790 δι-

308 4822 484 4888 δάξων
516 4824 902 4894 σημαίνεσθαι.

380 5098 454 5151 E'.
488 5097 628 5151 Ἀλλ’
694 5089 801 5151 ὧδέ
868 5112 937 5166 με
995 5095 1088 5148 τοῦ
1136 5096 1292 5162 λόγου
1326 5097 1617 5166 γενόμενον
1676 5099 1735 5147 τὸ
1789 5095 1889 5165 τῆς

314 5190 565 5257 γενναίας
600 5191 779 5241 ἐκεῖνο
800 5189 977 5257 ψυχῆς
1008 5190 1101 5240 καὶ
1130 5187 1515 5257 φιλανθρώπου
1550 5189 1883 5257 εἰσέρχεται.

317 5287 384 5336 Ὃ
411 5285 507 5337 καὶ
545 5282 752 5336 ἄνωθεν
788 5280 1072 5334 ἀναλαϐὼν
1123 5281 1219 5349 (ὡς
1250 5281 1411 5341 αὐτὸς
1445 5280 1675 5348 Κλήμης
1711 5280 1740 5331 ό
1793 5280 1888 5345 τῆς

307 5374 778 5445 ἐν’Δλεξανδρείᾳ.
833 5374 1157 5438 Ἐκκλησίπς
1187 5374 1589 5442 πρεσὸύτερος,
1643 5372 1781 5441 ἀνὴρ
1841 5370 1890 5424 τ’

306 5466 445 5522 ἄλλα
464 5484 523 5519 τε
547 5464 887 5533 θαυμαστὸς,
925 5466 1020 5518 καὶ
1047 5466 1111 5533 δὴ
1146 5467 1240 5517 καὶ
1270 5465 1363 5516 τὸν
1394 5465 1549 5530 λόγον
1580 5463 1885 5528 ἐπαινετὸς,

307 5563 369 5611 ἐν
396 5558 506 5627 τῷ,
542 5559 637 5624 Τίς
674 5561 708 5612 d
743 5557 1082 5625 σωζόμενος
1138 5558 1434 5620 πλούσιος
1472 5597 1487 5621 ,
1546 5555 1685 5624 λόγῳ
1731 5559 1886 5623 φησὶ)

306 5653 663 5722 διηγήσομαι.
700 5653 1049 5719 Ἀφικόμενος
1074 5656 1181 5719 γὰρ
1206 5651 1455 5716 Ἰωάννης
1489 5648 1627 5717 μετὰ
1656 5648 1752 5716 τὴν
1778 5651 1883 5701 απὸ

389 5836 406 5864 ’
438 5833 609 5889 Exod.
655 5849 788 5901 xvu,
832 5834 1035 5900 lseqq.
1126 5832 1164 5861 ιθ
1211 5831 1377 5884 Exod.
1417 5845 1598 5894 xxxiv,
1643 5831 1841 5897 ISt‘qq.

1993 4637 2136 4691 ovile
2168 4652 2227 4691 se
2262 4637 2629 4706 ingesserant,
2662 4654 2726 4690 ac
2755 4653 2978 4706 gregem
3008 4648 3249 4691 revocat.
3283 4640 3358 4691 Ita
3386 4638 3569 4705 dispo-

1993 4729 2115 4784 sitis
2148 4728 2235 4784 his
2261 4744 2384 4798 qua:
2416 4730 2560 4783 circa
2595 4728 2871 4795 Ephesum
2907 4739 3086 4794 erant,
3119 4730 3184 4782 ad
3236 4730 3571 4799 propinquas

1992 4832 2182 4891 gentes
2233 4822 2500 4885 discedit;
2549 4822 2636 4875 hic
2688 4821 2910 4890 quidem
2959 4824 3251 4891 episcopos
3299 4824 3572 4875 constitu-

1996 4925 2172 4977 turus,
2212 4916 2322 4968 illic
2357 4930 2485 4966 vero
2527 4915 2769 4983 integras
2804 4930 3024 4984 quoque
3065 4916 3336 4969 docturus
3383 4914 3571 4968 Eccle-

1988 5008 2097 5061 sias
2126 5008 2329 5069 Spiritu
2352 5008 2651 5075 obsignari.

2066 5100 2125 5151 V.
2164 5099 2364 5152 Verum
2397 5114 2482 5151 me
2515 5101 2623 5153 huc
2655 5098 2926 5151 sermonis
2964 5113 3316 5168 progressum
3368 5098 3569 5150 factum

1992 5190 2123 5243 illud
2169 5191 2368 5244 animae
2397 5206 2673 5259 generosa:
2702 5204 2765 5242 ac
2800 5189 3053 5244 humanae
3087 5186 3329 5258 occupat
3364 5207 3376 5242 :
3424 5189 3569 5258 quod

1990 5286 2155 5337 etiam
2184 5285 2349 5338 altius
2426 5294 2679 5351 repetens
2719 5284 2909 5351 (veluti
2954 5292 3141 5336 narrat
3196 5282 3447 5336 Clemens
3484 5282 3573 5334 ille

1993 5374 2373 5428 Alexandrina:
2429 5376 2682 5427 Ecclesia:
2736 5375 3063 5445 presbyter,
3113 5373 3195 5427 vir
3248 5384 3301 5426 et
3348 5373 3399 5424 in
3452 5372 3573 5424 aliis

1993 5465 2365 5527 admirandus,
2398 5474 2453 5517 et
2488 5466 2803 5531 eloquentia
2836 5480 2967 5518 sane
3014 5465 3326 5524 laudabilis,
3365 5466 3413 5513 in
3451 5476 3567 5514 scr-

1992 5573 2176 5623 mone,
2205 5557 2329 5622 Quis
2367 5557 2508 5611 dives
2555 5559 2734 5610 salvus
2765 5558 2880 5623 ﬁat)
2928 5567 3187 5609 retexam.
3241 5555 3374 5609 Cum
3422 5552 3567 5605 enim

1993 5652 2328 5717 pervenisset
2360 5652 2600 5709 Joannes
2656 5662 2776 5721 post
2840 5652 3075 5701 reditum
3129 5666 3191 5700 ex
3253 5649 3438 5701 humo
3499 5648 3563 5696 ml
