4252 6440
756 393 866 454 695

1994 393 2278 453 MENSIS
2319 389 2752 452 DECEMBER.

3923 386 4036 446 696

754 506 1048 575 quamdam
1085 505 1391 559 vicinarum
1427 507 1728 570 civitatum,
1758 509 1914 576 cujus
1942 513 2105 563 etiam
2131 514 2318 578 appel-
2356 517 2392 566 Α
2426 524 2433 535 ·

2356 517 2392 566 Α
2426 510 2521 572 τῆς
2541 508 2762 575 Πάτμου
2779 504 3004 560 κάθοδον
3021 503 3114 557 ἐπί
3139 520 3259 556 τινα
3280 503 3386 555 τῶν
3405 506 3463 555 οὐ
3493 504 3680 572 πόρρω
3702 501 3935 561 πόλεων,
3963 500 4033 570 ﬁ,-

771 600 1028 653 lationem
1058 599 1310 652 nnnnulli
1354 597 1565 662 dicunt,
1615 609 1672 653 et
1726 601 1927 654 fratres
1977 603 2067 669 qui
2125 603 2177 656 in
2233 605 2332 658 hac

757 700 919 746 erant
941 699 1251 760 opportune
1283 701 1582 744 recreasset
1623 707 1636 744 :
1692 691 1981 759 quemdam
2022 693 2096 746 ibi
2151 694 2335 747 adole-

758 791 1002 838 scentem
1027 781 1251 850 reperit,
1299 781 1674 852 magnitudine
1705 781 2060 841 mediocrem.
2110 797 2332 853 aspectu

757 873 1020 928 civilem:
1055 888 1289 941 cumque
1323 873 1623 942 perspicaci
1666 875 1898 943 Spiritus
1945 875 2182 930 efﬁcacia
2242 892 2338 943 ge-

758 965 1116 1020 nerositatem
1144 965 1342 1020 anima:
1372 964 1522 1018 illius
1568 980 1634 1017 ac
1686 981 1901 1018 morum
1950 966 2334 1020 liberalitatem

757 1058 1124 1120 observassel,
1159 1056 1575 1110 benedictiones
1621 1056 1714 1110 dat
1749 1057 2108 1118 adolescenti,
2140 1068 2196 1110 et
2219 1060 2335 1111 suf-

767 1145 1020 1201 ﬁcienter
1065 1148 1245 1215 ipsum
1295 1148 1511 1219 inungit
1553 1162 1618 1201 ac
1659 1150 1881 1202 excitat.
1911 1147 2180 1213 Quoniam
2240 1167 2340 1203 au-

762 1246 869 1292 tem
903 1240 1013 1310 jam
1064 1241 1409 1296 discessurus
1451 1250 1643 1296 eratet
1662 1243 1768 1295 alio
1801 1257 2151 1307 accessurus,
2203 1255 2339 1298 utet

759 1341 963 1386 terram
1019 1331 1432 1401 praedicatione,
1484 1342 1538 1388 et
1585 1347 1737 1387 mare
1809 1348 1875 1388 ac
1923 1334 2132 1389 insulas
2185 1351 2340 1390 acce-

761 1422 921 1476 deret
950 1442 963 1476 :
1001 1423 1249 1478 civitatis
1285 1425 1546 1492 episcopo
1575 1424 1979 1480 adolescentem
2013 1428 2065 1478 in
2104 1427 2337 1479 eoclesia

759 1528 949 1568 coram
984 1513 1206 1570 Christo
1265 1524 1405 1570 teste
1451 1516 1840 1577 commendat,
1896 1516 1988 1569 ubi
2049 1518 2218 1569 multa
2269 1517 2337 1570 de

761 1604 913 1659 illius
956 1604 1247 1674 disciplina
1297 1613 1354 1660 et
1410 1606 1736 1660 educatione
1796 1608 2170 1675 praecepisset.
2245 1607 2338 1660 Ille

762 1709 892 1748 vero
940 1705 1196 1765 prompto
1251 1697 1493 1765 suscepit
1549 1697 1755 1761 animo,
1817 1697 2096 1765 pollicitus
2165 1703 2334 1750 multa

759 1799 981 1854 quoque
1008 1801 1066 1841 se
1094 1788 1440 1856 adjecturum
1472 1790 1527 1843 in
1556 1803 1685 1843 cura
1717 1789 1862 1843 circa
1899 1789 2330 1844 adolescentem.

2439 601 2533 650 καὶ
2559 599 2656 667 τὴν
2687 598 2881 667 κλῆσιν
2896 598 3026 650 ἔνιοι
3050 596 3292 664 λέγουσι,
3315 597 3407 647 καὶ
3427 595 3494 646 τά
3511 597 3704 664 μέτρια
3724 595 3850 656 τοὺς
3872 593 4035 644 ἀδελ-

2439 691 2572 758 φοὺς
2601 693 2658 742 ἐν
2679 690 2853 760 ταύτῃ
2881 689 3280 755 διαναπαύσας,
3309 689 3561 758 εὑρίσκει
3585 687 3704 739 τινά
3737 687 4034 738 νεανίσκον

2443 780 2585 843 ἐκεῖ,
2613 780 2675 832 τὸ
2709 779 2940 849 μέγεθος
2977 781 3221 850 μέτριον,
3258 780 3358 848 τήν
3382 797 3438 832 τε
3483 779 3607 848 ὄψιν
3639 781 3873 832 ἀστεῖον.
3913 779 4031 831 Καὶ

2439 873 2505 938 τῇ
2536 871 2821 939 διορατικῇ
2853 871 2948 922 τού
2999 871 3313 940 Πνεύματος
3349 871 3602 940 ἐνεργεὲᾳ
3649 873 3748 938 τὴν
3808 868 4030 921 ἐκείνου

2437 963 2536 1030 τῆς
2569 963 2747 1032 ψυχῆς
2779 963 3084 1031 εὐγένειαν,
3118 965 3210 1015 καὶ
3243 962 3339 1014 τοῦ
3386 964 3550 1032 nec»;
3603 963 4031 1031 τεκμηράμενος

2437 1055 2534 1123 τὴν
2552 1055 2886 1125 ἐλευθερίαν,
2912 1053 3164 1122 εὐλογίας
3183 1072 3242 1107 τε
3265 1057 3586 1125 μεταδίδωσι
3610 1054 3687 1124 τῷ
3719 1057 4025 1123 νεανίσκῳ,

2441 1150 2533 1199 καὶ
2567 1149 2703 1217 πρὸς
2737 1147 2938 1217 ἀρετὴν
2970 1149 3171 1209 ίκανῶς
3208 1148 3368 1199 αὐτὸν
3401 1148 3694 1213 ύπαλεέφει
3723 1150 3816 1199 καὶ
3846 1148 4028 1199 διανίο

2441 1252 2651 1305 στησιν.
2675 1237 2827 1289 Ἐπεὶ
2882 1239 2938 1291 δὲ
2989 1239 3083 1290 καὶ
3141 1238 3444 1307 ἀποδημεῖν
3497 1237 3721 1303 ἔμελλεν
3764 1240 3890 1308 ἠδη,
3928 1242 4028 1291 καὶ

2439 1328 2669 1397 ἐτέρωθι
2719 1331 2987 1398 μετιέναι,
3040 1329 3130 1384 ἵνα
3171 1333 3264 1382 καὶ
3296 1332 3401 1399 γῆν
3451 1329 3528 1399 τῷ
3560 1331 3883 1399 κηρύγματι
3927 1331 4030 1385 καὶ

2437 1417 2603 1484 νῆσον
2630 1418 2815 1470 πᾶσαν
2839 1420 3043 1486 ἐπέλθῃ
3095 1421 3190 1471 καὶ
3229 1419 3534 1482 θάλασσαν,
3566 1421 3642 1488 τῷ
3678 1422 3775 1490 τῆς
3809 1421 4028 1480 πόλεως

2438 1508 2720 1579 ἐπισκόπῳ
2754 1509 2845 1562 τὸν
2873 1511 3156 1564 νεανίσκον
3185 1513 3281 1564 ἐπὶ
3308 1513 3403 1579 τῆς
3442 1511 3768 1582 Ἐκκλησίας
3799 1512 3895 1564 καὶ
3925 1510 4028 1563 τοῦ

2439 1599 2674 1668 Χριστοῦ
2727 1601 3004 1670 μάρτυρος
3055 1603 3608 1672 παρακατατίθεται,
3658 1605 3828 1656 πολλὰ
3893 1604 4031 1670 περὶ

2441 1691 2540 1760 τῆς
2569 1693 2778 1746 ἐκείνου
2813 1695 3065 1757 παιδείας
3097 1695 3194 1747 καὶ
3224 1696 3321 1765 τῆς
3350 1696 3576 1764 ἀγωγῆς
3608 1697 3757 1764 αὐτῷ
3783 1698 4028 1762 ἐπισκη-

2438 1785 2566 1853 ψας.
2608 1786 2666 1837 Ὀ
2695 1785 2750 1838 δέ
2791 1787 3009 1849 ἐδέξατό
3036 1803 3093 1838 τε
3147 1787 3445 1856 προθύμως
3480 1791 3571 1839 καὶ
3608 1787 4028 1854 ὑπερϐαλέσθαι

763 1877 973 1931 Deinde
1009 1877 1098 1932 ille
1140 1878 1364 1948 quidem
1389 1879 1668 1948 Ephesum
1714 1880 1970 1944 discedit,
2005 1880 2095 1934 hic
2147 1891 2328 1933 autem
2370 1861 2407 1912 Β
2441 1900 2442 1923 ι

2370 1861 2407 1912 Β
2441 1876 2602 1928 αὒτδν
2638 1875 2909 1945 ὑπέσχετο
2952 1878 3020 1946 τῇ
3078 1877 3206 1947 περὶ
3257 1877 3350 1930 τὸν
3385 1879 3671 1930 νεανίσκον
3703 1879 4021 1948 ἐπιμῖλείᾳ.

757 1980 1098 2037 assumptum
1148 1970 1201 2024 in
1265 1972 1492 2025 domum
1548 1971 1949 2026 adolescentem
1992 1972 2190 2034 alebat,
2247 1971 2329 2024 in-

758 2059 1025 2125 struebat,
1100 2073 1290 2115 curam
1343 2062 1465 2129 ejus
1518 2061 1806 2127 habebat;
1880 2062 2098 2114 tandem
2164 2063 2330 2114 etiam

765 2149 1085 2219 baptizavit.
1135 2153 1305 2207 Porro
1343 2153 1434 2207 ubi
1474 2153 1687 2207 Domini
1739 2153 2104 2224 signaculum,
2139 2168 2332 2221 nempe

762 2240 977 2297 firmum
1040 2244 1440 2298 munimentum
1503 2244 1607 2313 ipsi
1663 2244 1988 2308 addidisset,
2077 2244 2334 2314 deinceps

761 2333 1016 2389 custodia
1082 2336 1318 2390 liberum
1375 2336 1604 2392 dimisit.
1681 2337 1761 2392 Ad
1817 2338 1964 2391 hunc
2017 2346 2198 2391 autem
2241 2338 2331 2405 qui

761 2435 889 2482 ante
919 2436 1134 2496 tempus
1170 2429 1549 2485 remissionem
1581 2441 1892 2500 acceperat.
1929 2431 2164 2485 subeunt
2193 2445 2333 2483 non-

764 2516 903 2571 nulli
933 2520 1216 2579 coctanei.
1258 2519 1499 2575 ed‘renes
1527 2536 1589 2575 ac
1621 2521 2010 2589 indisciplinati
2068 2521 2121 2574 in
2173 2521 2332 2589 cupi-

766 2608 1056 2674 ditatibus,
1103 2619 1162 2666 et
1216 2611 1454 2680 primum
1518 2612 1742 2681 quidem
1808 2613 2212 2668 adolescentem
2258 2612 2325 2666 ad

766 2699 898 2754 vitia
938 2703 1379 2769 persuasibilem,
1430 2703 1686 2770 pretiosis
1722 2704 1990 2758 conviviis
2026 2718 2090 2758 ac
2132 2704 2336 2758 mensis

764 2791 871 2847 sibi
925 2794 1241 2849 conciliant.
1307 2793 1439 2861 Quae
1494 2805 1676 2849 autem
1734 2795 1862 2850 hinc
1925 2803 2112 2850 secuta
2166 2797 2337 2851 sunt?

770 2883 966 2939 Facilis
993 2886 1140 2941 enim
1168 2901 1236 2941 ac
1258 2886 1516 2955 proclivis
1537 2896 1622 2944 est
1647 2887 1734 2941 via
1753 2903 1875 2957 quae
1904 2887 2056 2942 ducit
2088 2888 2154 2942 ad
2181 2888 2332 2951 vitia,

762 2985 822 3032 et
853 2992 980 3031 eum
1013 2978 1107 3048 qui
1164 2979 1402 3048 primum
1452 2981 1571 3048 ejus
1626 2980 1806 3049 attigit
1857 2980 2123 3049 gradum,
2183 2980 2340 3036 facile

767 3066 1066 3123 admodum
1128 3079 1216 3124 est
1253 3085 1352 3139 per
1418 3085 1637 3125 omnem
1700 3073 2061 3141 aequalitatem
2123 3073 2336 3129 detrahi

2437 1966 2565 2026 Εῐτα
2586 1973 2612 2024 ὁ
2647 1970 2744 2039 μέν
2776 1972 2912 2038 πρὸς
2928 1970 3026 2039 τὴν
3048 1971 3282 2037 Ἔφεσον
3315 1971 3564 2040 ἀπαίρει,
3600 1974 3627 2023 ὁ
3651 1971 3705 2026 δὲ
3729 1971 3914 2023 οἴκαδε
3931 1973 4028 2022 τὸν

2434 2063 2714 2117 νεανίσκον
2742 2061 3095 2130 παραλαϐὼν,
3132 2061 3358 2133 ἔτρεφεν
3379 2103 3393 2125 ,
3428 2063 3746 2114 ἐπαίδευσεν
3771 2101 3785 2123 ,
3821 2063 3920 2114 ἐπε
3933 2063 4029 2129 μέ.

2435 2151 2579 2205 λετο.
2602 2151 2751 2212 τέλος
2769 2150 3079 2205 ἐϐάπτισεν.
3116 2151 3205 2216 Ὠς
3221 2151 3278 2205 δέ
3295 2154 3394 2222 τὴν
3409 2152 3502 2205 το]
3521 2153 3601 2203 Κυ
3610 2153 3727 2222 ρίου
3751 2153 4028 2222 σφραγῖδα

2435 2242 2496 2293 τὸ
2535 2241 2777 2309 ἁσφαλές
2809 2241 2960 2310 αὑτῷ
2999 2241 3233 2295 ἐπέϐαλε
3271 2243 3677 2314 φυλακτήριον,
3717 2245 3780 2296 τὸ
3833 2245 4026 2295 λοιπῦν

2439 2332 2616 2402 ὑφῆκε
2649 2335 2749 2401 τῆς
2782 2333 3050 2401 φυλακῆς.
3083 2333 3188 2386 Τὸν
3240 2334 3319 2393 δέ,
3373 2335 3480 2402 πρὸ
3531 2335 3681 2406 ὥρας
3717 2337 4025 2405 λαϐόμενον

2437 2425 2675 2485 ἀνέσεως
2735 2421 3058 2478 ὑποδύονται
3083 2441 3229 2487 τινες
3251 2425 3440 2495 ἥλικες
3487 2427 3587 2488 τὰς
3618 2428 3796 2496 ὁρμὰς
3829 2429 4021 2496 exs”.

2438 2529 2517 2565 νοι
2545 2517 2641 2566 καὶ
2677 2514 2950 2581 ἀνάγωγοι
2976 2554 2991 2579 ,
3029 2515 3123 2568 καὶ
3153 2515 3217 2568 τὸ
3242 2517 3459 2584 πρῶτον
3492 2518 3785 2585 ἐπαγωγὸν
3821 2521 3905 2578 είς
3932 2535 4026 2572 κα-

2439 2605 2565 2658 κίαν
2592 2606 2897 2674 φιλοτίμοις
2926 2608 3200 2662 ἐστιάσεσι
3238 2607 3334 2661 καὶ
3350 2609 3649 2679 τραπέζαις
3683 2609 4022 2664 ὑποποιοῦν-

2438 2713 2526 2749 ται
2560 2697 2654 2749 τὸν
2695 2699 2834 2752 νέον.
2895 2699 2978 2752 Τὰ
3016 2698 3072 2752 δέ
3114 2699 3363 2754 ἐντεῦθεν
3389 2703 3548 2753 ὁποῖα
3576 2718 3590 2766 ;
3622 2702 3755 2754 Λεία
3790 2701 3901 2770 γὰρ
3931 2701 4025 2754 καὶ

2442 2789 2718 2860 κατάντης
2765 2791 2800 2860 ἡ
2851 2792 2950 2862 τῆς
2982 2792 3184 2854 κακίας
3227 2792 3346 2854 ὁδὸς
3371 2835 3384 2858 ,
3420 2794 3631 2846 καὶτὸν
3661 2792 3761 2862 τὴν
3786 2791 4024 2861 πρώτην

2441 2879 2616 2948 αὐτῆς
2658 2882 2940 2952 ἁψάμενον
2971 2885 3115 2939 πάνυ
3149 2885 3330 2956 ῥᾴδιον
3375 2885 3443 2938 δι’
3493 2884 3702 2955 δμαλοῦ
3745 2883 3844 2938 τοῦ
3889 2901 4027 2938 πιν-

2441 2972 2534 3036 τδς
2595 2973 2757 3037 εὐθὺς
2807 2977 3199 3046 κατενεχθῆναι
3223 2979 3358 3046 πρὸς
3389 2980 3452 3028 τὸ
3474 2979 3794 3046 ἀκρότατον.
3831 2978 4024 3050 Ταύτῃ

2444 3079 2529 3119 τοι
2564 3066 2661 3118 καὶ
2711 3064 2933 3138 νύκτωρ
2972 3069 3066 3121 ἐπὶ
3091 3069 3433 3122 λωποδυσίαν
3475 3071 3672 3135 ιόντες,
3711 3069 3806 3121 τδν
3849 3071 4024 3122 νεανί-

765 3158 1022 3260 protinus
1107 3174 1282 3225 usque
1363 3159 1431 3214 ad
1503 3169 1829 3216 extremum.
1885 3161 1995 3216 llac
2045 3163 2132 3217 via
2206 3165 2409 3258 dumc

2363 3197 2409 3258 ο
2445 3172 2576 3210 σκον
2621 3158 2922 3226 ἐπάγονται
2948 3175 2963 3193 ο
3021 3162 3051 3215 ό
3075 3160 3154 3228 δέ,
3184 3161 3594 3232 ὑποτυφόμενος
3622 3161 3724 3227 ἠδη
3757 3163 3898 3232 πρὸς
3934 3168 4024 3215 τον

771 3248 938 3303 etiam
974 3258 1134 3304 nocte
1189 3250 1255 3304 ad
1316 3251 1458 3305 furta
1525 3252 1877 3315 accederent.
1926 3254 2336 3311 adolescentem

765 3355 874 3394 una
927 3342 1271 3409 pertrahunt.
1328 3343 1424 3398 ille
1484 3358 1620 3399 vero
1663 3345 1774 3414 jam
1829 3359 2016 3400 amore
2065 3347 2336 3401 latrocinii

765 3445 1088 3491 succensus.
1111 3443 1166 3487 et
1201 3448 1295 3502 spe
1320 3433 1637 3488 divitiarum
1658 3434 2014 3505 cupiditatem
2045 3451 2340 3500 exacuens,

768 3522 1044 3593 nibiljam
1078 3523 1445 3579 meditabatur
1476 3526 1625 3596 quod
1677 3536 1826 3581 esset
1871 3527 2150 3594 exiguum,
2205 3544 2339 3597 pro-

768 3622 892 3682 pter
949 3623 1160 3669 natura:
1209 3630 1274 3670 ac
1330 3616 1532 3672 indolis
1588 3618 2032 3688 generositatem.
2097 3619 2338 3689 Denique

765 3705 936 3760 etiam
967 3705 1244 3760 latronum
1277 3705 1622 3762 sodalitatem
1669 3709 1758 3763 bis
1793 3709 1886 3778 qui
1938 3723 2126 3763 secum
2180 3721 2339 3765 erant

767 3796 1191 3862 demonstravit,
1240 3806 1404 3869 atque
1446 3799 1535 3854 hic
1585 3799 1857 3855 latronum
1910 3801 2168 3871 princeps
2227 3805 2342 3872 pri-

768 3900 1005 3955 musque
1043 3897 1233 3956 raptor
1267 3899 1387 3944 erat
1445 3889 1983 3945 vehementissimus.
2035 3892 2162 3946 Post
2221 3895 2336 3949 hac

771 3993 904 4032 vero
943 3979 1038 4033 ubi
1083 3977 1334 4034 Joannes
1385 3995 1604 4034 rursum
1633 3980 1700 4036 ad
1729 3995 1852 4037 eam
1911 3971 2191 4039 civitatem
2256 4001 2341 4040 re-

771 4078 1028 4134 measset,
1061 4071 1278 4126 ceteris
1336 4081 1561 4141 propter
1609 4087 1731 4142 qua
1774 4087 1842 4128 eo
1888 4085 2112 4130 venerat
2157 4076 2345 4146 dispo-

769 4160 890 4215 sitis
921 4171 980 4214 ut
1008 4176 1224 4230 equum
1254 4173 1371 4217 erat
1414 4181 1428 4215 :
1482 4164 1592 4233 Age
1639 4179 1807 4228 sane,
1849 4165 2027 4233 inquit
2054 4207 2066 4226 .
2121 4168 2185 4222 ad
2223 4169 2342 4236 epi-

772 4267 1030 4322 sc0pum,
1060 4255 1371 4323 depositum
1401 4255 1560 4310 nobis
1587 4257 1755 4312 redde
1785 4259 1932 4327 quod
1957 4274 2062 4327 ego
2104 4271 2159 4314 et
2185 4260 2339 4315 Chri-

770 4353 890 4396 stus
915 4342 1040 4397 loco
1076 4344 1264 4410 testisf,
1309 4345 1365 4399 in
1410 4346 1642 4400 ecclesia
1674 4348 1815 4417 apud
1865 4357 1915 4402 te
1962 4349 2336 4419 deposuimus.

772 4435 840 4487 At
876 4432 967 4485 ille
993 4449 1116 4487 eum
1150 4435 1492 4490 existimaret
1529 4438 1791 4507 pecunias
1835 4454 1958 4495 esse
2006 4456 2130 4509 quae
2182 4457 2336 4510 repe-

2439 3249 2538 3318 τῆς
2595 3249 2854 3321 λῃστείας
2885 3252 3099 3320 Ιρωτα,
3135 3253 3232 3306 καὶ
3261 3256 3327 3324 τῇ
3361 3255 3472 3305 τῶν
3517 3253 3814 3322 χρημάτων
3847 3254 4024 3306 ἐλπίδι

2439 3341 2539 3411 τὴν
2569 3342 2748 3412 ὁρμὴν
2775 3343 3121 3415 παραθήξας,
3153 3344 3307 3396 ούδέν
3347 3335 3434 3396 ἐτι
3463 3345 3657 3414 μικρὸν
3689 3345 3897 3396 ἐνενόει
3933 3345 4019 3397 διὰ

2445 3432 2676 3502 μέγεθος
2703 3435 2938 3500 φύσεως.
2977 3436 3195 3504 ’Δμέλει
3225 3435 3321 3489 καὶ
3364 3438 3577 3506 λῃστῶν
3610 3438 3708 3504 μὲν
3737 3438 4021 3506 ἐταιρείαν

2437 3527 2565 3587 τοὺς
2599 3527 2728 3596 περὶ
2760 3527 2922 3581 αὑτὸν
2971 3527 3307 3592 ἐπεδείξατο.
3344 3529 3662 3598 Λῄσταρχος
3698 3529 3756 3581 δέ
3798 3529 4020 3598 πρῶτος

2439 3606 2594 3675 οὗτος
2621 3609 2689 3684 ἦν
2732 3613 3060 3682 βιαιότατος.
3094 3617 3251 3670 Μετά
3303 3616 3359 3669 δὲ
3407 3615 3578 3671 ταῦτα
3621 3620 3682 3688 τῇ
3731 3618 3889 3670 πόλει
3921 3621 4018 3670 καὶ

2439 3702 2603 3769 αὖθις
2627 3707 2656 3760 δ
2700 3706 2955 3778 Ἰωάννης
2989 3707 3354 3777 ἐπιδημήσας,
3391 3712 3515 3762 ἐπεὶ
3571 3713 3737 3764 cm:
3801 3703 3882 3765 ὧν
3904 3709 4020 3765 ἐνε-

2441 3812 2539 3849 κεν
2561 3790 2698 3866 ἧκεν
2727 3797 2800 3859 ὡς
2834 3796 2894 3850 τὸ
2915 3796 3062 3860 είκδς
3089 3801 3488 3866 κατεστήσατο,
3519 3801 3653 3867 ’Δγε
3687 3801 3845 3870 δῆτα,
3880 3806 4019 3873 πρός

2441 3887 2533 3941 τὸν
2585 3887 2891 3942 ἐπίσκοπόν
2933 3905 3089 3958 φησι,
3141 3894 3242 3957 τὴν
3289 3891 3769 3963 παρακαταθήκην
3817 3896 4019 3957 ἀπόδος

2440 3980 2596 4049 ἡμίν,
2648 3980 2717 4049 ἢν
2773 3983 2884 4048 ἐγώ
2929 3999 3010 4034 σοι
3069 3986 3164 4036 καὶ
3201 3984 3231 4034 ό
3263 3983 3500 4052 Χριστὸς
3535 3986 3640 4037 ὑπὸ
3671 3989 3918 4056 μάρτυρι
3953 3993 4016 4058 τῇ

2454 4069 2754 4140 Ἐκκλησία
2779 4073 3302 4142 παρσκατεθέμεθα.
3339 4076 3443 4128 Τὸν
3475 4077 3555 4139 δέ,
3585 4080 3851 4148 χρήματα
3879 4077 4018 4134 εῐναι

2439 4167 2509 4215 τὰ
2564 4163 2976 4233 ἐπιζητούμενα
3031 4164 3308 4235 οἰηθέντα,
3374 4167 3568 4237 πρῶτα
3610 4171 3712 4240 μέν
3757 4171 4020 4241 ἐκπληξις

2439 4247 2603 4322 εἶχεν,
2631 4253 2666 4308 ἃ
2697 4255 2771 4325 μὴ
2803 4255 3019 4325 συνῄδει
3059 4255 3242 4308 λαϐὼν
3275 4259 3710 4329 ἀπαιτούμενον,
3739 4265 3835 4314 καὶ
3869 4269 4010 4332 μήτε

2441 4343 2715 4396 πιστεύειν
2738 4344 2825 4414 ἐφ’
2853 4338 2936 4406 οἷς
2981 4345 3082 4398 οὐκ
3155 4345 3288 4415 εἶχε,
3327 4351 3462 4416 μήτε
3502 4350 3756 4403 ἀπιστεῖν
3787 4353 4015 4424 Ἰωάννῃ·¹

2439 4435 2761 4504 δυνάμενον.
2807 4437 2900 4499 ’ος
2931 4436 3009 4500 δὲ,
3069 4439 3173 4490 Τὸν
3220 4440 3522 4504 νεανίσκον,
3553 4435 3731 4506 εἶπεν,
3773 4444 4013 4508 ἀπαιτῶ,

774 4532 1040 4585 terentur,
1079 4525 1315 4593 primum
1336 4527 1557 4595 quidem
1591 4528 1896 4598 obstupuit,
1933 4545 2058 4586 cum
2094 4533 2198 4586 sibi
2224 4549 2334 4587 non
2370 4537 2414 4595 ο
2443 4542 2453 4577 1

2370 4537 2414 4595 ο
2443 4527 2536 4577 καὶ
2588 4525 2682 4578 τοῦ
2717 4527 2950 4596 ἁδελφοῦ
2999 4529 3097 4600 τὴν
3125 4531 3324 4599 ψυχὴν,
3353 4533 3556 4602 ’μύχιόν
3595 4551 3649 4587 τι
3679 4537 3947 4601 στενάξας
3989 4543 4015 4592 ό

771 4624 916 4669 esm-t
940 4617 1195 4671 conscius
1222 4632 1282 4672 se
1312 4619 1364 4672 id
1379 4620 1544 4690 quod
1601 4621 1952 4690 repetebatur
2011 4624 2295 4693 accepisse
2318 4666 2335 4692 ,

771 4711 825 4754 et
852 4717 1030 4772 neque
1064 4705 1291 4762 credere
1325 4717 1531 4777 posset,
1572 4708 1688 4764 ﬁeri
1733 4711 2115 4781 repetitionem
2173 4715 2244 4768 ob
2273 4730 2336 4768 ea

773 4809 894 4862 quae
931 4809 1036 4848 non
1078 4796 1324 4863 haberet,
1369 4815 1548 4870 neque
1573 4802 1771 4858 Joanni
1823 4821 1929 4859 non
1955 4808 2199 4863 credere.
2234 4811 2335 4867 Ubi

771 4892 953 4937 autem
997 4883 1259 4938 dixisset:
1324 4891 1738 4947 Adolescentem
1810 4907 2000 4964 repeto
2055 4909 2110 4950 et
2150 4898 2337 4954 fratris

770 4976 1033 5040 animam,
1076 4977 1324 5032 intimius
1391 4985 1675 5050 suspirans
1697 4999 1861 5038 senes
1892 4989 2193 5042 ardentiori
2228 4993 2340 5059 spi-

775 5066 907 5121 ritu.
937 5080 999 5119 ac
1029 5067 1524 5136 sublacrymatione
1573 5074 1848 5128 miseriam
1882 5076 2130 5131 indicans
2159 5098 2172 5133 :
2221 5079 2336 5144 Ille,

773 5156 970 5223 inquit.
1023 5169 1271 5213 mortuus
1324 5170 1428 5215 est.
1497 5162 1663 5218 Porro
1711 5165 2078 5238 interrogatus
2119 5173 2339 5239 quando

769 5258 824 5299 et
854 5249 1147 5316 quomodo,
1169 5268 1342 5321 quave
1367 5267 1561 5319 morte,
1585 5257 1714 5318 Deo.
1740 5259 1934 5329 inquit,
1959 5275 2206 5320 mortuus
2231 5276 2335 5332 est,

774 5354 898 5391 mm
953 5342 1304 5396 latrocinium
1370 5361 1628 5402 exercere
1681 5350 1949 5420 elegerit,
2003 5364 2056 5410 et
2096 5366 2332 5412 montem

773 5429 894 5481 loco
962 5433 1207 5488 ecclesia:
1288 5436 1638 5502 inhabitare,
1699 5443 2038 5509 perditorum
2109 5461 2338 5503 conver-

773 5521 1042 5574 sationem
1109 5525 1392 5594 amplexus
1460 5529 1642 5598 potius
1695 5547 1857 5600 quam
1913 5545 2156 5590 nostram
2208 5548 2334 5608 erga

778 5610 952 5675 ipsum
998 5611 1420 5671 sollicitudinem
1467 5633 1530 5672 ac
1572 5634 1780 5676 curam.
1837 5623 1909 5692 At.
1959 5626 2049 5680 ille
2108 5628 2178 5681 ob
2237 5632 2340 5683 hoc

774 5699 960 5753 dolore
1027 5705 1335 5758 vehementi
1404 5723 1697 5778 oppressus
1753 5730 1764 5766 :
1839 5715 2067 5780 Revera,
2125 5720 2337 5789 inquit,

781 5791 1051 5860 egregium
1109 5808 1157 5849 te
1191 5799 1469 5854 custodem
1495 5807 1689 5860 animm
1723 5807 1905 5864 fratris
1966 5812 2154 5881 reliqui
2191 5831 2202 5866 :
2249 5829 2339 5868 vc-

2445 4614 2756 4683 πρεσσύτης
2786 4622 2842 4668 ἐν
2869 4617 3189 4689 θερμοτέρῳ
3223 4621 3300 4690 τῷ
3336 4622 3630 4692 πνεύματι,
3678 4626 3772 4676 καὶ
3817 4625 4015 4680 ὑποδά-

2442 4705 2637 4773 κρύσει
2685 4709 2938 4769 ἐλεεινἰν,
2993 4711 3254 4774 Ἐκείσος,
3305 4714 3436 4780 εφη,
3468 4714 3717 4782 τέθνηκε.
3757 4716 3895 4768 Πότε
3935 4719 4010 4782 δέ,

2444 4800 2542 4850 καὶ
2575 4798 2714 4864 πῶς,
2752 4803 2843 4852 καὶ
2903 4803 3024 4853 τίνα
3051 4805 3141 4855 τὸν
3173 4807 3404 4857 θάνατον
3430 4807 3751 4874 ἐρωτηθεὶς.
3783 4809 3909 4880 Θεῷ
3931 4813 4013 4863 τι-

2442 4888 2664 4956 θνηκεν,
2691 4886 2835 4954 εἷπε,
2871 4893 3156 4963 λῃστεύειν
3192 4897 3475 4966 ἑλόμενος,
3504 4899 3599 4949 καὶ
3629 4901 3690 4950 τὸ
3722 4899 3849 4966 ὄρος
3899 4903 4013 4954 ἀντὶ

2440 4981 2538 5051 τῆς
2571 4985 2865 5054 ἐκκλησίας
2903 4989 3095 5050 οίκείι,
3126 4990 3220 5040 καὶ
3252 4991 3347 5057 τῆς
3389 4991 3657 5058 ἡμετέρας
3694 4993 3822 5060 περὶ
3852 4996 4010 5043 αύτῖν

2440 5077 2756 5144 ἐπιμελείας
2793 5081 2887 5131 καὶ
2930 5081 3026 5146 τῆς
3099 5082 3376 5149 φροντίδις
3427 5086 3524 5152 την
3571 5091 3708 5153 μετέ
3757 5087 3867 5138 τὼν
3917 5104 4010 5137 καο

2441 5169 2692 5238 κούργων
2748 5171 2950 5237 μᾶλλον
2994 5174 3276 5244 διατριϐὴν
3329 5177 3748 5245 ἀπωσάμενα.
3814 5178 3876 5231 '0
3933 5180 4005 5241 δέ,

2440 5257 2562 5312 λίαν
2601 5262 2694 5313 ἐπὶ
2722 5262 2898 5331 τούτῳ
2932 5265 3337 5334 περιπαθήσας,
3368 5264 3553 5320 Ἦπου
3583 5268 3745 5322 καλόν
3772 5286 3860 5335 γε,
3887 5271 4005 5338 εφη,

2442 5355 2660 5422 φύλακά
2684 5371 2740 5407 σε
2762 5357 2860 5426 τῆς
2888 5357 2980 5410 τοῦ
3009 5361 3238 5429 ἀδελφοῦ
3261 5361 3440 5430 ψυχῆς
3461 5363 3850 5419 καταλελοιπα.
3875 5366 4008 5418 Ἀλλ’

2443 5447 2606 5507 ἵππος
2655 5446 2719 5515 δὴ
2767 5450 3045 5518 παρέστω,
3094 5455 3185 5506 καὶ
3236 5453 3463 5522 ἡγεμὼν
3503 5455 3736 5508 δεδόσθω
3791 5474 3886 5522 μοι
3918 5460 4007 5524 τῆς

2441 5538 2584 5591 ὁδοῦ.
2632 5539 2743 5591 Καὶ
2784 5542 2982 5594 αὐτίκα
3031 5545 3230 5606 ἐπιϐάς
3262 5547 3495 5615 ἠλαυνεν
3537 5547 3686 5603 ὅλαις
3720 5548 3926 5614 ἡνίαις.
3956 5552 4006 5599 τὸ

2447 5631 2538 5682 τοῦ
2571 5635 2738 5685 inme
2790 5637 2954 5704 τάχος
3004 5636 3137 5705 πρὸς
3197 5637 3297 5706 τὴν
3356 5638 3520 5691 αὐτοῦ
3566 5640 3800 5707 σπουδὴν
3847 5637 4008 5710 ἦττον

2446 5722 2585 5776 εἶναι
2622 5729 2887 5796 οἰόμενος.
2924 5731 3030 5782 Καὶ
3064 5730 3127 5799 δὴ
3155 5733 3211 5781 τὸ
3243 5733 3368 5798 ὅρος
3406 5731 3747 5792 καταλ16.ἲ.ιν,
3786 5734 3888 5784 ὖπί
3921 5732 4005 5792 τῆς

2451 5817 2802 5879 maximni;
2839 5818 2945 5870 τῶν
2982 5819 3216 5884 λτστῶιι,
3272 5821 3342 5874 μὶ·
3395 5822 3833 5883 παραιτούμενος
3877 5821 4003 5872 uret
