4252 6440
273 403 384 463 697

1409 402 1584 460 VITA
1629 404 1686 460 S.
1733 402 2056 462 JOANL‘IIS
2093 406 2364 464 EVANG.

3450 416 3553 479 698

278 509 519 577 φεύγων,
551 508 860 569 ἁλίσκεται,
898 508 990 559 καὶ
1036 507 1159 561 Ἐπὶ
1186 507 1345 561 τοῦτο
1373 508 1629 589 ἐλήλυθα,
1669 511 1761 561 καὶ
1793 509 1867 571 ὡς
1897 517 1946 570 Α

1897 517 1946 570 Α
1976 530 2095 566 rum
2147 532 2322 584 equus
2350 519 2458 586 jam
2490 519 2650 571 adsit.
2685 535 2743 572 ac
2802 522 2896 573 ιίςιτ
2945 523 3140 575 ductor
3193 523 3325 575 milii
3368 522 3549 578 detur.

272 603 367 654 τὸν
401 601 636 670 ἄρχοντα
676 601 829 667 ὑμῶν
862 600 1102 666 ἀγάγετέ
1141 618 1231 669 με,
1268 603 1454 669 φησίν.
1496 603 1552 653 'U
1583 603 1635 654 δὲ
1664 603 1859 668 ἐπειδὴ

275 693 472 746 τοῦτον
500 695 709 745 ἐκεῖνον
742 690 883 744 εἶναι
909 695 1002 747 τὸν
1033 693 1291 762 Ἰωάννην
1338 692 1500 761 ἔγνω,
1544 694 1733 761 φεύγει
1764 696 1859 762 μὲν

276 785 574 853 αἰδεσθεὶς,
595 786 933 839 διώκεταιδδ
983 787 1117 855 παρ’
1163 786 1331 839 αὑτοῦ
1382 787 1475 838 καὶ
1510 788 1694 857 γήρως
1743 788 1861 839 ἑπιο

277 881 581 946 λαθομένου
629 882 723 933 καὶ
771 880 867 932 τοῦ
921 881 1064 933 κατά
1109 880 1315 947 κόσμον
1373 882 1697 949 κινήματος.
1732 878 1861 932 Εἶτα

285 971 431 1040 μέγα
466 988 518 1023 τι
584 969 724 1040 βαρὺ
775 969 1173 1038 φθεγξάμενος,
1206 969 1270 1021 Τί
1323 986 1416 1039 με,
1464 970 1672 1026 τέκνον.
1718 966 1859 1026 εἷπε.

280 1065 375 1116 τὸν
427 1063 641 1129 πιτερα
690 1062 914 1130 φεύγεις
956 1063 1047 1114 τὸν
1091 1065 1217 1128 σόν;
1253 1063 1539 1131 Αἰόἐσθητι
1569 1066 1668 1133 τὴν
1719 1064 1859 1131 ἐμὴν

281 1156 481 1211 πολιὰν
506 1173 519 1186 ·
559 1158 617 1207 τὸ
671 1158 767 1224 τῆς
826 1157 926 1222 σῆς
956 1157 1174 1226 ἡλικίας
1220 1156 1378 1217 ἄνθος
1413 1158 1655 1223 ἐλέησον.
1702 1156 1857 1223 Ζωῆς

191 1311 196 1315 .
276 1249 435 1311 ἐλπὶς
467 1248 547 1301 ἔτι
579 1266 662 1301 σοι
693 1248 1254 1317 περιλείπεται.Ἐγὼ
1280 1250 1371 1300 τὸν
1406 1250 1543 1317 ὑπὲρ
1573 1248 1667 1301 σοῦ
1700 1250 1855 1314 λόγον

274 1340 480 1407 ὑφέξω.
509 1340 676 1409 Στῆθι
698 1340 840 1393 κατὰ
860 1338 1064 1410 χώραν,
1094 1342 1556 1411 τέκνον.Χριστὲς
1587 1341 1858 1394 ἀπέσταλ-

277 1432 341 1483 κὲ
403 1450 471 1500 με
500 1435 636 1501 πρὸς
663 1434 747 1485 σέ.
777 1432 992 1485 Τούτων
1016 1433 1256 1494 ἀκούσας
1284 1437 1311 1485 δ
1339 1433 1641 1496 νεανίσκος,
1667 1433 1857 1499 πρῶτα

278 1527 381 1594 μὲν
409 1526 561 1591 ἔστη,
594 1526 669 1593 τῷ
707 1525 891 1589 “tigni
921 1524 1110 1586 ἀτενὲς
1144 1525 1367 1588 ἐνορῶν,
1398 1525 1531 1594 μηδὲ
1564 1522 1855 1584 ὑπἀἱδοῦς

274 1618 571 1671 ἀνανεῦσαι
601 1616 919 1684 δυνάμενος·
976 1611 1097 1668 εἶτα
1129 1615 1312 1667 δίδωσι
1386 1617 1450 1668 τά
1496 1616 1633 1669 ὅπλα
1657 1617 1722 1682 τῇ
1757 1617 1851 1681 γῇ.

274 1715 371 1763 καὶ
398 1711 615 1777 οἰκτρόν
642 1727 691 1761 τι
714 1714 805 1761 καὶ
835 1707 1140 1777 περιπαθὲς
1158 1709 1494 1775 ἀνοδύρεται,
1539 1709 1635 1759 καὶ
1673 1722 1850 1773 προσ-

273 1804 497 1857 ελθόντα
571 1800 890 1871 περιϐάλλει
919 1802 1009 1853 τὸν
1039 1800 1285 1867 γέροντα,
1321 1799 1490 1852 ποίων
1524 1800 1621 1867 μὲν
1646 1798 1733 1851 διὰ
1758 1800 1854 1860 τὰς

1968 606 2274 675 Statimque
2313 624 2610 664 conscenso
2661 626 2804 676 equo
2835 622 2975 666 totas
3014 615 3232 666 laxabat
3285 615 3547 677 habenas,

1967 703 2231 753 minorem
2255 717 2377 755 esse
2400 705 2719 758 existimans
2741 706 2869 774 equi
2913 708 3254 762 velocitatem
3300 724 3399 778 pro
3453 725 3550 761 sua

1964 793 2311 849 festinatione
2343 812 2354 847 :
2380 799 2600 865 jamque
2631 813 2815 852 monte
2844 803 3187 867 apprehenso
3215 818 3243 853 a
3278 804 3548 856 latronum

1964 886 2237 947 Custodia,
2275 888 2412 939 nihil
2462 891 2764 956 deprecans
2803 905 2979 955 neque
3033 892 3285 958 fugiens,
3335 893 3547 959 capitur

1961 986 2037 1040 et,
2083 978 2137 1030 In
2167 985 2291 1043 hoc,
2320 981 2513 1046 inquit,
2552 980 2716 1045 veni;
2750 982 2931 1049 itaque
2979 984 3043 1035 ad
3098 984 3402 1050 principem
3452 1002 3515 1038 vc

1962 1077 2137 1119 strum
2180 1084 2264 1121 me
2297 1070 2500 1125 ducite.
2540 1072 2713 1125 Porro
2749 1072 2840 1126 ubi
2881 1075 2969 1127 ille
3016 1075 3160 1128 hunc
3192 1093 3313 1131 esse
3366 1079 3543 1145 ipsum

1960 1158 2225 1213 Joannem
2258 1164 2533 1229 cognovit,
2571 1175 2719 1216 certe
2752 1166 2960 1233 pudore
3004 1166 3250 1220 suﬂ'usus
3282 1168 3442 1235 fugit,
3475 1172 3543 1223 At

1964 1251 2054 1306 hic
2094 1253 2359 1307 oblivioni
2410 1256 2605 1309 tradita
2659 1269 2959 1312 senectute.
3008 1273 3072 1311 ac
3125 1262 3367 1315 motione
3421 1279 3543 1331 quae

1963 1343 2230 1397 mundum
2262 1346 2525 1414 consequi
2568 1348 2727 1407 solet.
2769 1350 3142 1415 persequitur.
3183 1351 3393 1405 Deinde
3428 1370 3542 1407 ma-

1960 1448 2063 1505 gna
2110 1436 2343 1501 quadam
2394 1440 2653 1503 gravique
2700 1454 2833 1492 voce
2879 1442 3119 1494 clamans
3172 1459 3185 1494 :
3232 1443 3408 1506 Quid,
3453 1444 3541 1497 in-

1962 1523 2106 1589 quit,
2145 1523 2243 1579 iiii.
2287 1525 2429 1590 lugis
2460 1541 2545 1576 me
2589 1539 2797 1593 patrem
2839 1530 3035 1581 tuum?
3068 1545 3240 1582 meam
3286 1547 3540 1587 reverere

1962 1617 2242 1678 canitiem,
2279 1632 2342 1671 ac
2373 1618 2524 1672 ﬂoris
2555 1621 2734 1674 artatis
2766 1631 2869 1673 tu:e.
2906 1623 3190 1677 miserere.
3223 1624 3407 1678 adhuc
3440 1627 3537 1680 tibi

1959 1722 2084 1773 Spes
2113 1707 2235 1759 vita:
2264 1709 2611 1776 relinquitur,
2638 1726 2736 1779 ego
2771 1727 2866 1778 pro
2897 1724 2948 1765 te
2978 1715 3245 1767 rationein
3284 1717 3534 1771 reddam.

1958 1797 2208 1850 Consiste
2239 1799 2291 1851 in
2340 1799 2481 1867 loco,
2538 1802 2608 1853 illi
2659 1803 2959 1859 :Cliristus
3007 1820 3093 1857 me
3144 1808 3292 1860 misit
3340 1810 3407 1860 ad
3458 1820 3533 1863 te.

272 1894 522 1962 οίμωγὰς
575 1893 638 1947 οὐ
696 1891 1037 1961 στεναγμῶν,
1084 1891 1252 1944 ποίων
1300 1890 1473 1943 δὲδιά
1525 1894 1589 1943 τὰ
1639 1890 1853 1958 δάκρυα
1891 1873 1925 1923 9

1891 1873 1925 1923 9
1963 1888 2084 1940 llaec
2132 1904 2256 1941 cuin
2307 1892 2557 1944 audisset
2606 1892 2967 1957 adolescens,
3020 1901 3256 1961 primum
3309 1899 3534 1966 quidem

272 1991 487 2057 θρήνων
525 1988 625 2040 οὐκ
652 1987 836 2050 ἄξιοςς
883 1986 1068 2054 Mriqu
1117 1984 1459 2053 ἀποκρύπτει
1490 1985 1587 2051 τὴν
1623 1984 1802 2037 δεξιάν
1825 2001 1842 2017 ο

270 2082 451 2151 ῂδεῖτο
499 2081 606 2149 γὰρ
633 2078 784 2145 αὑτῷ
816 2080 911 2131 καὶ
946 2077 1151 2145 ταύτην
1186 2078 1438 2137 ἐνθεῖναι,
1479 2076 1545 2145 ἣν
1580 2078 1851 2144 μιάσμασι

270 2170 546 2231 τοσούτοις
581 2171 677 2221 καὶ⁵
701 2168 979 2240 λῃστείαις
1008 2167 1290 2234 ὲμόλυνεν.
1331 2166 1387 2219 Ὀ
1416 2167 1491 2229 δὲ,
1526 2162 1612 2217 οἷα
1641 2170 1848 2237 πατὴρ,

273 2261 638 2330 φιλοστοργίᾳ
672 2261 740 2313 τὰ
769 2260 1050 2327 σπλάγχνα
1083 2258 1429 2326 βαλλόμενος,
1460 2260 1580 2325 ὲγγ.
1600 2260 1661 2310 ἅτ
1682 2277 1722 2310 .ι
1750 2262 1849 2328 τὴν

270 2354 489 2421 ἄφεσιν.
530 2353 723 2406 Ἰλεων
757 2352 1105 2420 ὑπισχνεῖται
1150 2350 1240 2402 τὸν
1273 2350 1557 2420 δικαστήν.
1605 2352 1711 2402 Καὶ
1746 2354 1847 2417 τῆς

270 2446 453 2511 δεξιᾶς
487 2446 809 2511 λαϐόμενος,
855 2442 1171 2512 καταφιλεῖ,
1228 2442 1319 2496 καὶ
1349 2446 1485 2512 πρὶς
1515 2443 1615 2511 τὴν
1646 2446 1842 2513 eum.

270 2540 393 2590 σίαν
422 2538 689 2603 ἐπανάγει
755 2537 847 2588 τὸν
882 2538 1188 2588 νεανίσκον.
1217 2531 1351 2586 Εἶτα
1382 2535 1601 2602 δαψιλεῖ
1644 2536 1744 2603 μὲν
1780 2540 1844 2604 τῇ

271 2633 549 2701 προσευχῇ
576 2629 880 2699 χρώμενος,
909 2629 1125 2698 διαρκεῖ
1157 2627 1212 2681 δὲ
1271 2630 1337 2698 τῇ
1397 2630 1621 2698 νηστείᾳ
1678 2646 1853 2697 προσ-

270 2723 579 2792 καρτερῶν,
617 2723 712 2774 καὶ
745 2721 835 2774 τοῦ
860 2724 1146 2773 νεανίσκου
1177 2719 1353 2789 ψυχὴν
1380 2719 1644 2781 ποικίλοις
1671 2720 1847 2787 λόγων

268 2818 605 2887 ὶπᾴσμασιν,
651 2810 742 2869 οἷά
776 2831 886 2868 τισι
926 2817 1263 2883 φαρμάκοις,
1298 2812 1754 2881 καταμαλάττων,
1783 2813 1845 2864 οὐ

271 2910 540 2977 πρότερον
564 2907 913 2976 ἀπεδήμησε,
939 2907 1070 2976 πρὶν
1094 2908 1181 2958 ὅτε
1212 2906 1278 2975 δὴ
1304 2906 1481 2974 τούτῳ
1502 2905 1600 2975 τὴν
1622 2906 1845 2977 πρώτην

270 3000 485 3066 ὑγίειαν
533 2999 854 3068 εχαρίσατο,
892 3000 1032 3068 μέγα
1082 3016 1135 3051 τι
1166 2998 1242 3067 τῷ
1271 2998 1372 3068 βίῳ
1417 2999 1720 3068 ὑπόδειγμα
1750 3016 1847 3051 κα-

268 3089 513 3143 ταλιπὼν
539 3092 614 3152 είς
646 3090 957 3160 μετάνοιαν.

1955 1983 2239 2045 constitit,
2292 1993 2451 2035 terrae
2514 1999 2885 2051 pavunentum
2939 1989 3168 2041 intentis
3220 1992 3395 2044 oculis
3445 1995 3531 2046 in-

1955 2083 2135 2137 tuens,
2174 2090 2282 2140 prae
2318 2074 2527 2141 pudore
2565 2078 2753 2131 oculos
2802 2096 2907 2130 non
2945 2092 3137 2147 porens
3170 2096 3385 2136 sursum
3420 2087 3530 2140 eri-

1950 2180 2078 2230 gere
2112 2165 2346 2225 ;dcintle
2379 2168 2634 2235 projectis
2666 2171 2718 2221 in
2761 2178 2961 2224 terram
3010 2177 3198 2237 armis,
3232 2177 3531 2233 miserabili

1946 2258 2181 2324 quodam
2244 2259 2426 2317 modo,
2478 2274 2601 2309 cum
2658 2276 2857 2327 magno
2911 2264 3104 2318 dolore
3155 2269 3415 2335 ejulatur,
3466 2286 3532 2325 ac

1946 2350 2259 2399 venientem
2333 2352 2673 2415 amplexatur
2727 2368 2938 2416 senem,
3002 2370 3224 2425 propter
3294 2363 3531 2427 gemitus

1944 2440 2203 2505 quidem,
2251 2439 2491 2494 t-lliciens
2540 2458 2605 2495 ne
2653 2442 2875 2499 ﬂetibus
2917 2447 3116 2515 dignus
3165 2460 3344 2513 esset,
3398 2469 3524 2521 pro-

1944 2543 2064 2601 pter
2116 2535 2381 2603 lacrymas
2429 2551 2576 2593 vero,
2630 2553 2695 2589 ue
2745 2541 2825 2592 vel
2875 2541 3131 2594 lamentis
3170 2561 3182 2595 :
3221 2546 3391 2598 solam
3428 2562 3519 2600 oc-

1943 2628 2113 2679 cultat
2168 2626 2498 2692 dexteram;
2550 2635 2842 2683 verebatur
2919 2634 3061 2687 enim
3121 2647 3174 2688 et
3229 2637 3370 2691 lianc
3423 2640 3525 2707 ipsi

1942 2719 2244 2786 porrigere,
2283 2735 2445 2787 quam
2500 2731 2577 2774 tot
2628 2725 2931 2778 sceleribus
2976 2742 3038 2779 ac
3082 2729 3386 2783 latrociniis
3421 2732 3524 2786 fte-

1944 2812 2192 2865 duvcrat.
2234 2812 2402 2866 Porro
2437 2815 2547 2871 ille,
2579 2816 2747 2868 veluti
2782 2830 2955 2885 pater,
2993 2821 3303 2877 vehementi
3335 2838 3525 2878 amore

1946 2904 2255 2957 visceribus
2305 2908 2602 2971 sauciatus,
2651 2911 2883 2974 spondet
2931 2916 3167 2975 veniam,
3218 2917 3525 2971 misericor-

1946 2998 2069 3049 dem
2123 2996 2417 3064 pollicetur
2470 3002 2754 3066 judiccni,
2809 3013 2862 3055 et
2910 3007 3247 3073 apprehensa
3300 3011 3520 3063 dextera

1941 3088 2314 3150 deosculatur,
2365 3101 2419 3144 et
2466 3092 2531 3144 ad
2581 3094 2868 3147 ecclcsuim
2932 3098 3143 3150 reducit
3204 3099 3519 3155 adolescen-

269 3195 404 3239 tem.
438 3184 645 3239 Deinde
681 3183 983 3237 abundanti
1025 3191 1186 3236 utens
1215 3183 1461 3237 oratione
1533 3190 1871 3251 perseverat,
1907 3181 2133 3253 jejuniis
2184 3191 2489 3235 anntens:
2557 3194 2614 3235 et
2659 3185 3024 3242 adolescentis
3071 3191 3306 3245 animam
3355 3196 3523 3247 variis

266 3295 585 3337 sermonum
635 3276 924 3331 cantilenis
970 3277 1119 3332 velut
1164 3276 1459 3345 unguentis
1540 3276 1869 3343 quibusdam
1909 3275 2201 3337 deliniens,
2274 3290 2381 3328 non
2432 3278 2583 3343 prius
2630 3280 2891 3333 abscessit
2941 3298 3105 3349 quam
3159 3287 3301 3340 hunc
3349 3291 3518 3357 priori

266 3372 504 3425 sanitate
550 3371 824 3431 donaret,
872 3382 1125 3438 magnum
1176 3368 1451 3438 quoddam
1496 3370 1620 3421 vitae
1667 3370 1983 3436 relinquens
2007 3369 2318 3435 exemplum
2350 3370 2413 3422 ad
2449 3372 2851 3438 paenitentiam.

340 3464 435 3532 ς’.
460 3465 569 3518 Καὶ
586 3463 747 3516 τοῦτο
766 3464 865 3532 μεν
885 3462 1119 3528 τοιοῦτο,
1142 3465 1237 3516 καὶ
1267 3462 1411 3515 οὕτω
1432 3461 1525 3515 τοῦ
1552 3450 1626 3532 μῆ
1652 3462 1838 3515 λαθεῖν
1866 3468 1907 3523 C

265 3557 434 3621 ἄξιον.
477 3556 686 3608 Ἐκεῖνο
714 3555 792 3616 δὲ,
829 3556 923 3608 καὶ
949 3555 1067 3607 λίαν
1102 3556 1290 3621 μεῖζον
1320 3553 1504 3623 πολλῷ
1530 3556 1624 3607 καὶ
1657 3570 1837 3624 παρα-

264 3650 568 3719 δοξότερον,
622 3648 718 3700 καὶ
767 3646 996 3699 αὐτόθεν
1054 3648 1153 3714 τῆς
1215 3646 1603 3716 φιλανθρώπου
1659 3646 1835 3714 ψυχῆς

264 3743 481 3810 ἐκείνης
510 3741 608 3811 τὴν
639 3740 988 3809 συμπάθειαν
1055 3742 1147 3790 καὶ
1174 3744 1272 3809 τὴν
1304 3739 1457 3806 ίσχὺν
1488 3738 1835 3804 ἐνδεικνύμε-

264 3849 387 3886 νον.
404 3833 634 3900 Λέγεται
658 3833 905 3900 γάρ’τινα
925 3830 1043 3881 κατ’
1066 3832 1240 3881 ἐκεῖνο
1264 3828 1454 3899 καιροῦ
1480 3830 1587 3879 τῶν
1606 3828 1832 3889 πισνῶν,

263 3922 578 3993 ἀρκούντως
608 3922 875 3991 πρότερον
907 3920 1002 3973 τοῦ
1042 3920 1178 3989 βίου,
1212 3922 1303 3971 καὶ
1332 3921 1433 3971 οὐκ
1467 3920 1658 3981 ἐνδεῶς
1677 3919 1832 3987 ἕχον·-

260 4030 353 4075 τα,
393 4015 470 4075 είς
534 4012 763 4081 ἔσχατον
826 4012 964 4081 μετά
1003 4012 1177 4063 ταῦτα
1234 4011 1425 4074 πενίας
1468 4012 1829 4073 καταπεσεῖν,

260 4107 336 4169 ὡς
368 4108 463 4158 καὶ
487 4105 681 4173 πλήθει
709 4102 1207 4173 περιεστοιχεῖσθαι
1244 4103 1440 4171 χρεῶν,
1478 4104 1572 4156 καὶ
1605 4101 1832 4171 μυρίους

259 4199 546 4260 δανειστὰς
575 4195 1002 4256 ὑποδλὲπεσθαι,
1024 4196 1118 4247 καὶ
1140 4194 1331 4263 ὥσπερ
1358 4212 1408 4245 τι
1434 4197 1655 4265 θήραμα
1682 4195 1833 4262 ῥινη-

263 4291 547 4344 λατεῖσθαι
575 4289 735 4341 πάλιν
762 4284 853 4340 ὑπ’
892 4287 1117 4339 ἐκείνων
1167 4302 1257 4336 κα.
1294 4284 1702 4352 ἀνιλνεύεσθαι,
1734 4287 1828 4336 καὶ

260 4383 445 4439 αὐτῶν
480 4385 536 4433 ἐν
565 4382 771 4451 ἀπορίᾳ
812 4379 1083 4446 περιιέναι
1136 4378 1247 4428 τῶν
1298 4378 1636 4443 ἀναγκαίων.
1669 4376 1831 4429 Ἀλλά

258 4476 370 4545 γὰρ
405 4472 546 4541 μετὰ
574 4472 672 4539 τῆς
698 4471 980 4540 αίσχύνης,
1006 4470 1070 4537 ἢν
1101 4472 1191 4521 ἐπὶ
1218 4468 1454 4530 ταῖςτῶν
1478 4470 1701 4521 δανείων
1725 4472 1835 4521 sio-

260 4565 527 4637 πράξεσιν
554 4562 754 4626 ἀθλίως
774 4562 1057 4631 ὑφίστατο,
1073 4560 1154 4611 In
1183 4560 1273 4611 καὶ
1298 4559 1471 4629 τὴνὲκ
1502 4559 1598 4629 τῆς
1624 4559 1831 4622 ἐνδείας

257 4662 505 4727 ἀνάγκην
554 4657 616 4707 οὐ
676 4654 919 4725 φέρωνὸ
972 4652 1280 4722 ἄνθρωπος,
1332 4653 1428 4702 επὶ
1460 4653 1553 4703 τὸν
1598 4651 1829 4702 θάνατον

257 4753 401 4820 ιγνω
457 4751 816 4818 καταφυγεῖν.
877 4747 987 4801 Καὶ
1016 4737 1205 4798 τοῦτον
1232 4744 1413 4811 ἑαυτῷ
1454 4744 1623 4811 ταχὺν
1655 4742 1828 4795 ελθεῖν

257 4846 540 4915 ἀπειρᾶτο,
591 4842 645 4897 εῐ
671 4857 789 4903 πως
821 4840 925 4893 κᾶν
954 4838 1053 4907 τὴν
1095 4839 1285 4891 πενίαν
1321 4836 1573 4889 ἐντεῦθεν
1604 4836 1694 4886 καὶ
1729 4835 1827 4903 τὴν

256 4937 370 4988 τῶν
402 4934 579 5004 χρεῶν
604 4932 816 5001 πληθὺν
856 4930 1179 4984 διαλύσειεν.
1228 4928 1377 4981 Ἐπεὶ
1408 4926 1463 4978 δὲ
1492 4920 1643 4987 οὗτος
1671 4925 1828 4975 αὑτό-

259 5044 431 5097 ματος
480 5026 543 5077 ού
612 5023 821 5093 παρῆν,
876 5022 1134 5091 ἐπίτομόν
1166 5038 1285 5072 τινα
1336 5018 1454 5071 ὁδὸν
1485 5019 1575 5070 ἐπὶ
1641 5018 1827 5069 τοῦτον

256 5119 468 5187 ἐξεῦρε,
504 5119 597 5169 καῖ
644 5117 707 5168 δν
739 5115 973 5184 μάλιστα
997 5114 1113 5182 ᾔδει
1140 5112 1443 5165 δεινότατον
1469 5112 1569 5173 τὰς
1604 5125 1825 5178 φαρμα-

256 5211 411 5274 κείας
437 5209 738 5281 τηνικαῦτα
760 5210 854 5260 καὶ
884 5208 1077 5273 γόητα,
1109 5207 1206 5274 τὴν
1235 5202 1820 5274 θρησκείανἘσραῖον,

258 5303 411 5373 παρὰ
451 5301 641 5354 τοῦτον
694 5300 888 5363 ιλθὼν,
923 5296 1295 5351 ἀνακαλύπτει
1341 5312 1398 5346 τε
1433 5294 1679 5362 αὑτῷτά
1724 5294 1818 5359 τῆς

255 5396 504 5465 γνώμης,
539 5395 634 5448 καὶ
662 5393 860 5458 δεῖται,
912 5394 988 5455 ὡς
1020 5391 1262 5453 δυνατὸν,
1289 5388 1644 5440 συλλαϐέσθαι
1676 5388 1820 5453 at;th

254 5492 352 5557 τῆς
377 5484 697 5552 ἐπιϐουλῆς,
731 5487 823 5537 καὶ
858 5484 1110 5536 κοινωνὸν
1138 5480 1391 5547 γενέσθαι
1422 5477 1515 5529 τοῦ
1551 5480 1817 5545 σφετέρου

253 5580 509 5633 θανάτου.
529 5580 637 5631 Καὶ
656 5578 713 5637 δς
729 5578 1003 5645 ὑπηρέτης
1018 5573 1176 5633 εὐθὺς
1191 5573 1501 5641 εὑρίσκεται
1519 5570 1815 5638 πρόθυμος,

254 5672 350 5725 καὶ
378 5674 666 5739 φάρμακον
702 5670 849 5736 αὐτῴ
884 5668 1088 5726 δίδωσι,
1120 5668 1211 5717 καὶ
1240 5665 1335 5732 τὴν
1364 5662 1455 5715 τοῦ
1497 5661 1611 5730 βίου
1647 5678 1815 5713 κατα-

249 5765 491 5832 στροφὴ)
527 5762 847 5829 ὑποτίθησιν
900 5761 958 5810 ὐ
988 5760 1063 5813 δὲ.
1090 5756 1289 5819 λαϐὼν,
1327 5757 1505 5816 ⁵⁸)-ιοὶ
1550 5756 1812 5823 havri!“

255 5856 391 5920 πρὸς
429 5855 524 5923 si};
551 5855 752 5906 οζκίαι.
784 5851 1006 5910 “allati;
1052 5851 1105 5901 ἑὲ
1150 5848 1393 5899 παλαίων
1435 5846 1683 5905 ἐννοίαις,
1720 5847 1807 5895 καὶ

2022 3460 2106 3515 Vl.
2133 3463 2200 3516 Et
2232 3463 2333 3515 hoc
2363 3466 2585 3531 quidem
2614 3467 2717 3519 tale
2744 3480 2845 3526 est,
2876 3479 2930 3523 et
2957 3468 3094 3523 adeo
3120 3471 3344 3539 dignun
3369 3475 3516 3543 quod

1939 3569 2049 3605 non
2094 3553 2422 3607 occultetur.
2464 3555 2633 3609 Porro
2672 3558 2803 3612 illud
2845 3560 3003 3628 longe
3046 3563 3222 3631 majus
3257 3575 3361 3622 est.
3399 3565 3519 3618 lon—

1937 3658 2112 3711 geque
2159 3648 2328 3712 magis
2372 3647 2782 3713 admirandum,
2840 3660 2895 3703 et
2939 3668 3003 3705 ex
3046 3654 3234 3706 eadem
3286 3656 3513 3723 benigna

1938 3736 2026 3788 illa
2051 3736 2231 3789 anima
2260 3740 2694 3804 compzissioneui
2726 3741 2887 3793 simul
2918 3756 2972 3795 ct
3003 3747 3300 3811 potentiam
3330 3759 3516 3803 osten-

1936 3829 2091 3880 dens.
2146 3829 2353 3881 Dicitur
2402 3830 2547 3881 enim
2598 3832 2822 3897 quidam
2884 3833 3059 3888 ﬁdelis
3109 3851 3177 3889 eo
3232 3845 3511 3905 tempore,

1935 3920 2027 3986 qui
2083 3918 2234 3985 prius
2287 3921 2412 3971 vitae
2464 3923 2770 3973 necessaria
2816 3920 3154 3976 suﬂicienter
3210 3926 3512 3990 habuerat,

1936 4026 2036 4065 nec
2066 4009 2246 4077 aliqua
2276 4023 2498 4076 pressus
2527 4010 2706 4063 fuerat
2750 4013 3072 4081 indigentia,
3108 4015 3175 4067 ad
3206 4028 3509 4071 extremam

1930 4101 2172 4170 inopiam
2222 4101 2573 4170 postmodum
2628 4104 2923 4165 recidisse,
2979 4114 3037 4157 ut
3086 4117 3143 4160 et
3194 4109 3508 4165 debitorum

1932 4194 2285 4248 multitudine
2332 4196 2868 4258 circumvallaretur,
2900 4208 2956 4251 et
2997 4200 3302 4255 innumeris
3337 4204 3508 4258 {aette-

1933 4286 2209 4338 ratoribus
2258 4294 2548 4354 suspectus
2593 4297 2761 4349 esset,
2813 4303 2876 4340 ac
2909 4291 3059 4344 velut
3105 4292 3219 4346 fera
3256 4295 3504 4361 quaedam

1930 4390 1959 4429 a
1992 4385 2160 4445 lngO‘
2191 4378 2459 4443 sagaciter
2496 4378 2921 4446 investigaretur
2964 4380 3031 4434 ab
3080 4382 3184 4435 illis
3224 4394 3281 4439 et
3323 4385 3507 4453 inqui-

1934 4482 2165 4533 reretur,
2196 4486 2259 4523 ac
2294 4472 2347 4523 in
2381 4472 2622 4539 ipsarum
2674 4489 2856 4526 rerum
2894 4477 3329 4529 necessariarum
3380 4480 3505 4530 iuo-

1930 4566 2017 4635 pia
2077 4576 2384 4633 vagaretur.
2456 4566 2523 4618 At
2589 4565 2738 4617 enim
2788 4580 2911 4618 cum
2960 4571 3168 4633 pudore
3218 4584 3381 4637 quem
3431 4572 3505 4626 ob

1930 4660 2320 4711 lmneratorum
2385 4658 2699 4714 exactiones
2759 4660 2955 4712 misere
3030 4663 3356 4722 suStinebat,
3394 4667 3500 4729 jam

1929 4748 2094 4800 etiam
2126 4749 2509 4802 necessitatem
2534 4764 2597 4801 ex
2628 4750 2927 4817 indigentia
2961 4766 3068 4802 non
3102 4750 3281 4805 ferens
3315 4754 3500 4816 homo,

1930 4838 1996 4891 ad
2040 4848 2269 4891 mortem
2323 4839 2566 4892 decrevit
2614 4840 2929 4907 confugere,
2984 4842 3146 4909 idque
3200 4846 3502 4898 conabatur

1926 4942 1987 4985 ut
2018 4933 2131 4985 lizec
2174 4936 2501 4999 quantocius
2530 4933 2593 4983 ad
2649 4947 2708 4985 se
2760 4934 2994 4991 veniret.
3032 4935 3074 4987 si
3109 4936 3250 4988 forte
3289 4937 3416 4989 binc
3450 4948 3504 4990 tt

1922 5032 2220 5092 egestatem
2261 5032 2314 5076 et
2357 5022 2671 5075 debitorum
2706 5024 3119 5079 multitudinem
3150 5027 3497 5081 dissolveret.

1929 5106 2123 5169 Verum
2179 5115 2437 5183 quoniam
2494 5116 2607 5168 bare
2661 5117 2805 5168 ultro
2855 5133 2962 5168 non
3016 5117 3293 5178 veniebat,
3347 5134 3501 5170 eom-

1926 5206 2242 5274 pendiosam
2280 5208 2420 5258 viam
2467 5206 2532 5257 ad
2575 5206 2714 5258 banc
2765 5206 2974 5260 invenit
3012 5226 3023 5259 :
3057 5219 3110 5260 et
3152 5223 3315 5276 quem
3369 5218 3498 5261 tunc

1931 5296 2322 5362 peritissimum
2358 5308 2474 5348 esse
2520 5296 2729 5347 sciebat
2773 5296 3130 5350 conﬁciendis
3176 5297 3400 5349 venenis
3437 5312 3498 5351 ac

1930 5388 2403 5456 praestigiatorum
2452 5388 2600 5439 cultu
2654 5388 2964 5448 llebrieuni,
3017 5387 3162 5440 hunc
3244 5389 3495 5447 accessit,

1927 5479 2088 5546 eique
2121 5480 2324 5531 revelat
2351 5480 2482 5546 quid
2519 5481 2569 5530 in
2605 5481 2787 5531 animo
2819 5480 3065 5540 haberet,
3099 5495 3161 5532 ac
3191 5490 3315 5533 orat
3343 5494 3495 5543 eum,

1930 5578 1987 5621 ut
2027 5569 2118 5637 qui
2171 5579 2352 5637 posset
2381 5571 2482 5622 sibi
2532 5573 2732 5625 aux'lio
2764 5588 2883 5625 esse
2919 5574 2971 5622 iu
3021 5587 3088 5622 eo
3125 5572 3269 5639 quod
3313 5582 3495 5625 mente

1921 5668 2269 5729 conceperat,
2319 5672 2373 5713 et
2411 5677 2523 5716 sua:
2568 5664 2761 5717 mortis
2813 5662 2926 5715 fieri
2975 5666 3267 5731 particeps.
3316 5665 3492 5732 Atque

1923 5754 2010 5806 hic
2065 5754 2349 5806 confestim
2413 5764 2699 5821 promptus
2761 5757 3040 5809 invenitur
3100 5756 3367 5815 minister,
3426 5771 3488 5808 :ic

1922 5861 2189 5898 venenum
2243 5846 2314 5896 tlli
2367 5848 2563 5900 tradit.
2616 5852 2844 5914 viti-que
2896 5852 3305 5900 subversmtu-ui
3357 5866 3452 5899 -ιιι
