4252 6440
743 374 851 437 699

1966 368 2252 429 MENSIS
2296 366 2725 427 DECEMBER.

3909 359 4026 420 700

740 496 897 546 sulit.
951 493 1120 545 Porro
1177 491 1342 543 miser
1404 489 1495 543 ille
1551 498 1777 555 accepto
1835 503 2046 540 veneno
2099 483 2405 541 domumA

2355 483 2405 541 Α
2431 479 2679 549 φροντίσι
2705 478 2918 541 διπλαῖς
2948 477 3331 548 μεριζόμενος,
3361 476 3453 530 καὶ
3484 476 3580 529 νῦν
3614 477 3710 544 μὲν
3737 478 3848 533 τοῖς
3883 477 4021 542 τῇδε

743 583 904 638 redit.
963 584 1099 635 (lum
1151 580 1317 632 variis
1364 589 1546 632 autem
1598 579 1814 631 luctans
1868 576 2316 647 cogitationibus,

741 673 998 740 eurisque
1030 670 1349 738 duplicibus
1387 669 1582 722 anxius
1616 686 1628 720 :
1662 679 1719 722 et
1747 681 1894 721 nunc
1926 665 2149 734 quidem
2185 679 2323 734 pra)—

743 766 993 820 sentibus
1039 762 1497 817 delectationibus
1554 760 1830 830 liujusque
1876 759 2004 812 vitae
2052 757 2322 826 concupi-

745 862 952 914 scentia
997 859 1245 919 allectus,
1289 871 1434 909 nunc
1468 869 1598 908 vero
1643 853 2034 907 faeneratorum
2079 850 2327 904 multitu-

745 955 954 1011 dinem.
979 953 1224 1020 aliasque
1246 968 1310 1006 ex
1336 950 1635 1021 indigentia
1664 949 2023 1018 procedentes
2044 947 2326 1001 molestias

748 1045 1129 1107 considerans,
1173 1042 1390 1097 medius
1429 1040 1608 1094 stabat
1649 1039 1795 1092 inter
1842 1048 2144 1093 extremam
2191 1052 2324 1089 con-

747 1139 855 1194 silii
913 1137 1177 1208 inepiam.
1235 1133 1519 1203 Siquidem
1587 1147 1714 1186 cum
1782 1130 1850 1183 ad
1913 1129 2128 1183 dulcem
2185 1127 2329 1181 hanc

747 1232 926 1285 lucem
980 1228 1333 1298 respiciebat,
1381 1239 1655 1279 venenum
1733 1219 2063 1291 respuebat;
2107 1216 2329 1289 quando

747 1336 883 1376 vero
929 1321 997 1374 ad
1045 1321 1495 1374 circumstantem
1543 1315 1785 1383 undique
1831 1320 2152 1383 egestatem,
2203 1309 2328 1364 ani-

752 1429 951 1484 moque
1003 1411 1336 1466 insidentem
1404 1409 1774 1472 anxietatem,
1825 1421 2019 1460 ausum
2076 1404 2332 1459 sumebat

748 1505 1013 1560 adversus
1052 1512 1306 1558 mortem.
1337 1502 1530 1556 Victus
1567 1511 1752 1555 tamen
1786 1507 1873 1553 est
1904 1513 1935 1552 a
1967 1498 2328 1562 necessitate;

749 1607 806 1651 et
854 1606 912 1649 ut
956 1596 1084 1649 hinc
1134 1594 1465 1647 liberaretur
1500 1608 1529 1646 a
1562 1589 1849 1653 molestiis,
1895 1589 2062 1659 elegit
2103 1590 2170 1642 ab
2215 1589 2331 1655 ipsa

749 1687 859 1740 vita
911 1685 1154 1739 liberari.
1215 1684 1460 1752 Denique
1510 1681 1691 1735 infuso
1726 1693 1958 1743 veneno,
2003 1689 2334 1746 sumptoque

751 1777 1014 1833 extremis
1067 1775 1252 1845 digitis
1309 1783 1556 1838 cratere,
1619 1771 2060 1842 quandoquidem
2117 1769 2334 1822 animus

751 1870 817 1923 ad
876 1870 927 1922 id
989 1883 1096 1921 non
1149 1863 1486 1929 accedebat,
1535 1861 1631 1916 sed
1686 1861 1876 1915 timide
1929 1861 2220 1914 admodum
2269 1874 2328 1914 se

750 1958 1009 2022 habebat,
1070 1957 1330 2022 intusque
1384 1953 1488 2006 sibi
1535 1965 1630 2006 cor
1663 1950 1922 2004 continue
1974 1949 2325 2019 palpitabat:

758 2049 976 2102 tandem
1021 2046 1202 2101 crucis
1239 2043 1522 2113 signaculo
1570 2040 1900 2096 Christianis
1942 2050 2206 2094 consueto
2238 2054 2327 2092 ve-

753 2156 956 2195 nenum
1020 2136 1344 2206 consignat,
1398 2135 1693 2201 statimque
1750 2131 1842 2184 ubi
1904 2131 2106 2184 clausis
2157 2131 2332 2185 oculis

752 2230 999 2290 bibisset,
1053 2229 1126 2297 (o
1184 2239 1433 2293 magnam
1495 2237 1560 2276 ac
1614 2221 2019 2285 admirandam,
2071 2219 2328 2284 Christe,

755 2333 899 2376 tuam
953 2316 1331 2389 potentiam!)
1382 2315 1584 2368 illmsus
1635 2313 1976 2383 permansit,
2028 2325 2190 2365 cruce
2236 2327 2329 2364 ve-

754 2427 899 2465 neno
948 2425 1102 2463 suam
1148 2407 1370 2460 tollente
1418 2405 1548 2457 vim.
1590 2402 1728 2457 Cum
1770 2411 1954 2455 autem
2001 2401 2165 2455 simili
2213 2416 2331 2453 rur-

755 2519 877 2558 sum
928 2503 1254 2556 nccessitate
1291 2498 1717 2563 opprimeretur,
1764 2503 1820 2548 et
1865 2493 1934 2546 ab
1981 2493 2113 2561 ipsis
2154 2493 2326 2545 credi-

757 2597 968 2650 toribus
1022 2593 1392 2651 obsideretur,
1453 2588 1803 2655 animamque
1865 2585 2090 2639 haberet
2160 2584 2330 2652 priori

763 2702 1088 2757 Oppressatn
1137 2682 1558 2749 in0pia,etquee
1601 2681 1746 2732 omni
1789 2677 1950 2730 modo
1993 2687 2266 2744 quaereret
2304 2691 2334 2728 e

759 2777 1120 2847 presentibus
1147 2775 1565 2833 liberationem,
1595 2769 2027 2823 labelactabatur
2057 2779 2236 2822 tamen
2266 2767 2333 2820 ad

758 2869 1090 2924 sumendum
1138 2868 1372 2920 alterum
1414 2878 1708 2926 venenum,
1751 2871 1808 2917 et
1849 2862 1917 2914 ad
1965 2873 2195 2913 mortem
2241 2876 2333 2913 ac-

759 2961 955 3015 cedere
989 2959 1296 3012 recusabat.
1333 2957 1531 3008 Verutn
1579 2968 1701 3006 cum
1745 2968 1776 3006 e
1823 2953 2186 3020 praesentibus
2227 2967 2332 3002 non

759 3051 1084 3104 liberaretur
1146 3049 1604 3108 dillicultatibus,
1669 3044 1888 3114 gravius
1950 3057 2073 3096 esse
2133 3043 2334 3094 malum

762 3142 1013 3208 iudiians
1044 3140 1236 3192 iterata
1264 3140 1427 3190 etiam
1458 3146 1652 3194 morte,
1679 3133 1888 3186 accedit
1914 3132 1979 3185 ad
2005 3131 2332 3186 veneficum.

761 3247 1096 3299 rursumque
1147 3235 1215 3282 ab
1266 3231 1359 3282 illo
1417 3229 1594 3297 poscit
1641 3225 1789 3279 aliud
1846 3224 2236 3293 pharmacum,
2279 3232 2337 3278 ut

764 3327 968 3376 malum
1001 3323 1141 3374 malo
1171 3323 1506 3382 mederetur,
1535 3333 1653 3370 cum
1684 3318 1732 3370 id
1759 3315 1902 3384 quod
1935 3316 2086 3384 prius
2114 3329 2337 3383 accepe-

764 3431 866 3477 rat,
907 3414 1041 3465 nihil
1075 3412 1141 3464 ad
1185 3412 1237 3464 id
1278 3411 1424 3480 quod
1464 3423 1683 3462 necesse
1724 3417 1842 3460 erat
1878 3407 2093 3460 tulisset
2123 3407 2335 3466 auxilii,

764 3515 951 3572 utpote
981 3520 1078 3556 sua
1109 3513 1300 3556 natura
1354 3500 1486 3554 illud
1525 3499 1815 3552 vincente:
1846 3513 1969 3550 nam
1997 3497 2052 3549 id
2100 3497 2340 3566 impedi-

763 3610 949 3651 mento
983 3597 1152 3649 fuisse
1181 3596 1376 3647 veneni
1408 3593 1666 3646 eiﬁcaciaa
1695 3591 1925 3645 demens
1962 3590 2199 3655 dicebat,
2230 3607 2337 3644 non

765 3689 1078 3757 intelligens
1118 3701 1338 3741 crucem
1373 3687 1542 3739 fuisse
1569 3699 1692 3752 quas
1727 3684 1818 3735 hic
1853 3697 2084 3736 mortem
2130 3684 2290 3736 abstu
2317 3713 2333 3721 -

767 3780 938 3840 lisset,
991 3794 1112 3845 quae
1152 3777 1319 3830 etiam
1368 3787 1532 3829 antea
1578 3785 1888 3842 serpentem
1921 3774 2080 3843 longe
2113 3772 2219 3827 hoc
2249 3789 2341 3826 vc-

767 3885 911 3920 neuo
955 3867 1326 3934 potentiorem
1372 3867 1689 3920 sustulerat.
1737 3864 1924 3934 Itaque
1973 3865 2342 3936 prwstigiator

767 3960 858 4012 ille
919 3973 984 4012 ac
1042 3960 1345 4022 veneticus,
1409 3970 1464 4012 et
1521 3960 1635 4026 ipse
1671 3958 1949 4027 pbarmaci
2003 3960 2340 4012 debilitatem

767 4051 1054 4112 damnans,
1104 4050 1254 4102 aliud
1296 4050 1398 4118 ipsi
1447 4050 1682 4119 porrigit
1724 4052 1871 4118 quod
1928 4051 2112 4118 priore
2168 4053 2341 4104 multo

767 4140 1043 4193 etlicacius
1082 4148 1220 4192 erat.
1250 4139 1501 4206 Cumque
1554 4152 1770 4192 rursum
1806 4138 2033 4191 domum
2083 4138 2344 4203 venisset,

768 4246 831 4284 ac
865 4232 996 4284 illud
1035 4232 1313 4284 bibiturus
1342 4241 1510 4297 esset,
1543 4245 1668 4284 cum
1701 4231 1872 4300 priori
1907 4229 2103 4283 timore
2131 4239 2184 4283 et
2217 4246 2343 4298 ago-

771 4341 881 4384 nia,
912 4323 1336 4392 duplicibusque
1372 4324 1482 4376 illis
1509 4323 1888 4378 anxietatibus
1918 4323 2258 4388 luctabatur,
2290 4333 2345 4376 et

770 4415 972 4468 sudore
1004 4416 1250 4482 undique
1278 4414 1701 4469 circumﬂuebat
1731 4430 1795 4468 ac
1826 4414 2111 4469 tremebat.
2140 4414 2344 4468 Deinde

2425 575 2675 641 τερπνοῖς
2707 610 2721 633 ,
2773 574 2868 624 καὶ
2914 573 2980 641 τῇ
3039 572 3138 638 τῆς
3197 569 3480 639 παρούσης
3535 569 3682 637 ζωῆς
3742 566 3940 634 tmen;
3965 566 4026 633 ία

2427 663 2775 730 θελγόμενος,
2840 663 2938 716 νῦν
3002 663 3060 714 δὲ
3113 661 3174 714 τὸ
3213 660 3322 714 τῶν
3375 660 3605 714 δανείων
3651 660 3855 729 πλῆθος
3921 660 4028 710 καὶ

2425 757 2593 811 τᾶλλα
2610 755 2678 810 τὰ
2701 755 2764 808 ὲκ
2809 755 2907 824 τῆς
2939 755 3146 816 ἐνδείας
3173 754 3409 824 δυσχερῆ
3438 753 3838 822 σκοπούμειος,
3869 754 4028 818 ἀμη-

2427 847 2627 918 χανίας
2662 849 2828 919 μέσος
2857 850 3095 918 ἐσχάτης
3125 847 3331 900 ἵστατο.
3367 847 3499 901 Ὅτε
3525 848 3623 915 μὲν
3645 848 3755 914 γὰρ
3786 845 3928 916 πρὸς
3953 846 4023 896 τὸ

2427 942 2602 1010 γλυκὺ
2633 941 2793 994 τοῦτο
2824 941 2939 1011 φῶς
2977 941 3222 1004 ἀπεῖδεν,
3255 943 3604 1006 ἀπεγίνωσκε
3638 939 3734 991 τοῦ
3779 939 4019 1008 φαρμά-

2427 1051 2530 1088 κου
2553 1049 2568 1064 ⁸
2603 1035 2692 1088 ὅτε
2723 1035 2780 1088 δὲ
2834 1034 2972 1105 πρὸς
3003 1033 3101 1104 τὴν
3127 1034 3508 1105 περιεστῶσαν
3552 1033 3822 1087 πάντοθεν
3872 1035 4023 1086 ἀπο-

2433 1127 2579 1196 ρίαν,
2641 1127 2745 1180 καὶ
2795 1126 2896 1197 τὴν
2942 1127 3330 1196 ὲγκαθημὲνην
3384 1130 3452 1197 τῇ
3501 1127 3646 1196 ψυχῇ
3713 1126 4022 1194 μέριμναν,

2432 1220 2743 1290 κατετόλμα
2770 1221 2871 1291 τῆς
2904 1220 3187 1288 τελευτῆς.
3227 1218 3419 1287 Ὅμως
3449 1217 3658 1285 ἡττήθη
3707 1218 3810 1283 τῆς
3837 1216 4020 1281 ἀνάγ-

2432 1329 2558 1381 κης,
2590 1312 2686 1366 καὶ
2728 1312 2876 1373 ὅπως
2901 1310 3012 1363 τῶν
3041 1309 3299 1363 ἐντεῦθεν
3350 1309 3697 1378 ἀπαλλαγείη
3745 1306 4023 1374 ἀνιαρῶν,

2434 1409 2532 1461 καὶ
2567 1405 2746 1475 αὐτῆς
2799 1404 3184 1474 ἀπαλλαγῆναι
3227 1404 3330 1474 τῆς
3377 1404 3524 1472 ζωῆς
3552 1403 3752 1458 είλετο.
3791 1403 4026 1471 Ἀμέλει

2434 1500 2531 1552 καὶ
2581 1497 2645 1550 τὸ
2672 1498 2963 1566 φάρμακον
3015 1497 3239 1566 ἐγχέας,
3299 1495 3396 1548 καὶ
3425 1493 3619 1565 ἄκροις
3669 1494 3772 1562 τὴν
3813 1493 4025 1545 κύλικι

2433 1591 2720 1654 δακτύλοις
2779 1589 2984 1654 λαδὼν,
3049 1592 3281 1658 ἐπείπερ
3309 1590 3344 1660 ἡ
3378 1590 3528 1660 ψυχὴ
3556 1589 3707 1659 αὐτῷ
3752 1590 3814 1644 οὐ
3840 1605 4025 1657 προσ-

2439 1685 2549 1737 ίετο
2579 1726 2595 1750 ,
2654 1683 2793 1738 ἀλλά
2829 1683 2925 1736 καὶ
2960 1683 3166 1753 σφόδρα
3198 1681 3308 1753 εἶχε
3340 1683 3631 1753 περιδεῶς,
3669 1684 3766 1736 καὶ
3794 1682 4026 1749 συνεχὲς

2436 1777 2584 1831 ἔνδον
2613 1778 2648 1847 ἡ
2703 1777 2909 1845 καρδία
2959 1777 3262 1840 ὲπάτασσε,
3295 1777 3451 1840 τέλος
3501 1777 3599 1846 τὴν
3642 1775 3852 1845 συνήθη
3885 1775 4027 1843 Χρι-

2437 1871 2676 1930 στιανοῖς
2707 1869 2803 1922 τοῦ
2831 1868 3069 1939 σταυροῦ
3103 1869 3378 1937 σφραγῖδα
3409 1867 3486 1938 τῷ
3518 1869 3802 1936 φαρμάκῳ
3825 1868 4022 1919 διατυ-

2436 1961 2647 2026 πώσας,
2674 1962 2770 2015 καὶ
2808 1960 3138 2030 καταμύσας
3173 1960 3361 2026 εὐθὺς,
3390 1960 3489 2013 καὶ
3507 1961 3673 2024 πιὼν,
3703 1957 3768 2029 (ῶ
3794 1960 3894 2025 τῆς
3929 1977 4027 2027 με-

2438 2056 2611 2126 γάλης
2633 2058 2732 2109 καὶ
2757 2056 3080 2124 θαυμαστῆς
3107 2071 3224 2119 σου,
3244 2056 3288 2107 Χ
3298 2055 3471 2124 ριστὲ,
3499 2055 3783 2122 δυνάωςμε
3804 2057 3844 2120 ί)
3880 2055 4026 2105 ἀπα-

2437 2151 2538 2219 θὴς
2572 2150 2755 2219 ἔμενε,
2788 2148 2881 2201 τοῦ
2921 2147 3159 2216 σταυροῦ
3188 2147 3288 2216 τὴν
3322 2147 3420 2200 τοῦ
3451 2149 3754 2217 φαρμάκου
3787 2148 3852 2199 δύ
3867 2166 4026 2214 δαμιν

2437 2243 2743 2306 ἀνελόντος.
2789 2242 2879 2304 Ὠς
2912 2241 2970 2293 δὲ
3000 2244 3068 2311 τῇ
3091 2241 3254 2312 ὁμοίᾳ
3286 2243 3382 2294 καὶ
3413 2241 3570 2304 αὖθις
3599 2243 3814 2310 ἀνάγκη
3842 2242 4027 2294 συνεί-

2437 2353 2583 2407 χετο,
2603 2337 2823 2396 καὶτοῖς
2840 2334 3022 2394 αὐτοῖς
3052 2334 3359 2395 δανεισταῖς
3379 2335 3595 2405 Emit-9
3635 2337 3771 2396 εῖτο,
3798 2335 3897 2386 καὶ
3924 2336 4025 2401 τὴν

2437 2430 2614 2498 ψυχὴν
2634 2427 2784 2480 οὐδὲν
2796 2411 2964 2497 ἧττον
2987 2422 3100 2495 εἶχε
3115 2428 3182 2496 τῇ
3205 2427 3448 2498 προτέρᾳ
3465 2428 3800 2496 πιεζομένην
3819 2425 4024 2497 ἐνδείᾳ,

2441 2521 2531 2574 καὶ
2559 2520 2887 2588 ἀπαλλαγὴν
2931 2520 3030 2589 μὲν
3055 2522 3119 2572 ὲκ
3143 2520 3344 2583 παντὸς
3367 2522 3570 2590 τρόπου
3589 2521 3697 2573 τῶν
3735 2525 3914 2589 παρόν
3926 2539 4025 2573 των

2440 2610 2832 2679 ἐπιζητοῦσαν,
2868 2610 3211 2671 ὀκλάζουσαν
3246 2611 3304 2662 δὲ
3342 2612 3476 2680 πρὸς
3507 2611 3765 2678 δεύτερον
3793 2617 4022 2678 cpiam.-

2440 2722 2536 2757 κον
2559 2705 2655 2756 καὶ
2688 2703 2826 2773 πρὸς
2864 2704 2958 2755 τὸν
2991 2704 3220 2758 θάνατον
3250 2704 3644 2775 ἀναδυομένην,
3680 2704 3822 2758 ἀλλὰ
3851 2705 3913 2757 τὸ
3948 2705 4021 2774 μὴ

2439 2797 2550 2849 τῶν
2598 2799 2655 2848 ὲν
2705 2801 2862 2865 χερσὶ
2910 2796 3190 2867 δυσχερῶν
3251 2795 3683 2867 ὲλευθερωθῆναι
3717 2797 4026 2866 βαρύτερον

2441 2882 2580 2940 εἶναι
2615 2887 2785 2938 κακὸν
2812 2889 2905 2938 καὶ
2941 2888 3111 2940 αὑτοῦ
3141 2888 3302 2940 πάλιν
3336 2889 3566 2942 θανάτου
3604 2891 3818 2958 κρίνας,
3845 2893 4023 2958 πρίσ-

2442 2996 2546 3032 εισι
2615 2978 2696 3049 τῷ
2748 2979 2926 3049 γόητι.
2965 2979 3076 3032 Καὶ
3108 2975 3269 3044 αὖθις
3324 2983 3516 3052 ἐκεί-,ῳ
3547 2983 3643 3035 καὶ
3687 2981 3820 3036 ἄλλο
3856 2983 4024 3034 πάλιν

2442 3070 2582 3120 αἰτεῖ
2614 3070 2930 3137 φάρμακον,
2969 3069 3125 3137 κακῷ
3158 3070 3219 3122 τὸ
3265 3071 3437 3125 κικὸν
3475 3071 3732 3140 ίὼμενος,
3774 3065 3866 3124 οἷα
3923 3073 4022 3124 τοῦ

2362 3178 2406 3239 C
2443 3158 2810 3228 προλαϐόντος
2841 3160 2992 3212 οὐδὲν
3038 3162 3174 3230 πρὸς
3205 3161 3303 3230 τὴν
3337 3163 3528 3231 χρείαν
3559 3164 3882 3231 ὀνήσαντος.
3925 3165 4022 3217 an

2437 3248 2540 3318 τῆς
2593 3247 2813 3316 φύσεως
2885 3248 3056 3302 αὐτοῦ
3127 3251 3583 3321 περιγενομένης.
3642 3251 3863 3321 Ταύτην
3912 3253 4022 3320 γὰρ

2441 3339 2695 3408 ἐμποδὼν
2755 3339 3012 3406 γενέσθαι
3073 3343 3136 3408 τῇ
3195 3341 3289 3392 τοῦ
3328 3342 3628 3411 φαρμάκου
3683 3343 3943 3413 ἐνεργείᾳ
3993 3349 4020 3395 ο

2447 3433 2675 3498 μάταιος
2706 3429 2881 3496 ἔλεγε,
2922 3429 2994 3497 μὴ
3029 3429 3252 3492 συνιεὶς,
3282 3433 3366 3483 ὄτι
3390 3431 3622 3500 σταυρὸς
3647 3427 3714 3498 ἦν
3738 3433 4021 3485 κάνταῦθα

2443 3524 2534 3572 τὸν
2566 3521 2798 3574 θάνατον
2822 3520 3089 3590 ἀναιρῶν,
3124 3523 3151 3572 ό
3177 3523 3273 3573 καὶ
3299 3524 3390 3573 τὸν
3427 3523 3606 3591 πολλῴ
3636 3524 3830 3575 τούτου
3862 3525 4020 3578 δυνα-

2442 3614 2674 3678 τώτερον
2726 3614 2852 3682 δφιν
2907 3613 3156 3667 καθελὼν
3208 3615 3496 3685 πρότερον.
3539 3616 3597 3668 ’0
3649 3617 3782 3682 γόης
3835 3620 4020 3670 τ’)ίνυν

2444 3704 2652 3763 ἐκεῖνος
2675 3702 2767 3754 καὶ
2794 3704 3088 3772 φαρμακδς
3119 3703 3430 3774 ἄνθρωπος,
3461 3705 3556 3758 τοῦ
3583 3709 3882 3776 φαρμάκου
3927 3715 4021 3761 καὶ

2445 3791 2605 3850 αὐτὸς
2641 3791 2927 3845 ἀσθένειαν
2955 3796 3282 3858 καταγνοὺς,
3316 3796 3572 3864 δεύτερον
3605 3797 3796 3864 ὀρέγει
3817 3799 4019 3867 τούτῳ,

2444 3883 2544 3936 τοῦ
2581 3883 2850 3954 προτέρου
2887 3884 3070 3956 πολλῷ
3106 3886 3560 3957 δραστικώτερον.
3605 3889 3694 3951 Ὦς
3721 3891 3777 3942 δὲ
3803 3895 3900 3942 καὶ
3924 3895 4021 3946 πά·

2444 3977 2524 4026 λιν
2555 3976 2694 4028 οἶκοι
2755 3978 3072 4045 γενόμενος,
3108 3982 3202 4032 καὶ
3261 3979 3439 4032 πίνειν
3469 3979 3601 4032 αὐςὸ
3643 3982 3890 4046 μέλλων,
3938 3984 4018 4052 τῷ

2444 4065 2691 4132 προτέρῳ
2721 4063 2827 4114 δέει
2856 4065 2950 4115 καὶ
2980 4068 3044 4134 τῇ
3081 4066 3290 4134 ἀγωνίᾳ
3339 4070 3429 4119 καὶ
3459 4072 3578 4128 ταῖς
3609 4069 3831 4131 διπλαῖς
3862 4073 4009 4122 ἐκεί-

2444 4172 2560 4216 ναις
2593 4155 2874 4220 φροντίσιν
2906 4157 3159 4220 ὲπάλαιε,
3192 4160 3286 4209 καὶ
3321 4159 3507 4228 ἱδρῶτι
3545 4162 3888 4230 πανταχόθεν
3930 4181 4020 4213 τῖε⁹

2448 4249 2743 4316 ριεῤῥεῖτο,
2773 4249 2866 4298 καὶ
2889 4247 3201 4317 ὑπότρομος
3230 4245 3318 4314 ἦν,
3345 4246 3465 4302 εἶτα
3493 4253 3588 4304 καὶ
3620 4255 3687 4321 τῇ
3721 4253 3818 4304 τοῦ
3853 4270 4017 4306 σταυ-

2447 4337 2543 4406 ροῦ
2577 4339 2837 4405 σφραγῖδι
2893 4339 3136 4406 συνήθως
3186 4342 3600 4411 έπισφραγίσας
3638 4346 3740 4414 τὴν
3795 4345 4021 4406 κύλικα,

2445 4429 2542 4480 καὶ
2570 4428 2734 4493 πιὼν,
2769 4427 2943 4482 κακοῦ
2994 4429 3210 4500 ἀπαθὴς
3265 4427 3333 4500 ἦν
3370 4431 3476 4494 ἔτι,
3523 4432 3892 4502 ἐξεπλήττετο
3927 4439 4022 4505 μὲν

773 4506 862 4557 ubi
892 4520 1109 4558 rursum
1146 4515 1414 4558 consueto
1443 4507 1629 4560 crucis
1653 4507 1936 4575 signaculo
1960 4506 2188 4560 calicem
2211 4521 2341 4560 con-
2374 4519 2417 4572 ο
2449 4535 2452 4569 ;

2374 4519 2417 4572 D
2449 4521 2542 4571 καὶ
2572 4521 2756 4586 αὐτὸς,
2793 4522 3096 4591 συμϐαλεῖν
3149 4523 3246 4590 τὴν
3307 4520 3491 4577 αίτίαν
3529 4525 3651 4577 οὐδε
3708 4526 3854 4595 ἔχων
3878 4546 3892 4560 ·
3932 4530 4020 4582 καὶ

770 4598 1041 4665 signasset
1078 4612 1141 4650 ac
1177 4597 1435 4659 bibisset,
1489 4598 1688 4652 iterum
1752 4598 1956 4653 illzesus
2005 4608 2339 4667 permansu;

773 4687 1000 4754 ipseque
1022 4685 1310 4754 obstupuit
1337 4701 1468 4740 sane
1496 4701 1618 4740 cum
1644 4701 1866 4741 causam
1895 4689 2209 4758 conjectare
2232 4704 2340 4742 non

773 4787 998 4845 posset;
1038 4792 1102 4830 ac
1136 4778 1337 4830 mirum
1377 4777 1429 4830 in
1465 4778 1688 4831 modum
1723 4779 2123 4848 desperationis
2152 4781 2344 4834 stimu—

772 4865 842 4917 lis
886 4865 1236 4932 jactabatur:
1292 4867 1537 4920 nondum
1577 4869 1724 4921 enim
1773 4869 2079 4938 intelligere
2128 4879 2344 4938 poterat

772 4956 918 5025 quod
953 4959 1133 5011 crucis
1157 4957 1398 5011 eﬂicacia
1426 4969 1571 5014 esset
1598 4975 1719 5029 qua
1746 4965 1939 5016 veneni
1963 4963 2107 5017 vires
2136 4965 2344 5017 exstin-

773 5057 989 5116 gueret.
1021 5048 1272 5118 Cumque
1304 5052 1469 5104 homo
1510 5053 1679 5106 animi
1708 5054 1974 5123 angustiae
2007 5071 2074 5109 ac
2117 5056 2342 5108 calami-

778 5150 950 5193 tatum
992 5142 1182 5210 pelago
1231 5143 1548 5208 immersus,
1576 5160 1681 5199 nec
1706 5147 1788 5198 vel
1844 5147 2124 5211 paululum
2156 5149 2221 5201 ad
2256 5163 2344 5201 sa-

776 5232 986 5284 niorem
1019 5244 1255 5286 mentem
1288 5235 1491 5297 redire,
1526 5252 1626 5289 nec
1655 5251 1717 5289 ea
1747 5254 1890 5306 quae.
1920 5247 1978 5290 ut
2006 5242 2185 5301 aiunt,
2217 5253 2344 5294 ante

778 5324 944 5392 pedes
978 5337 1136 5379 erant
1167 5341 1503 5394 cognoscere
1541 5338 1765 5397 posset:
1821 5331 1949 5384 hinc
1992 5332 2187 5384 iterato
2235 5334 2349 5385 abit

778 5417 846 5468 ad
886 5415 1194 5482 Hebraeum,
1247 5427 1303 5472 et
1341 5419 1531 5473 eadem
1565 5437 1686 5489 quae
1734 5426 1885 5491 prius
1929 5426 2170 5492 exponit.
2211 5425 2347 5478 Cum

780 5519 962 5561 autem
1002 5518 1051 5562 et
1096 5511 1184 5563 ille
1242 5521 1630 5568 consternatus
1671 5524 1837 5579 esset,
1885 5516 2158 5585 longoque
2214 5526 2349 5570 teni-

787 5613 915 5662 pore
971 5614 1136 5668 super
1168 5614 1230 5654 ea
1287 5617 1344 5656 re
1395 5605 1626 5657 consilio
1673 5606 2106 5671 destitueretur,
2153 5607 2349 5662 deinde

783 5692 946 5742 etiam
979 5707 1196 5745 causam
1227 5693 1463 5762 aliquam
1517 5695 1931 5764 deprehendere
1965 5711 2190 5768 cuperet
2221 5717 2349 5770 pru-

785 5791 900 5848 ptcr
931 5798 1089 5850 quam
1121 5787 1173 5838 in
1209 5801 1416 5840 veneno
1451 5789 1616 5843 l'alsus
1658 5800 1802 5844 esset
1836 5794 1971 5859 (ipse.
2009 5795 2152 5846 cnim
2182 5811 2340 5849 vene-

2444 4611 2631 4673 δεινῶς
2663 4614 2772 4673 τοῖς
2802 4612 2901 4680 τῆς
2935 4612 3248 4680 ἀμηχανίας
3271 4612 3520 4681 κέντροις
3558 4613 3838 4668 έδάλλετο.
3862 4617 4022 4670 Οὔὸἑ-

2446 4718 2534 4754 πω
2565 4703 2671 4770 γὰρ
2727 4704 2961 4756 συνιδεῖν
2990 4699 3136 4774 εἶχεν
3170 4704 3246 4766 ὡς
3292 4705 3326 4774 ὴ
3357 4705 3454 4756 τοῦ
3493 4705 3733 4773 σταυροῦ
3770 4710 4020 4778 ἐνέργεια

2445 4789 2512 4863 ἦν
2534 4795 2567 4863 ἡ
2592 4795 2976 4848 ἀποσϐεννύσα
3009 4795 3104 4847 τοῦ
3131 4797 3429 4865 φαρμάκου
3450 4797 3552 4867 τὴν
3595 4797 3828 4866 δύναμιν
3855 4841 3873 4865 ,
3933 4802 4020 4855 ἂν·

2448 4884 2662 4952 θρωπος
2692 4884 2768 4950 τῷ
2789 4885 2886 4953 τῆς
2907 4885 3147 4953 ἀθυμίας
3182 4885 3413 4954 πελάγει
3447 4889 3540 4940 καὶ
3565 4887 3644 4958 τῷ
3673 4888 3782 4942 τῶν
3813 4907 4020 4962 συμφο-

2453 4977 2559 5045 ρῶν
2586 4975 3008 5044 βαπτιζόμενος,
3034 4978 3130 5029 καὶ
3161 4977 3298 5046 μηδὲ
3323 4979 3596 5048 ἀνανῆψαι
3628 4982 3852 5051 μικρὸν,
3889 4985 4019 5053 μηδὲ

2448 5066 2556 5120 τῶν
2589 5069 2647 5119 ὲν
2679 5071 2835 5118 ποσὶν
2886 5067 3167 5120 αἰσθέσθαι
3221 5070 3516 5137 δυνάμενος
3542 5087 3556 5100 ·
3601 5071 3755 5125 ἐνθεν
3807 5090 3896 5128 τοι
3935 5078 4019 5129 καὶ

2453 5159 2603 5225 παρὰ
2638 5160 2726 5234 τὸν
2769 5158 3020 5227 Ἐὕραῖον
3051 5162 3238 5211 ἄπεισι
3292 5163 3386 5214 καὶ
3414 5161 3598 5228 αὖθις,
3635 5168 3730 5215 καὶ
3758 5167 3830 5217 τά
3886 5170 4016 5220 αὐτὰ

2451 5254 2560 5312 τ.ἰς
2599 5252 2864 5319 πρότερον
2894 5252 3252 5317 ἀπαγγέλλει.
3281 5252 3387 5304 Τιιῦ
3417 5253 3496 5312 δὲ.
3533 5255 3627 5306 καὶ
3657 5255 3827 5308 αὑτοῦ
3857 5276 4018 5313 κατα-

2453 5343 2790 5407 πλαγέντος,
2850 5346 2940 5394 καὶ
2989 5343 3157 5394 πολὺν
3206 5346 3400 5413 χρόνον
3451 5347 3546 5397 ἐπὶ
3600 5349 3675 5417 τῷ
3732 5354 4016 5419 πράγματι

2455 5434 2922 5504 διαπορουμένου,
2966 5435 3084 5487 εἶτα
3130 5440 3220 5488 καί
3265 5453 3390 5490 τινα
3433 5441 3688 5509 φωρᾶσαι
3732 5442 4019 5510 ζητοῦντος

2453 5528 2656 5592 αἰτίαν,
2691 5526 2761 5577 δι’
2815 5527 2884 5596 ἢν
2916 5526 3090 5589 οὕτως
3136 5530 3394 5597 ἀστοχοίη
3427 5532 3486 5582 τὸ
3536 5535 3830 5601 φάρμακον
3873 5538 4016 5602 (γόης

2455 5619 2564 5685 γὰρ
2596 5620 2802 5679 ἐκεῖνος
2831 5624 2926 5671 καὶ
2950 5619 3018 5671 τά
3047 5620 3273 5673 τοιαῦτα
3313 5625 3608 5693 τεχνίτης),
3646 5627 3795 5688 ὅπως
3842 5645 3902 5678 τε
3933 5628 4017 5677 καί

2456 5711 2573 5760 τίνα
2603 5711 2805 5777 τρόπον
2849 5711 2929 5772 είς
2961 5711 3058 5779 τὴν
3085 5713 3266 5764 οἰκίαν
3295 5713 3387 5764 τοῦ
3419 5717 3705 5783 ταρμάκου
3741 5721 4016 5785 μεταλαμ·

2460 5799 2610 5852 ῦέινοι
2642 5800 2781 5853 κατά
2828 5802 2992 5870 μέρος
3024 5801 3230 5856 ἕκαστα
3260 5803 3666 5858 διεπυνθάνπο.
3702 5808 3788 5869 Ὠς
3809 5808 3888 5873 δὲ,
3922 5807 4016 5860 οὐ·
