4252 6440
746 378 849 440 707

1983 369 2266 430 MENSIS
2308 369 2738 430 DECEMBER.

3909 367 4018 430 708

745 507 983 555 amores,
1013 499 1067 544 et
1101 505 1238 560 quas
1267 491 1412 544 inter
1439 505 1498 544 se
1526 489 1804 559 agitarunt
1829 485 2151 548 seditiones,
2210 501 2308 554 pu-
2345 495 2388 549 Α
2421 504 2424 514 ι

2345 495 2388 549 Α
2421 485 2548 548 τῶν,
2602 486 2696 536 καὶ
2741 482 3213 552 διαπληκτισμοὺς
3256 485 3349 538 καὶ
3401 482 3604 554 ἔριδας,
3649 486 3771 538 οὐδὲ
3835 486 4018 555 βραχὺ

744 600 984 655 gnasque
1011 593 1066 638 et
1109 585 1255 646 lites,
1306 583 1530 636 minime
1557 582 1906 636 dubitarunt.
1963 578 2088 633 Hac
2131 588 2315 632 autem

745 674 1004 744 quidnam
1033 673 1324 727 conferunt
1354 673 1418 725 ad
1470 687 1682 725 morum
1725 672 2066 724 honestatem
2104 682 2170 720 ac
2204 679 2320 718 mo-

746 767 1087 819 derationem
1150 774 1206 818 et
1261 764 1456 817 anima:
1500 764 1792 816 utilitatem
1828 777 1842 813 :
1875 770 1932 814 et
1988 775 2096 811 non
2133 756 2322 826 potius

746 859 1137 913 detrimentum
1172 857 1433 918 afferunt,
1463 864 1518 910 et
1569 855 1832 908 vitiorum
1878 853 2049 905 malas
2083 853 2317 918 impres-

746 955 929 1005 siones
966 951 1277 1018 insculpunt
1326 951 1380 1001 in
1425 949 1622 1001 animis
1667 959 1862 999 eorum
1891 943 1985 1012 qui
2023 951 2316 995 versantur

750 1044 805 1097 in
841 1045 906 1097 iis
952 1043 1241 1111 legendis?
1271 1041 1398 1095 Mihi
1448 1040 1594 1094 enim
1643 1037 1779 1092 nihil
1814 1034 2110 1106 persuadet
2143 1032 2321 1086 inanis

749 1138 907 1191 labor
939 1151 1131 1189 eorum
1185 1137 1276 1203 qui
1315 1137 1430 1188 haec
1463 1134 1655 1189 volunt
1690 1130 1930 1185 absurda
1965 1128 2238 1194 mitigare,
2267 1132 2320 1178 et

747 1245 810 1282 ea
840 1229 1112 1282 reducunt
1139 1229 1202 1280 ad
1229 1228 1486 1280 alimenta
1513 1235 1570 1280 et
1599 1233 1782 1293 partes
1813 1222 2029 1276 animae.
2051 1219 2319 1272 Autenim

749 1337 872 1374 cum
915 1337 1020 1373 non
1056 1321 1282 1380 fuerint,
1327 1319 1530 1372 frustra
1587 1325 1639 1370 et
1680 1315 1816 1368 falso
1867 1313 2174 1374 dicuntur;
2225 1318 2321 1362 aut

747 1413 913 1464 etiam
968 1411 1010 1463 si
1061 1409 1286 1472 fuerint,
1347 1425 1442 1476 par
1469 1416 1554 1459 est
1585 1421 1649 1459 ea
1681 1404 1863 1472 potius
1895 1402 2079 1454 ridere
2108 1410 2164 1453 et
2195 1398 2322 1451 odio

753 1503 978 1566 habere,
1010 1517 1171 1570 quam
1222 1503 1459 1554 laudare.
1495 1497 1763 1551 Existimo
1813 1507 1994 1548 autem
2052 1493 2182 1544 boni
2222 1491 2320 1543 viri

753 1597 943 1652 vitam,
1001 1580 1095 1659 qui
1141 1592 1238 1658 legi
1297 1591 1388 1643 Dei
1444 1591 1578 1642 vixit
1626 1589 2042 1646 convenienter,
2099 1587 2318 1654 dignam

750 1699 870 1736 esse
905 1698 1025 1750 qua:
1056 1681 1393 1745 elaboretur,
1430 1690 1485 1734 et
1514 1681 1707 1734 litteris
1738 1678 2026 1731 mandetur
2053 1695 2065 1740 ;
2117 1694 2181 1730 ex
2217 1693 2321 1745 qua

751 1775 867 1842 ipse
921 1774 1014 1841 qui
1071 1773 1375 1839 componit,
1437 1781 1543 1825 tam
1589 1771 1689 1824 sibi
1736 1785 1900 1838 quam
1955 1769 2079 1823 aliis
2141 1778 2324 1838 potest

751 1881 999 1934 magnam
1031 1866 1327 1918 conciliare
1355 1863 1669 1918 utilitatem.
1702 1863 1892 1928 Qualis
1923 1873 2006 1917 est
2035 1863 2144 1916 vita
2183 1861 2323 1914 Mar-

749 1959 874 2011 celli
903 1958 1265 2016 admirabilis.
1301 1957 1395 2026 qtti
1443 1967 1598 2010 ortus
1629 1955 1851 2024 quidem
1885 1965 1969 2008 est
2003 1970 2068 2008 ex
2102 1955 2323 2008 civitate

750 2051 1028 2116 Apamea;
1071 2064 1132 2101 ea
1158 2059 1241 2100 est
1279 2058 1462 2100 autem
1503 2047 1696 2100 civitas
1729 2045 2049 2106 Orientalis,
2079 2061 2198 2113 quae
2230 2045 2325 2097 bo-

754 2143 841 2192 nis
873 2140 1118 2192 abundat
1169 2141 1440 2207 plurimis.
1479 2139 1656 2191 Nobili
1687 2155 1816 2191 vero
1850 2139 1968 2190 loco
2015 2149 2192 2198 natus.
2231 2153 2325 2206 per

751 2249 808 2284 se
833 2230 1066 2284 reddidit
1088 2233 1413 2283 nobiliorem
1437 2231 1632 2282 seriem
1658 2231 1741 2281 sui
1770 2230 2006 2297 generis.
2035 2229 2167 2281 Nam
2195 2244 2321 2281 cum

747 2326 858 2395 jam
895 2327 949 2376 iu
983 2327 1099 2392 ipso
1131 2323 1264 2376 llore
1292 2325 1596 2390 iuventutis
1630 2323 1902 2375 amisisset
1936 2331 2210 2389 parentes,
2271 2331 2325 2374 et

754 2429 970 2473 :ctatem
1018 2428 1203 2485 ageret
1220 2415 1692 2484 iucundissimam,
1718 2430 1824 2465 non
1845 2416 1986 2466 sicut
2001 2417 2215 2480 juvenis
2232 2413 2326 2465 de-

756 2513 986 2565 clinavit
1009 2513 1074 2563 ad
1105 2513 1429 2578 voluptates.
1459 2526 1634 2578 neque
1660 2509 2036 2562 delectabatur
2061 2524 2322 2575 Juvenum

755 2606 1178 2670 consuetudine,
1224 2603 1449 2672 :rqualis
1500 2603 1694 2669 mquali
1732 2603 1920 2653 volens
1974 2601 2212 2668 placere,
2269 2609 2326 2651 ut

755 2699 976 2757 dicitur,
1004 2699 1095 2750 sed
1126 2696 1420 2764 iujuvcuiii
1455 2709 1712 2758 corpore.
1747 2693 2074 2744 imitabatur
2102 2691 2325 2744 canitiei

759 2789 1105 2856 prudentiam
1155 2796 1210 2839 et
1260 2787 1383 2838 vita:
1431 2785 1854 2836 institutionem.
1903 2782 2223 2850 Quanquam
2277 2783 2325 2834 ci

759 2885 987 2936 aderant
1039 2881 1265 2942 diiitiaa,
1313 2893 1433 2946 qua:
1482 2885 1612 2930 sunt
1667 2875 1892 2928 materia
1927 2877 1992 2927 ad
2029 2874 2329 2943 explendas

758 2977 1070 3042 voluptates
1117 2972 1224 3039 igni
1261 2971 1664 3022 adolescentiie.
1699 2968 1805 3020 Sed
1849 2967 1982 3020 nihil
2020 2967 2218 3019 horum
2269 2967 2330 3018 il-

759 3068 873 3122 lum
922 3065 1098 3131 coegit
1147 3063 1417 3131 negligere
1467 3060 1910 3128 temperantiam,
1962 3073 2080 3127 qua:
2129 3068 2246 3111 erat
2279 3058 2327 3110 ei

759 3160 926 3213 chara
954 3171 982 3208 a
1016 3155 1272 3225 pueritia.
1310 3153 1410 3204 Sed
1444 3160 1497 3204 et
1524 3152 1750 3214 orbitas,
1782 3159 1837 3203 et
1884 3160 2035 3208 :etas.
2087 3161 2141 3202 et
2192 3150 2327 3202 divi-

760 3257 866 3310 tiae,
904 3251 1017 3302 haec
1043 3249 1222 3301 omnia
1250 3245 1409 3299 simul
1437 3262 1463 3296 a
1495 3243 1761 3312 profunda
1812 3244 2173 3297 vmcebantur
2201 3261 2330 3311 pru-

760 3343 968 3396 dentia.
1013 3341 1245 3406 Propter
1289 3348 1568 3390 externam
1623 3350 1748 3388 vero
1824 3335 2215 3397 eruditionem,
2275 3338 2326 3388 in

763 3448 1011 3500 magnam
1079 3430 1225 3481 venit
1283 3425 1651 3479 Antiochiam.
1717 3423 1960 3478 Ventitat
2023 3435 2208 3478 autem
2261 3427 2328 3479 ad

763 3525 1076 3592 quemdam,
1100 3522 1152 3573 in
1181 3519 1394 3572 dicendi
1420 3518 1677 3569 facultate
1697 3517 1921 3584 pulchre
1945 3519 2326 3572 exercitatum.

2421 573 2699 644 ὤκνησαν.
2745 575 2931 627 Ταῦτα
2966 574 3024 626 δὲ
3049 575 3100 628 τί
3131 592 3261 628 ποτε
3285 577 3394 646 ἄρα
3439 575 3575 646 πρὸς
3600 577 3767 645 ἤθους
3801 579 4015 645 κόσμον

2421 665 2513 716 καὶ
2537 664 2716 732 ψυχῆς
2741 663 3010 732 ὠφέλειαν
3039 665 3304 728 συντελεῖ,
3336 667 3431 718 καὶ
3463 667 3587 735 ουχὶ
3626 666 3834 735 βλάϐην
3875 669 4019 736 μᾶλ-

2419 757 2508 809 λον
2540 757 2634 809 καὶ
2662 756 2863 818 τύπους
2895 756 3087 810 παθῶν
3119 759 3238 820 ταῖς
3264 758 3375 811 τῶν
3408 759 3708 826 μετιόντων
3738 761 4019 827 ὲγχαράτυ

2418 864 2502 899 τει
2532 848 2771 916 ψυχαίςς
2831 847 2960 915 Ἐμὲ
3004 849 3113 918 γὰρ
3167 849 3342 902 πείθει
3392 849 3546 902 οὐδὲν
3583 850 3772 912 καινὸς
3807 852 4018 921 μόχθος

2419 940 2526 991 τῶν
2557 939 3005 1010 παραμυθεῖσθαι
3029 941 3096 994 τὰ
3123 942 3302 995 ἄτοπα
3321 943 3487 995 ταυτὶ
3518 941 3890 1011 βουλομένων,
3918 944 4018 997 καὶ

2427 1034 2564 1100 πρὸς
2596 1032 2666 1083 τὰ
2700 1035 2943 1103 στοιχεῖα
3009 1035 3107 1087 καὶ
3139 1033 3282 1104 μέρη
3327 1035 3427 1104 τῆς
3458 1032 3639 1103 ψυχῆς
3670 1035 4014 1101 ἀναγόντων.

2421 1125 2490 1176 Ἢ
2523 1125 2629 1192 γὰρ
2682 1124 2756 1194 μὴ
2789 1125 3054 1193 γεγονότα
3082 1126 3260 1194 μάτην
3307 1126 3401 1179 καὶ
3440 1125 3652 1194 ψευδῶς
3682 1126 3929 1192 λέγεται,
3981 1125 4014 1194 ἢ

2421 1219 2516 1269 καὶ
2546 1218 2832 1283 γεγονότα,
2863 1217 3133 1283 γελᾶσθαι
3167 1220 3264 1270 καὶ
3293 1218 3574 1287 μισεῖσθαι
3611 1219 3833 1287 μᾶλλον,
3897 1218 4018 1269 ἀλλ’

2421 1307 2521 1358 οὐκ
2554 1307 2897 1360 ἐπαινεῖσθαι
2941 1309 3062 1362 δέον
3109 1309 3233 1362 οὐδὲ
3281 1310 3690 1379 θαυμάζεσθαι.
3735 1311 4019 1380 Ἠγοῦμαι

2423 1400 2588 1451 πόνου
2625 1400 2720 1451 καὶ
2749 1400 3074 1469 συγγραφῆς
3113 1401 3262 1464 ἄξιον
3308 1402 3503 1472 ἀνδρὸς
3555 1403 3874 1473 φιλαρέτου,
3920 1405 4019 1455 καὶ

2422 1493 2565 1543 κατὰ
2611 1491 2744 1542 Θεὸν
2784 1491 3046 1561 ζήσαντος
3081 1491 3217 1563 βίον,
3254 1492 3313 1556 ἐξ
3332 1489 3507 1563 οὗπερ
3534 1495 3698 1558 αὐτός
3719 1512 3778 1548 τε
3825 1498 3854 1546 ό
3889 1511 4016 1546 συν.

2424 1581 2593 1644 τιθεὶς
2644 1582 2911 1648 ὠφέλειαν
2965 1585 3147 1653 ἑαυτῷ
3205 1586 3298 1637 καὶ
3344 1589 3456 1648 τοῖς
3509 1587 3754 1654 μετιοῦσι
3811 1587 4020 1654 πολλὴν

2423 1675 2556 1743 ὅσην
2586 1675 2807 1729 δύναται
2864 1677 3166 1746 προξενεῖν.
3203 1675 3330 1740 Οἷος
3363 1679 3428 1750 δὴ
3467 1684 3558 1733 καὶ
3601 1683 3628 1732 ὁ
3661 1677 3772 1732 τοῦ
3801 1681 4019 1746 θαυμα-

2428 1767 2558 1820 στοῦ
2582 1769 2906 1840 Μαρκέλλου
2938 1772 3127 1840 σαφῶς
3160 1771 3475 1826 δείκνυται·
3501 1773 3558 1835 ὃς
3582 1775 3644 1825 εκ
3676 1775 3885 1836 πόλεως
3919 1776 4021 1842 μὲν

2363 1844 2402 1897 Β
2426 1861 2650 1931 ὡρμᾶτο
2679 1864 2974 1932 ’Λπαμέων
2995 1883 3008 1896 ·
3041 1864 3151 1936 ἑῴα
3195 1866 3252 1918 δὲ
3289 1867 3443 1929 πόλις
3489 1868 3652 1936 αὕτη,
3680 1867 3896 1930 πολλοῖς
3920 1884 4019 1918 κο-

2428 1951 2584 2018 μῶσα
2632 1953 2742 2014 τοῖς
2775 1953 3026 2019 ἀγαθοῖς.
3071 1955 3160 2018 Ἐξ
3209 1957 3553 2025 εὐπατριδῶν
3604 1958 3660 2010 δὲ
3692 1960 4012 2025 γενόμενος,

2423 2045 2489 2095 δι’
2527 2045 2721 2098 ἑαυτοῦ
2743 2047 2941 2114 μᾶλλον
2971 2047 3368 2118 εὐγενεστέραν
3399 2051 3608 2102 ἐδείκνυ
3640 2052 3738 2119 τὴν
3774 2051 3868 2101 τοῦ
3921 2051 4014 2116 γέ·

2426 2155 2551 2200 νους
2583 2139 2793 2207 σειράν.
2833 2142 2992 2207 Ἀρτι
3024 2140 3130 2208 γὰρ
3166 2142 3223 2191 ὲν
3253 2141 3406 2195 ἄνθει
3434 2146 3705 2211 νεότητος,
3753 2146 3883 2203 τοὺς
3923 2159 4019 2209 γε-

2425 2232 2757 2298 γεννηκότας
2800 2233 3109 2294 ἀποίὶαλὼν,
3139 2235 3234 2285 καὶ
3272 2235 3402 2286 αὐτὸ
3443 2237 3541 2304 τῆς
3593 2237 3810 2304 ἡλικίας
3867 2239 4020 2301 ἄγων

2425 2322 2484 2373 τὸ
2533 2323 2914 2390 χαριέστατον.
2969 2326 3066 2393 οὐχ
3123 2325 3309 2394 ὥσπερ
3377 2331 3494 2386 νέος
3534 2328 3846 2395 είς⁶ἡδσινὰς
3874 2328 4018 2379 ἕκλι·

2429 2431 2517 2464 νεν
2539 2429 2552 2444 ο
2588 2414 2706 2466 οὐδὲ
2733 2415 2839 2484 μὴν
2867 2417 3000 2468 νέων
3026 2417 3396 2488 ἀναστροφαῖς
3421 2420 3661 2489 ἔχαιρεν,
3703 2420 3823 2489 ἥλιξ
3853 2423 4019 2490 ἥλικα

2426 2508 2651 2574 τέρπειν
2676 2507 2750 2568 ὡς
2789 2512 2816 2559 ὁ
2847 2509 3001 2575 λόγος
3049 2510 3394 2580 βουλόμενος,
3449 2513 3563 2565 ἀλλ’
3600 2515 3658 2564 ἐν
3692 2516 3873 2583 νεαρῷ
3916 2514 4021 2564 σώ-

2431 2615 2558 2666 ματι
2597 2599 2797 2650 πολιῶν
2835 2600 3026 2668 ἐζήλου
3069 2602 3323 2670 φρόνημα
3353 2620 3410 2654 τε
3436 2606 3529 2654 καὶ
3558 2606 3799 2673 ἀγωγὴν,
3841 2606 4021 2656 καίτοι

2429 2693 2522 2745 καὶ
2561 2692 2782 2755 πλοῦτος
2818 2693 2967 2760 αὑτῷ
3018 2696 3220 2762 παρῆν,
3258 2693 3356 2764 ὕλη
3389 2697 3524 2765 πρὸς
3555 2699 3742 2764 ἡδονὰς
3776 2698 3854 2766 τῷ
3891 2698 4023 2764 πυρὶ

2429 2790 2522 2855 τῆ,
2548 2786 2820 2856 νεότητα.
2867 2790 3005 2840 Ἀλλ’
3043 2789 3194 2841 οὐδὲν
3233 2789 3433 2841 τούτων
3472 2791 3678 2841 ἐκεῖνον
3705 2791 4022 2857 ὴιὰγκασεν

2431 2879 2706 2946 ἀμελῆσαι
2746 2879 2842 2946 τῆς
2889 2882 2952 2930 ἐκ
2998 2881 3204 2932 παίδων
3247 2881 3406 2948 φίλης
3439 2881 3590 2948 αὐτῴ
3635 2881 4021 2948 σωφροῖυνας.

2444 2972 2602 3023 Ἀ).λὰ
2631 2972 2725 3023 καὶ
2749 2972 2981 3040 ὀρφανία
3009 2975 3100 3024 καὶ
3132 2973 3313 3042 ἡλικία
3340 2979 3428 3024 καῖ
3456 2972 3682 3035 πλοῦτος
3719 2975 3809 3024 καὶ
3840 2974 4022 3025 πάντα

2434 3063 2572 3130 ὁμοῦ
2620 3065 2714 3133 τῆς
2753 3065 2917 3116 αὑτοῦ
2951 3064 3175 3134 βαθείας
3208 3067 3402 3135 φρενὸς
3433 3067 3684 3137 ἥττηντο.
3727 3067 3935 3134 Ἔρωτι
3969 3067 4024 3116 δὲ

2436 3157 2678 3215 παιδείας
2704 3157 2799 3224 τῆς
2829 3156 3028 3222 ἔξωθεν
3058 3159 3141 3219 είς
3179 3159 3423 3226 μεγάλην
3459 3159 3798 3226 ’Δντιόχειαν
3837 3175 4019 3228 παρα-

2436 3251 2664 3314 γίνεται,
2694 3251 2784 3301 καί
2808 3267 2913 3301 τινι
2944 3250 3083 3301 καλὰ
3109 3252 3409 3320 ἠσκημένῳ
3441 3253 3718 3321 ἐπιφοιτᾷ.
3768 3250 3936 3310 Φύσις
3969 3250 4026 3303 δὲ

2437 3340 2629 3405 ταχεῖα
2666 3345 2928 3406 συνεργὸν
2960 3339 3357 3406 παραλαϐοῦσα
3403 3341 3495 3391 καὶ
3531 3339 3629 3408 τὴν
3671 3339 3931 3408 σπουδὴν,
3970 3342 4025 3389 ἐν

2439 3430 2616 3496 χρόνῳ
2648 3428 2841 3496 βραχεῖ
2880 3429 2947 3478 τὰ
2981 3428 3190 3495 μεγαὶα
3235 3428 3330 3496 τῆς
3367 3427 3555 3494 σοφίας
3597 3426 3745 3495 αὑτῷ
3777 3425 4025 3494 χαρίζον-

2438 3539 2528 3572 ται
2563 3519 2734 3588 δῶρα.

767 3610 972 3678 Ingenii
1025 3627 1154 3664 vero
1210 3611 1485 3673 celeritas,
1541 3623 1570 3662 a
1615 3609 1922 3664 vehementi
1970 3612 2088 3680 ejus
2139 3612 2322 3664 studio
2363 3615 2565 3683 adjuta,
2593 3615 2641 3665 ei
2685 3613 2837 3666 brevi
2869 3611 3099 3681 largitur
3137 3626 3328 3678 magna
3356 3611 3498 3666 dona
3531 3610 3843 3678 sapientiae.

839 3709 907 3762 ll.
945 3706 1238 3775 Postquam
1272 3720 1450 3758 autem
1480 3717 1719 3758 externa:
1753 3704 2032 3773 sapientia:
2063 3711 2213 3761 visus
2257 3718 2340 3760 est

761 3803 866 3856 sibi
931 3801 1134 3853 habere
1177 3797 1324 3866 quod
1371 3795 1690 3851 sumceret:
1741 3811 1920 3865 neque
1947 3796 2093 3850 enim
2127 3813 2189 3849 ea
2217 3807 2337 3850 erat

763 3897 882 3963 ejus
914 3893 1217 3962 principale
1251 3889 1518 3955 studium,
1554 3889 1658 3943 nisi
1691 3889 1757 3942 ad
1799 3889 1924 3952 hoc,
1981 3898 2041 3942 ut
2088 3891 2335 3944 externis

766 3988 874 4040 illis
938 3989 1196 4046 imbutus,
1237 3981 1435 4036 deinde
1483 3980 1794 4035 initiaretur
1848 3981 1902 4033 in
1953 3980 2020 4033 iis
2057 3996 2180 4048 qua:
2222 3981 2335 4034 sola

765 4087 892 4132 sunt
921 4092 1071 4130 saera
1104 4074 1362 4143 mysteria
1388 4091 1400 4124 :
1428 4088 1625 4142 nempe
1656 4087 1806 4135 vera,
1837 4081 1893 4125 et
1927 4087 2048 4141 qua:
2068 4071 2136 4124 ad
2165 4072 2336 4126 Deum

764 4170 1021 4227 deducit.
1080 4166 1389 4235 sapientia;
1440 4165 1602 4227 vitae,
1657 4165 1902 4232 inquam,
1962 4165 2333 4226 institutione,

766 4277 887 4329 qua:
917 4270 1163 4312 versatur
1200 4257 1252 4308 in
1281 4255 1679 4310 exercitatione
1705 4264 1762 4309 et
1788 4270 1918 4309 vera
1953 4255 2328 4325 philosophia,

766 4368 902 4419 opus
950 4363 1129 4403 autem
1180 4348 1230 4402 ei
1276 4362 1492 4417 quoque
1522 4357 1642 4401 erat
1679 4348 1864 4417 aliquo
1907 4348 1974 4401 ad
2019 4364 2137 4401 eam
2167 4348 2328 4402 duce.

765 4445 900 4498 Cum
933 4457 1059 4495 vero
1089 4455 1215 4494 eum
1247 4455 1356 4493 non
1386 4439 1677 4507 praeberet,
1735 4449 1795 4492 ut
1820 4440 1871 4493 ei
1905 4439 2173 4508 placebat,
2225 4441 2332 4493 An-

2520 3709 2593 3762 B'.
2629 3709 2782 3762 Ἐπεὶ
2812 3709 2868 3761 δὲ
2925 3707 3240 3776 ἀρκούντως
3283 3708 3457 3760 ἐδόκει
3488 3707 3585 3776 τῆς
3617 3708 3848 3778 θυραίας
3883 3708 4024 3776 ἔχειν

2445 3799 2636 3867 σοφίας
2656 3815 2668 3827 ο
2700 3798 2822 3849 οὐδὲ
2853 3799 2960 3865 γὰρ
3013 3793 3078 3867 ἦν
3113 3797 3261 3863 αξιτῷ
3292 3796 3451 3850 τοῦτο
3483 3799 3916 3866 προηγουμένως
3967 3800 4026 3849 τὸ

2440 3890 2901 3959 σπουδαζόμενον,
2941 3888 3057 3940 ἀλλ’
3086 3889 3211 3941 ὅσον
3238 3892 3352 3952 τοῖς
3385 3891 3490 3952 ἔξω
3514 3892 3726 3950 τούτοις
3767 3891 4024 3958 προτεὶε-

2441 3981 2656 4051 σθῆναι,
2685 3976 2800 4034 εἶτα
2832 3981 3110 4050 μυηθῆναι
3151 3981 3246 4032 καὶ
3277 3982 3344 4032 τὰ
3370 3983 3579 4048 μεγάλα
3609 3982 3709 4051 τὴν
3744 3983 3918 4050 μόνην
3953 3985 4025 4033 is-

2442 4075 2541 4142 ρὰν
2592 4073 2814 4143 τελετὴν
2847 4073 2939 4124 καὶ
2969 4072 3144 4140 ἁληθῆ
3170 4073 3380 4138 σοφίαν,
3419 4075 3510 4126 καὶ
3543 4072 3680 4140 πρὸς
3723 4073 3860 4124 Θεὸν
3891 4077 4025 4125 ἁνα-

2440 4169 2715 4238 φέρουσαν
2749 4184 2762 4198 ·
2822 4169 2920 4236 τὴν
3005 4167 3314 4235 ἁσκητικὴν
3383 4166 3522 4232 λέγω
3597 4167 3694 4217 καὶ
3737 4167 4027 4233 φιλόσοφον

2441 4257 2689 4326 ἀγωγήν,
2734 4257 2935 4309 Ἐδείτο
2966 4255 3024 4308 δὲ
3071 4256 3164 4308 καί
3197 4274 3339 4317 τινος
3385 4258 3478 4307 τοῦ
3511 4256 3644 4322 πρὸς
3694 4257 3870 4324 αὐτὴν
3895 4259 4020 4326 ὁδη·

2440 4351 2721 4418 γήσοντος.
2752 4350 2916 4401 Ἐπεὶ
2969 4349 3043 4419 μὴ
3093 4351 3352 4418 παρεῖχεν
3401 4346 3476 4409 ὡς
3516 4347 3664 4415 αὐτῷ
3697 4349 3935 4414 ἀρέσκον
3994 4351 4024 4416 ἡ

2455 4444 2774 4510 Ἀντιόχεια,
2829 4443 2905 4505 είς
2933 4442 3028 4510 τὴν
3055 4441 3290 4509 Ἐφεσον
3327 4439 3572 4509 οἴχεσθαι
3608 4441 3895 4504 διενοεῖτο,
3932 4445 4025 4492 ἀν.

768 4535 992 4596 tiochia,
1020 4533 1280 4601 cogitavit
1310 4532 1388 4585 ire
1412 4530 1710 4600 Ephesum,
1744 4547 1867 4585 cum
1901 4531 2146 4588 audisset
2177 4531 2230 4586 in
2271 4548 2335 4586 ea
2371 4528 2412 4583 D
2441 4538 2447 4584 ἐ

2371 4528 2412 4583 D
2441 4536 2583 4605 δρῶν
2622 4536 2873 4603 εὐπορεῖν
2908 4535 3124 4604 ἐκείνην
3156 4533 3365 4603 μαθὼν,
3401 4533 3581 4585 αὐτῶν
3609 4534 3664 4585 δὲ
3696 4535 3836 4603 πρὸς
3861 4536 4021 4602 ἀκρί-

769 4640 890 4677 esse
951 4637 1197 4691 magnatn
1264 4619 1505 4674 virorum
1554 4623 1790 4689 copiam,
1826 4620 1922 4689 qui
1959 4621 2026 4674 ad
2059 4636 2331 4675 summam

767 4718 1026 4768 virtutem
1088 4722 1472 4781 pervenerant.
1529 4711 1724 4766 Statim
1784 4727 1915 4781 ergo
1986 4715 2331 4784 contemptui

767 4807 989 4877 quidem
1034 4815 1116 4858 est
1156 4805 1340 4858 habita
1374 4804 1601 4872 pulchra
1642 4802 1933 4858 Antiochia
1967 4824 1980 4858 :
2015 4805 2331 4874 despectum

767 4909 948 4951 autem
987 4897 1088 4948 fuit
1116 4896 1415 4966 jucundum
1449 4895 1623 4949 solum
1658 4895 1871 4964 patriae,
1900 4896 2160 4965 neglecta:
2204 4913 2334 4950 vero

769 4989 1060 5042 verborum
1093 4987 1495 5046 contentiones.
1526 4997 1582 5041 et
1618 4989 1779 5040 inane
1826 4988 2023 5049 otium,
2093 4997 2147 5040 et
2221 4997 2332 5041 tota

767 5092 991 5133 externa
1033 5079 1120 5131 illa
1159 5093 1343 5131 scena.
1389 5078 1582 5130 Divisae
1613 5085 1795 5130 autem
1843 5087 1970 5130 sunt
2000 5077 2334 5146 pauperibus

769 5181 902 5232 opes
928 5166 1032 5218 illa:
1047 5165 1289 5233 ingentes
1305 5172 1360 5217 et
1375 5164 1690 5233 magniﬁcae.
1721 5175 1774 5218 et
1789 5180 1914 5218 eum
1929 5166 2144 5235 excepit
2158 5165 2337 5235 Ephe-

771 5274 864 5313 sus
883 5260 1084 5312 nudum
1110 5259 1230 5311 aliis
1245 5259 1521 5312 omnibus.
1539 5258 1673 5312 Cum
1694 5258 1772 5311 sic
1788 5259 2152 5319 adventasset,
2181 5258 2332 5312 iuve-

773 5353 854 5404 nit
897 5350 999 5403 sibi
1035 5351 1367 5404 conveniens
1418 5350 1738 5418 hospitium.
1796 5349 1928 5403 Nam
1979 5351 2060 5401 vir
2111 5349 2331 5417 quidam

770 5455 894 5493 cum
940 5453 1106 5492 uxore
1151 5454 1276 5492 eum
1330 5439 1539 5507 accepit
1589 5439 1847 5507 hospitio,
1890 5442 1980 5507 qui
2015 5455 2121 5491 non
2165 5441 2336 5508 magis

769 5532 1075 5586 communis
1131 5547 1328 5583 mensae
1374 5540 1429 5584 et
1480 5531 1607 5584 salis
1652 5531 1701 5584 ei
1757 5540 1914 5584 erant
1963 5533 2120 5592 socii,
2172 5548 2334 5600 quam

771 5641 983 5678 morum
1010 5636 1061 5678 et
1095 5625 1332 5686 virtutis,
1372 5634 1428 5676 et
1462 5624 1514 5675 in
1551 5623 1702 5674 omni
1738 5639 1794 5676 re
1819 5624 2232 5678 moderationis.

837 5714 926 5768 Ill.
957 5714 1090 5768 Huic
1117 5724 1298 5768 autem
1330 5714 1571 5782 pulchrae
1607 5714 1741 5782 biga:
1771 5725 1890 5766 erat
1927 5724 2090 5767 etiam
2121 5732 2331 5780 servus,

768 5809 857 5874 qui
892 5810 1110 5862 virtutis
1155 5808 1367 5860 ratione
1404 5815 1518 5860 erat
1554 5805 1718 5859 etiam
1767 5804 2007 5860 dominis
2041 5807 2211 5860 multo
2245 5825 2334 5862 ve-

2445 4626 2598 4677 6ειαν
2636 4626 2834 4695 ἀρετῆς
2889 4623 3265 4693 πεφθακότων,
3319 4627 3412 4677 καὶ
3469 4625 3663 4687 ἄλλους
3688 4627 3758 4678 τὰ
3805 4630 4019 4696 μεγαλα

2443 4718 2673 4786 ὠφελεῖν
2721 4718 3051 4785 δυναμένων.
3107 4716 3311 4772 Λύτίκα
3347 4716 3477 4784 γοῦν
3532 4719 3785 4787 ἠμελεῖτο
3844 4722 3943 4786 μὲν
3988 4724 4019 4789 ἡ

2445 4809 2582 4880 καλὴ
2611 4811 2946 4878 ’Λντιὸχειαο
2980 4811 3306 4879 παρεωρᾶτο
3332 4808 3392 4861 δὲ
3423 4809 3483 4861 τὸ
3518 4811 3614 4879 ἡδὺ
3639 4815 3732 4880 τῆς
3763 4815 3978 4882 πατρίδ’
3999 4832 4022 4874 ς

2445 4900 2659 4968 ἔδαφος,
2694 4900 2919 4968 ἅμιλλαι
2952 4901 3010 4953 δὲ
3055 4901 3251 4969 λόγων,
3286 4904 3380 4956 καὶ
3409 4905 3441 4971 ἡ
3479 4903 3682 4971 ματαία
3711 4906 3900 4973 σχολὴ,
3931 4909 4020 4956 καὶ

2445 4994 2513 5044 τὰ
2535 4993 2630 5061 τῆς
2669 4992 2876 5060 σκηνῆς
2904 4994 3082 5047 πάντα
3119 4998 3526 5065 κατεφρονεῖτο.
3578 4999 3933 5065 Διεμερίζετο
3965 5001 4020 5052 δὲ

2444 5081 2556 5139 τοῖς
2597 5081 2790 5150 πένησι
2828 5083 2922 5134 καὶ
2958 5085 2985 5133 ὁ
3009 5082 3174 5146 πολὺς
3205 5085 3302 5136 καὶ
3348 5084 3627 5154 φιλότιμος
3650 5085 3906 5151 πλοῦτος,
3927 5106 4019 5140 και

2446 5173 2478 5240 η
2515 5172 2746 5238 Ἔφεσος
2774 5173 2878 5224 τῶν
2907 5173 3083 5225 ἄλλων
3113 5176 3330 5228 πάντων
3369 5181 3580 5246 γυμνὸν
3604 5179 3814 5230 ἐκεῖνον
3844 5181 4021 5247 ἐδέχε-

2446 5279 2523 5316 το.
2570 5263 2752 5325 Οὕτως
2801 5268 3160 5337 ἐπιφοιτήσας
3189 5310 3204 5331 ,
3271 5271 3660 5340 προσήκουσαν
3705 5273 3858 5340 αὐτῷ
3930 5279 4020 5325 καὶ

2445 5355 2543 5425 τὴν
2599 5356 2778 5418 ξενίαν
2812 5359 3077 5426 εὑρίσκει.
3115 5359 3280 5432 Ἀνὴρ
3307 5365 3414 5431 γάρ
3450 5381 3532 5424 τις
3554 5365 3715 5416 αὑτὸν
3753 5367 3893 5434 μετὰ
3931 5386 4021 5430 γυ-

2445 5447 2626 5508 ναικὸς
2659 5448 2892 5512 ἐξένιζεν
2925 5451 2986 5500 οὐ
3016 5452 3215 5518 μᾶλλον
3239 5454 3417 5519 κοινῆς
3443 5455 3721 5522 τραπέζης
3756 5460 3850 5506 καὶ
3880 5458 4021 5508 ἁλῶν

2447 5539 2593 5606 αὐτῷ
2634 5541 3012 5604 κοινωνοῦντες
3069 5543 3098 5611 ἢ
3152 5544 3375 5613 τρόπων
3416 5548 3509 5597 καὶ
3538 5548 3752 5617 ἀρετῶν
3792 5547 4020 5617 καὶτῆς

2445 5628 2513 5681 δι’
2542 5632 2800 5683 ἁπάντων
2831 5633 3098 5685 ὲπιεικεία
3111 5653 3148 5694 g.

2519 5720 2592 5777 Γ.
2623 5717 2731 5775 Ἦν
2765 5723 2821 5774 δὲ
2855 5727 2921 5794 τῇ
2954 5726 3089 5793 καλῇ
3125 5725 3372 5797 ξυνωρίδι
3401 5729 3574 5802 ταύτῃ
3606 5732 3696 5781 καὶ
3736 5731 3921 5793 δοῦλος
3957 5735 4011 5784 ιν

2447 5812 2646 5883 ἀρετῆς
2713 5814 2853 5884 λόγῳ
2906 5815 3083 5883 πολλῷ
3139 5817 3246 5870 τῶν
3285 5819 3559 5875 δεσποτῶν
3615 5823 3939 5894 τιμιώτερος
3977 5817 4016 5890 ᾧ
