4252 6440
229 349 339 412 709

1113 356 1288 415 VlTA
1332 358 1389 416 S.
1436 354 1823 415 MARCELLI
1866 356 2561 424 ARCHIMANDRITE.

3355 368 3462 432 710

225 467 465 533 τοσαύτη
518 468 712 539 περιῆν
748 471 845 539 τῆς
897 468 1076 539 ψυχῆς
1116 470 1399 541 έλευθερία
1429 490 1487 525 τε
1524 474 1618 524 καὶ
1650 474 1806 540 εὐγέ-
1839 478 1879 532 Λ

1784 503 1806 513 -
1839 478 1879 532 Λ
1912 479 2203 533 nerabilior
2231 501 2243 534 :
2274 483 2361 535 cui
2418 493 2563 536 tanta
2612 482 2789 537 inerat
2836 483 3001 536 animi
3057 485 3362 554 ingenuitas
3404 496 3462 540 et

226 574 370 617 νεια.
408 558 482 616 ὡς
514 559 607 613 καὶ
637 560 839 631 ταύτης
869 563 1043 632 δήπου
1072 563 1170 630 τῆς
1218 563 1324 616 τῶν
1354 564 1628 617 δεσποτῶν
1671 568 1797 633 ἀρε-

225 646 328 716 τῆς
353 650 562 701 έκεῖνον
587 652 841 716 γενέσθαι
871 654 1033 720 φασὶν
1062 654 1256 715 αίτιον,
1290 658 1381 709 καὶ
1394 656 1599 709 δοῦλον
1634 657 1799 725 ὀφθῆ-

224 759 316 797 vat
340 743 626 808 δεσπόταις
688 746 943 799 τοιούτων
993 748 1216 817 ἀγαθῶν
1266 752 1547 820 πρόξενον.
1582 747 1656 805 Ob
1697 754 1793 806 καὶ

225 832 367 888 ἄλλα
394 834 643 903 ύμνεῐται
678 837 867 902 πολλὰ,
923 842 1056 909 πρὸς
1093 840 1148 892 δὲ
1206 844 1298 894 καὶ
1328 843 1408 895 ὅτι
1444 843 1700 905 πολλάκις
1741 846 1799 895 ἐν

224 928 340 988 τοῖς
378 926 506 995 περὶ
542 930 642 996 τὴν
661 928 818 983 πόλιν
847 931 1196 1001 ἀσκητηρίοις
1240 935 1348 986 τῶν
1386 936 1572 987 πυλῶν
1609 938 1796 999 αὑταῖς

226 1017 437 1071 κλεισὶν
472 1013 533 1071 εὖ
564 1020 927 1090 ἡρμοσμένων
953 1061 969 1087 ,
1008 1018 1165 1089 οὗτος
1210 1027 1350 1097 ἀωρὶ
1388 1029 1496 1081 τῶν
1557 1030 1791 1104 νυκτῶν,

228 1109 459 1177 μηδενὸς
504 1111 656 1180 αύτῷ
705 1112 1064 1181 διανοίγοντος
1092 1153 1108 1178 ,
1166 1118 1329 1186 μέσος
1366 1119 1630 1187 έφίστατο
1684 1126 1796 1184 τοῖς

224 1199 498 1269 ἀσκηταῐς
517 1201 723 1273 ᾅδουσι.
760 1206 869 1259 Καὶ
912 1206 1067 1262 τοῦτο
1093 1208 1190 1278 οὐχ
1227 1209 1393 1275 ἀπαξ,
1426 1212 1563 1266 ἀλλά
1600 1212 1795 1267 πολλά-

225 1306 317 1351 κις
344 1292 655 1361 γινόμενον,
686 1300 919 1367 φανερόν
962 1316 1023 1352 τε
1054 1300 1365 1366 καθίστατο,
1397 1306 1489 1357 καὶ⁵
1524 1304 1617 1358 τοῦ
1669 1306 1797 1377 περὶ

224 1380 395 1435 αὐτοῦ
420 1382 580 1450 λόγου
609 1387 703 1455 τὴν
724 1387 880 1440 πόλιν
907 1389 1167 1460 έπλήρου.
1212 1393 1420 1461 Ὀνομα
1451 1394 1505 1446 δι
1529 1393 1606 1463 τῷ
1640 1396 1796 1463 εὐγε-

225 1473 311 1525 νεί
335 1474 527 1542 τούτῳ,
570 1477 772 1544 μᾶλλον
808 1478 865 1533 δὲ
914 1481 992 1550 τῷ
1046 1483 1239 1554 άληθεῖ
1270 1484 1366 1537 τοῦ
1418 1485 1550 1537 Θεο]
1603 1486 1792 1558 δούλῳ,

228 1566 535 1633 ΙΙρόμοτος.
566 1562 733 1632 Οὗτος
756 1565 826 1640 ἦν
846 1573 873 1625 ὁ
894 1573 1173 1643 Πρόμοτος
1196 1578 1295 1628 ούκ
1324 1577 1511 1643 ὀλίγας
1532 1580 1623 1631 καὶ
1646 1580 1797 1650 Μαρ-

228 1655 406 1725 κέλλῳ
428 1657 601 1723 διδοὺς
630 1661 767 1729 πρὸς
792 1662 995 1732 άρετὴν
1014 1666 1288 1736 ἀφορμάς.
1312 1668 1480 1721 Τοῦτο
1507 1672 1612 1741 γὰρ
1635 1671 1796 1741 ἔργον

232 1745 386 1816 αὐτῷ
420 1748 753 1818 πανταχόθεν
781 1751 849 1802 τὰ
873 1751 1011 1806 καλά
1047 1755 1344 1822 συλλέγειν,
1387 1760 1479 1811 καὶ
1507 1757 1695 1830 ὥσπερ
1731 1765 1793 1814 ὲκ

1912 570 2195 631 nobilitas,
2249 582 2307 625 ut
2358 572 2522 642 hujus
2580 572 2926 627 dominorum
2980 574 3201 629 virtutis
3246 575 3359 637 ille,
3405 583 3464 627 ut

1903 660 2078 723 aiunt,
2108 676 2231 714 esse
2261 671 2472 727 auctor,
2521 673 2577 717 et
2605 663 2757 717 visus
2802 664 2873 717 sit
2903 678 3094 719 servus
3140 677 3248 719 tam
3295 666 3464 719 multa

1901 748 2139 804 dominis
2176 749 2317 803 bona
2367 751 2713 806 conciliasse.
2765 751 2937 822 Cujus
2982 761 3039 806 et
3082 754 3188 807 alia
3240 753 3461 821 quidem

1900 840 2072 893 multa
2097 840 2412 901 laudantur,
2443 852 2498 896 et
2523 843 2627 897 hoc
2656 843 2803 897 inter
2834 852 3053 909 uetera,
3079 843 3225 912 quod
3262 847 3315 897 in
3348 858 3468 898 mo-

1900 932 2175 996 nasteriis,
2220 947 2342 1001 qua:
2383 945 2542 989 erant
2595 935 2651 989 in
2700 935 2942 1001 civitate,
2991 936 3163 1005 portis
3219 936 3465 990 clavibus

1900 1032 2047 1076 recte
2077 1024 2302 1086 clausis.
2340 1025 2386 1079 is
2415 1026 2741 1095 intempesta
2772 1036 2953 1087 nocte.
2986 1030 3203 1081 nemine
3243 1027 3293 1082 ei
3335 1040 3464 1093 ape-

1904 1114 2100 1173 riente.
2135 1116 2351 1170 astabat
2384 1117 2435 1171 in
2477 1119 2657 1175 medio
2690 1118 3084 1172 monachorum
3126 1120 3463 1172 canentium.

1903 1202 2069 1274 quue
2102 1222 2225 1259 cum
2260 1223 2367 1261 non
2421 1208 2613 1270 semel,
2646 1208 2740 1262 sed
2768 1222 2910 1275 sape
2939 1210 3113 1271 lieret,
3144 1209 3315 1262 evasit
3349 1223 3466 1261 ma-

1898 1294 2187 1354 nifestum.
2234 1303 2290 1348 et
2314 1295 2382 1350 de
2414 1297 2516 1351 hac
2550 1312 2608 1350 re
2637 1312 2816 1350 sermo
2854 1306 3022 1351 totam
3066 1297 3311 1367 implevit
3337 1297 3467 1377 civi:

1903 1391 2089 1437 tatem.
2138 1382 2275 1437 Huic
2323 1394 2505 1439 autem
2552 1388 2810 1456 ingenuo,
2858 1388 2941 1442 vel
2973 1402 3103 1441 vero
3154 1387 3338 1456 potius
3370 1379 3463 1439 De‘

1897 1488 2079 1536 servo,
2109 1490 2305 1529 nomen
2362 1488 2479 1530 crat
2512 1479 2821 1533 Promotus.
2872 1478 2970 1533 Hic
2995 1494 3124 1547 ergo
3151 1478 3462 1539 Promotus,

1897 1563 2155 1619 Marcello
2182 1582 2401 1635 quoque
2428 1583 2536 1621 non
2571 1585 2742 1636 pauca
2772 1570 2836 1623 ad
2882 1569 3139 1623 virtutem
3173 1567 3325 1623 dedit
3381 1569 3468 1620 in-

1899 1655 2217 1709 citamenta.
2268 1658 2325 1711 ln
2361 1658 2463 1711 hoc
2496 1658 2645 1711 enim
2700 1659 2769 1711 ab
2805 1675 2871 1712 eo
2911 1658 3221 1727 ponebatur
3273 1672 3464 1726 Opera,

1898 1755 1958 1798 ut
1987 1760 2106 1814 qua:
2137 1746 2364 1802 honesta
2405 1760 2549 1816 sunt,
2596 1749 2838 1819 undique
2881 1750 3184 1818 colligeret,
3254 1759 3311 1803 et
3347 1756 3467 1801 tan-

228 1835 440 1887 πολλῶν
468 1836 673 1891 ἀνθέων
703 1840 928 1894 πλέκειν
965 1842 1146 1913 έαυτῷ
1188 1818 1280 1897 τδν
1317 1818 1413 1913 τῆς
1443 1848 1642 1918 ἀρετῆς
1666 1818 1785 1903 ’στέ-
1826 1818 1868 1871 Β
1904 1860 1907 1886 ¹

1826 1818 1868 1871 Β
1904 1853 2063 1906 quam
2093 1856 2159 1894 ex
2194 1841 2386 1894 multis
2414 1839 2642 1895 ﬂoribus
2668 1818 2771 1895 sibi
2793 1840 3013 1894 virtutis
3034 1853 3293 1894 coronam
3331 1854 3465 1893 con-

228 1943 418 1994 φανον.
444 1927 598 1981 Μετὰ
625 1930 680 1985 δὲ
720 1931 829 1983 τῶν
867 1932 1042 1986 ἀλλων
1080 1936 1259 1988 καλῶν
1290 1929 1363 1991 ὧν
1394 1938 1507 2007 ἔχει
1536 1940 1795 2008 Μάρκελ-

227 2017 317 2080 λο,
347 2020 593 2088 ὑπῆρχεν
614 2020 759 2090 αὐτῷ
790 2026 884 2075 καὶ
912 2022 971 2075 τὸ
994 2024 1225 2093 γράφειν
1249 2028 1328 2089 είς
1356 2027 1568 2087 κάλλο
1590 2029 1800 2098 Ἔγρα-

229 2125 333 2175 ιρεν
360 2108 453 2162 οὖν
477 2115 596 2173 ταῖς
632 2113 787 2181 χερσὶ
820 2114 913 2165 καὶ
944 2115 1149 2180 ἐπόνει,
1189 2120 1281 2169 καὶ
1319 2118 1413 2170 τοῦ
1459 2119 1670 2171 ἐκεῖθεν
1701 2120 1795 2171 αύ-

226 2202 312 2263 τῷ
341 2202 697 2271 ποριζομένου
748 2204 941 2273 μισθοῦ
974 2205 1138 2276 μέρος
1185 2224 1236 2259 τι
1269 2209 1401 2276 πρδ;
1444 2209 1542 2271 τὰς
1563 2209 1656 2264 τοῦ
1696 2212 1799 2263 σώ-

233 2307 406 2361 ματος
444 2292 750 2346 ἀναλίσκων
812 2296 1020 2364 χρείας,
1079 2300 1137 2349 τὸ
1192 2299 1373 2351 λοιπὸν
1410 2304 1639 2368 παρεῖχε
1686 2305 1796 2365 τοῖς

229 2383 528 2449 δεομένοις.
561 2384 784 2439 Ἦνύετο
820 2385 877 2439 δὲ
920 2389 1067 2455 αύτῷ
1098 2390 1193 2440 σὺν
1227 2390 1303 2457 τῷ
1331 2391 1463 2461 ἐλέῳ
1501 2394 1592 2445 καὶ
1622 2395 1798 2447 δικαι-

230 2474 432 2539 οσύνης
491 2474 850 2545 κατόρθωμα.
905 2478 966 2530 Εἰ
1004 2479 1114 2547 γάρ
1144 2480 1329 2531 πλεῖον
1357 2484 1507 2548 αὐτῷ
1538 2485 1632 2536 τοῦ
1663 2501 1799 2552 γρα-

233 2564 428 2630 φέντος
455 2566 483 2616 6
516 2565 707 2633 μισθὸς
744 2566 1072 2637 κατεδλήθη,
1107 2570 1134 2619 ὁ
1174 2569 1227 2619 δὲ
1259 2572 1357 2622 οὐκ
1388 2571 1650 2639 ἠνείχετο,
1682 2572 1797 2624 ἀλλ’

233 2657 290 2707 εἷ
318 2672 371 2706 τι
396 2656 712 2723 περιττεῦον
746 2652 835 2726 ἦν,
865 2659 1195 2728 ἀντέστρεφε
1226 2664 1358 2729 πρὸς
1384 2662 1473 2714 τὸν
1506 2664 1792 2719 δεδωκότα.

236 2747 348 2800 Καὶ
376 2744 517 2799 οὕτω
574 2747 823 2814 διέμενεν
852 2748 1058 2816 ἡμέρας
1110 2752 1207 2817 μὲν
1236 2755 1299 2819 τῇ
1338 2756 1523 2822 γραφῇ
1559 2772 1799 2823 προσταε

237 2838 552 2905 λαιπωρῶκ,
595 2840 689 2891 καὶ
716 2838 791 2899 ῶς
827 2841 897 2891 τὰ
920 2840 1037 2891 θεῖά
1065 2858 1195 2892 ωασι
1214 2842 1393 2907 λόγια,
1422 2846 1481 2894 τὸ
1508 2844 1667 2913 εργον
1693 2848 1798 2898 τῶν

236 2930 440 2997 χειρῶν
469 2930 633 2982 αὑτοῦ
690 2932 823 3001 πρὸς
887 2932 1019 2985 Θεὸν
1058 2936 1438 2987 κατευθύνων·
1488 2938 1689 3001 νύκτας
1740 2941 1798 2992 δὲ

241 3022 432 3089 σχεδιν
469 3023 647 3084 πάσας
676 3024 754 3084 είς
804 3025 968 3093 εὐχὴν
1005 3026 1326 3088 ἀναλίσκων,
1359 3031 1452 3078 καὶ
1487 3031 1570 3082 διὰ
1602 3032 1799 3100 ταύτης

1903 1938 2132 1984 texeret.
2194 1930 2330 1986 Cum
2377 1932 2499 1984 aliis
2556 1946 2735 1985 autem
2805 1932 2987 1997 bonis,
3037 1946 3159 1999 qua:
3230 1929 3465 1983 habebat

1900 2022 2205 2086 Marcellus,
2257 2024 2359 2077 hoc
2418 2038 2635 2092 quoque
2681 2023 2731 2077 ei
2771 2024 2967 2084 inerat,
3002 2022 3144 2089 quod
3192 2021 3465 2075 scribebat

1902 2113 2288 2180 pulcherrime.
2330 2114 2616 2169 Scribebat
2650 2130 2804 2182 ergo,
2856 2123 2911 2167 et
2961 2113 3248 2167 laborabat
3293 2116 3466 2165 mani-

1902 2203 2050 2258 bus:
2089 2215 2145 2257 et
2198 2203 2491 2268 mercedis,
2535 2220 2655 2271 qua:
2706 2204 2852 2258 illiue
2898 2208 2948 2259 ei
2992 2204 3460 2273 suppeditabatur,

1900 2303 2107 2362 partem
2157 2294 2394 2362 aliquam
2450 2295 2804 2349 consumebat
2866 2294 2932 2349 ad
2987 2310 3116 2348 usus
3166 2293 3414 2361 corporis
3445 2332 3459 2353 .

1901 2386 2165 2454 reliquam
2194 2400 2322 2440 vero
2355 2386 2631 2453 prabebat
2655 2388 2955 2455 egentibus.
2995 2385 3107 2440 Una
3131 2395 3311 2440 autem
3338 2400 3461 2439 cum

1900 2476 2298 2538 misericordia,
2337 2491 2395 2529 se
2429 2486 2574 2530 recte
2632 2492 2850 2545 quoque
2886 2476 3112 2547 gerebat
3147 2477 3199 2529 in
3226 2475 3460 2545 justitia.

1900 2567 2033 2621 Nam
2071 2569 2116 2621 si
2163 2569 2332 2636 major
2373 2569 2420 2621 ei
2473 2569 2647 2621 soluta
2679 2576 2825 2623 esset
2876 2583 3110 2627 merces.
3152 2582 3316 2635 quam
3364 2582 3463 2635 pro

1905 2660 2192 2728 scriptura:
2220 2674 2411 2728 opera.
2450 2660 2540 2711 ille
2590 2675 2698 2713 non
2732 2658 3037 2712 sustinebat
3070 2675 3083 2710 :
3119 2657 3213 2711 sed
3246 2658 3288 2710 si
3329 2657 3460 2725 quid

1899 2759 2017 2803 erat
2052 2750 2304 2818 amplius,
2348 2750 2613 2803 reddebat
2641 2751 2691 2802 ei
2732 2750 2825 2815 qui
2859 2749 3108 2802 dederat.
3162 2746 3227 2799 Et
3263 2748 3340 2799 sic
3376 2745 3457 2815 ὶιιτ

1904 2843 2079 2895 terdiu
2112 2841 2332 2909 quidem
2366 2840 2748 2909 perseverabat
2780 2840 3025 2892 laborare
3056 2840 3108 2891 in
3148 2837 3461 2898 seribendo,

1900 2941 1956 2986 et
1979 2933 2121 2990 sicut
2155 2932 2306 2985 aiunt
2340 2932 2521 2983 divina
2564 2931 2815 2998 E'oquia,
2862 2945 2998 2996 opus
3045 2944 3301 2982 tnanuum
3339 2944 3460 2981 sua-

1908 3039 2027 3077 rum
2081 3023 2360 3092 dirigens:
2401 3032 2562 3075 totam
2620 3034 2797 3075 autem
2848 3023 2960 3075 fere
3011 3033 3223 3075 noctem
3263 3036 3465 3073 consu-

239 3113 413 3182 ἡδέως
449 3112 652 3182 ὁμιλῶν
668 3114 785 3181 Θεῷ
816 3122 907 3167 καὶ
933 3116 1241 3184 ένούμενος.
1277 3120 1336 3169 El
1366 3120 1420 3171 δέ
1461 3138 1561 3171 που
1587 3123 1680 3173 καὶ
1714 3140 1800 3190 μι-
1833 3144 1875 3198 C
1909 3129 1918 3165 |

1785 3152 1800 3161 .
1833 3144 1875 3198 ο
1909 3114 2089 3165 mebat
2139 3113 2190 3164 in
2225 3114 2491 3171 oratione.
2538 3122 2592 3165 et
2626 3128 2719 3181 per
2754 3128 2872 3164 eam
2904 3129 3025 3164 eum
3060 3114 3168 3165 Deo
3224 3110 3464 3180 jucunde

243 3206 376 3273 κρόν
400 3222 450 3256 τι
481 3204 558 3273 τῷ
608 3203 760 3274 ὕπνῳ
805 3208 1065 3274 ἀπένειμε
1101 3208 1166 3259 δι’
1212 3210 1377 3277 αὐτὴν
1420 3212 1665 3281 ἀνάγκην
1712 3215 1804 3265 τοῦ

245 3296 535 3363 σώματος,
564 3294 679 3348 ἀλλ’
710 3296 829 3349 οὐδὲ
876 3298 1025 3366 αὐτῷ
1060 3298 1247 3351 ἄνετον
1276 3296 1361 3370 ἦν,
1404 3301 1517 3352 ἀλλ’
1548 3305 1806 3355 ἐπίπονον

244 3387 344 3437 καὶ
384 3387 806 3456 κεκολασμένον.
839 3387 994 3438 υῦτω
1021 3392 1126 3451 πᾶς
1166 3393 1191 3440 ὁ
1226 3391 1414 3458 χρόνος
1452 3394 1598 3459 αὐτῴ
1635 3396 1809 3448 πόνων

245 3492 305 3526 τε
358 3480 449 3527 καὶ
480 3476 662 3529 κόπων
686 3479 777 3530 καὶ
806 3478 1031 3545 ἀγώνων
1066 3482 1256 3547 μεστὸς
1289 3477 1375 3551 ἦν.

319 3637 393 3686 Δ⁹.
420 3633 682 3697 ’Λκούσας
712 3634 766 3688 δέ
800 3652 919 3688 τινα
945 3634 1295 3706 Ἀλέξανδρον
1324 3640 1457 3707 πρὸς
1490 3642 1585 3709 τὴν
1610 3643 1807 3712 ἀρετὴν

246 3724 646 3795 ἀπαράιιιλλον,
687 3725 865 3794 πλῂρη
908 3726 1005 3795 μὲν
1034 3727 1244 3793 σοφίας,
1279 3728 1455 3797 πλήρη
1492 3730 1545 3781 δὲ
1582 3747 1808 3798 ποιμαν-

246 3818 405 3886 τικῆς
449 3815 730 3885 ἀκριϐείας
763 3818 857 3867 καὶ
884 3816 1071 3886 ψυχῶν
1109 3822 1460 3887 προστασίας,
1487 3823 1575 3871 ἐπὶ
1602 3822 1808 3874 πολλῶν

248 3909 371 3960 τότε
396 3905 638 3977 σωτηρίᾳ
654 3908 719 3976 τῇ
743 3906 1010 3970 Βύζαντος
1029 3909 1477 3977 ἐπιχωριάζοντα,
1501 3911 1681 3964 οὐκέτι
1701 3915 1810 3974 τοῖς

251 3998 490 4069 παροῦσι
523 3999 705 4067 μένειν
739 3999 953 4068 ἠγάπα,
1009 4001 1145 4053 ἀλλά
1176 4002 1481 4069 κρείττονος
1526 4004 1809 4071 ἐφιέμενος

247 4088 499 4157 ἀγωγῆς,
529 4090 556 4142 δ
591 4107 646 4142 τι
672 4090 904 4159 τάχιστα
936 4091 1070 4160 πρὸς
1098 4091 1260 4144 αὐτὸν
1298 4092 1505 4159 ἐφοίτα.
1553 4093 1661 4145 Καὶ
1688 4095 1810 4146 τότε

255 4182 358 4250 μὶν
378 4181 567 4243 ὀθεϊος
598 4180 949 4249 Ἀλέξανδρος
988 4184 1120 4251 πρὸς
1152 4183 1231 4251 τῷ
1261 4184 1394 4252 ίερῷ
1418 4186 1552 4253 οἴκῳ
1584 4183 1680 4237 τοῦ
1719 4203 1811 4255 με-

252 4272 422 4339 γάλου
446 4274 502 4323 έν
528 4272 769 4341 μάρτυσι
798 4276 897 4343 τὴν
925 4274 1160 4344 ἀσκησιν
1184 4274 1529 4327 έπεδείκνυτο
1548 4290 1562 4304 ο
1587 4273 1811 4344 ὕστερον

251 4366 310 4419 δὲ
365 4364 501 4432 πρὸς
564 4362 713 4433 αύτῷ
753 4364 832 4434 τῷ
890 4357 985 4416 τοῦ
1046 4365 1246 4417 Πόντου
1309 4365 1537 4434 στόματι
1613 4365 1812 4435 σεμνὸν

1910 3204 2258 3271 loquebatur,
2293 3211 2346 3254 et
2379 3204 2425 3255 ci
2473 3203 2783 3256 uniebatur.
2832 3204 2888 3257 Si
2934 3219 3061 3256 vero
3093 3218 3285 3271 parum
3327 3201 3460 3269 quid

1908 3308 2099 3347 somno
2130 3309 2347 3362 quoque
2394 3294 2657 3348 tribueret
2687 3308 2906 3363 promer
2942 3294 3317 3348 necessitatem
3340 3307 3461 3345 cor-

1911 3384 2080 3452 poris,
2116 3400 2184 3438 ne
2219 3385 2320 3437 hoc
2349 3385 2568 3451 quidem
2599 3395 2716 3438 erat
2752 3387 3065 3445 remissum,
3100 3386 3194 3437 sed
3231 3383 3464 3437 laborio—

1911 3491 2031 3529 sum
2066 3487 2122 3529 et
2157 3478 2499 3546 castigatum.
2540 3476 2630 3530 Sic
2659 3477 2707 3530 ei
2744 3477 3057 3530 universum
3096 3484 3307 3542 tempus
3346 3481 3464 3527 erat

1912 3565 2192 3618 laboribus
2224 3567 2440 3633 plenum
2478 3576 2531 3620 et
2559 3568 2969 3620 certaminibus.

1976 3653 2063 3707 ιν.
2122 3653 2256 3707 Cum
2286 3665 2466 3712 autem
2512 3656 2773 3709 audiisset
2835 3655 3221 3719 Alexandrum,
3282 3656 3459 3708 virum

1910 3744 2196 3812 quemdam
2228 3746 2425 3798 virtute
2457 3746 2961 3814 incomparabilem,
2992 3746 3210 3815 plenum
3241 3744 3460 3813 quidem

1911 3836 2195 3906 sapientia,
2232 3838 2450 3905 plenum
2491 3848 2543 3891 et
2578 3839 2838 3905 pastorali
2869 3838 3235 3892 sollicitudine
3262 3848 3316 3891 et
3342 3836 3463 3890 dili-

1909 3926 2089 3996 gentia
2123 3940 2360 3994 curaque
2387 3927 2711 3990 animarum,
2744 3928 2809 3979 ad
2839 3928 3133 3981 multorum
3165 3936 3293 3980 tunc
3319 3926 3464 3978 salu-

1906 4029 2021 4072 tent
2053 4017 2250 4087 degere
2294 4017 2562 4087 Byzantii.
2616 4033 2721 4070 non
2765 4017 2917 4072 duxit
2948 4032 3068 4073 esse
3096 4018 3199 4072 sibi
3240 4032 3462 4070 manen-

1910 4105 2037 4159 dum
2090 4106 2143 4158 in
2212 4106 2571 4173 prasentihus
2606 4124 2619 4158 :
2654 4106 2747 4159 sed
2797 4108 3122 4161 desiderans
3179 4106 3460 4160 meliorem

1910 4195 2035 4249 vita
2071 4195 2498 4259 institutionem,
2527 4194 2591 4247 ad
2623 4210 2749 4247 eum
2782 4195 2934 4248 venit
2960 4210 3119 4263 quam
3154 4195 3458 4249 celerrime.

1911 4285 1979 4340 Et
2032 4295 2161 4340 tunc
2204 4285 2424 4354 quidem
2479 4286 2700 4339 divinus
2754 4285 3060 4340 Alexander
3126 4285 3179 4338 in
3260 4286 3461 4352 templo

1912 4376 2091 4445 magni
2122 4378 2373 4445 martyris
2403 4375 2570 4429 Menas
2615 4374 2976 4429 exercebatur
3005 4393 3021 4441 ;
3065 4387 3253 4444 postea
3279 4385 3458 4426 autent

254 4454 495 4525 ἱδρύεται
550 4454 984 4524 φροντιστήριον.
1034 4453 1206 4517 Οὗτος
1262 4455 1357 4508 καὶ
1396 4456 1560 4525 νόμον
1598 4458 1810 4525 εἰσάγει
1841 4455 1931 4521 Di

1781 4475 1810 4510 ιι
1841 4455 1886 4510 υ
1916 4467 1969 4521 in
2019 4466 2139 4535 ipso
2168 4481 2385 4535 quoque
2437 4468 2576 4520 ostio
2630 4466 2785 4520 Ponti
2834 4468 3203 4520 venerandum
3268 4466 3460 4520 statuit

257 4547 444 4600 καινὸν
482 4545 601 4615 μιν,
627 4546 765 4599 ἀλλά
796 4545 903 4599 τῶν
923 4546 1236 4615 ἁπανταχοῦ
1290 4548 1609 4603 κάλλιστον’
1645 4549 1808 4619 μηδέ.

254 4652 390 4690 ποτε
417 4638 523 4688 τῶν
544 4638 623 4698 είς
644 4633 775 4687 Θεὸν
803 4634 991 4703 ὕμνων
1026 4638 1091 4689 τὸ
1144 4637 1365 4705 συνεχές
1402 4635 1809 4702 διακόπτεσθαι,

258 4727 397 4780 ἀλλά
430 4730 495 4797 τῇ
550 4726 689 4780 κατά
712 4726 958 4797 διαδοχὴν
1004 4726 1115 4781 τῶν
1154 4726 1606 4798 λειτουργούντων
1647 4728 1814 4780 ὑπαλ-

261 4818 401 4885 λαγῇ
459 4815 558 4885 τὴν
590 4816 852 4885 άσίγητον
892 4816 1098 4884 ταύτην
1132 4817 1227 4869 καὶ
1271 4815 1547 4869 άπαυστον
1593 4816 1669 4886 τῷ
1721 4818 1815 4867 Δε-

260 4909 436 4977 σπότη
482 4907 879 4978 περιποιεῖσθαι
930 4906 1258 4976 δοξολογίαν.
1317 4908 1408 4978 Τῷ
1456 4908 1586 4976 θείῳ
1634 4908 1814 4961 τοίνυν
1854 4944 1867 4971 ν,

274 4997 610 5067 Ἀλεξάνδρῳ
646 4998 739 5051 τὸν
792 4998 1111 5067 Μάρκελλον
1144 5000 1321 5051 έκείσε
1368 4997 1814 5067 παραγενόμενον

260 5092 290 5143 ὁ
321 5091 557 5158 χρηστὸς
592 5089 815 5141 συνίστα
842 5088 1123 5153 Ἰάκωϐος,
1173 5089 1232 5151 δς
1262 5089 1501 5159 συνήθης
1541 5089 1641 5157 μέν
1682 5088 1816 5157 πρό-

261 5195 420 5249 τερον
442 5179 674 5249 έγενήθη
722 5180 1059 5253 Μαρκέλλῳ,
1099 5178 1433 5249 Ἀλεξάνδρῳ
1466 5181 1522 5233 δι
1551 5181 1814 5249 φοιτήσας

265 5270 480 5339 πρῶτος
531 5271 679 5340 αὕτῷ
725 5273 784 5324 έν
845 5270 1111 5341 μαθηταῖς
1146 5268 1234 5343 ἦν.
1290 5266 1461 5336 Οὗτος
1499 5272 1682 5342 ἔχαιρε
1714 5275 1814 5342 μὶν

275 5361 609 5431 Ἀλεξάνδρῳ
656 5361 1095 5432 μαθητευόμενος
1120 5403 1135 5429 ,
1180 5363 1302 5432 ἡνία
1345 5363 1399 5417 δὲ
1436 5365 1595 5415 αὑτὸν
1623 5364 1703 5417 ὅτι
1738 5368 1812 5435 μὴ

265 5451 362 5503 καὶ
392 5451 710 5521 Μάρκελλον
738 5448 850 5521 εἶχε
889 5454 1285 5524 συμφοιτητήν.

336 5633 410 5687 εν.
441 5633 591 5685 Ἐπεὶ
610 5632 704 5685 οὖν
737 5636 829 5688 καὶ
858 5634 1057 5703 ἥκοντα
1094 5631 1253 5695 εἶδεν,
1288 5636 1518 5705 ἄσμενος
1550 5637 1811 5705 προσάγει

264 5723 344 5797 τῷ
360 5722 685 5795 διδασκάλῳ,
706 5725 822 5781 καὶ.
857 5717 1027 5790 Οὗτός
1048 5728 1184 5793 εστι,
1208 5726 1375 5797 λέγει,
1404 5727 1595 5797 πάτερ.
1621 5727 1677 5791 ὃς
1711 5729 1815 5799 ἄρα

1913 4557 2324 4611 monasterium.
2374 4556 2431 4609 lu
2474 4571 2582 4626 quo
2638 4571 2834 4610 novam
2882 4556 3126 4625 quidem,
3171 4554 3266 4611 sed
3302 4557 3459 4624 longe

1913 4650 2155 4702 omnium
2180 4648 2622 4718 pulcherrimam,
2648 4648 2820 4717 legem
2848 4649 3123 4716 imposuit,
3146 4655 3206 4701 ut
3233 4648 3460 4717 hymno-

1916 4754 2030 4792 rum
2064 4736 2131 4791 ad
2165 4738 2333 4793 Deum
2365 4753 2639 4806 nunquam
2666 4738 3156 4806 interrunrperetur
3184 4738 3459 4806 perpetui-

1915 4838 2014 4890 tas,
2074 4826 2167 4879 sed
2192 4840 2288 4893 per
2312 4825 2456 4880 vices
2486 4827 2707 4880 mutatis
2738 4825 3018 4886 ministris.
3045 4825 3157 4879 haec
3182 4840 3459 4893 nunquam

1915 4917 2083 4971 silens
2116 4925 2172 4971 et
2207 4930 2481 4985 nunquam
2530 4916 2926 4984 conquiescens
2966 4914 3299 4969 tribueretur
3350 4914 3460 4969 Deo

1912 5006 2255 5079 gloriﬁcatio.
2274 5007 2469 5062 Divino
2492 5021 2621 5075 ergo
2648 5005 2955 5060 Alexandro
2976 5004 3306 5068 Marcellum,
3334 5019 3458 5058 cum

1918 5100 2046 5153 illuc
2081 5097 2419 5162 accessisset,
2468 5099 2644 5151 bonus
2679 5096 3024 5150 commendat
3053 5096 3287 5150 Iacobus
3318 5112 3330 5146 :
3367 5094 3459 5163 qui

1917 5191 2068 5259 prius
2093 5189 2313 5259 quidem
2348 5188 2599 5242 Marcello
2628 5187 2803 5241 fuerat
2827 5186 3103 5241 familiaris
3134 5203 3147 5239 :
3177 5200 3299 5238 cum
3330 5200 3457 5238 ven-

1917 5280 2129 5334 titasset
2162 5286 2341 5331 autem
2372 5276 2439 5330 ad
2472 5276 2835 5330 Alexandrum
2859 5315 2873 5339 ,
2905 5284 3020 5330 erat
3048 5277 3099 5328 ei
3133 5276 3338 5344 primus
3380 5274 3462 5328 in-

1919 5383 2000 5425 ter
2026 5370 2341 5437 discipulos.
2391 5368 2437 5424 is
2480 5384 2611 5423 vero
2658 5368 2931 5437 gaudebat
2964 5367 3183 5430 quidem
3238 5382 3297 5421 se
3341 5381 3460 5421 esse

1918 5460 2204 5513 Alexandri
2233 5460 2592 5526 discipulum;
2633 5459 2773 5513 male
2821 5466 3002 5512 autem
3030 5473 3156 5512 eum
3208 5458 3461 5521 habebat,

1919 5548 2063 5617 quod
2099 5564 2204 5602 non
2233 5548 2298 5601 ad
2331 5549 2505 5615 ipsum
2542 5561 2758 5615 quoque
2808 5547 3101 5601 ventitaret
3152 5547 3457 5601 Marcellus.

1990 5637 2050 5690 V.
2085 5634 2371 5702 Postquam
2406 5650 2537 5702 ergo
2566 5648 2689 5688 eum
2721 5630 2854 5686 vidit
2878 5632 3208 5692 venientem,
3240 5646 3363 5685 eum
3394 5631 3457 5683 li-

1922 5727 2111 5783 bentcr
2142 5724 2360 5780 adducit
2391 5724 2456 5778 ad
2486 5724 2819 5794 magistrum,
2850 5733 2925 5786 et,
2986 5722 3083 5777 Hic
3109 5730 3216 5789 est,
3265 5720 3457 5790 inquit.
