4242 6442
775 417 893 485 ’115

2003 420 2287 481 MENSIS
2330 421 2756 482 DECEMBER.

3927 424 4036 489 716

763 552 895 592 cum
921 536 1111 594 liceret
1133 535 1388 591 Marcello
1416 535 1708 603 imperare,
1745 533 1944 589 maluit
1989 535 2104 604 ipse
2137 550 2326 603 parere
2359 551 2399 604 Α

2435 534 2720 603 δεξόμενον
2746 576 2759 601 ,
2819 537 2912 588 καὶ
2966 537 3054 590 διὰ
3085 538 3259 594 ταῦτα
3312 539 3413 611 την
3441 541 3622 611 φυγὴν
3652 542 3892 606 ἑλέσθαι,
3924 543 4030 597 τοῦ

769 629 910 695 aliis,
943 629 1037 684 sed
1084 628 1230 698 quod
1272 642 1378 681 non
1419 626 1694 695 ignoraret
1725 625 1989 689 futurum,
2015 635 2073 679 ut
2098 626 2332 681 Joannes

770 722 819 774 ei
850 721 905 775 'rn
927 720 1135 775 honore
1189 718 1559 788 praeferretur,
1607 727 1663 772 et
1710 733 1835 771 eum
1879 733 2021 779 esse,
2086 717 2178 785 qui
2211 729 2325 772 erat

2443 628 2517 695 μὴ
2553 627 2786 696 φανῆναι
2815 628 3066 701 δεύτερον
3094 633 3339 699 ἐκείνου,
3373 634 3470 687 καὶ
3497 634 3573 706 μὴ
3599 635 3860 688 δύνασθαι
3889 637 4032 706 ῥᾷον

2435 719 2726 786 ὑπομεῖναι
2749 719 2849 788 τὴν
2889 723 3203 792 πρόκρισιν.

770 813 825 867 in
897 814 996 867 liae
1032 812 1352 883 praefectura
1417 825 1790 872 successurus,
1843 811 2034 864 maluit
2087 824 2146 864 se
2198 809 2322 878 fuga
2353 810 2700 874 subducere,
2755 826 2919 880 quam
2959 814 3136 870 videri
3193 816 3270 872 illi
3322 817 3676 873 secundum:
3714 833 3817 874 nec
3861 819 4028 874 facile

771 909 1043 964 sustinere
1079 908 1253 977 potuit
1295 921 1420 960 eum
1444 921 1563 960 esse
1593 905 1893 974 pmlatum.

840 1000 907 1052 X.
943 999 1064 1053 llaec
1093 1000 1195 1053 etsi
1224 1008 1406 1053 essent
1438 997 1719 1052 confutatu
1771 995 1970 1063 facilia,
2020 999 2332 1054 accuratius

773 1100 949 1146 tamen
1002 1089 1220 1144 docebit
1262 1089 1626 1158 experientia.
1684 1088 1921 1142 Joannes
1963 1088 2109 1143 enim
2148 1089 2335 1143 volens

771 1181 1067 1244 declarare,
1106 1180 1170 1234 ad
1211 1194 1372 1249 quam
1409 1179 1734 1248 profundam
1776 1178 2012 1232 venisset
2051 1176 2335 1232 Hareellus

771 1273 1155 1335 humilitatem,
1218 1279 1271 1325 et
1326 1270 1659 1341 persuadere
1737 1269 2016 1324 monachis
2061 1285 2127 1325 ne
2176 1269 2334 1324 facile

770 1366 1233 1419 condemnarent:
1267 1360 1474 1427 Rebus,
1512 1363 1707 1430 inquit,
1769 1364 1921 1432 ipsis,
1965 1377 1998 1415 o
2031 1362 2145 1424 filii,
2182 1376 2333 1416 com-

773 1456 1095 1510 mittendum
1115 1465 1193 1509 est
1222 1455 1486 1524 judicium
1518 1470 1534 1519 ;
1571 1469 1804 1521 cumque
1831 1453 1969 1507 nihil
2000 1453 2144 1507 aliud
2172 1452 2334 1506 dixis-

768 1557 872 1610 set,
928 1548 980 1600 in
1015 1548 1194 1599 animo
1228 1545 1479 1599 versabat
1537 1544 1784 1598 redeunti
1822 1543 2075 1598 Marcello
2129 1544 2331 1597 vilissi-

774 1655 919 1692 mum
951 1637 1196 1692 ordinem
1232 1637 1551 1698 ministerii,
1585 1653 1775 1704 nempe
1815 1637 2089 1689 asinorum
2123 1651 2327 1697 curam,

773 1728 1024 1783 credere.
1089 1727 1378 1796 Postquam
1419 1741 1549 1795 ergo
1615 1725 1702 1779 ille
1770 1726 1950 1788 rediit,
1984 1734 2036 1778 et
2067 1725 2166 1778 hoc
2187 1724 2329 1794 quod

772 1820 1060 1873 videbatur
1088 1822 1320 1873 maxime
1351 1818 1794 1888 ignominiosum,
1825 1817 1878 1870 in
1907 1828 2200 1884 conspectu
2218 1830 2334 1869 om-

773 1911 925 1964 nium
972 1911 1132 1980 jussit
1172 1910 1476 1978 prchecws,
1512 1909 1793 1962 Marcellus
1851 1908 1941 1960 hic
1987 1906 2330 1960 manifestum

774 2002 925 2056 dedit
955 2011 1330 2070 argumentum
1364 2015 1473 2054 suae
1510 1999 1785 2053 modestize
1819 2009 1872 2052 et
1901 1998 2122 2052 demissi
2166 1999 2332 2066 spiri-
2368 1984 2407 2038 Β

775 2107 877 2148 tus.
927 2095 1042 2147 Non
1076 2094 1248 2147 solum
1297 2094 1440 2146 enim
1486 2092 1692 2160 jussum
1739 2091 1912 2145 libens
1956 2091 2184 2158 accepit,
2238 2090 2330 2144 sed

773 2184 902 2237 fecit
933 2184 1094 2236 etiam
1143 2181 1342 2248 aliquid
1374 2181 1697 2249 elegantius.
1733 2180 1882 2232 Adeo
1923 2181 2066 2231 enim
2101 2179 2333 2232 libenter

775 2275 910 2326 dixit
940 2289 996 2326 se
1026 2272 1207 2325 subire
1236 2272 1336 2324 hoc
1364 2285 1502 2323 onus
1537 2270 1847 2333 ministerii,
1883 2279 1939 2322 ut
1973 2270 2023 2322 id
2050 2271 2211 2323 etiam
2239 2285 2333 2338 po-

778 2375 931 2417 neret
961 2364 1011 2415 in
1042 2362 1162 2415 loco
1192 2362 1460 2425 benelicii,
1485 2371 1536 2415 et
1589 2369 1801 2430 rogaret
1835 2370 1890 2413 ut
1919 2361 2056 2414 datis
2116 2360 2334 2429 scriptis

775 2455 879 2509 sibi
918 2464 1218 2513 caveretur,
1253 2463 1310 2506 ut
1354 2467 1478 2514 nec,
1507 2453 1551 2506 si
1587 2453 1744 2505 vellet
1783 2451 2025 2519 quidem,
2061 2458 2243 2517 posset
2267 2448 2335 2502 ab

777 2560 843 2600 eo
869 2545 1139 2598 recedere.
1182 2544 1244 2597 Et
1280 2560 1384 2597 non
1429 2544 1506 2597 sic
1538 2543 1674 2596 dixit
1703 2543 1945 2611 quidem.
1992 2557 2099 2594 non
2155 2551 2332 2594 autem

777 2636 923 2690 fecit.
946 2637 1128 2704 Neque
1150 2634 1276 2688 fecit
1305 2637 1541 2703 quidem,
1562 2634 1653 2687 sed
1680 2648 1844 2701 parvo
1869 2643 2132 2700 tempore,
2160 2632 2254 2684 sed
2282 2632 2334 2683 in

779 2728 938 2782 factis
958 2729 1087 2796 ipsis
1118 2727 1263 2780 visus
1279 2739 1362 2780 est
1389 2727 1544 2795 longe
1573 2722 1994 2780 acrior.Tandiu
2016 2731 2197 2775 autem
2221 2736 2341 2790 per-

781 2835 998 2880 seveiat
1020 2828 1072 2877 in
1104 2825 1206 2877 hoc
1232 2821 1757 2883 ministerio,donec
1784 2832 1973 2872 omnes
2002 2815 2186 2870 multis
2214 2829 2338 2882 pre-

782 2918 939 2970 cibus
963 2915 1231 2983 supplices
1268 2913 1333 2966 ab
1364 2928 1429 2966 eo
1469 2910 1891 2969 contenderunt,
1927 2917 1986 2960 ut
2019 2906 2099 2961 eis
2119 2904 2335 2972 quidem

781 3009 1121 3077 ignosceret;
1154 3008 1220 3060 ab
1239 3007 1340 3059 hoc
1371 3019 1500 3060 vero
1527 3003 1748 3056 servitio
1771 3001 2076 3055 discederet
2103 3015 2117 3052 :
2141 2998 2336 3052 absur-

2507 1002 2561 1056 1.
2593 1003 2800 1069 Ταῦτα,
2857 1005 3034 1059 καίτοι
3090 1004 3267 1069 οὕτως
3331 1005 3461 1060 ὄντα
3513 1007 3835 1074 εὐέλεγκτα,
3867 1009 4030 1077 ὅμως

2433 1092 2823 1168 ἀκριϐέστερον
2854 1099 3017 1164 πεῖρα
3042 1098 3265 1163 διδάξει.
3309 1099 3370 1151 ’0
3405 1100 3514 1168 γὰρ
3553 1099 3810 1169 Ἰωάννης
3849 1099 4026 1168 δηλῶ-

2437 1200 2528 1239 σαι
2550 1187 2875 1258 βουλόμενος
2905 1191 2984 1254 είς
3012 1191 3136 1245 ὅσον
3175 1191 3336 1261 βάθος
3391 1191 3620 1260 ἀφίκετο
3650 1207 4023 1261 ταπεινοφρο-

2436 1277 2602 1348 σύνης
2631 1284 2660 1334 ὁ
2689 1282 3036 1352 Μάρκελλος,
3068 1287 3164 1337 καὶ
3205 1285 3333 1347 τοὺς
3372 1287 3644 1354 μοναχοὺς
3693 1287 3882 1338 πεῖσαι
3947 1286 4025 1356 μὴ

2436 1366 2634 1436 ῥαδίως
2671 1370 3122 1437 καταγινώσκειν,
3153 1373 3399 1441 Ἔργοις,
3451 1375 3576 1444 εφη,
3608 1368 3653 1427 ὧ
3683 1377 3874 1436 τέκνα,
3920 1377 4025 1442 τὴν

2438 1460 2615 1529 κρίσιν
2646 1461 3028 1530 ἐπιτρεπτέον.
3070 1467 3162 1518 καὶ
3200 1466 3365 1536 μηδὲν
3408 1467 3569 1519 πλέον
3615 1467 4020 1535 φθεγξάμενος,

2437 1548 2667 1620 ἔστρεφε
2700 1556 2842 1605 κατὰ
2895 1553 3015 1608 νοῦν
3057 1556 3386 1626 ἐπανήκοντι
3444 1559 3749 1627 Μαρκέλλῳ
3787 1560 3886 1628 τὴν
3918 1560 4023 1627 τῆς

2434 1640 2736 1710 ὑπηρεσίας
2788 1645 2959 1710 τάξιν,
3013 1647 3107 1698 τοῦ
3169 1649 3291 1700 δνου
3348 1650 3444 1718 τὴν
3497 1650 3814 1716 ἐπιμέλειαν
3869 1649 4025 1718 αὐτῷ

2433 1732 2757 1802 ἐγχειρίσαι.
2811 1737 2963 1789 Ἐπεὶ
2990 1733 3082 1791 οὖν
3109 1742 3312 1803 ἐκεῖνος
3348 1741 3611 1810 ἐπα·ιῆκε,
3664 1743 3757 1794 καὶ
3792 1745 3856 1794 τὸ
3881 1742 4021 1810 €ch-

2435 1819 2654 1892 δριστον
2694 1825 2835 1879 οὕτω
2889 1829 3078 1881 δοκοῦν
3121 1832 3205 1884 ἐπ’
3235 1832 3358 1900 ὄψει
3419 1834 3637 1886 πάντων
3668 1836 3967 1887 ἐπέταττεν
3997 1838 4022 1886 ὁ

2439 1913 2776 1986 καθηγητὴς,
2808 1922 2834 1971 ὁ
2865 1922 3178 1989 Μάρκελλος
3208 1924 3441 1977 ἐνταῦθα
3475 1928 3619 1995 σαφῆ
3655 1928 3751 1995 τὴν
3782 1927 4022 1996 βάσανον

2437 2005 2535 2072 τῆς
2574 2011 3042 2080 μετριοφροαύνης
3099 2013 3304 2068 ἐδίδουο
3335 2017 3397 2068 οὐ
3435 2019 3594 2084 μόνον
3646 2020 3754 2084 γαρ
3806 2019 4021 2088 χαίρων

2435 2097 2650 2166 ἐδέχετο
2680 2102 2738 2151 τδι
2765 2103 3068 2170 ἐπίταγμα,
3104 2107 3239 2160 ἀλλά
3270 2124 3320 2158 τι
3361 2110 3545 2178 μεῖζον
3592 2112 3682 2160 καὶ
3715 2110 4014 2178 χαριέστε-

2443 2204 2533 2256 ρον
2564 2189 2934 2246 ἐπεδείκνυτο.
2991 2194 3146 2248 Οὕτω
3209 2198 3339 2265 γὰρ,
3402 2199 3586 2267 φησὶν,
3619 2201 3873 2269 ἁσμένως
3922 2201 4021 2268 τὴν

2442 2272 2784 2346 λειτουργίαν
2815 2280 3106 2351 ὑπήρχετο,
3139 2285 3246 2354 ὅσῳ
3274 2287 3367 2340 καὶ
3398 2289 3454 2338 ἐν
3485 2287 3806 2356 εὐεργεσίας
3844 2291 4018 2356 αὐτὴν

2447 2365 2609 2434 μοῖρα
2647 2368 2910 2432 τίθεσθαι,
2942 2375 3035 2425 καὶ
3074 2377 3438 2448 γραμματείῳ
3464 2378 3800 2448 τδ’ἁσφαλὲς
3837 2382 4021 2432 λαϐεῖν

2439 2452 2647 2518 ἀξιοῦν,
2683 2455 2825 2510 ὥστε
2868 2461 2999 2529 μηδέ
3038 2462 3347 2536 βουλομένῳ
3375 2469 3504 2520 ποτέ
3547 2470 3719 2540 ταύτῃ
3753 2470 4016 2538 ἐκστῆναι

2438 2543 2663 2597 δυνατὸν
2695 2541 2854 2603 εἶναι.
2902 2553 3006 2605 Καὶ
3033 2555 3132 2606 οὐκ
3161 2551 3279 2608 εἷπε
3321 2558 3419 2625 μὲν
3447 2558 3642 2622 οὕτως,
3676 2563 3777 2612 οὐκ
3812 2561 4020 2630 ἔπραξε

2442 2636 2534 2688 δέ·
2583 2640 2705 2692 οὐδὲ
2747 2641 2952 2712 ἔπραξε
2996 2647 3118 2715 μὲν,
3155 2649 3239 2701 ἐπ’
3265 2650 3443 2717 ὀλίγον
3473 2652 3551 2713 δέ,
3583 2653 3717 2704 ἀλλα
3745 2654 3881 2706 πολὺ
3922 2655 4022 2720 μὲν

2441 2727 2774 2799 θερμότερος
2834 2737 2930 2789 ἐπὶ
2980 2739 3087 2790 τῶν
3122 2740 3300 2809 ἔργων
3335 2743 3566 2812 ἑωρᾶτο.
3610 2745 3734 2796 ’ί-Σπὶ
3777 2747 4022 2815 τοσούτῳ

2445 2819 2500 2870 δὲ
2536 2823 2629 2873 καὶ
2679 2825 2780 2893 τὴν
2833 2827 3138 2898 ὑπηρεσίαν
3197 2833 3518 2902 παρέτεινεν
3551 2834 3658 2895 ἐως
3701 2837 3793 2887 καὶ
3846 2836 4022 2888 πολλα

2442 2907 2727 2978 δεηθέντες
2755 2916 2929 2968 ἱκέται
2983 2919 3183 2982 πάντες
3213 2921 3375 2974 αὑτοῦ
3405 2924 3719 2990 γεγόνασιν,
3755 2924 3898 2977 ὥστε
3929 2927 4022 2977 αὺ-

2447 3000 2558 3060 τοῖς
2593 3001 2692 3069 μὲν
2721 3006 3048 3071 συγγνῶναι,
3076 3009 3174 3076 τῆς
3208 3010 3264 3061 δέ
3308 3011 3566 3081 τοιαύτης
3597 3013 3854 3081 ἐκστῆναι
3891 3015 4015 3066 δου-

785 3098 1071 3151 dumenim
1114 3111 1253 3159 esse,
1300 3095 1460 3149 talem
1479 3093 1651 3147 virum
1678 3104 1781 3146 tam
1809 3091 1934 3144 vilia
1979 3089 2164 3143 subire
2184 3088 2346 3141 mini-
2372 3079 2407 3142 C

2447 3089 2611 3152 λείας.
2655 3094 2890 3148 Ἄτοπον
2917 3098 3024 3166 γὰρ
3050 3100 3220 3168 ἄνδρα
3243 3102 3443 3155 τοιόνδε
3469 3079 3605 3172 πρὸς
3628 3079 3853 3172 ἀτίμους
3879 3105 4023 3158 οὕτω

783 3187 967 3250 slcria,
996 3187 1085 3254 qui
1115 3186 1261 3256 gregi
1303 3185 1526 3238 rationis
1549 3182 1782 3252 compoti
1817 3180 2012 3252 dignus
2046 3188 2163 3234 erat
2204 3193 2346 3248 pra:-

783 3296 922 3335 esse.

859 3370 946 3424 XI.
981 3370 1097 3424 Non
1119 3371 1343 3423 multum
1371 3368 1630 3438 temporis
1667 3366 2000 3427 intercessit,
2029 3371 2082 3415 et
2105 3361 2342 3417 Joannes

786 3467 922 3535 ipse,
948 3464 1040 3534 qui
1064 3464 1391 3518 monasterio
1414 3470 1658 3530 prreerat,
1679 3461 1927 3529 migravit
1943 3457 2008 3511 ad
2032 3456 2340 3515 Dominum,

786 3557 1076 3624 statimque
1104 3554 1187 3608 div
1201 3569 1262 3607 us
1291 3553 1577 3607 Marcellus
1625 3553 1849 3605 fratrum
1901 3548 2125 3617 suscipit
2155 3544 2344 3614 praefe-

786 3658 1018 3712 cturam,
1061 3656 1115 3701 et
1160 3647 1546 3701 charismatum
1593 3643 1726 3696 radii
1753 3641 1941 3710 quales
1984 3649 2039 3693 et
2069 3638 2255 3707 quanti
2290 3637 2342 3688 in

786 3753 854 3793 eo
886 3748 1087 3802 essent,
1133 3737 1393 3790 omnibus
1441 3749 1660 3789 evasere
1700 3731 1986 3785 manifesti.
2046 3727 2150 3782 Sed
2187 3725 2347 3794 quid-

791 3844 918 3884 nam
951 3830 1069 3898 ejus
1107 3827 1373 3896 quiSpiam
1408 3827 1635 3895 primum
1664 3822 1826 3876 fuerit
1858 3821 2174 3881 admiratus,
2209 3817 2342 3869 iusi-

784 3935 1026 3991 ‘gnemne
1056 3920 1173 3988 ejus
1209 3918 1260 3970 in
1317 3930 1582 3986 pauperes
1627 3911 2076 3970 misericordiam,
2127 3923 2194 3960 an
2226 3921 2346 3976 que

794 4021 1020 4083 projitcr
1047 4027 1165 4064 eam
1199 4008 1335 4062 facta
1363 4019 1509 4068 sunt,
1541 4006 1799 4059 miracula
1839 4004 1860 4054 ’ί
1889 4003 1980 4068 qui
2012 4002 2090 4054 sic
2126 3999 2344 4067 quidem

795 4105 1105 4158 communia
1140 4102 1294 4168 (nihil
1348 4100 1490 4153 enim
1523 4097 1755 4150 habebat
1817 4090 2116 4163 proprium)
2150 4105 2346 4141 consu-

790 4195 994 4258 mebat,
1023 4203 1082 4245 ut
1117 4192 1391 4245 videretur
1422 4189 1716 4257 paulo‘post
1748 4195 1802 4239 et
1839 4185 1971 4253 ipse,
2001 4182 2342 4250 et,mouachi,

797 4285 1074 4354 redigendi
1101 4284 1164 4335 ad
1184 4293 1495 4352 egestatem.
1527 4279 1660 4333 Tam
1688 4278 1905 4331 abunde
1936 4288 2112 4329 autem
2134 4273 2348 4327 assidue

793 4379 1189 4447 suppeditabat,
1229 4383 1415 4427 utnon
1468 4388 1668 4432 minus,
1699 4385 1858 4439 quam
1893 4367 2036 4437 quod
2083 4367 2208 4419 fecit
2246 4365 2347 4416 Do-

793 4471 990 4530 minus,
1022 4466 1424 4534 conspiceretur
1447 4463 1608 4516 etiatn
1643 4463 1694 4514 in
1725 4475 1879 4514 servo
1910 4461 2038 4511 ﬁeri.
2070 4457 2349 4522 Qumnozlo

2467 3183 2814 3237 καταϐαίνειν
2867 3188 3187 3258 ὑπηρεσίας,
3243 3192 3335 3244 τὸν
3375 3194 3468 3247 καὶ
3504 3195 3738 3264 ποίμνης
3789 3194 4018 3264 λογικῆς

2439 3269 2626 3339 ἄρχειν
2659 3275 2829 3339 ἄξιον.

2513 3359 2610 3415 ΙΑ’.
2645 3366 2718 3416 Οὐ
2756 3367 2887 3419 πολὺ
2927 3371 2986 3421 τὸ
3035 3373 3092 3422 ἐν
3125 3373 3293 3440 μέσῳ,
3355 3363 3448 3426 καὶ
3509 3376 3764 3446 Ἰωάννης
3801 3378 3964 3440 αὐτὸς
3991 3381 4018 3429 ὁ

2443 3450 2539 3519 τῆς
2575 3455 2740 3522 μονῆς
2794 3461 3076 3528 προεστὼς
3111 3464 3364 3534 ἐξεδήμει
3405 3466 3541 3534 πρὸς
3596 3467 3801 3537 Κύριον
3824 3509 3839 3531 ,
3872 3471 3964 3522 καὶ
3993 3473 4018 3521 ὀ

2443 3541 2581 3606 Gate;
2611 3547 2809 3600 αὐτίκα
2840 3552 3158 3621 Μάρκελλος
3207 3558 3307 3626 τὴν
3344 3559 3453 3610 τῶν
3493 3559 3740 3628 ἀδελφῶν
3765 3561 4018 3628 ἀναδέχε-

2444 3648 2531 3719 ται
2565 3641 2920 3704 προστασίαν,
2963 3646 3056 3694 καὶ
3094 3648 3148 3697 αι
3197 3649 3309 3699 τῶν
3361 3652 3718 3719 χαρισμάτων
3775 3654 4013 3714 ἀκτῖνες.

2443 3718 2551 3774 οἷαι
2581 3729 2672 3778 καὶ
2699 3729 2820 3781 ὅσαι
2868 3732 2941 3800 τῷ
2973 3735 3126 3805 ἀνδρὶ
3184 3739 3406 3806 ἐνῆσαν,
3448 3744 3678 3809 φανεραὶ
3722 3745 3858 3795 πᾶσι
3888 3744 4015 3796 καθ-

2449 3815 2681 3870 ίσταντο.
2723 3821 2880 3874 Ἀλλὰ
2913 3825 2961 3875 τί
2987 3827 3052 3878 ἄν
3087 3843 3170 3888 τις
3226 3830 3390 3882 αὑτοῦ
3444 3833 3657 3901 πρῶτον
3691 3832 4014 3903 θαυμάσειε,

2446 3908 2504 3956 τ’,
2526 3907 2862 3974 ὑπερϐάλλον
2890 3916 2986 3982 τῆς
3022 3919 3150 3985 περὶ
3180 3921 3304 3980 τοὺς
3325 3924 3560 3990 πένητας
3592 3925 4014 3994 εὐσπλαγχνίας,

2448 3995 2480 4063 ἢ
2524 3997 2631 4047 τῶν
2666 4001 2756 4050 ἐπὶ
2786 4003 2988 4068 ταύτην
3022 4006 3351 4074 θαυμάτωνς
3385 4010 3441 4073 ὃς
3465 4011 3606 4062 οὕτω
3641 4013 3741 4079 μὲν
3771 4021 3838 4063 τι
3867 4023 4016 4065 κοινα

2451 4088 2604 4152 (ἴδιον
2633 4092 2740 4159 γὰρ
2771 4093 2922 4144 οὐδὲν
2959 4093 3095 4165 εἶχε)
3128 4100 3237 4159 τοῖς
3269 4099 3545 4166 δεομένοις
3596 4103 3911 4171 ἁιῄλιακεν,
3945 4107 4016 4167 ὡς

2453 4176 2626 4228 δοκεῖν
2655 4181 2777 4232 ὅεον
2798 4183 2949 4236 οὔπω
2969 4191 3035 4238 τα
3072 4189 3170 4256 μέν
3201 4189 3472 4258 δεομένων
3499 4193 3662 4246 αὐτόν
3686 4210 3746 4246 τε
3776 4198 3868 4246 καὶ
3893 4199 4015 4258 τοὺς

2463 4271 2731 4338 μοναχοὺς
2757 4275 3155 4345 ὑποστήσεσθαι
3178 4298 3188 4309 ·
3214 4281 3356 4334 οὕτω
3373 4284 3426 4336 δὲ
3451 4286 3704 4354 παρέχων
3728 4287 3988 4355 ἀπλήστω

2449 4362 2738 4432 ἀνελλιπὴς
2772 4361 2860 4433 ἦν,
2919 4368 2992 4430 ὼς
3031 4371 3183 4422 οὐδὲν
3233 4373 3452 4426 ἐλαττον
3489 4377 3549 4427 τὸ
3598 4375 3690 4428 τοῦ
3747 4380 4016 4430 Δεσπότςυ

2452 4452 2550 4503 κάν
2584 4453 2658 4521 τῷ
2687 4455 2856 4539 aceto
2890 4463 3171 4528 γινόμενον
3207 4465 3471 4534 καθορᾷν.
3507 4465 3719 4534 Ὠσπερ
3767 4469 3863 4520 καὶ
3897 4471 4014 4522 τότε

797 4561 941 4611 enim
971 4568 1097 4610 tunc
1128 4571 1233 4608 non
1268 4555 1450 4623 plures
1471 4567 1630 4621 quam
1659 4552 1897 4620 quinque
1931 4563 2114 4613 panes,
2155 4557 2210 4598 et
2241 4545 2349 4597 duo
2382 4577 2407 4634 ι

2452 4545 2511 4594 οὺ
2542 4544 2756 4606 πλείους
2789 4549 2896 4602 τῶν
2946 4552 3107 4603 πέντε
3165 4556 3348 4621 ἄρτων
3393 4558 3622 4610 καὶτῶν
3675 4559 3770 4610 δύο
3818 4560 4013 4629 ἰχθύων

795 4652 993 4719 pisces.
1026 4647 1278 4701 aluerunt
1303 4643 1701 4698 multitudinem
1725 4641 2006 4694 hominum
2035 4639 2100 4690 ad
2134 4636 2349 4690 satieta-

797 4755 925 4803 tem,
955 4745 1026 4794 ita
1059 4755 1205 4794 nunc
1227 4752 1444 4808 quoque
1477 4735 1662 4804 paucis
1688 4733 1929 4801 quotidie
1947 4731 2193 4784 aleb..tur
2219 4727 2352 4780 mul-

803 4833 980 4887 titudo
1010 4835 1302 4899 egentium,
1355 4836 1406 4880 ct
1438 4844 1501 4881 ea
1538 4841 1725 4880 rursus
1775 4827 1854 4878 eis
1885 4823 2104 4875 minime
2129 4821 2350 4874 delicia-

797 4927 944 4978 baut.
983 4922 1086 4977 Sed
1120 4923 1230 4974 hate
1259 4919 1474 4989 quidem
1504 4920 1575 4972 ita
1602 4932 1658 4970 se
1681 4916 1966 4969 halebant.
1990 4911 2346 4978 Quemadmo-

799 5019 928 5076 dum
971 5025 1146 5070 autem
1173 5030 1237 5068 ea
1260 5014 1422 5068 rebus
1444 5011 1794 5072 difﬁcillimis,
1825 5018 1874 5062 cl
1905 5021 2135 5075 quarum
2175 5004 2357 5057 nullus

801 5108 1117 5179 sperabatur
1139 5106 1333 5166 exitus,
1358 5118 1385 5156 a
1403 5102 1612 5171 superis
1632 5100 1817 5154 eidata
1841 5097 2139 5158 sitsolutio,
2163 5105 2213 5148 et
2239 5109 2357 5163 quae

798 5200 846 5253 ei
878 5200 1018 5252 dicta
1037 5205 1181 5256 sunt,
1208 5195 1365 5248 finem
1387 5192 1824 5261 acceperint,par
1839 5198 1920 5243 est
1939 5187 2125 5258 paucis
2154 5188 2355 5240 dicere.

877 5287 989 5339 .-\'|i.
1018 5287 1223 5339 Auetus
1255 5283 1475 5353 quidem
1526 5292 1642 5336 erat
1663 5283 1710 5335 ei
1752 5296 1877 5350 grex
1908 5278 2238 5348 quotidianis
2269 5294 2358 5330 ac-

803 5379 1173 5439 cessionibus,
1206 5387 1260 5430 et
1301 5376 1644 5430 multitudine
1683 5373 1925 5442 quotidie
1949 5373 2206 5425 dilatatus
2249 5368 2359 5423 etii-

810 5473 986 5528 ciehat
1017 5467 1302 5539 pecoribus
1354 5475 1552 5519 arctam
1615 5463 2024 5516 habitationem.
2059 5458 2207 5529 Opus
2237 5473 2363 5527 ergo

805 5571 925 5615 erat
980 5558 1202 5626 pastori,
1254 5555 1443 5626 majori
1497 5553 1717 5623 quidem
1765 5553 1924 5614 atrio,
1953 5551 2139 5621 majori
2187 5560 2364 5604 autem

827 5652 969 5703 lomo
997 5648 1280 5711 orationis,
1311 5645 1500 5716 majori
1532 5653 1584 5699 et
1606 5644 1884 5707 alimento,
1912 5652 1965 5697 et
1988 5642 2195 5711 reliquo
2218 5656 2365 5695 sum-

809 5751 903 5809 ptu
928 5741 993 5793 iis
1016 5739 1107 5808 qui
1141 5738 1350 5791 collecti
1390 5737 1625 5790 fuerant.
1654 5734 1750 5788 Ille
1787 5743 1968 5788 autem
1996 5742 2125 5787 tunc
2144 5731 2366 5801 quidem

814 5832 894 5887 vel
941 5832 1166 5884 maxime
1193 5830 1373 5881 omnia
1396 5827 1717 5882 exhauserat
1750 5825 1802 5878 in
1829 5834 2066 5894 egentes.
2092 5822 2220 5878 Erat
2242 5838 2370 5879 vero

2454 4636 2655 4704 πλῆθος
2685 4639 2985 4708 ἀνθρώπων
3015 4647 3092 4704 εἰς
3117 4646 3273 4714 κόρον
3307 4647 3613 4717 ἐξὲτρεφον,
3643 4650 3786 4702 οὓτω
3813 4656 3905 4703 καὶ
3928 4652 4014 4704 νῦν

2453 4725 2511 4788 ἐξ
2542 4728 2722 4794 ὀλίγου
2753 4731 2930 4800 πλήθη
2947 4749 3003 4782 τε
3032 4733 3301 4802 δεομένων
3325 4737 3672 4808 καῡιικὰίτην
3701 4741 4009 4807 ἐτρέφοντο,

2455 4820 2545 4867 καὶ
2581 4820 2720 4870 αὐτὰ
2755 4820 2915 4872 πάλιν
2961 4819 3106 4891 εἶχεν
3159 4826 3479 4889 ἀνελλιπῶς.
3526 4829 3682 4882 Ἀλλὰ
3715 4831 3886 4886 ταῦτα
3921 4835 4013 4900 μιν

2455 4904 2646 4970 οὕτως,
2682 4910 2826 4972 ἑπως
2855 4910 2909 4962 δέ
2943 4914 3034 4964 καὶ
3063 4912 3172 4964 τῶν
3217 4917 3514 4984 ἀμηχάνων
3565 4919 3712 4986 αὐτῷ
3746 4920 3954 4972 ἄνωθεν
3985 4923 4012 4989 η

2457 4997 2608 5059 λύσις
2642 4999 2861 5064 ἐδίδοτο,
2897 5005 2994 5055 καὶ
3029 5006 3095 5056 τα
3129 5006 3261 5074 πρὸς
3293 5009 3456 5060 αὑτὸν
3495 5009 3726 5078 ρηθέντα
3758 5011 3821 5062 τὸ
3869 5012 4014 5074 τέλος

2458 5088 2694 5158 ἐδέχετο,
2730 5092 2876 5158 ἄξιον
2899 5093 2986 5146 διὰ
3022 5095 3271 5166 βραχέων
3309 5102 3496 5151 εἰπεῖν.

2535 5273 2631 5326 lB'.
2668 5272 2876 5336 Ηῦξατο
2906 5275 3002 5342 μὲν
3024 5275 3166 5344 αὐτῷ
3197 5276 3255 5328 τὸ
3283 5277 3530 5344 ποίμνιον
3558 5280 3677 5340 ταῖς
3699 5279 4012 5348 καθημέραν

2464 5364 2824 5433 προσθήκαις,
2859 5366 2948 5416 καὶ
2983 5367 3057 5434 τῷ
3090 5366 3281 5435 πλήθει
3313 5368 3579 5436 ὁσημέραι
3621 5368 4013 5438 πλατυνόμενιν

2467 5459 2657 5529 στενὴν
2690 5461 2798 5522 τοῖς
2829 5458 3138 5529 Θρέμμασιν
3178 5464 3412 5513 ἐποιεῖτο
3449 5461 3678 5531 οἴκησιν.
3714 5464 3863 5516 ’Ἔδει
3895 5465 4015 5530 γοῦν

2464 5550 2540 5619 τῷ
2583 5551 2795 5618 ποιμένι
2828 5550 3070 5618 μείζονος
3103 5553 3200 5619 μὲν
3241 5551 3333 5603 τοῦ
3366 5552 3464 5620 τῆς
3516 5557 3818 5622 προσευχῆς
3844 5557 4008 5616 οἰκον,

2468 5640 2710 5701 πλείονος
2736 5640 2791 5692 δί
2838 5644 2949 5704 τοῖς
2985 5641 3418 5710 συνειλεγμένοις
3453 5641 3658 5710 τροφῆς
3707 5647 3798 5694 καὶ
3832 5644 4010 5709 λοιπῆς

2469 5731 2732 5800 δαπάνης.
2777 5731 2835 5784 ’0
2867 5731 2922 5783 δέ
2951 5732 3067 5784 τότε
3101 5733 3194 5786 καὶ
3226 5733 3456 5800 μάλιστα
3489 5733 3667 5784 πάντα
3696 5737 3808 5795 τοίς
3832 5735 4009 5802 ὂεομίο

2475 5840 2581 5886 νοις
2609 5823 2951 5896 ἐξηντληκὼς
2977 5820 3064 5897 ἦν.
3117 5824 3258 5877 Ἔδει
3309 5824 3363 5876 δὲ
3404 5823 3553 5895 αὐτῷ
3600 5826 3856 5880 πλειόνων
3896 5829 3987 5880 ἀνα
