4242 6442
821 339 921 404 731

2031 346 2314 409 MENSIS
2356 345 2789 415 DECEMBER.

3961 353 4074 419 732

822 461 923 525 vlt,
945 468 1006 517 et
1028 462 1211 518 statim
1275 462 1477 519 Paulus
1517 462 1742 534 quidem
1801 464 2099 522 convaluit.
2160 464 2385 536 Magnus
2409 463 2458 524 A
2491 490 2497 543 ι

2409 463 2458 524 Δ
2491 471 2593 543 μιν
2623 474 2754 544 ῥᾷον
2773 473 3002 540 ἐγίνετο.
3051 471 3113 526 Ὀ
3141 470 3316 542 μίγας
3342 469 3400 526 δι
3425 470 3516 526 τὸν
3552 469 3879 542 ύπογραφέα
3921 469 4073 523 Kas-

824 561 1006 608 aittem
1039 552 1328 609 Marcellus
1361 555 1630 610 accersito
1677 554 1935 616 Casario.
1973 555 2136 625 jussit
2191 555 2380 609 horam

824 643 1027 712 signari
1059 660 1074 696 :
1108 643 1279 705 Unus,
1310 644 1520 706 dicens.
1543 662 1610 700 ex
1641 645 1929 709 fratribus.
1955 646 2048 716 qui
2079 655 2164 701 est
2193 646 2382 715 procul

822 747 851 785 a
885 733 1066 798 nobis,
1104 743 1161 788 et
1201 742 1285 788 est
1319 735 1468 804 gravi
1510 735 1703 789 morbo
1737 749 2052 804 oppressus,
2104 735 2300 789 asserit
2326 751 2384 790 se

826 824 962 878 nihil
994 825 1270 894 accepisse
1321 825 1575 879 utilitatis
1595 840 1660 878 ex
1684 839 1803 879 mea
1838 825 1903 878 ad
1928 825 2218 880 Dominum
2234 841 2383 880 com-

823 913 1196 966 mendatione.
1248 911 1352 968 Sed
1387 929 1554 982 prepe
1583 923 1669 967 est
1698 914 1961 969 Dominus
1979 915 2254 978 omnibus,
2285 915 2377 983 qui

822 1005 1075 1058 invocant
1126 1020 1250 1059 eum
1307 1007 1358 1059 in
1411 1006 1662 1071 veritate,
1713 1015 1769 1061 et
1817 1021 2007 1060 eorum
2065 1007 2160 1076 qui
2197 1007 2376 1075 ipsum

821 1094 1039 1157 timent,
1066 1097 1231 1150 faciet
1261 1097 1623 1170 voluntatem,
1677 1108 1951 1149 eteorum
1988 1111 2176 1165 preces
2213 1110 2382 1150 exau-

823 1184 955 1241 diet.
980 1197 1036 1239 et
1063 1186 1144 1240 eis
1177 1185 1324 1240 dabit
1353 1189 1605 1242 salutem.
1654 1185 1778 1240 Haec
1819 1186 1866 1240 is
1905 1187 2125 1255 quidem
2175 1187 2382 1242 descri-

824 1276 965 1344 psit;
991 1277 1080 1330 ille
1112 1293 1241 1332 vero
1272 1278 1571 1338 convaluit.
1611 1287 1666 1332 et
1706 1293 1963 1332 reversus
2001 1287 2107 1332 est.
2151 1280 2380 1334 Ostensa

821 1382 904 1424 est
933 1381 1114 1426 autem
1145 1376 1441 1442 scriptura.
1475 1382 1529 1426 et
1555 1374 1747 1428 eadem
1812 1375 1944 1428 liora
1985 1374 2266 1428 inventum
2297 1382 2382 1428 est

824 1462 1051 1517 Paulum
1075 1466 1412 1520 convaluisse
1438 1466 1684 1536 Ancyra,
1713 1475 1770 1520 et
1798 1466 2094 1521 Casarium
2122 1467 2380 1535 scripsis-

822 1566 880 1605 se
905 1552 958 1605 in
979 1556 1330 1612 monasterio.

893 1643 1084 1700 XXVI.
1116 1648 1257 1701 Deus
1293 1648 1589 1717 aliquando
1613 1657 1812 1702 terram
1839 1650 2072 1703 vexabat
2105 1648 2269 1714 fame,
2295 1664 2381 1703 ca-

821 1752 928 1805 que
959 1737 1118 1800 fame,
1144 1754 1248 1807 qua
1269 1739 1453 1793 nescio
1473 1754 1540 1792 an
1569 1740 1680 1794 ulla
1731 1755 1969 1809 unquam
2019 1740 2185 1795 fuerit
2226 1741 2376 1794 dete-

823 1831 956 1884 rior.
986 1829 1296 1885 Monasterli
1327 1838 1508 1886 autem
1538 1831 1723 1886 horrei
1774 1832 2060 1901 praeit-ctus
2116 1831 2380 1898 Malcltus,

820 1924 913 1989 qui
941 1921 1279 1976 frumentum
1313 1922 1702 1992 suppeditabat
1735 1924 2054 1994 pistoribus,
2099 1935 2379 1994 postquam

823 2015 1140 2066 universum
1195 2012 1310 2068 fere
1392 2023 1778 2082 consumptum
1828 2015 2002 2069 fuerat
2059 2013 2382 2083 (subiciebat

819 2103 964 2158 enim
993 2119 1065 2157 ne
1085 2102 1152 2156 ad
1196 2110 1338 2156 totos
1373 2102 1594 2172 quidem
1644 2103 1834 2158 decem
1872 2103 2010 2167 dies,
2056 2113 2114 2160 et
2151 2119 2378 2160 necesse

819 2202 937 2248 erat
971 2193 1112 2248 fame
1142 2195 1323 2263 perire
1355 2196 1697 2264 monachos),
1723 2195 1937 2250 accedit
1957 2196 2024 2250 ad
2056 2197 2378 2266 praeclarum

819 2285 1160 2346 Marcellum.
1206 2298 1257 2340 et
1292 2287 1342 2342 ei
1368 2288 1645 2341 renuntiat
1694 2288 2036 2342 frumentum
2081 2304 2202 2343 esse
2244 2305 2376 2344 eon-

821 2387 1126 2446 sumptum.
1151 2380 1194 2429 Α
1219 2393 1331 2446 quo
1360 2379 1592 2443 audivit,
1627 2389 1686 2433 ut
1713 2379 1915 2435 faceret
1941 2396 2058 2449 qua
2089 2395 2383 2437 consueve-

818 2481 924 2533 rat.
965 2479 1020 2524 et
1053 2472 1154 2524 boc
1170 2471 1220 2524 ei
1241 2470 1405 2524 nulla:
1433 2485 1552 2524 esse
1583 2486 1746 2525 cum.
1782 2471 1878 2525 llle
1920 2472 2218 2527 arbitratus
2250 2488 2376 2528 eum

818 2575 1040 2630 sperare
1067 2563 1320 2616 alicunde
1351 2561 1667 2616 solvendam
1701 2577 1820 2616 esse
1855 2563 2116 2631 inopiam,
2171 2565 2378 2634 absque

819 2651 928 2704 ulla
968 2652 1337 2706 sollicitudine
1395 2651 1765 2720 suppeditavit
1796 2655 1938 2706 sicut
1999 2668 2377 2710 consueverat.

820 2740 1075 2809 Quinque
1099 2741 1366 2809 deinceps
1403 2741 1522 2796 dies
1551 2743 1936 2812 praeterierunt
1966 2755 2059 2798 τρι
2085 2759 2210 2799 cum
2237 2746 2376 2800 nihil

819 2835 1093 2890 evenisset
1121 2849 1313 2889 eorum
1337 2850 1458 2903 quae
1491 2835 1765 2903 sperabat.
1795 2851 1988 2891 rursus
2027 2837 2181 2901 dicit,
2237 2847 2293 2893 et
2327 2841 2378 2893 ci

819 2938 1040 2978 causam
1065 2933 1286 2978 revocat
1327 2924 1379 2977 in
1407 2925 1748 2980 memoriam.
1795 2926 1960 2980 Audit
2002 2942 2133 2980 vero
2163 2928 2377 2982 eadem.

819 3014 1108 3083 Postquam
1140 3022 1320 3068 autem
1342 3013 1408 3068 ad
1440 3015 1576 3068 alios
1605 3029 1823 3082 quoque
1851 3014 1990 3069 duos
2015 3019 2374 3085 consumpsit,

2489 564 2681 632 σάριον
2723 562 3235 634 μετακαλεσάμενος
3283 559 3732 633 ιπιαημήνασθαι
3758 559 3864 628 τὴν
3906 557 4073 629 ὥραν

2483 657 2758 719 ἐκέλευεν,
2788 649 2903 718 Εἷς,
2941 653 3138 723 λίγων,
3166 655 3274 706 τῶν
3299 651 3548 720 ἀδελφῶν
3577 653 3610 722 ἡ
3620 651 3737 720 μῶν
3763 649 4069 719 πόρρωοεν

2483 745 2605 808 ἄρτι
2664 744 2837 798 τελῶν
2872 745 2963 798 καὶ
2996 743 3136 812 νόσῳ
3165 742 3362 812 βαρείᾳ
3417 741 3750 809 κατάσχετος
3782 737 4064 806 γεγονὼς.

2482 837 2638 889 οὐδὲν
2671 838 2736 891 ίκ
2758 837 2856 907 τῆς
2884 836 3043 905 ἡμῶν
3073 835 3344 903 ὠφελείας
3375 835 3512 901 πρὸς
3560 831 3769 902 Κύριον
3807 829 4066 900 παραθέ-

2483 947 2622 992 σεως
2673 929 2997 982 διατείνεται
3025 944 3038 956 °
3095 926 3210 980 ἀλλ’
3272 927 3440 994 ἔγγὺς
3487 924 3691 994 Κύριος
3741 925 3882 976 πᾶσι
3943 925 4064 984 τοῖς

2481 1020 2932 1088 ἐπικαλουμένοις
2981 1018 3141 1072 αὐτὸν
3171 1019 3230 1070 ιν
3277 1016 3525 1086 ἀληθείᾳ,
3559 1017 3650 1068 καὶ
3701 1014 3926 1083 θέλημα
3949 1013 4065 1066 τῶν

2481 1113 2832 1182 φοϐουμένων
2864 1112 3028 1165 αὐτὸν
3054 1114 3290 1179 ποιήσει,
3332 1112 3427 1163 καὶ
3460 1109 3560 1177 τῆς
3587 1108 3831 1177 δεήσεως
3869 1104 4064 1158 αὐτῶν

2479 1205 2862 1257 εἰσακούσεται
2923 1205 3019 1257 καὶ
3074 1201 3242 1256 σώσει
3315 1201 3544 1263 αὐτούς.
3625 1198 3817 1252 ταῦτα
3867 1199 3900 1250 6
3959 1197 4070 1266 μὶν

2480 1292 2854 1365 ἀπεγράφετο,
2874 1300 2902 1349 6
2922 1297 2978 1349 δὲ
2999 1296 3229 1365 ἔρρωτο,
3252 1294 3350 1348 καὶ
3371 1293 3662 1362 ἰπανῆκεν.
3694 1291 3835 1343 Ἣδι
3863 1288 4078 1368 γραφὴ-

2479 1390 2775 1454 ἐδείκνυτο,
2797 1390 2894 1441 καὶ
2917 1388 3040 1440 κατ’
3071 1387 3241 1456 αὐτὴν
3281 1385 3481 1457 εὑρέθη
3511 1384 3612 1454 τὴν
3644 1383 3799 1453 ῶραν
3839 1380 4064 1443 Παῦλος

2481 1483 2705 1548 ὑγιάνας
2740 1482 2798 1532 ὲν
2835 1480 3104 1549 Ἀγκύρα,
3155 1480 3250 1532 καὶ
3286 1480 3586 1548 Καισάριος
3636 1475 3856 1546 γράψας
3886 1476 3954 1527 ιν
3990 1476 4056 1543 τῇ

2480 1591 2581 1642 μον
2624 1609 2638 1624 ο

2552 1660 2693 1731 κεῖ.
2743 1663 2974 1716 Ἐκάκου
3007 1665 3140 1715 ποτὶ
3169 1661 3270 1732 τὴν
3298 1665 3402 1732 γῆν
3442 1663 3472 1714 6
3495 1661 3630 1724 Θεὸς
3679 1660 3851 1729 λιμῷ,
3908 1655 4058 1724 λιμῷ

2479 1757 2581 1810 οὐκ
2607 1753 2725 1811 οἶδα
2752 1759 2805 1810 εί
2839 1773 2971 1809 ποτε
2997 1757 3191 1810 τούτου
3211 1759 3439 1827 χείρονι.
3480 1757 3542 1809 Ὀ
3561 1756 3618 1810 δέ
3647 1773 3710 1824 γε
3745 1756 3848 1823 τῆς
3881 1753 4057 1823 μονῆς

2481 1846 2810 1918 ταμειοῦχος
2834 1847 2928 1900 τοῦ
2959 1847 3110 1899 σίτου
3134 1846 3355 1915 Μάλχος
3384 1846 3496 1908 τοῖς
3517 1844 3835 1914 ἀρτοποωῐς
3862 1858 3924 1892 τε
3953 1841 4054 1892 tr}-

2479 1942 2588 1994 τῶν
2657 1938 3057 2009 καταχορηγῶν
3079 1979 3093 2001 ,
3151 1938 3276 1991 ἐπεὶ
3331 1938 3601 1998 ἀνάλωτος
3656 1934 3845 2006 σχεδὸν
3903 1934 4053 1993 ἄπας

2482 2033 2753 2101 (ἐπήρκει
2783 2035 2892 2099 γὰρ
2925 2031 2986 2083 οὐ
3015 2030 3150 2082 δίκα
3179 2029 3305 2091 ὅλας
3346 2026 3577 2098 ἡμέρας,
3613 2029 3706 2080 καὶ
3732 2021 3804 2095 ἦν
3830 2025 4051 2090 ἀνάγκη

2480 2125 2630 2176 πᾶσα
2659 2120 2947 2191 λιμῶττειν
2963 2122 3094 2184 τοὺς
3121 2120 3390 2190 μοναχοϋς
3408 2120 3449 2188 ),
3474 2117 3702 2188 προσῄει
3731 2133 3790 2168 τε
3819 2115 3901 2182 τῷ
3925 2131 4049 2180 γεν-

2479 2215 2615 2282 ναίῳ
2663 2214 2760 2266 καὶ
2793 2212 2854 2264 τὸ
2887 2210 3203 2278 ἀνηλῶσθαι
3256 2209 3409 2278 αὐτῷ
3437 2209 3530 2261 τὸν
3582 2211 3729 2260 σῖτον
3759 2203 4048 2274 ἀγγέλλει.

2483 2305 2686 2357 Ἢκουε
2701 2303 2756 2355 δὲ
2784 2302 3046 2372 πράττειν
3073 2301 3143 2352 τὰ
3167 2300 3397 2353 εἰωθότα
3422 2300 3516 2352 καὶ
3541 2298 3714 2368 μηδὲν
3735 2296 3890 2366 αύτῷ
3915 2294 4050 2362 περὶ

2477 2397 2668 2450 τούτου
2703 2395 2939 2464 μέλλειν.
3004 2392 3064 2444 'O
3087 2391 3144 2446 δὲ
3187 2393 3415 2460 νομίσας
3443 2390 3668 2446 ἀλλοθεν
3697 2388 3850 2456 αὐτῷ
3876 2390 4049 2439 ποθεν

2479 2487 2722 2552 ἐλπίζειν
2753 2485 2851 2555 τὴν
2885 2483 3118 2555 ἀπορίαν
3146 2482 3497 2549 λυθήσεσθαι,
3532 2481 3816 2549 ἄφροντις.
3853 2477 4046 2548 ὥσπερ

2477 2580 2687 2640 εἴωθεν,
2720 2577 2994 2645 ιχορήγει.
3030 2575 3197 2627 Πέντε
3223 2572 3351 2641 ἑξῆς
3382 2571 3664 2640 παρῆλθον
3692 2570 3922 2639 ἡμέραι.
3950 2569 4048 2620 καὶ

2482 2672 2650 2739 μηδὲν
2678 2663 2752 2722 ὧν
2782 2669 3011 2737 ἠλπισεν
3064 2665 3411 2733 ἀπαντῆσαν,
3467 2662 3668 2731 φράζει
3714 2662 3901 2719 πάλιν,
3949 2660 4048 2711 καὶ

2480 2764 2608 2828 περὶ
2633 2763 2730 2830 τῆς
2757 2761 2937 2823 αίτίας
2981 2758 3412 2828 ἀναμιμνήσκει.
3447 2755 3659 2807 Ἀκούει
3685 2755 3741 2806 δὲ
3765 2752 3838 2805 τὰ
3876 2749 4040 2806 αὐτὰ.

2490 2857 2578 2918 ἰὶς
2605 2856 2660 2908 δὲ
2687 2855 2780 2907 καὶ
2809 2855 2899 2906 ἐπὶ
2940 2851 3107 2913 ἀλλας
3143 2852 3356 2920 ἡμέρας
3384 2848 3477 2900 δύο
3521 2845 3829 2912 ἔξεδαπάνα
3860 2845 3956 2897 καὶ
3981 2843 4044 2896 τὺ

2483 2945 2646 3016 μηδὲν
2671 2945 2751 2997 ἔτι
2809 2941 3082 3011 ληφθῆναι
3109 2942 3173 2993 οὐ
3200 2941 3391 3011 πόρῤω
3421 2955 3524 2991 που
3577 2932 3717 2990 εἶναι
3745 2935 3983 3003 ἑωρᾶτο,
4012 2933 4043 2985 6

2482 3040 2581 3111 μὲν
2611 3038 2772 3090 πάλιν
2801 3032 3208 3102 τεταραγμένος
3241 3031 3522 3100 πρόσεισιν
3543 3044 3558 3059 °
3587 3029 3615 3080 6
3636 3027 3692 3080 δι
3718 3025 3950 3085 ἑπιστάς
3972 3025 4039 3092 τῇ

815 3113 873 3159 et
905 3120 1014 3157 non
1058 3104 1287 3156 multum
1327 3105 1518 3157 abesse
1562 3105 1864 3165 videretur.
1894 3105 2026 3172 quin
2079 3116 2222 3158 esset
2255 3108 2374 3158 uni-
2403 3146 2444 3200 ο

2365 3137 2374 3144 “
2403 3146 2444 3200 c
2479 3104 2760 3199 σιτοθήκη,
2821 3127 3027 3179 ὠδίνων
3059 3123 3228 3193 αὐτὴν
3271 3121 3472 3184 εὐθέως
3499 3119 3701 3189 πληροῖ
3747 3117 3844 3170 καὶ
3877 3116 4040 3168 τόκου

817 3213 1037 3251 versum
1087 3208 1493 3266 consumptum,
1543 3197 1632 3250 ille
1665 3197 1886 3267 quidem
1930 3213 2122 3252 rursus
2161 3201 2375 3255 accedit

820 3289 1204 3343 conturbatus.
1261 3287 1547 3342 Marcellus
1591 3304 1722 3342 vero
1769 3289 1950 3342 statim
1997 3290 2263 3344 accedens
2305 3291 2373 3344 ad

821 3383 1106 3445 horreum,
1137 3382 1448 3450 parturiens
1502 3381 1552 3433 id
1601 3381 1783 3434 statim
1841 3381 2048 3449 implet,
2084 3391 2140 3435 et
2185 3383 2376 3450 incipit

817 3487 1011 3542 parere
1056 3491 1068 3524 :
1092 3483 1148 3526 et
1185 3473 1328 3539 quod
1356 3481 1438 3524 cst
1455 3470 1800 3533 admirabile,
1823 3484 1879 3524 et
1906 3486 2124 3526 onmem
2151 3485 2376 3541 supcrat

817 3562 1106 3623 rationem,
1134 3561 1372 3630 quandiu
1404 3561 1588 3614 dictus
1606 3559 1826 3628 quidem
1851 3560 2093 3614 Malchus
2115 3563 2375 3617 metieba-

819 3663 907 3708 tur
957 3652 1288 3706 l’rnmentum
1325 3652 1610 3705 videbatur
1637 3651 1891 3717 diminui,
1923 3663 1977 3704 et
2008 3653 2199 3707 minari
2226 3654 2377 3708 iutu-

818 3760 933 3799 ram
963 3762 1085 3798 mox
1113 3754 1433 3813 egestatem.
1463 3743 1602 3798 Cum
1655 3752 1835 3796 autem
1883 3744 2148 3813 postridie
2191 3747 2375 3816 ingre-

819 3837 1064 3898 deretur,
1091 3837 1282 3890 eadem
1317 3834 1635 3902 magnitudo
1688 3845 1809 3890 erat
1848 3845 1904 3890 et
1933 3836 2074 3890 idem
2099 3839 2373 3908 cumulus,

818 3937 874 3984 et
898 3929 1188 3998 apparebat
1214 3927 1462 3997 perinde,
1501 3943 1566 3982 ac
1617 3927 1664 3982 si
1695 3943 1766 3982 ne
1796 3943 1987 3998 parum
2047 3929 2179 3998 quid
2231 3942 2377 3987 esset

818 4022 1059 4076 ablatum
1085 4022 1280 4091 pridie.
1313 4021 1468 4088 Quod
1493 4036 1624 4075 vero
1653 4021 1769 4075 haec
1794 4036 1900 4076 non
1926 4024 2376 4094 essentdeceptio

818 4112 1130 4172 oculorum.
1165 4111 1326 4166 [idem
1365 4110 1498 4165 facit
1531 4120 1764 4181 tempus.
1806 4111 2018 4167 Tandiu
2067 4117 2212 4168 enim
2262 4115 2378 4171 fru-

817 4204 988 4259 menti
1019 4203 1124 4259 luit
1143 4204 1248 4259 hoc
1271 4203 1596 4260 admirabile
1643 4213 1997 4273 augmentum
2027 4218 2086 4261 et
2106 4210 2375 4278 acceptio,

817 4294 1063 4365 qoandiu
1097 4294 1296 4350 mansit
1317 4295 1500 4365 gravis
1524 4294 1611 4350 illa
1633 4305 1690 4351 et
1715 4297 1925 4351 infinita
1948 4297 2138 4354 fames.
2155 4299 2263 4356 Sed
2292 4301 2378 4358 bis

815 4385 1039 4457 quidem
1068 4387 1399 4448 ostenditur.
1443 4399 1690 4444 sanctum
1730 4399 1789 4445 et
1813 4391 2076 4447 nutriisse
2104 4393 2285 4461 vivos,
2319 4407 2376 4453 ει

2476 3225 2696 3288 ἧργετοο
2729 3219 2822 3270 καὶ
2854 3217 2916 3270 τὸ
2945 3216 3002 3268 δὲ
3033 3213 3348 3284 θαυμαστὸν
3369 3213 3462 3265 καὶ
3484 3211 3646 3278 λόγου
3667 3208 3867 3269 παντὸς
3897 3206 4042 3275 ὕψη-

2477 3311 2714 3379 λότερον,
2749 3310 2852 3369 ἓως
2885 3307 2988 3376 μὲν
3008 3309 3036 3360 6
3062 3304 3320 3372 δηλωθεὶς
3363 3302 3579 3372 Ιαλχος
3602 3303 3853 3369 ἐμέτρει,
3883 3300 4043 3352 ιλατ·

2474 3401 2734 3468 τούμενόν
2774 3415 2832 3451 τε
2877 3399 2968 3450 τὸν
3024 3400 3167 3448 σῖτον
3213 3395 3359 3464 ιὼρα
3413 3395 3510 3446 καὶ
3559 3390 3886 3444 ἀπειλοῦντα
3911 3390 4028 3442 ὅσοι

2474 3491 2629 3544 οῠπω
2657 3489 2775 3559 τὴν·
2811 3487 3039 3550 ἔνδειαν,
3066 3485 3189 3537 ἐπεὶ
3227 3485 3284 3537 δὲ
3327 3483 3426 3550 τῆς
3453 3480 3743 3551 ὑστεραίας
3773 3479 3966 3538 είσίοι,
4008 3481 4035 3530 6

2476 3581 2636 3643 αὐτὸς
2667 3577 2734 3649 ἦν
2758 3579 2920 3644 δγκος
2945 3592 3006 3628 τε
3025 3576 3120 3628 καὶ
3154 3573 3329 3644 σωρὸς
3356 3575 3450 3626 καὶ
3478 3572 3668 3640 ῶσπερ
3692 3570 3812 3623 οὐδὲ
3841 3570 4036 3639 μικρὸν

2476 3672 2601 3741 χθὲς
2631 3667 3012 3738 ύφαιρεθέντος
3047 3665 3340 3724 ιδείκνυτο.
3399 3660 3585 3715 Ταῦτα
3608 3661 3682 3723 ὡς
3715 3661 3815 3713 οὐκ
3836 3659 4035 3727 ὀφθαλ-

2479 3763 2597 3832 μῶν
2639 3755 2707 3830 ἦν
2759 3758 2932 3819 ἄλλως
2965 3758 3174 3826 ἀπάτη,
3215 3755 3396 3816 πίστις
3418 3755 3447 3808 6
3479 3754 3693 3824 χρόνος.
3719 3753 3899 3821 Μέχρι
3929 3752 4035 3818 γὰρ

2470 3853 2730 3908 τοσούτου
2780 3850 2858 3920 τῷ
2890 3850 3023 3918 σίτῳ
3055 3850 3087 3919 ἠ
3121 3849 3361 3919 essm
3410 3845 3550 3916 αὕτη
3579 3844 3823 3906 ἐπίδοσίς
3853 3861 3914 3897 τε
3945 3845 4036 3897 καὶ

2476 3945 2702 4016 αὔξησις
2735 3943 2927 4012 μέχρις
2954 3932 3017 3994 οὗ
3059 3941 3154 3993 καὶ
3185 3941 3215 3992 6
3245 3939 3470 4006 ἄπειρος
3517 3940 3724 3998 ικεῐνος
3754 3938 3850 3989 καὶ
3882 3936 4039 4006 χαλε-

2477 4037 2574 4100 πὸς
2602 4037 2782 4102 ἐπεῖχε
2811 4031 2987 4098 λιμός.
3029 4029 3191 4083 Ἀλλά
3240 4027 3410 4082 ταῦτα
3469 4028 3568 4096 μιν
3617 4028 3734 4080 εστι
3765 4026 4038 4080 δεικνύειν

2479 4124 2682 4187 ζῶντας
2705 4120 2798 4175 τὸν
2825 4121 2983 4188 ἅγιον
3015 4117 3327 4187 διατρέφειν
3354 4117 3449 4170 καὶ
3482 4115 3900 4178 κινδυνεύοντας
3921 4115 4038 4168 διαο

2481 4212 2712 4278 σώζεινο
2747 4215 2899 4274 ποῖος
2923 4211 2980 4264 δι
3001 4213 3096 4263 καὶ
3124 4209 3354 4278 νεκροὺς
3388 4208 3624 4279 ἐγείρειν
3656 4208 3753 4261 καὶ
3777 4207 4038 4276 δαίμονας

2478 4305 2804 4364 ἀπελαύνειν
2831 4305 2861 4357 6
2895 4301 3067 4372 μέγας
3096 4294 3254 4361 οὗτος
3281 4297 3597 4370 δτύγχανεν,
3634 4297 3917 4369 αὐτίκαδη
3946 4298 4038 4352 καὶ

2480 4396 2798 4470 ῥηθήσεται.

816 4495 1172 4536 conservasse
1201 4496 1298 4535 eos
1329 4480 1423 4549 qui
1449 4481 1682 4540 erantin
1707 4484 1973 4551 periculo.
2039 4483 2600 4551 Quemadmotnodum
2653 4492 2836 4542 autem
2876 4497 2937 4537 se
2989 4480 3227 4552 gesserit
3258 4487 3482 4536 sanctus
3522 4479 3831 4536 excitandis
3887 4495 4034 4536 mor-

818 4575 929 4629 tuis
984 4580 1040 4626 et
1061 4572 1315 4643 iugandis
1339 4572 1696 4639 daemonibus,
1732 4576 1914 4629 statim
1953 4576 2188 4634 dicetur.

884 4665 1099 4720 XXVII.
1135 4664 1455 4735 Egrotabat
1476 4667 1723 4734 quidam,
1746 4677 1804 4722 et
1823 4670 1878 4723 ln
1901 4670 2045 4725 lecto
2075 4671 2373 4730 decumbe-
2397 4681 2452 4740 D
2548 4673 2559 4725 l

2357 4705 2373 4717 -
2397 4681 2452 4740 D
2548 4671 2674 4725 κζ’.
2703 4667 2893 4724 Νοσῶν
2914 4681 2998 4728 τις
3023 4659 3094 4735 ἦν
3123 4663 3220 4716 καὶ
3254 4661 3572 4732 κλινοπετὴς
3603 4679 3775 4732 ονομα
3801 4663 4030 4732 Παῦλος,

818 4759 934 4820 bat,
969 4759 1191 4812 nomine
1217 4758 1443 4818 Paulus.
1472 4759 1660 4814 Italoitu
1698 4762 2020 4816 monachus.
2053 4763 2105 4818 Is
2126 4780 2248 4819 cum
2279 4782 2376 4821 ex-

823 4860 1058 4904 tremum
1088 4849 1198 4919 jam
1217 4849 1444 4902 duceret
1475 4849 1753 4919 spiritum,
1793 4851 1966 4905 mittit
1999 4852 2069 4906 ad
2103 4865 2375 4920 sanctum,

818 4947 875 4994 et
915 4949 1068 5006 rogat
1099 4948 1157 4991 ut
1188 4938 1398 4992 veniat.
1427 4939 1952 5009 Postquam'autetn,
1979 4942 2065 4996 via
2096 4943 2374 5007 confecta,

819 5011 917 5096 qui
941 5027 1140 5082 missus
1160 5027 1358 5090 iuerat.
1421 5031 1573 5083 venit
1593 5030 1661 5084 ad
1704 5031 2120 5096 monasterium,
2173 5043 2230 5088 et
2272 5035 2379 5088 fuit

819 5132 1001 5172 coram
1033 5133 1234 5188 magno
1265 5118 1541 5194 Marcello,
1563 5121 1820 5188 quoniam
1840 5123 1928 5177 ille
1960 5133 2092 5178 tunc
2121 5125 2188 5180 de
2213 5126 2377 5182 rebus

820 5209 1130 5264 disserebat
1156 5195 1440 5278 gravibus.
1479 5213 1624 5266 etde
1658 5215 1826 5267 sacris
1853 5215 2118 5270 tractabat
2150 5217 2373 5286 dogma-

821 5301 991 5367 tibus,
1044 5304 1383 5358 contendens
1420 5320 1543 5358 cum
1591 5305 1833 5361 antistite
1888 5305 2278 5369 Chalcedonis.
2317 5322 2374 5364 et

819 5397 912 5463 qui
946 5396 1146 5448 missus
1174 5393 1372 5458 fuerat,
1396 5404 1480 5449 est
1523 5412 1794 5461 reversus,
1853 5405 1907 5450 et
1930 5401 2023 5468 qui
2054 5402 2372 5470 aegrotabat,

819 5495 937 5538 erat
966 5497 1235 5540 mortuus.
1269 5485 1404 5542 Cum
1434 5503 1565 5558 ergo
1593 5488 1706 5558 jam
1735 5497 1953 5558 peracta
1996 5500 2202 5552 essent,
2252 5506 2374 5560 qua

821 5573 960 5630 tlunt
983 5586 1220 5637 mortuo.
1253 5589 1308 5632 et
1339 5590 1558 5647 paratus
1595 5588 1741 5634 esset
1777 5580 1844 5633 ad
1871 5575 2208 5636 eil‘erendum
2245 5583 2374 5651 (hoc

819 5677 1003 5733 autem
1027 5684 1133 5723 non
1159 5671 1260 5724 alia
1285 5669 1354 5725 de
1382 5685 1544 5724 causa
1567 5671 1846 5740 provisum
1876 5671 2053 5725 fuerat
2073 5687 2102 5725 a
2133 5673 2369 5742 superis,

820 5775 981 5830 quint
1018 5772 1075 5814 ut
1099 5763 1354 5828 majorem
1387 5777 1592 5830 casum,
1624 5773 1676 5820 ct
1709 5764 1881 5833 majus
1941 5764 2279 5820 miraculum.
2317 5777 2370 5822 ct

2477 4763 2536 4815 τδ
2563 4764 2749 4832 σχῆμα
2776 4758 3026 4829 μοναχός.
3054 4750 3223 4819 Οὗτος
3243 4757 3342 4827 ἤδη
3376 4755 3504 4824 περὶ
3531 4755 3629 4818 τὰς
3651 4755 3887 4824 εσχάτας
3907 4757 4036 4812 ἀνα.

2476 4855 2645 4915 πνοὰς
2671 4851 2768 4916 ῶν,
2798 4849 3020 4918 πέμψας
3042 4850 3273 4900 αἰτεῖται
3297 4846 3430 4916 πρὸς
3449 4846 3611 4899 αὐτὸν
3627 4846 3920 4914 ἀφικέσθαι
3936 4848 4028 4902 τδν

2477 4947 2648 5013 ἀγιον.
2692 4943 2779 5004 Ὠς
2807 4941 2865 4994 δδ
2887 4939 2986 5010 τὴν
3008 4939 3126 4992 ὁδὸν
3159 4941 3186 4991 6
3216 4937 3488 5006 πεμφθεὶς
3517 4937 3724 5000 ἀνύσας
3758 4937 4031 5007 κατελάμο

2475 5035 2607 5088 ϐανε
2643 5034 2741 5104 τὴν
2782 5034 2950 5104 μονὴν
2975 5033 3070 5085 καὶ
3097 5033 3177 5093 είς
3203 5031 3327 5100 ὄψιν
3353 5025 3484 5100 ἦλθε
3513 5029 3592 5100 τῷ
3620 5029 3866 5100 μεγάλῳ,
3887 5030 4033 5082 διιεί-

2476 5141 2584 5195 περ
2613 5124 2822 5186 ίκεῐνος
2847 5126 2909 5176 τὸ
2936 5119 3242 5191 τηνικαῦτα
3295 5118 3599 5172 σπῡυδαίων
3647 5119 3830 5189 είχετο
3860 5119 4030 5172 διαλί-

2478 5214 2613 5278 ξεων
2637 5214 2731 5266 καὶ
2758 5213 2872 5275 τοῖς
2905 5213 3069 5281 lepor;
3100 5211 3340 5264 ἐνέκειτο
3375 5209 3635 5278 δόγμασι,
3675 5209 3756 5278 τῷ
3782 5209 4028 5280 κρεόδρῳ

2475 5305 2813 5373 Χαλκηδόνος
2876 5301 3301 5372 διαμιλλώμενος
3324 5340 3340 5366 ,
3372 5302 3402 5354 6
3428 5318 3488 5354 τε
3535 5301 3808 5370 πεμφθεὶς
3879 5298 4028 5364 αὖθις

2476 5397 2725 5468 ιπανῄει,
2756 5396 2850 5449 καὶ
2873 5397 2902 5447 6
2926 5395 3099 5447 νοσῶν
3118 5393 3219 5463 ἠδη
3243 5391 3517 5463 τεθνηκὼς
3543 5387 3631 5462 ἦν.
3649 5391 3803 5444 Ἐπεὶ
3823 5391 3920 5446 οὖν
3939 5396 4027 5446 καὶ

2479 5492 2546 5543 τά
2576 5489 2671 5542 ἐπὶ
2700 5487 2877 5556 νεκρῷ
2894 5487 3069 5540 πάντα
3083 5486 3414 5546 τετέλεσται,
3442 5485 3537 5537 καὶ
3556 5483 3775 5553 ῑτοιμος
3803 5480 3876 5554 ἧν
3896 5487 4024 5554 πρὸς

2477 5581 2576 5652 τὴν
2600 5583 2839 5648 ικφορᾶν
2898 5577 3078 5646 (τοῦτο
3127 5577 3185 5631 δι
3226 5577 3326 5630 οὒκ
3381 5576 3558 5639 ἄλλως
3605 5575 4026 5644 προῳκονόμητο

2479 5672 2685 5725 ἀνωθεν
2711 5670 2826 5724 ἀλλ’
2845 5670 2932 5724 ἱνα
2958 5671 3017 5724 17‘:
3046 5668 3230 5738 μεῖζον
3255 5667 3427 5730 πάθος
3443 5667 3537 5719 καὶ
3555 5665 3616 5719 τὺ
3636 5663 3822 5735 θαῦμα
3846 5665 4025 5734 μεῖζον

2479 5763 2575 5817 καὶ
2605 5761 2930 5833 Μαρκέλλου
2955 5761 3053 5833 τὴν
3079 5761 3276 5832 ἀρετὴν
3322 5758 3542 5829 μείζονα
3575 5757 3778 5828 δείξῃ),
3826 5755 3899 5818 ὡς
3928 5756 4023 5826 ἠδη
