4242 6442
248 422 359 487 731

1138 423 1319 485 VlTA
1352 422 1414 483 S.
1463 415 1850 481 MARCELLI
1897 416 2586 479 AllCHlMANDRlTJi.

3387 423 3491 483 788

247 539 329 603 ὣς
358 540 452 593 καὶ
483 538 769 610 προλαϐὼν
813 541 842 593 6
867 538 1025 607 λόγος
1054 538 1149 592 καὶ
1176 537 1272 591 νῦν
1300 538 1379 591 δὶ-
1401 536 1484 596 ιτι
1515 534 1823 603 σαφέστατα
1856 543 1898 590 Α

1821 572 1823 581 ,
1856 543 1898 590 Α
1934 538 1993 583 ιιι
2028 539 2083 585 et
2107 546 2230 600 qua:
2268 531 2566 598 przecessit.
2600 542 2652 584 et
2679 546 2800 597 qua:
2836 547 2980 583 nunc
3040 532 3310 598 sequitur,
3343 546 3496 593 aper-

248 633 497 704 γνωριεῐ.
549 629 874 704 Μαρκέλλου
922 630 1034 701 γάρ
1082 632 1146 684 έκ
1178 629 1481 700 προοιμίων
1527 628 1704 681 πάντα
1734 624 1826 677 16v

1813 643 1826 676 ο
1931 620 2037 675 tius
2061 620 2405 676 declaratura
2432 631 2514 675 cst
2544 623 2737 673 oratio.
2772 622 2901 675 Nam
2934 636 3056 675 cum
3097 622 3385 676 Marcello.»
3420 635 3488 677 ab

246 717 367 789 βίον
401 718 785 785 ἀπολιπόντος,
822 718 920 770 καὶ
959 717 1126 787 αὐτῆς
1172 716 1229 769 δέ
1253 717 1349 777 τῆς
1393 715 1569 777 οἰκίας
1620 715 1829 766 ἀπανα-

246 811 497 871 στάντος.
556 809 585 861 6
633 808 863 879 ἀδελφὸς
893 807 1043 879 αὐτῷ
1100 809 1242 861 κατά
1271 806 1449 876 σάρκα
1481 805 1571 857 τδν
1612 804 1823 857 ἐκείνου

244 898 454 970 κλῆρον
484 896 816 971 παραλαϐὼν
864 901 957 952 καὶ
984 896 1204 951 πάντων
1238 894 1375 965 ὁμοῦ
1419 894 1527 947 τῶν
1557 891 1824 963 πατρῴων

240 992 525 1054 καταστὰς
586 991 797 1063 κύριος.
834 985 957 1045 εἶτα
1008 992 1105 1043 καὶ
1156 990 1245 1043 διά
1271 989 1452 1054 πάσης
1508 983 1822 1046 ἀπολαύσας

240 1085 426 1141 αὐτῶν
446 1086 541 1155 τῆς
567 1085 733 1155 ζωῆς,
766 1084 952 1154 έπειδὴ
976 1084 1222 1154 θνήσκει,
1251 1081 1443 1149 [pelle
1466 1079 1560 1132 τοῦ
1588 1077 1818 1138 πλούτου

238 1177 447 1241 παντὸς
477 1178 815 1247 κληρονόμον
868 1176 1302 1243 καταλιμπάνειν
1348 1174 1439 1225 τὸν
1474 1170 1815 1241 Μάρκελλον.

252 1268 317 1324 '0
347 1269 404 1323 δέ
440 1270 501 1322 ού
550 1269 709 1337 μόνον
759 1269 864 1322 ίδια
895 1270 997 1321 οὐκ
1055 1267 1207 1332 ιθετο
1250 1268 1321 1318 τά
1363 1263 1815 1331 καταλειφθέντα,

236 1361 355 1416 ἀλλ’
396 1361 517 1416 οὐδέ
544 1363 679 1432 πρὸς
729 1362 799 1413 τὸ.
826 1362 979 1414 κοινά
1030 1359 1130 1430 τῆς
1181 1358 1347 1429 μονῆς
1382 1358 1600 1426 έκρινεν
1634 1355 1816 1417 αὐτοῖς

236 1452 569 1523 χρήσασθαι.
602 1451 797 1505 Ἔνθεν
859 1468 944 1506 τοι
995 1452 1089 1505 καὶ
1136 1450 1306 1520 ἀγρὸν
1338 1447 1656 1516 ὠνήσασθαι
1702 1449 1815 1509 τοῖς

240 1544 498 1611 μοναχοίς
526 1541 866 1611 αἰτουμένοις
889 1539 1080 1594 οὐδένα
1113 1539 1319 1610 μᾶλλον
1342 1540 1549 1599 ἐκεῖνος
1588 1535 1692 1604 έφη
1716 1535 1815 1603 τῆς

234 1633 319 1695 εις
342 1632 576 1702 Χριστὸν
631 1632 847 1695 έλπίδος
893 1632 1065 1703 ἀγρὸν
1102 1631 1302 1685 ειδέναι
1336 1630 1810 1698 πολυφορώτερον.

235 1722 305 1778 Τί
342 1722 436 1779 οὖν
456 1725 596 1791 Ιγνω
621 1727 749 1793 περὶ
780 1724 875 1777 τοῦ
899 1723 1155 1795 πατρῴου
1189 1723 1444 1788 πλούτου,
1478 1725 1572 1775 καὶ
1607 1724 1717 1783 πῶς
1745 1720 1815 1775 τά

232 1817 357 1869 κατ’
381 1819 589 1871 έκείνον
627 1818 938 1886 οἰκονομείς
992 1815 1239 1885 Ἐτέροις
1297 1815 1479 1883 φέρων
1526 1814 1810 1867 ἀναλίσκει

231 1904 675 1975 φροντιστηρίοις
705 1904 898 1967 ένδεώς
921 1905 1103 1973 ἔχουσι
1140 1904 1235 1956 καὶ
1266 1902 1685 1971 ἀπορουμένοις,
1705 1903 1806 1956 ὅσα

229 2009 293 2047 τε
324 1996 384 2048 έν
410 1981 643 2065 ἀνδράσι,
664 1998 756 2049 καὶ
794 1994 1039 2063 γυναιξὶν
1074 1989 1161 2065 ἦν.
1193 1993 1306 2049 Καὶ
1331 1995 1502 2064 ταύτῃ
1536 1993 1635 2064 μέν
1662 1994 1805 2047 έκεί-

231 2104 344 2151 νοις
366 2087 571 2142 διαλύει
592 2090 694 2158 τὴν
725 2089 980 2161 ἀπορίαν.

301 2267 433 2322 AA'.
465 2266 547 2321 Τά
573 2266 630 2320 66
666 2269 795 2339 περὶ
824 2267 923 2338 τὴν
962 2266 1204 2340 μεγάλην
1233 2267 1527 2339 θεομηνίαν
1560 2270 1617 2321 έν
1646 2263 1677 2343 ᾖ
1704 2270 1797 2322 πός

226 2356 315 2427 λιν
344 2357 495 2429 δλην,
529 2358 627 2429 τὴν
650 2359 1059 2413 Κωνσταντίνου
1110 2361 1278 2426 λέγω,
1307 2360 1553 2426 διέσωσε,
1581 2359 1661 2424 τίς
1702 2362 1800 2428 μέν

224 2450 533 2521 ἀνάσχοιτο,
549 2454 727 2523 σιωπῇ
765 2454 1089 2523 παρελθείν;
1147 2452 1232 2518 τίς
1259 2454 1316 2506 δὲ
1355 2452 1531 2517 οὕτως
1568 2454 1801 2525 ὀκνηρὸς

222 2540 288 2605 ὃς
319 2541 421 2595 οὐκ
452 2542 685 2596 ἀκοῦσαι
715 2544 1134 2615 προθυμηθείης
1165 2544 1395 2607 Λέοντος
1424 2544 1517 2598 τοῦ
1556 2545 1795 2614 μεγάλου

223 2635 298 2688 τά
346 2633 447 2703 τῆς
504 2634 783 2706 βασιλείας
821 2637 1077 2705 σκῆπτρα
1135 2635 1417 2699 διέποντος
1462 2636 1796 2706 ἐμπρησμὸς

223 2727 441 2794 γίνεται
472 2726 617 2781 κατὰ
646 2727 801 2796 τήνδε
847 2726 949 2796 τὴν
983 2727 1162 2793 πόλιν,
1192 2727 1287 2780 καὶ
1315 2727 1646 2797 έμπρησμδς
1683 2729 1794 2780 τῶν

223 2821 452 2872 suum“
486 2818 973 2887 μνημονευομένων
992 2818 1021 2870 6
1051 2818 1310 2887 μέγιστός
1332 2834 1391 2870 τε
1419 2817 1514 2870 καὶ
1545 2815 1796 2885 χαλεπώ-

221 2927 410 2975 τατος.
454 2911 591 2980 Ἤδη
613 2908 671 2963 δὶ
712 2910 889 2980 ἀρχὴν
919 2908 1149 2979 έχούσης
1175 2910 1277 2978 τῆς
1310 2910 1599 2979 συμφοράς
1630 2910 1797 2963 ἀκου-

226 3003 361 3072 στὴς
384 3003 412 3053 6
449 3004 618 3070 μέγας
651 3003 819 3067 αὐτῆς
865 3002 1073 3067 γίνεται
1107 3001 1197 3054 καὶ
1224 3002 1303 3062 είς
1337 3001 1603 3069 οὐρανοὺς
1631 2999 1794 3064 εὐθὺς

223 3093 538 3162 ἀναϐλέψας
566 3093 662 3145 καὶ
688 3091 962 3161 δακρύσας
994 3092 1125 3145 πολὺ
1151 3092 1481 3161 μερίζειτὴν
1500 3092 1792 3161 τιμωρίαν,

226 3184 432 3253 μᾶλλον
459 3184 516 3235 δὲ
546 3184 607 3235 16
645 3182 899 3236 πλεῖστον
931 3182 1102 3251 αὐτῆς
1153 3182 1423 3249 κουφίζει.
1456 3182 1530 3233 Τὸ
1562 3182 1660 3249 μέν
1689 3181 1790 3250 γὰρ
1824 3205 1861 3253 η

222 3275 319 3330 τοῦ
354 3276 525 3345 πυρὸς
576 3275 643 3327 τά
691 3275 902 3327 έκείνδυ
936 3273 1217 3326 σϐέννουσι
1257 3272 1486 3342 δάκρυα,
1537 3274 1596 3324 16
1622 3273 1678 3325 δὲ
1714 3274 1791 3333 είς

221 3368 474 3421 παιδείαν
502 3366 803 3434 ὑπελείφθη
838 3367 949 3427 τοῖς
980 3364 1323 3428 Βυζαντίοις·
1347 3364 1474 3433 ὅλην
1502 3363 1609 3432 γάρ
1632 3363 1789 3416 ὑπεί-

220 3461 403 3531 ληπτο
432 3457 824 3526 διανεμηθῆναι
846 3455 942 3524 τὴν
978 3456 1150 3509 πόλιν.
1185 3456 1242 3506 '0
1265 3454 1322 3507 δὲ
1345 3455 1405 3507 16
1440 3455 1788 3540 tiburtia“,

222 3558 287 3608 16
319 3554 377 3608 δὲ
434 3553 723 3622 προγνοὺς,
756 3548 892 3602 tisi!
931 3548 1033 3619 έφη
1065 3548 1381 3617 περιωδύνῳ
1422 3550 1572 3617 φωνῇ
1600 3564 1611 3577 ·
1638 3549 1790 3616 ἠλγει

220 3646 332 3715 γάρ
365 3643 439 3714 μὴ
462 3643 523 3695 16
555 3642 662 3694 πᾶν
690 3642 892 3692 έπαυεν
921 3638 994 3701 ὡς
1027 3637 1159 3691 πολὺ
1185 3639 1244 3689 16
1270 3637 1470 3706 πλῆθος
1510 3638 1617 3690 τῶν
1650 3641 1786 3708 ἡμε-

217 3739 398 3806 τέρων
427 3734 732 3803 ἁμαρτιῶν,
770 3732 861 3785 καὶ
894 3732 1039 3784 δοκεῖ
1089 3730 1166 3799 τῷ
1217 3728 1337 3798 θεῷ
1380 3731 1487 3783 ἀπὸ
1517 3730 1787 3799 θαλάττης

220 3825 461 3895 έρπῦσαι
489 3827 547 3877 16
572 3824 703 3895 πῦρ,
742 3824 835 3877 καὶ⁵
861 3823 1050 3892 ὥσπερ
1076 3820 1226 3890 βέλος
1258 3823 1319 3875 16
1355 3822 1452 3891 μέν
1484 3822 1647 3890 μέσοι⁵
1678 3822 1787 3875 δια-

221 3922 431 3988 τεμεῖν,
455 3917 560 3970 τῶν
596 3919 659 3969 έκ
687 3915 918 3983 πλαγίου
951 3913 1007 3967 δὶ
1064 3913 1377 3984 φείσασθαι,
1422 3914 1450 3965 6
1477 3914 1539 3984 δη
1571 3915 1665 3966 καὶ
1694 3917 1788 3983 γέ-

221 4027 369 4080 γονε,
399 4012 491 4062 καὶ
520 4009 581 4061 16
615 4007 727 4079 πῦρ
772 4010 834 4059 ἐκ
865 4006 959 4059 τοῦ
994 4006 1328 4077 καλουμένου
1374 4006 1621 4076 Νεωρίου
1649 4008 1784 4076 (sic)

218 4102 322 4174 τὴν
348 4099 522 4172 ἀρχὴν
550 4100 786 4168 εἰληφὼς
812 4099 968 4167 δίκην
1000 4098 1175 4166 ζώνης
1206 4097 1303 4168 τὴν
1341 4097 1495 4152 πόλιν
1547 4099 1676 4169 ὃλην
1709 4100 1788 4152 6t-

221 4192 447 4258 έζωσεν,
480 4194 560 4253 είς
615 4190 672 4243 δὲ
715 4189 811 4258 τὴν
866 4189 1095 4257 ἀντικρὺ
1144 4190 1451 4240 κατέπαυσε
1509 4187 1785 4243 θάλασσαν

220 4284 412 4353 ὥσπερ
449 4282 863 4352 παραδεικνύων
902 4282 984 4332 ὅτι
1011 4281 1140 4333 αὐτὸ
1174 4281 1271 4347 μὲν
1295 4279 1416 4332 καθ’
1439 4278 1564 4348 ὅλης
1589 4280 1784 4349 έχώρει

218 4377 318 4446 τῆς
343 4377 569 4439 πόλεως,
620 4377 696 4437 είς
729 4373 783 4425 δέ
818 4372 1073 4445 τοσοῦτον
1106 4370 1193 4424 διὰ
1245 4371 1567 4441 Μάρκελλον
1625 4388 1783 4442 περι-

220 4468 375 4538 έστη.

1929 710 2085 764 initio
2112 726 2305 765 omnes
2333 712 2647 779 reliquisset
2682 714 2980 772 facultates,
3015 722 3177 779 atque
3234 717 3370 766 ade-3
3418 714 3486 766 ab

1932 803 2048 870 ipsa
2080 802 2248 856 etiam
2280 801 2444 854 domo
2472 802 2838 863 discesSISset,
2868 814 2918 855 et
2952 809 3047 871 qui
3082 816 3199 858 erat
3242 820 3290 858 ei
3329 815 3492 857 tratcr

1931 894 2238 948 secundum
2267 909 2510 954 carnem.
2546 898 2846 964 accepisset
2885 898 3028 948 Illius
3071 898 3444 949 luereditatem
3474 938 3490 964 ,

1920 995 1973 1042 et
2004 995 2360 1055 paternorum
2394 990 2641 1041 omnium
2676 991 2942 1042 bonorum
2974 989 3200 1043 elIecws
3223 999 3367 1044 esset
3396 990 3492 1043 d0-

1922 1079 2128 1144 minus,
2156 1087 2209 1133 et
2246 1089 2356 1134 tota
2382 1094 2479 1133 sua
2514 1080 2624 1133 vita
2648 1082 2729 1134 eis
2759 1092 2900 1134 esset
2934 1097 3088 1140 usm;
3113 1082 3157 1135 is
3190 1098 3312 1137 cum
3340 1094 3487 1138 esset

1921 1172 2249 1235 moriturus,
2288 1171 2550 1241 relinquit
2584 1173 2892 1226 Marcellum
2926 1176 3193 1228 haeredcm
3243 1176 3489 1229 omnium

1919 1279 2141 1319 suarum
2169 1264 2520 1319 divitiarum.
2550 1266 2643 1319 llle
2674 1278 2853 1319 autem
2880 1282 2965 1330 ea,
3004 1282 3121 1336 quia:
3151 1269 3252 1321 sibi
3290 1269 3483 1323 relicta

1919 1354 2158 1420 fuerant,
2186 1372 2293 1409 non
2314 1357 2488 1410 solum
2517 1372 2612 1411 sua
2649 1373 2753 1411 non
2787 1375 2910 1412 esse
2946 1363 3130 1419 duxit,
3160 1360 3253 1413 sed
3283 1375 3379 1414 nec
3406 1362 3473 1414 iis

1919 1448 2184 1501 utendum
2246 1448 2349 1502 sibi
2417 1450 2634 1504 censuit
2677 1452 2742 1504 ad
2794 1468 3083 1506 commune
3136 1455 3477 1510 monasterii.

1917 1540 2057 1596 Hinc
2080 1556 2204 1595 cum
2231 1543 2485 1597 monachi
2524 1554 2796 1613 peterent,
2830 1557 2886 1598 ut
2913 1563 3100 1616 agrum
3133 1560 3358 1608 emeret.
3396 1550 3486 1603 ille

1916 1632 1998 1685 eis
2034 1631 2173 1685 dixit
2200 1647 2264 1685 se
2296 1632 2507 1687 nullum
2542 1650 2705 1688 nosse
2734 1652 2921 1705 agrum
2953 1638 3255 1692 uberiorem
3288 1650 3342 1693 et
3374 1642 3488 1694 fer-

1919 1723 2178 1785 tiliorem,
2211 1738 2374 1791 quam
2406 1740 2558 1793 spem
2599 1724 2652 1779 in
2684 1726 2984 1783 Christum.
3034 1730 3106 1782 De
3158 1731 3316 1784 bonis
3356 1750 3485 1803 ergo

1917 1816 2157 1884 paternis
2185 1817 2317 1886 quid
2345 1819 2555 1879 statuit,
2588 1826 2644 1872 et
2670 1818 2737 1872 de
2771 1821 2837 1873 iis
2870 1838 2987 1888 qua:
3020 1824 3084 1874 ad
3123 1825 3276 1876 illum
3311 1829 3473 1893 perti-

1910 1907 2132 1972 nebant,
2160 1924 2399 1979 quonam
2431 1909 2591 1964 modo
2622 1912 2914 1979 providet?
2972 1914 3043 1967 Ea
3073 1921 3373 1983 consumit,
3398 1920 3457 1973 υτ

1906 1999 2097 2055 ferens
2144 2001 2267 2055 aliis
2302 2004 2649 2057 monasteriis
2674 2044 2687 2066 ,
2739 2020 2859 2073 qua
2903 2006 3221 2062 laborat-ant
3259 2014 3436 2079 inopia
3468 2054 3479 2076 ,

1909 2101 2018 2146 tam
2046 2093 2290 2147 virorum
2333 2108 2496 2163 quam
2533 2095 2848 2151 mulierum.
2883 2097 2947 2151 Et
2980 2098 3094 2153 haec
3123 2101 3343 2167 quidem
3377 2104 3481 2158 iiiis

1909 2183 2157 2238 adimunt
2188 2195 2498 2253 egestatem.

1972 2273 2164 2330 XXXI.
2185 2276 2315 2342 Quae
2338 2292 2464 2331 vero
2485 2278 2613 2331 lecit
2643 2279 2696 2332 in
2724 2294 2914 2350 magna
2946 2280 3039 2335 Dei
3062 2282 3162 2347 ira,
3197 2284 3250 2337 in
3270 2300 3375 2353 qua
3400 2296 3480 2339 to-

1913 2374 2020 2419 tam
2052 2367 2352 2431 civitatem,
2403 2366 2929 2439 ConstantinOpolim
2970 2373 3216 2441 inquam,
3250 2390 3477 2429 conser-

1902 2458 2067 2518 vavit,
2117 2458 2240 2527 quis
2293 2458 2618 2513 sustinuerit
2685 2462 2906 2529 quidem
2980 2464 3199 2519 silentio
3251 2475 3475 2534 pra-ter-

1902 2548 2159 2601 mittcre‘l
2185 2547 2323 2613 Quis
2353 2559 2434 2603 est
2462 2559 2644 2603 autem
2677 2552 2813 2605 adeo
2846 2553 3031 2608 tardus
3064 2566 3117 2609 et
3146 2556 3331 2619 hebes.
3375 2559 3471 2626 qui

1900 2652 2009 2692 non
2039 2640 2223 2708 cupiat
2270 2639 2499 2695 audire?
2532 2641 2722 2711 Magno
2768 2643 2862 2697 illo
2892 2644 3071 2699 Leone
3100 2647 3312 2715 imperii
3348 2664 3471 2702 sce-

1899 2742 2021 2801 ptra
2068 2732 2512 2796 administrante,
2546 2736 2600 2788 in
2639 2736 2741 2791 hac
2780 2739 3002 2794 civitate
3052 2741 3231 2795 oritur
3276 2743 3471 2797 incen-

1899 2820 2048 2876 dium
2075 2822 2173 2893 (9),
2208 2832 2265 2877 et
2304 2825 2617 2881 incendium
2651 2843 2882 2893 eorum,
2918 2831 2986 2884 de
3029 2832 3229 2900 quibus
3269 2836 3375 2889 ulla
3409 2834 3469 2890 iit

1898 2914 2127 2978 mentio,
2159 2917 2456 2972 maximum
2482 2926 2534 2972 et
2561 2921 2943 2977 saevissimum.
2974 2923 3107 2979 Cum
3142 2938 3326 2980 autem
3356 2931 3467 2994 jam

1898 3006 2189 3075 incepisact
2211 3009 2509 3071 calamitas.
2554 3011 2621 3065 de
2656 3028 2717 3066 ea
2746 3014 3081 3069 auditionem
3115 3020 3309 3087 accipit
3355 3036 3467 3072 ma—

1896 3112 2035 3165 gnus
2062 3097 2349 3155 Marcellus
2375 3116 2389 3152 :
2420 3114 2473 3155 et
2506 3118 2630 3156 cum
2663 3108 2843 3157 Statim
2873 3112 3069 3161 caelum
3102 3113 3464 3178 suspexissvt,

1898 3199 1952 3244 et
1992 3192 2222 3245 multum
2274 3193 2647 3263 lacrymassct,
2708 3197 2903 3250 dividit
2942 3201 3268 3269 supplicium
3306 3220 3318 3254 :
3356 3203 3467 3257 imo

1900 3296 2029 3333 vero
2064 3283 2353 3336 maximam
2385 3288 2504 3351 ejus
2552 3294 2768 3353 partem
2804 3289 3017 3341 allevat.
3070 3289 3201 3341 Nam
3254 3303 3462 3359 partem

1897 3373 2119 3443 quidem
2170 3374 2312 3443 ignis
2355 3376 2475 3444 ejus
2519 3380 2873 3446 exstinguunt
2933 3380 3219 3449 lacrymse;
3286 3383 3457 3436 altera

1898 3478 2029 3517 vero
2060 3480 2185 3532 pars
2216 3466 2399 3520 relicta
2448 3477 2531 3520 est
2580 3468 2891 3537 Byzantinus
2933 3474 2998 3525 ad
3060 3473 3407 3541 disciplinam
3441 3491 3452 3526 :

1896 3555 2268 3610 existimatum
2310 3559 2455 3612 enim
2481 3558 2657 3612 fuerat
2694 3560 2831 3624 fore,
2859 3572 2917 3616 ut
2944 3572 3109 3617 totam
3143 3567 3460 3633 depasceret

1896 3646 2195 3700 civitatem.
2221 3647 2313 3700 llle
2344 3662 2475 3701 vero
2504 3664 2625 3702 cum
2651 3662 2859 3718 partem
2892 3655 3116 3720 quidem
3162 3661 3457 3725 repressis-

1894 3747 1996 3798 set.
2025 3750 2232 3806 partem
2261 3752 2441 3794 autem
2464 3745 2846 3810 praescivisset,
2874 3745 2970 3800 Hei
2996 3749 3129 3801 mihi
3164 3749 3175 3799 ι
3204 3750 3336 3804 dicit
3364 3752 3461 3803 tri-

1895 3830 1962 3883 sti
1991 3844 2140 3884 voce.
2173 3830 2402 3885 Dolebat
2441 3833 2589 3886 enim
2616 3874 2628 3896 ,
2672 3837 2819 3903 quod
2874 3854 2979 3892 non
3036 3849 3206 3893 totum
3244 3856 3455 3899 cessare

1894 3920 2147 3983 fecisset,
2209 3922 2349 3976 sicut
2415 3938 2665 3991 magnam
2725 3937 3039 3981 nostrorum
3098 3943 3450 3997 peccatorum

1892 4012 2342 4067 multitudinum:
2377 4025 2431 4068 et
2467 4017 2611 4084 quod
2647 4018 2819 4071 visum
2863 4032 3007 4074 esset
3050 4022 3177 4082 Deo.
3229 4036 3454 4093 serpere

1894 4102 2071 4170 ignem
2115 4119 2144 4159 a
2188 4108 2320 4159 mari
2352 4120 2522 4174 usque
2556 4109 2621 4160 ad
2660 4126 2827 4169 mare,
2866 4121 2917 4163 et
2953 4121 3207 4181 tanquam
3244 4116 3409 4168 telum
3437 4156 3452 4180 ,

1892 4194 2128 4247 medium
2163 4196 2382 4263 quidem
2415 4198 2705 4261 dissecare,
2739 4202 2807 4253 ab
2842 4201 2908 4256 iis
2936 4214 3140 4267 autem,
3171 4221 3292 4272 quae
3325 4216 3453 4261 sunt

1889 4298 1953 4338 ex
1990 4295 2323 4351 transverso,
2360 4289 2677 4353 abstinere;
2711 4293 2853 4359 quod
2900 4296 3064 4346 etiam
3099 4295 3301 4349 factum
3346 4306 3449 4350 est.

1891 4376 1960 4432 Et
2018 4378 2159 4447 ignis
2199 4394 2322 4433 cum
2363 4394 2662 4449 accepisset
2700 4383 2915 4436 initium
2957 4386 3023 4438 ab
3060 4401 3145 4452 eo,
3197 4388 3339 4456 quod
3367 4390 3450 4443 di-

1891 4470 2035 4524 citur
2063 4470 2401 4536 Neocorium,
2433 4473 2600 4527 instar
2635 4476 2834 4543 cinguli
2894 4470 3059 4531 totam
3115 4480 3285 4533 cinxit
3310 4481 3450 4536 civi-

221 4570 428 4628 tatem;
465 4560 698 4615 cessavit
729 4573 858 4613 vero
892 4556 958 4612 ad
982 4555 1319 4625 mare,quod
1349 4563 1432 4609 est
1467 4570 1532 4611 ex
1560 4556 1806 4625 adverso,
1849 4561 2013 4615 veluti
2049 4561 2361 4627 ostendens,
2425 4566 2568 4633 quod
2606 4566 2650 4619 is
2678 4568 2890 4636 quidem
2928 4570 3254 4636 pervasisset
3313 4573 3447 4627 civi-

223 4667 409 4719 tatem,
441 4653 506 4708 ad
533 4655 636 4708 hoc
692 4664 873 4707 autem
905 4651 1157 4706 redactus
1194 4658 1341 4705 esset
1369 4666 1465 4719 per
1491 4651 1828 4707 Marcellum.

290 4747 413 4803 AB’.
439 4746 542 4800 Δύο
572 4744 649 4799 In
674 4744 706 4813 ἢ
739 4745 903 4815 τριῶν
934 4744 1138 4796 ἐκείνου
1168 4742 1603 4812 μνητθέντες,τά
1629 4744 1786 4796 λοιπά
1821 4747 1863 4802 D

1769 4746 1786 4796 ι
1821 4747 1863 4802 D
1966 4743 2177 4798 XXXII.
2210 4743 2345 4806 Cum
2380 4744 2615 4799 duorum
2651 4747 2829 4801 adhuc
2855 4757 2949 4801 aut
2979 4750 3137 4802 trium
3184 4755 3444 4807 memine-

218 4839 495 4908 γλὼεισαις
535 4835 736 4905 ἑτέρων
794 4832 866 4894 ὡς
919 4833 1142 4885 δυνατὸν
1187 4828 1458 4893 κάκείνοις
1503 4831 1678 4899 λέγειν
1712 4833 1781 4886 τά

220 4932 356 5000 περὶ
377 4927 539 4981 αὑτοῦ
570 4924 989 4992 καταλείψομεν.
1048 4922 1157 4975 Καὶ
1200 4922 1416 4993 πρῶτον
1446 4918 1557 4986 οἷος
1602 4919 1667 4994 ἦν
1721 4925 1782 4975 16

220 5020 481 5090 φρόνημα
511 5015 646 5084 πρὸς
670 5014 769 5083 μὲν
795 5014 915 5074 τοὺς
937 5012 1192 5073 δυνατοὺς
1219 5011 1608 5075 ἀταπείνωτος,
1646 5014 1782 5081 πρὸς

217 5113 277 5165 δέ
299 5111 423 5174 τοὺς
464 5107 716 5177 μετρίους
742 5108 834 5157 καὶ
860 5103 979 5155 λίαν
1010 5105 1444 5171 έπικλινόμενος,
1494 5104 1779 5177 σύμμαχός

219 5220 282 5259 τε
308 5205 421 5265 τοῖς
450 5198 824 5268 ἀδικουμένοις
858 5198 948 5249 καὶ
984 5194 1175 5265 βοηθὸς
1205 5196 1437 5264 ἄμαχος.
1482 5196 1777 5266 Ἀρδασου.

223 5296 343 5367 ρίου
377 5293 467 5347 καὶ
493 5293 770 5360 ’Λα-παρος
799 5287 949 5341 οὐδέν
983 5288 1064 5340 δεῖ
1097 5287 1273 5354 λέγειν
1303 5287 1401 5357 τὴν
1433 5288 1549 5339 κατ’
1577 5290 1778 5340 ἐκεῖνον

217 5388 313 5440 τὸν
370 5385 561 5456 χρόνον
619 5381 793 5451 iul-6v,
848 5378 971 5431 οὐδέ
1026 5378 1123 5447 τὴν
1170 5380 1315 5447 ίσην,
1350 5378 1547 5447 μᾶλλον
1597 5380 1652 5430 66
1686 5381 1778 5433 καὶ

218 5478 393 5532 πλείω
442 5475 537 5544 τῆς
599 5472 776 5542 ίσχύος
829 5470 1105 5539 ὠμότητα.
1160 5460 1327 5530 Οὗτος
1388 5465 1529 5521 οὖνὸ
1562 5471 1778 5539 ίσχυρὸς

218 5570 367 5625 οὕτω
397 5569 489 5621 καὶ
536 5565 684 5634 ὠμὸς
726 5560 1108 5631 Ἀρδαϐούριος
1163 5560 1479 5631 χαλεπαίνει
1532 5562 1640 5615 τῶν
1674 5562 1778 5614 ὑπὸ

221 5663 379 5735 χεῖρα
415 5660 636 5729 Ἰωάννῃ
676 5653 930 5723 τοῦνομα.
998 5652 1055 5705 'tl
1087 5652 1140 5706 δέ
1174 5654 1376 5717 πάντας
1429 5653 1552 5717 τοὺς
1587 5654 1778 5719 ἀλλους

1884 4838 2075 4899 rimus,
2124 4835 2331 4903 reliqua
2366 4835 2565 4897 linguis
2609 4838 2859 4901 aliorum,
2909 4849 3071 4905 prout
3119 4844 3435 4910 potuerint,

1885 4927 2112 4983 dicenda
2148 4927 2541 4994 relinquemus.
2583 4928 2649 4982 Et
2683 4930 2939 4997 primum,
2988 4947 3150 4998 quam
3193 4934 3440 5002 ingentes

1880 5028 2063 5077 essent
2090 5019 2142 5073 ei
2178 5018 2425 5087 spiritus,
2452 5019 2542 5087 qui
2581 5019 2634 5073 in
2668 5029 2916 5088 potentes
2949 5022 3167 5089 quidem
3201 5023 3437 5092 deprimi

1884 5107 1991 5166 non
2022 5119 2296 5178 poterant,
2360 5110 2414 5164 in
2462 5126 2554 5165 eos
2596 5126 2744 5173 vero,
2790 5113 2881 5178 qui
2912 5124 3068 5168 erant
3116 5116 3343 5168 modesti
3376 5131 3439 5169 ac

1882 5201 2168 5264 moderati,
2197 5200 2353 5254 facile
2398 5198 2818 5257 Eziclinabantur.
2872 5204 2941 5256 lis
2984 5213 3161 5257 autem
3193 5244 3206 5266 ,
3240 5206 3439 5273 quibus

1881 5294 2046 5348 ﬂebat
2080 5293 2295 5362 injuria.
2323 5300 2439 5345 erat
2480 5292 2694 5361 adjutor
2724 5292 2979 5347 invictus.
3018 5294 3091 5347 De
3139 5294 3432 5349 Ardaburii

1879 5392 1933 5439 et
1961 5386 2202 5453 Asparis,
2247 5395 2367 5451 qua:
2396 5392 2515 5435 erat
2554 5384 2644 5437 illo
2694 5394 2952 5450 tempore,
3001 5388 3262 5452 potentia,
3300 5385 3434 5438 nihil

1879 5486 1963 5531 est
1999 5475 2285 5530 dicendum
2326 5490 2339 5528 :
2371 5489 2547 5543 neque
2578 5477 2643 5530 de
2672 5476 2992 5531 crudelitate
3016 5478 3209 5544 aequali
3242 5491 3436 5546 poten-

1883 5566 1989 5630 tiae,
2025 5576 2184 5635 atque
2231 5564 2368 5618 adeo
2426 5566 2635 5633 majori.
2676 5565 2775 5620 llic
2808 5581 2955 5634 ergo.
3006 5568 3097 5633 qui
3137 5578 3253 5621 crat
3299 5566 3436 5621 adeo

1882 5667 2075 5727 potens
2094 5666 2148 5712 et
2173 5655 2429 5719 Crudelis,
2463 5655 2801 5711 Ardaburius
2837 5655 3175 5710 irascebatur
3217 5655 3431 5711 cuidam

292 5840 374 5903 (Et)
408 5838 708 5896 AnnoJGS.
736 5836 811 5893 De
844 5838 945 5894 hoc
981 5835 1230 5893 incendio
1250 5838 1544 5893 Marcellin.
1574 5837 1627 5892 in
1646 5836 1851 5894 Chron.
1895 5847 1950 5893 et
1987 5838 2119 5892 Acta
2152 5836 2387 5895 Danielis
2416 5836 2638 5906 Stylitae,
2666 5836 2724 5889 ll
2762 5834 3071 5899 Dcccmbr.,
3108 5850 3227 5905 cap.
3259 5834 3344 5889 27.
