4242 6442
237 411 351 474 725
1135 414 1314 477 νιτΑ
1357 414 1417 477 S.
1457 412 1848 475 MARCELLI
1894 415 1912 473 ἐ

1827 414 1848 473 l
1894 413 2589 477 ΑιιεΗιΜΑλυΗιΤίε.
3383 413 3492 476 ’ἲΞῦ

240 521 342 594 τὴν
371 521 722 595 θαυμαστόςο
783 520 939 589 οὗτος
988 519 1085 579 οὖν
1136 525 1264 597 ἄρτι
1318 525 1537 597 ταγῶν
1571 524 1818 596 μοναχιῖη
1846 526 1893 585 Α

1812 542 1818 569 ν
1846 526 1893 585 Α
1922 538 2140 593 quoque
2164 523 2500 579 admirabilis
2533 539 2547 577 :
2593 521 2682 577 hic
2710 537 2837 590 ergo
2866 537 2983 574 cum
3014 522 3173 591 paulo
3204 533 3328 577 ante
3358 525 3487 577 sub-

240 612 517 676 ὑπελθὼν,
567 616 660 668 καὶ
689 613 847 677 ἄλλος
905 615 1023 669 Ἰὼϐ
1074 617 1224 671 ιλκει
1265 617 1488 689 πονηρῷ
1539 618 1690 685 παρά
1721 615 1816 669 τοῦ

1811 616 1816 663 ὶ
1922 614 2074 670 ἰίεερι
2094 616 2501 675 mouaebatum,
2532 624 2789 683 tanquam
2816 613 2956 665 alios
2986 612 3105 674 Job,
3134 614 3275 665 malo
3306 615 3486 667 ulcere

238 706 487 775 πονηροῦ
521 708 794 775 βάλλεται.
830 707 944 761 Πᾶν
979 708 1088 778 γὰρ
1127 709 1294 763 αὖτοῦ
1352 709 1413 762 τὸ
1474 710 1815 778 μετάφρενον

1808 728 1815 755 ν
1924 704 2234 772 percutitur
2289 721 2315 757 a
2353 703 2607 771 maligno.
2670 702 2866 755 Totum
2917 702 3059 754 enim
3092 703 3208 768 ejus
3262 704 3483 753 dorsum

238 797 519 867 τραύματι
554 800 701 851 παίει
735 799 1129 870 χαλεπωτάτῳ.
1166 801 1239 854 Τὸ
1260 802 1316 854 δὲ
1348 802 1557 855 ἄνωθεν
1581 802 1689 854 ἀπὸ
1718 801 1813 854 τοῦ
1865 796 1869 801 ⁷

1812 834 1813 841 η
1865 796 1869 801 “
1920 795 2069 865 gravi
2107 794 2229 847 ferit
2271 795 2515 846 vulnere.
2556 792 2611 845 Id
2645 800 2825 845 autem
2864 791 3101 858 desuper
3129 807 3155 842 a
3188 792 3327 844 collo
3352 793 3487 843 inci-

236 891 519 958 τραχήλου
568 890 901 960 ἀρξάμενον,
935 891 1036 959 τήν
1066 909 1124 945 τε
1172 892 1354 961 σάρκα
1388 893 1814 962 διαδοσκόμενον

1809 913 1814 937 ν
1930 890 2107 957 ι.ἰριιε,
2140 894 2194 938 ct
2247 899 2469 938 carnem
2504 894 2670 937 totam
2703 882 3001 952 depasCens
3054 882 3377 950 deperdidit,
3429 892 3484 935 ct

234 980 367 1050 ὅλην
422 982 810 1053 διελυμήνατο,
837 990 931 1037 καὶ
965 986 1032 1038 τὰ
1084 986 1174 1038 ὕπ’
1209 985 1379 1055 αὐτὴν
1405 986 1541 1039 ὀστᾶ
1560 986 1813 1055 καθαρῶς

1803 1005 1813 1039 :
1922 997 2043 1049 qua;
2062 981 2166 1035 sub
2197 997 2258 1033 ea
2310 988 2487 1043 erant,
2520 994 2641 1032 ossa
2678 994 2811 1046 pure
2842 978 3087 1031 nudaiit.
3140 983 3307 1031 Acres
3330 992 3478 1038 vero,

236 1071 617 1141 ἐξεγύμνωσε.
675 1078 932 1145 Δριμεῖαι
983 1076 1041 1130 δι
1086 1076 1271 1130 ὀδύναι
1308 1079 1401 1131 καὶ
1452 1080 1680 1149 ἇρῤητοι
1720 1078 1813 1129 τὸν
1905 1101 1911 1117 ι

1804 1099 1813 1125 ν
1905 1082 1966 1123 vt
2001 1073 2092 1140 qui
2121 1071 2304 1124 verbis
2344 1070 2581 1138 exprimi
2626 1080 2925 1137 nequeunt.
2960 1070 3175 1122 dolores
3206 1070 3479 1122 hominem

234 1163 529 1235 ἄνθρωπον
546 1165 885 1232 διαδύνασαι,
909 1167 1031 1219 οὒτε
1051 1168 1208 1236 ὀρθδς
1230 1170 1474 1229 ἑστάναι,
1496 1168 1619 1222 οὔτε
1642 1184 1810 1220 κατα·

1801 1196 1810 1207 -
1914 1172 2287 1229 penetrantes,
2316 1177 2493 1229 neque
2530 1172 2738 1215 rectum
2796 1173 2963 1223 stare,
3008 1176 3108 1215 nec
3134 1161 3476 1222 accumbere.

177 1287 189 1296 -
237 1256 517 1325 κλιθῆναι,
576 1256 703 1310 οὔτε
768 1257 875 1327 μὴν
906 1258 1240 1331 καθεσθῆναι
1296 1260 1586 1329 ἀλγηδόνος
1641 1261 1810 1329 χωρὶς

1804 1276 1810 1319 ς
1915 1252 2013 1306 sed
2047 1268 2223 1322 neque
2263 1252 2453 1307 sedere
2483 1252 2735 1307 sinebant
2760 1252 2878 1306 sine
2898 1252 3166 1306 cruciatu.
3208 1251 3307 1305 Hic
3328 1268 3479 1320 ergo,

170 1328 175 1331 1
233 1345 562 1414 επέτρεπον.
592 1341 759 1409 Οὗτος
788 1343 881 1401 οὖν
915 1349 1056 1403 κατὰ
1095 1328 1199 1403 και
1225 1328 1444 1419 ἰατροὺς
1495 1350 1585 1402 καὶ
1616 1328 1810 1419 τέχνας

1802 1368 1810 1412 ς
1911 1345 2165 1399 omnibus
2194 1354 2251 1398 et
2276 1345 2507 1400 medicis
2533 1352 2589 1398 et
2625 1345 2837 1398 artibus
2874 1346 3190 1413 prmteritis,
3243 1343 3307 1397 ad
3345 1342 3477 1397 Mar-

233 1436 640 1505 παραδραμὼν,
672 1440 765 1491 επὶ
800 1438 1118 1507 Μάρκελλον
1150 1440 1330 1508 μόνον,
1365 1440 1459 1492 καὶ
1503 1438 1573 1492 δι’
1597 1440 1807 1493 ἐκείνου

1805 1465 1807 1482 ι
1912 1437 2110 1492 cellum
2141 1437 2340 1497 solum,
2366 1444 2423 1491 et
2450 1450 2544 1504 per
2569 1436 2721 1488 illum
2741 1436 2807 1489 ad
2836 1436 3004 1489 Deum
3036 1435 3293 1502 confugit.
3334 1445 3388 1489 et
3414 1438 3480 1489 ab

232 1529 376 1596 πρὸς
442 1527 574 1579 Θεὸν
622 1527 981 1596 καταφεύγει,
1037 1531 1293 1583 κάκεῖθεν
1351 1532 1453 1601 τὴν
1512 1532 1808 1601 θεραπείαν

1908 1544 1977 1582 eo
2026 1528 2162 1596 petit
2209 1529 2571 1581 curationem.
2644 1527 2735 1579 Ille
2794 1536 2975 1579 autem
3016 1542 3140 1579 cum
3188 1542 3379 1579 manus
3425 1539 3484 1583 et

231 1618 399 1671 αἰτεῖ.
445 1617 505 1670 '0
527 1618 581 1671 δι
602 1620 790 1687 χεῖράς
818 1636 875 1672 τε
900 1620 995 1674 καὶ
1029 1624 1238 1691 φρένας
1265 1622 1428 1686 εὐθὺς
1467 1624 1547 1687 εις
1578 1623 1806 1691 οὐρανὸν

1908 1626 2146 1670 mentem
2181 1618 2365 1669 statim
2420 1614 2474 1669 in
2510 1616 2677 1668 altum
2722 1615 3056 1676 sustulisset.
3108 1626 3162 1669 et
3199 1626 3255 1669 ut
3283 1616 3487 1669 solitus

238 1720 260 1756 t
284 1725 396 1768 τας,
430 1710 519 1759 καί
562 1708 744 1778 ᾢπαερ
770 1710 958 1762 εἰωθεν
988 1711 1381 1779 ἐπευξάμενος,
1421 1706 1538 1763 εἶτα
1566 1714 1633 1782 τῇ
1658 1714 1805 1782 χειρὶ
1904 1726 1913 1761 t

1801 1724 1805 1766 ι
1904 1718 2042 1769 erat.
2075 1716 2306 1770 orasset,
2338 1706 2538 1761 deinde
2587 1723 2747 1760 manu
2786 1707 2943 1761 ulcus
2976 1717 3216 1760 tractans
3251 1723 3263 1759 :
3303 1707 3347 1761 Ο
3394 1709 3476 1760 vir

231 1798 329 1849 τοῦ
361 1796 670 1865 τραύματος
722 1800 1057 1868 ἑπαφῶντος,
1103 1797 1171 1853 '0
1202 1802 1468 1871 βέλτιστε,
1500 1804 1669 1872 λέγει,
1700 1806 1797 1857 ἀν-
1830 1860 1866 1872 _
1903 1827 1906 1846 η

1830 1860 1866 1872 _
1903 1802 2128 1871 optimc,
2162 1802 2359 1870 inquit,
2396 1808 2446 1853 te
2472 1799 2691 1868 quidem
2718 1800 2787 1853 ab
2819 1800 2903 1854 his
2938 1815 3044 1854 non
3071 1810 3286 1869 oportet
3314 1816 3476 1870 supe-

232 1860 409 1954 δρῶν,
431 1860 632 1956 σι’μὲν
679 1888 738 1939 ού
766 1860 883 1940 δίον
925 1860 1319 1943 τῶντοιούτων
1345 1860 1607 1961 ήττάσθαι
1631 1860 1797 1947 ’,οὐδὲ
1829 1860 1869 1914 Β
1905 1910 1907 1945 1

1829 1860 1869 1914 Β
1905 1860 2035 1948 rari.
2070 1860 2258 1962 Neque
2288 1893 2433 1946 enim
2468 1907 2595 1946 eum
2628 1892 2720 1961 qui
2753 1901 2957 1962 pugnat
2993 1907 3115 1945 eum
3148 1894 3215 1946 iis
3243 1892 3335 1961 qui
3364 1908 3471 1947 non

230 1982 345 2046 γὰρ
383 1981 443 2030 τὸ
487 1983 623 2050 πρὸς
660 1980 937 2055 ,ἀοράτους
963 1982 1271 2052 μαχόμενον
1325 1985 1662 2055 ἐπιστροφὴν
1692 1987 1797 2055 χρὴ

234 2073 334 2133 τῆς
370 2073 572 2139 σαρκὸς
592 2071 896 2125 ποιεῖσθαιο
929 2074 1070 2143 πλὴν
1100 2074 1236 2127 ἀλλὰ
1264 2073 1456 2146 θάρρει
1481 2090 1495 2106 ο
1519 2076 1611 2129 τὸν
1639 2076 1799 2144 ’Υψι-

234 2174 365 2212 στον
396 2162 503 2230 γάρ
538 2178 619 2214 σοι
672 2163 882 2233 θεμένῳ
941 2166 1263 2233 καταφυγὴν
1311 2167 1344 2232 ἡ
1403 2166 1604 2236 μάστιε
1656 2167 1798 2237 αὕτη

231 2250 495 2317 φεύξεται
523 2252 616 2305 τοῦ
668 2254 1027 2325 σκηνώματός
1080 2272 1195 2309 σου.
1244 2258 1463 2326 Εἴρητο,
1500 2258 1595 2310 καὶ
1620 2259 1797 2312 πάντα

233 2345 397 2407 εὐθὺς
442 2347 669 2416 ιωρᾶτο,
698 2348 835 2416 ὀμοῦ
870 2347 941 2400 τὰ
962 2350 1119 2415 ὀστᾶ,
1179 2352 1235 2403 aI
1266 2352 1487 2421 σάρκες,
1538 2353 1598 2406 τὸ
1625 2353 1797 2424 δέρμα

232 2437 525 2504 περιταθὲν
565 2440 657 2491 καὶ
686 2442 764 2505 ,αῖ
797 2439 982 2493 ὀδύναι
1044 2441 1415 2509 παυσάμεναι,
1464 2443 1541 2506 ὡς
1599 2444 1795 2515 μικροῦ

233 2526 589 2595 πληρωθῆναι
617 2529 710 2581 καὶ
735 2532 852 2582 τότε
900 2531 961 2583 τὸ
991 2532 1250 2601 ἱερὸν-τού
1314 2533 1573 2604 Ἱεζεκιὴλ
1619 2536 1798 2602 λόγιιν

230 2618 315 2677 τὸ,
350 2636 367 2667 ι
410 2616 582 2681 Εἶδον,
620 2621 714 2672 καὶ
773 2621 882 2675 ἰδοὺ
928 2622 1016 2673 ἐπ’
1049 2625 1188 2677 αὐτὰ
1242 2624 1409 2694 νεῦρα
1456 2628 1551 2679 καὶ
1596 2628 1795 2698 σάρκες

232 2711 485 2774 ἐψύοντο,
513 2712 605 2762 καὶ
638 2711 922 2765 ἀνέϐαινεν
956 2715 1042 2767 ἐπ’
1082 2718 1221 2769 αὐτὰ
1243 2718 1421 2787 δέρμα
1450 2721 1655 2773 ιπάνω.
1702 2739 1718 2769 r

310 2880 440 2936 κεν.
477 2881 603 2937 Ὀτι
635 2882 688 2936 δι
713 2884 773 2935 ού
801 2884 997 2954 παρὼν
1024 2886 1185 2954 μόνον
1217 2888 1246 2939 ὀ
1276 2889 1416 2952 θεῖος
1449 2884 1601 2954 οὗτος
1634 2892 1794 2961 ἀνὴρ,

233 2974 374 3024 ἀλλα
394 2975 486 3025 καὶ
517 2973 670 3025 ἀπὼν
698 2977 896 3041 ὁμοίως
918 2977 1370 3047 ὲθαυματούργει,
1395 2982 1453 3033 τὸ
1473 2985 1563 3034 ἐπὶ
1588 2984 1797 3046 τούτοις

232 3064 484 3131 δηλώσει.
530 3065 707 3135 Ἀνδρῖ
739 3082 848 3117 τινι
888 3066 1131 3137 Εὑγενίῳ
1161 3069 1260 3137 μὲν
1285 3072 1541 3139 τοῦνομα,
1563 3074 1795 3145 διακό,ῳ

1905 1995 2034 2041 sunt
2096 1983 2481 2053 aspectabiles,
2533 1994 2745 2050 Oportet
2783 1998 2969 2052 gerere
3035 1998 3220 2036 curam
3270 1986 3472 2037 carnis.

1909 2073 2015 2129 Sed
2047 2074 2280 2128 confide.
2312 2073 2443 2126 Nam
2469 2073 2514 2125 si
2546 2072 2641 2127 tibi
2678 2073 3014 2127 Altissimum
3038 2074 3289 2140 posueris
3328 2073 3477 2126 refu-

1904 2170 2075 2239 gium.
2117 2168 2286 2237 fugiet
2316 2167 2432 2223 haec
2463 2168 2615 2236 plaga
2642 2181 2672 2220 a
2716 2176 2808 2220 tuo
2833 2166 3206 2220 tabernaculo.
3259 2168 3478 2219 Dictum

1911 2259 2109 2322 fuerat,
2136 2267 2189 2312 ct
2218 2260 2397 2312 omnia
2423 2259 2587 2313 simul
2643 2259 2892 2327 protinus
2924 2259 3268 2321 videbantur,
3322 2274 3471 2324 ossa,

1905 2364 2119 2413 carnes,
2158 2350 2337 2417 pellis,
2373 2349 2463 2402 illa
2489 2348 2709 2416 quidem
2745 2355 2907 2412 tecta,
2936 2349 3018 2401 ha:
3044 2364 3172 2403 vero
3208 2350 3464 2418 repletae;

1904 2440 2065 2509 pellis
2100 2450 2278 2493 autem
2299 2448 2518 2492 extensa
2544 2455 2558 2492 :
2589 2438 2909 2506 doloresque
2932 2448 3295 2501 cessaverant,
3331 2442 3468 2495 adeo

1908 2535 1966 2579 ut
2007 2526 2059 2579 in
2116 2530 2197 2580 'eo
2252 2525 2645 2595 propemodum
2712 2527 2995 2596 impletum
3040 2528 3207 2583 fuerit
3253 2545 3466 2585 sacrum

1915 2618 2233 2685 pmdictum
2277 2618 2578 2673 Ezechielis
2617 2634 2631 2671 :
2679 2637 2698 2669 ι
2728 2619 2943 2687 Aspexi,
2968 2628 3025 2675 et
3052 2635 3180 2674 ecce
3210 2637 3375 2690 super
3402 2638 3467 2677 ea

1903 2711 2055 2764 nervi
2088 2719 2139 2763 et
2204 2724 2397 2763 carnes
2420 2710 2802 2776 nascebantur,
2873 2721 2928 2764 et
2985 2711 3142 2780 pellis
3188 2727 3352 2782 super
3403 2728 3467 2765 ca

1903 2800 2231 2855 ascendebat
2256 2802 2298 2853 '.
2336 2821 2352 2851 ι

1973 2889 2117 2944 XXI.
2138 2892 2291 2955 Quod
2319 2899 2501 2945 autem
2527 2906 2633 2945 non
2656 2892 2828 2947 solum
2853 2908 3092 2962 priesens
3119 2896 3207 2951 hic
3223 2898 3302 2950 vir
3330 2898 3463 2951 divi-

1903 2999 2026 3045 nus.
2054 2985 2148 3037 sed
2184 2985 2350 3037 etiam
2387 2985 2585 3039 absens
2622 2986 2879 3042 similiter
2904 2988 3135 3043 faciebat
3172 2992 3457 3054 miracula.

1906 3073 2213 3128 declarabit
2241 3074 2290 3126 id
2315 3073 2458 3141 quod
2485 3074 2751 3143 sequitur.
2782 3075 3009 3133 Cuidam
3045 3079 3181 3141 viro,
3219 3080 3460 3149 Eugenio

232 3156 368 3206 δὲτό
404 3157 547 3223 ἱερὸν
572 3157 805 3224 ἀξίωμα,
835 3160 1016 3223 ἐπίτεξ
1050 3157 1116 3227 ἦν
1146 3163 1177 3229 ἡ
1212 3164 1370 3232 γυνή.
1420 3165 1576 3217 Ἐπεὶ
1600 3166 1655 3217 δὲ
1681 3183 1800 3218 και-
1828 3198 1866 3253 C
1902 3185 1907 3211 ‹

1781 3198 1800 3207 -
1828 3198 1866 3253 C
1902 3164 2123 3231 quidem
2154 3164 2395 3226 nomine,
2458 3164 2689 3216 diacono
2715 3176 2897 3218 autem
2940 3181 3090 3221 sacra
3116 3173 3456 3233 auctoritate.

239 3252 329 3313 ρος
361 3247 453 3299 τοῦ
482 3250 641 3300 τὸκου
679 3251 877 3318 παρῇν,
936 3253 1163 3319 πυρετὸς
1199 3253 1365 3323 αὐτὴν
1407 3259 1615 3326 συνεῖχε
1663 3276 1793 3326 σφο-

233 3341 331 3406 δρό
369 3378 382 3391 .
412 3341 480 3390 At
504 3341 601 3405 μὶν
632 3335 726 3392 οὖν
759 3342 938 3401 ὠδῖνες
970 3343 1156 3406 ὀξεῖαι,
1187 3346 1213 3396 ὀ
1238 3344 1294 3395 δὲ
1320 3347 1551 3414 πυρετὸς
1575 3348 1789 3415 λάϐρος.

246 3429 422 3498 Ὑπῆν
443 3427 536 3482 οὖν
558 3431 654 3489 τά;
678 3446 732 3481 τε
762 3434 923 3499 μαίας
957 3435 1193 3493 καὶτοὺς
1227 3435 1441 3499 turpata;
1467 3438 1790 3505 ἁπρακτεῖυ,

233 3525 329 3573 καὶ
366 3524 465 3589 μία
499 3522 680 3574 λοιπὸν
715 3524 867 3584 ἐλπὶς
914 3526 941 3573 ὀ
988 3525 1305 3588 Μάρκελλος
1340 3521 1431 3595 ἦν.
1498 3527 1555 3579 '0
1576 3521 1689 3597 ’μὲν
1728 3530 1789 3597 δὴ

233 3615 592 3684 προσηύχετο,
617 3618 645 3666 ὀ
663 3617 718 3666 δὲ
743 3618 847 3666 τῶν
874 3615 1048 3667 ποδῶν
1069 3617 1287 3685 ἥπτετο,
1322 3621 1416 3670 καὶ
1443 3618 1587 3686 λέγει
1616 3623 1790 3674 πάντα

230 3702 391 3771 ὁμοῦ,
424 3707 514 3755 τὸν
549 3705 788 3769 τοκετὸν,
840 3710 930 3757 τὸν
960 3707 1219 3774 φλογμὸν,
1277 3708 1338 3759 τὸ
1373 3710 1463 3761 ἐπὶ
1490 3711 1652 3779 ξυροῦ
1691 3712 1789 3780 τὴν

231 3800 473 3861 γυναῖκα
508 3797 774 3849 ἵστασθαι.
804 3798 867 3848 Τί
901 3794 991 3849 οὖν
1024 3798 1085 3849 τὸ
1116 3799 1276 3867 ὲξήςς
1341 3802 1539 3872 ’Δρτον
1568 3802 1792 3868 εύλογὴο

236 3904 335 3950 σας
366 3892 392 3939 ο
446 3890 615 3954 μέγας
662 3889 809 3956 αὑτῴ
842 3889 1047 3955 δίδωσι,
1108 3894 1202 3943 καὶ
1248 3890 1327 3960 τῷ
1357 3893 1544 3963 στήθει
1576 3896 1787 3947 κελεύει

234 3981 409 4032 θεῖναι
450 3980 547 4047 τῆς
594 3984 871 4045 γυναικός.
910 3980 1016 4031 Καὶ
1042 3979 1099 4041 ὀς
1132 3981 1308 4032 ἐποίει
1338 3984 1400 4033 τὸ
1426 3985 1786 4052 προσταχθὲν,

234 4072 332 4124 καὶ
361 4073 695 4139 παραχρῆμα
749 4072 843 4139 τῆς
879 4071 1110 4139 γαστρὸς
1153 4073 1400 4141 ικτρέχει
1428 4075 1486 4125 τὸ
1516 4074 1735 4142 βρέφος,
1764 4079 1790 4127 ὁ

233 4166 467 4233 πυρετὸς
487 4165 541 4215 δὲ
570 4163 665 4214 τοῦ
689 4163 960 4231 σώματος.
1007 4164 1115 4216 Καὶ
1140 4162 1279 4232 αὕτη
1307 4162 1493 4232 ὥσπερ
1521 4168 1585 4217 εκ
1622 4166 1786 4232 βυθοῦ

231 4270 378 4316 τινος
425 4258 515 4307 καὶ
568 4254 694 4323 ᾅδου
727 4252 1114 4321 ἀνενεγκοῦσα,
1150 4254 1259 4307 Ποῦ
1305 4257 1471 4315 ἐστιν,
1528 4256 1731 4324 ελεγεν,
1759 4258 1789 4310 ὀ

234 4347 522 4416 παραστὰς
547 4350 668 4415 ἐμοὶ
693 4347 924 4415 μοναχὸς
945 4350 973 4400 ὁ
998 4350 1319 4417 ἰασάμενο;;
1342 4347 1446 4400 ποῦ
1477 4351 1505 4402 ὀ
1531 4349 1626 4419 τὴν
1650 4349 1788 4420 ἐμὴν

233 4438 469 4499 ἑλκύσας
508 4440 566 4503 ἐξ
602 4439 728 4509 ᾅδου
775 4438 992 4509 ψυχήν’;
1053 4440 1413 4511 Ἐρωτωμόνη
1462 4441 1521 4494 δὲ
1567 4442 1657 4493 καὶ
1703 4442 1787 4504 τις

1902 3265 2038 3305 uxor
2070 3252 2426 3320 parturiebat.
2452 3251 2586 3305 Cum
2621 3268 2750 3307 vero
2779 3254 2996 3308 adesset
3016 3268 3227 3327 terripus
3246 3272 3453 3328 partus,

1899 3342 2196 3394 vehemens
2225 3356 2345 3395 eam
2379 3342 2578 3396 invasit
2611 3343 2799 3397 febris.
2834 3347 3011 3414 Atque
3042 3359 3200 3401 erant
3231 3352 3456 3418 quidem

1896 3445 2052 3485 acres
2084 3431 2323 3494 dolores.
2354 3432 2524 3487 febris
2557 3443 2737 3487 autem
2765 3437 3032 3494 violenta:
3064 3440 3253 3493 Otiosis
3274 3442 3458 3511 itaque

1894 3536 2015 3575 esse
2035 3522 2424 3577 obstetricibus
2468 3524 2667 3578 licebat
2712 3535 2767 3580 et
2812 3528 3059 3592 medicis,
3115 3542 3172 3585 et
3199 3548 3303 3585 una
3334 3549 3456 3603 spes

1895 3610 2155 3679 deinceps
2198 3622 2316 3665 erat
2346 3613 2650 3665 Marcellus.
2685 3614 2751 3667 Et
2800 3626 3020 3670 sanctus
3078 3619 3301 3686 quidem
3326 3636 3449 3673 ora-

1896 3701 2024 3764 bat;
2060 3701 2339 3769 Eugenius
2361 3710 2541 3754 autem
2573 3704 2692 3771 ejus
2737 3706 2901 3771 pedes
2938 3710 3249 3773 prensabat,
3281 3712 3373 3777 qui
3400 3712 3451 3765 ei

1895 3791 2078 3845 omnia
2111 3792 2271 3845 simul
2303 3793 2455 3854 dicit,
2486 3804 2721 3859 partum.
2760 3793 3261 3861 inflammationem,
3288 3816 3455 3868 super

1895 3883 2199 3944 novaculx,
2256 3890 2316 3936 ut
2365 3882 2536 3946 aiunt,
2575 3884 2745 3937 aciem
2796 3896 2939 3939 stare
2983 3888 3285 3942 mulierem.
3310 3892 3450 3955 Quid

1893 3973 2125 4027 deinde?
2159 3972 2293 4027 Cum
2330 3989 2526 4042 panem
2560 3975 2926 4029 benedixisset
2953 3993 3178 4046 magnus
3200 3980 3290 4033 ille
3311 3981 3451 4033 Mar-

1894 4065 2148 4128 c_ellus,ei
2172 4064 2357 4127 donat,
2376 4074 2576 4118 etcum
2600 4065 2756 4135 jubet
2784 4068 2907 4134 poni
2929 4084 3091 4137 supra
3112 4083 3301 4137 peetus
3324 4087 3444 4125 mu-

1895 4154 2062 4208 lieris.
2082 4154 2176 4207 Ille
2196 4169 2323 4208 vero
2340 4154 2622 4223 fecitquod
2640 4157 3026 4225 eiimpcratum
3048 4159 3306 4223 fuerat,et
3321 4176 3446 4230 pro-

1896 4247 2044 4301 tinus
2070 4246 2248 4300 infans
2262 4246 2543 4316 egreditur
2566 4263 2631 4302 ex
2663 4259 2839 4311 utero,
2866 4257 2920 4301 et
2950 4250 3116 4304 febris
3134 4265 3164 4304 e
3193 4266 3444 4320 corpore.

1894 4341 1987 4394 Illa
2012 4349 2194 4403 autem
2238 4347 2494 4406 tauquam
2541 4354 2607 4391 ex
2644 4338 2785 4392 fossa
2808 4339 2987 4406 aliqua
3037 4352 3129 4392 aut
3164 4358 3230 4394 ex
3259 4343 3446 4398 inferis

1891 4443 2034 4485 esset
2060 4444 2275 4484 reversa
2309 4446 2322 4483 :
2352 4429 2453 4484 Ubi
2480 4439 2583 4491 est,
2617 4430 2813 4497 inquit,
2842 4431 2933 4497 qui
2966 4432 3097 4483 mihi
3121 4433 3295 4485 adfuit
3330 4451 3445 4488 mo-

233 4525 393 4593 οὗτος
420 4531 515 4583 καὶ
544 4525 653 4592 οἷος
703 4533 836 4601 αὐτῇ
884 4532 1185 4601 παρίστατο
1216 4532 1315 4601 τὴν
1346 4533 1577 4602 μορφὴν,
1625 4532 1785 4597 εὐθὺς
1817 4525 1861 4582 ο
1887 4537 1908 4575 1

1764 4549 1785 4597 ς
1817 4525 1861 4582 D
1887 4521 2115 4585 nachus,
2145 4528 2200 4575 et
2234 4536 2316 4574 me
2338 4520 2583 4573 curavit?
2616 4518 2714 4573 Ubi
2741 4530 2845 4582 est,
2886 4521 3084 4588 inquit,
3144 4524 3233 4590 qui
3268 4540 3439 4579 meam

236 4622 454 4675 ἃπαντα
502 4621 721 4693 διεξῄει,
769 4624 830 4676 τὸ
860 4623 1068 4692 σχῆμα,
1099 4624 1196 4693 τὴν
1226 4625 1407 4694 τρῖχα,
1451 4626 1548 4695 τὴν
1578 4624 1789 4695 στολὴν,

233 4715 335 4784 τὴν
372 4715 585 4783 μορφὴν
618 4717 709 4767 καὶ
744 4715 822 4783 τῷ
874 4717 1017 4784 λόγῳ
1062 4717 1237 4769 πάντα
1288 4717 1623 4785 ὑπέγραψεν,
1651 4718 1791 4771 ὥστε

236 4807 333 4857 καὶ
372 4805 496 4862 τοὺς
548 4806 608 4855 οὐ
639 4805 840 4874 σφόδρα
875 4805 1127 4867 συνετοὺς
1186 4805 1482 4873 συμδαλεῖν
1529 4806 1611 4857 ὅτι
1640 4798 1793 4867 οὗτος

234 4894 441 4952 ἐκεῖνος
494 4887 564 4960 ἦν
595 4894 621 4943 ὁ
655 4892 967 4960 θαυμαστὸς
1017 4894 1354 4962 Μάρκελλος.
1409 4894 1651 4963 Κάκείνη
1691 4894 1787 4962 μὲν

233 4980 487 5032 τοσοῦτον
538 4982 859 5050 Μαρκέλλου
894 4982 988 5033 καὶ
1026 4983 1255 5046 ἀπόντος
1310 4982 1585 5048 ἀπώνατο,
1647 4982 1786 5035 ὥστε

234 5072 305 5123 δι’
340 5072 501 5122 αὐτὸν
531 5074 622 5123 καὶ
652 5071 751 5139 ζῇν
786 5075 877 5126 καὶ
911 5075 1107 5125 τεκεῖν.

308 5334 434 5387 KB‘.
466 5333 531 5384 Ti
581 5332 637 5384 δι
680 5333 745 5402 δὴ
776 5334 869 5385 καὶ
918 5335 1197 5399 Εὑδόξιοςς
1241 5337 1359 5389 οὐδὲ
1408 5337 1515 5407 γὰρ
1555 5354 1784 5409 σμικρὴ

229 5416 387 5481 οὗτος
427 5419 458 5488 ἦ
502 5420 748 5487 σμικρῶν
778 5423 869 5471 καὶ
918 5422 1046 5473 οἴων
1097 5423 1520 5494 παραθεωρῆσαι
1553 5441 1780 5495 τετυχη-

228 5515 363 5581 κώς·
407 5510 542 5563 ‘M’
572 5512 710 5580 ἀνὴρ
745 5513 842 5579 μὲν
875 5513 1078 5574 δκιῖνος
1101 5515 1367 5585 ἀσκητὴς,
1410 5515 1531 5569 ὅλον
1565 5515 1622 5567 δὲ
1648 5532 1786 5584 παρ-

229 5606 346 5656 εῖτο
378 5605 437 5654 τὸ
471 5604 626 5671 σῶμα
655 5610 745 5655 και
780 5608 876 5667 τὰς
929 5606 1189 5674 ἁρμοννῖας
1237 5606 1472 5670 ἐλέλυτο,
1507 5607 1692 5675 εὐχαῖς
1726 5607 1782 5658 δὲ

308 5784 328 5814 ³
360 5781 557 5836 Ezceh.
590 5797 793 5845 ιιινιι,
825 5782 876 5835 8.

1888 4612 2123 4666 animam
2152 4613 2385 4665 extraxit
2427 4609 2496 4662 ab
2530 4609 2760 4662 inferis?
2800 4610 2934 4663 Cum
2984 4623 3163 4664 autem
3200 4614 3438 4668 interro-

1888 4704 2126 4767 garetur,
2172 4698 2420 4765 quisnam
2469 4706 2525 4750 et
2579 4699 2724 4765 quali
2757 4696 2925 4750 forma
2965 4699 3010 4752 is
3039 4712 3205 4762 esset,
3256 4707 3439 4757 statim

1891 4788 2071 4840 omnia
2108 4787 2317 4847 retulit,
2349 4787 2599 4854 figuram,
2631 4788 2879 4854 capillos,
2912 4799 3136 4849 vestem,
3190 4792 3436 4857 formam,

1893 4890 1947 4932 et
1976 4877 2156 4931 omnia
2199 4877 2489 4945 descripsit
2530 4895 2542 4929 :
2579 4877 2738 4941 adeo,
2791 4886 2849 4930 ut
2895 4880 2977 4931 vel
3033 4879 3093 4943 ii,
3148 4882 3239 4948 qui
3284 4894 3438 4938 erant

1893 4968 2181 5022 admodum
2225 4970 2519 5036 sapientes,
2547 4968 2907 5036 intelligerent
2937 4970 3084 5021 illum
3120 4970 3290 5028 ipsum
3316 4988 3433 5029 esse

1893 5059 2203 5112 Marcellum
2270 5060 2662 5113 admirabilem.
2712 5060 2887 5127 Atque
2948 5061 3035 5112 illa
3094 5063 3310 5129 quidem
3368 5080 3431 5117 ex

1896 5150 2142 5203 Marcello
2195 5150 2273 5203 vel
2308 5150 2527 5204 absente
2556 5159 2758 5203 tantum
2775 5150 3007 5204 fructum
3036 5162 3118 5204 est
3168 5168 3429 5208 consecu-

1895 5250 1965 5304 ta,
1996 5249 2055 5294 ut
2080 5256 2175 5309 per
2200 5241 2373 5308 ipsum
2409 5252 2463 5293 et
2491 5242 2684 5294 vixerit
2710 5252 2765 5296 et
2802 5244 3090 5311 pepererit.

1956 5331 2121 5385 XXII.
2148 5331 2283 5397 Quid
2312 5347 2438 5386 vero
2482 5332 2781 5395 Eudoxius.
2807 5335 2899 5403 qui
2934 5338 3047 5402 ipse
3078 5350 3293 5403 quoque
3319 5355 3425 5393 non

1889 5439 2107 5493 parvus.
2132 5434 2189 5477 ct
2215 5439 2319 5477 non
2347 5440 2507 5492 parva
2536 5434 2619 5479 est
2645 5435 2987 5489 consecutus,
3021 5442 3119 5481 nec
3135 5430 3421 5496 CJUSIIIOdl,

1888 5525 1946 5570 ut
1971 5516 2080 5569 sint
2103 5515 2293 5569 leviter
2320 5516 2758 5570 consideranda?
2800 5516 2904 5571 Sed
2937 5519 3038 5571 fuit
3091 5520 3176 5573 ille
3201 5523 3419 5589 quidem

1885 5607 1989 5670 vir,
2036 5608 2127 5676 qui
2183 5621 2239 5661 se
2275 5607 2559 5662 exercebat
2628 5609 2757 5663 :scd
2813 5620 2924 5662 erat
2958 5612 3189 5662 eitmum
3223 5626 3417 5680 corpus
