  <div class='ocr_page' id='page_1' title='image "/cluster/home/n/w/nwhite01/storage/ocr_20150623/116/nnc1.0046980156/427.png"; bbox 0 0 4242 6442; ppageno 0'>
   <div class='ocr_carea' id='block_1_1' title="bbox 816 376 4069 452">
    <p class='ocr_par' dir='ltr' id='par_1_1' title="bbox 816 376 4069 452">
     <span class='ocr_line' id='line_1_1' title="bbox 816 376 4069 452; baseline 0.003 -11"><span class='ocrx_word' id='word_1_1' title='bbox 816 376 916 442; x_wconf 81' lang='lat'><strong>731</strong></span> <span class='ocrx_word' id='word_1_2' title='bbox 2026 383 2310 445; x_wconf 72' lang='lat' dir='ltr'><strong>MENSIS</strong></span> <span class='ocrx_word' id='word_1_3' title='bbox 2351 381 2785 450; x_wconf 77' lang='lat' dir='ltr'><strong>DECEMBER.</strong></span> <span class='ocrx_word' id='word_1_4' title='bbox 3949 385 4069 452; x_wconf 70' lang='lat'><strong>733</strong></span> 
     </span>
    </p>
   </div>
   <div class='ocr_carea' id='block_1_2' title="bbox 817 497 2492 578">
    <p class='ocr_par' dir='ltr' id='par_1_2' title="bbox 817 497 2492 577">
     <span class='ocr_line' id='line_1_2' title="bbox 817 497 2492 577; baseline 0.005 -25"><span class='ocrx_word' id='word_1_5' title='bbox 817 499 919 563; x_wconf 87' lang='lat' dir='ltr'><strong>vit,</strong></span> <span class='ocrx_word' id='word_1_6' title='bbox 941 506 1001 555; x_wconf 92' lang='lat' dir='ltr'><strong>et</strong></span> <span class='ocrx_word' id='word_1_7' title='bbox 1023 499 1206 555; x_wconf 87' lang='lat' dir='ltr'><strong>statim</strong></span> <span class='ocrx_word' id='word_1_8' title='bbox 1270 500 1472 556; x_wconf 94' lang='lat' dir='ltr'><strong>Paulus</strong></span> <span class='ocrx_word' id='word_1_9' title='bbox 1512 499 1737 571; x_wconf 78' lang='lat' dir='ltr'><strong>quidem</strong></span> <span class='ocrx_word' id='word_1_10' title='bbox 1796 500 2094 558; x_wconf 87' lang='lat' dir='ltr'><strong>convaluit.</strong></span> <span class='ocrx_word' id='word_1_11' title='bbox 2156 500 2381 571; x_wconf 70' lang='lat' dir='ltr'><strong>Magnus</strong></span> <span class='ocrx_word' id='word_1_12' title='bbox 2405 497 2453 560; x_wconf 84' lang='grc' dir='ltr'>Λ</span> <span class='ocrx_word' id='word_1_13' title='bbox 2487 526 2492 577; x_wconf 71' lang='grc' dir='ltr'><strong>ι</strong></span> 
     </span>
    </p>
   </div>
   <div class='ocr_carea' id='block_1_3' title="bbox 2392 497 4067 578">
    <p class='ocr_par' dir='ltr' id='par_1_3' title="bbox 2405 497 4067 578">
     <span class='ocr_line' id='line_1_3' title="bbox 2405 497 4067 578; baseline -0.003 -18"><span class='ocrx_word' id='word_1_14' title='bbox 2405 497 2453 560; x_wconf 83' lang='grc' dir='ltr'>Λ</span> <span class='ocrx_word' id='word_1_15' title='bbox 2487 506 2588 578; x_wconf 68' lang='grc' dir='ltr'><strong>μιν</strong></span> <span class='ocrx_word' id='word_1_16' title='bbox 2619 509 2750 578; x_wconf 69' lang='grc' dir='ltr'>ῥᾷον</span> <span class='ocrx_word' id='word_1_17' title='bbox 2769 507 2997 575; x_wconf 76' lang='grc' dir='ltr'>ιγίνετο.</span> <span class='ocrx_word' id='word_1_18' title='bbox 3047 505 3108 560; x_wconf 89' lang='grc' dir='ltr'>Ὀ</span> <span class='ocrx_word' id='word_1_19' title='bbox 3136 505 3311 576; x_wconf 81' lang='grc' dir='ltr'>μέγας</span> <span class='ocrx_word' id='word_1_20' title='bbox 3337 503 3394 560; x_wconf 73' lang='grc' dir='ltr'><strong>δδ</strong></span> <span class='ocrx_word' id='word_1_21' title='bbox 3419 503 3511 559; x_wconf 77' lang='grc' dir='ltr'>τὸν</span> <span class='ocrx_word' id='word_1_22' title='bbox 3547 503 3870 576; x_wconf 67' lang='grc' dir='ltr'>ύπογραφέα</span> <span class='ocrx_word' id='word_1_23' title='bbox 3912 501 4067 556; x_wconf 76' lang='grc' dir='ltr'>Και-</span> 
     </span>
    </p>
   </div>
   <div class='ocr_carea' id='block_1_4' title="bbox 819 590 2494 668">
    <p class='ocr_par' dir='ltr' id='par_1_4' title="bbox 819 590 2494 662">
     <span class='ocr_line' id='line_1_4' title="bbox 819 590 2494 662; baseline -0.001 -18"><span class='ocrx_word' id='word_1_24' title='bbox 819 599 1002 645; x_wconf 88' lang='lat' dir='ltr'><strong>autem</strong></span> <span class='ocrx_word' id='word_1_25' title='bbox 1034 590 1323 646; x_wconf 71' lang='lat' dir='ltr'><strong>Marcellus</strong></span> <span class='ocrx_word' id='word_1_26' title='bbox 1357 591 1626 648; x_wconf 88' lang='lat' dir='ltr'><strong>accersito</strong></span> <span class='ocrx_word' id='word_1_27' title='bbox 1673 590 1930 653; x_wconf 70' lang='lat' dir='ltr'><strong>ﬁcsario.</strong></span> <span class='ocrx_word' id='word_1_28' title='bbox 1969 591 2132 662; x_wconf 78' lang='lat' dir='ltr'><strong>jussit</strong></span> <span class='ocrx_word' id='word_1_29' title='bbox 2186 591 2376 645; x_wconf 82' lang='lat' dir='ltr'><strong>horam</strong></span> <span class='ocrx_word' id='word_1_30' title='bbox 2485 618 2494 651; x_wconf 65' lang='grc' dir='ltr'>ε</span> 
     </span>
    </p>
   </div>
   <div class='ocr_carea' id='block_1_5' title="bbox 2393 590 4068 668">
    <p class='ocr_par' dir='ltr' id='par_1_5' title="bbox 2485 590 4068 668">
     <span class='ocr_line' id='line_1_5' title="bbox 2485 590 4068 668; baseline -0.006 -16"><span class='ocrx_word' id='word_1_31' title='bbox 2485 599 2677 667; x_wconf 84' lang='grc' dir='ltr'>σάριον</span> <span class='ocrx_word' id='word_1_32' title='bbox 2719 596 3230 668; x_wconf 74' lang='grc' dir='ltr'><strong>μετακαλεσάμενος</strong></span> <span class='ocrx_word' id='word_1_33' title='bbox 3277 593 3728 666; x_wconf 71' lang='grc' dir='ltr'>ἐπισημήνασθαι</span> <span class='ocrx_word' id='word_1_34' title='bbox 3754 592 3857 661; x_wconf 80' lang='grc' dir='ltr'>τὴν</span> <span class='ocrx_word' id='word_1_35' title='bbox 3899 590 4068 662; x_wconf 78' lang='grc' dir='ltr'>ὥραν</span> 
     </span>
    </p>
   </div>
   <div class='ocr_carea' id='block_1_6' title="bbox 819 680 2494 757">
    <p class='ocr_par' dir='ltr' id='par_1_6' title="bbox 819 680 2494 752">
     <span class='ocr_line' id='line_1_6' title="bbox 819 680 2494 752; baseline 0 -17"><span class='ocrx_word' id='word_1_36' title='bbox 819 680 1023 750; x_wconf 87' lang='lat' dir='ltr'><strong>signari</strong></span> <span class='ocrx_word' id='word_1_37' title='bbox 1055 698 1070 734; x_wconf 88' lang='lat'><strong>:</strong></span> <span class='ocrx_word' id='word_1_38' title='bbox 1103 681 1275 743; x_wconf 87' lang='lat' dir='ltr'><strong>Unus.</strong></span> <span class='ocrx_word' id='word_1_39' title='bbox 1305 682 1515 743; x_wconf 88' lang='lat' dir='ltr'><strong>dicens.</strong></span> <span class='ocrx_word' id='word_1_40' title='bbox 1539 699 1605 737; x_wconf 80' lang='lat' dir='ltr'><strong>ex</strong></span> <span class='ocrx_word' id='word_1_41' title='bbox 1637 682 1924 745; x_wconf 76' lang='lat' dir='ltr'><strong>fratribus.</strong></span> <span class='ocrx_word' id='word_1_42' title='bbox 1951 683 2044 752; x_wconf 85' lang='lat' dir='ltr'><strong>qui</strong></span> <span class='ocrx_word' id='word_1_43' title='bbox 2075 691 2159 737; x_wconf 81' lang='lat' dir='ltr'><strong>est</strong></span> <span class='ocrx_word' id='word_1_44' title='bbox 2188 681 2378 751; x_wconf 85' lang='lat' dir='ltr'><strong>procul</strong></span> <span class='ocrx_word' id='word_1_45' title='bbox 2479 693 2494 744; x_wconf 70' lang='grc' dir='ltr'><strong>ε</strong></span> 
     </span>
    </p>
   </div>
   <div class='ocr_carea' id='block_1_7' title="bbox 2389 680 4064 757">
    <p class='ocr_par' dir='ltr' id='par_1_7' title="bbox 2479 681 4064 757">
     <span class='ocr_line' id='line_1_7' title="bbox 2479 681 4064 757; baseline -0.007 -14"><span class='ocrx_word' id='word_1_46' title='bbox 2479 692 2754 754; x_wconf 80' lang='grc' dir='ltr'>ἐκέλευεν,</span> <span class='ocrx_word' id='word_1_47' title='bbox 2784 684 2899 753; x_wconf 77' lang='grc' dir='ltr'><strong>Εἷς,</strong></span> <span class='ocrx_word' id='word_1_48' title='bbox 2937 687 3133 757; x_wconf 79' lang='grc' dir='ltr'>λέγων,</span> <span class='ocrx_word' id='word_1_49' title='bbox 3161 689 3269 739; x_wconf 85' lang='grc' dir='ltr'><strong>τῶν</strong></span> <span class='ocrx_word' id='word_1_50' title='bbox 3294 684 3543 753; x_wconf 74' lang='grc' dir='ltr'>ἀδελφῶν</span> <span class='ocrx_word' id='word_1_51' title='bbox 3572 686 3605 755; x_wconf 75' lang='grc' dir='ltr'>ἡ</span> <span class='ocrx_word' id='word_1_52' title='bbox 3615 684 3733 752; x_wconf 81' lang='grc' dir='ltr'>μῶν</span> <span class='ocrx_word' id='word_1_53' title='bbox 3759 681 4064 752; x_wconf 74' lang='grc' dir='ltr'>πόρρωοεν</span> 
     </span>
    </p>
   </div>
   <div class='ocr_carea' id='block_1_8' title="bbox 817 769 2492 846">
    <p class='ocr_par' dir='ltr' id='par_1_8' title="bbox 817 771 2492 841">
     <span class='ocr_line' id='line_1_8' title="bbox 817 771 2492 841; baseline 0.001 -17"><span class='ocrx_word' id='word_1_54' title='bbox 817 786 847 824; x_wconf 83' lang='lat' dir='ltr'><strong>a</strong></span> <span class='ocrx_word' id='word_1_55' title='bbox 880 772 1062 835; x_wconf 89' lang='lat' dir='ltr'><strong>nobis,</strong></span> <span class='ocrx_word' id='word_1_56' title='bbox 1100 780 1156 825; x_wconf 92' lang='lat' dir='ltr'><strong>et</strong></span> <span class='ocrx_word' id='word_1_57' title='bbox 1197 780 1280 825; x_wconf 87' lang='lat' dir='ltr'><strong>est</strong></span> <span class='ocrx_word' id='word_1_58' title='bbox 1315 773 1464 841; x_wconf 87' lang='lat' dir='ltr'><strong>gravi</strong></span> <span class='ocrx_word' id='word_1_59' title='bbox 1505 772 1698 826; x_wconf 87' lang='lat' dir='ltr'><strong>morbo</strong></span> <span class='ocrx_word' id='word_1_60' title='bbox 1733 786 2048 840; x_wconf 85' lang='lat' dir='ltr'><strong>oppressus,</strong></span> <span class='ocrx_word' id='word_1_61' title='bbox 2100 771 2296 825; x_wconf 87' lang='lat' dir='ltr'><strong>asserit</strong></span> <span class='ocrx_word' id='word_1_62' title='bbox 2322 786 2378 825; x_wconf 83' lang='lat' dir='ltr'><strong>se</strong></span> <span class='ocrx_word' id='word_1_63' title='bbox 2479 783 2492 834; x_wconf 69' lang='grc' dir='ltr'><strong><em>ε</em></strong></span> 
     </span>
    </p>
   </div>
   <div class='ocr_carea' id='block_1_9' title="bbox 2384 769 4059 846">
    <p class='ocr_par' dir='ltr' id='par_1_9' title="bbox 2479 769 4059 846">
     <span class='ocr_line' id='line_1_9' title="bbox 2479 769 4059 846; baseline -0.006 -13"><span class='ocrx_word' id='word_1_64' title='bbox 2479 781 2601 843; x_wconf 76' lang='grc' dir='ltr'>ἄρτι</span> <span class='ocrx_word' id='word_1_65' title='bbox 2660 779 2833 832; x_wconf 82' lang='grc' dir='ltr'><strong>τελῶν</strong></span> <span class='ocrx_word' id='word_1_66' title='bbox 2867 779 2959 832; x_wconf 78' lang='grc' dir='ltr'>καὶ</span> <span class='ocrx_word' id='word_1_67' title='bbox 2992 777 3132 846; x_wconf 83' lang='grc' dir='ltr'>νόσῳ</span> <span class='ocrx_word' id='word_1_68' title='bbox 3161 777 3356 846; x_wconf 73' lang='grc' dir='ltr'>βαρείᾳ</span> <span class='ocrx_word' id='word_1_69' title='bbox 3413 775 3745 842; x_wconf 78' lang='grc' dir='ltr'><strong>κατάσχετος</strong></span> <span class='ocrx_word' id='word_1_70' title='bbox 3777 769 4059 839; x_wconf 75' lang='grc' dir='ltr'>γεγονὼς,</span> 
     </span>
    </p>
   </div>
   <div class='ocr_carea' id='block_1_10' title="bbox 822 861 2497 942">
    <p class='ocr_par' dir='ltr' id='par_1_10' title="bbox 822 861 2497 931">
     <span class='ocr_line' id='line_1_10' title="bbox 822 861 2497 931; baseline -0.001 -16"><span class='ocrx_word' id='word_1_71' title='bbox 822 863 958 916; x_wconf 92' lang='lat' dir='ltr'><strong>nihil</strong></span> <span class='ocrx_word' id='word_1_72' title='bbox 989 863 1267 931; x_wconf 75' lang='lat' dir='ltr'><strong>accepisse</strong></span> <span class='ocrx_word' id='word_1_73' title='bbox 1317 862 1571 916; x_wconf 90' lang='lat' dir='ltr'><strong>utilitatis</strong></span> <span class='ocrx_word' id='word_1_74' title='bbox 1592 877 1656 915; x_wconf 77' lang='lat' dir='ltr'><strong>ex</strong></span> <span class='ocrx_word' id='word_1_75' title='bbox 1679 875 1799 916; x_wconf 85' lang='lat' dir='ltr'><strong>mea</strong></span> <span class='ocrx_word' id='word_1_76' title='bbox 1833 861 1898 914; x_wconf 90' lang='lat' dir='ltr'><strong>ad</strong></span> <span class='ocrx_word' id='word_1_77' title='bbox 1924 861 2214 916; x_wconf 86' lang='lat' dir='ltr'><strong>Dominum</strong></span> <span class='ocrx_word' id='word_1_78' title='bbox 2229 876 2379 916; x_wconf 84' lang='lat' dir='ltr'><strong>eom-</strong></span> <span class='ocrx_word' id='word_1_79' title='bbox 2478 890 2497 924; x_wconf 71' lang='grc' dir='ltr'><strong>ε</strong></span> 
     </span>
    </p>
   </div>
   <div class='ocr_carea' id='block_1_11' title="bbox 2387 861 4062 942">
    <p class='ocr_par' dir='ltr' id='par_1_11' title="bbox 2478 861 4062 942">
     <span class='ocr_line' id='line_1_11' title="bbox 2478 861 4062 942; baseline -0.007 -17"><span class='ocrx_word' id='word_1_80' title='bbox 2478 872 2634 925; x_wconf 66' lang='grc' dir='ltr'>οὐδὲν</span> <span class='ocrx_word' id='word_1_81' title='bbox 2667 873 2731 926; x_wconf 69' lang='grc' dir='ltr'><strong>ἐκ</strong></span> <span class='ocrx_word' id='word_1_82' title='bbox 2753 873 2852 942; x_wconf 82' lang='grc' dir='ltr'>τῆς</span> <span class='ocrx_word' id='word_1_83' title='bbox 2880 870 3039 939; x_wconf 72' lang='grc' dir='ltr'>ἡμῶν</span> <span class='ocrx_word' id='word_1_84' title='bbox 3069 869 3340 937; x_wconf 79' lang='grc' dir='ltr'>ὠφελείας</span> <span class='ocrx_word' id='word_1_85' title='bbox 3370 868 3507 935; x_wconf 82' lang='grc' dir='ltr'>πρὸς</span> <span class='ocrx_word' id='word_1_86' title='bbox 3556 864 3766 935; x_wconf 78' lang='grc' dir='ltr'>Κύριον</span> <span class='ocrx_word' id='word_1_87' title='bbox 3803 861 4062 933; x_wconf 77' lang='grc' dir='ltr'>παραθέ-</span> 
     </span>
    </p>
   </div>
   <div class='ocr_carea' id='block_1_12' title="bbox 819 949 2494 1028">
    <p class='ocr_par' dir='ltr' id='par_1_12' title="bbox 819 949 2494 1020">
     <span class='ocr_line' id='line_1_12' title="bbox 819 949 2494 1020; baseline 0 -16"><span class='ocrx_word' id='word_1_88' title='bbox 819 951 1192 1004; x_wconf 83' lang='lat' dir='ltr'><strong>niendatione.</strong></span> <span class='ocrx_word' id='word_1_89' title='bbox 1243 949 1347 1005; x_wconf 88' lang='lat' dir='ltr'><strong>Sed</strong></span> <span class='ocrx_word' id='word_1_90' title='bbox 1383 966 1550 1020; x_wconf 86' lang='lat' dir='ltr'><strong>prepe</strong></span> <span class='ocrx_word' id='word_1_91' title='bbox 1579 959 1665 1004; x_wconf 87' lang='lat' dir='ltr'><strong>est</strong></span> <span class='ocrx_word' id='word_1_92' title='bbox 1694 950 1957 1004; x_wconf 81' lang='lat' dir='ltr'><strong>Dominus</strong></span> <span class='ocrx_word' id='word_1_93' title='bbox 1974 951 2251 1014; x_wconf 87' lang='lat' dir='ltr'><strong>omnibus,</strong></span> <span class='ocrx_word' id='word_1_94' title='bbox 2281 950 2372 1018; x_wconf 90' lang='lat' dir='ltr'><strong>qui</strong></span> <span class='ocrx_word' id='word_1_95' title='bbox 2479 982 2494 1016; x_wconf 71' lang='grc' dir='ltr'><strong>ε</strong></span> 
     </span>
    </p>
   </div>
   <div class='ocr_carea' id='block_1_13' title="bbox 2384 949 4059 1028">
    <p class='ocr_par' dir='ltr' id='par_1_13' title="bbox 2479 957 4059 1028">
     <span class='ocr_line' id='line_1_13' title="bbox 2479 957 4059 1028; baseline -0.006 -11"><span class='ocrx_word' id='word_1_96' title='bbox 2479 981 2618 1026; x_wconf 87' lang='grc' dir='ltr'>σεως</span> <span class='ocrx_word' id='word_1_97' title='bbox 2669 964 2992 1017; x_wconf 84' lang='grc' dir='ltr'>διατείνεται</span> <span class='ocrx_word' id='word_1_98' title='bbox 3021 978 3033 990; x_wconf 92' lang='grc'>·</span> <span class='ocrx_word' id='word_1_99' title='bbox 3091 960 3206 1014; x_wconf 73' lang='grc' dir='ltr'>ἀλλ’</span> <span class='ocrx_word' id='word_1_100' title='bbox 3269 960 3435 1028; x_wconf 62' lang='grc' dir='ltr'>ἔγγὺς</span> <span class='ocrx_word' id='word_1_101' title='bbox 3482 959 3687 1028; x_wconf 77' lang='grc' dir='ltr'>Κύριος</span> <span class='ocrx_word' id='word_1_102' title='bbox 3738 957 3876 1010; x_wconf 70' lang='grc' dir='ltr'>πᾶσι</span> <span class='ocrx_word' id='word_1_103' title='bbox 3935 958 4059 1017; x_wconf 74' lang='grc' dir='ltr'>τοῖς</span> 
     </span>
    </p>
   </div>
   <div class='ocr_carea' id='block_1_14' title="bbox 818 1042 2493 1122">
    <p class='ocr_par' dir='ltr' id='par_1_14' title="bbox 818 1042 2493 1112">
     <span class='ocr_line' id='line_1_14' title="bbox 818 1042 2493 1112; baseline 0 -17"><span class='ocrx_word' id='word_1_104' title='bbox 818 1044 1072 1095; x_wconf 90' lang='lat' dir='ltr'><strong>invocant</strong></span> <span class='ocrx_word' id='word_1_105' title='bbox 1123 1057 1245 1096; x_wconf 91' lang='lat' dir='ltr'><strong>eum</strong></span> <span class='ocrx_word' id='word_1_106' title='bbox 1303 1045 1355 1096; x_wconf 88' lang='lat' dir='ltr'><strong>in</strong></span> <span class='ocrx_word' id='word_1_107' title='bbox 1407 1043 1658 1108; x_wconf 82' lang='lat' dir='ltr'><strong>veritate,</strong></span> <span class='ocrx_word' id='word_1_108' title='bbox 1709 1052 1765 1098; x_wconf 90' lang='lat' dir='ltr'><strong>et</strong></span> <span class='ocrx_word' id='word_1_109' title='bbox 1813 1057 2003 1096; x_wconf 90' lang='lat' dir='ltr'><strong>eorum</strong></span> <span class='ocrx_word' id='word_1_110' title='bbox 2061 1043 2156 1111; x_wconf 87' lang='lat' dir='ltr'><strong>qui</strong></span> <span class='ocrx_word' id='word_1_111' title='bbox 2193 1042 2372 1112; x_wconf 89' lang='lat' dir='ltr'><strong>ipsum</strong></span> <span class='ocrx_word' id='word_1_112' title='bbox 2478 1058 2493 1108; x_wconf 70' lang='grc' dir='ltr'><strong>ι</strong></span> 
     </span>
    </p>
   </div>
   <div class='ocr_carea' id='block_1_15' title="bbox 2386 1042 4061 1122">
    <p class='ocr_par' dir='ltr' id='par_1_15' title="bbox 2478 1045 4061 1122">
     <span class='ocr_line' id='line_1_15' title="bbox 2478 1045 4061 1122; baseline -0.007 -14"><span class='ocrx_word' id='word_1_113' title='bbox 2478 1055 2929 1122; x_wconf 63' lang='grc' dir='ltr'><strong>ἐπικαλουμένοις</strong></span> <span class='ocrx_word' id='word_1_114' title='bbox 2977 1053 3137 1106; x_wconf 81' lang='grc' dir='ltr'>αὐτὸν</span> <span class='ocrx_word' id='word_1_115' title='bbox 3167 1053 3226 1104; x_wconf 76' lang='grc' dir='ltr'><strong>έν</strong></span> <span class='ocrx_word' id='word_1_116' title='bbox 3272 1049 3520 1120; x_wconf 80' lang='grc' dir='ltr'>ἀληθείᾳ,</span> <span class='ocrx_word' id='word_1_117' title='bbox 3554 1051 3647 1101; x_wconf 84' lang='grc' dir='ltr'><strong>καὶ</strong></span> <span class='ocrx_word' id='word_1_118' title='bbox 3697 1047 3918 1117; x_wconf 74' lang='grc' dir='ltr'>θέλημα.</span> <span class='ocrx_word' id='word_1_119' title='bbox 3941 1045 4061 1099; x_wconf 77' lang='grc' dir='ltr'>τῶν</span> 
     </span>
    </p>
   </div>
   <div class='ocr_carea' id='block_1_16' title="bbox 817 1133 2492 1217">
    <p class='ocr_par' dir='ltr' id='par_1_16' title="bbox 817 1133 2492 1211">
     <span class='ocr_line' id='line_1_16' title="bbox 817 1133 2492 1211; baseline -0.001 -26"><span class='ocrx_word' id='word_1_120' title='bbox 817 1133 1035 1195; x_wconf 85' lang='lat' dir='ltr'><strong>timent,</strong></span> <span class='ocrx_word' id='word_1_121' title='bbox 1063 1134 1227 1188; x_wconf 79' lang='lat' dir='ltr'><strong>Iaciet</strong></span> <span class='ocrx_word' id='word_1_122' title='bbox 1256 1134 1619 1207; x_wconf 73' lang='lat' dir='ltr'><strong>voluntatem,</strong></span> <span class='ocrx_word' id='word_1_123' title='bbox 1674 1144 1947 1186; x_wconf 81' lang='lat' dir='ltr'><strong>eteorum</strong></span> <span class='ocrx_word' id='word_1_124' title='bbox 1983 1146 2173 1201; x_wconf 86' lang='lat' dir='ltr'><strong>preces</strong></span> <span class='ocrx_word' id='word_1_125' title='bbox 2209 1146 2378 1186; x_wconf 75' lang='lat' dir='ltr'><strong>exau-</strong></span> <span class='ocrx_word' id='word_1_126' title='bbox 2477 1166 2492 1211; x_wconf 52' lang='grc' dir='ltr'>ς</span> 
     </span>
    </p>
   </div>
   <div class='ocr_carea' id='block_1_17' title="bbox 2384 1133 4059 1217">
    <p class='ocr_par' dir='ltr' id='par_1_17' title="bbox 2477 1137 4059 1217">
     <span class='ocr_line' id='line_1_17' title="bbox 2477 1137 4059 1217; baseline -0.007 -16"><span class='ocrx_word' id='word_1_127' title='bbox 2477 1148 2829 1217; x_wconf 71' lang='grc' dir='ltr'>φοϐουμένων</span> <span class='ocrx_word' id='word_1_128' title='bbox 2860 1146 3024 1200; x_wconf 76' lang='grc' dir='ltr'>αὐτὸν</span> <span class='ocrx_word' id='word_1_129' title='bbox 3049 1149 3286 1214; x_wconf 79' lang='grc' dir='ltr'>ποιήσει,</span> <span class='ocrx_word' id='word_1_130' title='bbox 3328 1144 3422 1196; x_wconf 77' lang='grc' dir='ltr'>καὶ</span> <span class='ocrx_word' id='word_1_131' title='bbox 3456 1143 3555 1211; x_wconf 79' lang='grc' dir='ltr'>τῆς</span> <span class='ocrx_word' id='word_1_132' title='bbox 3583 1142 3826 1210; x_wconf 79' lang='grc' dir='ltr'><strong>δεήσεως</strong></span> <span class='ocrx_word' id='word_1_133' title='bbox 3863 1137 4059 1191; x_wconf 74' lang='grc' dir='ltr'>αὐτῶν</span> 
     </span>
    </p>
   </div>
   <div class='ocr_carea' id='block_1_18' title="bbox 819 1221 2494 1298">
    <p class='ocr_par' dir='ltr' id='par_1_18' title="bbox 819 1221 2494 1292">
     <span class='ocr_line' id='line_1_18' title="bbox 819 1221 2494 1292; baseline 0.002 -17"><span class='ocrx_word' id='word_1_134' title='bbox 819 1222 952 1279; x_wconf 90' lang='lat' dir='ltr'><strong>diet.</strong></span> <span class='ocrx_word' id='word_1_135' title='bbox 976 1234 1032 1278; x_wconf 93' lang='lat' dir='ltr'><strong>et</strong></span> <span class='ocrx_word' id='word_1_136' title='bbox 1059 1224 1140 1278; x_wconf 90' lang='lat' dir='ltr'><strong>eis</strong></span> <span class='ocrx_word' id='word_1_137' title='bbox 1173 1223 1320 1278; x_wconf 82' lang='lat' dir='ltr'><strong>dabit</strong></span> <span class='ocrx_word' id='word_1_138' title='bbox 1350 1226 1602 1280; x_wconf 76' lang='lat' dir='ltr'><strong>salutem.</strong></span> <span class='ocrx_word' id='word_1_139' title='bbox 1650 1221 1774 1276; x_wconf 75' lang='lat' dir='ltr'><strong>Haec</strong></span> <span class='ocrx_word' id='word_1_140' title='bbox 1816 1222 1862 1276; x_wconf 91' lang='lat' dir='ltr'><strong>is</strong></span> <span class='ocrx_word' id='word_1_141' title='bbox 1901 1223 2121 1292; x_wconf 82' lang='lat' dir='ltr'><strong>quidem</strong></span> <span class='ocrx_word' id='word_1_142' title='bbox 2171 1223 2378 1277; x_wconf 86' lang='lat' dir='ltr'><strong>descri-</strong></span> <span class='ocrx_word' id='word_1_143' title='bbox 2475 1253 2494 1292; x_wconf 73' lang='grc' dir='ltr'><strong>ι</strong></span> 
     </span>
    </p>
   </div>
   <div class='ocr_carea' id='block_1_19' title="bbox 2392 1221 4067 1298">
    <p class='ocr_par' dir='ltr' id='par_1_19' title="bbox 2475 1229 4067 1298">
     <span class='ocr_line' id='line_1_19' title="bbox 2475 1229 4067 1298; baseline -0.007 -6"><span class='ocrx_word' id='word_1_144' title='bbox 2475 1241 2858 1292; x_wconf 81' lang='grc' dir='ltr'>εἰσακούσεται</span> <span class='ocrx_word' id='word_1_145' title='bbox 2919 1240 3015 1292; x_wconf 74' lang='grc' dir='ltr'><strong>καὶ</strong></span> <span class='ocrx_word' id='word_1_146' title='bbox 3070 1236 3239 1290; x_wconf 82' lang='grc' dir='ltr'>σώσει</span> <span class='ocrx_word' id='word_1_147' title='bbox 3312 1235 3540 1297; x_wconf 76' lang='grc' dir='ltr'>αὐτούς.</span> <span class='ocrx_word' id='word_1_148' title='bbox 3621 1231 3812 1286; x_wconf 81' lang='grc' dir='ltr'>Ταῦτα</span> <span class='ocrx_word' id='word_1_149' title='bbox 3861 1232 3893 1282; x_wconf 90' lang='lat'><strong>6</strong></span> <span class='ocrx_word' id='word_1_150' title='bbox 3952 1229 4067 1298; x_wconf 69' lang='grc' dir='ltr'>μιν</span> 
     </span>
    </p>
   </div>
   <div class='ocr_carea' id='block_1_20' title="bbox 821 1313 2496 1401">
    <p class='ocr_par' dir='ltr' id='par_1_20' title="bbox 821 1313 2496 1385">
     <span class='ocr_line' id='line_1_20' title="bbox 821 1313 2496 1385; baseline 0 -17"><span class='ocrx_word' id='word_1_151' title='bbox 821 1313 961 1382; x_wconf 87' lang='lat' dir='ltr'><strong>psit;</strong></span> <span class='ocrx_word' id='word_1_152' title='bbox 987 1315 1077 1368; x_wconf 90' lang='lat' dir='ltr'><strong>ille</strong></span> <span class='ocrx_word' id='word_1_153' title='bbox 1109 1330 1237 1369; x_wconf 85' lang='lat' dir='ltr'><strong>vero</strong></span> <span class='ocrx_word' id='word_1_154' title='bbox 1269 1316 1567 1375; x_wconf 78' lang='lat' dir='ltr'><strong>convaluit.</strong></span> <span class='ocrx_word' id='word_1_155' title='bbox 1607 1324 1662 1369; x_wconf 95' lang='lat' dir='ltr'><strong>et</strong></span> <span class='ocrx_word' id='word_1_156' title='bbox 1702 1329 1960 1368; x_wconf 85' lang='lat' dir='ltr'><strong>reversus</strong></span> <span class='ocrx_word' id='word_1_157' title='bbox 1998 1323 2104 1368; x_wconf 88' lang='lat' dir='ltr'><strong>est.</strong></span> <span class='ocrx_word' id='word_1_158' title='bbox 2147 1316 2376 1369; x_wconf 87' lang='lat' dir='ltr'><strong>Ostensa</strong></span> <span class='ocrx_word' id='word_1_159' title='bbox 2476 1334 2496 1385; x_wconf 66' lang='grc' dir='ltr'><em>ἀ</em></span> 
     </span>
    </p>
   </div>
   <div class='ocr_carea' id='block_1_21' title="bbox 2404 1313 4079 1401">
    <p class='ocr_par' dir='ltr' id='par_1_21' title="bbox 2476 1320 4079 1401">
     <span class='ocr_line' id='line_1_21' title="bbox 2476 1320 4079 1401; baseline -0.006 -16"><span class='ocrx_word' id='word_1_160' title='bbox 2476 1327 2852 1400; x_wconf 52' lang='grc' dir='ltr'>ἀπεγράφετο,</span> <span class='ocrx_word' id='word_1_161' title='bbox 2871 1334 2898 1384; x_wconf 89' lang='grc' dir='ltr'><strong>ό</strong></span> <span class='ocrx_word' id='word_1_162' title='bbox 2918 1332 2975 1384; x_wconf 66' lang='grc' dir='ltr'><strong>δέ</strong></span> <span class='ocrx_word' id='word_1_163' title='bbox 2996 1330 3226 1400; x_wconf 61' lang='lat' dir='ltr'><strong>(Murco,</strong></span> <span class='ocrx_word' id='word_1_164' title='bbox 3249 1327 3346 1381; x_wconf 78' lang='grc' dir='ltr'><strong>καὶ</strong></span> <span class='ocrx_word' id='word_1_165' title='bbox 3367 1327 3659 1394; x_wconf 69' lang='grc' dir='ltr'>ἐπανῆκεν.</span> <span class='ocrx_word' id='word_1_166' title='bbox 3691 1323 3829 1376; x_wconf 74' lang='grc' dir='ltr'>Ἦδδ</span> <span class='ocrx_word' id='word_1_167' title='bbox 3857 1320 4079 1401; x_wconf 29' lang='grc' dir='ltr'>γραφὴ.</span> 
     </span>
    </p>
   </div>
   <div class='ocr_carea' id='block_1_22' title="bbox 818 1410 2493 1491">
    <p class='ocr_par' dir='ltr' id='par_1_22' title="bbox 818 1410 2493 1480">
     <span class='ocr_line' id='line_1_22' title="bbox 818 1410 2493 1480; baseline 0.001 -18"><span class='ocrx_word' id='word_1_168' title='bbox 818 1421 901 1462; x_wconf 89' lang='lat' dir='ltr'><strong>est</strong></span> <span class='ocrx_word' id='word_1_169' title='bbox 929 1419 1110 1464; x_wconf 91' lang='lat' dir='ltr'><strong>autem</strong></span> <span class='ocrx_word' id='word_1_170' title='bbox 1142 1413 1438 1480; x_wconf 79' lang='lat' dir='ltr'><strong>scriptura.</strong></span> <span class='ocrx_word' id='word_1_171' title='bbox 1471 1419 1525 1463; x_wconf 86' lang='lat' dir='ltr'><strong>et</strong></span> <span class='ocrx_word' id='word_1_172' title='bbox 1551 1411 1743 1464; x_wconf 77' lang='lat' dir='ltr'><strong>eadem</strong></span> <span class='ocrx_word' id='word_1_173' title='bbox 1809 1411 1940 1464; x_wconf 82' lang='lat' dir='ltr'><strong>liora</strong></span> <span class='ocrx_word' id='word_1_174' title='bbox 1981 1410 2264 1464; x_wconf 90' lang='lat' dir='ltr'><strong>inventum</strong></span> <span class='ocrx_word' id='word_1_175' title='bbox 2293 1418 2378 1464; x_wconf 90' lang='lat' dir='ltr'><strong>est</strong></span> <span class='ocrx_word' id='word_1_176' title='bbox 2475 1426 2493 1477; x_wconf 67' lang='grc' dir='ltr'><strong>ι</strong></span> 
     </span>
    </p>
   </div>
   <div class='ocr_carea' id='block_1_23' title="bbox 2387 1410 4062 1491">
    <p class='ocr_par' dir='ltr' id='par_1_23' title="bbox 2475 1412 4062 1491">
     <span class='ocr_line' id='line_1_23' title="bbox 2475 1412 4062 1491; baseline -0.007 -14"><span class='ocrx_word' id='word_1_177' title='bbox 2475 1425 2771 1489; x_wconf 80' lang='grc' dir='ltr'>έδείκνυτο,</span> <span class='ocrx_word' id='word_1_178' title='bbox 2794 1425 2890 1476; x_wconf 80' lang='grc' dir='ltr'><strong>καὶ</strong></span> <span class='ocrx_word' id='word_1_179' title='bbox 2914 1423 3037 1475; x_wconf 75' lang='grc' dir='ltr'>κατ’</span> <span class='ocrx_word' id='word_1_180' title='bbox 3067 1421 3237 1491; x_wconf 80' lang='grc' dir='ltr'>αὐτὴν</span> <span class='ocrx_word' id='word_1_181' title='bbox 3277 1418 3477 1490; x_wconf 76' lang='grc' dir='ltr'>εὑρέθη</span> <span class='ocrx_word' id='word_1_182' title='bbox 3507 1418 3609 1488; x_wconf 75' lang='grc' dir='ltr'>τὴν</span> <span class='ocrx_word' id='word_1_183' title='bbox 3641 1416 3794 1486; x_wconf 83' lang='grc' dir='ltr'>ὥραν</span> <span class='ocrx_word' id='word_1_184' title='bbox 3833 1412 4062 1474; x_wconf 79' lang='grc' dir='ltr'>Παῦλος</span> 
     </span>
    </p>
   </div>
   <div class='ocr_carea' id='block_1_24' title="bbox 821 1501 2496 1583">
    <p class='ocr_par' dir='ltr' id='par_1_24' title="bbox 821 1501 2496 1573">
     <span class='ocr_line' id='line_1_24' title="bbox 821 1501 2496 1573; baseline 0.002 -20"><span class='ocrx_word' id='word_1_185' title='bbox 821 1501 1047 1554; x_wconf 85' lang='lat' dir='ltr'><strong>Paulum</strong></span> <span class='ocrx_word' id='word_1_186' title='bbox 1071 1503 1408 1557; x_wconf 83' lang='lat' dir='ltr'><strong>convaluisse</strong></span> <span class='ocrx_word' id='word_1_187' title='bbox 1435 1504 1681 1573; x_wconf 68' lang='lat' dir='ltr'><strong>Ancyra,</strong></span> <span class='ocrx_word' id='word_1_188' title='bbox 1709 1511 1767 1557; x_wconf 90' lang='lat' dir='ltr'><strong>et</strong></span> <span class='ocrx_word' id='word_1_189' title='bbox 1794 1502 2090 1557; x_wconf 66' lang='lat' dir='ltr'><strong>Caesarium</strong></span> <span class='ocrx_word' id='word_1_190' title='bbox 2119 1503 2376 1571; x_wconf 79' lang='lat' dir='ltr'><strong>seripsis-</strong></span> <span class='ocrx_word' id='word_1_191' title='bbox 2477 1519 2496 1568; x_wconf 72' lang='grc' dir='ltr'>ί</span> 
     </span>
    </p>
   </div>
   <div class='ocr_carea' id='block_1_25' title="bbox 2379 1501 4054 1583">
    <p class='ocr_par' dir='ltr' id='par_1_25' title="bbox 2477 1508 4054 1583">
     <span class='ocr_line' id='line_1_25' title="bbox 2477 1508 4054 1583; baseline -0.006 -15"><span class='ocrx_word' id='word_1_192' title='bbox 2477 1518 2702 1583; x_wconf 79' lang='grc' dir='ltr'><strong>ὑγιάνας</strong></span> <span class='ocrx_word' id='word_1_193' title='bbox 2737 1517 2795 1567; x_wconf 77' lang='grc' dir='ltr'><strong>έν</strong></span> <span class='ocrx_word' id='word_1_194' title='bbox 2832 1514 3100 1582; x_wconf 81' lang='grc' dir='ltr'>Ἀγκύρα,</span> <span class='ocrx_word' id='word_1_195' title='bbox 3151 1514 3248 1566; x_wconf 76' lang='grc' dir='ltr'><strong>καὶ</strong></span> <span class='ocrx_word' id='word_1_196' title='bbox 3283 1513 3583 1581; x_wconf 73' lang='grc' dir='ltr'>Καισαριος</span> <span class='ocrx_word' id='word_1_197' title='bbox 3633 1508 3850 1578; x_wconf 71' lang='grc' dir='ltr'>γραψας</span> <span class='ocrx_word' id='word_1_198' title='bbox 3879 1509 3949 1560; x_wconf 71' lang='grc' dir='ltr'><strong>έν</strong></span> <span class='ocrx_word' id='word_1_199' title='bbox 3984 1508 4054 1576; x_wconf 78' lang='grc' dir='ltr'>τῇ</span> 
     </span>
    </p>
   </div>
   <div class='ocr_carea' id='block_1_26' title="bbox 819 1591 2634 1678">
    <p class='ocr_par' dir='ltr' id='par_1_26' title="bbox 819 1591 2634 1678">
     <span class='ocr_line' id='line_1_26' title="bbox 819 1591 2634 1678; baseline 0.009 -36"><span class='ocrx_word' id='word_1_200' title='bbox 819 1605 877 1642; x_wconf 84' lang='lat' dir='ltr'><strong>se</strong></span> <span class='ocrx_word' id='word_1_201' title='bbox 902 1591 954 1643; x_wconf 91' lang='lat' dir='ltr'><strong>in</strong></span> <span class='ocrx_word' id='word_1_202' title='bbox 975 1593 1327 1647; x_wconf 85' lang='lat' dir='ltr'><strong>monasterio.</strong></span> <span class='ocrx_word' id='word_1_203' title='bbox 2477 1626 2578 1678; x_wconf 72' lang='grc' dir='ltr'><strong>μον</strong></span> <span class='ocrx_word' id='word_1_204' title='bbox 2621 1643 2634 1659; x_wconf 94' lang='grc'><strong>.</strong></span> 
     </span>
    </p>
   </div>
   <div class='ocr_carea' id='block_1_27' title="bbox 891 1682 2566 1766">
    <p class='ocr_par' dir='ltr' id='par_1_27' title="bbox 891 1682 2566 1754">
     <span class='ocr_line' id='line_1_27' title="bbox 891 1682 2566 1754; baseline 0.001 -19"><span class='ocrx_word' id='word_1_205' title='bbox 891 1682 1080 1738; x_wconf 76' lang='lat' dir='ltr'><strong>XXVI.</strong></span> <span class='ocrx_word' id='word_1_206' title='bbox 1113 1685 1254 1739; x_wconf 87' lang='lat' dir='ltr'><strong>Deus</strong></span> <span class='ocrx_word' id='word_1_207' title='bbox 1289 1685 1585 1754; x_wconf 80' lang='lat' dir='ltr'><strong>aliquando</strong></span> <span class='ocrx_word' id='word_1_208' title='bbox 1609 1692 1808 1739; x_wconf 87' lang='lat' dir='ltr'><strong>terram</strong></span> <span class='ocrx_word' id='word_1_209' title='bbox 1836 1686 2069 1739; x_wconf 78' lang='lat' dir='ltr'><strong>vexabat</strong></span> <span class='ocrx_word' id='word_1_210' title='bbox 2102 1684 2266 1750; x_wconf 76' lang='lat' dir='ltr'><strong>fame,</strong></span> <span class='ocrx_word' id='word_1_211' title='bbox 2292 1699 2378 1738; x_wconf 88' lang='lat' dir='ltr'><strong>ca-</strong></span> <span class='ocrx_word' id='word_1_212' title='bbox 2549 1701 2566 1752; x_wconf 81' lang='grc' dir='ltr'><strong>ι</strong></span> 
     </span>
    </p>
   </div>
   <div class='ocr_carea' id='block_1_28' title="bbox 2383 1682 4058 1766">
    <p class='ocr_par' dir='ltr' id='par_1_28' title="bbox 2549 1687 4058 1766">
     <span class='ocr_line' id='line_1_28' title="bbox 2549 1687 4058 1766; baseline -0.009 -14"><span class='ocrx_word' id='word_1_213' title='bbox 2549 1695 2691 1766; x_wconf 64' lang='grc' dir='ltr'>κε’.</span> <span class='ocrx_word' id='word_1_214' title='bbox 2739 1697 2972 1751; x_wconf 80' lang='grc' dir='ltr'>Ἑκάκου</span> <span class='ocrx_word' id='word_1_215' title='bbox 3003 1699 3136 1750; x_wconf 68' lang='grc' dir='ltr'>ποτε</span> <span class='ocrx_word' id='word_1_216' title='bbox 3165 1695 3266 1766; x_wconf 77' lang='grc' dir='ltr'>τὴν</span> <span class='ocrx_word' id='word_1_217' title='bbox 3294 1698 3398 1766; x_wconf 74' lang='grc' dir='ltr'><strong>γῆν</strong></span> <span class='ocrx_word' id='word_1_218' title='bbox 3439 1696 3469 1748; x_wconf 98' lang='lat'><strong>6</strong></span> <span class='ocrx_word' id='word_1_219' title='bbox 3493 1694 3626 1757; x_wconf 76' lang='grc' dir='ltr'>Θεὸς</span> <span class='ocrx_word' id='word_1_220' title='bbox 3676 1693 3845 1762; x_wconf 79' lang='grc' dir='ltr'>λιμῷ,</span> <span class='ocrx_word' id='word_1_221' title='bbox 3902 1687 4058 1757; x_wconf 82' lang='grc' dir='ltr'>λιμῷ</span> 
     </span>
    </p>
   </div>
   <div class='ocr_carea' id='block_1_29' title="bbox 818 1775 2493 1886">
    <p class='ocr_par' dir='ltr' id='par_1_29' title="bbox 818 1775 2493 1886">
     <span class='ocr_line' id='line_1_29' title="bbox 818 1775 2493 1886; baseline 0.004 -60"><span class='ocrx_word' id='word_1_222' title='bbox 818 1789 925 1843; x_wconf 84' lang='lat' dir='ltr'><strong>que</strong></span> <span class='ocrx_word' id='word_1_223' title='bbox 956 1775 1115 1837; x_wconf 82' lang='lat' dir='ltr'><strong>fame,</strong></span> <span class='ocrx_word' id='word_1_224' title='bbox 1141 1792 1244 1845; x_wconf 90' lang='lat' dir='ltr'><strong>qua</strong></span> <span class='ocrx_word' id='word_1_225' title='bbox 1266 1776 1450 1831; x_wconf 88' lang='lat' dir='ltr'><strong>nescio</strong></span> <span class='ocrx_word' id='word_1_226' title='bbox 1470 1791 1538 1830; x_wconf 81' lang='lat' dir='ltr'><strong>an</strong></span> <span class='ocrx_word' id='word_1_227' title='bbox 1566 1777 1676 1831; x_wconf 89' lang='lat' dir='ltr'><strong>ulla</strong></span> <span class='ocrx_word' id='word_1_228' title='bbox 1727 1791 1966 1846; x_wconf 85' lang='lat' dir='ltr'><strong>unquam</strong></span> <span class='ocrx_word' id='word_1_229' title='bbox 2015 1777 2182 1830; x_wconf 74' lang='lat' dir='ltr'><strong>fuerit</strong></span> <span class='ocrx_word' id='word_1_230' title='bbox 2223 1776 2374 1830; x_wconf 81' lang='lat' dir='ltr'><strong>dete-</strong></span> <span class='ocrx_word' id='word_1_231' title='bbox 2407 1807 2493 1886; x_wconf 62' lang='grc' dir='ltr'><strong>Β(</strong></span> 
     </span>
    </p>
   </div>
   <div class='ocr_carea' id='block_1_30' title="bbox 2382 1775 4057 1886">
    <p class='ocr_par' dir='ltr' id='par_1_30' title="bbox 2407 1785 4057 1886">
     <span class='ocr_line' id='line_1_30' title="bbox 2407 1785 4057 1886; baseline 0 -41"><span class='ocrx_word' id='word_1_232' title='bbox 2407 1828 2452 1886; x_wconf 76' lang='grc' dir='ltr'><strong>Β</strong></span> <span class='ocrx_word' id='word_1_233' title='bbox 2476 1792 2578 1845; x_wconf 80' lang='grc' dir='ltr'>οὒκ</span> <span class='ocrx_word' id='word_1_234' title='bbox 2605 1789 2722 1846; x_wconf 73' lang='grc' dir='ltr'>οἴδα</span> <span class='ocrx_word' id='word_1_235' title='bbox 2750 1793 2802 1845; x_wconf 85' lang='grc' dir='ltr'><strong>εί</strong></span> <span class='ocrx_word' id='word_1_236' title='bbox 2836 1808 2968 1844; x_wconf 70' lang='grc' dir='ltr'>ποτε</span> <span class='ocrx_word' id='word_1_237' title='bbox 2994 1791 3188 1844; x_wconf 84' lang='grc' dir='ltr'>τούτου</span> <span class='ocrx_word' id='word_1_238' title='bbox 3208 1793 3435 1862; x_wconf 86' lang='grc' dir='ltr'>χείρονι.</span> <span class='ocrx_word' id='word_1_239' title='bbox 3477 1790 3538 1842; x_wconf 91' lang='lat'><strong>&#39;0</strong></span> <span class='ocrx_word' id='word_1_240' title='bbox 3558 1789 3616 1842; x_wconf 84' lang='grc' dir='ltr'><strong>δέ</strong></span> <span class='ocrx_word' id='word_1_241' title='bbox 3644 1806 3707 1857; x_wconf 89' lang='grc' dir='ltr'>γε</span> <span class='ocrx_word' id='word_1_242' title='bbox 3742 1788 3842 1856; x_wconf 82' lang='grc' dir='ltr'>τῆς</span> <span class='ocrx_word' id='word_1_243' title='bbox 3875 1785 4057 1886; x_wconf 54' lang='grc' dir='ltr'>μονῆς</span> 
     </span>
    </p>
   </div>
   <div class='ocr_carea' id='block_1_31' title="bbox 821 1867 2496 1952">
    <p class='ocr_par' dir='ltr' id='par_1_31' title="bbox 821 1867 2496 1938">
     <span class='ocr_line' id='line_1_31' title="bbox 821 1867 2496 1938; baseline 0.001 -19"><span class='ocrx_word' id='word_1_244' title='bbox 821 1869 954 1922; x_wconf 91' lang='lat' dir='ltr'><strong>rior.</strong></span> <span class='ocrx_word' id='word_1_245' title='bbox 984 1867 1293 1922; x_wconf 80' lang='lat' dir='ltr'><strong>Monasterli</strong></span> <span class='ocrx_word' id='word_1_246' title='bbox 1323 1876 1505 1922; x_wconf 89' lang='lat' dir='ltr'><strong>autem</strong></span> <span class='ocrx_word' id='word_1_247' title='bbox 1536 1868 1720 1922; x_wconf 88' lang='lat' dir='ltr'><strong>horrei</strong></span> <span class='ocrx_word' id='word_1_248' title='bbox 1771 1868 2057 1938; x_wconf 57' lang='lat' dir='ltr'><strong>praefectus</strong></span> <span class='ocrx_word' id='word_1_249' title='bbox 2113 1867 2377 1935; x_wconf 79' lang='lat' dir='ltr'><strong>Malelius,</strong></span> <span class='ocrx_word' id='word_1_250' title='bbox 2407 1867 2452 1886; x_wconf 88' lang='lat'><strong>&quot;</strong></span> <span class='ocrx_word' id='word_1_251' title='bbox 2479 1900 2496 1936; x_wconf 77' lang='grc' dir='ltr'>ι,</span> 
     </span>
    </p>
   </div>
   <div class='ocr_carea' id='block_1_32' title="bbox 2380 1867 4055 1952">
    <p class='ocr_par' dir='ltr' id='par_1_32' title="bbox 2407 1867 4055 1952">
     <span class='ocr_line' id='line_1_32' title="bbox 2407 1867 4055 1952; baseline -0.009 -15"><span class='ocrx_word' id='word_1_252' title='bbox 2407 1867 2452 1886; x_wconf 67' lang='grc' dir='ltr'><strong><em>υ</em></strong></span> <span class='ocrx_word' id='word_1_253' title='bbox 2479 1881 2808 1952; x_wconf 84' lang='grc' dir='ltr'>ταμειοῦχος</span> <span class='ocrx_word' id='word_1_254' title='bbox 2832 1880 2926 1935; x_wconf 82' lang='grc' dir='ltr'><strong>τοῦ</strong></span> <span class='ocrx_word' id='word_1_255' title='bbox 2956 1880 3108 1933; x_wconf 88' lang='grc' dir='ltr'>σίτου</span> <span class='ocrx_word' id='word_1_256' title='bbox 3131 1880 3352 1949; x_wconf 73' lang='grc' dir='ltr'>Μάλχος</span> <span class='ocrx_word' id='word_1_257' title='bbox 3381 1879 3494 1942; x_wconf 80' lang='grc' dir='ltr'>τοῖς</span> <span class='ocrx_word' id='word_1_258' title='bbox 3514 1877 3830 1947; x_wconf 79' lang='grc' dir='ltr'>ἀρτοποιοϊς</span> <span class='ocrx_word' id='word_1_259' title='bbox 3856 1890 3921 1924; x_wconf 82' lang='grc' dir='ltr'><strong>τε</strong></span> <span class='ocrx_word' id='word_1_260' title='bbox 3949 1873 4055 1924; x_wconf 69' lang='grc' dir='ltr'><strong>αὖ·</strong></span> 
     </span>
    </p>
   </div>
   <div class='ocr_carea' id='block_1_33' title="bbox 818 1959 2493 2044">
    <p class='ocr_par' dir='ltr' id='par_1_33' title="bbox 818 1959 2493 2030">
     <span class='ocr_line' id='line_1_33' title="bbox 818 1959 2493 2030; baseline 0.002 -20"><span class='ocrx_word' id='word_1_261' title='bbox 818 1962 912 2027; x_wconf 82' lang='lat' dir='ltr'><strong>qui</strong></span> <span class='ocrx_word' id='word_1_262' title='bbox 939 1959 1276 2013; x_wconf 79' lang='lat' dir='ltr'><strong>frumentum</strong></span> <span class='ocrx_word' id='word_1_263' title='bbox 1310 1959 1699 2030; x_wconf 82' lang='lat' dir='ltr'><strong>suppeditabat</strong></span> <span class='ocrx_word' id='word_1_264' title='bbox 1732 1961 2052 2030; x_wconf 85' lang='lat' dir='ltr'><strong>pistoribus,</strong></span> <span class='ocrx_word' id='word_1_265' title='bbox 2096 1971 2376 2030; x_wconf 82' lang='lat' dir='ltr'><strong>postquam</strong></span> <span class='ocrx_word' id='word_1_266' title='bbox 2476 1993 2493 2028; x_wconf 56' lang='lat'><strong>1</strong></span> 
     </span>
    </p>
   </div>
   <div class='ocr_carea' id='block_1_34' title="bbox 2379 1959 4054 2044">
    <p class='ocr_par' dir='ltr' id='par_1_34' title="bbox 2476 1965 4054 2044">
     <span class='ocr_line' id='line_1_34' title="bbox 2476 1965 4054 2044; baseline -0.009 -15"><span class='ocrx_word' id='word_1_267' title='bbox 2476 1977 2586 2030; x_wconf 83' lang='grc' dir='ltr'>τῶν</span> <span class='ocrx_word' id='word_1_268' title='bbox 2655 1973 3055 2044; x_wconf 75' lang='grc' dir='ltr'><strong>καταχορηγῶν</strong></span> <span class='ocrx_word' id='word_1_269' title='bbox 3077 2013 3091 2036; x_wconf 82' lang='grc'><em>,</em></span> <span class='ocrx_word' id='word_1_270' title='bbox 3148 1972 3273 2025; x_wconf 66' lang='grc' dir='ltr'>ἐπεὶ</span> <span class='ocrx_word' id='word_1_271' title='bbox 3328 1971 3598 2031; x_wconf 76' lang='grc' dir='ltr'>ἀνάλωτος</span> <span class='ocrx_word' id='word_1_272' title='bbox 3653 1967 3840 2038; x_wconf 80' lang='grc' dir='ltr'>σχεδὸν</span> <span class='ocrx_word' id='word_1_273' title='bbox 3897 1965 4054 2026; x_wconf 69' lang='grc' dir='ltr'>ἄπας</span> 
     </span>
    </p>
   </div>
   <div class='ocr_carea' id='block_1_35' title="bbox 821 2049 2496 2137">
    <p class='ocr_par' dir='ltr' id='par_1_35' title="bbox 821 2049 2496 2136">
     <span class='ocr_line' id='line_1_35' title="bbox 821 2049 2496 2136; baseline 0.001 -33"><span class='ocrx_word' id='word_1_274' title='bbox 821 2053 1138 2104; x_wconf 86' lang='lat' dir='ltr'><strong>universum</strong></span> <span class='ocrx_word' id='word_1_275' title='bbox 1193 2049 1308 2104; x_wconf 77' lang='lat' dir='ltr'><strong>fere</strong></span> <span class='ocrx_word' id='word_1_276' title='bbox 1389 2060 1775 2120; x_wconf 89' lang='lat' dir='ltr'><strong>consumptum</strong></span> <span class='ocrx_word' id='word_1_277' title='bbox 1825 2051 1999 2106; x_wconf 82' lang='lat' dir='ltr'><strong>luerat</strong></span> <span class='ocrx_word' id='word_1_278' title='bbox 2055 2049 2380 2119; x_wconf 64' lang='lat' dir='ltr'><strong>(suﬁciebnt</strong></span> <span class='ocrx_word' id='word_1_279' title='bbox 2479 2070 2496 2136; x_wconf 83' lang='grc'><strong>(</strong></span> 
     </span>
    </p>
   </div>
   <div class='ocr_carea' id='block_1_36' title="bbox 2377 2049 4052 2137">
    <p class='ocr_par' dir='ltr' id='par_1_36' title="bbox 2377 2054 4052 2137">
     <span class='ocr_line' id='line_1_36' title="bbox 2377 2054 4052 2137; baseline 0.002 -18"><span class='ocrx_word' id='word_1_280' title='bbox 2377 2090 2380 2102; x_wconf 75' lang='grc' dir='ltr'><strong>ι</strong></span> <span class='ocrx_word' id='word_1_281' title='bbox 2479 2070 2498 2136; x_wconf 91' lang='grc'><strong>(</strong></span> <span class='ocrx_word' id='word_1_282' title='bbox 2516 2068 2751 2137; x_wconf 71' lang='grc' dir='ltr'>ἐπήρκει</span> <span class='ocrx_word' id='word_1_283' title='bbox 2781 2068 2890 2134; x_wconf 81' lang='grc' dir='ltr'><strong>γὰρ</strong></span> <span class='ocrx_word' id='word_1_284' title='bbox 2923 2065 2985 2118; x_wconf 88' lang='grc' dir='ltr'><strong>ού</strong></span> <span class='ocrx_word' id='word_1_285' title='bbox 3013 2064 3148 2116; x_wconf 89' lang='grc' dir='ltr'>δέκα</span> <span class='ocrx_word' id='word_1_286' title='bbox 3175 2063 3302 2125; x_wconf 82' lang='grc' dir='ltr'>ὅλας</span> <span class='ocrx_word' id='word_1_287' title='bbox 3343 2060 3574 2132; x_wconf 78' lang='grc' dir='ltr'>ἡμέρας.</span> <span class='ocrx_word' id='word_1_288' title='bbox 3610 2061 3702 2112; x_wconf 68' lang='grc' dir='ltr'><strong>καὶ</strong></span> <span class='ocrx_word' id='word_1_289' title='bbox 3729 2054 3800 2128; x_wconf 68' lang='grc' dir='ltr'><strong>ἦν</strong></span> <span class='ocrx_word' id='word_1_290' title='bbox 3825 2057 4052 2122; x_wconf 69' lang='grc' dir='ltr'>ἀνάγκη</span> 
     </span>
    </p>
   </div>
   <div class='ocr_carea' id='block_1_37' title="bbox 816 2139 2491 2226">
    <p class='ocr_par' dir='ltr' id='par_1_37' title="bbox 816 2139 2491 2212">
     <span class='ocr_line' id='line_1_37' title="bbox 816 2139 2491 2212; baseline -0.001 -17"><span class='ocrx_word' id='word_1_291' title='bbox 816 2141 962 2196; x_wconf 87' lang='lat' dir='ltr'><strong>enim</strong></span> <span class='ocrx_word' id='word_1_292' title='bbox 991 2157 1063 2195; x_wconf 85' lang='lat' dir='ltr'><strong>ne</strong></span> <span class='ocrx_word' id='word_1_293' title='bbox 1083 2139 1150 2194; x_wconf 91' lang='lat' dir='ltr'><strong>ad</strong></span> <span class='ocrx_word' id='word_1_294' title='bbox 1193 2147 1336 2194; x_wconf 88' lang='lat' dir='ltr'><strong>totos</strong></span> <span class='ocrx_word' id='word_1_295' title='bbox 1371 2139 1592 2210; x_wconf 87' lang='lat' dir='ltr'><strong>quidem</strong></span> <span class='ocrx_word' id='word_1_296' title='bbox 1641 2139 1831 2195; x_wconf 85' lang='lat' dir='ltr'><strong>decem</strong></span> <span class='ocrx_word' id='word_1_297' title='bbox 1870 2139 2008 2204; x_wconf 86' lang='lat' dir='ltr'><strong>dies,</strong></span> <span class='ocrx_word' id='word_1_298' title='bbox 2054 2149 2111 2196; x_wconf 88' lang='lat' dir='ltr'><strong>et</strong></span> <span class='ocrx_word' id='word_1_299' title='bbox 2149 2155 2376 2196; x_wconf 75' lang='lat' dir='ltr'><strong>necesse</strong></span> <span class='ocrx_word' id='word_1_300' title='bbox 2478 2177 2491 2212; x_wconf 55' lang='grc' dir='ltr'>τ</span> 
     </span>
    </p>
   </div>
   <div class='ocr_carea' id='block_1_38' title="bbox 2376 2139 4051 2226">
    <p class='ocr_par' dir='ltr' id='par_1_38' title="bbox 2478 2147 4051 2226">
     <span class='ocr_line' id='line_1_38' title="bbox 2478 2147 4051 2226; baseline -0.008 -14"><span class='ocrx_word' id='word_1_301' title='bbox 2478 2161 2628 2212; x_wconf 70' lang='grc' dir='ltr'>πᾶσα</span> <span class='ocrx_word' id='word_1_302' title='bbox 2657 2155 2945 2226; x_wconf 75' lang='grc' dir='ltr'>λιμώττειν</span> <span class='ocrx_word' id='word_1_303' title='bbox 2961 2157 3092 2218; x_wconf 79' lang='grc' dir='ltr'>τοὺς</span> <span class='ocrx_word' id='word_1_304' title='bbox 3119 2154 3386 2223; x_wconf 71' lang='grc' dir='ltr'>μοναχοῦς</span> <span class='ocrx_word' id='word_1_305' title='bbox 3405 2153 3446 2221; x_wconf 84' lang='grc'><strong>),</strong></span> <span class='ocrx_word' id='word_1_306' title='bbox 3471 2150 3698 2221; x_wconf 75' lang='grc' dir='ltr'>προσῄει</span> <span class='ocrx_word' id='word_1_307' title='bbox 3727 2165 3786 2200; x_wconf 80' lang='grc' dir='ltr'><strong>τε</strong></span> <span class='ocrx_word' id='word_1_308' title='bbox 3816 2147 3897 2214; x_wconf 81' lang='grc' dir='ltr'>τῷ</span> <span class='ocrx_word' id='word_1_309' title='bbox 3921 2163 4051 2212; x_wconf 61' lang='lat' dir='ltr'><strong>rev-</strong></span> 
     </span>
    </p>
   </div>
   <div class='ocr_carea' id='block_1_39' title="bbox 818 2231 2376 2302">
    <p class='ocr_par' dir='ltr' id='par_1_39' title="bbox 818 2231 2376 2302">
     <span class='ocr_line' id='line_1_39' title="bbox 818 2231 2376 2302; baseline 0 -16"><span class='ocrx_word' id='word_1_310' title='bbox 818 2241 935 2286; x_wconf 85' lang='lat' dir='ltr'><strong>erat</strong></span> <span class='ocrx_word' id='word_1_311' title='bbox 969 2231 1110 2286; x_wconf 78' lang='lat' dir='ltr'><strong>fame</strong></span> <span class='ocrx_word' id='word_1_312' title='bbox 1140 2233 1321 2301; x_wconf 89' lang='lat' dir='ltr'><strong>perire</strong></span> <span class='ocrx_word' id='word_1_313' title='bbox 1352 2233 1694 2300; x_wconf 82' lang='lat' dir='ltr'><strong>monachos),</strong></span> <span class='ocrx_word' id='word_1_314' title='bbox 1721 2231 1935 2287; x_wconf 86' lang='lat' dir='ltr'><strong>accedit</strong></span> <span class='ocrx_word' id='word_1_315' title='bbox 1955 2233 2022 2287; x_wconf 90' lang='lat' dir='ltr'><strong>ad</strong></span> <span class='ocrx_word' id='word_1_316' title='bbox 2053 2233 2376 2302; x_wconf 68' lang='lat' dir='ltr'><strong>praeclarum</strong></span> 
     </span>
    </p>
   </div>
   <div class='ocr_carea' id='block_1_40' title="bbox 817 2323 2374 2385">
    <p class='ocr_par' dir='ltr' id='par_1_40' title="bbox 817 2323 2374 2385">
     <span class='ocr_line' id='line_1_40' title="bbox 817 2323 2374 2385; baseline 0.001 -7"><span class='ocrx_word' id='word_1_317' title='bbox 817 2323 1159 2385; x_wconf 79' lang='lat' dir='ltr'><strong>Marcellum.</strong></span> <span class='ocrx_word' id='word_1_318' title='bbox 1204 2334 1254 2377; x_wconf 89' lang='lat' dir='ltr'><strong>et</strong></span> <span class='ocrx_word' id='word_1_319' title='bbox 1290 2325 1340 2379; x_wconf 92' lang='lat' dir='ltr'><strong>ei</strong></span> <span class='ocrx_word' id='word_1_320' title='bbox 1366 2324 1643 2378; x_wconf 82' lang='lat' dir='ltr'><strong>renuntiat</strong></span> <span class='ocrx_word' id='word_1_321' title='bbox 1692 2324 2034 2379; x_wconf 75' lang='lat' dir='ltr'><strong>frumentum</strong></span> <span class='ocrx_word' id='word_1_322' title='bbox 2079 2340 2200 2379; x_wconf 85' lang='lat' dir='ltr'><strong>esse</strong></span> <span class='ocrx_word' id='word_1_323' title='bbox 2242 2341 2374 2380; x_wconf 86' lang='lat' dir='ltr'><strong>eon-</strong></span> 
     </span>
    </p>
   </div>
   <div class='ocr_carea' id='block_1_41' title="bbox 819 2415 2380 2485">
    <p class='ocr_par' dir='ltr' id='par_1_41' title="bbox 819 2415 2380 2485">
     <span class='ocr_line' id='line_1_41' title="bbox 819 2415 2380 2485; baseline 0.001 -15"><span class='ocrx_word' id='word_1_324' title='bbox 819 2425 1124 2484; x_wconf 84' lang='lat' dir='ltr'><strong>sumptum.</strong></span> <span class='ocrx_word' id='word_1_325' title='bbox 1149 2417 1192 2466; x_wconf 83' lang='lat' dir='ltr'><strong>A</strong></span> <span class='ocrx_word' id='word_1_326' title='bbox 1217 2429 1328 2484; x_wconf 88' lang='lat' dir='ltr'><strong>quo</strong></span> <span class='ocrx_word' id='word_1_327' title='bbox 1358 2415 1590 2479; x_wconf 91' lang='lat' dir='ltr'><strong>audivit,</strong></span> <span class='ocrx_word' id='word_1_328' title='bbox 1625 2427 1684 2470; x_wconf 95' lang='lat' dir='ltr'><strong>ut</strong></span> <span class='ocrx_word' id='word_1_329' title='bbox 1711 2415 1913 2471; x_wconf 78' lang='lat' dir='ltr'><strong>faceret</strong></span> <span class='ocrx_word' id='word_1_330' title='bbox 1939 2432 2057 2485; x_wconf 73' lang='lat' dir='ltr'><strong>qua</strong></span> <span class='ocrx_word' id='word_1_331' title='bbox 2087 2432 2380 2472; x_wconf 87' lang='lat' dir='ltr'><strong>consueve-</strong></span> 
     </span>
    </p>
   </div>
   <div class='ocr_carea' id='block_1_42' title="bbox 817 2507 2375 2571">
    <p class='ocr_par' dir='ltr' id='par_1_42' title="bbox 817 2507 2375 2571">
     <span class='ocr_line' id='line_1_42' title="bbox 817 2507 2375 2571; baseline 0 -11"><span class='ocrx_word' id='word_1_332' title='bbox 817 2519 923 2571; x_wconf 77' lang='lat' dir='ltr'><strong>nt,</strong></span> <span class='ocrx_word' id='word_1_333' title='bbox 964 2516 1018 2562; x_wconf 91' lang='lat' dir='ltr'><strong>et</strong></span> <span class='ocrx_word' id='word_1_334' title='bbox 1051 2510 1153 2561; x_wconf 83' lang='lat' dir='ltr'><strong>hoc</strong></span> <span class='ocrx_word' id='word_1_335' title='bbox 1169 2508 1218 2561; x_wconf 93' lang='lat' dir='ltr'><strong>ei</strong></span> <span class='ocrx_word' id='word_1_336' title='bbox 1240 2507 1403 2561; x_wconf 68' lang='lat' dir='ltr'><strong>nulla:</strong></span> <span class='ocrx_word' id='word_1_337' title='bbox 1431 2522 1550 2560; x_wconf 89' lang='lat' dir='ltr'><strong>esse</strong></span> <span class='ocrx_word' id='word_1_338' title='bbox 1581 2522 1745 2562; x_wconf 65' lang='lat' dir='ltr'><strong>cura.</strong></span> <span class='ocrx_word' id='word_1_339' title='bbox 1781 2507 1877 2561; x_wconf 92' lang='lat' dir='ltr'><strong>llle</strong></span> <span class='ocrx_word' id='word_1_340' title='bbox 1918 2508 2216 2562; x_wconf 84' lang='lat' dir='ltr'><strong>arbitratus</strong></span> <span class='ocrx_word' id='word_1_341' title='bbox 2249 2523 2375 2564; x_wconf 87' lang='lat' dir='ltr'><strong>eum</strong></span> 
     </span>
    </p>
   </div>
   <div class='ocr_carea' id='block_1_43' title="bbox 817 2598 2376 2670">
    <p class='ocr_par' dir='ltr' id='par_1_43' title="bbox 817 2598 2376 2670">
     <span class='ocr_line' id='line_1_43' title="bbox 817 2598 2376 2670; baseline 0.001 -18"><span class='ocrx_word' id='word_1_342' title='bbox 817 2613 1039 2668; x_wconf 87' lang='lat' dir='ltr'><strong>sperare</strong></span> <span class='ocrx_word' id='word_1_343' title='bbox 1065 2599 1318 2652; x_wconf 86' lang='lat' dir='ltr'><strong>alicunde</strong></span> <span class='ocrx_word' id='word_1_344' title='bbox 1349 2598 1666 2652; x_wconf 87' lang='lat' dir='ltr'><strong>solvendam</strong></span> <span class='ocrx_word' id='word_1_345' title='bbox 1698 2615 1819 2652; x_wconf 86' lang='lat' dir='ltr'><strong>esse</strong></span> <span class='ocrx_word' id='word_1_346' title='bbox 1854 2599 2115 2667; x_wconf 84' lang='lat' dir='ltr'><strong>inepiam,</strong></span> <span class='ocrx_word' id='word_1_347' title='bbox 2170 2601 2376 2670; x_wconf 82' lang='lat' dir='ltr'><strong>absque</strong></span> 
     </span>
    </p>
   </div>
   <div class='ocr_carea' id='block_1_44' title="bbox 818 2687 2376 2757">
    <p class='ocr_par' dir='ltr' id='par_1_44' title="bbox 818 2687 2376 2757">
     <span class='ocr_line' id='line_1_44' title="bbox 818 2687 2376 2757; baseline 0.002 -15"><span class='ocrx_word' id='word_1_348' title='bbox 818 2689 926 2742; x_wconf 88' lang='lat' dir='ltr'><strong>ulla</strong></span> <span class='ocrx_word' id='word_1_349' title='bbox 966 2688 1336 2742; x_wconf 82' lang='lat' dir='ltr'><strong>sollicitudine</strong></span> <span class='ocrx_word' id='word_1_350' title='bbox 1393 2687 1763 2757; x_wconf 80' lang='lat' dir='ltr'><strong>suppeditavit</strong></span> <span class='ocrx_word' id='word_1_351' title='bbox 1795 2692 1937 2743; x_wconf 85' lang='lat' dir='ltr'><strong>sicut</strong></span> <span class='ocrx_word' id='word_1_352' title='bbox 1998 2703 2376 2745; x_wconf 88' lang='lat' dir='ltr'><strong>consueverat.</strong></span> 
     </span>
    </p>
   </div>
   <div class='ocr_carea' id='block_1_45' title="bbox 819 2778 2376 2848">
    <p class='ocr_par' dir='ltr' id='par_1_45' title="bbox 819 2778 2376 2848">
     <span class='ocr_line' id='line_1_45' title="bbox 819 2778 2376 2848; baseline 0.003 -16"><span class='ocrx_word' id='word_1_353' title='bbox 819 2778 1074 2846; x_wconf 85' lang='lat' dir='ltr'><strong>Quinque</strong></span> <span class='ocrx_word' id='word_1_354' title='bbox 1098 2778 1365 2846; x_wconf 77' lang='lat' dir='ltr'><strong>deinceps</strong></span> <span class='ocrx_word' id='word_1_355' title='bbox 1402 2778 1520 2833; x_wconf 88' lang='lat' dir='ltr'><strong>dies</strong></span> <span class='ocrx_word' id='word_1_356' title='bbox 1551 2780 1935 2848; x_wconf 69' lang='lat' dir='ltr'><strong>praeterierunt</strong></span> <span class='ocrx_word' id='word_1_357' title='bbox 1965 2791 2058 2834; x_wconf 83' lang='lat' dir='ltr'><strong>:et</strong></span> <span class='ocrx_word' id='word_1_358' title='bbox 2083 2795 2208 2835; x_wconf 90' lang='lat' dir='ltr'><strong>eum</strong></span> <span class='ocrx_word' id='word_1_359' title='bbox 2236 2782 2376 2836; x_wconf 81' lang='lat' dir='ltr'><strong>nihil</strong></span> 
     </span>
    </p>
   </div>
   <div class='ocr_carea' id='block_1_46' title="bbox 818 2871 2377 2940">
    <p class='ocr_par' dir='ltr' id='par_1_46' title="bbox 818 2871 2377 2940">
     <span class='ocr_line' id='line_1_46' title="bbox 818 2871 2377 2940; baseline 0.002 -14"><span class='ocrx_word' id='word_1_360' title='bbox 818 2873 1092 2928; x_wconf 84' lang='lat' dir='ltr'><strong>evenisset</strong></span> <span class='ocrx_word' id='word_1_361' title='bbox 1120 2886 1457 2940; x_wconf 71' lang='lat' dir='ltr'><strong>eorumque</strong></span> <span class='ocrx_word' id='word_1_362' title='bbox 1491 2871 1764 2940; x_wconf 86' lang='lat' dir='ltr'><strong>sperabat.</strong></span> <span class='ocrx_word' id='word_1_363' title='bbox 1795 2887 1987 2926; x_wconf 88' lang='lat' dir='ltr'><strong>rursus</strong></span> <span class='ocrx_word' id='word_1_364' title='bbox 2026 2873 2180 2937; x_wconf 87' lang='lat' dir='ltr'><strong>dicit,</strong></span> <span class='ocrx_word' id='word_1_365' title='bbox 2235 2883 2292 2929; x_wconf 91' lang='lat' dir='ltr'><strong>et</strong></span> <span class='ocrx_word' id='word_1_366' title='bbox 2327 2876 2377 2929; x_wconf 91' lang='lat' dir='ltr'><strong>ei</strong></span> 
     </span>
    </p>
   </div>
   <div class='ocr_carea' id='block_1_47' title="bbox 818 2961 2376 3018">
    <p class='ocr_par' dir='ltr' id='par_1_47' title="bbox 818 2961 2376 3018">
     <span class='ocr_line' id='line_1_47' title="bbox 818 2961 2376 3018; baseline 0.001 -2"><span class='ocrx_word' id='word_1_367' title='bbox 818 2976 1039 3016; x_wconf 85' lang='lat' dir='ltr'><strong>causam</strong></span> <span class='ocrx_word' id='word_1_368' title='bbox 1064 2970 1285 3016; x_wconf 90' lang='lat' dir='ltr'><strong>revocat</strong></span> <span class='ocrx_word' id='word_1_369' title='bbox 1326 2961 1378 3014; x_wconf 88' lang='lat' dir='ltr'><strong>in</strong></span> <span class='ocrx_word' id='word_1_370' title='bbox 1406 2961 1747 3016; x_wconf 87' lang='lat' dir='ltr'><strong>memoriam.</strong></span> <span class='ocrx_word' id='word_1_371' title='bbox 1795 2962 1960 3016; x_wconf 77' lang='lat' dir='ltr'><strong>Audit</strong></span> <span class='ocrx_word' id='word_1_372' title='bbox 2001 2978 2132 3016; x_wconf 84' lang='lat' dir='ltr'><strong>vero</strong></span> <span class='ocrx_word' id='word_1_373' title='bbox 2163 2965 2376 3018; x_wconf 88' lang='lat' dir='ltr'><strong>eadem.</strong></span> 
     </span>
    </p>
   </div>
   <div class='ocr_carea' id='block_1_48' title="bbox 817 3050 2374 3121">
    <p class='ocr_par' dir='ltr' id='par_1_48' title="bbox 817 3050 2374 3121">
     <span class='ocr_line' id='line_1_48' title="bbox 817 3050 2374 3121; baseline 0.001 -16"><span class='ocrx_word' id='word_1_374' title='bbox 817 3051 1108 3120; x_wconf 85' lang='lat' dir='ltr'><strong>Postquam</strong></span> <span class='ocrx_word' id='word_1_375' title='bbox 1140 3059 1320 3105; x_wconf 87' lang='lat' dir='ltr'><strong>autem</strong></span> <span class='ocrx_word' id='word_1_376' title='bbox 1342 3050 1407 3105; x_wconf 89' lang='lat' dir='ltr'><strong>ad</strong></span> <span class='ocrx_word' id='word_1_377' title='bbox 1440 3051 1575 3106; x_wconf 83' lang='lat' dir='ltr'><strong>alios</strong></span> <span class='ocrx_word' id='word_1_378' title='bbox 1604 3065 1822 3118; x_wconf 90' lang='lat' dir='ltr'><strong>quoque</strong></span> <span class='ocrx_word' id='word_1_379' title='bbox 1851 3050 1989 3105; x_wconf 90' lang='lat' dir='ltr'><strong>duos</strong></span> <span class='ocrx_word' id='word_1_380' title='bbox 2015 3053 2374 3121; x_wconf 86' lang='lat' dir='ltr'><strong>consumpsit,</strong></span> 
     </span>
    </p>
   </div>
   <div class='ocr_carea' id='block_1_49' title="bbox 2477 2236 4049 2318">
    <p class='ocr_par' dir='ltr' id='par_1_49' title="bbox 2477 2236 4049 2318">
     <span class='ocr_line' id='line_1_49' title="bbox 2477 2236 4049 2318; baseline -0.007 -17"><span class='ocrx_word' id='word_1_381' title='bbox 2477 2250 2613 2318; x_wconf 87' lang='grc' dir='ltr'>ναίῳ</span> <span class='ocrx_word' id='word_1_382' title='bbox 2661 2250 2758 2302; x_wconf 76' lang='grc' dir='ltr'>καὶ</span> <span class='ocrx_word' id='word_1_383' title='bbox 2792 2247 2851 2300; x_wconf 72' lang='grc' dir='ltr'><strong>ιδ</strong></span> <span class='ocrx_word' id='word_1_384' title='bbox 2885 2244 3200 2313; x_wconf 77' lang='grc' dir='ltr'>ἀνηλῶσθαι</span> <span class='ocrx_word' id='word_1_385' title='bbox 3253 2242 3405 2312; x_wconf 84' lang='grc' dir='ltr'>αὑτῷ</span> <span class='ocrx_word' id='word_1_386' title='bbox 3434 2242 3526 2295; x_wconf 77' lang='grc' dir='ltr'>τὸν</span> <span class='ocrx_word' id='word_1_387' title='bbox 3580 2243 3726 2293; x_wconf 77' lang='grc' dir='ltr'>σῖτον</span> <span class='ocrx_word' id='word_1_388' title='bbox 3755 2236 4049 2306; x_wconf 76' lang='grc' dir='ltr'>ἀγγέλλει.</span> 
     </span>
    </p>
   </div>
   <div class='ocr_carea' id='block_1_50' title="bbox 2481 2326 4051 2406">
    <p class='ocr_par' dir='ltr' id='par_1_50' title="bbox 2481 2326 4051 2406">
     <span class='ocr_line' id='line_1_50' title="bbox 2481 2326 4051 2406; baseline -0.01 -13"><span class='ocrx_word' id='word_1_389' title='bbox 2481 2341 2684 2393; x_wconf 84' lang='grc' dir='ltr'>Ἥκουε</span> <span class='ocrx_word' id='word_1_390' title='bbox 2699 2338 2754 2391; x_wconf 62' lang='grc' dir='ltr'><strong>δέ</strong></span> <span class='ocrx_word' id='word_1_391' title='bbox 2783 2337 3044 2406; x_wconf 83' lang='grc' dir='ltr'>πράττειν</span> <span class='ocrx_word' id='word_1_392' title='bbox 3071 2335 3141 2387; x_wconf 71' lang='grc' dir='ltr'>τὰ</span> <span class='ocrx_word' id='word_1_393' title='bbox 3165 2333 3395 2386; x_wconf 82' lang='grc' dir='ltr'>εἰωθότα</span> <span class='ocrx_word' id='word_1_394' title='bbox 3419 2334 3513 2384; x_wconf 80' lang='grc' dir='ltr'><strong>καὶ</strong></span> <span class='ocrx_word' id='word_1_395' title='bbox 3539 2330 3712 2401; x_wconf 71' lang='grc' dir='ltr'>μηδὲν</span> <span class='ocrx_word' id='word_1_396' title='bbox 3732 2328 3886 2399; x_wconf 77' lang='grc' dir='ltr'>αὐτῷ</span> <span class='ocrx_word' id='word_1_397' title='bbox 3912 2326 4051 2395; x_wconf 74' lang='grc' dir='ltr'>περὶ</span> 
     </span>
    </p>
   </div>
   <div class='ocr_carea' id='block_1_51' title="bbox 2475 2420 4050 2500">
    <p class='ocr_par' dir='ltr' id='par_1_51' title="bbox 2475 2420 4050 2500">
     <span class='ocr_line' id='line_1_51' title="bbox 2475 2420 4050 2500; baseline -0.009 -16"><span class='ocrx_word' id='word_1_398' title='bbox 2475 2433 2666 2486; x_wconf 85' lang='grc' dir='ltr'>τούτου</span> <span class='ocrx_word' id='word_1_399' title='bbox 2701 2429 2938 2500; x_wconf 79' lang='grc' dir='ltr'>μέλλειν.</span> <span class='ocrx_word' id='word_1_400' title='bbox 3002 2427 3061 2478; x_wconf 88' lang='lat'><strong>&#39;0</strong></span> <span class='ocrx_word' id='word_1_401' title='bbox 3085 2425 3141 2480; x_wconf 76' lang='grc' dir='ltr'>δὲ</span> <span class='ocrx_word' id='word_1_402' title='bbox 3184 2427 3412 2494; x_wconf 78' lang='grc' dir='ltr'>νομίσας</span> <span class='ocrx_word' id='word_1_403' title='bbox 3440 2423 3666 2479; x_wconf 69' lang='grc' dir='ltr'>ἄλλοθεν</span> <span class='ocrx_word' id='word_1_404' title='bbox 3694 2420 3848 2490; x_wconf 85' lang='grc' dir='ltr'>αὑτῷ</span> <span class='ocrx_word' id='word_1_405' title='bbox 3873 2422 4050 2471; x_wconf 71' lang='grc' dir='ltr'>ποθεν</span> 
     </span>
    </p>
   </div>
   <div class='ocr_carea' id='block_1_52' title="bbox 2477 2510 4047 2591">
    <p class='ocr_par' dir='ltr' id='par_1_52' title="bbox 2477 2510 4047 2591">
     <span class='ocr_line' id='line_1_52' title="bbox 2477 2510 4047 2591; baseline -0.009 -15"><span class='ocrx_word' id='word_1_406' title='bbox 2477 2522 2720 2587; x_wconf 70' lang='grc' dir='ltr'>ἐλπίζειν</span> <span class='ocrx_word' id='word_1_407' title='bbox 2752 2520 2849 2591; x_wconf 81' lang='grc' dir='ltr'>τὴν</span> <span class='ocrx_word' id='word_1_408' title='bbox 2883 2517 3117 2589; x_wconf 81' lang='grc' dir='ltr'>ἀπορίαν</span> <span class='ocrx_word' id='word_1_409' title='bbox 3144 2516 3495 2583; x_wconf 78' lang='grc' dir='ltr'>λυθήσεσθαι.</span> <span class='ocrx_word' id='word_1_410' title='bbox 3529 2514 3813 2582; x_wconf 73' lang='grc' dir='ltr'>ἄφροντις.</span> <span class='ocrx_word' id='word_1_411' title='bbox 3850 2510 4047 2580; x_wconf 77' lang='grc' dir='ltr'>ὥσπερ</span> 
     </span>
    </p>
   </div>
   <div class='ocr_carea' id='block_1_53' title="bbox 2476 2601 4048 2679">
    <p class='ocr_par' dir='ltr' id='par_1_53' title="bbox 2476 2601 4048 2679">
     <span class='ocr_line' id='line_1_53' title="bbox 2476 2601 4048 2679; baseline -0.01 -11"><span class='ocrx_word' id='word_1_412' title='bbox 2476 2615 2686 2675; x_wconf 74' lang='grc' dir='ltr'>εἴωθεν,</span> <span class='ocrx_word' id='word_1_413' title='bbox 2718 2612 2991 2679; x_wconf 75' lang='grc' dir='ltr'>έχορήγει.</span> <span class='ocrx_word' id='word_1_414' title='bbox 3029 2609 3195 2661; x_wconf 81' lang='grc' dir='ltr'>Πέντε</span> <span class='ocrx_word' id='word_1_415' title='bbox 3221 2605 3349 2674; x_wconf 79' lang='grc' dir='ltr'>έξῆς</span> <span class='ocrx_word' id='word_1_416' title='bbox 3380 2603 3660 2674; x_wconf 68' lang='grc' dir='ltr'>παρῆλθον</span> <span class='ocrx_word' id='word_1_417' title='bbox 3690 2603 3920 2672; x_wconf 78' lang='grc' dir='ltr'>ἡμέραι,</span> <span class='ocrx_word' id='word_1_418' title='bbox 3949 2601 4048 2653; x_wconf 81' lang='grc' dir='ltr'><strong>καὶ</strong></span> 
     </span>
    </p>
   </div>
   <div class='ocr_carea' id='block_1_54' title="bbox 2481 2692 4049 2774">
    <p class='ocr_par' dir='ltr' id='par_1_54' title="bbox 2481 2692 4049 2774">
     <span class='ocr_line' id='line_1_54' title="bbox 2481 2692 4049 2774; baseline -0.011 -15"><span class='ocrx_word' id='word_1_419' title='bbox 2481 2707 2648 2774; x_wconf 71' lang='grc' dir='ltr'>μηδὲν</span> <span class='ocrx_word' id='word_1_420' title='bbox 2677 2699 2751 2757; x_wconf 82' lang='grc' dir='ltr'>ὧν</span> <span class='ocrx_word' id='word_1_421' title='bbox 2781 2703 3009 2772; x_wconf 78' lang='grc' dir='ltr'>ἡλπισεν</span> <span class='ocrx_word' id='word_1_422' title='bbox 3062 2698 3409 2766; x_wconf 76' lang='grc' dir='ltr'>ἀπαντῆσαν,</span> <span class='ocrx_word' id='word_1_423' title='bbox 3465 2695 3666 2764; x_wconf 77' lang='grc' dir='ltr'>φράζει</span> <span class='ocrx_word' id='word_1_424' title='bbox 3712 2694 3898 2751; x_wconf 78' lang='grc' dir='ltr'>πάλιν,</span> <span class='ocrx_word' id='word_1_425' title='bbox 3948 2692 4049 2744; x_wconf 82' lang='grc' dir='ltr'><strong>καὶ</strong></span> 
     </span>
    </p>
   </div>
   <div class='ocr_carea' id='block_1_55' title="bbox 2479 2782 4042 2866">
    <p class='ocr_par' dir='ltr' id='par_1_55' title="bbox 2479 2782 4042 2866">
     <span class='ocr_line' id='line_1_55' title="bbox 2479 2782 4042 2866; baseline -0.009 -15"><span class='ocrx_word' id='word_1_426' title='bbox 2479 2799 2607 2864; x_wconf 74' lang='grc' dir='ltr'>περὶ</span> <span class='ocrx_word' id='word_1_427' title='bbox 2632 2797 2729 2866; x_wconf 75' lang='grc' dir='ltr'>τῆς</span> <span class='ocrx_word' id='word_1_428' title='bbox 2756 2796 2935 2857; x_wconf 83' lang='grc' dir='ltr'>αίτίας</span> <span class='ocrx_word' id='word_1_429' title='bbox 2979 2792 3410 2861; x_wconf 82' lang='grc' dir='ltr'>ἀναμιμνήσκει.</span> <span class='ocrx_word' id='word_1_430' title='bbox 3445 2787 3656 2840; x_wconf 80' lang='grc' dir='ltr'><strong>Ἀκούει</strong></span> <span class='ocrx_word' id='word_1_431' title='bbox 3683 2787 3738 2838; x_wconf 68' lang='grc' dir='ltr'>δὲ</span> <span class='ocrx_word' id='word_1_432' title='bbox 3763 2785 3835 2838; x_wconf 80' lang='grc' dir='ltr'>τὰ</span> <span class='ocrx_word' id='word_1_433' title='bbox 3873 2782 4042 2838; x_wconf 71' lang='grc' dir='ltr'>αὑτά.</span> 
     </span>
    </p>
   </div>
   <div class='ocr_carea' id='block_1_56' title="bbox 2488 2875 4046 2953">
    <p class='ocr_par' dir='ltr' id='par_1_56' title="bbox 2488 2875 4046 2953">
     <span class='ocr_line' id='line_1_56' title="bbox 2488 2875 4046 2953; baseline -0.011 -8"><span class='ocrx_word' id='word_1_434' title='bbox 2488 2893 2577 2953; x_wconf 76' lang='grc' dir='ltr'><strong>Ὦς</strong></span> <span class='ocrx_word' id='word_1_435' title='bbox 2604 2891 2659 2943; x_wconf 69' lang='grc' dir='ltr'>δὲ</span> <span class='ocrx_word' id='word_1_436' title='bbox 2686 2890 2779 2942; x_wconf 76' lang='lat' dir='ltr'><strong>atati.</strong></span> <span class='ocrx_word' id='word_1_437' title='bbox 2807 2889 2898 2941; x_wconf 75' lang='grc' dir='ltr'>έπὶ</span> <span class='ocrx_word' id='word_1_438' title='bbox 2938 2884 3105 2946; x_wconf 70' lang='grc' dir='ltr'>ἄλλας</span> <span class='ocrx_word' id='word_1_439' title='bbox 3141 2885 3355 2953; x_wconf 79' lang='grc' dir='ltr'>ἡμέρας</span> <span class='ocrx_word' id='word_1_440' title='bbox 3383 2881 3476 2934; x_wconf 87' lang='grc' dir='ltr'><strong>δύο</strong></span> <span class='ocrx_word' id='word_1_441' title='bbox 3520 2877 3828 2946; x_wconf 80' lang='grc' dir='ltr'>έξεδαπάνα</span> <span class='ocrx_word' id='word_1_442' title='bbox 3857 2878 3955 2930; x_wconf 66' lang='grc' dir='ltr'>καὶ</span> <span class='ocrx_word' id='word_1_443' title='bbox 3982 2875 4046 2928; x_wconf 82' lang='grc' dir='ltr'><strong>τδ</strong></span> 
     </span>
    </p>
   </div>
   <div class='ocr_carea' id='block_1_57' title="bbox 2482 2965 4045 3051">
    <p class='ocr_par' dir='ltr' id='par_1_57' title="bbox 2482 2965 4045 3051">
     <span class='ocr_line' id='line_1_57' title="bbox 2482 2965 4045 3051; baseline -0.009 -19"><span class='ocrx_word' id='word_1_444' title='bbox 2482 2981 2646 3051; x_wconf 68' lang='grc' dir='ltr'>μηδὲν</span> <span class='ocrx_word' id='word_1_445' title='bbox 2669 2980 2750 3032; x_wconf 78' lang='grc' dir='ltr'>ῑτι</span> <span class='ocrx_word' id='word_1_446' title='bbox 2807 2975 3080 3045; x_wconf 76' lang='grc' dir='ltr'>ληφθῆναι</span> <span class='ocrx_word' id='word_1_447' title='bbox 3107 2975 3171 3027; x_wconf 80' lang='grc' dir='ltr'>οὐ</span> <span class='ocrx_word' id='word_1_448' title='bbox 3198 2975 3389 3045; x_wconf 75' lang='grc' dir='ltr'>πόρῤω</span> <span class='ocrx_word' id='word_1_449' title='bbox 3420 2989 3523 3024; x_wconf 82' lang='grc' dir='ltr'>που</span> <span class='ocrx_word' id='word_1_450' title='bbox 3575 2965 3716 3023; x_wconf 76' lang='grc' dir='ltr'>εἶναι</span> <span class='ocrx_word' id='word_1_451' title='bbox 3744 2968 3984 3036; x_wconf 64' lang='grc' dir='ltr'>ἑωρᾶτο.</span> <span class='ocrx_word' id='word_1_452' title='bbox 4013 2965 4045 3018; x_wconf 89' lang='lat'><strong>6</strong></span> 
     </span>
    </p>
   </div>
   <div class='ocr_carea' id='block_1_58' title="bbox 2481 3057 4041 3145">
    <p class='ocr_par' dir='ltr' id='par_1_58' title="bbox 2481 3057 4041 3145">
     <span class='ocr_line' id='line_1_58' title="bbox 2481 3057 4041 3145; baseline -0.012 -18"><span class='ocrx_word' id='word_1_453' title='bbox 2481 3075 2580 3145; x_wconf 72' lang='grc' dir='ltr'>μὲν</span> <span class='ocrx_word' id='word_1_454' title='bbox 2610 3072 2770 3125; x_wconf 82' lang='grc' dir='ltr'>πάλιν</span> <span class='ocrx_word' id='word_1_455' title='bbox 2799 3066 3206 3136; x_wconf 69' lang='grc' dir='ltr'>τεταραγμένος</span> <span class='ocrx_word' id='word_1_456' title='bbox 3239 3065 3521 3134; x_wconf 70' lang='grc' dir='ltr'>πρόσεισιν</span> <span class='ocrx_word' id='word_1_457' title='bbox 3542 3077 3557 3092; x_wconf 91' lang='grc'><strong>·</strong></span> <span class='ocrx_word' id='word_1_458' title='bbox 3585 3062 3614 3114; x_wconf 93' lang='lat'><strong>6</strong></span> <span class='ocrx_word' id='word_1_459' title='bbox 3635 3060 3692 3113; x_wconf 68' lang='grc' dir='ltr'><strong>δέ</strong></span> <span class='ocrx_word' id='word_1_460' title='bbox 3717 3057 3949 3118; x_wconf 65' lang='grc' dir='ltr'>ἐπιστὰς</span> <span class='ocrx_word' id='word_1_461' title='bbox 3973 3058 4041 3125; x_wconf 75' lang='grc' dir='ltr'>τῇ</span> 
     </span>
    </p>
   </div>
   <div class='ocr_carea' id='block_1_59' title="bbox 815 3141 2490 3234">
    <p class='ocr_par' dir='ltr' id='par_1_59' title="bbox 815 3141 2490 3234">
     <span class='ocr_line' id='line_1_59' title="bbox 815 3141 2490 3234; baseline -0.001 -39"><span class='ocrx_word' id='word_1_462' title='bbox 815 3151 872 3196; x_wconf 90' lang='lat' dir='ltr'><strong>et</strong></span> <span class='ocrx_word' id='word_1_463' title='bbox 905 3157 1014 3195; x_wconf 91' lang='lat' dir='ltr'><strong>non</strong></span> <span class='ocrx_word' id='word_1_464' title='bbox 1057 3141 1286 3194; x_wconf 89' lang='lat' dir='ltr'><strong>multum</strong></span> <span class='ocrx_word' id='word_1_465' title='bbox 1327 3141 1519 3194; x_wconf 82' lang='lat' dir='ltr'><strong>abesse</strong></span> <span class='ocrx_word' id='word_1_466' title='bbox 1561 3141 1864 3201; x_wconf 83' lang='lat' dir='ltr'><strong>videretur.</strong></span> <span class='ocrx_word' id='word_1_467' title='bbox 1894 3141 2026 3208; x_wconf 88' lang='lat' dir='ltr'><strong>quin</strong></span> <span class='ocrx_word' id='word_1_468' title='bbox 2078 3152 2222 3195; x_wconf 86' lang='lat' dir='ltr'><strong>esset</strong></span> <span class='ocrx_word' id='word_1_469' title='bbox 2254 3143 2373 3194; x_wconf 85' lang='lat' dir='ltr'><strong>uni-</strong></span> <span class='ocrx_word' id='word_1_470' title='bbox 2402 3181 2442 3234; x_wconf 65' lang='grc' dir='ltr'><strong><em>ε</em></strong></span> 
     </span>
    </p>
   </div>
   <div class='ocr_carea' id='block_1_60' title="bbox 2367 3141 4042 3234">
    <p class='ocr_par' dir='ltr' id='par_1_60' title="bbox 2367 3141 4042 3234">
     <span class='ocr_line' id='line_1_60' title="bbox 2367 3141 4042 3234; baseline -0.01 -16"><span class='ocrx_word' id='word_1_471' title='bbox 2367 3171 2373 3180; x_wconf 92' lang='grc'><em>’</em></span> <span class='ocrx_word' id='word_1_472' title='bbox 2402 3181 2442 3234; x_wconf 80' lang='lat' dir='ltr'>c</span> <span class='ocrx_word' id='word_1_473' title='bbox 2479 3141 2758 3233; x_wconf 76' lang='grc' dir='ltr'>σιτοθήκῃ,</span> <span class='ocrx_word' id='word_1_474' title='bbox 2820 3161 3025 3213; x_wconf 82' lang='grc' dir='ltr'>ὠδίνων</span> <span class='ocrx_word' id='word_1_475' title='bbox 3057 3157 3226 3227; x_wconf 73' lang='grc' dir='ltr'>αὐτὴν</span> <span class='ocrx_word' id='word_1_476' title='bbox 3269 3155 3473 3217; x_wconf 76' lang='grc' dir='ltr'>εὐθέως</span> <span class='ocrx_word' id='word_1_477' title='bbox 3499 3153 3701 3222; x_wconf 76' lang='grc' dir='ltr'>πληροῖ</span> <span class='ocrx_word' id='word_1_478' title='bbox 3747 3150 3842 3204; x_wconf 77' lang='grc' dir='ltr'><strong>καὶ</strong></span> <span class='ocrx_word' id='word_1_479' title='bbox 3876 3149 4042 3202; x_wconf 80' lang='grc' dir='ltr'>τόκου</span> 
     </span>
    </p>
   </div>
   <div class='ocr_carea' id='block_1_61' title="bbox 817 3233 2374 3303">
    <p class='ocr_par' dir='ltr' id='par_1_61' title="bbox 817 3233 2374 3303">
     <span class='ocr_line' id='line_1_61' title="bbox 817 3233 2374 3303; baseline 0.001 -15"><span class='ocrx_word' id='word_1_480' title='bbox 817 3250 1037 3288; x_wconf 85' lang='lat' dir='ltr'><strong>versum</strong></span> <span class='ocrx_word' id='word_1_481' title='bbox 1087 3245 1493 3303; x_wconf 88' lang='lat' dir='ltr'><strong>consumptum,</strong></span> <span class='ocrx_word' id='word_1_482' title='bbox 1542 3234 1631 3288; x_wconf 91' lang='lat' dir='ltr'><strong>ille</strong></span> <span class='ocrx_word' id='word_1_483' title='bbox 1664 3233 1885 3303; x_wconf 89' lang='lat' dir='ltr'><strong>quidem</strong></span> <span class='ocrx_word' id='word_1_484' title='bbox 1930 3249 2121 3288; x_wconf 86' lang='lat' dir='ltr'><strong>rursus</strong></span> <span class='ocrx_word' id='word_1_485' title='bbox 2161 3236 2374 3290; x_wconf 88' lang='lat' dir='ltr'><strong>accedit</strong></span> 
     </span>
    </p>
   </div>
   <div class='ocr_carea' id='block_1_62' title="bbox 820 3324 2372 3380">
    <p class='ocr_par' dir='ltr' id='par_1_62' title="bbox 820 3324 2372 3380">
     <span class='ocr_line' id='line_1_62' title="bbox 820 3324 2372 3380; baseline -0.001 0"><span class='ocrx_word' id='word_1_486' title='bbox 820 3325 1204 3380; x_wconf 82' lang='lat' dir='ltr'><strong>conturbatus.</strong></span> <span class='ocrx_word' id='word_1_487' title='bbox 1261 3324 1547 3379; x_wconf 73' lang='lat' dir='ltr'><strong>Marcellus</strong></span> <span class='ocrx_word' id='word_1_488' title='bbox 1590 3341 1722 3378; x_wconf 86' lang='lat' dir='ltr'><strong>vero</strong></span> <span class='ocrx_word' id='word_1_489' title='bbox 1769 3325 1950 3378; x_wconf 90' lang='lat' dir='ltr'><strong>statim</strong></span> <span class='ocrx_word' id='word_1_490' title='bbox 1997 3325 2262 3379; x_wconf 87' lang='lat' dir='ltr'><strong>accedens</strong></span> <span class='ocrx_word' id='word_1_491' title='bbox 2305 3327 2372 3379; x_wconf 80' lang='lat' dir='ltr'><strong>ad</strong></span> 
     </span>
    </p>
   </div>
   <div class='ocr_carea' id='block_1_63' title="bbox 821 3417 2376 3486">
    <p class='ocr_par' dir='ltr' id='par_1_63' title="bbox 821 3417 2376 3486">
     <span class='ocr_line' id='line_1_63' title="bbox 821 3417 2376 3486; baseline -0.001 -14"><span class='ocrx_word' id='word_1_492' title='bbox 821 3421 1106 3483; x_wconf 82' lang='lat' dir='ltr'><strong>horreum,</strong></span> <span class='ocrx_word' id='word_1_493' title='bbox 1137 3419 1448 3486; x_wconf 86' lang='lat' dir='ltr'><strong>parturiens</strong></span> <span class='ocrx_word' id='word_1_494' title='bbox 1502 3418 1552 3470; x_wconf 91' lang='lat' dir='ltr'><strong>id</strong></span> <span class='ocrx_word' id='word_1_495' title='bbox 1601 3418 1783 3471; x_wconf 90' lang='lat' dir='ltr'><strong>statim</strong></span> <span class='ocrx_word' id='word_1_496' title='bbox 1841 3417 2048 3485; x_wconf 84' lang='lat' dir='ltr'><strong>implet.</strong></span> <span class='ocrx_word' id='word_1_497' title='bbox 2084 3427 2141 3471; x_wconf 91' lang='lat' dir='ltr'><strong>et</strong></span> <span class='ocrx_word' id='word_1_498' title='bbox 2185 3418 2376 3485; x_wconf 87' lang='lat' dir='ltr'><strong>incipit</strong></span> 
     </span>
    </p>
   </div>
   <div class='ocr_carea' id='block_1_64' title="bbox 817 3507 2375 3580">
    <p class='ocr_par' dir='ltr' id='par_1_64' title="bbox 817 3507 2375 3580">
     <span class='ocr_line' id='line_1_64' title="bbox 817 3507 2375 3580; baseline 0 -17"><span class='ocrx_word' id='word_1_499' title='bbox 817 3525 1012 3580; x_wconf 87' lang='lat' dir='ltr'><strong>parere</strong></span> <span class='ocrx_word' id='word_1_500' title='bbox 1056 3528 1068 3561; x_wconf 90' lang='lat'><strong>:</strong></span> <span class='ocrx_word' id='word_1_501' title='bbox 1093 3521 1149 3563; x_wconf 90' lang='lat' dir='ltr'><strong>et</strong></span> <span class='ocrx_word' id='word_1_502' title='bbox 1185 3509 1328 3576; x_wconf 90' lang='lat' dir='ltr'><strong>quod</strong></span> <span class='ocrx_word' id='word_1_503' title='bbox 1356 3507 1800 3569; x_wconf 85' lang='lat' dir='ltr'><strong>cstadmirabile,</strong></span> <span class='ocrx_word' id='word_1_504' title='bbox 1824 3520 1880 3560; x_wconf 89' lang='lat' dir='ltr'><strong>et</strong></span> <span class='ocrx_word' id='word_1_505' title='bbox 1906 3522 2124 3562; x_wconf 88' lang='lat' dir='ltr'><strong>omnem</strong></span> <span class='ocrx_word' id='word_1_506' title='bbox 2152 3520 2375 3576; x_wconf 85' lang='lat' dir='ltr'><strong>supcrat</strong></span> 
     </span>
    </p>
   </div>
   <div class='ocr_carea' id='block_1_65' title="bbox 818 3596 2376 3667">
    <p class='ocr_par' dir='ltr' id='par_1_65' title="bbox 818 3596 2376 3667">
     <span class='ocr_line' id='line_1_65' title="bbox 818 3596 2376 3667; baseline -0.001 -13"><span class='ocrx_word' id='word_1_507' title='bbox 818 3599 1107 3659; x_wconf 84' lang='lat' dir='ltr'><strong>rationem.</strong></span> <span class='ocrx_word' id='word_1_508' title='bbox 1135 3598 1372 3667; x_wconf 83' lang='lat' dir='ltr'><strong>quandiu</strong></span> <span class='ocrx_word' id='word_1_509' title='bbox 1404 3598 1588 3651; x_wconf 88' lang='lat' dir='ltr'><strong>dictus</strong></span> <span class='ocrx_word' id='word_1_510' title='bbox 1605 3596 1827 3665; x_wconf 83' lang='lat' dir='ltr'><strong>quidem</strong></span> <span class='ocrx_word' id='word_1_511' title='bbox 1851 3596 2093 3650; x_wconf 73' lang='lat' dir='ltr'><strong>Halchus</strong></span> <span class='ocrx_word' id='word_1_512' title='bbox 2115 3599 2376 3652; x_wconf 77' lang='lat' dir='ltr'><strong>metieba-</strong></span> 
     </span>
    </p>
   </div>
   <div class='ocr_carea' id='block_1_66' title="bbox 819 3687 2378 3753">
    <p class='ocr_par' dir='ltr' id='par_1_66' title="bbox 819 3687 2378 3753">
     <span class='ocr_line' id='line_1_66' title="bbox 819 3687 2378 3753; baseline -0.001 -10"><span class='ocrx_word' id='word_1_513' title='bbox 819 3701 908 3745; x_wconf 90' lang='lat' dir='ltr'><strong>tur</strong></span> <span class='ocrx_word' id='word_1_514' title='bbox 959 3690 1289 3743; x_wconf 79' lang='lat' dir='ltr'><strong>Irumentum</strong></span> <span class='ocrx_word' id='word_1_515' title='bbox 1325 3689 1610 3742; x_wconf 76' lang='lat' dir='ltr'><strong>videbatur</strong></span> <span class='ocrx_word' id='word_1_516' title='bbox 1638 3687 1891 3753; x_wconf 89' lang='lat' dir='ltr'><strong>diminui,</strong></span> <span class='ocrx_word' id='word_1_517' title='bbox 1923 3699 1978 3741; x_wconf 87' lang='lat' dir='ltr'><strong>et</strong></span> <span class='ocrx_word' id='word_1_518' title='bbox 2007 3688 2200 3742; x_wconf 86' lang='lat' dir='ltr'><strong>minari</strong></span> <span class='ocrx_word' id='word_1_519' title='bbox 2226 3689 2378 3742; x_wconf 84' lang='lat' dir='ltr'><strong>lutu-</strong></span> 
     </span>
    </p>
   </div>
   <div class='ocr_carea' id='block_1_67' title="bbox 819 3779 2375 3851">
    <p class='ocr_par' dir='ltr' id='par_1_67' title="bbox 819 3779 2375 3851">
     <span class='ocr_line' id='line_1_67' title="bbox 819 3779 2375 3851; baseline -0.001 -14"><span class='ocrx_word' id='word_1_520' title='bbox 819 3797 934 3837; x_wconf 81' lang='lat' dir='ltr'><strong>ram</strong></span> <span class='ocrx_word' id='word_1_521' title='bbox 965 3798 1086 3835; x_wconf 76' lang='lat' dir='ltr'><strong>mox</strong></span> <span class='ocrx_word' id='word_1_522' title='bbox 1114 3790 1433 3850; x_wconf 82' lang='lat' dir='ltr'><strong>egestatem.</strong></span> <span class='ocrx_word' id='word_1_523' title='bbox 1463 3779 1602 3834; x_wconf 91' lang='lat' dir='ltr'><strong>Cum</strong></span> <span class='ocrx_word' id='word_1_524' title='bbox 1655 3788 1836 3833; x_wconf 89' lang='lat' dir='ltr'><strong>autem</strong></span> <span class='ocrx_word' id='word_1_525' title='bbox 1883 3780 2148 3848; x_wconf 85' lang='lat' dir='ltr'><strong>postridie</strong></span> <span class='ocrx_word' id='word_1_526' title='bbox 2191 3782 2375 3851; x_wconf 79' lang='lat' dir='ltr'><strong>ingre-</strong></span> 
     </span>
    </p>
   </div>
   <div class='ocr_carea' id='block_1_68' title="bbox 819 3871 2374 3942">
    <p class='ocr_par' dir='ltr' id='par_1_68' title="bbox 819 3871 2374 3942">
     <span class='ocr_line' id='line_1_68' title="bbox 819 3871 2374 3942; baseline 0.001 -13"><span class='ocrx_word' id='word_1_527' title='bbox 819 3873 1066 3935; x_wconf 83' lang='lat' dir='ltr'><strong>deretur.</strong></span> <span class='ocrx_word' id='word_1_528' title='bbox 1093 3873 1283 3927; x_wconf 83' lang='lat' dir='ltr'><strong>eadem</strong></span> <span class='ocrx_word' id='word_1_529' title='bbox 1317 3871 1636 3939; x_wconf 75' lang='lat' dir='ltr'><strong>magnitudo</strong></span> <span class='ocrx_word' id='word_1_530' title='bbox 1688 3881 1810 3926; x_wconf 88' lang='lat' dir='ltr'><strong>erat</strong></span> <span class='ocrx_word' id='word_1_531' title='bbox 1849 3881 1905 3926; x_wconf 91' lang='lat' dir='ltr'><strong>et</strong></span> <span class='ocrx_word' id='word_1_532' title='bbox 1933 3871 2075 3926; x_wconf 90' lang='lat' dir='ltr'><strong>idem</strong></span> <span class='ocrx_word' id='word_1_533' title='bbox 2100 3874 2374 3942; x_wconf 87' lang='lat' dir='ltr'><strong>cumulus,</strong></span> 
     </span>
    </p>
   </div>
   <div class='ocr_carea' id='block_1_69' title="bbox 819 3963 2377 4035">
    <p class='ocr_par' dir='ltr' id='par_1_69' title="bbox 819 3963 2377 4035">
     <span class='ocr_line' id='line_1_69' title="bbox 819 3963 2377 4035; baseline 0 -13"><span class='ocrx_word' id='word_1_534' title='bbox 819 3974 875 4022; x_wconf 82' lang='lat' dir='ltr'><strong>et</strong></span> <span class='ocrx_word' id='word_1_535' title='bbox 899 3966 1188 4035; x_wconf 88' lang='lat' dir='ltr'><strong>apparebat</strong></span> <span class='ocrx_word' id='word_1_536' title='bbox 1215 3964 1463 4034; x_wconf 87' lang='lat' dir='ltr'><strong>perinde,</strong></span> <span class='ocrx_word' id='word_1_537' title='bbox 1502 3978 1567 4018; x_wconf 91' lang='lat' dir='ltr'><strong>ac</strong></span> <span class='ocrx_word' id='word_1_538' title='bbox 1618 3963 1665 4018; x_wconf 92' lang='lat' dir='ltr'><strong>si</strong></span> <span class='ocrx_word' id='word_1_539' title='bbox 1695 3980 1766 4018; x_wconf 89' lang='lat' dir='ltr'><strong>ne</strong></span> <span class='ocrx_word' id='word_1_540' title='bbox 1797 3979 1988 4033; x_wconf 88' lang='lat' dir='ltr'><strong>parum</strong></span> <span class='ocrx_word' id='word_1_541' title='bbox 2048 3964 2179 4034; x_wconf 90' lang='lat' dir='ltr'><strong>quid</strong></span> <span class='ocrx_word' id='word_1_542' title='bbox 2232 3977 2377 4022; x_wconf 77' lang='lat' dir='ltr'><strong>esset</strong></span> 
     </span>
    </p>
   </div>
   <div class='ocr_carea' id='block_1_70' title="bbox 820 4057 2376 4130">
    <p class='ocr_par' dir='ltr' id='par_1_70' title="bbox 820 4057 2376 4130">
     <span class='ocr_line' id='line_1_70' title="bbox 820 4057 2376 4130; baseline 0.001 -17"><span class='ocrx_word' id='word_1_543' title='bbox 820 4059 1060 4113; x_wconf 86' lang='lat' dir='ltr'><strong>ablatum</strong></span> <span class='ocrx_word' id='word_1_544' title='bbox 1087 4059 1282 4128; x_wconf 87' lang='lat' dir='ltr'><strong>pridie.</strong></span> <span class='ocrx_word' id='word_1_545' title='bbox 1315 4058 1469 4124; x_wconf 84' lang='lat' dir='ltr'><strong>Quod</strong></span> <span class='ocrx_word' id='word_1_546' title='bbox 1493 4072 1625 4111; x_wconf 89' lang='lat' dir='ltr'><strong>vero</strong></span> <span class='ocrx_word' id='word_1_547' title='bbox 1655 4057 1770 4111; x_wconf 67' lang='lat' dir='ltr'><strong>haec</strong></span> <span class='ocrx_word' id='word_1_548' title='bbox 1795 4072 1902 4112; x_wconf 92' lang='lat' dir='ltr'><strong>non</strong></span> <span class='ocrx_word' id='word_1_549' title='bbox 1927 4060 2376 4130; x_wconf 83' lang='lat' dir='ltr'><strong>essentdeceptio</strong></span> 
     </span>
    </p>
   </div>
   <div class='ocr_carea' id='block_1_71' title="bbox 820 4147 2378 4216">
    <p class='ocr_par' dir='ltr' id='par_1_71' title="bbox 820 4147 2378 4216">
     <span class='ocr_line' id='line_1_71' title="bbox 820 4147 2378 4216; baseline 0.001 -11"><span class='ocrx_word' id='word_1_550' title='bbox 820 4150 1132 4209; x_wconf 85' lang='lat' dir='ltr'><strong>oculorum.</strong></span> <span class='ocrx_word' id='word_1_551' title='bbox 1167 4148 1327 4203; x_wconf 83' lang='lat' dir='ltr'><strong>Iidem</strong></span> <span class='ocrx_word' id='word_1_552' title='bbox 1367 4147 1498 4202; x_wconf 76' lang='lat' dir='ltr'><strong>facit</strong></span> <span class='ocrx_word' id='word_1_553' title='bbox 1532 4156 1765 4216; x_wconf 90' lang='lat' dir='ltr'><strong>tempus.</strong></span> <span class='ocrx_word' id='word_1_554' title='bbox 1807 4147 2019 4202; x_wconf 81' lang='lat' dir='ltr'><strong>Tandlu</strong></span> <span class='ocrx_word' id='word_1_555' title='bbox 2068 4152 2212 4203; x_wconf 90' lang='lat' dir='ltr'><strong>enim</strong></span> <span class='ocrx_word' id='word_1_556' title='bbox 2263 4151 2378 4206; x_wconf 81' lang='lat' dir='ltr'><strong>Iru-</strong></span> 
     </span>
    </p>
   </div>
   <div class='ocr_carea' id='block_1_72' title="bbox 819 4239 2375 4313">
    <p class='ocr_par' dir='ltr' id='par_1_72' title="bbox 819 4239 2375 4313">
     <span class='ocr_line' id='line_1_72' title="bbox 819 4239 2375 4313; baseline 0.002 -16"><span class='ocrx_word' id='word_1_557' title='bbox 819 4241 990 4296; x_wconf 87' lang='lat' dir='ltr'><strong>menti</strong></span> <span class='ocrx_word' id='word_1_558' title='bbox 1021 4240 1126 4295; x_wconf 79' lang='lat' dir='ltr'><strong>fuit</strong></span> <span class='ocrx_word' id='word_1_559' title='bbox 1145 4240 1249 4295; x_wconf 83' lang='lat' dir='ltr'><strong>hoc</strong></span> <span class='ocrx_word' id='word_1_560' title='bbox 1273 4239 1598 4296; x_wconf 82' lang='lat' dir='ltr'><strong>admirabile</strong></span> <span class='ocrx_word' id='word_1_561' title='bbox 1645 4249 1998 4309; x_wconf 83' lang='lat' dir='ltr'><strong>augmentum</strong></span> <span class='ocrx_word' id='word_1_562' title='bbox 2029 4253 2088 4296; x_wconf 91' lang='lat' dir='ltr'><strong>et</strong></span> <span class='ocrx_word' id='word_1_563' title='bbox 2107 4245 2375 4313; x_wconf 87' lang='lat' dir='ltr'><strong>acceptio,</strong></span> 
     </span>
    </p>
   </div>
   <div class='ocr_carea' id='block_1_73' title="bbox 819 4330 2378 4402">
    <p class='ocr_par' dir='ltr' id='par_1_73' title="bbox 819 4330 2378 4402">
     <span class='ocr_line' id='line_1_73' title="bbox 819 4330 2378 4402; baseline 0.004 -17"><span class='ocrx_word' id='word_1_564' title='bbox 819 4331 1065 4402; x_wconf 90' lang='lat' dir='ltr'><strong>quandiu</strong></span> <span class='ocrx_word' id='word_1_565' title='bbox 1099 4330 1297 4387; x_wconf 77' lang='lat' dir='ltr'><strong>mansit</strong></span> <span class='ocrx_word' id='word_1_566' title='bbox 1319 4331 1502 4402; x_wconf 87' lang='lat' dir='ltr'><strong>gravis</strong></span> <span class='ocrx_word' id='word_1_567' title='bbox 1525 4330 1613 4386; x_wconf 88' lang='lat' dir='ltr'><strong>illa</strong></span> <span class='ocrx_word' id='word_1_568' title='bbox 1635 4341 1692 4387; x_wconf 91' lang='lat' dir='ltr'><strong>et</strong></span> <span class='ocrx_word' id='word_1_569' title='bbox 1716 4332 1926 4387; x_wconf 75' lang='lat' dir='ltr'><strong>inﬁnita</strong></span> <span class='ocrx_word' id='word_1_570' title='bbox 1950 4332 2140 4389; x_wconf 78' lang='lat' dir='ltr'><strong>fames.</strong></span> <span class='ocrx_word' id='word_1_571' title='bbox 2156 4334 2264 4390; x_wconf 87' lang='lat' dir='ltr'><strong>Sed</strong></span> <span class='ocrx_word' id='word_1_572' title='bbox 2292 4335 2378 4392; x_wconf 82' lang='lat' dir='ltr'><strong>bis</strong></span> 
     </span>
    </p>
   </div>
   <div class='ocr_carea' id='block_1_74' title="bbox 817 4423 2377 4496">
    <p class='ocr_par' dir='ltr' id='par_1_74' title="bbox 817 4423 2377 4496">
     <span class='ocr_line' id='line_1_74' title="bbox 817 4423 2377 4496; baseline 0.008 -20"><span class='ocrx_word' id='word_1_573' title='bbox 817 4423 1040 4494; x_wconf 86' lang='lat' dir='ltr'><strong>quidem</strong></span> <span class='ocrx_word' id='word_1_574' title='bbox 1071 4423 1400 4484; x_wconf 85' lang='lat' dir='ltr'><strong>ostenditur.</strong></span> <span class='ocrx_word' id='word_1_575' title='bbox 1445 4435 1692 4480; x_wconf 89' lang='lat' dir='ltr'><strong>sanctum</strong></span> <span class='ocrx_word' id='word_1_576' title='bbox 1732 4435 1790 4481; x_wconf 91' lang='lat' dir='ltr'><strong>et</strong></span> <span class='ocrx_word' id='word_1_577' title='bbox 1815 4426 2078 4482; x_wconf 86' lang='lat' dir='ltr'><strong>nutriisse</strong></span> <span class='ocrx_word' id='word_1_578' title='bbox 2105 4428 2286 4496; x_wconf 91' lang='lat' dir='ltr'><strong>vivos,</strong></span> <span class='ocrx_word' id='word_1_579' title='bbox 2319 4441 2377 4488; x_wconf 83' lang='lat' dir='ltr'><strong>et</strong></span> 
     </span>
    </p>
   </div>
   <div class='ocr_carea' id='block_1_75' title="bbox 2475 3239 4044 3322">
    <p class='ocr_par' dir='ltr' id='par_1_75' title="bbox 2475 3239 4044 3322">
     <span class='ocr_line' id='line_1_75' title="bbox 2475 3239 4044 3322; baseline -0.018 -13"><span class='ocrx_word' id='word_1_580' title='bbox 2475 3259 2695 3322; x_wconf 75' lang='grc' dir='ltr'>ἠργετο·</span> <span class='ocrx_word' id='word_1_581' title='bbox 2728 3253 2820 3305; x_wconf 64' lang='grc' dir='ltr'>καὶ</span> <span class='ocrx_word' id='word_1_582' title='bbox 2853 3251 2914 3304; x_wconf 76' lang='grc' dir='ltr'>τὸ</span> <span class='ocrx_word' id='word_1_583' title='bbox 2944 3250 3001 3302; x_wconf 72' lang='grc' dir='ltr'>δὲ</span> <span class='ocrx_word' id='word_1_584' title='bbox 3032 3247 3347 3318; x_wconf 81' lang='grc' dir='ltr'>θαυμαστὸν</span> <span class='ocrx_word' id='word_1_585' title='bbox 3369 3247 3462 3298; x_wconf 74' lang='grc' dir='ltr'>καὶ</span> <span class='ocrx_word' id='word_1_586' title='bbox 3485 3245 3646 3311; x_wconf 80' lang='grc' dir='ltr'>λόγου</span> <span class='ocrx_word' id='word_1_587' title='bbox 3667 3241 3866 3302; x_wconf 70' lang='grc' dir='ltr'>παντὸς</span> <span class='ocrx_word' id='word_1_588' title='bbox 3897 3239 4044 3308; x_wconf 67' lang='grc' dir='ltr'><strong>ὕψη-</strong></span> 
     </span>
    </p>
   </div>
   <div class='ocr_carea' id='block_1_76' title="bbox 2477 3332 4045 3414">
    <p class='ocr_par' dir='ltr' id='par_1_76' title="bbox 2477 3332 4045 3414">
     <span class='ocr_line' id='line_1_76' title="bbox 2477 3332 4045 3414; baseline -0.009 -17"><span class='ocrx_word' id='word_1_589' title='bbox 2477 3347 2714 3414; x_wconf 83' lang='grc' dir='ltr'>λότερον,</span> <span class='ocrx_word' id='word_1_590' title='bbox 2748 3344 2851 3403; x_wconf 69' lang='lat' dir='ltr'><strong>tto;</strong></span> <span class='ocrx_word' id='word_1_591' title='bbox 2885 3341 2986 3410; x_wconf 70' lang='grc' dir='ltr'><strong>μέν</strong></span> <span class='ocrx_word' id='word_1_592' title='bbox 3007 3343 3035 3394; x_wconf 87' lang='grc' dir='ltr'><strong>ό</strong></span> <span class='ocrx_word' id='word_1_593' title='bbox 3061 3338 3319 3406; x_wconf 77' lang='grc' dir='ltr'>δηλωθεὶς</span> <span class='ocrx_word' id='word_1_594' title='bbox 3362 3336 3578 3405; x_wconf 69' lang='grc' dir='ltr'>Μάλχος</span> <span class='ocrx_word' id='word_1_595' title='bbox 3603 3336 3852 3402; x_wconf 66' lang='grc' dir='ltr'>ἐμέτρει,</span> <span class='ocrx_word' id='word_1_596' title='bbox 3882 3332 4045 3385; x_wconf 74' lang='grc' dir='ltr'>ὶλατ-</span> 
     </span>
    </p>
   </div>
   <div class='ocr_carea' id='block_1_77' title="bbox 2473 3423 4030 3503">
    <p class='ocr_par' dir='ltr' id='par_1_77' title="bbox 2473 3423 4030 3503">
     <span class='ocr_line' id='line_1_77' title="bbox 2473 3423 4030 3503; baseline -0.01 -14"><span class='ocrx_word' id='word_1_597' title='bbox 2473 3436 2733 3503; x_wconf 83' lang='grc' dir='ltr'>τούμενόν</span> <span class='ocrx_word' id='word_1_598' title='bbox 2773 3449 2831 3485; x_wconf 85' lang='grc' dir='ltr'><strong>τε</strong></span> <span class='ocrx_word' id='word_1_599' title='bbox 2875 3433 2968 3484; x_wconf 77' lang='grc' dir='ltr'>τὸν</span> <span class='ocrx_word' id='word_1_600' title='bbox 3023 3433 3166 3482; x_wconf 83' lang='grc' dir='ltr'>σῖτον</span> <span class='ocrx_word' id='word_1_601' title='bbox 3213 3429 3359 3498; x_wconf 82' lang='grc' dir='ltr'>έὼρα</span> <span class='ocrx_word' id='word_1_602' title='bbox 3415 3428 3511 3480; x_wconf 74' lang='grc' dir='ltr'><strong>καὶ</strong></span> <span class='ocrx_word' id='word_1_603' title='bbox 3559 3423 3886 3478; x_wconf 77' lang='grc' dir='ltr'>ἀπειλοῦντα</span> <span class='ocrx_word' id='word_1_604' title='bbox 3913 3423 4030 3474; x_wconf 69' lang='grc' dir='ltr'>δσσι</span> 
     </span>
    </p>
   </div>
   <div class='ocr_carea' id='block_1_78' title="bbox 2473 3511 4038 3594">
    <p class='ocr_par' dir='ltr' id='par_1_78' title="bbox 2473 3511 4038 3594">
     <span class='ocr_line' id='line_1_78' title="bbox 2473 3511 4038 3594; baseline -0.01 -16"><span class='ocrx_word' id='word_1_605' title='bbox 2473 3525 2628 3578; x_wconf 74' lang='grc' dir='ltr'>οὔπω</span> <span class='ocrx_word' id='word_1_606' title='bbox 2657 3525 2775 3594; x_wconf 78' lang='grc' dir='ltr'>τὴν</span> <span class='ocrx_word' id='word_1_607' title='bbox 2811 3522 3039 3584; x_wconf 70' lang='grc' dir='ltr'>ἔνδειαν,</span> <span class='ocrx_word' id='word_1_608' title='bbox 3066 3519 3189 3571; x_wconf 68' lang='lat' dir='ltr'><strong>hui</strong></span> <span class='ocrx_word' id='word_1_609' title='bbox 3227 3519 3283 3570; x_wconf 67' lang='grc' dir='ltr'><strong>δέ</strong></span> <span class='ocrx_word' id='word_1_610' title='bbox 3327 3517 3427 3584; x_wconf 85' lang='grc' dir='ltr'>τῆς</span> <span class='ocrx_word' id='word_1_611' title='bbox 3453 3513 3744 3584; x_wconf 81' lang='grc' dir='ltr'>ύστεραίας</span> <span class='ocrx_word' id='word_1_612' title='bbox 3774 3511 3968 3572; x_wconf 81' lang='grc' dir='ltr'>είσίοι,</span> <span class='ocrx_word' id='word_1_613' title='bbox 4011 3513 4038 3563; x_wconf 93' lang='lat'><strong>6</strong></span> 
     </span>
    </p>
   </div>
   <div class='ocr_carea' id='block_1_79' title="bbox 2475 3601 4039 3684">
    <p class='ocr_par' dir='ltr' id='par_1_79' title="bbox 2475 3601 4039 3684">
     <span class='ocr_line' id='line_1_79' title="bbox 2475 3601 4039 3684; baseline -0.011 -15"><span class='ocrx_word' id='word_1_614' title='bbox 2475 3616 2635 3678; x_wconf 79' lang='grc' dir='ltr'>αὐτὸς</span> <span class='ocrx_word' id='word_1_615' title='bbox 2666 3611 2733 3684; x_wconf 75' lang='grc' dir='ltr'>ἦν</span> <span class='ocrx_word' id='word_1_616' title='bbox 2758 3613 2920 3679; x_wconf 80' lang='grc' dir='ltr'>δγκος</span> <span class='ocrx_word' id='word_1_617' title='bbox 2945 3626 3006 3662; x_wconf 87' lang='grc' dir='ltr'><strong>τε</strong></span> <span class='ocrx_word' id='word_1_618' title='bbox 3025 3610 3120 3663; x_wconf 78' lang='grc' dir='ltr'><strong>καὶ</strong></span> <span class='ocrx_word' id='word_1_619' title='bbox 3153 3607 3328 3678; x_wconf 67' lang='grc' dir='ltr'>σωρὸς</span> <span class='ocrx_word' id='word_1_620' title='bbox 3356 3608 3450 3660; x_wconf 73' lang='grc' dir='ltr'><strong>καὶ</strong></span> <span class='ocrx_word' id='word_1_621' title='bbox 3479 3605 3668 3673; x_wconf 80' lang='grc' dir='ltr'>ὥσπερ</span> <span class='ocrx_word' id='word_1_622' title='bbox 3693 3603 3813 3656; x_wconf 72' lang='grc' dir='ltr'>οὐδὲ</span> <span class='ocrx_word' id='word_1_623' title='bbox 3841 3601 4039 3672; x_wconf 70' lang='grc' dir='ltr'>μικρὸν</span> 
     </span>
    </p>
   </div>
   <div class='ocr_carea' id='block_1_80' title="bbox 2476 3691 4039 3776">
    <p class='ocr_par' dir='ltr' id='par_1_80' title="bbox 2476 3691 4039 3776">
     <span class='ocr_line' id='line_1_80' title="bbox 2476 3691 4039 3776; baseline -0.01 -18"><span class='ocrx_word' id='word_1_624' title='bbox 2476 3707 2601 3776; x_wconf 76' lang='grc' dir='ltr'>χθὲς</span> <span class='ocrx_word' id='word_1_625' title='bbox 2631 3701 3012 3773; x_wconf 77' lang='grc' dir='ltr'>ύφαιρεθέντος</span> <span class='ocrx_word' id='word_1_626' title='bbox 3047 3699 3339 3759; x_wconf 85' lang='grc' dir='ltr'>έδείκνυτο.</span> <span class='ocrx_word' id='word_1_627' title='bbox 3398 3693 3586 3748; x_wconf 82' lang='grc' dir='ltr'>ταῦτα</span> <span class='ocrx_word' id='word_1_628' title='bbox 3609 3695 3682 3756; x_wconf 81' lang='grc' dir='ltr'>ὡς</span> <span class='ocrx_word' id='word_1_629' title='bbox 3715 3695 3815 3746; x_wconf 76' lang='grc' dir='ltr'><strong>οὐκ</strong></span> <span class='ocrx_word' id='word_1_630' title='bbox 3836 3691 4039 3759; x_wconf 72' lang='grc' dir='ltr'>ὀφθαλ-</span> 
     </span>
    </p>
   </div>
   <div class='ocr_carea' id='block_1_81' title="bbox 2480 3784 4038 3866">
    <p class='ocr_par' dir='ltr' id='par_1_81' title="bbox 2480 3784 4038 3866">
     <span class='ocr_line' id='line_1_81' title="bbox 2480 3784 4038 3866; baseline -0.01 -17"><span class='ocrx_word' id='word_1_631' title='bbox 2480 3797 2597 3866; x_wconf 79' lang='grc' dir='ltr'>μῶν</span> <span class='ocrx_word' id='word_1_632' title='bbox 2639 3790 2707 3864; x_wconf 82' lang='grc' dir='ltr'>ἦν</span> <span class='ocrx_word' id='word_1_633' title='bbox 2759 3793 2931 3853; x_wconf 69' lang='grc' dir='ltr'>ἄλλως</span> <span class='ocrx_word' id='word_1_634' title='bbox 2965 3793 3175 3860; x_wconf 77' lang='grc' dir='ltr'>ἀπάτη,</span> <span class='ocrx_word' id='word_1_635' title='bbox 3215 3789 3396 3850; x_wconf 79' lang='grc' dir='ltr'>πίστις</span> <span class='ocrx_word' id='word_1_636' title='bbox 3419 3789 3448 3841; x_wconf 93' lang='lat'><strong>6</strong></span> <span class='ocrx_word' id='word_1_637' title='bbox 3480 3787 3694 3857; x_wconf 84' lang='grc' dir='ltr'>χρόνος.</span> <span class='ocrx_word' id='word_1_638' title='bbox 3720 3786 3900 3854; x_wconf 79' lang='grc' dir='ltr'>Μέχρι</span> <span class='ocrx_word' id='word_1_639' title='bbox 3930 3784 4038 3850; x_wconf 67' lang='grc' dir='ltr'><strong>γὰρ</strong></span> 
     </span>
    </p>
   </div>
   <div class='ocr_carea' id='block_1_82' title="bbox 2471 3877 4040 3954">
    <p class='ocr_par' dir='ltr' id='par_1_82' title="bbox 2471 3877 4040 3954">
     <span class='ocr_line' id='line_1_82' title="bbox 2471 3877 4040 3954; baseline -0.01 -12"><span class='ocrx_word' id='word_1_640' title='bbox 2471 3887 2730 3942; x_wconf 82' lang='grc' dir='ltr'>τοσούτου</span> <span class='ocrx_word' id='word_1_641' title='bbox 2780 3885 2858 3954; x_wconf 81' lang='grc' dir='ltr'>τῷ</span> <span class='ocrx_word' id='word_1_642' title='bbox 2891 3885 3023 3952; x_wconf 85' lang='grc' dir='ltr'>σίτῳ</span> <span class='ocrx_word' id='word_1_643' title='bbox 3055 3884 3088 3953; x_wconf 74' lang='grc' dir='ltr'>ἡ</span> <span class='ocrx_word' id='word_1_644' title='bbox 3122 3883 3361 3952; x_wconf 70' lang='grc' dir='ltr'>ἄρρητος</span> <span class='ocrx_word' id='word_1_645' title='bbox 3410 3879 3551 3948; x_wconf 76' lang='grc' dir='ltr'>αὕτη</span> <span class='ocrx_word' id='word_1_646' title='bbox 3581 3877 3823 3939; x_wconf 73' lang='grc' dir='ltr'>ἐπίδοσίς</span> <span class='ocrx_word' id='word_1_647' title='bbox 3853 3893 3914 3929; x_wconf 86' lang='grc' dir='ltr'><strong>τε</strong></span> <span class='ocrx_word' id='word_1_648' title='bbox 3947 3878 4040 3929; x_wconf 80' lang='grc' dir='ltr'>καὶ</span> 
     </span>
    </p>
   </div>
   <div class='ocr_carea' id='block_1_83' title="bbox 2476 3966 4044 4050">
    <p class='ocr_par' dir='ltr' id='par_1_83' title="bbox 2476 3966 4044 4050">
     <span class='ocr_line' id='line_1_83' title="bbox 2476 3966 4044 4050; baseline -0.009 -16"><span class='ocrx_word' id='word_1_649' title='bbox 2476 3979 2703 4050; x_wconf 74' lang='grc' dir='ltr'>αὔξησις</span> <span class='ocrx_word' id='word_1_650' title='bbox 2735 3977 2927 4047; x_wconf 78' lang='grc' dir='ltr'>μέχρις</span> <span class='ocrx_word' id='word_1_651' title='bbox 2955 3966 3018 4029; x_wconf 71' lang='grc' dir='ltr'>οὗ</span> <span class='ocrx_word' id='word_1_652' title='bbox 3060 3975 3154 4027; x_wconf 77' lang='grc' dir='ltr'><strong>καὶ</strong></span> <span class='ocrx_word' id='word_1_653' title='bbox 3185 3975 3215 4026; x_wconf 91' lang='lat'><strong>6</strong></span> <span class='ocrx_word' id='word_1_654' title='bbox 3245 3973 3470 4040; x_wconf 71' lang='grc' dir='ltr'>ἄπειρος</span> <span class='ocrx_word' id='word_1_655' title='bbox 3518 3973 3725 4031; x_wconf 79' lang='grc' dir='ltr'>έκεῖνος</span> <span class='ocrx_word' id='word_1_656' title='bbox 3755 3971 3850 4022; x_wconf 82' lang='grc' dir='ltr'><strong>καὶ</strong></span> <span class='ocrx_word' id='word_1_657' title='bbox 3882 3968 4044 4038; x_wconf 74' lang='grc' dir='ltr'>χαλε-</span> 
     </span>
    </p>
   </div>
   <div class='ocr_carea' id='block_1_84' title="bbox 2477 4058 4042 4137">
    <p class='ocr_par' dir='ltr' id='par_1_84' title="bbox 2477 4058 4042 4137">
     <span class='ocr_line' id='line_1_84' title="bbox 2477 4058 4042 4137; baseline -0.01 -13"><span class='ocrx_word' id='word_1_658' title='bbox 2477 4072 2575 4134; x_wconf 74' lang='grc' dir='ltr'><strong>πὸς</strong></span> <span class='ocrx_word' id='word_1_659' title='bbox 2603 4072 2783 4137; x_wconf 62' lang='grc' dir='ltr'>ἐπεῖχε</span> <span class='ocrx_word' id='word_1_660' title='bbox 2811 4064 2988 4133; x_wconf 76' lang='grc' dir='ltr'>λιμός.</span> <span class='ocrx_word' id='word_1_661' title='bbox 3030 4063 3192 4117; x_wconf 65' lang='grc' dir='ltr'>Ἀλλὰ</span> <span class='ocrx_word' id='word_1_662' title='bbox 3240 4061 3411 4115; x_wconf 82' lang='grc' dir='ltr'>ταῦτα</span> <span class='ocrx_word' id='word_1_663' title='bbox 3471 4061 3569 4129; x_wconf 67' lang='grc' dir='ltr'><strong>μιν</strong></span> <span class='ocrx_word' id='word_1_664' title='bbox 3618 4061 3735 4112; x_wconf 67' lang='lat' dir='ltr'><strong>{cm</strong></span> <span class='ocrx_word' id='word_1_665' title='bbox 3766 4058 4042 4112; x_wconf 72' lang='grc' dir='ltr'>δεικνύειν</span> 
     </span>
    </p>
   </div>
   <div class='ocr_carea' id='block_1_85' title="bbox 2479 4147 4042 4222">
    <p class='ocr_par' dir='ltr' id='par_1_85' title="bbox 2479 4147 4042 4222">
     <span class='ocr_line' id='line_1_85' title="bbox 2479 4147 4042 4222; baseline -0.009 -10"><span class='ocrx_word' id='word_1_666' title='bbox 2479 4159 2683 4222; x_wconf 84' lang='grc' dir='ltr'>ζῶντας</span> <span class='ocrx_word' id='word_1_667' title='bbox 2706 4155 2799 4209; x_wconf 80' lang='grc' dir='ltr'><strong>τδν</strong></span> <span class='ocrx_word' id='word_1_668' title='bbox 2825 4155 2984 4222; x_wconf 77' lang='grc' dir='ltr'>ἅγιον</span> <span class='ocrx_word' id='word_1_669' title='bbox 3016 4151 3328 4220; x_wconf 74' lang='grc' dir='ltr'>διατρέφειν</span> <span class='ocrx_word' id='word_1_670' title='bbox 3355 4150 3450 4203; x_wconf 82' lang='grc' dir='ltr'><strong>καὶ</strong></span> <span class='ocrx_word' id='word_1_671' title='bbox 3483 4148 3902 4210; x_wconf 74' lang='grc' dir='ltr'>κινδυνεύοντας</span> <span class='ocrx_word' id='word_1_672' title='bbox 3922 4147 4042 4200; x_wconf 81' lang='grc' dir='ltr'>δια-</span> 
     </span>
    </p>
   </div>
   <div class='ocr_carea' id='block_1_86' title="bbox 2481 4239 4043 4313">
    <p class='ocr_par' dir='ltr' id='par_1_86' title="bbox 2481 4239 4043 4313">
     <span class='ocr_line' id='line_1_86' title="bbox 2481 4239 4043 4313; baseline -0.013 -7"><span class='ocrx_word' id='word_1_673' title='bbox 2481 4247 2714 4313; x_wconf 74' lang='grc' dir='ltr'>σώζεινο</span> <span class='ocrx_word' id='word_1_674' title='bbox 2749 4249 2899 4309; x_wconf 75' lang='grc' dir='ltr'>ποῖος</span> <span class='ocrx_word' id='word_1_675' title='bbox 2925 4245 2981 4299; x_wconf 70' lang='grc' dir='ltr'><strong>δέ</strong></span> <span class='ocrx_word' id='word_1_676' title='bbox 3003 4247 3096 4297; x_wconf 83' lang='grc' dir='ltr'>καὶ</span> <span class='ocrx_word' id='word_1_677' title='bbox 3126 4243 3355 4312; x_wconf 80' lang='grc' dir='ltr'>νεκροὺς</span> <span class='ocrx_word' id='word_1_678' title='bbox 3389 4241 3626 4312; x_wconf 76' lang='grc' dir='ltr'>έγείρειν</span> <span class='ocrx_word' id='word_1_679' title='bbox 3658 4240 3753 4293; x_wconf 74' lang='grc' dir='ltr'>καὶ</span> <span class='ocrx_word' id='word_1_680' title='bbox 3777 4239 4043 4308; x_wconf 81' lang='grc' dir='ltr'>δαίμονας</span> 
     </span>
    </p>
   </div>
   <div class='ocr_carea' id='block_1_87' title="bbox 2479 4328 4043 4406">
    <p class='ocr_par' dir='ltr' id='par_1_87' title="bbox 2479 4328 4043 4406">
     <span class='ocr_line' id='line_1_87' title="bbox 2479 4328 4043 4406; baseline -0.009 -9"><span class='ocrx_word' id='word_1_681' title='bbox 2479 4339 2805 4398; x_wconf 76' lang='grc' dir='ltr'>ἀπελαύνειν</span> <span class='ocrx_word' id='word_1_682' title='bbox 2833 4339 2862 4391; x_wconf 88' lang='lat'><strong>6</strong></span> <span class='ocrx_word' id='word_1_683' title='bbox 2896 4335 3068 4406; x_wconf 83' lang='grc' dir='ltr'>μέγας</span> <span class='ocrx_word' id='word_1_684' title='bbox 3097 4328 3254 4394; x_wconf 73' lang='grc' dir='ltr'>οὗτος</span> <span class='ocrx_word' id='word_1_685' title='bbox 3282 4330 3598 4402; x_wconf 78' lang='grc' dir='ltr'>έτύγχανεν,</span> <span class='ocrx_word' id='word_1_686' title='bbox 3635 4329 3919 4401; x_wconf 76' lang='grc' dir='ltr'>αὕτίκαδὴ</span> <span class='ocrx_word' id='word_1_687' title='bbox 3948 4330 4043 4384; x_wconf 73' lang='grc' dir='ltr'><strong>καὶ</strong></span> 
     </span>
    </p>
   </div>
   <div class='ocr_carea' id='block_1_88' title="bbox 2481 4430 2800 4504">
    <p class='ocr_par' dir='ltr' id='par_1_88' title="bbox 2481 4430 2800 4504">
     <span class='ocr_line' id='line_1_88' title="bbox 2481 4430 2800 4504; baseline -0.009 -21"><span class='ocrx_word' id='word_1_688' title='bbox 2481 4430 2800 4504; x_wconf 72' lang='grc' dir='ltr'>ῥηθήσεται.</span> 
     </span>
    </p>
   </div>
   <div class='ocr_carea' id='block_1_89' title="bbox 817 4511 4038 4587">
    <p class='ocr_par' dir='ltr' id='par_1_89' title="bbox 817 4511 4038 4587">
     <span class='ocr_line' id='line_1_89' title="bbox 817 4511 4038 4587; baseline -0.002 -14"><span class='ocrx_word' id='word_1_689' title='bbox 817 4531 1174 4573; x_wconf 85' lang='lat' dir='ltr'><strong>conservasse</strong></span> <span class='ocrx_word' id='word_1_690' title='bbox 1203 4533 1300 4572; x_wconf 86' lang='lat' dir='ltr'><strong>eos</strong></span> <span class='ocrx_word' id='word_1_691' title='bbox 1331 4516 1425 4586; x_wconf 89' lang='lat' dir='ltr'><strong>qui</strong></span> <span class='ocrx_word' id='word_1_692' title='bbox 1451 4516 1684 4576; x_wconf 84' lang='lat' dir='ltr'><strong>erantin</strong></span> <span class='ocrx_word' id='word_1_693' title='bbox 1709 4519 1975 4587; x_wconf 87' lang='lat' dir='ltr'><strong>periculo.</strong></span> <span class='ocrx_word' id='word_1_694' title='bbox 2040 4518 2602 4586; x_wconf 83' lang='lat' dir='ltr'><strong>Quemadmomodum</strong></span> <span class='ocrx_word' id='word_1_695' title='bbox 2655 4526 2838 4575; x_wconf 88' lang='lat' dir='ltr'><strong>autem</strong></span> <span class='ocrx_word' id='word_1_696' title='bbox 2879 4530 2939 4571; x_wconf 85' lang='lat' dir='ltr'><strong>se</strong></span> <span class='ocrx_word' id='word_1_697' title='bbox 2991 4513 3228 4585; x_wconf 83' lang='lat' dir='ltr'><strong>gesserit</strong></span> <span class='ocrx_word' id='word_1_698' title='bbox 3260 4521 3484 4569; x_wconf 87' lang='lat' dir='ltr'><strong>sanctus</strong></span> <span class='ocrx_word' id='word_1_699' title='bbox 3524 4511 3833 4569; x_wconf 80' lang='lat' dir='ltr'><strong>excitandis</strong></span> <span class='ocrx_word' id='word_1_700' title='bbox 3888 4527 4038 4568; x_wconf 68' lang='lat' dir='ltr'><strong>moro</strong></span> 
     </span>
    </p>
   </div>
   <div class='ocr_carea' id='block_1_90' title="bbox 819 4609 2188 4680">
    <p class='ocr_par' dir='ltr' id='par_1_90' title="bbox 819 4609 2188 4680">
     <span class='ocr_line' id='line_1_90' title="bbox 819 4609 2188 4680; baseline 0.001 -14"><span class='ocrx_word' id='word_1_701' title='bbox 819 4612 931 4666; x_wconf 90' lang='lat' dir='ltr'><strong>tuis</strong></span> <span class='ocrx_word' id='word_1_702' title='bbox 987 4617 1043 4662; x_wconf 91' lang='lat' dir='ltr'><strong>et</strong></span> <span class='ocrx_word' id='word_1_703' title='bbox 1064 4609 1316 4680; x_wconf 71' lang='lat' dir='ltr'><strong>iugandis</strong></span> <span class='ocrx_word' id='word_1_704' title='bbox 1341 4609 1698 4674; x_wconf 72' lang='lat' dir='ltr'><strong>daemonibus,</strong></span> <span class='ocrx_word' id='word_1_705' title='bbox 1734 4612 1916 4665; x_wconf 89' lang='lat' dir='ltr'><strong>statim</strong></span> <span class='ocrx_word' id='word_1_706' title='bbox 1955 4611 2188 4669; x_wconf 89' lang='lat' dir='ltr'><strong>dicetur.</strong></span> 
     </span>
    </p>
   </div>
   <div class='ocr_carea' id='block_1_91' title="bbox 886 4691 2561 4774">
    <p class='ocr_par' dir='ltr' id='par_1_91' title="bbox 886 4700 2561 4774">
     <span class='ocr_line' id='line_1_91' title="bbox 886 4700 2561 4774; baseline 0.002 -17"><span class='ocrx_word' id='word_1_707' title='bbox 886 4702 1102 4757; x_wconf 75' lang='lat' dir='ltr'><strong>XXVII.</strong></span> <span class='ocrx_word' id='word_1_708' title='bbox 1138 4700 1458 4771; x_wconf 67' lang='lat' dir='ltr'><strong>Egrotabat</strong></span> <span class='ocrx_word' id='word_1_709' title='bbox 1478 4702 1725 4770; x_wconf 88' lang='lat' dir='ltr'><strong>quidam,</strong></span> <span class='ocrx_word' id='word_1_710' title='bbox 1749 4705 1880 4759; x_wconf 89' lang='lat' dir='ltr'><strong>etin</strong></span> <span class='ocrx_word' id='word_1_711' title='bbox 1904 4706 2047 4760; x_wconf 88' lang='lat' dir='ltr'><strong>lecto</strong></span> <span class='ocrx_word' id='word_1_712' title='bbox 2076 4706 2374 4765; x_wconf 86' lang='lat' dir='ltr'><strong>decumbe-</strong></span> <span class='ocrx_word' id='word_1_713' title='bbox 2398 4715 2453 4774; x_wconf 86' lang='lat' dir='ltr'><strong>D</strong></span> <span class='ocrx_word' id='word_1_714' title='bbox 2550 4708 2561 4760; x_wconf 93' lang='lat' dir='ltr'><strong>l</strong></span> 
     </span>
    </p>
   </div>
   <div class='ocr_carea' id='block_1_92' title="bbox 2359 4691 4034 4774">
    <p class='ocr_par' dir='ltr' id='par_1_92' title="bbox 2359 4691 4034 4774">
     <span class='ocr_line' id='line_1_92' title="bbox 2359 4691 4034 4774; baseline -0.01 -10"><span class='ocrx_word' id='word_1_715' title='bbox 2359 4739 2374 4751; x_wconf 86' lang='lat'><strong>-</strong></span> <span class='ocrx_word' id='word_1_716' title='bbox 2398 4715 2453 4774; x_wconf 85' lang='lat' dir='ltr'><strong>D</strong></span> <span class='ocrx_word' id='word_1_717' title='bbox 2550 4705 2676 4760; x_wconf 67' lang='grc' dir='ltr'>κζ’.</span> <span class='ocrx_word' id='word_1_718' title='bbox 2705 4701 2895 4757; x_wconf 78' lang='grc' dir='ltr'>Νοσῶν</span> <span class='ocrx_word' id='word_1_719' title='bbox 2917 4715 3000 4761; x_wconf 90' lang='grc' dir='ltr'><strong>τις</strong></span> <span class='ocrx_word' id='word_1_720' title='bbox 3026 4691 3096 4768; x_wconf 77' lang='grc' dir='ltr'>ἦν</span> <span class='ocrx_word' id='word_1_721' title='bbox 3124 4696 3221 4749; x_wconf 80' lang='grc' dir='ltr'><strong>καὶ</strong></span> <span class='ocrx_word' id='word_1_722' title='bbox 3257 4694 3574 4766; x_wconf 73' lang='grc' dir='ltr'>κλινοπετὴς</span> <span class='ocrx_word' id='word_1_723' title='bbox 3605 4711 3776 4764; x_wconf 67' lang='grc' dir='ltr'>ονομα</span> <span class='ocrx_word' id='word_1_724' title='bbox 3805 4696 4034 4764; x_wconf 81' lang='grc' dir='ltr'>Παῦλος,</span> 
     </span>
    </p>
   </div>
   <div class='ocr_carea' id='block_1_93' title="bbox 820 4795 2378 4856">
    <p class='ocr_par' dir='ltr' id='par_1_93' title="bbox 820 4795 2378 4856">
     <span class='ocr_line' id='line_1_93' title="bbox 820 4795 2378 4856; baseline 0.004 -8"><span class='ocrx_word' id='word_1_725' title='bbox 820 4796 937 4856; x_wconf 86' lang='lat' dir='ltr'><strong>bat,</strong></span> <span class='ocrx_word' id='word_1_726' title='bbox 972 4795 1194 4849; x_wconf 86' lang='lat' dir='ltr'><strong>nomine</strong></span> <span class='ocrx_word' id='word_1_727' title='bbox 1219 4795 1446 4854; x_wconf 83' lang='lat' dir='ltr'><strong>Paulus.</strong></span> <span class='ocrx_word' id='word_1_728' title='bbox 1474 4795 1662 4849; x_wconf 76' lang='grc' dir='ltr'>Ιιεῑιίιυ</span> <span class='ocrx_word' id='word_1_729' title='bbox 1700 4797 2023 4852; x_wconf 82' lang='lat' dir='ltr'><strong>monachus.</strong></span> <span class='ocrx_word' id='word_1_730' title='bbox 2055 4798 2107 4854; x_wconf 90' lang='lat' dir='ltr'><strong>Is</strong></span> <span class='ocrx_word' id='word_1_731' title='bbox 2128 4815 2250 4854; x_wconf 91' lang='lat' dir='ltr'><strong>cum</strong></span> <span class='ocrx_word' id='word_1_732' title='bbox 2281 4817 2378 4855; x_wconf 59' lang='lat' dir='ltr'><strong>ex.</strong></span> 
     </span>
    </p>
   </div>
   <div class='ocr_carea' id='block_1_94' title="bbox 825 4885 2376 4955">
    <p class='ocr_par' dir='ltr' id='par_1_94' title="bbox 825 4885 2376 4955">
     <span class='ocr_line' id='line_1_94' title="bbox 825 4885 2376 4955; baseline 0.001 -14"><span class='ocrx_word' id='word_1_733' title='bbox 825 4897 1060 4942; x_wconf 88' lang='lat' dir='ltr'><strong>tremum</strong></span> <span class='ocrx_word' id='word_1_734' title='bbox 1091 4885 1201 4955; x_wconf 83' lang='lat' dir='ltr'><strong>jam</strong></span> <span class='ocrx_word' id='word_1_735' title='bbox 1220 4885 1446 4939; x_wconf 88' lang='lat' dir='ltr'><strong>duceret</strong></span> <span class='ocrx_word' id='word_1_736' title='bbox 1477 4886 1755 4955; x_wconf 84' lang='lat' dir='ltr'><strong>spiritum,</strong></span> <span class='ocrx_word' id='word_1_737' title='bbox 1796 4887 1968 4941; x_wconf 88' lang='lat' dir='ltr'><strong>mittit</strong></span> <span class='ocrx_word' id='word_1_738' title='bbox 2001 4887 2071 4941; x_wconf 91' lang='lat' dir='ltr'><strong>ad</strong></span> <span class='ocrx_word' id='word_1_739' title='bbox 2105 4899 2376 4955; x_wconf 85' lang='lat' dir='ltr'><strong>sanetum,</strong></span> 
     </span>
    </p>
   </div>
   <div class='ocr_carea' id='block_1_95' title="bbox 820 4975 2376 5045">
    <p class='ocr_par' dir='ltr' id='par_1_95' title="bbox 820 4975 2376 5045">
     <span class='ocr_line' id='line_1_95' title="bbox 820 4975 2376 5045; baseline 0.001 -14"><span class='ocrx_word' id='word_1_740' title='bbox 820 4985 877 5031; x_wconf 91' lang='lat' dir='ltr'><strong>et</strong></span> <span class='ocrx_word' id='word_1_741' title='bbox 917 4985 1071 5044; x_wconf 87' lang='lat' dir='ltr'><strong>rogat</strong></span> <span class='ocrx_word' id='word_1_742' title='bbox 1102 4985 1160 5028; x_wconf 91' lang='lat' dir='ltr'><strong>ut</strong></span> <span class='ocrx_word' id='word_1_743' title='bbox 1191 4975 1400 5028; x_wconf 80' lang='lat' dir='ltr'><strong>venint.</strong></span> <span class='ocrx_word' id='word_1_744' title='bbox 1429 4975 1725 5045; x_wconf 84' lang='lat' dir='ltr'><strong>Postquam</strong></span> <span class='ocrx_word' id='word_1_745' title='bbox 1751 4985 1955 5040; x_wconf 83' lang='lat' dir='ltr'><strong>autein,</strong></span> <span class='ocrx_word' id='word_1_746' title='bbox 1983 4978 2068 5031; x_wconf 90' lang='lat' dir='ltr'><strong>via</strong></span> <span class='ocrx_word' id='word_1_747' title='bbox 2097 4978 2376 5042; x_wconf 79' lang='lat' dir='ltr'><strong>confecta,</strong></span> 
     </span>
    </p>
   </div>
   <div class='ocr_carea' id='block_1_96' title="bbox 822 5048 2381 5134">
    <p class='ocr_par' dir='ltr' id='par_1_96' title="bbox 822 5048 2381 5134">
     <span class='ocr_line' id='line_1_96' title="bbox 822 5048 2381 5134; baseline 0.003 -16"><span class='ocrx_word' id='word_1_748' title='bbox 822 5048 920 5134; x_wconf 79' lang='lat' dir='ltr'><strong>qui</strong></span> <span class='ocrx_word' id='word_1_749' title='bbox 944 5065 1143 5119; x_wconf 87' lang='lat' dir='ltr'><strong>missus</strong></span> <span class='ocrx_word' id='word_1_750' title='bbox 1163 5064 1361 5126; x_wconf 83' lang='lat' dir='ltr'><strong>luerat.</strong></span> <span class='ocrx_word' id='word_1_751' title='bbox 1425 5067 1576 5119; x_wconf 88' lang='lat' dir='ltr'><strong>venit</strong></span> <span class='ocrx_word' id='word_1_752' title='bbox 1596 5066 1664 5120; x_wconf 90' lang='lat' dir='ltr'><strong>ad</strong></span> <span class='ocrx_word' id='word_1_753' title='bbox 1707 5066 2122 5131; x_wconf 88' lang='lat' dir='ltr'><strong>monasterium,</strong></span> <span class='ocrx_word' id='word_1_754' title='bbox 2175 5077 2232 5123; x_wconf 93' lang='lat' dir='ltr'><strong>et</strong></span> <span class='ocrx_word' id='word_1_755' title='bbox 2274 5070 2381 5123; x_wconf 78' lang='lat' dir='ltr'><strong>fuit</strong></span> 
     </span>
    </p>
   </div>
   <div class='ocr_carea' id='block_1_97' title="bbox 822 5155 2379 5228">
    <p class='ocr_par' dir='ltr' id='par_1_97' title="bbox 822 5155 2379 5228">
     <span class='ocr_line' id='line_1_97' title="bbox 822 5155 2379 5228; baseline 0.005 -19"><span class='ocrx_word' id='word_1_756' title='bbox 822 5170 1004 5209; x_wconf 86' lang='lat' dir='ltr'><strong>coram</strong></span> <span class='ocrx_word' id='word_1_757' title='bbox 1037 5170 1236 5225; x_wconf 85' lang='lat' dir='ltr'><strong>magno</strong></span> <span class='ocrx_word' id='word_1_758' title='bbox 1268 5155 1544 5228; x_wconf 73' lang='lat' dir='ltr'><strong>Marcello,</strong></span> <span class='ocrx_word' id='word_1_759' title='bbox 1567 5157 1823 5224; x_wconf 84' lang='lat' dir='ltr'><strong>quoniam</strong></span> <span class='ocrx_word' id='word_1_760' title='bbox 1843 5158 1931 5212; x_wconf 87' lang='lat' dir='ltr'><strong>ille</strong></span> <span class='ocrx_word' id='word_1_761' title='bbox 1963 5168 2093 5214; x_wconf 92' lang='lat' dir='ltr'><strong>tunc</strong></span> <span class='ocrx_word' id='word_1_762' title='bbox 2123 5160 2190 5215; x_wconf 90' lang='lat' dir='ltr'><strong>de</strong></span> <span class='ocrx_word' id='word_1_763' title='bbox 2215 5161 2379 5217; x_wconf 87' lang='lat' dir='ltr'><strong>rebus</strong></span> 
     </span>
    </p>
   </div>
   <div class='ocr_carea' id='block_1_98' title="bbox 823 5233 2376 5322">
    <p class='ocr_par' dir='ltr' id='par_1_98' title="bbox 823 5233 2376 5322">
     <span class='ocr_line' id='line_1_98' title="bbox 823 5233 2376 5322; baseline 0.004 -22"><span class='ocrx_word' id='word_1_764' title='bbox 823 5247 1133 5301; x_wconf 87' lang='lat' dir='ltr'><strong>disserebat</strong></span> <span class='ocrx_word' id='word_1_765' title='bbox 1160 5233 1443 5314; x_wconf 69' lang='lat' dir='ltr'><strong>gravibus.</strong></span> <span class='ocrx_word' id='word_1_766' title='bbox 1482 5257 1537 5302; x_wconf 83' lang='lat' dir='ltr'><strong>et</strong></span> <span class='ocrx_word' id='word_1_767' title='bbox 1559 5249 1628 5302; x_wconf 88' lang='lat' dir='ltr'><strong>de</strong></span> <span class='ocrx_word' id='word_1_768' title='bbox 1661 5251 1829 5303; x_wconf 87' lang='lat' dir='ltr'><strong>sacris</strong></span> <span class='ocrx_word' id='word_1_769' title='bbox 1856 5250 2120 5305; x_wconf 85' lang='lat' dir='ltr'><strong>tractabat</strong></span> <span class='ocrx_word' id='word_1_770' title='bbox 2152 5252 2376 5322; x_wconf 88' lang='lat' dir='ltr'><strong>dogma-</strong></span> 
     </span>
    </p>
   </div>
   <div class='ocr_carea' id='block_1_99' title="bbox 825 5339 2377 5405">
    <p class='ocr_par' dir='ltr' id='par_1_99' title="bbox 825 5339 2377 5405">
     <span class='ocr_line' id='line_1_99' title="bbox 825 5339 2377 5405; baseline 0.003 -12"><span class='ocrx_word' id='word_1_771' title='bbox 825 5339 994 5405; x_wconf 84' lang='lat' dir='ltr'><strong>tibus,</strong></span> <span class='ocrx_word' id='word_1_772' title='bbox 1047 5341 1387 5394; x_wconf 89' lang='lat' dir='ltr'><strong>conteudens</strong></span> <span class='ocrx_word' id='word_1_773' title='bbox 1423 5357 1547 5394; x_wconf 91' lang='lat' dir='ltr'><strong>cum</strong></span> <span class='ocrx_word' id='word_1_774' title='bbox 1595 5341 1836 5396; x_wconf 83' lang='lat' dir='ltr'><strong>antistite</strong></span> <span class='ocrx_word' id='word_1_775' title='bbox 1892 5341 2281 5404; x_wconf 81' lang='lat' dir='ltr'><strong>Chalcedonis.</strong></span> <span class='ocrx_word' id='word_1_776' title='bbox 2320 5357 2377 5398; x_wconf 88' lang='lat' dir='ltr'><strong>et</strong></span> 
     </span>
    </p>
   </div>
   <div class='ocr_carea' id='block_1_100' title="bbox 823 5430 2376 5505">
    <p class='ocr_par' dir='ltr' id='par_1_100' title="bbox 823 5430 2376 5505">
     <span class='ocr_line' id='line_1_100' title="bbox 823 5430 2376 5505; baseline 0.004 -21"><span class='ocrx_word' id='word_1_777' title='bbox 823 5433 916 5499; x_wconf 90' lang='lat' dir='ltr'><strong>qui</strong></span> <span class='ocrx_word' id='word_1_778' title='bbox 949 5433 1149 5484; x_wconf 88' lang='lat' dir='ltr'><strong>missus</strong></span> <span class='ocrx_word' id='word_1_779' title='bbox 1177 5430 1375 5494; x_wconf 77' lang='lat' dir='ltr'><strong>fuerat,</strong></span> <span class='ocrx_word' id='word_1_780' title='bbox 1399 5440 1484 5485; x_wconf 86' lang='lat' dir='ltr'><strong>est</strong></span> <span class='ocrx_word' id='word_1_781' title='bbox 1527 5448 1798 5496; x_wconf 87' lang='lat' dir='ltr'><strong>reversus,</strong></span> <span class='ocrx_word' id='word_1_782' title='bbox 1857 5441 1910 5485; x_wconf 85' lang='lat' dir='ltr'><strong>et</strong></span> <span class='ocrx_word' id='word_1_783' title='bbox 1933 5435 2026 5503; x_wconf 90' lang='lat' dir='ltr'><strong>qui</strong></span> <span class='ocrx_word' id='word_1_784' title='bbox 2057 5436 2376 5505; x_wconf 70' lang='lat' dir='ltr'><strong>aegrotabat,</strong></span> 
     </span>
    </p>
   </div>
   <div class='ocr_carea' id='block_1_101' title="bbox 823 5521 2378 5594">
    <p class='ocr_par' dir='ltr' id='par_1_101' title="bbox 823 5521 2378 5594">
     <span class='ocr_line' id='line_1_101' title="bbox 823 5521 2378 5594; baseline 0.004 -21"><span class='ocrx_word' id='word_1_785' title='bbox 823 5531 941 5574; x_wconf 83' lang='lat' dir='ltr'><strong>erat</strong></span> <span class='ocrx_word' id='word_1_786' title='bbox 970 5533 1239 5576; x_wconf 89' lang='lat' dir='ltr'><strong>mortuus.</strong></span> <span class='ocrx_word' id='word_1_787' title='bbox 1273 5521 1408 5577; x_wconf 89' lang='lat' dir='ltr'><strong>Cum</strong></span> <span class='ocrx_word' id='word_1_788' title='bbox 1437 5539 1569 5594; x_wconf 81' lang='lat' dir='ltr'><strong>ergo</strong></span> <span class='ocrx_word' id='word_1_789' title='bbox 1597 5523 1709 5593; x_wconf 80' lang='lat' dir='ltr'><strong>jam</strong></span> <span class='ocrx_word' id='word_1_790' title='bbox 1739 5533 1956 5594; x_wconf 90' lang='lat' dir='ltr'><strong>peracta</strong></span> <span class='ocrx_word' id='word_1_791' title='bbox 2000 5535 2206 5587; x_wconf 88' lang='lat' dir='ltr'><strong>essent,</strong></span> <span class='ocrx_word' id='word_1_792' title='bbox 2255 5541 2378 5594; x_wconf 68' lang='lat' dir='ltr'><strong>qua:</strong></span> 
     </span>
    </p>
   </div>
   <div class='ocr_carea' id='block_1_102' title="bbox 825 5610 2377 5686">
    <p class='ocr_par' dir='ltr' id='par_1_102' title="bbox 825 5610 2377 5686">
     <span class='ocr_line' id='line_1_102' title="bbox 825 5610 2377 5686; baseline 0.004 -21"><span class='ocrx_word' id='word_1_793' title='bbox 825 5611 964 5666; x_wconf 75' lang='lat' dir='ltr'><strong>ﬁunt</strong></span> <span class='ocrx_word' id='word_1_794' title='bbox 987 5622 1224 5673; x_wconf 89' lang='lat' dir='ltr'><strong>mortuo.</strong></span> <span class='ocrx_word' id='word_1_795' title='bbox 1258 5625 1312 5667; x_wconf 93' lang='lat' dir='ltr'><strong>et</strong></span> <span class='ocrx_word' id='word_1_796' title='bbox 1343 5625 1562 5682; x_wconf 83' lang='lat' dir='ltr'><strong>paratus</strong></span> <span class='ocrx_word' id='word_1_797' title='bbox 1599 5623 1746 5670; x_wconf 84' lang='lat' dir='ltr'><strong>esset</strong></span> <span class='ocrx_word' id='word_1_798' title='bbox 1782 5615 1848 5668; x_wconf 84' lang='lat' dir='ltr'><strong>ad</strong></span> <span class='ocrx_word' id='word_1_799' title='bbox 1875 5610 2212 5670; x_wconf 78' lang='lat' dir='ltr'><strong>eﬂ&#39;ereudum</strong></span> <span class='ocrx_word' id='word_1_800' title='bbox 2249 5617 2377 5686; x_wconf 86' lang='lat' dir='ltr'><strong>(hoc</strong></span> 
     </span>
    </p>
   </div>
   <div class='ocr_carea' id='block_1_103' title="bbox 823 5705 2372 5776">
    <p class='ocr_par' dir='ltr' id='par_1_103' title="bbox 823 5705 2372 5776">
     <span class='ocr_line' id='line_1_103' title="bbox 823 5705 2372 5776; baseline 0.001 -16"><span class='ocrx_word' id='word_1_801' title='bbox 823 5714 1006 5770; x_wconf 84' lang='lat' dir='ltr'><strong>autem</strong></span> <span class='ocrx_word' id='word_1_802' title='bbox 1032 5720 1137 5759; x_wconf 91' lang='lat' dir='ltr'><strong>non</strong></span> <span class='ocrx_word' id='word_1_803' title='bbox 1162 5707 1264 5760; x_wconf 88' lang='lat' dir='ltr'><strong>alia</strong></span> <span class='ocrx_word' id='word_1_804' title='bbox 1290 5705 1359 5760; x_wconf 90' lang='lat' dir='ltr'><strong>de</strong></span> <span class='ocrx_word' id='word_1_805' title='bbox 1387 5721 1548 5760; x_wconf 86' lang='lat' dir='ltr'><strong>causa</strong></span> <span class='ocrx_word' id='word_1_806' title='bbox 1572 5706 1850 5776; x_wconf 83' lang='lat' dir='ltr'><strong>provisum</strong></span> <span class='ocrx_word' id='word_1_807' title='bbox 1880 5705 2057 5760; x_wconf 78' lang='lat' dir='ltr'><strong>fuerat</strong></span> <span class='ocrx_word' id='word_1_808' title='bbox 2076 5721 2106 5759; x_wconf 77' lang='grc' dir='ltr'><strong>ιι</strong></span> <span class='ocrx_word' id='word_1_809' title='bbox 2137 5707 2372 5776; x_wconf 87' lang='lat' dir='ltr'><strong>superis,</strong></span> 
     </span>
    </p>
   </div>
   <div class='ocr_carea' id='block_1_104' title="bbox 824 5798 2374 5868">
    <p class='ocr_par' dir='ltr' id='par_1_104' title="bbox 824 5798 2374 5868">
     <span class='ocr_line' id='line_1_104' title="bbox 824 5798 2374 5868; baseline 0.003 -17"><span class='ocrx_word' id='word_1_810' title='bbox 824 5812 984 5868; x_wconf 88' lang='lat' dir='ltr'><strong>quuu</strong></span> <span class='ocrx_word' id='word_1_811' title='bbox 1023 5809 1079 5851; x_wconf 90' lang='lat' dir='ltr'><strong>ut</strong></span> <span class='ocrx_word' id='word_1_812' title='bbox 1103 5799 1358 5865; x_wconf 76' lang='lat' dir='ltr'><strong>majorem</strong></span> <span class='ocrx_word' id='word_1_813' title='bbox 1392 5813 1596 5865; x_wconf 86' lang='lat' dir='ltr'><strong>casum,</strong></span> <span class='ocrx_word' id='word_1_814' title='bbox 1628 5809 1681 5856; x_wconf 91' lang='lat' dir='ltr'><strong>ct</strong></span> <span class='ocrx_word' id='word_1_815' title='bbox 1713 5799 1885 5868; x_wconf 82' lang='lat' dir='ltr'><strong>majus</strong></span> <span class='ocrx_word' id='word_1_816' title='bbox 1945 5798 2283 5854; x_wconf 88' lang='lat' dir='ltr'><strong>miraculum.</strong></span> <span class='ocrx_word' id='word_1_817' title='bbox 2321 5812 2374 5856; x_wconf 92' lang='lat' dir='ltr'><strong>ct</strong></span> 
     </span>
    </p>
   </div>
   <div class='ocr_carea' id='block_1_105' title="bbox 2478 4783 4042 4866">
    <p class='ocr_par' dir='ltr' id='par_1_105' title="bbox 2478 4783 4042 4866">
     <span class='ocr_line' id='line_1_105' title="bbox 2478 4783 4042 4866; baseline -0.012 -16"><span class='ocrx_word' id='word_1_818' title='bbox 2478 4797 2538 4850; x_wconf 83' lang='grc' dir='ltr'><strong>τδ</strong></span> <span class='ocrx_word' id='word_1_819' title='bbox 2565 4798 2751 4866; x_wconf 74' lang='grc' dir='ltr'>σχῆμα</span> <span class='ocrx_word' id='word_1_820' title='bbox 2778 4791 3028 4862; x_wconf 85' lang='grc' dir='ltr'>μοναχός.</span> <span class='ocrx_word' id='word_1_821' title='bbox 3056 4783 3224 4852; x_wconf 68' lang='grc' dir='ltr'>Οὗτος</span> <span class='ocrx_word' id='word_1_822' title='bbox 3245 4789 3345 4860; x_wconf 71' lang='grc' dir='ltr'><strong>ἢδη</strong></span> <span class='ocrx_word' id='word_1_823' title='bbox 3378 4788 3506 4857; x_wconf 78' lang='grc' dir='ltr'>περὶ</span> <span class='ocrx_word' id='word_1_824' title='bbox 3534 4788 3631 4850; x_wconf 74' lang='grc' dir='ltr'>τὰς</span> <span class='ocrx_word' id='word_1_825' title='bbox 3655 4788 3887 4857; x_wconf 75' lang='grc' dir='ltr'>έσχάτας</span> <span class='ocrx_word' id='word_1_826' title='bbox 3909 4789 4042 4844; x_wconf 73' lang='grc' dir='ltr'>ἀνα.</span> 
     </span>
    </p>
   </div>
   <div class='ocr_carea' id='block_1_106' title="bbox 2477 4878 4033 4951">
    <p class='ocr_par' dir='ltr' id='par_1_106' title="bbox 2477 4878 4033 4951">
     <span class='ocr_line' id='line_1_106' title="bbox 2477 4878 4033 4951; baseline -0.006 -9"><span class='ocrx_word' id='word_1_827' title='bbox 2477 4889 2648 4949; x_wconf 77' lang='grc' dir='ltr'>πνοὰς</span> <span class='ocrx_word' id='word_1_828' title='bbox 2673 4885 2771 4951; x_wconf 79' lang='grc' dir='ltr'>ὢν,</span> <span class='ocrx_word' id='word_1_829' title='bbox 2800 4882 3022 4951; x_wconf 77' lang='grc' dir='ltr'>πέμψας</span> <span class='ocrx_word' id='word_1_830' title='bbox 3044 4883 3275 4934; x_wconf 58' lang='grc' dir='ltr'>αἰτεῖται</span> <span class='ocrx_word' id='word_1_831' title='bbox 3299 4879 3434 4948; x_wconf 78' lang='grc' dir='ltr'>πρὸς</span> <span class='ocrx_word' id='word_1_832' title='bbox 3451 4879 3614 4932; x_wconf 78' lang='grc' dir='ltr'>αὐτὸν</span> <span class='ocrx_word' id='word_1_833' title='bbox 3630 4878 3922 4946; x_wconf 74' lang='grc' dir='ltr'>ἀφικέσθαι</span> <span class='ocrx_word' id='word_1_834' title='bbox 3938 4880 4033 4934; x_wconf 74' lang='grc' dir='ltr'>τὸν</span> 
     </span>
    </p>
   </div>
   <div class='ocr_carea' id='block_1_107' title="bbox 2479 4969 4037 5047">
    <p class='ocr_par' dir='ltr' id='par_1_107' title="bbox 2479 4969 4037 5047">
     <span class='ocr_line' id='line_1_107' title="bbox 2479 4969 4037 5047; baseline -0.007 -14"><span class='ocrx_word' id='word_1_835' title='bbox 2479 4982 2651 5047; x_wconf 71' lang='grc' dir='ltr'>ἅγιον.</span> <span class='ocrx_word' id='word_1_836' title='bbox 2694 4977 2782 5038; x_wconf 80' lang='lat'><strong>&#39;0;</strong></span> <span class='ocrx_word' id='word_1_837' title='bbox 2809 4974 2868 5028; x_wconf 74' lang='grc' dir='ltr'><strong>δδ</strong></span> <span class='ocrx_word' id='word_1_838' title='bbox 2889 4973 2988 5043; x_wconf 72' lang='grc' dir='ltr'>τὴν</span> <span class='ocrx_word' id='word_1_839' title='bbox 3011 4971 3128 5025; x_wconf 71' lang='grc' dir='ltr'>ὁδὸν</span> <span class='ocrx_word' id='word_1_840' title='bbox 3161 4974 3189 5024; x_wconf 93' lang='lat'><strong>6</strong></span> <span class='ocrx_word' id='word_1_841' title='bbox 3219 4969 3491 5040; x_wconf 76' lang='grc' dir='ltr'>πεμφθεὶς</span> <span class='ocrx_word' id='word_1_842' title='bbox 3520 4969 3726 5032; x_wconf 75' lang='grc' dir='ltr'>ἀνύσας</span> <span class='ocrx_word' id='word_1_843' title='bbox 3760 4969 4037 5040; x_wconf 79' lang='grc' dir='ltr'>κατελάμ-</span> 
     </span>
    </p>
   </div>
   <div class='ocr_carea' id='block_1_108' title="bbox 2477 5058 4038 5138">
    <p class='ocr_par' dir='ltr' id='par_1_108' title="bbox 2477 5058 4038 5138">
     <span class='ocr_line' id='line_1_108' title="bbox 2477 5058 4038 5138; baseline -0.005 -16"><span class='ocrx_word' id='word_1_844' title='bbox 2477 5070 2609 5122; x_wconf 71' lang='grc' dir='ltr'>ϐανε</span> <span class='ocrx_word' id='word_1_845' title='bbox 2645 5068 2744 5138; x_wconf 77' lang='grc' dir='ltr'>τὴν</span> <span class='ocrx_word' id='word_1_846' title='bbox 2785 5068 2952 5138; x_wconf 81' lang='grc' dir='ltr'>μονὴν</span> <span class='ocrx_word' id='word_1_847' title='bbox 2977 5066 3073 5119; x_wconf 75' lang='grc' dir='ltr'><strong>καὶ</strong></span> <span class='ocrx_word' id='word_1_848' title='bbox 3099 5066 3179 5126; x_wconf 83' lang='grc' dir='ltr'><strong>είς</strong></span> <span class='ocrx_word' id='word_1_849' title='bbox 3206 5064 3330 5133; x_wconf 77' lang='grc' dir='ltr'>δψιν</span> <span class='ocrx_word' id='word_1_850' title='bbox 3355 5058 3488 5133; x_wconf 76' lang='grc' dir='ltr'>ἦλθε</span> <span class='ocrx_word' id='word_1_851' title='bbox 3515 5061 3596 5132; x_wconf 79' lang='grc' dir='ltr'><strong>τῷ</strong></span> <span class='ocrx_word' id='word_1_852' title='bbox 3623 5061 3867 5132; x_wconf 76' lang='grc' dir='ltr'>μεγάλῳ.</span> <span class='ocrx_word' id='word_1_853' title='bbox 3889 5063 4038 5115; x_wconf 67' lang='lat' dir='ltr'><strong>tui-</strong></span> 
     </span>
    </p>
   </div>
   <div class='ocr_carea' id='block_1_109' title="bbox 2478 5150 4036 5230">
    <p class='ocr_par' dir='ltr' id='par_1_109' title="bbox 2478 5150 4036 5230">
     <span class='ocr_line' id='line_1_109' title="bbox 2478 5150 4036 5230; baseline -0.005 -18"><span class='ocrx_word' id='word_1_854' title='bbox 2478 5176 2586 5230; x_wconf 81' lang='grc' dir='ltr'>περ</span> <span class='ocrx_word' id='word_1_855' title='bbox 2616 5158 2826 5220; x_wconf 71' lang='grc' dir='ltr'>έκεῖνος</span> <span class='ocrx_word' id='word_1_856' title='bbox 2850 5159 2912 5210; x_wconf 72' lang='grc' dir='ltr'>τὸ</span> <span class='ocrx_word' id='word_1_857' title='bbox 2939 5151 3245 5224; x_wconf 85' lang='grc' dir='ltr'>τηνικαῦτα</span> <span class='ocrx_word' id='word_1_858' title='bbox 3298 5151 3603 5205; x_wconf 66' lang='grc' dir='ltr'>σπουδαίων</span> <span class='ocrx_word' id='word_1_859' title='bbox 3651 5151 3832 5221; x_wconf 76' lang='grc' dir='ltr'>εῖχετο</span> <span class='ocrx_word' id='word_1_860' title='bbox 3861 5150 4036 5205; x_wconf 79' lang='grc' dir='ltr'>διαλέ-</span> 
     </span>
    </p>
   </div>
   <div class='ocr_carea' id='block_1_110' title="bbox 2481 5241 4034 5314">
    <p class='ocr_par' dir='ltr' id='par_1_110' title="bbox 2481 5241 4034 5314">
     <span class='ocr_line' id='line_1_110' title="bbox 2481 5241 4034 5314; baseline -0.007 -12"><span class='ocrx_word' id='word_1_861' title='bbox 2481 5249 2616 5314; x_wconf 81' lang='grc' dir='ltr'>ξεων</span> <span class='ocrx_word' id='word_1_862' title='bbox 2639 5249 2734 5301; x_wconf 77' lang='grc' dir='ltr'><strong>καὶ</strong></span> <span class='ocrx_word' id='word_1_863' title='bbox 2760 5248 2875 5309; x_wconf 79' lang='grc' dir='ltr'>τοῐς</span> <span class='ocrx_word' id='word_1_864' title='bbox 2908 5247 3072 5314; x_wconf 78' lang='grc' dir='ltr'>ιεροῐς</span> <span class='ocrx_word' id='word_1_865' title='bbox 3102 5244 3344 5297; x_wconf 65' lang='grc' dir='ltr'>ἐνέκειτο</span> <span class='ocrx_word' id='word_1_866' title='bbox 3378 5242 3638 5311; x_wconf 57' lang='lat' dir='ltr'><strong>Musam,</strong></span> <span class='ocrx_word' id='word_1_867' title='bbox 3679 5241 3759 5310; x_wconf 79' lang='grc' dir='ltr'>τῷ</span> <span class='ocrx_word' id='word_1_868' title='bbox 3785 5241 4034 5312; x_wconf 69' lang='grc' dir='ltr'>προέδρῳ</span> 
     </span>
    </p>
   </div>
   <div class='ocr_carea' id='block_1_111' title="bbox 2477 5331 4035 5408">
    <p class='ocr_par' dir='ltr' id='par_1_111' title="bbox 2477 5331 4035 5408">
     <span class='ocr_line' id='line_1_111' title="bbox 2477 5331 4035 5408; baseline -0.004 -14"><span class='ocrx_word' id='word_1_869' title='bbox 2477 5339 2816 5408; x_wconf 78' lang='grc' dir='ltr'>Χαλκηδόνος</span> <span class='ocrx_word' id='word_1_870' title='bbox 2879 5333 3304 5406; x_wconf 79' lang='grc' dir='ltr'>διαμιλλώμενος</span> <span class='ocrx_word' id='word_1_871' title='bbox 3327 5373 3344 5399; x_wconf 86' lang='lat'><strong>,</strong></span> <span class='ocrx_word' id='word_1_872' title='bbox 3375 5335 3405 5387; x_wconf 82' lang='grc' dir='ltr'><strong>ὃ</strong></span> <span class='ocrx_word' id='word_1_873' title='bbox 3431 5351 3490 5387; x_wconf 73' lang='grc' dir='ltr'><strong>τι</strong></span> <span class='ocrx_word' id='word_1_874' title='bbox 3538 5334 3812 5403; x_wconf 72' lang='grc' dir='ltr'>πεμφθεὶς</span> <span class='ocrx_word' id='word_1_875' title='bbox 3882 5331 4035 5396; x_wconf 75' lang='grc' dir='ltr'>αὖθις</span> 
     </span>
    </p>
   </div>
   <div class='ocr_carea' id='block_1_112' title="bbox 2479 5420 4033 5502">
    <p class='ocr_par' dir='ltr' id='par_1_112' title="bbox 2479 5420 4033 5502">
     <span class='ocr_line' id='line_1_112' title="bbox 2479 5420 4033 5502; baseline -0.005 -16"><span class='ocrx_word' id='word_1_876' title='bbox 2479 5431 2727 5502; x_wconf 69' lang='grc' dir='ltr'>ἑπανῄει,</span> <span class='ocrx_word' id='word_1_877' title='bbox 2759 5430 2852 5483; x_wconf 76' lang='grc' dir='ltr'><strong>καὶ</strong></span> <span class='ocrx_word' id='word_1_878' title='bbox 2876 5430 2905 5481; x_wconf 93' lang='lat'><strong>6</strong></span> <span class='ocrx_word' id='word_1_879' title='bbox 2929 5428 3102 5480; x_wconf 84' lang='grc' dir='ltr'>νοσῶν</span> <span class='ocrx_word' id='word_1_880' title='bbox 3121 5426 3223 5496; x_wconf 73' lang='grc' dir='ltr'><strong>ήδη</strong></span> <span class='ocrx_word' id='word_1_881' title='bbox 3247 5424 3520 5496; x_wconf 80' lang='grc' dir='ltr'>τεθνηκὼς</span> <span class='ocrx_word' id='word_1_882' title='bbox 3547 5420 3636 5495; x_wconf 73' lang='grc' dir='ltr'><strong>ἦν.</strong></span> <span class='ocrx_word' id='word_1_883' title='bbox 3653 5423 3807 5476; x_wconf 81' lang='grc' dir='ltr'>Ἐπεὶ</span> <span class='ocrx_word' id='word_1_884' title='bbox 3827 5423 3925 5479; x_wconf 80' lang='grc' dir='ltr'><strong>οὖν</strong></span> <span class='ocrx_word' id='word_1_885' title='bbox 3944 5428 4033 5478; x_wconf 83' lang='grc' dir='ltr'><strong>καὶ</strong></span> 
     </span>
    </p>
   </div>
   <div class='ocr_carea' id='block_1_113' title="bbox 2482 5512 4031 5590">
    <p class='ocr_par' dir='ltr' id='par_1_113' title="bbox 2482 5512 4031 5590">
     <span class='ocr_line' id='line_1_113' title="bbox 2482 5512 4031 5590; baseline -0.007 -13"><span class='ocrx_word' id='word_1_886' title='bbox 2482 5526 2550 5577; x_wconf 84' lang='grc' dir='ltr'>τὰ</span> <span class='ocrx_word' id='word_1_887' title='bbox 2579 5523 2674 5576; x_wconf 65' lang='grc' dir='ltr'><strong>ἐπὶ</strong></span> <span class='ocrx_word' id='word_1_888' title='bbox 2703 5521 2880 5590; x_wconf 81' lang='grc' dir='ltr'>νεκρῷ</span> <span class='ocrx_word' id='word_1_889' title='bbox 2897 5521 3072 5574; x_wconf 73' lang='grc' dir='ltr'>πάντα</span> <span class='ocrx_word' id='word_1_890' title='bbox 3086 5519 3418 5580; x_wconf 71' lang='grc' dir='ltr'>τετέλεσται,</span> <span class='ocrx_word' id='word_1_891' title='bbox 3446 5518 3540 5570; x_wconf 73' lang='grc' dir='ltr'><strong>καὶ</strong></span> <span class='ocrx_word' id='word_1_892' title='bbox 3559 5516 3778 5585; x_wconf 75' lang='grc' dir='ltr'>ῑτοιμος</span> <span class='ocrx_word' id='word_1_893' title='bbox 3808 5512 3880 5587; x_wconf 73' lang='grc' dir='ltr'>ἦν</span> <span class='ocrx_word' id='word_1_894' title='bbox 3901 5518 4031 5586; x_wconf 65' lang='grc' dir='ltr'>πρὸς</span> 
     </span>
    </p>
   </div>
   <div class='ocr_carea' id='block_1_114' title="bbox 2481 5607 4032 5686">
    <p class='ocr_par' dir='ltr' id='par_1_114' title="bbox 2481 5607 4032 5686">
     <span class='ocr_line' id='line_1_114' title="bbox 2481 5607 4032 5686; baseline -0.006 -17"><span class='ocrx_word' id='word_1_895' title='bbox 2481 5615 2579 5686; x_wconf 73' lang='grc' dir='ltr'>τὴν</span> <span class='ocrx_word' id='word_1_896' title='bbox 2604 5617 2842 5682; x_wconf 69' lang='grc' dir='ltr'>έκφορέιν</span> <span class='ocrx_word' id='word_1_897' title='bbox 2900 5611 3080 5680; x_wconf 83' lang='grc' dir='ltr'>(τοῦτο</span> <span class='ocrx_word' id='word_1_898' title='bbox 3130 5611 3189 5664; x_wconf 79' lang='grc' dir='ltr'>δι</span> <span class='ocrx_word' id='word_1_899' title='bbox 3231 5610 3331 5663; x_wconf 84' lang='grc' dir='ltr'>οὐκ</span> <span class='ocrx_word' id='word_1_900' title='bbox 3385 5609 3562 5672; x_wconf 72' lang='grc' dir='ltr'>ἄλλως</span> <span class='ocrx_word' id='word_1_901' title='bbox 3610 5607 4032 5677; x_wconf 75' lang='grc' dir='ltr'>προῳκονόμητο</span> 
     </span>
    </p>
   </div>
   <div class='ocr_carea' id='block_1_115' title="bbox 2483 5696 4031 5771">
    <p class='ocr_par' dir='ltr' id='par_1_115' title="bbox 2483 5696 4031 5771">
     <span class='ocr_line' id='line_1_115' title="bbox 2483 5696 4031 5771; baseline -0.007 -12"><span class='ocrx_word' id='word_1_902' title='bbox 2483 5707 2689 5759; x_wconf 73' lang='grc' dir='ltr'>ἄνωθεν</span> <span class='ocrx_word' id='word_1_903' title='bbox 2715 5704 2829 5758; x_wconf 76' lang='grc' dir='ltr'>ἀλλ’</span> <span class='ocrx_word' id='word_1_904' title='bbox 2848 5703 2936 5756; x_wconf 74' lang='grc' dir='ltr'>ἵνα</span> <span class='ocrx_word' id='word_1_905' title='bbox 2961 5705 3020 5757; x_wconf 59' lang='grc' dir='ltr'><strong>τδ</strong></span> <span class='ocrx_word' id='word_1_906' title='bbox 3049 5701 3234 5771; x_wconf 77' lang='grc' dir='ltr'>μεῖζον</span> <span class='ocrx_word' id='word_1_907' title='bbox 3259 5700 3430 5762; x_wconf 81' lang='grc' dir='ltr'>πάθος</span> <span class='ocrx_word' id='word_1_908' title='bbox 3447 5698 3621 5752; x_wconf 76' lang='grc' dir='ltr'>καὶτὸ</span> <span class='ocrx_word' id='word_1_909' title='bbox 3641 5696 3828 5768; x_wconf 83' lang='grc' dir='ltr'>θαῦμα</span> <span class='ocrx_word' id='word_1_910' title='bbox 3851 5698 4031 5767; x_wconf 76' lang='grc' dir='ltr'>μεῖζον</span> 
     </span>
    </p>
   </div>
   <div class='ocr_carea' id='block_1_116' title="bbox 2483 5787 4027 5866">
    <p class='ocr_par' dir='ltr' id='par_1_116' title="bbox 2483 5787 4027 5866">
     <span class='ocr_line' id='line_1_116' title="bbox 2483 5787 4027 5866; baseline -0.007 -16"><span class='ocrx_word' id='word_1_911' title='bbox 2483 5796 2578 5851; x_wconf 79' lang='grc' dir='ltr'><strong>καὶ</strong></span> <span class='ocrx_word' id='word_1_912' title='bbox 2609 5795 2932 5866; x_wconf 78' lang='grc' dir='ltr'>Μαρκέλλου</span> <span class='ocrx_word' id='word_1_913' title='bbox 2959 5794 3056 5865; x_wconf 73' lang='grc' dir='ltr'>τὴν</span> <span class='ocrx_word' id='word_1_914' title='bbox 3082 5793 3280 5865; x_wconf 80' lang='grc' dir='ltr'>ἀρετὴν</span> <span class='ocrx_word' id='word_1_915' title='bbox 3327 5791 3546 5862; x_wconf 73' lang='grc' dir='ltr'>μείζονα</span> <span class='ocrx_word' id='word_1_916' title='bbox 3579 5790 3724 5860; x_wconf 74' lang='grc' dir='ltr'>δείξῃ</span> <span class='ocrx_word' id='word_1_917' title='bbox 3744 5789 3783 5857; x_wconf 84' lang='grc'><strong>),</strong></span> <span class='ocrx_word' id='word_1_918' title='bbox 3831 5787 3906 5851; x_wconf 82' lang='grc' dir='ltr'>ὡς</span> <span class='ocrx_word' id='word_1_919' title='bbox 3934 5789 4027 5859; x_wconf 62' lang='grc' dir='ltr'><strong>ἤδη</strong></span> 
     </span>
    </p>
   </div>
  </div>
