4242 6442
245 410 357 473 733

1142 416 1324 480 VITA
1366 418 1430 479 S.
1463 418 1865 483 MARCELLI
1909 424 2603 487 ARCBIMANDRITIE.

3374 426 3484 488 733

246 519 425 589 περας
452 517 757 588 δλάμδανεν
803 521 837 590 ἡ
882 519 1140 589 διάλεξις,
1201 523 1396 579 ἄπεισι
1419 526 1582 599 ,παρὰ
1608 528 1700 581 τδν
1738 545 1826 581 νο-
1848 530 1901 591 Δ

1815 530 1901 591 -Δ
1925 529 2162 588 Iarcelli
2190 532 2447 588 virtutem
2479 535 2743 603 majorem
2786 534 3144 601 ostenderet).
3194 536 3281 589 ubi
3315 537 3490 594 lactus

241 607 466 662 αοῦνταυ
488 609 585 662 καὶ
614 610 810 679 νεκρὸν
838 610 963 664 ίδὼν
992 613 1201 669 ὶκεῖνον
1226 617 1322 669 καὶ
1354 616 1494 685 πρὸς
1519 618 1621 688 τὴν
1648 621 1814 686 tneo-

244 695 349 763 ραν
376 695 617 766 ιτοιμον,
641 698 812 753 ιπαθε
847 702 946 770 μὶν
973 702 1075 772 τὴν
1101 702 1309 775 ψυχὴν,
1335 708 1430 759 καὶ
1461 705 1677 776 δάκρυα
1704 708 1815 763 τῶν

243 787 490 855 παρειῶν
510 790 785 859 κατέχεεν,
811 794 873 845 οὐ
901 792 1009 862 μὴν
1027 794 1203 865 ὑφῆκε
1228 796 1327 865 τῆς
1355 798 1491 867 πρὸς
1518 799 1651 852 Θεὸν
1677 802 1818 871 παρ-

241 877 464 947 ρησίας,
504 880 635 933 ἀλλὰ
663 884 759 935 καὶ
787 885 977 954 χεῖρας
1004 887 1121 954 ἅμα
1140 888 1237 941 καὶ
1268 888 1493 959 δμματα
1520 892 1614 943 καὶ
1639 890 1815 961 ψυχὴν

241 971 385 1039 πρδς
412 971 574 1025 αὑτὸν
601 974 891 1038 ἀνατείνας
919 977 1008 1047 ιφ*
1055 980 1239 1034 ἰκανὸν
1270 981 1416 1035 οὕτω
1446 985 1814 1054 προσηύξατο.

242 1056 381 1112 Εἶτα
406 1061 505 1113 οὐκ
530 1066 608 1124 είς
644 1065 782 1117 ἑπτα
815 1067 915 1135 μὲν
939 1070 1178 1142 λμφυσᾷ,
1206 1071 1283 1135 ὡς
1315 1073 1487 1127 πάλαι
1517 1074 1546 1126 ὀ
1569 1074 1816 1144 ζηλωτὴς

253 1151 464 1215 Ἠλίας,
500 1155 679 1223 χειρὸς
707 1155 763 1209 δὲ
804 1159 969 1226 μόνον
996 1162 1278 1232 ὲπιτίθησι
1310 1165 1388 1234 τῷ
1421 1165 1621 1235 νεκρῷ.
1648 1172 1742 1220 καὶ
1766 1170 1813 1221 0i

240 1247 511 1314 παρόντες
538 1247 709 1310 ἄλλως
744 1250 907 1302 αὑτὸν
938 1253 1029 1304 καὶ
1061 1254 1158 1323 οὐχ
1183 1253 1257 1323 ὡς
1286 1256 1484 1325 νεκροῦ
1509 1257 1602 1310 τοῦ
1625 1260 1815 1327 κειμε-

240 1352 337 1388 νου
371 1338 733 1408 πειρασθῆναι
762 1343 1085 1411 νομίσαντες
1126 1347 1377 1413 λέγουσιν
1408 1348 1491 1401 ὃτι
1531 1348 1813 1419 τέθνηκεν.

243 1424 403 1493 Ἀμα
429 1426 485 1479 δὲ
534 1426 691 1482 τοῦτο
716 1425 871 1482 εἷπον
905 1434 1128 1495 ἐκεῖνοι,
1169 1436 1263 1489 καὶ
1286 1436 1478 1503 νεκρὸς
1521 1439 1682 1501 εὐθὺς
1733 1439 1818 1505 ἐξ·

238 1516 507 1570 ανίσεατο
529 1519 622 1571 καὶ
650 1521 1020 1591 φθεγγόμενος
1051 1527 1273 1580 καὶτῶν
1306 1528 1513 1581 ικεῖθεν
1541 1530 1818 1599 ἔμιμνητο

238 1604 531 1675 θεαμάτων
549 1610 722 1663 είπεῖν
741 1628 801 1665 τε
823 1615 921 1667 καὶ
939 1615 1170 1671 ἀκοῦσαι
1198 1619 1612 1688 φοδερωτάτων.
1632 1620 1816 1685 οὕτως

238 1698 472 1761 ἐκεῖνος,
500 1700 586 1753 ῖνα
611 1719 661 1753 τι
692 1706 785 1791 καὶ
822 1707 1098 1775 τολμήσω,
1137 1711 1232 1762 καὶ
1272 1710 1424 1791 ἡλίου
1475 1713 1665 1778 φανεὶς
1709 1728 1817 1763 πα-

241 1792 545 1860 ραπλήσιος
570 1796 672 1848 οὐκ
695 1778 929 1865 ἧθέληαε
958 1799 1021 1851 τὸ
1047 1800 1126 1863 εἰς
1160 1778 1323 1854 αὐτὸν
1351 1778 1486 1873 ἧκον
1516 1802 1675 1872 δῆλον
1701 1805 1814 1862 τοῖς

240 1883 462 1945 πολλοῖς
523 1887 583 1937 τὸ
634 1885 815 1955 θαῦμα
849 1890 1141 1950 γενέσθαι·
1174 1892 1311 1946 ἀλλὰ
1357 1895 1451 1947 καὶ
1471 1893 1620 1964 αὐτῷ
1646 1913 1703 1948 τε
1734 1895 1811 1962 τῷ

239 1976 535 2028 ἀναστάντι
585 1978 678 2049 καῖ
716 1982 831 2043 τοῖς
860 1982 1221 2052 θεασαμένοις
1254 1984 1442 2057 ὥσπερ
1476 1988 1504 2039 ό
1535 1989 1667 2055 ἐμὸς
1706 1988 1806 2058 ’1η-

246 2065 376 2129 est};
406 2069 503 2136 τὴν
540 2070 755 2132 σιωπὴν
789 2073 1181 2142 παραγγέλλει,
1225 2076 1499 2145 τοσαύτην
1542 2079 1814 2147 είσφίρων

245 2158 487 2229 σπουδὴν
524 2159 619 2213 τοῦ
654 2161 756 2231 τὴν
808 2166 959 2232 παρὰ
1012 2165 1315 2250 ἀνθρώπων
1341 2168 1502 2233 δόξαν
1535 2170 1814 2237 διαφυγεῖν

238 2251 375 2320 ὅσης
414 2252 520 2318 άρα
547 2255 646 2320 τῆς
681 2253 831 2324 παρὰ
853 2255 987 2309 Θεοῦ
1023 2259 1316 2329 τυγχάνειν
1354 2261 1516 2322 αὐτὸς
1548 2262 1808 2330 ῐμελλεν·

240 2342 370 2394 ὅθεν
399 2343 516 2396 οΰδὶ
552 2344 733 2398 λαθεῖν
762 2347 942 2416 ἀφῆκε
977 2350 1037 2400 τὸ
1076 2350 1297 2417 γεγονὸς
1339 2354 1365 2405 ό
1394 2352 1522 2423 δόξῃ
1554 2352 1816 2423 περιϐάλ-

243 2435 356 2486 λων
388 2436 472 2488 ἀεὶ
499 2438 624 2499 τοὺς
658 2438 819 2491 αὑτὸν
840 2439 1085 2504 δοξάζειν
1120 2445 1557 2513 προῃρημένους.
1611 2447 1672 2498 Ol
1704 2446 1813 2516 γὰρ

242 2525 541 2596 ὀφθαλμοῖς
560 2530 732 2583 ταῦτα
750 2532 1179 2600 παραλαδόντες,
1205 2534 1360 2603 ὀλίγα
1382 2536 1492 2587 τῶν
1509 2538 1813 2606 ἐπιταγμά-

246 2632 357 2668 των
417 2619 820 2688 φροντίσαντες,
862 2624 983 2674 ἐπεὶ
1024 2623 1147 2677 οὑδὶ
1202 2625 1468 2694 κρύπτειν
1522 2628 1813 2696 ἠϐούλοντο

247 2709 345 2761 καὶ
374 2711 486 2770 τοῖς
534 2708 713 2773 ἄλλοις
744 2711 952 2777 ἀγαθοῦ
1004 2713 1248 2767 τοιούτου
1283 2717 1498 2781 φθονεῖν
1527 2716 1747 2780 πολλαῖς
1776 2715 1813 2769 ἃ.

247 2795 388 2851 εἶδον
420 2800 884 2871 παραπέμπουσιν
911 2805 1124 2869 ἀκοαῖς,
1160 2805 1281 2875 μηδ’
1315 2806 1444 2858 αὐτὸ
1493 2808 1650 2860 τοῦτο
1677 2810 1813 2878 κρύ-

248 2892 472 2962 ψαντες,
500 2894 581 2945 ὅτι
603 2895 696 2946 καὶ
732 2895 870 2963 μέγα
904 2894 1046 2949 οὕτω
1076 2898 1296 2961 τελέσας
1325 2900 1662 2969 παρήγγειλε
1683 2918 1812 2954 σιω-

249 2983 379 3052 suav.

1918 620 2025 675 fuit
2048 622 2361 680 disserendi
2394 624 2544 691 ﬁnis.
2568 624 2716 678 venit
2770 626 2835 679 ad
2863 635 3127 696 agnitum
3159 636 3252 680 :et
3274 642 3397 680 cum
3429 629 3494 682 il-

1917 713 2031 769 lnm
2063 714 2294 769 vidisset
2321 727 2625 777 mortuum.
2672 725 2727 770 et
2750 716 2859 785 jam
2893 726 3140 784 paratnm
3168 716 3235 769 ad
3259 718 3493 771 efferen-

1916 805 2272 866 dum.motus
2300 808 2522 876 quidem
2543 817 2624 863 est
2684 809 2891 866 animo.
2952 818 3008 860 et
3054 824 3120 861 ex
3169 808 3289 876 ejus
3340 812 3494 877 genis

1917 896 2161 951 ﬂuebant
2193 897 2444 968 Iacryma
2474 916 2485 952 :
2540 914 2716 968 neque
2744 897 2956 953 remisit
3003 906 3185 951 tamen
3241 915 3396 952 suam
3422 900 3487 952 ad

1917 989 2089 1043 Deum
2115 989 2396 1050 ﬁduciam.
2432 989 2526 1043 sed
2567 1005 2690 1043 cum
2716 1006 2909 1043 manus
2950 990 3113 1044 simul
3144 998 3197 1043 et
3225 991 3413 1044 oculos
3436 999 3493 1044 et

1917 1081 2156 1135 animam
2189 1081 2257 1135 ad
2305 1096 2430 1135 eum
2457 1081 2789 1140 sustulisset.
2836 1091 2917 1134 est
2947 1082 3262 1150 aliquandiu
3301 1097 3481 1152 preca—

1917 1182 2027 1227 tns.
2056 1172 2259 1227 Deinde
2286 1188 2394 1227 non
2427 1174 2631 1243 septies
2656 1173 2878 1243 quidem
2922 1175 3170 1242 inspirat.
3199 1176 3337 1229 sicut
3359 1176 3489 1228 olim

1914 1265 2122 1317 aelator
2146 1265 2310 1323 Etias.
2345 1266 2440 1319 sed
2469 1264 2645 1319 solum
2700 1280 2920 1318 manum
2979 1265 3214 1334 imponit
3247 1276 3483 1333 mortuo-

1915 1356 2016 1421 Qui
2049 1365 2230 1409 autem
2263 1356 2512 1417 aderant.
2584 1357 2689 1410 alia
2724 1373 2852 1411 eum
2910 1358 3047 1411 velle
3105 1367 3381 1427 putantes.
3436 1371 3493 1412 et

1916 1461 2024 1499 non
2064 1454 2123 1500 ut
2164 1455 2442 1499 mortuum
2476 1454 2707 1509 tentare.
2773 1447 2965 1501 dicunt
3009 1466 3022 1501 :
3087 1449 3181 1503 Est
3212 1450 3486 1502 mortuus.

1919 1535 2091 1591 Simul
2128 1545 2295 1605 atque
2336 1552 2468 1591 vero
2516 1537 2592 1590 illi
2630 1537 2734 1591 hoc
2761 1539 3034 1597 dixerunt.
3076 1541 3313 1595 surrexit
3349 1557 3491 1594 mor-

1917 1636 2047 1681 tuus
2074 1644 2088 1679 :
2114 1628 2420 1698 vidensque
2450 1638 2710 1682 ostensus
2738 1637 2822 1684 est
2848 1640 2904 1684 et
2929 1630 3178 1699 loquens.
3215 1643 3270 1687 et
3296 1648 3487 1688 eorum

1917 1735 2039 1789 qua
2067 1720 2179 1775 illic
2208 1730 2388 1782 erant.
2424 1722 2676 1777 meminit
2732 1723 3195 1788 spectaculorum.
3254 1725 3342 1781 Sic
3371 1726 3485 1791 ille.

1850 1862 1887 1916 Β
1915 1815 2031 1883 qui.
2065 1814 2108 1867 si
2137 1812 2453 1869 audendum
2498 1814 2569 1870 sit
2594 1814 2801 1874 dicere.
2834 1817 2922 1870 vel
2954 1816 3067 1870 sole
3094 1817 3294 1871 clarior
3325 1834 3492 1888 appao

1915 1914 2121 1963 ruerat.
2152 1906 2393 1964 nolebat.
2432 1905 2578 1975 quod
2613 1906 2680 1961 ad
2708 1922 2766 1961 se
2796 1907 3081 1969 attinebat.
3126 1910 3312 1964 multis
3344 1926 3493 1979 aper-

1914 2008 2029 2051 tum
2058 1997 2172 2051 ﬁeri
2198 1998 2527 2052 miraculum
2567 2015 2582 2051 :
2614 1998 2711 2053 sed
2743 2009 2799 2053 et
2834 1999 2882 2053 ei
2916 2002 3007 2069 qui
3044 2013 3378 2062 surrexerat.
3435 2012 3494 2057 et

1916 2087 1985 2142 iis
2024 2089 2483 2158 quiaspexerant.
2524 2092 2667 2145 sicut
2708 2106 2865 2145 meus
2890 2091 3070 2156 Jesus.
3124 2094 3375 2162 precipit
3412 2095 3491 2149 si-

1912 2178 2146 2233 lentium
2180 2198 2193 2234 :
2224 2191 2434 2235 tantum
2466 2182 2705 2237 aderens
2724 2182 2971 2237 studium
3000 2185 3490 2257 fugiendzeglorize,

1919 2285 2042 2341 qua
2065 2281 2152 2325 est
2196 2271 2267 2325 ab
2304 2271 2647 2338 hominibus,
2706 2286 2969 2344 quantam
3004 2275 3118 2343 ipse
3152 2288 3271 2332 erat
3316 2293 3345 2331 a
3383 2278 3493 2333 Deo

1912 2372 2327 2417 consecuturus.
2364 2363 2630 2429 Quocirca
2682 2380 2784 2421 nec
2808 2366 3061 2432 permisit
3108 2377 3169 2422 ut
3204 2368 3399 2423 lateret
3434 2368 3488 2424 id

1912 2455 2058 2523 quod
2087 2454 2290 2509 factum
2320 2458 2518 2520 fuerat.
2570 2457 2615 2510 is
2635 2457 2728 2526 qui
2758 2458 2927 2527 gloria
2972 2474 3188 2529 semper
3242 2460 3487 2516 circum-

1910 2544 2003 2601 dat
2062 2560 2157 2601 eos
2197 2547 2289 2616 qui
2342 2549 2519 2617 ipsum
2580 2548 2883 2620 gloriﬁcare
2934 2552 3251 2606 voluerunt.
3345 2553 3483 2608 Nam

1906 2641 2000 2708 qui
2056 2655 2119 2693 ea
2154 2641 2329 2693 oculis
2379 2650 2732 2708 aspexerant,
2792 2642 2912 2712 eius
2959 2644 3108 2712 jussa
3177 2659 3369 2713 parum
3393 2661 3490 2699 cu-

1912 2738 2118 2793 rantes.
2159 2744 2283 2785 cum
2313 2746 2418 2785 nee
2444 2732 2646 2786 vellent
2679 2734 2881 2794 celare.
2930 2748 3033 2788 nec
3089 2734 3211 2789 aliis
3276 2744 3487 2790 tantum

1911 2820 2116 2875 bonum
2158 2822 2427 2882 invidere.
2455 2838 2519 2878 ea
2544 2839 2665 2892 qua
2696 2824 2947 2880 viderant
2969 2826 3034 2880 ad
3071 2827 3365 2882 multorum
3393 2843 3490 2882 au-

1913 2927 2004 2966 res
2036 2912 2416 2967 transmittunt
2449 2930 2463 2967 :
2491 2928 2593 2967 nec
2615 2914 2719 2969 hoc
2751 2916 2928 2985 ipsum
2963 2916 3186 2986 quidem
3216 2918 3482 2983 celantes,

1912 3004 2056 3073 quod
2092 3019 2216 3058 cum
2248 3020 2363 3060 rem
2388 3015 2494 3059 tam
2526 3021 2775 3075 magnam
2814 3006 3058 3073 fecisset,
3100 3022 3202 3063 eos
3244 3009 3487 3079 jusscrat

1918 3096 2106 3150 silere.

322 3164 455 3219 κη’.
494 3164 639 3234 Πλὴν
694 3165 831 3218 ἀλλὰ
858 3165 918 3218 τδ
951 3168 1048 3237 μιν
1081 3170 1307 3238 νεκροὺς
1363 3171 1599 3241 ἐγείρειν
1638 3174 1811 3238 οὕτως
1837 3186 1881 3245 C
1981 3183 1997 3238 Ἰ

1809 3186 1881 3245 'C
1981 3182 2241 3240 ΧΧΫΙΙΙ..
2278 3184 2505 3253 Oportet
2564 3195 2750 3240 autem
2814 3188 2933 3258 ejus
2968 3203 3188 3257 quoque
3226 3189 3484 3243 virtutem

248 3252 362 3326 εἶχε
392 3256 588 3324 ῥᾳδίως
613 3258 711 3325 (1).
738 3259 829 3310 Δεῖ
858 3259 913 3311 δὲ
940 3262 1033 3312 καὶ
1061 3262 1161 3327 τὴν
1181 3264 1321 3314 κατὰ
1351 3262 1622 3330 δαιμόνων
1643 3266 1808 3319 αὐτοῦ

248 3346 481 3413 δύναμιν
512 3346 761 3414 ιπίδηλαν
791 3346 957 3401 αὑτοῦ
983 3351 1266 3422 καθιστᾷν.
1302 3352 1643 3424 Προσέφερον
1664 3356 1811 3426 αὺτῷ

248 3452 312 3489 τε
332 3437 697 3505 δαιμονῶντας
755 3439 890 3507 δμοῠ
948 3440 1244 3508 τέσσαρας,
1284 3442 1538 3511 χαλεποῖς
1590 3445 1809 3514 δαίμοσι

248 3531 344 3583 καὶ
376 3532 757 3597 πονηροτάτοις
804 3532 1293 3599 κατειλημμένουςο
1354 3535 1497 3586 καὶὸ
1554 3512 1654 3605 εἶεν
1690 3512 1810 3605 ﬁ;

250 3618 588 3687 προσευχῆς,
617 3622 663 3670 οί
692 3619 748 3671 δι
784 3621 881 3686 τῆς
917 3623 1113 3703 μανίας
1146 3622 1308 3710 εὐθὺς
1336 3625 1588 3695 ἦρχοντο.
1615 3625 1687 3679 Τὸ
1712 3630 1809 3695 μὲν

247 3704 344 3761 οὖν
373 3707 588 3777 πρῶτον
621 3707 921 3779 βλάσφημα
951 3728 1009 3763 τε
1039 3714 1116 3774 εις
1146 3704 1312 3765 αὑτὸν
1343 3715 1674 3783 εφθίγγοντο
1715 3720 1808 3771 καὶ

245 3801 373 3862 τοὺς
406 3800 603 3871 ἄνδρας
640 3804 876 3871 ἰσχυρῶς
917 3803 1277 3874 ἐξετάραττον
1299 3822 1311 3835 ·
1340 3807 1531 3863 ἔπειτα
1578 3812 1663 3863 διὰ
1708 3812 1808 3879 τῆς

248 3891 414 3960 εὐχῆς
440 3894 802 3961 ἀκμαιότερον
836 3894 1129 3963 ίσχυούσης
1160 3897 1408 3965 ἀοράτως
1434 3900 1632 3952 ἐκείνοι
1662 3901 1809 3969 δεχόο

248 3998 404 4050 μενοι
434 3985 529 4042 τὰς
558 3983 774 4051 πληγὰς
806 3985 1190 4052 δημοσιεύουσι
1214 3988 1313 4049 τὰς
1342 3989 1530 4052 ὀδύνας
1559 3994 1654 4043 καὶ
1680 3993 1807 4062 pos»

244 4074 526 4143 ἄρχονται·
572 4074 842 4128 Κέλευσον
886 4076 1016 4143 ἡμῖν
1062 4076 1321 4143 ἔξελθεῐν,
1355 4080 1542 4151 Insidi)
1597 4086 1689 4137 καὶ
1709 4086 1808 4150 τὴν

243 4164 375 4219 καθ’
396 4164 555 4233 ἡμῶν
589 4164 841 4227 ἐξουσίαν
868 4166 1029 4228 αὐτὸς
1054 4166 1279 4236 εἴληφας
1296 4183 1311 4199 ·
1357 4168 1480 4224 λίαν
1509 4173 1808 4239 indeuia);

240 4253 406 4309 τοῦτο
442 4254 537 4307 καὶ
561 4254 905 4322 κακοτέχνοις
919 4257 1116 4311 εκεῖνοι
1135 4274 1155 4290 ο
1173 4258 1407 4327 δηλώσει
1438 4262 1546 4333 γὰρ
1568 4264 1635 4315 τά
1655 4264 1805 4335 ιεῆς.

244 4348 439 4411 Συνεὶς
488 4345 586 4401 οὖν
615 4349 716 4418 τὴν
763 4348 1059 4419 επιϐουλὴν
1085 4353 1115 4404 δ
1154 4352 1325 4418 μάτας
1346 4352 1459 4406 οὒτ’
1489 4357 1806 4429 επεστραφη

246 4438 386 4508 πρὸς
424 4439 483 4490 τὸ
505 4440 688 4509 ῥηθὲν,
720 4437 841 4492 οὔτε
876 4442 982 4507 μὴν
1013 4442 1362 4509 ιπετίμησεν,
1402 4446 1516 4496 ἀλλ’
1547 4450 1624 4508 είς
1647 4450 1809 4518 οὐρα-

1910 3278 2199 3331 ostendere
2233 3278 2501 3332 adversus
2545 3278 2844 3334 demones.
2887 3280 3211 3334 Attuletunt
3258 3283 3324 3334 ad
3357 3296 3484 3335 eum

1910 3370 2202 3441 aliquando
2217 3380 2453 3441 quatuor
2481 3373 2641 3427 simul
2673 3373 3057 3435 daemoniacos.
3092 3390 3230 3443 quos
3251 3376 3486 3429 saevissi—

1912 3462 1986 3514 mi
2011 3471 2065 3516 et
2096 3462 2313 3531 pessimi
2352 3464 2668 3518 invaserant
2696 3464 2994 3519 daemones.
3047 3464 3117 3519 Et
3147 3464 3236 3518 ille
3260 3467 3481 3532 quidem

1910 3552 2146 3620 precari,
2201 3551 2275 3605 illi
2305 3561 2485 3605 autem
2514 3552 2697 3606 statim
2724 3562 3019 3620 cmperunt
3054 3553 3316 3609 insanire.
3380 3554 3482 3609 At-

1908 3657 2015 3711 que
2084 3643 2318 3710 primum
2352 3645 2575 3712 quidem
2633 3643 2688 3697 ln
2728 3659 2853 3697 eum
2907 3645 3273 3714 loquebantur
3335 3644 3481 3701 blas-

1909 3733 2145 3803 pbema,
2210 3746 2266 3789 et
2316 3735 2570 3789 homines
2618 3735 2975 3789 vehementer
3059 3735 3475 3791 conturbabant.

1914 3822 2117 3876 Deinde
2134 3839 2257 3877 enm
2279 3840 2471 3894 preces
2503 3826 2675 3893 magis
2706 3826 2954 3895 vigerent
2979 3836 3039 3880 et
3064 3826 3477 3891 invalescerent.

1912 3914 1988 3968 illi
2027 3915 2128 3967 etsi
2158 3930 2265 3968 non
2298 3915 2618 3969 viderentur
2650 3915 2831 3985 plagas
2874 3916 3225 3985 accipientes,
3259 3916 3479 3971 dolores

1912 4000 1964 4054 in
1998 4003 2274 4069 publicum
2299 4002 2605 4070 proferunt.
2642 4014 2698 4057 et
2723 4005 2958 4057 clamare
2978 4004 3248 4073 incipiunt
3281 4021 3294 4057 :
3328 4003 3469 4060 Iube

1910 4107 2012 4145 nos
2040 4093 2209 4153 exire.
2252 4093 2510 4161 quoniam
2544 4094 2598 4146 in
2634 4108 2735 4147 nos
2785 4094 3047 4161 accepisti
3099 4104 3420 4165 petestatem
3459 4112 3473 4149 :

1908 4182 2171 4236 insidiose
2194 4183 2413 4252 quidem
2444 4183 2518 4237 illl
2552 4183 2728 4237 hocet
2759 4184 2993 4253 maligne
3019 4200 3033 4235 :
3059 4185 3261 4237 etenim
3286 4193 3475 4238 osten-

1906 4272 2038 4327 dent
2060 4274 2195 4335 haec.
2236 4288 2356 4343 quae
2382 4274 2640 4345 deinceps
2666 4285 2991 4345 sequuntur.
3020 4273 3157 4330 Cum
3183 4275 3363 4345 itaque
3388 4276 3470 4331 ln-

1911 4363 2205 4418 tellexisset
2237 4364 2471 4418 insidias
2501 4380 2728 4434 magnus
2765 4364 3068 4429 Marcellus.
3134 4381 3304 4435 neque
3336 4380 3471 4420 con-

1916 4470 2103 4506 vicistis
2148 4463 2230 4506 est
2290 4454 2356 4507 ad
2390 4455 2441 4507 id
2481 4457 2625 4522 quod
2663 4454 2869 4508 dictum
2922 4454 3114 4514 fuerat.
3167 4470 3344 4525 neque
3375 4470 3470 4509 eos

245 4531 340 4581 νδν
374 4529 533 4597 μόνον
559 4527 768 4596 βλέπων
787 4529 885 4597 τῆς
913 4530 1075 4598 εὐχῆς
1100 4532 1279 4599 εἴχετο
1308 4534 1402 4585 καὶ
1425 4536 1577 4587 οὐδὲν
1610 4516 1733 4590 ἄλλο
1754 4539 1807 4607 ἢ,
1845 4516 1885 4569 D

1792 4580 1807 4600 .
1845 4516 1885 4569 θ
1922 4545 2247 4611 increpavit.
2280 4545 2371 4597 sed
2404 4545 2469 4597 ad
2508 4546 2704 4599 cazlutn
2745 4545 2921 4597 solum
2947 4547 3184 4606 intuens.
3209 4559 3465 4613 perseve-

245 4619 430 4672 Σιώσον
490 4619 550 4670 τὸ
599 4618 691 4671 σὺν
737 4618 986 4688 πλάσμα,
1016 4621 1242 4692 Χριστὶ,
1288 4626 1515 4679 ἐπιπολὺ
1560 4626 1810 4696 δεόμενος

244 4710 423 4776 ιλεγε.
454 4709 560 4761 Καὶ
593 4709 643 4759 οι
683 4708 783 4777 μιν
832 4705 989 4772 αὖθις
1038 4712 1396 4781 κελευσθῆναι
1454 4717 1669 4783 ἠξίουν·
1696 4720 1726 4771 ὸ
1755 4719 1809 4773 δὲ

244 4799 349 4853 οὐκ
382 4798 645 4858 ιπείθετο,
681 4799 815 4850 ἀλλὰ
848 4801 964 4851 κατ’
996 4802 1177 4853 αὐτῶν
1212 4803 1309 4870 τὴν
1337 4804 1489 4857 θείαν
1509 4809 1693 4861 ἐκάλει
1717 4810 1811 4861 δύ-

247 4907 436 4960 ναμιν,
468 4893 555 4942 καὶ
583 4890 753 4953 οὕτως
790 4891 1102 4959 ἠλαύνοντο,
1141 4894 1233 4945 καὶΙ
1261 4899 1308 4947 οἱ
1336 4897 1523 4965 ἄνδρες
1555 4902 1610 4950 εν
1634 4901 1813 4968 ταυτῷ

246 4981 349 5049 τῆς
378 4982 639 5051 μάστιγος
674 4984 1095 5051 ἀπηλλάττοντο.
1133 4987 1286 5039 Ἐπεὶ
1308 4988 1364 5040 δὲ
1394 4991 1485 5040 καλ⁵
1509 4991 1604 5057 τὴν
1633 4993 1812 5043 αἰτίαν

250 5072 482 5143 ἠρώτων
512 5076 559 5125 οἱ
582 5074 703 5125 τότε
732 5075 1017 5143 παρόντες,
1049 5076 1100 5127 τί
1129 5077 1189 5144 δή
1217 5094 1347 5129 ποτε
1369 5080 1535 5148 μηδὲν
1564 5083 1672 5142 τοῖς
1698 5082 1812 5134 δαί-

254 5178 415 5232 μοσιν
477 5164 708 5233 ετοίμως
776 5166 1079 5233 ὑποχωρεῖν
1129 5167 1482 5235 ὁμολογοῦσιν
1529 5170 1588 5233 ἐξ
1635 5173 1807 5242 ἀρχῆς

250 5257 543 5308 ἐπέταττεν
563 5297 578 5319 ,
610 5257 839 5320 ἐκεῖνος,
872 5258 992 5310 Ὀτι
1031 5275 1123 5327 με,
1170 5263 1323 5327 φησὶ,
1355 5264 1455 5331 τὴν
1484 5264 1602 5316 κατ’
1628 5266 1808 5317 αὐτῶν

251 5348 503 5412 ἐξουσίαν
548 5348 826 5419 είληφὶναι
875 5348 1123 5415 λέγοντες
1178 5352 1327 5405 οὐδὲν
1368 5354 1495 5407 ἄλλο
1527 5356 1805 5426 ἰποίουνῆ

250 5440 557 5505 κενοδιξίας
598 5441 814 5509 βρέχοις
859 5459 924 5506 με
963 5442 1245 5495 συλλαϐεῖν
1285 5445 1561 5501 ἔσπευδον.
1596 5448 1701 5500 Καὶ
1741 5450 1808 5502 τὰ

256 5531 357 5595 μὲν
384 5531 492 5584 τῶν
521 5535 800 5602 τεσσάρων
830 5534 1054 5586 ἐκείνων
1086 5536 1289 5605 ἀνδρῶν
1315 5536 1505 5598 οὕτως.
1541 5538 1671 5590 Μετ’
1699 5540 1807 5591 όλί-

253 5636 350 5687 γον
391 5620 446 5673 δὲ
500 5624 593 5673 καὶ
627 5622 876 5692 Λάζαρός
925 5640 1007 5685 τις
1048 5624 1188 5692 ἀνὴρ
1216 5625 1491 5693 δαιμονίου
1523 5630 1613 5680 καὶ
1647 5630 1807 5689 αὐτὸς

331 5795 407 5849 Ml
443 5797 616 5852 Verba
644 5797 789 5866 Πλὴν
825 5799 958 5853 ἀλλὰ
993 5838 1007 5854 .
1042 5840 1055 5855 .
1088 5841 1099 5853 .
1138 5842 1149 5856 .

1914 4636 2070 4687 rabat
2091 4637 2145 4687 in
2179 4636 2450 4696 oratione.
2485 4644 2540 4688 et
2571 4636 2704 4688 nihil
2735 4635 2879 4687 aliud
2908 4650 3091 4704 quam.
3122 4633 3286 4689 Serva
3314 4644 3467 4689 tuum

1912 4730 2249 4798 ﬁgmentum,
2281 4745 2314 4784 ο
2346 4729 2587 4790 Christe.
2630 4732 2721 4783 diu
2749 4744 2945 4800 rogans
2996 4731 3229 4784 dicebat.
3281 4730 3347 4784 Et
3386 4729 3463 4784 illi

1911 4824 2131 4891 quidem
2165 4837 2353 4876 rursus
2402 4822 2665 4891 rogabant
2713 4833 2773 4876 ut
2818 4822 3065 4891 juberet;
3134 4822 3224 4876 ille
3281 4832 3463 4876 antem

1912 4928 2021 4965 non
2054 4910 2490 4979 obtemperabat.
2553 4910 2646 4965 sed
2681 4913 2734 4965 in
2776 4922 2873 4964 eos
2914 4911 3153 4965 divinam
3204 4910 3459 4966 virtutem

1910 5002 2197 5055 invocatiat
2228 5018 2241 5053 :
2292 5001 2481 5070 sicque
2515 5002 2723 5070 expulsi
2747 5012 2891 5063 sunt.
2925 5010 2981 5054 et
3005 5003 3103 5053 viri
3140 5002 3299 5054 simul
3322 4999 3460 5054 libe~

1909 5096 2009 5147 rati
2034 5103 2162 5147 sunt
2199 5109 2226 5144 a
2247 5094 2419 5162 plaga.
2448 5092 2582 5146 Cum
2610 5102 2787 5146 autem
2816 5107 3031 5146 causam
3062 5101 3332 5161 rogarent.
3364 5093 3455 5158 qui

1917 5189 2046 5234 tunc
2094 5182 2340 5239 aderant.
2386 5194 2484 5233 cur
2534 5178 2870 5232 dsemonibus
2924 5194 2981 5233 se
3013 5191 3260 5232 cessuros
3283 5176 3457 5230 conﬁ-

1912 5271 2151 5324 tentibus
2171 5270 2239 5323 ab
2286 5271 2440 5323 initio
2478 5269 2611 5323 nihil
2666 5272 2939 5339 praccpit.
3001 5269 3088 5321 ille
3130 5267 3450 5334 respondit:

1911 5362 2177 5427 Quoniam
2218 5362 2461 5414 dicentes
2487 5376 2573 5415 me
2598 5364 2761 5415 ineos
2808 5360 3081 5429 accepisse
3112 5366 3450 5426 potestatem.

1913 5467 2024 5506 non
2051 5452 2196 5507 aliud
2224 5452 2477 5521 agebant.
2509 5467 2671 5520 quam
2699 5451 2841 5520 quod
2872 5465 3017 5503 vanae
3044 5451 3222 5518 gloria:
3245 5450 3451 5516 laqueis

1914 5557 1999 5596 me
2030 5550 2365 5596 conarentur
2393 5543 2689 5611 implicare.
2723 5540 2790 5594 Et
2824 5540 3035 5594 illorum
3064 5539 3285 5608 quidem
3316 5553 3449 5605 qua-

1914 5632 2306 5686 tuor-virorum
2335 5644 2424 5684 res
2453 5633 2529 5684 ita
2563 5645 2620 5684 se
2646 5630 2966 5684 habuerunt.
3008 5627 3174 5681 Paulo
3203 5636 3319 5697 post
3347 5639 3444 5679 au-

1213 5804 1411 5873 ρᾳδίως
1442 5820 1548 5859 non
1597 5805 1812 5874 legebat
1852 5807 2121 5874 interpres
2144 5806 2283 5877 apud
2312 5806 2553 5863 Surium.
