4242 6442
767 350 875 413 735
1977 348 2264 410 MENSIS
2303 348 2744 410 DECEMBER.
3899 336 4033 396 736

766 471 876 515 tem
933 459 1169 514 Lazarus
1223 473 1441 528 quoque
1491 459 1738 528 quidam,
1796 460 1889 528 qui
1930 460 2336 529 corripiebatur
2366 465 2441 525 A;

2366 465 2406 517 Α
2440 459 2608 530 μανίᾳ
2671 458 2897 526 κάτοχος
2957 455 3032 509 ὣν
3063 453 3158 506 καὶ
3196 452 3295 524 τὴν
3325 451 3570 519 γλῶτταν
3627 447 3866 504 immiti:
3913 464 4029 499 του

768 552 952 608 furore
990 551 1344 614 dzemoniaco,
1386 559 1441 604 et
1478 551 1715 621 linguam
1769 551 1862 605 diu
1899 568 1995 606 ore
2045 559 2320 607 exsertam
2435 572 2443 602 t

2435 553 2698 620 στόματος
2749 550 2841 604 [σα
2873 549 2965 602 καὶ
3013 550 3126 610 τοῖς
3162 547 3319 600 κυσὶν
3355 543 3646 626 ικκρεμῶν
3694 543 3791 595 καὶ
3829 540 4032 606 ἁφρδν

768 642 1180 712 etpcndeutem
1228 641 1486 704 habebat,
1545 645 1686 697 sicut
1733 658 1914 703 canes.
1965 653 2021 698 et
2074 659 2322 714 spumam
2433 644 2443 694 Ι

2433 643 2624 696 ιπειτα
2653 641 3013 711 παραπτύων,
3063 641 3162 706 τῆς
3191 636 3361 703 αὐτῆς
3401 639 3494 688 καὶ
3522 629 3678 697 οὗτος
3728 633 4034 686 ἀπέλαυσε

770 733 974 788 deinde
1003 730 1329 802 exspuizbat,
1360 731 1604 787 eamdem
1630 749 1846 803 quoque
1864 746 2192 789 consecutus
2224 736 2327 790 fuit
2434 735 2445 785 ί

2434 735 2750 801 θεραπείας.
2810 733 2962 797 ’Λμα
2990 731 3096 796 γὰρ
3129 729 3430 797 ὀφθαλμοῖς
3450 727 3619 779 αὐτὸν
3666 724 3775 776 εἶδε
3809 724 4033 791 φιλαν-

773 824 1141 878 curationem.
1172 822 1304 878 Nam
1332 839 1454 878 cum
1487 825 1726 893 primum
1755 841 1879 879 eum
1914 837 2140 881 sanctus
2169 826 2328 880 bcni-
2434 827 2448 878 ί

2434 826 2672 894 θρώποις
2697 827 2724 877 ὁ
2756 814 2932 891 ἅγιος.
2968 826 3062 877 καὶ
3094 823 3240 876 ίασιν
3290 819 3568 888 επηὺξατο
3614 818 3718 885 τῆς
3756 815 4027 884 πληγῆς.

773 915 893 980 guis
925 914 1061 967 vidit
1081 915 1276 972 oculis.
1304 925 1360 968 et
1384 927 1639 983 precatus
1667 917 1825 970 estei
1850 933 1961 970 suae
1984 918 2151 987 plaga:
2171 933 2331 972 cura-
2436 917 2448 968 ί

2436 914 2594 985 ὑγιὴς
2627 915 2788 977 εὐθὺς
2833 915 3066 984 ἑωρᾶτο,
3097 915 3191 966 καὶ
3239 910 3335 964 τοῦ
3381 911 3709 982 ,συνέχοντος
3752 907 4034 973 δαίμονος

771 1006 998 1063 tionem.
1031 1007 1212 1059 statim
1258 1017 1585 1075 conspectus
1613 1016 1697 1061 est
1735 1022 1926 1067 sanus,
1966 1016 2037 1081 et
2069 1008 2331 1062 liberatus
2436 1026 2446 1061 ε

2436 1008 2828 1074 ἀπηλλάττετο.
2860 1007 2968 1058 Καὶ
2996 1005 3050 1056 τί
3077 1005 3159 1058 δεῖ
3197 1003 3379 1070 λέγειν
3433 1004 3502 1055 τὰ
3557 1001 3769 1054 εκείνου
3803 1001 4029 1061 πάντας

772 1105 856 1148 est
893 1110 922 1147 a
951 1094 1341 1164 d:emone,'qui
1371 1111 1495 1149 eum
1542 1098 1865 1165 occupabat.
1914 1096 1982 1152 Et
2029 1098 2161 1166 qttid
2193 1112 2332 1166 opus
2442 1122 2447 1168 ι

2442 1100 2570 1168 ῥᾷον
2601 1097 2709 1167 γὰρ
2735 1097 2972 1167 ἀστέρας
3005 1096 3260 1166 ἀριθμεῖν
3294 1095 3326 1164 ἢ
3352 1094 3572 1162 κύματα
3596 1093 3886 1158 θαλάσσης
3926 1106 4027 1156 με·

773 1199 856 1239 εει
890 1187 1034 1238 illius
1065 1201 1262 1240 cuncta
1304 1186 1780 1243 dicere?Facilius
1814 1193 1961 1244 enim
2021 1199 2106 1244 est
2154 1191 2338 1246 stellas
2443 1206 2448 1220 '

2443 1191 2588 1257 τρεῖν
2638 1187 2672 1256 ἢ
2721 1186 2868 1256 ἄλλῳ
2896 1190 3005 1238 τινὶ
3059 1186 3167 1238 τῶν
3209 1186 3494 1240 ἀδυνάτων
3547 1184 3859 1252 ἐπιχειρεῖν
3891 1179 3929 1248 ἢ
3961 1178 4038 1230 τὰ

780 1291 1090 1337 nuuzerare,
1147 1287 1240 1330 aut
1279 1280 1444 1331 maris
1479 1278 1676 1334 ﬂuctus
1729 1279 1932 1342 tnctiri,
1982 1291 2077 1334 aut
2131 1281 2339 1349 aliquid
2446 1283 2455 1330 i

2446 1279 2656 1331 ἐκείνου
2679 1278 2859 1330 πάντα
2882 1275 3178 1345 πειρᾶσθαι
3197 1276 3287 1329 διὰ
3306 1277 3494 1338 τέλους
3512 1277 3678 1343 ίρεῖν.
3703 1271 3862 1337 Πλὴν
3886 1268 4038 1322 ἀλλὰ

779 1369 928 1422 aliud
965 1372 1208 1439 aggredi,
1241 1370 1384 1438 quod
1427 1370 1542 1424 ﬂeri
1588 1386 1694 1424 non
1725 1381 1925 1440 potest,
1981 1388 2142 1441 quam
2199 1372 2345 1426 illius
2449 1388 2454 1420 :

2449 1371 2542 1422 καὶ
2576 1369 2747 1438 μικρὰ
2794 1384 2916 1422 τινα
2968 1368 3130 1420 πάλιν
3178 1365 3410 1420 καὶτῶν
3453 1365 3664 1419 ἑκείνου
3689 1363 3922 1431 τρόπων
3950 1350 4054 1420 εἰς’

781 1474 870 1514 res
899 1476 1088 1514 omnes
1119 1461 1387 1514 invenire.
1426 1461 1911 1517 Verumeuimvero
1952 1479 2118 1528 pauca
2195 1479 2345 1532 quae-

2340 1493 2345 1503 .
2456 1461 2618 1530 μέσον
2677 1458 2881 1517 θετέον.
2918 1458 2986 1511 ἶν’
3017 1459 3227 1526 ῐδωμεν
3263 1459 3345 1510 ὅτι
3396 1449 3441 1523 ᾧ
3488 1455 3660 1509 ταῦτα
3689 1453 4015 1518 επράττετο

781 1550 904 1602 dam
959 1557 1023 1604 «'e
1055 1549 1203 1604 illius
1259 1555 1421 1603 etiam
1474 1552 1717 1604 moribus
1749 1552 2065 1606 adducenda
2119 1565 2246 1608 stitit
2291 1551 2345 1606 in
2452 1570 2456 1602 τ

2452 1552 2681 1603 κάκεῖνα
2713 1551 2931 1612 πάντως
2966 1549 3249 1618 ὠφείλετο,
3275 1550 3372 1603 καὶ
3410 1550 3528 1617 ἅμα
3561 1547 3770 1616 προῖὼν
3808 1546 3899 1606 εἰς
3926 1541 4038 1611 μῆ·

791 1639 1055 1703 medium,
1093 1653 1151 1694 ut
1177 1640 1433 1706 sciamus,
1464 1642 1605 1710 quod
1641 1657 1667 1693 a
1694 1657 1803 1710 quo
1839 1641 1953 1696 lia-c
1993 1643 2345 1712 gerebantur,
2455 1661 2466 1694 π

2190 1654 2345 1702 .ntur,
2455 1660 2547 1704 κος
2575 1645 2600 1695 ὁ
2621 1642 2773 1710 λόγος
2800 1642 2880 1711 τῷ
2912 1642 3138 1712 ποικίλῳ
3157 1642 3502 1708 διαφεύγοιτο
3535 1637 3865 1706 προσκορές.

786 1731 878 1786 illa
907 1748 1127 1802 quoque
1150 1733 1199 1786 ei
1233 1733 1457 1786 omnino
1527 1733 1870 1789 debel-antur
1907 1752 1920 1788 :
1996 1743 2053 1789 et
2119 1735 2279 1788 simul
2317 1749 2438 1802 qua:
2475 1735 2530 1786 iu
2568 1733 2784 1802 longum
2811 1732 3133 1803 producitur
3155 1735 3354 1798 oratio,
3410 1721 3673 1786 varieiate
3699 1730 3906 1784 vitabit
3941 1739 4039 1780 sa-

790 1827 1056 1879 tietatem.

856 1917 1044 1971 XXIX.
1085 1916 1183 1972 llic
1233 1935 1462 1989 magnus
1504 1918 1790 1974 Marcellus
1837 1935 1959 1974 cum
2007 1919 2128 1974 aliis
2185 1919 2343 1973 bouis
2377 1925 2418 1979 Β
2518 1918 2531 1969 1

2377 1925 2418 1979 Β
2518 1915 2647 1969 ΚΘ¹.
2681 1908 2850 1976 Οὗτος
2879 1917 2905 1968 ὁ
2933 1915 3105 1982 μέγας
3122 1914 3441 1984 Μάρκελλος
3461 1911 3600 1981 μετὰ
3613 1911 3724 1964 τῶν
3747 1912 3938 1966 ἄλλων
3959 1903 4040 1964 ὧν

785 2027 858 2080 qtt
879 2029 905 2061 ιι
932 2012 1182 2071 habebat,
1216 2022 1529 2069 sanctorum
1561 2026 1776 2080 quoque
1805 2012 2158 2081 reliquiarum
2188 2020 2341 2064 teneo
2450 2026 2460 2061 ι

2450 2004 2559 2075 εἶχε
2586 2007 2764 2059 καλῶν
2786 2007 2878 2059 καὶ
2897 2006 3108 2076 περὶτὰ
3121 2006 3228 2060 τῶν
3246 2005 3413 2072 ἁγίων
3433 2005 3658 2074 λείψανα
3675 2005 3845 2056 πολὺν
3871 2004 4039 2056 ὥδινε

789 2095 950 2148 batur
989 2113 1178 2165 magno
1204 2105 1259 2151 et
1283 2100 1589 2151 vehementi
1639 2114 1844 2162 amore,
1896 2115 1989 2154 eas
2024 2100 2346 2154 existimans
2451 2118 2464 2148 π

2451 2101 2541 2151 τὸν
2570 2100 2749 2167 ἔρωτα
2783 2099 2878 2151 καὶ
2913 2098 3136 2167 θερμὸν,
3161 2097 3310 2166 δῶρα
3335 2095 3505 2149 ταῦτα
3536 2095 3773 2164 νομίζων
3799 2095 4039 2163 οὐράνια

787 2203 907 2241 esse
942 2189 1079 2241 dona
1116 2189 1378 2250 caelestia,
1407 2197 1462 2241 et
1502 2205 1691 2244 revera
1723 2192 1944 2260 plurimi
1973 2191 2219 2245 facienda
2249 2209 2261 2244 :
2291 2201 2347 2244 et
2454 2209 2462 2241 τ

2454 2190 2546 2242 καὶ
2565 2189 2804 2258 ατεχνῶς
2838 2188 2962 2251 ἄξια
2994 2187 3088 2241 τοῦ
3117 2189 3341 2250 παντὸς,
3396 2186 3490 2238 καὶ
3514 2187 3542 2238 ὃ
3570 2189 3634 2254 γε
3682 2203 3738 2238 τι
3787 2186 4043 2239 τοιοῦτον

791 2281 881 2344 qui
935 2277 1142 2346 alquid
1195 2279 1299 2330 tale
1347 2279 1412 2332 ad
1447 2294 1571 2333 cum
1626 2280 1925 2344 deferebat,
1975 2281 2350 2350 appellabatur
2455 2299 2466 2334 t

2455 2280 2601 2350 αὐτῷ
2630 2280 2868 2349 κομίζων
2901 2281 3082 2350 σωτὴρ
3113 2280 3360 2334 εκαλεῖτο
3393 2281 3487 2333 καὶ
3517 2278 3832 2346 εὐεργέτης.
3858 2280 3962 2330 καὶ
3983 2277 4043 2342 ἐξ

792 2379 1037 2419 servator
1077 2378 1129 2420 et
1171 2368 1506 2429 benefactor,
1551 2378 1607 2421 et
1647 2368 1935 2424 videbatur
1987 2384 2107 2424 esse
2150 2370 2351 2423 missus
2459 2390 2467 2422 ι

2459 2372 2635 2423 αὐτῶν
2657 2372 2828 2423 ἐδόκει
2853 2370 3168 2440 πεμφθῆναι
3189 2370 3298 2422 τῶν
3323 2370 3589 2440 οὐρανῶν.
3613 2369 3917 2446 Τοιγάρτοι
3945 2371 4043 2421 καὶ

796 2473 858 2506 ex
895 2456 1027 2532 ipsis
1061 2459 1230 2512 crelis.
1267 2458 1408 2512 Deus
1444 2459 1624 2527 itaque
1664 2461 1756 2528 qui
1797 2461 1849 2513 in
1884 2460 1987 2514 hoc
2020 2469 2269 2529 prompto
2299 2471 2355 2513 et
2460 2467 2471 2513 t

2460 2463 2588 2522 Θεὸς
2617 2464 2762 2532 αὑτῷ
2786 2463 2882 2530 τῆς
2912 2463 3223 2532 προθυμίας
3277 2461 3752 2530 συνεφαπτόμενος
3803 2460 4041 2521 πολλοὺς

797 2528 961 2599 οιηότὶ
1025 2549 1188 2600 animi
1244 2551 1423 2604 studio
1458 2551 1506 2604 ei
1563 2566 1719 2618 opem
1770 2551 1998 2614 terebat,
2041 2551 2242 2604 multos
2289 2565 2354 2604 ex
2462 2572 2472 2605 τ

2462 2528 2785 2622 πολλαχόθεν
2812 2528 2914 2624 ἦγε
2946 2528 3034 2606 τὸν
3062 2528 3239 2622 ἔρωτα
3265 2528 3790 2622 παραμυθουμένους
3809 2555 3906 2605 καὶ
3927 2554 4041 2611 τοῖς

799 2640 981 2692 multis
1005 2639 1137 2693 lucis
1164 2640 1490 2704 adducebat,
1520 2643 1613 2713 qui
1646 2644 1788 2696 hunc
1815 2645 1932 2711 ejus
1961 2658 2201 2698 amorem
2230 2655 2358 2695 cou-
2465 2662 2474 2696 τ

2465 2645 2862 2707 ποθεινοτατοις
2898 2647 3059 2698 αὑτὸν
3095 2646 3168 2708 ὡς
3207 2646 3361 2712 φίλον
3405 2645 3599 2714 δώροις
3629 2643 4040 2712 δεξιουμένους,

800 2731 1128 2792 solarentur,
1162 2743 1216 2786 et
1247 2733 1386 2786 doua
1418 2751 1536 2803 qua-
1596 2743 1753 2788 erant
1795 2735 2028 2788 maxime
2079 2733 2315 2803 optanda
2343 2773 2358 2797 ,
2466 2756 2475 2771 -

2466 2737 2622 2791 τοῦτο
2655 2739 2832 2807 μὲνὲκ
2859 2737 3266 2806 Περσ‹ῖ›ν,τοῦτο
3293 2738 3352 2790 δι
3384 2737 3443 2801 ἐξ
3477 2737 3774 2805 ’1λλυριιῖιν,
3798 2737 3963 2789 τοῦτο
3985 2736 4041 2788 δι

803 2821 1109 2876 nﬂ‘erebaut
1159 2825 1207 2875 ei
1245 2833 1502 2892 tauquam
1535 2829 1709 2879 amico
1748 2841 1762 2877 :
1798 2825 1993 2894 partim
2040 2824 2265 2894 quidem
2295 2839 2361 2877 ex
2471 2849 2478 2881 :

2471 2829 2561 2881 καὶ
2589 2833 2650 2883 ὲκ
2673 2831 2776 2881 τῶν
2801 2829 3140 2898 ἁπανταχοῦ.
3194 2828 3252 2882 '0
3281 2830 3337 2882 δι
3367 2831 3442 2890 ὼς
3490 2828 3556 2882 ἂν
3588 2830 3760 2890 είποις
3788 2833 3881 2880 καὶ
3920 2827 4040 2892 μεθ’

804 2911 1003 2976 Persis,
1032 2919 1225 2982 partim
1254 2925 1431 2970 autem
1458 2933 1521 2970 ex
1550 2918 1784 2987 Illyrico,
1817 2918 2010 2987 partim
2061 2933 2124 2971 ex
2157 2917 2221 2971 iis
2247 2933 2366 2986 quae
2470 2923 2479 2973 ε

2470 2923 2601 2988 ὅσης
2629 2923 2764 2973 αὑτὰ
2797 2923 2893 2989 τῆς
2952 2923 3164 2990 ἡδονῆς,
3202 2921 3323 2990 μεθ’
3369 2923 3499 2986 ὅστις
3534 2921 3588 2973 δι
3616 2921 3717 2988 τῆς
3738 2920 3907 2986 τιμῆς
3947 2921 4043 2971 καὶ

805 3017 963 3058 erant
1003 3007 1206 3075 ubique
1234 3009 1566 3075 regionibus.
1591 3009 1687 3062 llle
1734 3025 1858 3064 vero
1909 3008 2364 3078 quemadmodum
2472 3032 2480 3049 ι

2472 3014 2569 3082 τῆς
2589 3012 2769 3076 αἰδοῦς
2798 3013 3110 3081 ὑπεδεχετο,
3141 3013 3276 3082 ὁμοῦ
3307 3014 3404 3081 μὲν
3428 3012 3674 3065 ἐντεῦθεν
3701 3012 3763 3064 τὸ
3785 3013 3926 3080 πρὸς
3951 3011 4041 3062 τὸν

808 3112 931 3150 cum
999 3115 1186 3168 magna
1264 3097 1359 3152 sua
1409 3102 1883 3166 delectatioue,ita
1968 3117 2091 3156 cum
2155 3117 2369 3156 summo
2475 3123 2483 3158 ε

2365 3125 2369 3147 ι
2475 3106 2650 3158 κοινὸν
2685 3107 2958 3174 Δεαπότην
2993 3105 3212 3173 φίλτρον
3258 3103 3630 3164 δπιδεικνύων.
3677 3102 3898 3169 όμοῦδδ
3949 3103 4040 3154 καὶ

814 3189 1021 3244 honore
1053 3201 1104 3244 et
1138 3191 1440 3245 reverentia
1468 3207 1526 3244 ea
1554 3195 1859 3262 excipiebat
1899 3209 1910 3242 :
1952 3193 2116 3246 simul
2149 3192 2367 3260 quidem

2479 3194 2654 3263 ζηλῶν
2687 3195 2881 3256 αὐτοὺς
2919 3195 3010 3247 τοῦ
3042 3195 3275 3247 Θανάτου
3311 3195 3405 3245 καὶ
3437 3194 3534 3260 τῆς
3557 3194 3749 3260 ὁμοίας
3780 3194 3832 3244 εί
3860 3209 3925 3260 γε
3953 3193 4043 3243 δυ-

815 3280 943 3334 ltiuc
974 3282 1267 3336 ostendens
1292 3299 1450 3337 suum
1504 3299 1744 3338 amorem
1781 3285 1834 3336 in
1880 3299 2225 3338 communem
2265 3284 2370 3336 Do-
2397 3265 2442 3325 θ
2475 3306 2490 3338 κ

2365 3314 2370 3321 -
2397 3265 2442 3325 θ
2475 3287 2924 3355 νατδνὲπιθυμῶν
2949 3286 3303 3348 τελειώσεως.
3337 3286 3541 3339 Τοῦτον
3561 3285 3728 3340 αὐτοῦ
3757 3286 3851 3338 τὸν
3875 3286 4040 3339 πόθον

816 3369 1047 3435 miuum,
1075 3385 1376 3436 eorumque
1402 3380 1627 3426 mortem
1654 3372 1881 3426 laudans
1911 3381 1963 3425 et
1989 3371 2202 3426 beatam
2233 3387 2370 3441 prae-

814 3459 1023 3521 dicans.
1062 3469 1116 3514 et
1141 3461 1393 3522 similem,
1423 3462 1466 3514 si
1508 3463 1622 3515 tit-ri
1657 3463 1939 3530 potuisset,
1978 3461 2207 3530 cupiens
2233 3477 2370 3516 con-

815 3553 1256 3607 summationem.
1298 3553 1470 3617 Quale
1504 3563 1685 3606 autem
1715 3565 1852 3607 esset
1892 3555 2011 3623 ejus
2040 3553 2374 3608 desiderium

817 3643 998 3698 sciens
1026 3644 1184 3702 Deus.
1214 3653 1268 3696 et
1297 3644 1487 3697 volens
1513 3645 1562 3697 ei
1593 3643 1884 3720 gratiﬁcari
1908 3687 1920 3708 ,
1967 3646 2015 3697 ei
2054 3659 2194 3712 saepe
2227 3645 2377 3712 prius

817 3734 1076 3797 OSteudit,
1103 3743 1153 3787 et
1183 3735 1331 3802 prius
1363 3735 1712 3802 significavit,
1751 3728 1977 3788 hoc-aut
2005 3735 2096 3788 illo
2128 3736 2214 3789 die
2244 3750 2369 3789 ven-

820 3833 1000 3877 turum
1039 3825 1295 3892 aliquem,
1320 3827 1412 3893 qui
1442 3825 1490 3878 ei
1522 3826 1591 3878 sit
1625 3825 1889 3878 allaturus
1919 3840 1979 3878 ea
2011 3840 2129 3892 qu:e
2153 3825 2366 3878 deside-

821 3924 925 3968 rat.
965 3915 1057 3969 llle
1098 3932 1226 3969 vero
1260 3928 1315 3969 et
1355 3919 1467 3985 ipse
1500 3933 1556 3970 se
1588 3917 1946 3985 praeparabat,
1976 3926 2030 3970 et
2057 3917 2284 3970 curabat
2323 3927 2382 3970 ut

827 4016 973 4059 esset
1001 4016 1145 4059 totus
1167 4009 1284 4076 ejus
1310 4024 1440 4077 grex
1469 4019 1711 4078 paratus,
1739 4017 1794 4061 et
1824 4009 1897 4061 ita
1922 3999 2252 4062 vehementi
2291 4025 2380 4060 ar-

831 4097 1090 4166 dentique
1131 4111 1280 4152 mutu
1313 4099 1516 4159 cordis,
1560 4107 1616 4152 et
1642 4099 1873 4168 supinis,
1905 4110 1963 4151 ut
1991 4100 2168 4157 aiunt.
2199 4101 2379 4152 mani-

825 4192 930 4246 bus
973 4193 1234 4260 pretiosas
1273 4193 1600 4260 suscipiebat
1652 4190 1930 4260 reliquias.
2006 4189 2386 4244 Verumenim-

832 4283 962 4338 vero
995 4301 1063 4339 ne
1099 4285 1199 4339 hoc
1230 4285 1446 4353 quidem
1470 4277 1684 4352 sequium
1715 4293 1795 4337 est
1823 4285 2260 4352 praetermittere.
2304 4282 2385 4336 Ad

832 4390 955 4428 eum
990 4375 1137 4429 venit
1166 4374 1464 4444 aliquando
1489 4375 1780 4443 quispiam,
1809 4384 1862 4428 et
1907 4375 2169 4444 quasdam
2211 4377 2259 4429 ei
2305 4391 2390 4427 sa-

831 4488 953 4527 cras
987 4470 1214 4526 tradidit
1267 4470 1542 4538 reliquias,
1577 4469 1767 4523 dicens
1814 4484 1909 4524 eas
1959 4485 2078 4523 esse
2131 4470 2387 4540 martyris

2475 3378 2630 3442 εἰδὼς
2659 3376 2769 3441 οἷος
2795 3373 2863 3450 ἦν
2893 3381 2920 3432 ὀ
2941 3378 3071 3440 Θεὸς
3090 3379 3185 3433 καὶ
3205 3379 3527 3448 χαρίζεσθαι
3561 3377 3891 3448 βουλόμενος
3914 3379 4040 3430 πολ-

2474 3471 2629 3533 λάκις
2665 3471 2812 3538 αὐτῷ
2843 3471 2934 3524 καὶ
2980 3471 3296 3539 προεδείκιου
3343 3471 3438 3522 καὶ
3476 3472 3884 3538 προεσήμαινεν
3910 3511 3924 3532 ,
3958 3472 4039 3525 δτι

2475 3563 2634 3639 τῆσδε
2667 3562 2764 3633 τῇς
2805 3563 3016 3633 ἡμέρας
3069 3563 3161 3616 καὶ
3187 3561 3438 3629 ἀφίξεταί
3481 3579 3566 3624 τις
3619 3563 3862 3626 κομίζων
3891 3563 4041 3632 αὐτῷ

2477 3659 2544 3710 τὰ
2576 3658 2903 3726 ποθούμενα.
2971 3657 3030 3710 '0
3080 3657 3137 3710 δι
3187 3651 3348 3717 αὐτός
3381 3675 3440 3710 τε
3483 3659 3930 3725 παρεσκευάζετο
3950 3658 4040 3711 καὶ

2479 3751 2625 3805 ἅπαν
2645 3751 2706 3801 τὸ
2729 3749 2819 3802 ὑπ’
2840 3747 2990 3816 αὐτῷ
3017 3748 3266 3815 ποίμνιον
3287 3746 3560 3817 θεώμενος
3583 3747 3880 3813 εὐπρεπὲς,
3902 3748 4042 3800 οὕτω

2479 3837 2669 3908 θερμῷ
2704 3838 2967 3907 κινήματι
2993 3837 3091 3905 τῆς
3113 3835 3341 3905 καρδίας
3369 3837 3462 3888 καὶ
3489 3835 3727 3896 ὑπτίαις.
3750 3835 3780 3888 δ
3804 3836 4038 3901 λέγεται,

2482 3933 2601 3992 ταῖς
2632 3932 2789 3998 χερσὶ
2818 3928 2886 3980 τὰ
2904 3929 3060 3995 τίμια
3086 3927 3394 3995 ὑπεδέχετο.
3422 3927 3567 3993 Πλὴν
3596 3925 3711 3978 ἀλλ’
3742 3925 3864 3978 οὐδὲ
3888 3927 4042 3977 τοῦτο

2484 4020 2813 4090 παραλιπεῖν
2867 4017 3038 4081 ἄξιον.
3082 4010 3225 4070 Ἦιιέ
3276 4034 3362 4079 τις
3395 4016 3531 4086 πρὸς
3580 4017 3740 4070 αὐτόν
3772 4033 3924 4078 ποτε,
3952 4017 4041 4068 καὶ

2485 4114 2649 4179 ίεροῖς
2684 4127 2794 4163 τισι
2844 4109 3032 4162 τοῦτον
3089 4108 3357 4170 εδεξιοῦτο
3404 4107 3711 4174 λειψάνοις’
3766 4107 3938 4159 ταῦτα
3965 4107 4038 4168 ﬁt,

2486 4201 2682 4268 λέγων,
2716 4199 2810 4252 τοῦ
2856 4198 3002 4250 θείου
3039 4198 3318 4266 μάρτυρος
3375 4195 3461 4264 εἴη
3490 4197 3838 4263 Οὑρσικίνου.
3903 4193 3963 4247 ’0
3987 4194 4042 4245 δι

2486 4294 2696 4364 ἐδέχετο
2727 4290 2826 4358 μὲν
2858 4287 3312 4358 μεγαλοπρεπῶς,
3345 4289 3438 4340 καὶ
3459 4287 3555 4354 τὴν
3580 4287 3836 4339 εἰωθυῖαν
3867 4286 4040 4348 αὐτοῖς

2489 4384 2762 4454 ἑώρταζεν
2819 4383 3031 4451 ἑορτήν.
3089 4379 3302 4448 Περὶδὶ
3351 4378 3447 4441 τὰς
3487 4378 3810 4445 νυκτερινὰς
3840 4378 4040 4431 ἑστῶτα

2491 4473 2652 4543 εὗχὰς
2677 4471 2916 4534 τοιοῦτος
2958 4470 3121 4524 αὑτὸν
3151 4470 3459 4539 ὑπέκρουσε
3482 4469 3764 4537 λογισμὸς,
3803 4469 3880 4537 μὴ
3911 4471 3938 4522 ὸ
3986 4469 4042 4521 τὸ

832 4563 1092 4621 Ursicini.
1125 4564 1216 4616 llle
1244 4574 1425 4618 autem
1454 4561 1739 4632 magniﬁce
1766 4562 1986 4630 quidem
2019 4577 2111 4614 eas
2148 4563 2387 4631 excepit,
2421 4567 2507 4645 Di

2372 4601 2387 4624 ,
2421 4587 2466 4645 ι)
2491 4567 2662 4635 δῶρον
2697 4563 2856 4618 τοῦτο
2905 4561 3286 4634 προσενεγκὼν
3316 4561 3483 4615 αὑτοῦ
3531 4561 3918 4629 κατεψεύσατο,
3956 4564 4039 4616 καὶ

833 4667 886 4710 et
917 4665 1233 4710 consuetum
1266 4657 1344 4708 eis
1371 4654 1565 4707 festum
1598 4653 1914 4708 celebravit.
1943 4650 2076 4705 Cum
2115 4668 2244 4705 vero
2277 4662 2389 4705 sta-

836 4759 920 4801 ret
956 4748 1019 4800 ad
1046 4762 1234 4815 preces
1266 4745 1722 4806 nocturnas,ta|is
1745 4759 1867 4797 eum
1901 4744 2070 4797 subiit
2101 4743 2387 4812 cogitatio,

837 4855 906 4891 ne
939 4838 1031 4908 qui
1059 4839 1160 4891 hoc
1185 4829 1386 4890 donum
1432 4837 1478 4889 ei
1525 4835 1802 4897 attulerat,
1834 4835 1900 4888 de
1925 4847 1991 4887 eo
2016 4843 2163 4889 esset
2196 4833 2391 4887 menti-

838 4938 946 4984 tus.
976 4936 1030 4979 et
1050 4943 1155 4980 non
1182 4936 1366 4981 essent
1395 4925 1636 4994 reliquiae
1661 4925 1914 4994 martyris
1935 4922 2190 4978 Ursicini.
2217 4922 2390 4977 Simul

840 5029 1002 5086 atque
1036 5018 1148 5071 liaac
1175 5017 1450 5086 cogitavit,
1476 5017 1695 5085 quidam
1729 5031 1798 5070 ex
1831 5016 1895 5068 iis
1916 5015 2007 5084 qui
2041 5030 2145 5067 una
2176 5028 2298 5068 cum
2324 5027 2390 5066 eo

843 5109 1203 5174 l‘utigebautur
1231 5107 1429 5165 uﬂicio.
1457 5116 1712 5175 tanquam
1757 5120 1785 5156 a
1821 5105 1928 5158 Deo
1965 5102 2174 5156 aﬂlatus
2206 5109 2394 5154 ac’cur-

843 5216 969 5253 rens
997 5220 1009 5253 :
1035 5199 1114 5254 Ne
1147 5213 1369 5261 temere,
1404 5197 1596 5266 inquit,
1638 5211 1671 5249 ο
1709 5197 1887 5258 Pater.
1936 5194 2179 5247 dubites.
2223 5190 2394 5260 Magni

845 5289 987 5344 enim
1013 5288 1238 5345 Ursicini
1286 5289 1368 5343 ita
1406 5297 1533 5341 sunt
1577 5301 1720 5341 vera:
1766 5285 2025 5355 reliquiae.
2084 5285 2162 5338 Ita
2213 5283 2398 5337 divina

845 5380 1086 5450 providit
1113 5379 1305 5449 gratia,
1343 5389 1400 5434 ut
1427 5389 1716 5435 curaretur
1751 5378 1897 5447 quod
1931 5378 1976 5433 is
2017 5378 2203 5430 animo
2233 5375 2399 5428 dubi-

852 5473 1019 5534 tabat,
1042 5487 1109 5524 ne
1131 5471 1466 5526 dubitatione
1489 5472 1604 5539 ejus
1635 5472 1799 5524 ardor
1846 5471 2181 5538 frigesceret.
2221 5468 2397 5535 Atque

853 5561 969 5616 bare
1001 5572 1119 5616 erat
1152 5563 1369 5632 quidem
1398 5564 1513 5631 ejus
1547 5562 1829 5631 diligentia
1878 5561 1932 5613 in
1983 5557 2240 5628 parandis
2274 5557 2400 5610 reli-

857 5654 1020 5724 quiis.

931 5745 1095 5800 ΧΧΧ.
1115 5746 1334 5801 Divitias
1365 5754 1544 5800 autem
1578 5754 1631 5798 et
1658 5742 1917 5813 peettttias
1945 5741 2017 5795 ita
2043 5739 2404 5809 dCSpicicbat,

2495 4658 2556 4710 οὑ
2589 4657 2682 4709 τοῦ
2717 4657 2992 4726 μάρτυρος
3040 4657 3124 4725 εῐη
3153 4654 3475 4723 Οὐρσικίνου
3518 4654 3585 4706 τὰ
3611 4654 3859 4722 λείψανα.
3901 4655 4038 4723 Ἀμα

2495 4749 2667 4801 ταῦτα
2718 4748 3069 4812 διελογίσατο,
3131 4745 3222 4797 καί
3271 4760 3355 4805 τις
3389 4742 3537 4811 αὺτῷ
3563 4745 3670 4796 τῶν
3709 4744 4042 4813 συλλειτουρ-

2496 4840 2734 4908 γούντων
2763 4840 2951 4906 ὥσπερ
2978 4835 3162 4897 ινθους
3196 4835 3476 4902 γινόμενος
3537 4833 3924 4902 προσδραμὼν,
3956 4836 4037 4905 Μὴ

2499 4931 2696 4998 μάτην,
2736 4933 2860 4997 ἔφη.
2925 4928 3138 4993 Πάτερ,
3191 4924 3536 4994 ἀμφίὸαλλεο
3592 4924 3917 4991 Οὐρσικίνου
3941 4925 4040 4991 γὰρ

2498 5019 2709 5088 ἀληθῶς
2730 5019 2886 5070 ταυτὶ
2913 5016 2982 5069 τὰ
3010 5014 3254 5083 λείψανα.
3303 5011 3490 5073 Οὕτως
3535 5013 3561 5080 ἡ
3595 5011 3754 5080 χάρις
3780 5012 4039 5080 οἰκονομεῖ

2498 5111 2899 5180 θεραπευθῆναι
2954 5108 3102 5176 αὑτῷ
3152 5106 3221 5158 τὰ
3257 5104 3399 5157 κατὰ
3437 5102 3562 5155 νοῦν
3615 5101 4037 5172 επιδοιαζόμενον

2503 5198 2588 5253 ἴνα
2622 5199 2778 5269 μὴτὸ
2798 5198 2926 5267 περ)⁴
2955 5196 3020 5248 τὰ
3065 5195 3204 5247 καλὲ
3237 5193 3437 5262 θερμὸν
3478 5189 3639 5244 αὑτοῦ
3665 5191 3760 5243 καὶ
3790 5190 4037 5258 διάπυρον

2504 5289 2831 5358 ἀμφιεολίας
2851 5287 3071 5356 τρόποις
3098 5284 3430 5354 ψυχρότερον
3453 5284 3714 5351 καταστῇ.
3746 5281 3908 5335 Ἀλλὰ
3927 5282 4036 5350 περὶ

2507 5380 2605 5448 μὲν
2638 5379 2734 5448 τὴν
2770 5378 2874 5431 τῶν
2918 5376 3076 5430 θείων
3116 5374 3382 5443 λειψάνων
3441 5373 3632 5440 κτῆσιν
3687 5371 3862 5435 οὕτως
3907 5370 4036 5442 εῖχεν

2505 5470 2794 5538 ιπιμελῶς.

2585 5732 2664 5786 A'.
2691 5730 2926 5785 Πλούτου
2960 5730 3014 5783 δι
3039 5729 3290 5784 τοσοῦτον
3325 5746 3418 5782 και
3441 5741 3738 5798 χρηματων
3774 5725 4032 5796 ὑπερεώρα
