4242 6442
242 422 355 487 737

1134 423 1314 484 VlTA
1349 422 1410 483 S.
1458 415 1847 481 MARCELLI
1893 415 2581 478 AliClllMANDRlT.li.

3384 423 3488 483 738

242 539 326 603 ὥς
355 540 449 593 καὶ
480 538 766 610 προλαϐὼν
810 541 838 593 6
865 538 1021 607 λόγος
1050 539 1146 592 καὶ
1172 537 1268 591 νῦν
1296 538 1375 591 δι.
1397 536 1480 605 ιτι
1512 535 1820 603 σαφέστατα
1852 543 1894 591 Α

1817 572 1820 581 ,
1852 543 1894 591 Α
1930 539 1988 583 ιιι
2024 539 2080 584 et
2103 545 2227 600 quit:
2265 531 2563 597 pnecessit,
2596 542 2648 584 et
2675 546 2795 597 qua:
2833 546 2976 582 nunc
3036 530 3306 598 sequitur,
3340 545 3492 592 anei--

245 633 494 704 γνωριεῐ.
546 629 871 703 Μαρκέλλου
918 630 1030 700 γάρ
1078 632 1142 684 έκ
1174 629 1477 700 προοιμίων
1524 628 1700 681 πάντα
1730 624 1822 677 τὸν

1809 643 1822 676 ο
1927 620 2033 675 tius
2058 620 2401 676 declaratura
2428 631 2510 674 est
2540 624 2733 673 oratiu.
2768 622 2896 674 Nam
2930 636 3053 674 cum
3093 622 3381 676 Marcellus
3417 635 3484 677 an

244 717 365 789 βίον
398 718 782 784 ἀπολιπόντος,
818 718 917 770 καὶ
956 718 1123 787 αὐτῆς
1168 716 1225 769 δὲ
1249 717 1345 777 τῆς
1389 715 1565 777 οἰκίας
1616 715 1825 766 ἀπανα-

244 811 494 871 στάντος,
554 808 582 860 6
630 808 860 878 ἀδελφὸς
889 807 1039 878 αὐτῷ
1097 809 1238 860 κατά
1267 806 1446 876 σάρκα
1477 805 1567 857 16v
1608 804 1819 857 έκείνου

1925 710 2082 764 ίιιίιίο
2108 726 2301 765 omnes
2329 712 2644 779 reliquisset
2678 714 2977 772 facultates,
3011 722 3174 779 atque
3230 717 3366 765 actm
3415 714 3482 765 ab

1928 803 2044 869 ipsa
2077 802 2244 856 etiam
2276 800 2440 854 domo
2468 802 2835 863 discea‘SlSsel,
2864 814 2915 855 ct
2948 808 3043 870 qui
3079 816 3194 857 crat
3239 806 3286 857 ei
3325 815 3488 856 irate:-

241 898 451 970 κλῆρον
482 896 813 970 παραλαϐὼν
861 900 954 951 καὶ
981 896 1199 951 πάντων
1235 894 1372 966 ὀμοῦ
1416 894 1523 947 τῶν
1552 891 1820 963 πατρῴων

1810 910 1820 941 i
1927 894 2234 948 secundum
2263 908 2506 953 carnem.
2542 897 2842 964 accepisset
2881 898 3025 948 Illius
3068 897 3441 949 liaereditatcm
3471 938 3485 963 ,

238 992 522 1054 καταστὰς
583 991 793 1062 κύριος.
831 985 953 1045 εἶτα
1005 992 1101 1043 καὶ
1152 990 1240 1043 διὰ
1267 989 1448 1054 πάσης
1504 983 1817 1046 ἀπολαύσας

235 1085 423 1141 αὐτῶν
442 1086 539 1155 τῆς
564 1084 730 1155 ζωῆς,
762 1084 949 1153 έπειδὴ
973 1084 1219 1153 Θνήσκει,
1247 1081 1439 1150 εμελλε
1462 1079 1556 1132 τοῦ
1584 1077 1814 1138 πλούτου

235 1177 443 1241 παντὸς
474 1178 811 1246 κληρονόμον
865 1175 1298 1243 καταλιμπάνειν
1344 1174 1436 1226 τὸν
1471 1170 1811 1242 Μάρκελλον.

250 1268 313 1323 '0
344 1269 401 1323 ει
437 1269 499 1321 ού
547 1269 706 1337 μόνον
756 1268 861 1321 ίδια
893 1270 994 1321 οὐκ
1051 1266 1204 1331 έθετο
1246 1268 1316 1317 τά
1360 1263 1811 1331 καταλειφθέντα,

233 1360 352 1416 ἀλλ’
392 1361 514 1415 οὐδὲ
542 1362 677 1431 πρὸς
726 1362 795 1413 τε
822 1362 976 1414 κοινά
1026 1358 1127 1429 τῆς
1177 1357 1343 1429 μονῆς
1378 1357 1596 1426 ἔκρινεν
1630 1354 1812 1416 αὐτοῖς

233 1452 566 1523 χρήσασθαι.
600 1451 794 1505 Ἔνθεν
855 1467 941 1505 τοι
992 1451 1086 1504 καὶ
1133 1449 1302 1520 ἀγρὸν
1334 1447 1653 1516 ὠνήσασθαι
1699 1449 1810 1509 τοῖς

238 1530 495 1610 μοναχοῐς
524 1540 863 1610 αἰτουμένοις
886 1538 1077 1593 οὐδένα
1110 1538 1315 1609 μᾶλλον
1338 1540 1545 1599 ἐκεῖνος
1584 1535 1689 1604 ιφη
1713 1534 1811 1603 τῆς

231 1633 316 1695 εις
339 1632 573 1701 Χριστὸν
628 1632 844 1695 έλπίδος
890 1631 1061 1702 ἀγρὸν
1098 1630 1299 1684 ειδέναι
1332 1629 1806 1698 πολυφορώτερον.

231 1722 301 1778 Τί
338 1722 433 1778 οθῖιν
454 1724 593 1790 ιγνω
618 1726 747 1793 περὶ
777 1723 872 1777 τοῦ
895 1722 1152 1794 πατρῴου
1185 1722 1440 1787 πλούτου,
1474 1725 1568 1774 καὶ
1604 1723 1713 1782 πῶς
1742 1720 1811 1774 τὰ

228 1817 355 1869 κατ’
378 1818 586 1870 έκεῖνον
625 1818 935 1885 οἰκονομείς
988 1814 1236 1885 Ἐτέροις
1294 1814 1475 1883 φέρων
1523 1814 1806 1866 ἀναλίσκει

228 1904 673 1974 φροντ;στηρίοις
702 1903 895 1967 ένδεῶς
918 1904 1101 1972 ἔχουσι
1137 1904 1232 1955 καὶ
1263 1902 1681 1971 ἀπορουμένοις,
1701 1903 1803 1955 ὃσα

225 2009 291 2047 τε
321 1995 381 2047 έν
408 1980 640 2065 ἀνδράσι
660 1998 753 2049 καὶ
791 1994 1036 2063 γυναιξὶν
1070 1988 1157 2065 ἦν.
1190 1992 1303 2048 Καὶ
1328 1995 1498 2064 ταύτῃ
1532 1992 1631 2063 μέν
1658 1994 1802 2046 έκεί-

226 2104 342 2151 νοις
364 2087 568 2142 διαλύει
589 2089 691 2158 τὴν
722 2088 978 2161 ἀπορίαν.

298 2267 429 2321 AA'.
462 2266 543 2321 Τά
570 2266 626 2320 δέ
662 2284 728 2319 πε
741 2269 792 2338 pi.
820 2266 921 2337 τὴν
958 2266 1201 2340 μεγάλην
1229 2266 1524 2338 θεομηνίαν
1556 2270 1614 2321 έν
1642 2263 1674 2343 ᾖ
1700 2269 1794 2321 πόα

221 2355 312 2427 λιν
341 2358 492 2429 δλην,
525 2356 623 2428 τὴν
646 2359 1056 2412 Κωνσταντίνου
1106 2360 1275 2426 λέγω,
1304 2360 1549 2425 διέσωσε,
1578 2359 1657 2424 τίς
1699 2362 1796 2428 μὶν

220 2450 530 2521 ἀνάσχοιτο,
546 2453 724 2523 σιωπῇ
761 2454 1086 2523 παρελθεῐνς
1144 2452 1229 2518 τίς
1256 2453 1313 2506 δι
1352 2452 1528 2517 οὕτως
1564 2453 1797 2525 ὀκνηρὸς

217 2539 285 2605 ὃς
316 2541 418 2595 οὐκ
449 2542 681 2597 ἀκοῦσαι
711 2543 1131 2615 προθυμηθείης
1162 2544 1392 2607 Λέοντος
1421 2543 1513 2597 τοῦ
1552 2546 1791 2614 μεγάλου

218 2634 295 2688 τά
343 2632 443 2703 τῆς
501 2634 779 2705 βασιλείας
818 2636 1074 2704 σκῆπτρα
1132 2635 1414 2698 διέποντος
1459 2636 1792 2705 ἐμπρησμὸς

219 2726 437 2793 γίνεται
469 2726 613 2781 κατὰ
642 2727 797 2796 τήνδε
843 2726 945 2795 τὴν
980 2726 1159 2792 πόλιν,
1188 2727 1284 2779 καὶ
1312 2726 1641 2797 έμπρησμδς
1680 2729 1790 2779 τῶν

219 2821 448 2871 πώποτε
482 2817 969 2888 μνημονευομένων
989 2817 1017 2869 6
1048 2817 1307 2886 μέγιστός
1328 2834 1388 2869 τε
1415 2816 1511 2869 καὶ
1542 2815 1792 2885 χαλεπώο

217 2926 407 2974 τατος.
450 2910 587 2980 Ἤδη
609 2908 667 2963 δὶ
708 2909 885 2979 ἀρχὴν
916 2907 1145 2978 έχούσης
1172 2910 1273 2977 τῆς
1307 2910 1595 2978 συμφοράς
1627 2909 1793 2962 ἀκου-

222 3002 357 3071 στὴς
381 3003 409 3053 6
445 3004 613 3069 μέγας
647 3002 815 3067 αὐτῆς
861 3002 1070 3067 γίνεται
1103 3000 1193 3054 καὶ
1220 3002 1299 3062 είς
1334 3001 1600 3069 οὐρανοὺς
1628 2999 1790 3063 εὐθὺς

218 3092 535 3161 ἀναϐλέψας
562 3092 657 3145 καὶ
684 3090 959 3161 δακρύσας
990 3092 1122 3145 πολὺ
1148 3091 1365 3160 μερίζει
1382 3091 1477 3160 τὴν
1498 3092 1789 3160 τιμωρίαν,

222 3184 428 3253 μᾶλλον
455 3184 511 3234 δὲ
542 3183 602 3235 16
641 3182 896 3235 πλεῖστον
928 3181 1099 3250 αὐτῆς
1149 3182 1419 3248 κουφίζει.
1453 3181 1526 3233 Τὸ
1558 3182 1656 3249 μὶν
1685 3181 1787 3250 γὰρ
1821 3204 1857 3252 η

216 3275 315 3329 τοῦ
350 3275 522 3345 πυρὸς
571 3274 639 3326 τά
688 3274 899 3326 έκείνὸυ
931 3272 1213 3325 σόέννουσι
1254 3272 1482 3341 δάκρυα,
1534 3274 1593 3324 16
1619 3272 1674 3324 δὲ
1710 3273 1788 3333 είς

216 3367 470 3420 παιδείαν
498 3366 799 3434 ὑπελείφθη
835 3366 947 3426 τοῖς
977 3363 1319 3427 Βυζαντίοις·
1343 3364 1471 3433 ὃλην
1499 3363 1605 3431 γὰρ
1629 3363 1786 3415 ὑπεί-

216 3460 399 3529 ληπτο
428 3456 820 3526 διανεμηθῆναι
842 3456 938 3523 τὴν
974 3455 1147 3508 πόλιν.
1183 3455 1239 3506 '0
1262 3454 1319 3506 δέ
1342 3454 1403 3507 16
1438 3454 1785 3539 μὶνοστήσας,

218 3557 283 3607 16
316 3554 373 3607 δέ
431 3552 719 3621 προγνοὺς,
752 3548 888 3602 Osi}!
927 3548 1029 3618 ἔφη
1062 3547 1379 3617 περιωδύνῳ
1420 3549 1569 3616 φωνῇ
1597 3564 1608 3577 ·
1634 3548 1787 3616 ἥλγει

216 3644 329 3714 γάρ
360 3643 435 3713 μὴ
458 3642 519 3695 16
551 3641 659 3693 πᾶν
687 3641 889 3691 ιπαυεν
918 3638 991 3700 ὼς
1023 3636 1157 3691 πολὺ
1182 3639 1241 3689 16
1267 3636 1467 3706 πλῆθος
1506 3638 1614 3689 τῶν
1647 3640 1783 3707 ἡμε-

213 3738 394 3804 τέρων
424 3733 728 3803 ἁμαρτιῶν,
767 3731 858 3784 καὶ
890 3731 1035 3784 δοκεῖ
1086 3729 1163 3799 τῷ
1214 3727 1334 3797 Θεῷ
1378 3730 1484 3783 ἀπὸ
1514 3729 1785 3798 θαλάττης

218 3825 457 3894 έρπῦσαι
486 3826 543 3876 τὸ
569 3824 700 3893 πῦρ,
738 3824 831 3876 irai
858 3823 1047 3892 ὥσπερ
1072 3819 1223 3889 βέλος
1255 3822 1316 3874 16
1352 3821 1449 3891 μὶν
1481 3822 1643 3889 μέσον
1675 3822 1783 3874 δια-

218 3921 427 3987 τεμεῖν,
451 3916 557 3969 τῶν
592 3918 655 3969 έκ
684 3914 914 3983 πλαγίου
948 3912 1005 3966 δὶ
1061 3913 1374 3983 φείσασθαι,
1419 3913 1447 3965 6
1474 3913 1536 3983 δὴ
1568 3914 1661 3966 καὶ
1691 3917 1785 3982 γέ-

218 4026 366 4079 γονε,
397 4010 488 4062 καὶ
516 4008 578 4061 16
612 4006 725 4078 πῦρ
769 4009 830 4059 έκ
862 4006 955 4058 τοῦ
991 4006 1325 4076 καλουμένου
1372 4005 1618 4075 Νεωρίου
1646 4007 1781 4075 (sic)

215 4102 319 4173 τὴν
344 4099 519 4171 ἀρχὴν
546 4099 782 4168 είληφὼς
808 4098 965 4166 δίκην
996 4097 1171 4166 ζώνης
1203 4097 1300 4168 τὴν
1339 4096 1493 4151 πόλιν
1544 4098 1673 4168 ὃλην
1706 4099 1785 4151 διο

218 4192 443 4258 έςωσεν,
477 4193 556 4252 είς
612 4189 668 4242 δι
712 4189 807 4258 τὴν
863 4188 1092 4256 ἀντικρὺ
1140 4189 1448 4240 κατέπαυσε
1506 4187 1782 4243 θάλασσαν

216 4284 409 4352 ὥσπερ
446 4282 860 4352 παραδεικνύων
899 4282 980 4331 ὅτι
1008 4280 1138 4332 αὐτὸ
1171 4280 1268 4346 μεν
1292 4279 1413 4331 καθ’
1436 4278 1561 4348 ὅλης
1586 4280 1780 4349 ίχώρει

212 4377 316 4446 τῆς
340 4376 566 4438 πόλεως,
617 4376 693 4435 είς
726 4372 780 4425 δέ
815 4372 1070 4444 τοσοῦτον
1103 4370 1191 4424 διὰ
1242 4371 1564 4440 Μάρκελλον
1623 4388 1780 4441 περι-

212 4468 373 4537 έστη.

1916 995 1970 1041 et
2000 996 2357 1055 paternorum
2390 989 2637 1040 omnium
2672 990 2939 1042 bonorum
2971 989 3195 1042 i-ﬂcctus
3219 998 3363 1043 esset
3392 990 3489 1043 do-

1917 1079 2124 1144 minus,
2152 1086 2205 1133 et
2242 1088 2352 1134 tota
2377 1094 2475 1133 sua
2510 1080 2620 1132 vita
2645 1082 2726 1133 eis
2755 1092 2896 1134 esset
2931 1097 3084 1139 usus;
3110 1081 3154 1134 is
3187 1098 3308 1136 cum
3337 1094 3484 1138 esset

1918 1171 2245 1235 moriturus,
2284 1171 2546 1241 relinquit
2580 1172 2888 1225 Marcellum
2922 1176 3190 1228 liceredem
3240 1175 3485 1228 omnium

1915 1279 2136 1319 suarum
2164 1264 2515 1318 divitiarum.
2547 1266 2639 1319 llle
2671 1278 2849 1319 autem
2876 1282 2961 1331 ea,
3000 1283 3118 1336 quin
3147 1269 3248 1321 sibi
3287 1269 3478 1323 relicta

1914 1354 2154 1420 fuerant,
2182 1371 2290 1409 non
2310 1357 2485 1409 soluiu
2513 1372 2608 1410 sua
2645 1373 2749 1411 non
2783 1374 2906 1412 esse
2942 1364 3126 1419 duxit,
3156 1359 3249 1413 sed
3279 1375 3375 1413 nec
3402 1362 3469 1414 iis

1915 1448 2180 1501 utendum
2242 1448 2346 1502 sibi
2412 1450 2629 1503 censuit
2673 1452 2738 1503 ad
2790 1468 3079 1506 commune
3132 1454 3473 1511 monasterii.

1913 1539 2053 1596 Hinc
2076 1556 2200 1595 cum
2228 1543 2481 1596 monachi
2520 1554 2792 1613 peterent,
2827 1557 2883 1597 ut
2908 1563 3096 1616 agrum
3129 1559 3354 1607 emeret.
3392 1550 3483 1603 ille

1912 1632 1995 1685 eis
2030 1631 2169 1685 dixit
2196 1647 2261 1685 se
2291 1632 2502 1686 nullum
2538 1650 2701 1689 nosse
2730 1652 2917 1705 agrum
2949 1637 3251 1692 uberiorem
3284 1650 3339 1692 et
3370 1641 3483 1694 fer-

1915 1723 2173 1785 tiliorem.
2207 1738 2369 1791 quam
2402 1739 2554 1792 spem
2596 1725 2647 1779 iii
2680 1726 2980 1783 Christum.
3030 1730 3102 1782 De
3153 1731 3312 1785 bouis
3352 1750 3482 1803 ergo

1913 1816 2153 1884 paternis
2181 1816 2313 1886 quid
2342 1819 2551 1879 statuit,
2584 1826 2640 1872 et
2666 1818 2733 1873 de
2767 1820 2833 1873 iis
2866 1837 2984 1888 qua:
3016 1824 3080 1873 ad
3120 1825 3272 1876 illum
3307 1829 3468 1893 perti-

1906 1907 2128 1972 nebant,
2156 1924 2395 1978 quonam
2427 1909 2587 1964 modo
2618 1912 2910 1979 providet?
2968 1913 3038 1967 Ea
3069 1920 3369 1982 consumit,
3394 1920 3453 1973 cf

1902 1999 2093 2055 ferens
2140 2001 2263 2055 aliis
2298 2004 2645 2057 monasteriis
2670 2044 2682 2066 ,
2735 2020 2855 2073 qua:
2899 2006 3217 2061 laborarunt
3255 2014 3433 2079 inopia
3464 2054 3475 2075 ,

1905 2101 2014 2146 tam
2041 2093 2287 2147 virorum
2329 2108 2493 2163 quam
2529 2095 2845 2151 mulierum.
2878 2098 2943 2151 Et
2976 2098 3089 2152 haec
3119 2101 3339 2167 quidem
3374 2104 3478 2158 iilis

1905 2183 2153 2239 adimunt
2184 2195 2494 2253 egestatem.

1968 2273 2160 2330 XXXI.
2181 2276 2311 2342 Quae
2334 2292 2461 2331 vero
2482 2278 2609 2331 lecit
2639 2279 2692 2331 in
2720 2294 2909 2349 magna
2942 2280 3035 2335 Dei
3058 2282 3158 2347 ira,
3193 2284 3246 2337 in
3266 2299 3371 2353 qua
3396 2296 3476 2339 to-

1910 2374 2016 2418 tam
2047 2366 2348 2430 civitatem,
2399 2365 2925 2438 ConstantinOpoliui
2966 2372 3213 2441 inquam,
3247 2390 3473 2429 conser-

1898 2458 2063 2517 vavit.
2113 2458 2236 2526 quis
2290 2458 2614 2513 sustinuerit
2680 2462 2901 2529 quidem
2977 2463 3195 2519 silentio
3247 2476 3471 2534 prseter-

1898 2548 2155 2601 mittere?
2181 2547 2319 2612 Quis
2349 2559 2430 2602 est
2458 2559 2641 2603 autem
2672 2552 2809 2605 adeo
2842 2553 3027 2607 tardus
3061 2567 3113 2608 et
3142 2556 3328 2619 hebes.
3371 2559 3466 2626 qui

1897 2652 2005 2692 non
2035 2639 2220 2707 cupiat
2266 2639 2495 2695 audire?
2528 2640 2719 2711 Magno
2765 2643 2858 2697 illo
2888 2644 3068 2699 Leone
3096 2647 3308 2715 imperii
3344 2664 3467 2702 sce-

1895 2742 2017 2801 ptra
2064 2732 2508 2795 administrante.
2542 2735 2597 2788 in
2635 2737 2737 2792 hac
2776 2739 2998 2793 civitate
3049 2740 3227 2795 oritur
3272 2743 3467 2797 incen-

1895 2820 2044 2876 dium
2071 2822 2169 2892 (9).
2205 2832 2262 2877 et
2300 2825 2613 2881 incendium
2648 2843 2839 2883 eorum
2862 2869 2878 2893 ,
2914 2832 2983 2884 de
3025 2832 3225 2900 quibus
3265 2836 3371 2889 ulla
3405 2834 3466 2890 ﬁt

1894 2913 2124 2977 mentio,
2156 2916 2453 2971 maximum
2479 2926 2530 2972 et
2558 2921 2939 2977 savissinium.
2970 2923 3104 2979 Cum
3138 2938 3321 2981 autem
3352 2931 3463 2994 jam

1895 3006 2185 3074 incepisset
2207 3008 2505 3070 calamitas.
2550 3011 2617 3064 de
2652 3028 2713 3066 ea
2742 3014 3077 3069 auditionem
3111 3020 3305 3086 accipit
3350 3035 3463 3073 ma-

1893 3112 2031 3165 gnus
2059 3097 2385 3154 Marcellus:
2417 3113 2469 3154 et
2502 3118 2626 3156 cum
2659 3107 2840 3157 statim
2869 3112 3066 3161 cceluiii
3098 3113 3460 3178 suspirxisst-t,

1894 3198 1949 3243 et
1989 3191 2219 3244 multum
2271 3192 2644 3263 lacrymasset,
2704 3197 2900 3250 dividit
2938 3201 3264 3269 supplicium
3302 3219 3313 3254 :
3352 3203 3463 3257 imo

1897 3295 2026 3333 vero
2060 3283 2349 3335 maximam
2382 3287 2500 3352 ejus
2548 3294 2764 3352 partem
2801 3289 3013 3340 allevat.
3066 3288 3197 3341 Nam
3250 3303 3458 3359 partem

1894 3372 2116 3443 quidem
2167 3373 2308 3443 ignis
2351 3376 2471 3444 ejus
2516 3379 2869 3445 exstingiiuiit
2929 3380 3215 3449 lacryiiim;
3282 3382 3453 3436 altera

1895 3478 2025 3516 vero
2057 3479 2181 3532 pars
2212 3466 2396 3520 relicta
2444 3478 2527 3520 est
2577 3468 2887 3536 Byzantiiiis
2929 3474 2995 3525 ad
3055 3472 3403 3541 disciplinam
3438 3490 3448 3526 :

1893 3554 2265 3610 existimatum
2306 3558 2451 3611 eniiii
2478 3558 2654 3612 fuerat
2690 3560 2827 3624 fore,
2856 3572 2913 3615 ut
2940 3572 3105 3617 totam
3139 3567 3455 3633 depasceret

1893 3646 2191 3699 civitatein.
2217 3647 2310 3699 llle
2341 3662 2471 3701 vero
2500 3664 2622 3701 cum
2646 3662 2855 3718 partem
2889 3654 3113 3720 quidem
3158 3661 3453 3724 repressis-

1890 3747 1992 3797 set.
2021 3750 2229 3806 partem
2258 3752 2438 3794 autem
2460 3744 2843 3810 priescivisset,
2870 3745 2967 3799 Hei
2992 3749 3125 3801 iiiilii
3161 3749 3170 3799 l
3200 3750 3333 3803 dicit
3360 3752 3457 3804 tri-

1892 3829 1959 3883 sti
1988 3844 2137 3883 voce.
2170 3830 2398 3885 Dolebat
2438 3832 2625 3896 enim,
2669 3837 2815 3902 quod
2870 3854 2976 3891 non
3032 3849 3203 3892 totum
3240 3857 3451 3898 cessare

1890 3919 2144 3982 fecisset,
2206 3921 2346 3976 sicut
2412 3937 2661 3990 magnam
2721 3936 3035 3980 nostrorum
3094 3942 3446 3997 peccatorum

1890 4011 2339 4066 multitudinem:
2374 4024 2428 4068 et
2464 4017 2607 4083 quod
2644 4018 2815 4071 visum
2860 4032 3003 4074 esset
3046 4021 3174 4081 Deo.
3225 4036 3451 4092 serpere

1890 4102 2068 4169 ignem
2112 4118 2141 4158 a
2184 4107 2316 4159 mari
2349 4120 2519 4174 usque
2552 4109 2618 4160 ad
2656 4125 2823 4169 mare.
2862 4120 2914 4163 et
2949 4121 3202 4181 tanquam
3241 4115 3404 4168 telum
3433 4155 3449 4179 ,

1889 4194 2125 4247 medium
2160 4195 2379 4263 quidem
2412 4198 2701 4260 dissecare,
2736 4200 2804 4253 ab
2839 4200 2905 4255 iis
2933 4214 3136 4267 autem,
3168 4220 3288 4272 quae
3321 4216 3449 4261 sunt

1886 4297 1949 4337 ex
1987 4295 2320 4349 transverso,
2357 4288 2673 4353 abstinere;
2708 4292 2850 4357 quod
2897 4296 3060 4345 etiam
3095 4294 3298 4348 factum
3342 4306 3445 4349 est.

1888 4376 1957 4431 Et
2015 4378 2156 4446 ignis
2196 4394 2319 4432 eum
2360 4393 2659 4448 accepisset
2696 4382 2911 4436 initium
2953 4386 3020 4437 ab
3056 4401 3141 4451 eo,
3194 4388 3335 4456 quod
3364 4390 3447 4443 di-

1888 4469 2032 4523 citur
2060 4469 2398 4535 Neocoriuin,
2429 4473 2597 4527 instar
2632 4475 2830 4542 cinguli
2891 4470 3056 4531 totam
3112 4480 3281 4533 cinxit
3306 4481 3447 4535 civi-

214 4570 425 4628 tatem;
462 4559 695 4614 cessavit
726 4572 855 4612 vero
889 4556 955 4611 ad
980 4571 1148 4619 mare,
1170 4554 1315 4624 quod
1347 4562 1430 4609 est
1465 4570 1530 4610 ex
1557 4555 1803 4623 adverso,
1846 4561 2009 4615 veluti
2046 4561 2358 4627 ostendens,
2422 4565 2565 4632 quod
2603 4566 2647 4619 is
2675 4567 2887 4635 quidem
2925 4569 3251 4636 pervasisset
3309 4572 3443 4626 civi-

216 4665 406 4717 tatem,
438 4652 504 4708 ad
531 4654 633 4707 hoc
689 4663 870 4706 autem
902 4650 1154 4706 redactus
1192 4658 1339 4704 esset
1366 4664 1462 4719 per
1488 4651 1824 4706 Marcellum.

288 4746 411 4802 AB’.
436 4746 539 4799 Δύο
570 4743 703 4812 ιτιῆ
736 4744 900 4815 τριῶν
931 4743 1135 4795 ἐκείνου
1164 4741 1514 4810 μνησθέντες,
1534 4742 1599 4794 τὰ
1626 4744 1783 4795 λοιπά
1818 4746 1859 4801 D
1962 4745 1963 4749 “

1765 4745 1783 4795 ι
1818 4746 1859 4801 D
1962 4742 2174 4797 XXXII.
2207 4742 2341 4805 Cum
2376 4743 2611 4797 duorum
2648 4746 2826 4800 adhuc
2852 4756 2945 4801 aut
2976 4749 3133 4801 iriiiin
3180 4755 3440 4807 memine-

212 4837 492 4907 γλώσσαις
532 4834 733 4903 ἑτέρων
791 4832 863 4894 ὡς
917 4832 1139 4884 δυνατὸν
1184 4828 1455 4893 κάκείνοις
1500 4831 1676 4898 λέγειν
1709 4832 1777 4885 τά

215 4932 354 4999 περὶ
374 4926 537 4980 αὑτοῦ
567 4922 987 4992 καταλείψομεν.
1044 4922 1154 4974 Καὶ
1196 4921 1414 4992 πρῶτον
1443 4917 1553 4985 οἷος
1599 4918 1665 4993 ἧν
1718 4924 1779 4975 16

215 5019 478 5089 φρόνημα
508 5014 644 5083 πρὸς
667 5013 766 5082 μὲν
792 5013 913 5073 τοὺς
934 5011 1189 5072 δυνατοὺς
1216 5010 1605 5073 ἀταπείνωτος,
1642 5013 1779 5080 πρὸς

212 5112 274 5165 δι
296 5110 421 5173 τοὺς
461 5106 713 5176 μετρίους
738 5108 831 5157 καὶ
857 5102 976 5154 λίαν
1007 5104 1441 5170 έπικλινόμενος,
1491 5102 1775 5177 σύμμαχός

214 5220 279 5257 τε
306 5204 419 5264 τοῖς
447 5197 820 5267 ἀδικουμένοις
854 5197 945 5248 καὶ
981 5193 1172 5265 βοηθὸς
1202 5195 1434 5264 ἄμαχος.
1478 5194 1775 5265 Ἀρδασου.

219 5295 341 5367 ρίου
375 5292 464 5346 καὶ
490 5292 766 5359 Ἀσπαρος
796 5286 947 5340 οὐδὲν
980 5287 1061 5339 δεῖ
1094 5285 1270 5353 λέγειν
1300 5286 1398 5356 τὴν
1430 5288 1546 5338 κατ’
1574 5289 1775 5338 ἐκεῖνον

213 5388 311 5439 16v
367 5384 557 5455 χρόνον
616 5380 790 5450 ίσχὺν,
845 5378 967 5430 οὐδέ
1023 5377 1121 5446 τὴν
1168 5378 1312 5446 ίσην,
1347 5377 1544 5447 μᾶλλον
1594 5379 1649 5429 δὲ
1684 5380 1775 5433 καὶ

215 5478 390 5532 πλείω
439 5474 533 5543 τῆς
595 5472 773 5541 ίσχύος
826 5469 1102 5538 ὠμότητα.
1158 5460 1324 5529 Οὗτος
1384 5464 1526 5521 οὖνὸ
1559 5471 1775 5539 ἰσχυρὸς

215 5569 364 5625 οὕτω
394 5568 487 5620 καὶ
532 5564 681 5633 ὠμὸς
723 5560 1105 5631 Ἀρδαδούριος
1161 5559 1476 5631 χαλεπαίνει
1530 5561 1636 5614 τῶν
1671 5562 1775 5614 ὑπὸ

217 5662 377 5735 χεῖρα
412 5659 633 5729 Ἰωάννῃ
672 5653 927 5722 τοῦνομα.
995 5652 1052 5705 '0
1084 5652 1138 5706 δὲ
1172 5653 1373 5716 πάντας
1426 5652 1548 5717 τοὺς
1584 5654 1775 5718 ἄλλους

1881 4837 2072 4898 rimus,
2122 4834 2329 4902 reliqua
2362 4834 2563 4897 linguis
2605 4837 2856 4899 aliorum,
2906 4848 3067 4904 prout
3115 4843 3432 4909 potuerint,

1882 4927 2109 4983 dicenda
2146 4926 2538 4993 relinquemus.
2579 4927 2645 4982 Et
2680 4930 2935 4996 primum.
2985 4946 3146 4997 quam
3189 4934 3436 5001 ingentes

1877 5027 2061 5075 essent
2087 5018 2140 5072 ei
2176 5017 2421 5086 spiritus,
2448 5019 2539 5086 qui
2578 5018 2631 5072 iu
2665 5028 2913 5087 potentes
2946 5022 3164 5089 quidem
3197 5023 3433 5092 deprimi

1881 5126 1988 5166 non
2020 5118 2292 5177 poterant,
2357 5109 2410 5163 in
2458 5125 2550 5163 eos
2592 5126 2741 5172 vero,
2787 5112 2878 5178 qui
2908 5123 3064 5167 erant
3112 5116 3340 5167 modesti
3372 5130 3436 5169 ac

1880 5200 2165 5263 moderati,
2194 5199 2350 5253 facile
2395 5197 2814 5257 fticlinalzantur.
2870 5203 2938 5256 lis
2980 5212 3157 5256 autem
3190 5244 3203 5266 ,
3236 5205 3436 5273 quibus

1879 5292 2043 5347 (lebat
2077 5293 2292 5361 injuria,
2319 5298 2435 5344 erat
2476 5292 2692 5360 adjutor
2722 5292 2977 5347 invictus.
3015 5294 3088 5346 De
3136 5294 3429 5349 Ardsburii

1876 5391 1931 5438 et
1959 5385 2199 5451 Asparis,
2244 5394 2364 5450 qua:
2393 5392 2511 5434 erat
2550 5382 2642 5436 illo
2691 5393 2949 5449 tempore,
2998 5387 3259 5452 potentis,
3296 5384 3431 5437 nihil

1877 5485 1961 5530 est
1996 5474 2282 5529 dicendum
2322 5489 2336 5527 :
2368 5488 2543 5543 neque
2575 5476 2640 5529 de
2669 5476 2989 5530 crudelitate
3013 5477 3206 5543 mquall
3240 5490 3433 5545 poten-

1880 5566 1987 5629 tize,
2022 5575 2182 5634 atque
2229 5563 2365 5616 adeo
2422 5565 2633 5633 majori.
2673 5564 2772 5620 llic
2806 5581 2952 5633 ergo.
3003 5568 3093 5631 qui
3133 5552 3250 5620 erat
3296 5566 3432 5620 adeo

1879 5666 2073 5726 potens
2092 5664 2145 5711 et
2171 5654 2425 5719 Crudelis,
2459 5654 2798 5710 Ardaburius
2835 5655 3172 5709 irascebatur
3213 5654 3428 5710 cuidam

290 5840 371 5902 (ἃ)
404 5838 705 5897 AnnoJGS.
733 5836 809 5893 De
841 5836 942 5894 hoc
977 5834 1228 5891 incendio
1247 5837 1541 5892 Mareellin.
1571 5837 1624 5892 in
1643 5835 1847 5893 Chron.
1892 5846 1948 5892 et
1984 5837 2116 5891 Acta
2148 5835 2384 5893 Daiiielis
2413 5835 2636 5905 Stylitie,
2663 5835 2721 5888 ll
2760 5834 3067 5899 Dccciiibr.,
3105 5849 3224 5904 cap.
3256 5833 3341 5887 27.
