4242 6442
738 398 847 464 ⁸147

1979 397 2266 461 MENSIS
2308 398 2745 463 DECEMBER.

765 543 4028 584 Μ

2001 713 2741 808 MARTYRIUM

958 938 1758 1098 SANCTfE
1885 933 2896 1099 MARTYRIS
3011 940 3274 1103 AN
3286 948 3776 1112 YSI/f

1803 1213 1986 1287 QUIE
2059 1213 2204 1276 EST
2283 1213 2932 1281 THESSALONICJE.

1287 1388 1483 1457 (Latino
1509 1404 1588 1455 ap.
1617 1390 1815 1443 Sorium
1839 1386 1898 1438 ad
1941 1386 2076 1441 diem
2102 1388 2163 1441 50
2187 1389 2478 1449 Decembris
2508 1396 2718 1460 ;Grace
2741 1407 2837 1448 non
2863 1401 3030 1451 exstat
3054 1399 3104 1449 in
3127 1407 3246 1448 mss.
3272 1395 3458 1458 Parta.)

808 1711 850 1768 ι.
895 1713 1161 1784 Tempore
1207 1715 1419 1785 tyranni
1465 1709 1798 1773 Maximiani,
1844 1712 2022 1782 puella
2068 1713 2315 1784 quaedam
2347 1715 2392 1771 Α
2424 1725 2713 1781 naturam,
2753 1715 3075 1784 priusquam
3114 1729 3190 1768 ere
3231 1713 3584 1768 dominentur
3621 1707 3784 1763 nobis
3828 1720 4036 1777 praeter

739 1809 960 1863 nomine
988 1807 1212 1877 Auysia,
1246 1806 1411 1860 nobili
1446 1806 1566 1858 loco
1599 1813 1720 1857 nata
1752 1801 2177 1871 Thessalonicae,
2210 1807 2319 1863 ale-

739 1901 898 1956 batur
938 1901 1077 1968 apud
1120 1900 1315 1956 divites
1354 1907 1407 1952 et
1451 1897 1635 1951 ﬁdeles
1677 1906 1964 1965 parentes,
2010 1901 2223 1954 erudita
2265 1900 2318 1954 in

738 1994 933 2046 timore
969 1991 1201 2052 Domini,
1239 1993 1410 2060 magis
1443 1990 1736 2044 virtutibus
1769 2005 1932 2058 quam
1965 2000 2120 2044 aetate
2151 1993 2320 2062 proli-

737 2087 907 2139 ciens.
940 2083 1005 2138 Et
1035 2085 1267 2154 primum
1300 2084 1514 2152 quidem
1551 2094 1803 2152 parentes
1831 2096 1948 2135 eam
1985 2086 2155 2153 magis
2185 2086 2318 2154 dog-

737 2177 975 2231 matibus
1019 2176 1234 2244 pietatis
1277 2176 1587 2237 nutrivere,
1625 2189 1786 2243 quam
1826 2176 1988 2230 lacte.
2024 2175 2318 2245 Postquam

737 2277 917 2324 autem
984 2277 1192 2322 aetatem
1259 2267 1476 2321 transiit
1539 2267 1875 2336 puellarem,
1935 2267 2320 2338 videreturque

734 2362 927 2431 puellae.
969 2372 1209 2430 grawtas
1251 2369 1304 2415 et
1345 2360 1511 2415 decus
1553 2359 1730 2428 majus
1770 2375 1934 2430 quam
1980 2369 2317 2431 sperassent,

731 2466 856 2506 eam
902 2453 1257 2506 solidioribus
1307 2450 1614 2520 disciplinis
1662 2451 2006 2506 erudiebant.
2056 2449 2148 2505 Illa
2193 2465 2319 2506 vero

731 2559 882 2605 cum,
917 2552 974 2597 ut
1004 2558 1123 2612 quae
1157 2547 1300 2596 bono
1329 2551 1472 2596 esset
1504 2542 1720 2610 ingenio
1755 2543 2000 2610 praedita,
2035 2541 2195 2596 facile
2223 2557 2316 2610 ap.

731 2635 1114 2708 prehenderet,
1149 2634 1357 2690 fructus
1391 2634 1584 2704 dignos
1616 2635 1923 2703 disciplina
1950 2634 2165 2688 actione
2196 2649 2321 2702 pro-

733 2730 940 2786 ferebat
979 2748 992 2783 :
1031 2744 1264 2798 cumque
1301 2743 1425 2782 vere
1463 2728 1715 2784 ccelestes
1753 2737 1805 2781 et
1845 2727 2122 2797 angelicas
2162 2729 2320 2796 plane

733 2825 960 2880 haberet
1006 2825 1253 2892 spiritus,
1298 2822 1529 2891 insignis
1575 2821 1927 2890 pulchritudo
1967 2820 2207 2874 micabat
2253 2834 2317 2873 ex

733 2919 927 2974 oculis.
957 2916 1146 2987 Magna
1182 2926 1366 2971 autem
1400 2929 1464 2969 ex
1500 2923 1653 2983 parte
1687 2912 1832 2967 domi
1870 2912 2092 2967 latebat.
2124 2911 2197 2964 De
2224 2909 2316 2979 ju-

730 3020 954 3068 ventute
1003 3024 1134 3065 vero
1185 3007 1490 3078 saepissime
1541 3007 2002 3075 conquerehatur,
2057 3005 2246 3060 dicens
2298 3020 2312 3058 :

734 3104 780 3163 Ο
813 3103 1131 3160 insidiosam
1169 3111 1418 3166 aetatem,
1454 3116 1575 3170 quae
1610 3109 1704 3154 aut
1742 3101 1916 3163 laedit,
1953 3110 2046 3154 aut
2081 3099 2317 3153 laeditur.

733 3197 967 3252 Pulchra
998 3211 1087 3250 res
1116 3202 1200 3250 est
1231 3203 1507 3248 senectus.
1540 3189 1636 3246 Hei
1671 3192 1834 3245 mihi!
1869 3191 2154 3261 longitudo
2188 3200 2322 3245 tem-

733 3290 882 3359 poris
909 3303 996 3342 me
1025 3286 1287 3342 maestitia
1317 3282 1504 3346 allicit,
1534 3298 1654 3353 qua:
1686 3283 1874 3338 tandiu
1904 3293 2121 3350 separat
2151 3299 2179 3336 a
2212 3297 2322 3337 cce-

733 3381 983 3436 lestihus.
1014 3377 1078 3432 Et
1107 3386 1164 3432 ut
1190 3376 1355 3432 semel
1388 3376 1585 3437 dicam,
1617 3389 1894 3443 nunquam
1925 3375 2321 3429 intermittebat

733 3472 1016 3528 Christum
1055 3483 1249 3524 vocare
1284 3469 1348 3523 ad
1386 3483 1548 3522 suum
1584 3467 1883 3531 auxilium,
1919 3475 1972 3522 et
2008 3481 2184 3535 genua
2219 3465 2320 3521 ﬂe-

734 3577 911 3627 etens,
945 3562 1122 3618 solum
1157 3559 1478 3629 aspergebat
1509 3558 1786 3627 lacrymis.

803 3656 868 3710 ll.
909 3656 1119 3710 Interea
1150 3663 1328 3706 autem
1364 3666 1486 3706 cum
1519 3660 1776 3720 parentes
1805 3650 2192 3713 decessissent,
2227 3664 2319 3705 ac-

737 3757 892 3818 cepta
934 3747 1270 3808 haereditate,
1310 3745 1603 3814 cogitabat,
1641 3744 1912 3812 quomodo
1951 3753 2190 3797 uteretur
2228 3744 2317 3806 iis.

731 3857 868 3913 quas
899 3839 1156 3900 habebat,
1192 3837 1416 3891 divitiis.
1457 3834 1629 3888 Erant
1657 3850 1786 3889 vero
1817 3838 2062 3904 congesti
2096 3837 2317 3890 maximi

730 3935 850 3989 auri
881 3944 934 3986 et
968 3929 1174 4002 argenti
1209 3928 1482 3991 thesauri,
1509 3929 1700 3997 amplae
1729 3930 2126 3997 possessiones.
2158 3928 2315 3982 multi

729 4038 989 4097 pecorum
1023 4037 1234 4091 greges,
1269 4035 1550 4074 servorum
1584 4029 1638 4072 et
1667 4021 1989 4073 ancillarum
2026 4019 2318 4074 multitudo

732 4115 1173 4178 innumerabilis,
1201 4113 1366 4166 vestis
1397 4121 1716 4179 sumptuosa
1746 4121 1799 4164 et
1831 4113 2141 4180 magniﬁca,
2171 4122 2223 4166 et
2251 4128 2318 4166 ex

731 4225 864 4265 auro
892 4215 1169 4265 contexta.
1195 4213 1249 4258 et
1275 4204 1474 4263 serica,
1504 4203 1743 4256 mundus
1773 4218 1991 4264 aureus,
2020 4214 2319 4258 exornatus

730 4299 877 4354 omni
911 4310 1108 4368 genere
1141 4291 1519 4364 gemmarum,
1549 4295 1925 4361 magnitudine
1957 4295 2317 4362 resplendens

2425 1816 2715 1875 naturam;
2747 1807 2949 1862 eﬂlciar
2979 1823 3107 1862 vere
3139 1807 3364 1860 domina
3387 1845 3402 1866 .
3435 1820 3529 1860 eas
3559 1813 3751 1858 sancte
3785 1801 4033 1856 admini-

2422 1911 2604 1957 strans
2640 1902 2805 1955 simul
2849 1910 2903 1955 et
2944 1901 3227 1956 declinans
3263 1915 3325 1953 ea
3362 1915 3484 1964 qua:
3521 1914 3588 1951 ex
3625 1897 3705 1950 eis
3740 1897 4030 1955 oriuntur,

2422 1993 2574 2054 vitia.
2599 2001 2650 2047 et
2673 1991 2979 2047 custodiam
3008 1993 3328 2060 excogitaus
3355 1990 3713 2049 tutissimam.
3744 1989 3800 2041 in
3827 1989 4028 2040 vidua-

2424 2099 2567 2148 rum,
2594 2085 2969 2153 orphanorum
2998 2092 3052 2137 et
3079 2083 3454 2137 mendicorum
3481 2090 3720 2135 ventrem
3751 2087 4024 2148 tanquam

2421 2179 2740 2232 thesaurum
2783 2191 2878 2232 eas
2915 2179 3241 2231 recondens.
3280 2176 3516 2229 ldoneus
3554 2174 3870 2242 tidejussor,
3913 2174 4018 2225 Do-

2423 2272 2605 2326 minus
2639 2271 3060 2334 universorum,
3095 2283 3203 2322 non
3236 2271 3300 2320 ad
3335 2269 3562 2336 duplum
3597 2281 3773 2336 usque
3804 2265 4024 2319 solum-

2423 2363 2582 2418 modo
2610 2363 2831 2432 augebit
2857 2372 3084 2426 sortem,
3116 2362 3208 2417 sed
3239 2361 3304 2414 ad
3335 2360 3654 2427 centuplum
3685 2372 3860 2426 usque
3891 2373 4022 2410 cum

2421 2453 2535 2508 vita
2568 2462 2774 2508 a:terna
2809 2453 2941 2507 mihi
2975 2452 3158 2508 foenus
3191 2453 3433 2520 adjiciet.
3467 2449 3560 2504 Pie
3591 2463 4022 2508 consumamus,

2420 2555 2538 2602 tuto
2567 2547 2712 2601 enim
2741 2548 3092 2616 recipiemus.
3125 2547 3479 2600 Venumdatis
3509 2544 3765 2598 omnibus
3792 2557 4019 2596 crucem

2421 2638 2812 2707 acquiramus,
2860 2639 3138 2694 Christum
3182 2638 3422 2704 expediti
3467 2651 3791 2705 sequamur,
3838 2635 4019 2703 ipsam

2423 2737 2627 2785 terram
2666 2731 2849 2786 statim
2888 2745 3012 2785 cum
3051 2739 3193 2784 terra
3230 2731 3647 2798 relinquamus,
3683 2729 3856 2784 caelos
3891 2741 4018 2780 cum

2424 2823 2633 2892 angelis
2663 2823 2993 2878 habitamus.
3023 2821 3319 2892 Fugiamus
3347 2821 3709 2892 periculosam
3738 2821 3936 2882 vitam,
3961 2828 4018 2872 et

2423 2913 2640 2981 probris
2684 2913 2898 2981 plenam
2946 2927 2961 2964 :
3005 2919 3060 2965 et
3098 2913 3471 2967 desideremus
3512 2922 3819 2972 certamen,
3865 2910 4014 2979 quod

2423 3005 2951 3073 superatrationem.
2969 3005 3103 3058 Cum
3139 3006 3204 3057 iis
3235 3020 3356 3073 qua:
3386 3019 3495 3058 non
3529 3005 3810 3074 patiuntur
3841 3005 4016 3056 inter-

2423 3095 2593 3161 itum,
2641 3109 3016 3164 permutemus
3087 3113 3188 3160 ea,
3243 3096 3295 3151 in
3348 3113 3467 3164 qua:
3539 3097 3683 3152 cadit
3736 3097 4014 3152 interitus.

2425 3185 2659 3241 Maxime
2687 3190 3010 3244 venerandis
3040 3201 3168 3243 sunt
3198 3191 3419 3259 nuptiae,
3449 3205 3570 3259 qua
3601 3192 4016 3259 corruptionem

2423 3294 2770 3348 nequaquam
2809 3281 3107 3334 conciliant
3144 3301 3156 3333 :
3197 3296 3618 3350 permaneamus
3665 3283 3929 3351 integre,
3965 3284 4015 3337 ei

2422 3370 2514 3439 qui
2545 3368 2824 3436 formavit,
2852 3387 3047 3441 purum
3080 3359 3841 3442 ﬁgmentumconservemus,
3872 3391 3902 3429 a
3933 3391 4018 3430 re-

2423 3463 2791 3533 prehensione
2822 3465 3059 3518 alienum
3095 3466 3298 3521 Christi
3334 3467 3717 3522 custodiamus
3755 3469 4016 3538 signacu-

2423 3555 2555 3610 lum.
2585 3557 2857 3624 Agnoscat
2883 3555 3148 3612 Dominus
3175 3559 3349 3628 sigilla
3379 3561 3732 3629 virginitatis.
3760 3563 4014 3616 clausum

2422 3649 2662 3702 inveniat
2695 3650 2935 3711 hortum,
2965 3665 3090 3704 cum
3120 3652 3432 3705 accesserit.
3462 3652 3815 3709 Prmbeamus
3845 3653 4013 3709 fontis

2420 3738 2624 3793 ﬂuenta
2669 3739 2893 3794 minime
2943 3742 3280 3810 perturbata.
3325 3741 3482 3796 Nunc
3527 3759 3650 3796 cum
3697 3757 3827 3798 sunt
3874 3762 4015 3800 nun-

2421 3832 2593 3898 diuae,
2625 3833 2994 3902 negociemur.
3031 3833 3343 3888 Persecutio
3377 3844 3428 3889 et
3465 3836 3690 3889 alnictio
3725 3838 3858 3890 mihi
3897 3839 4012 3907 glo-

2421 3923 2559 3978 riam
2595 3924 2907 3978 concilient.
2947 3922 3214 3980 Prmsides
3271 3937 3323 3979 et
3362 3929 3626 3995 supplicia
3674 3928 3726 3981 in
3770 3929 4011 3998 paradisi

2422 4016 2666 4082 delicias,
2704 4017 2949 4072 custodia
2982 4029 3032 4072 et
3067 4017 3276 4087 ﬂagella
3326 4020 3380 4072 in
3439 4019 3642 4074 Christi
3710 4023 4010 4089 nuptialem

2423 4110 2723 4164 thalamum
2769 4109 3140 4164 introducunt.
3192 4110 3307 4164 Non
3355 4110 3533 4165 solum
3585 4119 3717 4164 sunt
3763 4114 4007 4167 virorum

2420 4217 2658 4263 coronae,
2688 4201 2783 4256 sed
2812 4202 2978 4256 etiam
3013 4202 3328 4256 mulierum.

2492 4298 2580 4354 Ill.
2623 4299 2688 4353 Et
2731 4300 2844 4353 haec
2885 4297 3093 4360 dicens,
3136 4302 3328 4352 orabat
3372 4313 3496 4352 cum
3543 4298 3803 4365 Iacrymis
3845 4312 3860 4348 :
3907 4298 4006 4350 Do-

727 4405 780 4448 et
823 4390 1248 4462 pulchritudine.
1293 4387 1417 4442 Haec
1465 4388 1654 4442 videns
1700 4388 2048 4443 sanctissima
2091 4388 2313 4459 Anysia,
2343 4413 2387 4476 ρ
2426 4393 2600 4456 mine,
2632 4388 2758 4446 Jesu
2788 4389 3033 4452 Christe,
3067 4389 3156 4443 lux
3193 4405 3350 4453 vera,
3389 4390 3511 4444 l‘ons
3545 4391 4004 4455 immortalitatis,

727 4487 940 4541 dicebat
977 4504 990 4538 :
1029 4483 1314 4548 Quomodo
1353 4482 1514 4534 salva:
1555 4495 1675 4534 csse
1714 4483 2015 4549 poterimus
2051 4481 2104 4534 in
2142 4481 2310 4537 tantis

727 4575 962 4629 terrenis
991 4571 1198 4640 c0piis?
1223 4570 1509 4635 Quomodo
1535 4579 1698 4632 caput
1728 4569 1982 4623 draconis
2009 4571 2311 4626 exuemus?

726 4666 842 4733 Age
873 4665 1136 4718 adversus
1165 4663 1341 4731 ipsum
1374 4669 1496 4713 utar
1523 4660 1642 4728 ejus
1671 4661 1998 4716 inventione.
2030 4661 2123 4715 llle
2151 4672 2310 4734 quot-

726 4756 889 4809 annis
943 4769 1001 4809 se
1048 4768 1278 4815 exuens,
1333 4761 1661 4817 renovatur;
1713 4767 1979 4807 exuamus
2027 4770 2158 4826 ergo
2208 4773 2306 4812 nos

729 4861 950 4916 quoque
982 4845 1161 4900 varias
1194 4844 1435 4899 divitias.
1471 4843 1558 4899 Es:
1591 4846 1736 4900 enim
1769 4846 1971 4901 divitiae
2001 4849 2174 4918 magis
2205 4866 2304 4918 pu-

727 4939 888 4992 niunt
917 4953 1012 4992 eos
1046 4941 1134 5008 qui
1169 4939 1273 4991 illis
1309 4938 1445 4991 male
1477 4947 1740 5001 utuntur;
1773 4954 1888 5004 eos,
1918 4939 2006 5009 qui
2039 4941 2184 5010 ipsas
2215 4958 2306 4998 ac-

728 5029 1146 5082 cumulaverunt
1167 5066 1180 5090 ,
1208 5027 1440 5080 multant
1471 5027 1618 5081 rabie
1649 5027 2035 5083 immedicabili
2067 5046 2080 5085 :
2113 5047 2303 5098 parcos

636 5128 638 5132 '
728 5130 910 5174 autem
953 5129 1006 5173 et
1046 5119 1334 5173 illiberales
1376 5120 1494 5174 suis
1536 5120 1744 5188 laqueis
1778 5127 1833 5172 et
1869 5121 2074 5175 retibus
2119 5123 2302 5192 impli-

725 5218 872 5265 cant.
920 5212 1186 5278 Agrorum
1234 5211 1513 5279 possessio
1557 5211 1801 5279 suggerit
1847 5213 2298 5284 indignationem,

725 5309 782 5354 et
816 5300 1036 5354 inﬁdam
1074 5301 1415 5370 vectigalium
1453 5301 1827 5363 exactionem,
1865 5303 2147 5372 proferens
2181 5316 2300 5362 true

726 5393 869 5447 tinas
899 5392 1064 5449 falsas
1095 5401 1154 5448 et
1185 5392 1320 5447 falsa
1352 5393 1614 5462 pondera.
1647 5391 1835 5450 Vestes
1864 5396 2061 5452 docent
2091 5414 2148 5453 se
2180 5415 2300 5468 per-

725 5497 912 5551 peram
942 5495 996 5538 et
1025 5486 1273 5554 nequiter
1300 5498 1510 5554 gerere.
1540 5487 1848 5556 resolvique
1874 5498 1926 5542 et
1953 5489 2181 5545 diffundi
2211 5493 2299 5545 de-

723 5573 882 5629 liciis.
905 5571 1153 5645 Torques
1174 5587 1226 5631 et
1253 5577 1475 5630 monilia
1499 5577 1758 5642 eﬂiciunt,
1785 5589 1839 5633 ut
1861 5581 2040 5636 cervix
2067 5587 2298 5652 superbe

721 5665 983 5733 erigatur,
1021 5675 1074 5721 et
1116 5676 1172 5721 ut
1211 5683 1330 5737 qua:
1365 5668 1618 5724 laudibus
1655 5671 1907 5734 trahitur,
1947 5673 2111 5728 videri
2147 5675 2298 5730 desi-

2420 4483 2573 4536 radix
2608 4483 3066 4549 incorruptionis,
3101 4483 3192 4551 qui
3229 4483 3546 4550 mysterium
3587 4485 3917 4551 virginitatis
3952 4486 4004 4538 in

2419 4585 2575 4630 utero
2613 4574 2945 4642 concepisti,
2983 4573 3074 4642 qui
3111 4577 3302 4626 matris
3338 4589 3538 4628 nomen
3577 4575 3722 4627 nulla
3759 4574 3880 4629 labe
3917 4577 4001 4628 in-

2417 4667 2699 4736 quinatum
2730 4666 3062 4725 custodiisti,
3098 4666 3235 4720 bone
3272 4665 3521 4730 Domine,
3555 4678 3750 4734 praesta
3790 4683 3854 4720 ne.
3889 4671 3999 4721 vir-

2415 4759 2602 4828 ginum
2633 4758 2859 4811 chorum
2893 4757 3173 4822 deseram,
3211 4773 3276 4810 ne
3305 4759 3566 4812 excludar
3598 4760 3871 4820 thalamo,
3909 4763 4000 4813 sed

2415 4866 2502 4904 me
2535 4851 2678 4904 refer
2711 4851 2763 4903 in
2802 4866 3088 4904 numerum
3121 4851 3393 4918 virginum
3431 4851 3798 4917 prudentum,
3829 4861 3882 4904 et
3915 4853 3997 4905 dl-

2415 4957 2583 5011 gnare
2612 4941 3056 5007 me,Dominc,ut
3090 4943 3395 5010 lampadem
3431 4941 3630 5004 ferens,
3665 4945 3842 5005 victis,
3875 4959 3994 5012 qua

2414 5035 2692 5103 inquinari
2740 5042 3038 5101 nequeunt,
3087 5035 3481 5088 certaminibus
3529 5036 3822 5103 gloriticer.
3873 5035 3995 5091 [ch

2413 5142 2536 5181 cum
2569 5127 2794 5181 dixisset
2823 5128 3169 5182 sanctissima
3197 5129 3399 5198 Auysia
3422 5169 3435 5191 ,
3471 5138 3653 5183 statim
3685 5133 3868 5185 omnia
3902 5149 3993 5186 vc-

2414 5218 2716 5280 numdedit,
2739 5234 2842 5272 non
2873 5220 3006 5272 tanti
3039 5221 3226 5287 quanti
3255 5230 3371 5273 erat
3401 5223 3830 5290 unumquodque
3851 5263 3864 5285 ,
3895 5239 3993 5277 nec

2413 5319 2471 5362 ut
2498 5310 2635 5365 solet
2664 5313 2780 5365 ﬂeri
2814 5316 2865 5366 in
2894 5312 3287 5375 contractibus,
3313 5314 3588 5382 exquisite
3615 5317 3942 5370 examinans
3973 5336 3986 5371 :

2410 5406 2503 5456 sed
2547 5403 2650 5459 hoc
2686 5405 2861 5458 solum
2906 5405 3119 5459 dicebat
3155 5407 3382 5476 emptori
3424 5422 3438 5460 :
3482 5407 3573 5461 Est
3611 5411 3986 5464 mendicorum

2407 5503 2460 5548 et
2490 5509 2818 5565 egenorum;
2852 5497 2916 5550 da
2948 5495 3158 5566 justum
3191 5499 3445 5567 pretium,
3483 5505 3540 5552 ut
3571 5498 3734 5553 simul
3769 5516 3990 5571 quoque

2408 5590 2644 5657 aliquam
2692 5591 2786 5645 tibi
2833 5590 3029 5647 oderas
3073 5593 3376 5647 mercedem
3420 5608 3630 5654 emens.
3672 5601 3726 5648 et
3765 5593 3986 5651 enectus

2403 5681 2584 5748 justus
2626 5682 2903 5738 dominus.
2931 5682 3056 5739 Haec
3085 5695 3266 5738 autem
3298 5686 3534 5748 dicebat,
3567 5703 3675 5741 non
3706 5690 3848 5756 quod
3883 5693 3987 5742 vel-

721 5754 898 5811 deres.
943 5759 1050 5826 Age
1094 5773 1225 5828 ergo
1269 5760 1374 5829 piis
1420 5761 1506 5830 pie
1552 5773 1786 5824 utamur.
1844 5764 2000 5820 beato
2046 5765 2298 5823 Matthao
2328 5773 2377 5831 ο
2405 5773 2473 5827 let
2505 5775 2924 5844 multiplicatum
2954 5775 3201 5846 accipere
3229 5780 3484 5848 pretium,
3513 5781 3607 5832 sed
3637 5781 3690 5832 in
3721 5754 3825 5834 hoc
3851 5795 3984 5848 quo-

718 5861 991 5919 parentes.
1030 5855 1369 5912 Domiuatum
1403 5855 1457 5912 in
1490 5870 1584 5914 eas
1617 5859 1960 5916 obtineamus
1995 5864 2292 5918 secundum

2407 5881 2512 5935 que
2543 5867 2748 5924 habens
2780 5869 2954 5923 aelutn
2990 5869 3206 5938 pietatis
3230 5911 3243 5936 ,
3274 5881 3328 5926 et
3358 5872 3405 5928 ei
3440 5875 3533 5941 qui
3562 5875 3773 5929 emebat
3798 5912 3811 5938 ,
3847 5888 3982 5930 mer-
