4242 6442
743 419 848 485 Ἰδι

1954 407 2238 471 MENSIS
2277 408 2711 471 DECEMBER.

3875 400 3997 463 752

745 529 1013 603 fugiebat,
1045 525 1204 595 eique
1232 532 1287 578 et
1318 522 1558 590 torporis
1586 530 1640 577 et
1672 520 1892 575 desidia:
1922 520 2172 573 morbum
2206 521 2309 571 im-
2338 528 2383 581 Α
2414 528 2464 573 te
2507 529 2678 573 morte
2719 517 2987 572 at'ﬁcimur
3023 525 3138 572 toto
3173 515 3300 580 die;
3343 513 3576 584 reputati
3619 528 3811 567 sumus
3879 524 4010 565 tan-

746 621 1018 680 rnlttebat.
1052 617 1146 672 Illa
1183 623 1361 669 autem
1399 615 1608 668 intensa
1643 619 1695 666 et
1731 619 1992 681 perpetua
2029 610 2275 664 oratione
2298 647 2310 670 ,

746 712 980 787 perinde
1007 723 1070 764 ac
1105 715 1256 776 septa
1291 705 1584 774 palaestrae,
1617 702 1738 770 ejus
1771 701 1951 755 statim
1989 698 2318 766 infringebat

749 806 1001 862 insidias.
1040 801 1254 856 Rursus
1293 811 1421 852 vero
1461 795 1673 849 dicebat
1715 791 1959 846 veritatis
1999 788 2254 842 inimicus
2301 801 2314 838 :

748 897 864 950 Heu
901 892 1036 963 quid
1070 888 1204 944 mihi
1236 886 1433 940 accidit
1465 882 1710 938 inlelici?
1744 880 1848 946 Qui
1903 878 2124 947 angelos
2159 890 2188 930 e
2223 890 2317 930 su-

748 986 896 1059 peris
938 982 1169 1046 detraxi,
1205 990 1259 1035 et
1302 979 1546 1048 gigantes
1588 972 1818 1042 subieci,
1857 985 2001 1025 nunc
2045 966 2247 1022 illudor
2287 981 2315 1018 a

750 1055 936 1146 pueris
972 1081 1029 1128 et
1061 1070 1274 1140 puellis.
1313 1066 1481 1121 Morte
1514 1064 1657 1118 enim
1695 1071 1955 1128 tanquam
1996 1058 2102 1111 vita
2139 1055 2320 1108 laetan-

750 1145 835 1225 tes
857 1207 872 1232 ,
901 1174 956 1222 et
985 1179 1081 1236 per
1111 1165 1284 1233 ipsam
1319 1155 1566 1223 coronati
1595 1162 1881 1209 currentes
1912 1151 1976 1204 ad
2011 1149 2180 1204 cmlos
2206 1188 2218 1211 ,
2254 1145 2320 1199 de

751 1271 950 1317 caetero
995 1256 1128 1312 mibi
1170 1253 1414 1308 fecerunt
1457 1247 1722 1304 mundum
1765 1242 2196 1299 inhabitabilem.
2236 1236 2320 1291 Me

750 1352 1138 1409 consolabatur
1178 1344 1402 1414 sanguis
1441 1348 1764 1409 martyrum.
1804 1337 1896 1405 qui
1933 1332 2321 1388 interimeban-

750 1457 861 1510 tur,
901 1443 995 1500 sed
1034 1440 1168 1495 ﬁdes
1208 1449 1394 1492 eorum
1436 1429 1841 1491 decertationis,
1882 1436 1934 1481 et
1973 1438 2160 1480 eorum
2201 1434 2322 1490 quae

753 1545 1014 1608 geruntur
1035 1529 1369 1602 praedicatio,
1397 1523 1780 1579 transmutavit
1805 1521 2045 1584 integras
2068 1515 2317 1569 civitates

752 1602 807 1682 et
837 1635 1045 1695 gentes.
1077 1617 1301 1687 Templa
1332 1615 1645 1675 diruuntnr,
1671 1608 2049 1664 conticescunt
2076 1602 2318 1663 oracula,

756 1692 954 1771 abolita
987 1719 1118 1767 sunt
1148 1707 1424 1778 mysteria,
1457 1708 1774 1772 torpescunt
1802 1707 2008 1769 mystae,
2041 1695 2133 1763 qui
2169 1692 2320 1762 prius

747 1806 1099 1864 exsultabant
1129 1819 1142 1856 :
1173 1801 1238 1854 ad
1268 1810 1471 1861 meum,
1498 1804 1558 1849 ut
1585 1793 1816 1852 videtur,
1845 1790 2068 1843 exitium
2101 1798 2317 1838 crucem

2419 625 2581 679 quam
2612 625 2740 665 oves
2771 609 3130 665 occisionis‘.
3165 625 3183 658 ι
3217 605 3371 660 Tunc
3401 615 3580 659 autem
3610 602 3876 670 cogitatio
3904 615 4008 653 ve-

2419 703 2498 756 nit
2529 703 2582 756 in
2615 711 2848 756 mentem
2881 701 3116 771 Anysiaa,
3145 708 3205 754 nt
3236 701 3334 752 iret
3364 698 3433 751 ad
3465 696 3778 750 Dominum.
3813 694 3868 746 Id
3900 707 4010 744 an-

2419 803 2525 848 tem
2568 802 2684 847 erat
2726 793 2971 862 angelus,
3009 792 3101 862 qui
3139 807 3260 846 eam
3299 791 3530 845 vocabat
3570 789 3637 842 ad
3682 786 4004 856 passionem

2423 884 2689 952 martyrii.

2493 973 2627 1028 VIII.
2668 973 2916 1044 Cumque
2957 972 3335 1045 ingrederetur
3367 983 3574 1040 portam
3613 969 4006 1025 Casandrioti-

2419 1076 2560 1128 eam,
2586 1064 2856 1118 excitatus
2883 1073 2967 1117 est
2999 1066 3264 1118 tumultus
3292 1063 3346 1117 in
3376 1063 3597 1131 populo.
3628 1060 3830 1114 Deinde
3862 1076 3997 1113 cum

2419 1169 2537 1208 eam
2567 1156 2789 1210 vidisset
2819 1157 3040 1226 quidam
3072 1173 3140 1212 ex
3171 1156 3496 1211 satellitibus
3527 1155 3910 1221 imperatoris,
3942 1167 4004 1210 et

2419 1258 2561 1301 esset
2591 1249 2657 1301 ab
2675 1249 2792 1316 ejus
2814 1249 3087 1303 sauciatus
3107 1248 3529 1318 pulchritudine,
3549 1247 3631 1300 vel
3663 1247 3730 1300 ab
3761 1250 3882 1316 ipso
3914 1262 4011 1314 po-

2422 1341 2526 1392 tius
2555 1339 2776 1394 diabolo
2808 1339 3085 1402 incitatd‘s.
3112 1341 3159 1394 ei
3190 1339 3364 1395 Iactus
3389 1341 3627 1400 obviam,
3651 1339 3768 1399 Sta,
3794 1341 4004 1407 inquit,

2419 1439 2472 1483 et
2507 1431 2594 1485 die
2619 1470 2633 1496 ,
2669 1446 2778 1498 quo
2816 1432 2987 1487 vadis.
3029 1431 3122 1486 Illa
3157 1443 3339 1488 autem
3373 1433 3564 1486 videns
3596 1433 3713 1500 ejus
3751 1434 4005 1485 insolen-

2419 1521 2548 1574 tiam
2589 1532 2644 1576 et
2685 1524 3212 1585 immoderationem,
3254 1533 3320 1578 et
3349 1535 3529 1578 mente
3567 1526 3779 1592 agitans
3823 1537 4005 1578 tenta-

2419 1613 2641 1675 tionem,
2685 1613 2854 1683 digito
2901 1613 3026 1669 fecit
3070 1617 3124 1668 in
3172 1615 3350 1669 fronte
3393 1616 3609 1681 signum
3657 1618 3860 1670 crucis.
3911 1617 4007 1667 Ille

2418 1719 2546 1758 vero
2578 1705 2733 1773 plane
2764 1704 2876 1760 fera
2900 1747 2913 1770 ,
2947 1716 3000 1761 et
3027 1708 3220 1776 quavis
3254 1706 3364 1760 fera
3400 1710 3617 1770 saevior,
3649 1722 3757 1760 non
3793 1711 4004 1760 reveri-

2417 1804 2506 1851 tus
2547 1806 2629 1850 est
2675 1812 2996 1866 generosum
3047 1808 3100 1853 et
3142 1801 3397 1852 decorum
3449 1801 3746 1857 silentium.
3793 1800 3888 1852 sed
3937 1813 4006 1852 se

753 1901 1010 1953 ﬁxerunt.
1049 1892 1167 1948 Jam
1212 1889 1345 1946 milii
1388 1857 1640 1958 praesagit
1683 1883 1900 1937 animus
1945 1878 2213 1936 futurum,
2258 1881 2317 1927 ut
2347 1857 2428 1937 Β.

2347 1857 2389 1917 Β
2421 1887 2748 1940 c0utnmelia
2786 1887 3036 1942 affectum
3068 1897 3122 1942 et
3151 1891 3462 1958 despectum
3507 1889 3801 1941 arbitratus
3825 1927 3838 1948 ,
3871 1903 3999 1940 cum

755 1990 901 2057 regia
941 1998 1057 2038 mea
1092 1982 1249 2050 plane
1282 1977 1632 2033 dissolvatur.
1665 1971 1800 2026 Nam
1840 1969 1932 2037 qui
1969 1976 2091 2023 sunt
2130 1965 2182 2018 in
2221 1974 2323 2018 tor-

759 2056 956 2132 mentis
982 2075 1204 2136 bilares,
1234 2081 1288 2126 et
1315 2069 1370 2122 in
1398 2066 1660 2137 sepulcris
1691 2063 1984 2124 terribiles,
2017 2069 2204 2121 urunt,
2232 2056 2323 2109 lla.

757 2169 974 2239 geIlant,
1003 2177 1057 2220 et
1085 2177 1172 2218 me
1204 2162 1440 2229 undique
1470 2165 1892 2226 persequuntur,
1923 2160 1976 2205 et
2005 2149 2144 2217 quod
2179 2162 2208 2200 a
2242 2162 2324 2199 me

758 2238 938 2316 fuerat
964 2257 1362 2325 excogitatum,
1395 2248 1568 2304 evasit
1596 2246 1835 2301 accessio
1867 2241 2088 2310 majoris
2119 2238 2324 2306 suppli-

758 2355 850 2410 cii.
896 2351 1076 2406 lnveni
1119 2359 1298 2402 tamen
1343 2345 1473 2414 quid
1519 2357 1696 2412 agam.
1741 2338 1997 2393 Protinus
2043 2347 2173 2403 ergo
2220 2331 2325 2383 tale

759 2445 887 2515 quid
918 2445 971 2496 in
1000 2455 1118 2495 eam
1145 2435 1431 2502 excogitat,
1461 2432 1781 2488 existimans
1809 2444 1868 2484 se
1899 2443 1998 2482 sua
2030 2421 2234 2478 invidia
2264 2434 2326 2472 ac

759 2535 1112 2607 malignitate,
1141 2532 1282 2599 ejus,
1313 2542 1429 2597 qua:
1458 2523 1836 2584 extollebatur,
1869 2517 2095 2588 gloriam
2128 2515 2328 2567 obscu-

760 2638 1007 2684 raturum
1043 2644 1058 2680 :
1092 2633 1149 2678 ut
1180 2636 1304 2677 cum
1335 2629 1518 2673 essent
1550 2615 1682 2669 viles
1708 2626 1761 2667 et
1791 2612 2013 2681 abiecta
2044 2618 2289 2677 personae
2309 2622 2324 2649 ο

760 2737 882 2792 qua:
917 2734 1036 2774 eam
1073 2717 1476 2774 iuterimerent,
1516 2711 1675 2761 vilem
1715 2720 1928 2775 quoque
1967 2711 2022 2755 et
2057 2702 2323 2767 abjeetani

759 2814 1036 2869 videretur
1069 2807 1276 2862 efﬁcere
1309 2805 1428 2872 ejus
1461 2801 1880 2856 tlecertntioncrn
1907 2836 1921 2858 ,
1957 2803 2010 2847 et
2047 2793 2188 2862 quod
2228 2803 2327 2844 nec

762 2907 984 2974 scriptis
1011 2900 1264 2956 mandata
1292 2905 1471 2951 essent
1491 2934 1504 2954 .
1532 2904 1584 2946 et
1611 2899 1859 2945 carerent
1891 2887 2064 2940 l‘orina
2090 2883 2327 2947 judicio-

766 2972 910 3062 rumi,
927 2993 1367 3049 oblitterarentur
1385 2986 1545 3040 etiam
1575 2993 1774 3051 tropaea
1799 2979 2192 3034 eneoniiornm.
2212 2972 2326 3026 Non

763 3087 1072 3156 intelligens
1107 3080 1408 3149 malignus,
1444 3075 1583 3144 apud
1622 3074 1786 3127 Deum
1827 3071 2000 3138 magis
2031 3081 2153 3121 esse
2188 3065 2330 3118 bono

2421 1992 2539 2031 eam
2585 1980 3050 2046 apprehendisset,
3095 1995 3218 2033 cum
3264 1994 3396 2032 voce
3436 1995 3627 2048 aspera
3673 1995 3791 2032 eam
3836 1995 4003 2046 agre-

2424 2071 2560 2125 stius
2589 2071 2971 2142 interrogabat,
3001 2088 3250 2140 quaenam
3281 2081 3443 2132 esset.
3474 2082 3527 2125 et
3553 2085 3662 2138 quo
3689 2071 4004 2139 probust-e-

2425 2173 2591 2217 retur.
2649 2165 2797 2232 Agna
2851 2177 3028 2217 autem
3082 2163 3322 2228 Christi,
3375 2166 3565 2217 volens
3617 2179 3722 2215 non
3775 2165 4000 2217 solitum

2425 2254 2664 2307 devitarc
2714 2267 3086 2320 conspectum,
3139 2257 3304 2308 voluit
3356 2271 3478 2308 eum
3532 2257 3678 2306 brevi
3729 2267 4003 2319 responso

2426 2355 2682 2410 superare
2712 2359 2726 2395 :
2758 2341 2890 2396 Sum
2920 2342 3120 2398 Christi
3151 2345 3371 2402 ancilla.
3400 2353 3453 2396 et
3483 2345 3623 2397 vado
3651 2344 3713 2396 ad
3750 2343 4002 2395 Domini-

2428 2445 2572 2486 cum.
2603 2431 2692 2485 Ille
2719 2447 2902 2486 antem
2933 2433 3172 2488 insolens
3196 2433 3466 2501 impulsus
3489 2433 3555 2486 ab
3579 2446 3644 2487 ec
3669 2433 3762 2501 qui
3794 2432 3847 2484 in
3880 2431 4002 2500 ipso

2429 2525 2706 2580 habitabat
2729 2567 2742 2588 .
2776 2530 3020 2581 daemone
3041 2567 3055 2590 ,
3088 2528 3224 2581 dixit
3257 2545 3270 2580 :
3301 2527 3402 2583 Sed
3435 2542 3542 2580 non
3577 2528 3750 2581 sinant
3784 2537 3835 2580 te
3868 2527 4003 2580 illuc

2429 2617 2734 2686 pI‘OIiCIH‘i,
2766 2623 2854 2671 sed
2887 2630 2936 2671 te
2964 2620 3226 2672 abducam
3260 2622 3322 2672 ad
3355 2619 3456 2673 diis
3489 2622 3781 2673 libandum.
3815 2622 3997 2673 Solem

2427 2710 2569 2762 enim
2615 2711 2772 2761 liudie
2813 2713 3042 2762 colimus
3081 2729 3092 2761 :
3131 2721 3183 2764 et
3227 2711 3384 2763 siiriul
3433 2713 3532 2764 hoc
3571 2713 3780 2775 dicens,
3817 2713 3998 2764 velum

2430 2801 2588 2854 traxit
2614 2843 2625 2864 ,
2657 2806 2841 2854 volens
2873 2803 2990 2868 ejus
3022 2803 3228 2855 vultum
3259 2804 3529 2869 detegere.
3562 2801 3656 2855 Illa
3689 2812 3870 2855 autem
3901 2816 3966 2870 ge

2431 2905 2621 2946 nerose
2650 2907 2700 2946 et
2736 2895 2944 2947 fortiter
2976 2897 3254 2955 resistens,
3286 2907 3338 2947 et
3374 2912 3423 2946 III
3454 2896 3571 2958 ejus
3602 2894 3791 2945 Iasiem
3825 2895 3966 2961 iuspi
3987 2924 3999 2933 -

2429 2995 2558 3035 rans
2579 3020 2592 3044 ,
2625 2985 2759 3036 dixit
2793 3001 2805 3037 :
2841 2984 3145 3052 Increpabit
3177 2995 3227 3038 te
3259 2987 3507 3038 Christus
3532 2985 3723 3047 Jesus.
3757 2986 3993 3038 dialmle.

2431 3071 2522 3125 Ille
2549 3089 2676 3126 vero
2705 3076 2792 3128 illa
2822 3077 3128 3130 snﬂlationc
3154 3088 3207 3130 et
3235 3079 3452 3129 nomine
3478 3077 3683 3130 Christi
3717 3085 3896 3127 uiutns
3929 3076 3996 3128 ad

765 3181 1074 3253 proposito.
1102 3187 1263 3243 quam
1294 3171 1504 3231 verbis,
1538 3179 1698 3232 atque
1729 3164 1864 3217 adeo
1898 3165 1951 3214 in
1981 3173 2112 3226 eam
2135 3159 2326 3211 incitat
2353 3194 2394 3252 ο
2432 3166 2584 3225 iram.
2616 3181 2734 3233 qnze
2764 3169 3006 3221 cohiberi
3042 3185 3146 3221 non
3180 3179 3406 3236 poterat,
3440 3171 3632 3223 stricto
3661 3185 3823 3236 quem
3860 3170 4000 3221 fere.

764 3285 884 3331 eos,
919 3268 1011 3337 qui
1042 3275 1169 3319 tunc
1204 3275 1381 3316 rerum
1413 3257 1780 3328 ponebantur.

841 3358 951 3414 VII.
989 3353 1347 3410 Maximianus
1377 3351 1577 3416 itaque,
1603 3361 1724 3400 cum
1755 3357 2003 3412 magnam
2036 3341 2329 3396 occidisset

772 3449 1191 3508 multitudinem,
1223 3459 1313 3512 per
1339 3456 1396 3494 se
1425 3442 1641 3509 quidem
1675 3435 2050 3491 interliciendo
2077 3434 2328 3496 satiatus,

770 3554 824 3599 et
869 3556 974 3595 non
1018 3553 1174 3592 secus
1220 3547 1382 3603 atque
1427 3535 1691 3585 immanes
1737 3530 1882 3591 ferte,
1920 3543 2040 3596 quae
2085 3528 2330 3579 homines

768 3636 1052 3692 devorant.
1084 3645 1194 3699 pra:
1221 3627 1462 3681 carnium
1498 3621 1836 3677 multitudine
1863 3633 2134 3674 nauseans
2161 3627 2214 3670 et
2244 3632 2329 3670 ca-

769 3727 967 3795 ligans,
1001 3721 1233 3791 speciem
1269 3716 1541 3786 parcentis
1573 3729 1680 3784 prae
1712 3729 1768 3768 se
1801 3713 1943 3776 tulit,
1975 3712 2160 3764 dicens
2191 3707 2332 3761 indi-

773 3830 910 3887 gnos
943 3827 1064 3868 esse
1094 3809 1468 3871 Christianos,
1501 3807 1589 3874 qui
1629 3804 1950 3860 occidantur
1982 3811 2107 3856 ante
2142 3800 2330 3854 oculos

772 3903 1142 3974 imperatoris.
1188 3901 1298 3954 Cur
1347 3901 1489 3952 enim
1539 3896 1806 3965 praebeam
1857 3893 2218 3952 occasionem.
2272 3897 2332 3941 nt

772 4001 996 4068 scriptis
1031 3995 1358 4050 mandentur
1387 4007 1573 4047 eorum
1609 3991 1869 4059 supplicia
1895 4029 1908 4052 ,
1939 3995 1994 4040 et
2023 3999 2214 4040 eorum
2249 3987 2330 4036 in-

772 4099 978 4147 struam
1017 4089 1342 4153 scriptores,
1380 4087 1468 4152 qui
1506 4098 1566 4136 ea
1602 4084 1666 4136 ad
1704 4089 2014 4149 perpetuam
2051 4076 2332 4131 transmit-

773 4190 898 4237 tunt
925 4178 1264 4237 memoriam,
1297 4183 1352 4228 et
1378 4187 1472 4227 eos
1500 4173 1590 4242 qui
1622 4174 1809 4226 eodem
1844 4171 2032 4223 morbo
2062 4170 2328 4230 laborant,

775 4273 842 4326 ad
874 4267 1120 4324 eamdem
1155 4265 1312 4320 ﬁdem
1345 4261 1650 4317 deducam?
1677 4261 1786 4316 Cur
1822 4275 1927 4314 non
1964 4259 2134 4313 instar
2166 4271 2332 4326 pecu-

2431 3253 2521 3309 bat
2561 3257 2740 3324 gladio
2763 3295 2778 3319 ,
2814 3260 2933 3324 ejus
2970 3260 3113 3312 latus
3149 3275 3215 3312 eo
3249 3261 3603 3328 transadegit.
3638 3260 3769 3323 Quae
3809 3261 3995 3312 stati-n

2433 3359 2550 3396 curn
2585 3355 2818 3400 tremore
2844 3359 2896 3400 et
2925 3351 3276 3416 palpitatione
3306 3353 3670 3404 membrorum
3708 3353 3759 3402 in
3794 3361 3993 3402 terram

2431 3436 2660 3498 cadens,
2698 3453 2814 3489 eam
2852 3449 3040 3492 sancto
3076 3445 3337 3507 sanguine
3373 3443 3606 3494 reddidit
3642 3458 3992 3509 purpuream.

2431 3524 2704 3594 Quatquot
2741 3544 2920 3581 :Ittlt‘tlt
2959 3537 3230 3593 astabant.
3265 3549 3382 3585 eam
3420 3539 3848 3597 ClI'CUIII(Ialll"S,
3888 3536 3994 3602 pri-

2431 3632 2578 3670 mum
2609 3619 2825 3687 quidem
2853 3637 2971 3674 eam
3005 3626 3378 3690 deplorabant.
3413 3626 3617 3676 iniserti
3650 3640 3767 3691 ejus
3799 3627 3994 3684 aetatis,

2430 3719 2511 3774 et,
2562 3713 2666 3763 tale
2713 3714 2840 3780 quid
2893 3729 3050 3783 posse
3095 3717 3369 3778 accidere,
3418 3719 3742 3784 cogitantes.
3797 3713 3997 3766 Deinde

2431 3801 2570 3868 apud
2623 3816 2681 3855 se
2734 3807 3176 3868 murmur-abant,
3229 3806 3612 3873 imperatorem
3665 3816 3718 3857 et
3769 3806 3994 3872 impium

2430 3890 2550 3956 ejus
2589 3893 2864 3945 decretnrn
2907 3896 3300 3962 vituperantes.
3340 3894 3685 3948 Venerandas
3724 3905 3903 3946 autem
3944 3910 3997 3948 et

2433 3995 2645 4036 sanctas
2679 3998 2881 4038 sanetae
2918 3989 3208 4055 reliquiis,
3244 3988 3335 4054 qui
3375 3988 3564 4039 harurn
3604 4001 3784 4038 rerum
3819 3986 3998 4038 studio

2435 4075 2776 4137 tenebantur,
2837 4080 2931 4128 viri
2996 4079 3064 4145 pii
3119 4079 3448 4140 Christiani,
3504 4089 3557 4130 et
3614 4081 3704 4144 qui
3768 4079 3819 4129 in
3875 4094 3995 4128 san-

2432 4173 2548 4216 ctos
2582 4167 2696 4216 selo
2731 4176 2886 4219 erant
2924 4169 3162 4230 incitati,
3196 4184 3318 4222 cum
3354 4171 3698 4222 sustulissent
3723 4207 3738 4228 ,
3771 4179 3822 4220 et
3853 4171 3996 4234 justa

2433 4256 2543 4319 eis,
2589 4265 2648 4308 ut
2694 4271 2791 4324 par
2833 4267 2980 4321 erat,
3033 4259 3316 4324 fecissent,
3363 4263 3732 4329 deposuerunt
3777 4264 3994 4314 circiter

776 4364 903 4419 dum
945 4375 1041 4415 eos
1084 4358 1244 4412 trado
1290 4356 1357 4411 iis
1401 4357 1494 4424 qui
1538 4353 1734 4407 debent
1774 4351 2041 4414 occidere,
2082 4349 2242 4402 simul
2282 4355 2336 4401 et
2435 4345 2648 4400 duobus
2694 4350 2882 4404 stadiis
2934 4366 2962 4403 a
3012 4361 3164 4418 porta
3213 4351 3644 4413 Casandriotica,
3693 4368 3722 4404 a
3776 4353 3996 4403 sinistra

773 4451 1068 4507 sceleratos
1089 4449 1300 4516 diisque
1321 4444 1572 4498 inimicos
1592 4442 1981 4502 exterminans,
1999 4447 2052 4493 et
2071 4437 2329 4501 elllciens,

2437 4438 2534 4491 vite
2563 4439 2792 4508 publica
2820 4441 3039 4495 domum
3071 4446 3362 4497 oratoriam
3396 4444 3444 4498 ei
3475 4444 3826 4496 aedificantes.

777 4551 838 4595 ut
872 4538 1064 4592 mortis
1093 4551 1280 4590 eorum
1315 4531 1571 4588 memoria
1606 4528 1889 4584 mandetur
1917 4524 2175 4582 silentio?
2207 4523 2329 4578 Haec
2354 4509 2409 4569 ι)
2507 4529 2630 4584 Haec
2679 4540 2857 4584 autem
2911 4534 3168 4586 sustinuit
3217 4546 3436 4599 saucia,
3479 4535 3780 4602 imperante
3833 4532 3995 4586 Itasi-

776 4642 902 4683 curn
935 4626 1184 4692 dixisset,
1214 4623 1464 4693 proponit
1494 4620 1690 4683 edicta,
1719 4632 1839 4687 quae
1864 4616 2144 4687 jubebant,
2178 4623 2236 4666 nt
2265 4613 2334 4667 li-

777 4728 926 4774 ceret
947 4717 1145 4774 volenti
1174 4716 1291 4770 sine
1314 4713 1560 4783 periculo
1584 4710 1833 4765 occidere
1857 4708 2154 4779 quemlibet
2176 4705 2336 4760 Chri-

780 4810 1042 4863 stianum.
1061 4804 1456 4861 Occidebantur
1476 4805 1660 4871 itaque
1683 4799 2118 4861 innumerabiles,
2138 4807 2190 4853 et
2213 4813 2335 4866 pro-

792 4899 1056 4968 pheticum
1079 4895 1400 4964 implebatur
1422 4894 1676 4964 elogium,
1697 4893 1838 4963 quod
1862 4891 1993 4946 dicit
2018 4907 2029 4943 :
2061 4908 2078 4941 ι
2111 4889 2333 4958 Propter

902 5052 1060 5114 'Psal.
1084 5068 1238 5124 asin,
1266 5053 1355 5111 Β.

2438 4620 2640 4684 miano,
2695 4621 2748 4674 in
2803 4636 2903 4676 nos
2948 4637 3077 4676 vero
3125 4634 3385 4693 regnante
3432 4624 3486 4677 in
3533 4624 3748 4676 inﬁnita
3800 4627 3995 4678 sa'cula

2437 4709 2656 4765 Christo
2684 4710 2812 4766 Iesu
2838 4752 2852 4776 ,
2885 4712 3115 4767 Domino
3146 4722 3371 4776 nostro,
3405 4729 3526 4768 cum
3559 4729 3669 4784 quo
3698 4714 3845 4767 Patri
3877 4729 3994 4768 cum

2438 4809 2625 4855 sancto
2661 4800 2862 4870 Spiritu
2905 4804 3076 4857 honor
3109 4813 3163 4859 et
3198 4806 3461 4874 potentia,
3498 4821 3644 4861 nunc
3677 4818 3726 4860 et
3765 4820 3974 4874 semper

2437 4902 2488 4945 et
2520 4897 2570 4947 in
2602 4895 2796 4948 saecula
2829 4897 3175 4952 saeculorum.
3204 4898 3397 4953 Amen.
