4242 6442
293 385 402 449 753

1579 404 1753 467 ΥΙΤΑ
1796 406 1858 465 S.
1898 408 2249 468 ΜΕῙΑΝᾸΞ.

308 543 2842 582 _._.________________________________________

1338 711 1579 797 ΒΙοΣ

1668 863 1687 879 \

1676 716 1894 798 ΚΑΙΔ
1970 716 2503 803 ΠΟΛΙΤΕΙΑ

1736 896 1873 949 ΤΗΣ
1897 898 2089 951 ΟΣΙΔΣ

858 1057 1664 1194 ΜΕΛΑΝΗΣ
1778 1070 2113 1196 ΤΗΣ
2189 1064 2969 1202 ΡΩΜΑΙΑΣ.

1167 1461 1453 1555 νιτΑ
1564 1466 1711 1553 ΕΤ
1828 1463 2664 1559 CONVERSATIO

534 1677 1319 1837 SANCTfE
1429 1681 2265 1836 MELAN/E
2373 1682 3272 1840 ROMANIE.

856 1952 1047 2012 (Latine
1078 1953 1203 2014 apud
1229 1953 1421 2003 Surium
1454 1953 1513 2001 ad
1546 1954 1674 2003 diem
1698 1954 1749 2001 31
1784 1953 1931 2013 Dec.;
1956 1953 2121 2004 Grece
2146 1966 2206 2002 ex
2235 1955 2337 2002 cod.
2361 1965 2449 2002 ms.
2484 1952 2618 2011 1555,
2640 1954 2809 2003 seculi
2834 1954 2951 2015 xiv.)

374 2238 454 2288 A'.
478 2229 585 2287 Ἦν
619 2235 725 2301 ἄρα
761 2233 852 2285 καὶ
887 2230 1045 2284 τοῦτο
1089 2232 1189 2297 τῆς
1238 2231 1501 2299 μεγίστης
1549 2230 1655 2281 τῶν
1689 2232 1859 2285 πάλαι
1892 2234 1935 2289 Α
2037 2228 2049 2281 1

1854 2252 1859 2281 ι
1892 2234 1935 2289 Α
2037 2228 2075 2281 1.
2107 2226 2231 2281 Fuit
2256 2242 2385 2290 ergo
2411 2228 2511 2280 hoc
2537 2241 2751 2297 quoque
2768 2239 2955 2279 earum
2986 2240 3107 2294 qua
3154 2226 3280 2281 olim
3309 2227 3529 2283 fuerunt

300 2332 398 2382 καὶ
429 2326 898 2398 περιφανεστάτης
927 2325 983 2373 ὲν
1012 2323 1197 2374 πόλεσι
1239 2324 1462 2390 Ῥώμης
1487 2321 1560 2391 μὴ
1596 2323 1755 2390 μόνον
1788 2323 1863 2392 τῷ

300 2421 489 2474 κάλλει
524 2421 699 2487 κομᾷν
738 2417 872 2484 μηδὲ
902 2418 965 2483 τῇ
1003 2415 1151 2465 Θέσει
1182 2416 1360 2482 νιχᾷν,
1418 2414 1551 2482 μηδὲ
1584 2415 1864 2482 τροπαίοις

304 2516 401 2566 καὶ
427 2515 539 2574 τοῖς
564 2511 740 2571 ἄλλοις
776 2510 909 2561 πᾶσι
939 2524 995 2559 σε
1007 2505 1322 2573 μνύνισθαι.
1350 2504 1485 2557 ἀλλὰ
1519 2504 1699 2573 πολλῷ
1729 2504 1865 2568 μᾶλ-

304 2605 396 2656 λον
431 2607 543 2665 τοῖς
579 2621 640 2670 γε
668 2603 732 2667 δὴ
772 2603 912 2668 ὑπερ
947 2598 1185 2667 Χριστοῦ
1226 2598 1644 2666 ἀνδρισαμένοις
1671 2598 1866 2665 ἐγκαλ-

302 2697 663 2760 λωπίζεσθαι,
697 2696 822 2747 ὅσον
871 2696 927 2744 ὲν
971 2692 1196 2761 ἀνδράσι
1230 2692 1322 2743 καὶ
1356 2691 1477 2743 ὅσον
1523 2692 1579 2742 ὲν
1631 2691 1864 2758 γυναιξὶ,

306 2792 405 2843 καὶ
440 2790 664 2849 ταύταις
720 2788 920 2856 μᾶλλον
957 2787 1065 2851 ὅσῳ
1094 2786 1189 2837 καὶ
1240 2785 1361 2837 κατ’
1402 2785 1598 2854 ἄνδρας
1635 2785 1866 2854 ἰσχυρῶς

302 2882 669 2951 ἠγωνίσαντο,
711 2881 804 2930 καὶ
836 2880 949 2939 τοῖς
985 2878 1164 2937 ἄλλοις
1196 2877 1545 2943 παράδειγμα
1580 2875 1694 2942 βίου
1730 2877 1865 2943 πρὸς

304 2972 506 3038 ἀρετὴν
541 2971 735 3029 ἑαυτὰς
775 2970 1215 3034 κατεστήσαντο’
1263 2961 1338 3018 ὧν
1386 2968 1481 3033 μία
1509 2967 1592 3029 τίς
1627 2970 1743 3019 ἐστι
1774 2970 1867 3020 καὶ

303 3064 336 3129 ἠ
379 3064 625 3127 μακαρὲα
660 3060 901 3126 Μελᾶνη.
928 3058 993 3127 ἢν
1026 3060 1052 3109 ὀ
1083 3058 1235 3121 λόγος
1265 3058 1521 3109 ὑπόθεσιν
1558 3060 1679 3124 ἄρτι
1736 3075 1868 3126 προσ

304 3152 576 3215 εστήσατο
611 3153 697 3200 κατ
728 3152 795 3200 τὰ
833 3148 1049 3215 ἐκείνης
1074 3148 1254 3213 λέγειν
1276 3148 1367 3198 ἀπ’
1394 3147 1563 3213 ἀρχῆς
1592 3148 1862 3215 ὥρμηται.

306 3245 545 3309 Ἤνεγκε
583 3242 679 3308 μὲν
709 3241 816 3309 γὰρ
859 3240 1087 3307 αύτὴνή
1134 3239 1275 3290 οὕτω
1322 3238 1582 3306 καλλίστη
1629 3239 1717 3290 καὶ
1754 3241 1867 3289 ὀνο-

308 3336 485 3403 μαστὴ
530 3332 739 3400 Ῥώμη,
772 3333 926 3397 γένος
957 3332 1010 3382 δὲ
1056 3330 1260 3398 ταύτης
1304 3330 1398 3382 καὶ
1435 3328 1591 3381 τοῦτο
1627 3345 1865 3396 περιφα-

306 3429 581 3479 νέστατον.
611 3426 817 3492 Πρῶτοι
847 3424 955 3491 γὰρ
986 3424 1281 3491 ιτύγχανον
1302 3424 1349 3473 οἱ
1370 3425 1550 3489 γονεῖς
1573 3424 1741 3492 αὐτῆς
1771 3424 1865 3489 τῆς

317 3516 601 3584 Ῥωμαίων
636 3516 830 3584 βουλῆς
884 3515 1025 3582 Ἐφυ
1052 3516 1107 3567 δὲ
1140 3516 1199 3578 ἐξ
1223 3515 1440 3581 ἀγαυῶν
1473 3504 1681 3584 ἀγαθῆ·
1716 3516 1866 3567 εὐσε-

305 3608 421 3668 ϐεῖς
456 3608 552 3669 μὲν
578 3609 689 3675 γὰρ
718 3608 957 3658 κάκεῖνοι
992 3609 1082 3657 καὶ
1107 3606 1309 3673 ἀρετῆς
1334 3607 1581 3673 ἐρασταί.

380 3701 454 3752 B'.
494 3701 629 3767 ἸΙδη
690 3700 747 3752 δὲ
804 3700 950 3768 ὥραν
986 3698 1223 3762 ἄγουσαν
1279 3700 1454 3768 γάμου
1513 3702 1867 3772 σωφροσύνης

308 3792 573 3858 ἐπιθυμία
614 3792 781 3859 αὐτὴν
812 3794 907 3855 τῆς
961 3791 1082 3843 καθ’
1127 3791 1342 3858 ἡλικίαν
1383 3792 1560 3861 ὁρμῆς
1617 3795 1862 3861 ἐκβάσει,

309 3882 555 3940 καὶτοὺς
587 3879 841 3938 τεκόντας
868 3877 1019 3945 ἠξίου
1058 3877 1269 3946 μήποτε
1318 3878 1486 3945 αὐτὴν
1523 3880 1606 3940 είς
1650 3879 1866 3946 ὁμιλίαν

308 3971 500 4039 ἀνδρὸς
532 3974 778 4036 ἀγαγεῖν,
807 3970 923 4020 ἄλλ’
955 3968 1141 4037 ὥσπερ
1192 3968 1250 4019 τὸ
1303 3964 1477 4033 εἶναι,
1517 3969 1691 4031 οὓτως
1726 3971 1863 4040 αὐτῇ

1968 2320 2245 2372 civitatum
2279 2318 2532 2370 maxima!
2570 2326 2623 2369 et
2674 2316 2999 2369 clarissimae
3039 2318 3246 2378 Romae.
3278 2333 3384 2370 non
3436 2332 3530 2372 so-

1970 2411 2077 2463 lum
2116 2411 2295 2464 efferri
2331 2411 2763 2478 pulchritudine,
2793 2426 2973 2477 neque
3012 2411 3120 2464 situ
3151 2412 3396 2475 vincere,
3428 2428 3525 2467 ne-

1968 2519 2075 2572 que
2114 2505 2331 2572 tropazis
2362 2513 2415 2557 et
2463 2503 2585 2555 aliis
2621 2502 2875 2555 omnibus
2914 2504 3162 2569 gloriari.
3208 2504 3302 2558 sed
3352 2504 3528 2559 multo

1970 2599 2141 2665 magis
2174 2598 2276 2650 sibi
2313 2598 2548 2662 placere.
2577 2607 2627 2649 ει
2667 2610 2727 2649 ⁵ο
2759 2598 3110 2664 magniﬁcare
3143 2607 3368 2664 “om”
3407 2614 3531 2658 ⁸0⁸⁵

1969 2690 2062 2757 qui
2095 2703 2192 2758 pro
2232 2689 2455 2742 Christo
2488 2702 2547 2742 se
2599 2688 2814 2741 fortiter
2858 2699 3169 2757 gesserunt.
3214 2700 3322 2745 tam
3380 2691 3529 2746 viros

1968 2797 2130 2849 quam
2166 2782 2447 2840 mulieres.
2480 2790 2533 2833 et
2569 2781 2665 2833 bas
2704 2781 2901 2847 magis,
2940 2782 3083 2849 quod
3121 2796 3228 2835 non
3261 2797 3419 2837 secus
3463 2796 3531 2837 ac

1972 2874 2071 2925 viri
2105 2873 2318 2926 fortiter
2345 2874 2719 2933 decertarnnt.
2773 2882 2826 2926 et
2867 2889 2925 2927 se
2966 2875 3088 2927 vitae
3123 2875 3431 2941 exemplum
3464 2878 3531 2931 ad

1970 2966 2223 3018 virtutem
2255 2965 2374 3017 aliis
2423 2967 2847 3017 «:onstitnerunt.
2899 2965 2970 3019 Ex
3029 2966 3227 3033 quibus
3276 2981 3381 3020 una
3429 2966 3532 3021 fuit

1972 3056 2124 3109 beata
2177 3055 2407 3115 Melana,
2451 3070 2611 3120 quam
2648 3056 2747 3107 sibi
2786 3071 2930 3108 nunc
2979 3067 3361 3119 argumentum
3398 3071 3526 3125 pro-

1970 3147 2147 3213 posuit
2180 3146 2377 3203 nratiu.
2412 3156 2466 3197 et
2500 3161 2755 3213 aggressa
2794 3156 2875 3199 est
2916 3162 3000 3200 res
3034 3148 3181 3202 illius
3220 3149 3407 3203 dicere
3458 3150 3527 3202 ab

1972 3239 2147 3291 initio.
2184 3236 2315 3289 Eam
2350 3239 2494 3290 enim
2547 3239 2670 3290 tttlit
2712 3239 3069 3293 celeberrima
3112 3248 3166 3293 et
3216 3242 3526 3297 clarissima

1969 3327 2162 3380 Roma.
2186 3328 2311 3381 Fuit
2346 3337 2527 3381 autem
2548 3331 2667 3395 ejus
2690 3345 2907 3397 quoque
2932 3346 3104 3398 genus
3134 3332 3523 3387 clarissimum.

1970 3418 2139 3471 Erant
2169 3419 2311 3471 enim
2343 3419 2459 3486 ejus
2500 3420 2960 3486 parentespritni
2992 3431 3217 3474 senatus
3250 3420 3526 3477 Romano-

1973 3528 2115 3566 rum.
2147 3513 2275 3566 Orta
2319 3521 2402 3566 est
2452 3525 2626 3564 autem
2662 3513 2800 3565 bona
2850 3528 2917 3566 ex
2956 3515 3135 3568 bonis.
3188 3514 3324 3567 Nam
3373 3525 3529 3572 erant

1901 3587 1941 3644 Β
1972 3604 2046 3657 illi
2072 3618 2290 3670 quoque
2324 3608 2393 3671 pii
2433 3614 2484 3657 et
2516 3605 2775 3655 virtutum
2806 3615 3097 3657 amatores.

2042 3693 2103 3745 ll.
2142 3692 2275 3746 Cum
2308 3710 2435 3762 ergo
2468 3695 2576 3760 jam
2600 3699 2742 3748 ess’et
2776 3694 3004 3754 nubilis.
3030 3696 3363 3751 desiderium
3396 3713 3527 3753 con-

1970 3784 2212 3837 tinentis:
2249 3786 2379 3838 vicit
2408 3788 2549 3853 ejus,
2593 3800 2716 3852 qua:
2748 3801 2811 3839 ex
2843 3798 3005 3841 aetate
3055 3798 3193 3854 erat,
3231 3791 3525 3859 appetitio-

1969 3889 2113 3934 nem.
2151 3885 2201 3928 et
2226 3877 2433 3943 rogavit
2466 3886 2743 3944 parentes.
2771 3892 2838 3931 ne
2870 3893 3106 3947 unquam
3157 3895 3277 3934 eam
3332 3884 3527 3951 junge-

1969 3981 2093 4025 rent
2123 3975 2497 4038 matrimonio,
2540 3976 2631 4028 sed
2692 3976 2831 4030 sicut
2866 3978 2936 4039 ei,
2964 3986 3021 4031 ut
3048 3986 3213 4042 esset,
3255 3976 3328 4030 ita
3358 3978 3523 4029 etiam

310 4064 404 4116 καὶ
430 4064 487 4114 τὺ
514 4061 778 4127 παρθένον
817 4062 993 4127 μεῖναι
1037 4061 1387 4128 χαρίσασθαι.
1423 4063 1484 4113 Ol
1513 4061 1569 4113 δὲ
1602 4064 1694 4113 ἐπὶ
1728 4063 1867 4133 μόνῃ
1962 4081 1985 4117 t

1850 4077 1867 4131 ι
1962 4074 2026 4117 ut
2055 4066 2205 4133 virgo
2238 4075 2500 4129 maneret,
2529 4069 2908 4120 concederent.
2938 4068 3016 4121 Illi
3045 4079 3226 4122 autem
3252 4084 3374 4123 cum
3401 4083 3525 4136 pro-

310 4157 480 4223 ταύτῃ
524 4153 614 4203 τὸν
645 4152 757 4219 βίον
791 4151 1107 4214 σαλεύοντες
1148 4155 1240 4203 καὶ
1276 4152 1369 4203 τοῦ
1401 4154 1591 4219 γένους
1622 4153 1866 4221 διάδοχον

311 4245 370 4311 ἐξ
400 4245 570 4311 αὐτῆς
602 4244 747 4310 ἔχειν
777 4241 1083 4305 ἐλπίζοντες
1112 4243 1228 4303 ἔτος
1272 4243 1371 4312 ἤδη
1417 4245 1868 4311 τεσσαρεσκαιδέ-

313 4353 479 4389 κατον
531 4336 768 4401 ἄγουσαν
815 4336 909 4387 καὶ
955 4336 1192 4387 ἄκουσαν
1226 4336 1378 4403 ἀνδρὶ
1411 4335 1728 4392 ἐκδιδοῦσιν.
1762 4332 1871 4391 Ἦν

312 4428 369 4480 δὲ
407 4430 501 4479 καὶ
527 4427 552 4476 ό
578 4426 809 4493 νυμφίος
858 4428 965 4493 ἄρα
1008 4424 1071 4477 τό
1100 4443 1161 4477 τε
1195 4427 1351 4493 γένος
1399 4430 1492 4479 καὶ
1518 4430 1616 4491 τὴν
1650 4429 1867 4497 ἠλικίαν

313 4519 405 4568 καὶ
434 4516 603 4569 τᾶλλα
637 4516 813 4567 πάντα
851 4517 915 4583 τῇ
951 4515 1171 4582 Μελάνῃ
1224 4516 1581 4584 παράμιλλος,
1626 4518 1867 4583 γεγονὼς

318 4608 415 4676 μὲν
450 4608 506 4671 ἐξ
538 4607 779 4663 ὑπατων.
815 4606 941 4671 ἄρτι
993 4605 1050 4656 δὲ
1091 4606 1183 4656 τὸν
1226 4606 1425 4673 ἔφηὸον
1456 4608 1864 4675 παραλλάττων*

325 4697 660 4755 Ἀπεινιανδς
696 4695 774 4763 τῷ
801 4696 1013 4762 νυμφίῳ
1042 4695 1101 4746 τὸ
1143 4696 1334 4765 ὄνομα,
1369 4698 1483 4759 ἔτος
1510 4698 1737 4766 ἔγγιστά
1767 4716 1868 4752 που

312 4794 463 4860 ἄγων
496 4791 977 4844 ἑπτακαιδέκατον.
1012 4789 1167 4842 Οὕτω
1198 4790 1305 4842 τῶν
1334 4793 1526 4859 γάμων
1564 4795 1748 4855 αὐτοῖς
1782 4812 1869 4846 τε..

1971 4166 2087 4223 pter
2110 4156 2251 4210 lianc
2290 4158 2460 4209 solam
2518 4158 2683 4226 ltujus
2716 4161 2838 4212 vitte
2874 4164 3215 4227 agitarentur
3243 4161 3522 4223 ﬂuctibus.

1969 4249 2016 4300 ei
2041 4256 2293 4315 parantes
2328 4248 2569 4309 divitias,
2626 4258 2679 4300 et
2721 4262 3012 4317 sperantes
3044 4265 3103 4305 se
3149 4266 3523 4306 successorem

1954 4340 2274 4408 generis-ex
2310 4353 2370 4391 ea
2403 4340 2707 4401 habituros,
2738 4352 2991 4409 quartum
3019 4342 3291 4396 decimum
3317 4358 3521 4396 annum

1967 4426 2075 4494 jam
2110 4436 2358 4495 agentem
2393 4429 2474 4481 vel
2510 4430 2732 4481 invitam
2758 4430 3023 4485 collocant
3059 4433 3114 4485 in
3145 4434 3521 4488 matrimonio.

1973 4515 2099 4569 Erat
2134 4532 2261 4570 vero
2282 4518 2400 4586 ejus
2435 4534 2688 4583 sponsus.
2715 4530 2768 4574 et
2794 4536 3013 4587 genere.
3036 4532 3091 4576 et
3118 4532 3275 4577 aetate
3307 4533 3361 4579 et
3393 4526 3521 4579 aliis

1973 4609 2222 4661 omnibus
2252 4624 2375 4660 cum
2411 4609 2615 4661 Melana
2648 4610 3018 4667 conferendus
3058 4630 3070 4665 :
3109 4623 3269 4668 natus
3303 4616 3521 4683 quidem

1972 4716 2036 4755 ex
2094 4701 2436 4760 consulibus.
2502 4710 2555 4755 et
2604 4702 2765 4755 modo
2817 4705 3087 4759 excedens
3140 4720 3207 4758 ex
3274 4706 3521 4774 ephebis.

1974 4791 2167 4860 Sponsi
2192 4802 2370 4846 autem
2402 4807 2598 4846 nomen
2624 4803 2743 4847 erat
2764 4794 3101 4861 Apenianus.
3133 4810 3299 4863 agens
3319 4812 3520 4851 annum

312 4886 607 4938 λεοθέντων
631 4888 663 4951 ἠ
699 4885 987 4951 θαυμαστὴ
1019 4884 1240 4951 Μελάνη
1276 4885 1371 4936 καὶ
1417 4886 1556 4953 μετὰ
1606 4888 1733 4944 τοὺς
1775 4888 1871 4953 γά·
1894 4923 1937 4983 C
1972 4902 1987 4938 t

1852 4917 1871 4927 -
1894 4923 1937 4983 C
1972 4887 2191 4938 circiter
2222 4886 2493 4938 decimum
2522 4885 2832 4952 septimum.
2865 4887 2960 4940 His
2980 4897 3159 4941 autem
3185 4888 3263 4942 sic
3283 4890 3527 4943 celebra-

317 4997 449 5048 μους
498 4979 683 5037 δεινῶς
719 4977 797 5028 ἔτι
831 4978 1029 5044 μᾶλλον
1068 4977 1178 5046 ἦρα
1225 4978 1321 5040 τῆς
1362 4978 1738 5046 σωφροσύνης,
1774 4980 1867 5032 καὶ
1902 4976 1937 5042 Ϊ
1972 4987 1989 5031 ι

1847 4980 1867 5030 ὶ
1902 4976 1937 5042 _‘
1972 4980 2038 5031 tis
2076 4978 2303 5046 nuptiis,
2338 4977 2679 5031 admirabilis
2707 4976 2912 5030 Melana
2936 4980 3099 5031 etiam
3128 4988 3251 5047 post
3306 4981 3522 5048 nuptias

317 5070 558 5136 σφοδρῶς
600 5068 771 5135 αὐτὴν
802 5070 829 5119 ὁ
857 5069 951 5134 τῆς
981 5068 1197 5133 ἁγνείας
1242 5066 1378 5135 ιρως
1429 5069 1725 5134 πυρπολῶν
1768 5070 1867 5121 ούκ

312 5161 473 5217 ἀνίει.
518 5159 686 5227 πολλὴ
719 5158 775 5210 δὲ
807 5155 873 5227 ἦν
899 5159 991 5209 καὶ
1018 5156 1109 5209 τὸν
1133 5158 1302 5225 ἄνδρα
1329 5156 1505 5209 ταῦτα
1531 5160 1867 5227 παραινοῦσα

314 5254 426 5312 τοῖς
458 5251 672 5313 λόγοιςο
706 5251 801 5302 καὶ
832 5248 1018 5317 ιπειδὴ
1056 5249 1131 5317 μὴ
1156 5249 1360 5317 ἤρκουν
1394 5250 1441 5301 οἱ
1472 5249 1621 5315 λόγοι
1658 5251 1751 5303 καὶ
1777 5250 1869 5303 δά-

314 5360 457 5412 κρυα
495 5342 924 5410 συνεπράττοντο
959 5342 1036 5402 είς
1069 5340 1272 5402 πειθὼ,
1314 5340 1538 5393 τοιαῦτα
1598 5342 1869 5410 λέγουσιν’

316 5436 377 5487 ΕΞ
413 5434 533 5502 μὶν,
577 5426 620 5484 ὦ
655 5434 875 5501 φίλτατε
908 5432 1060 5502 ἄνερ,
1097 5432 1162 5484 τὰ
1204 5432 1342 5485 αὐτὰ
1370 5432 1462 5484 καὶ
1495 5433 1577 5483 σοὶ
1611 5432 1863 5498 σινδοκεί,

318 5527 413 5580 καὶ
442 5528 612 5593 ἄμφω
645 5526 783 5577 κατὰ
819 5526 909 5577 τὸν
939 5524 1039 5592 τῆς
1088 5522 1438 5592 σωφροσύνης
1467 5524 1628 5591 νόμον
1658 5524 1872 5591 οἰκήσο-

322 5636 443 5688 μεν,
501 5618 761 5687 μακάριοι
791 5618 899 5670 τῶν
941 5618 1131 5685 γάμων
1166 5618 1346 5683 ἡμεῖς,
1380 5617 1543 5684 ἄμφω
1581 5633 1638 5667 τε
1670 5618 1763 5667 καὶ
1806 5616 1871 5667 δι’

318 5710 568 5776 ἀλλήλων
588 5708 890 5777 σωζόμενοι
920 5709 1013 5763 καὶ
1045 5708 1317 5778 πρόφασιν
1341 5707 1591 5775 ἀλλήλοις
1620 5708 1715 5773 τῆς
1748 5708 1875 5760 καλ-

1969 5070 2147 5123 αιιΙιιιο
2177 5068 2555 5122 vehementius
2590 5068 2805 5121 amabat
2835 5070 3254 5135 continentiam,
3286 5080 3342 5125 et
3372 5086 3524 5127 amor

1971 5162 2240 5214 castitatis
2295 5174 2401 5213 non
2457 5160 2853 5213 intermittebat
2890 5177 3010 5215 eam
3062 5163 3245 5217 acrius
3294 5178 3450 5219 urere
3506 5184 3517 5217 :

1978 5253 2164 5305 multis
2197 5266 2324 5304 vero
2364 5250 2542 5305 verbis
2585 5251 2841 5303 maritum
2889 5266 3047 5305 suum
3088 5254 3156 5305 ad
3188 5252 3290 5305 hoc
3318 5252 3524 5305 exhor-

1978 5342 2215 5403 tabatur,
2238 5353 2290 5395 et
2336 5356 2459 5395 cum
2493 5341 2653 5395 verba
2687 5357 2793 5395 non
2840 5342 3177 5405 sulﬁcerent.
3228 5343 3278 5397 ei
3311 5358 3528 5411 quoque

1971 5434 2037 5487 ad
2071 5437 2485 5503 persuasionem
2521 5448 2676 5501 Opem
2704 5432 2951 5487 ferebant
2986 5434 3257 5503 lacrymte,
3302 5434 3413 5488 hac
3441 5435 3524 5488 di-

1975 5525 2118 5579 centi
2159 5541 2173 5579 :
2203 5522 2259 5577 Si
2285 5524 2526 5591 quidem,
2564 5539 2596 5577 o
2623 5525 2816 5578 marite
2846 5524 3184 5587 cbarissime,
3211 5526 3397 5579 eadem
3426 5525 3525 5579 tibi

1976 5630 2196 5685 quoque
2219 5617 2492 5678 videntur,
2524 5621 2578 5667 et
2606 5615 2768 5669 ambo
2796 5615 3164 5669 habitabimus
3199 5616 3530 5669 convenien-

1979 5715 2062 5760 ter
2107 5707 2212 5775 legi
2255 5707 2626 5772 continentiae,
2692 5707 2837 5760 beati
2893 5722 2991 5761 nos
3046 5708 3249 5762 erimus
3309 5716 3533 5776 propter

318 5801 506 5872 λίστης
527 5800 649 5857 ὀδοῦ
678 5800 987 5872 γινόμενοι·
1019 5800 1066 5852 si
1096 5799 1152 5853 δε
1184 5798 1244 5853 at
1290 5799 1346 5852 τὸ
1378 5798 1496 5852 νέον
1538 5799 1631 5866 τῆς
1664 5798 1876 5865 ἡλικίας
1979 5814 1993 5854 t

1855 5817 1876 5862 ς
1979 5797 2220 5864 nuptias,
2254 5806 2306 5853 et
2338 5797 2497 5854 ambo
2526 5812 2621 5859 per
2658 5812 2758 5854 nos
2792 5798 3021 5854 invicem
3049 5799 3183 5853 salvi
3218 5798 3445 5853 erimus.
3477 5808 3530 5853 et
