4242 6442
791 349 903 421 ’155

2004 362 2286 438 MENSIS
2323 367 2751 433 DECEMBEB.

3913 378 4038 440 756

788 465 997 517 erimus
1021 460 1160 516 alter
1191 462 1345 516 alteri
1391 463 1492 517 viae
1526 464 1910 532 pulcherrima
1955 471 2200 525 occasio.
2247 471 2342 524 Sln
2377 475 2463 529 Λσι

2377 475 2422 529 Α
2450 479 2619 534 ταῦτα
2650 483 2728 551 μὴ
2757 469 2942 552 φέρειν
2989 482 3071 554 ἑᾷ,
3126 486 3190 539 σὺ
3231 484 3360 553 γοῦν
3390 485 3509 541 ἀλλ’
3555 486 3656 556 ἐμὲ
3689 486 3872 552 ἔασον,
3923 495 4033 542 καὶ

789 566 968 608 autem
1005 555 1265 623 juventus
1298 564 1352 609 et
1386 565 1518 609 aetas
1572 559 1895 626 propensior
1939 559 2005 614 ad
2039 563 2348 632 voluptates

2456 575 2529 641 μὴ
2581 575 2754 628 κώλυε
2791 575 2885 628 τοῦ
2936 577 3382 647 ἐπιχειρήματος.
3428 579 3636 643 Μισθὸς
3684 581 3741 633 δὲ
3793 581 3877 633 σοὶ
3925 581 4036 634 τοῦ

792 661 902 700 non
937 645 1207 714 permittit
1250 655 1308 699 ut
1365 646 1463 700 hoc
1489 648 1654 708 feras.
1697 657 1750 700 at
1793 660 1848 702 tu
1883 663 1968 702 me
1995 653 2169 715 sinas,
2204 663 2256 706 et
2284 667 2350 708 ne
2451 667 2467 716 ε

2451 665 2585 733 ἐμοῦ
2616 665 2868 732 σώματος
2911 670 3003 720 xui.
3034 645 3149 737 τῆς
3171 645 3486 740 ελευθερίας
3517 673 3696 725 πάντα
3738 673 3836 740 μὲν
3881 674 4037 740 χρή-

793 747 1036 808 ereptum
1079 755 1256 792 meum
1291 746 1344 792 et
1377 739 1692 793 institutum
1734 740 2031 808 prohibeas
2069 761 2083 796 :
2119 744 2223 797 mei
2252 759 2349 796 au-

2453 761 2803 826 ματα,πάντα
2828 761 2879 813 δὲ
2903 764 3180 831 κτήματα,
3207 766 3400 823 πάντες
3425 765 3712 816 δὲόίκιται
3743 766 3834 815 καὶ
3859 764 4036 831 ἐσθὴς

797 839 904 881 tem
937 830 1185 897 corporis
1213 839 1265 882 et
1287 829 1704 883 meaelibertatis
1736 846 1949 887 merces
1977 844 2135 888 erunt
2158 851 2347 890 omnes
2450 868 2472 902 ,ε

2450 853 2541 902 καὶ
2574 847 2711 902 οἴκοι
2763 853 2854 906 καὶ
2893 854 3058 907 τᾶλλα
3108 857 3208 909 ὅσα
3263 855 3362 922 τῆς
3421 855 3700 924 ὑπάρξεως
3760 859 3872 905 ἐστι
3915 854 4033 921 τῆς

797 923 1193 989 possessiones,
1227 935 1419 976 omnes
1452 919 1661 984 famuli,
1695 934 1747 976 et
1787 935 1987 987 vestes,
2020 932 2073 978 et
2126 925 2342 987 domus,

2451 942 2607 1012 ἐμῆς.
2635 941 2847 996 Τούτων
2878 963 2957 997 σοι
2987 947 3202 998 πάντων
3231 948 3561 1014 παραχωρῶ,
3592 948 3745 1012 μόνον
3769 947 3813 996 εί
3843 947 4029 1010 ἐμαυ-

790 1023 842 1065 et
869 1027 1214 1081 quacunque
1258 1014 1361 1066 alia
1392 1023 1520 1068 sunt
1556 1015 1608 1066 in
1661 1016 1797 1070 meis
1835 1015 2208 1070 facultatibus.
2251 1017 2346 1070 His
2447 1051 2465 1084 ιι

2447 1033 2543 1101 τὴν
2573 1033 2872 1102 ὠνήσομαι.
2921 1036 2978 1086 Ὀ
3005 1035 3061 1086 δὲ
3116 1040 3253 1104 μήτε
3287 1037 3347 1088 τὸ
3395 1037 3502 1088 πᾶν
3552 1036 3724 1094 διδοὺς
3781 1036 3921 1101 μήτε
3963 1033 4028 1082 τδ

789 1107 1044 1158 omnibus
1081 1107 1175 1159 tibi
1219 1107 1374 1169 cedo,
1427 1107 1724 1160 dummodo
1762 1107 2018 1176 meipsam
2056 1110 2340 1162 redimam.

786 1195 881 1250 Ille
915 1211 1040 1250 vero
1073 1211 1247 1264 neque
1281 1200 1596 1250 universum
1635 1199 1967 1262 concedens,
2013 1215 2192 1268 neque
2223 1201 2343 1266 ejus

788 1297 954 1341 totam
980 1303 1239 1343 aversans
1267 1291 1603 1342 voluntatem
1638 1306 1649 1340 :
1678 1289 1832 1343 Nunc
1861 1291 2099 1358 quidem,
2124 1307 2156 1344 ο
2183 1308 2340 1356 uxor,

788 1378 982 1444 inquit,
1020 1393 1124 1432 non
1183 1387 1413 1447 possunt
1463 1379 1577 1431 bare
1615 1378 1775 1432 fieri:
1820 1389 2106 1448 postquam
2160 1391 2340 1434 autem

786 1471 1004 1537 generis
1068 1480 1118 1523 et
1165 1471 1484 1522 facultatum
1530 1471 1883 1524 habuerimus
1937 1487 2337 1537 successorem,

784 1574 886 1613 nec
905 1575 1004 1627 ego
1025 1559 1170 1614 bono
1201 1571 1292 1614 tuo
1322 1562 1570 1615 inStituto
1596 1562 1780 1614 deero.
1806 1562 1981 1615 Grave
2001 1563 2143 1615 enim
2171 1572 2336 1623 esset,

783 1665 825 1700 Si
862 1653 914 1702 in
939 1649 1123 1703 divino
1152 1650 1423 1703 desiderio
1462 1652 1543 1702 vir
1578 1649 1796 1704 feminae
1826 1655 2022 1704 cedere
2049 1653 2337 1719 conspice-

783 1755 892 1794 rer.
931 1741 1036 1795 Sed
1065 1752 1191 1795 tunc
1232 1742 1390 1796 ambo
1415 1743 1557 1796 banc
1595 1743 1736 1795 viam
1769 1743 2052 1814 eligentes,
2108 1760 2215 1799 non
2254 1761 2340 1798 se-

782 1851 881 1887 rus
925 1849 983 1887 ac
1020 1837 1071 1888 in
1107 1835 1477 1898 matrimonio,
1523 1835 1595 1888 ita
1641 1835 1694 1888 in
1729 1837 1838 1888 vita
1888 1852 1952 1889 ex
1987 1835 2098 1890 Deo
2129 1835 2335 1907 agenda

782 1935 923 1975 inter
953 1940 1055 1977 nos
1093 1925 1560 1990 conspirabimus.

851 2011 940 2066 ill.
980 2015 1352 2082 Acquiescunt
1386 2013 1549 2065 ambo
1594 2014 1664 2074 ei,
1704 2013 1849 2082 quod
1889 2015 2095 2068 dictum
2136 2013 2335 2068 fuerat.

783 2107 1118 2160 Procedente
1165 2115 1344 2160 autem
1391 2117 1659 2174 tempore,
1713 2109 1959 2160 nascitur
1994 2108 2077 2160 eis
2137 2109 2334 2175 puella.

783 2197 856 2250 Ea
889 2214 1008 2250 cum
1045 2201 1277 2266 primum
1315 2200 1486 2252 lucem
1520 2201 1747 2267 aspexit,
1778 2201 2048 2251 castitatis
2085 2199 2199 2252 Soli
2229 2200 2338 2253 fuit

786 2300 1123 2354 consecrata,
1158 2290 1366 2344 Melana
1396 2289 1654 2344 offerente
1676 2291 1945 2357 primitias
1973 2290 2222 2352 Domino,
2246 2292 2336 2358 qui

786 2385 957 2449 ipsam
992 2383 1223 2436 dederat
1255 2399 1270 2435 :
1315 2391 1374 2435 ut
1407 2384 1487 2437 sic
1521 2384 1606 2437 vel
1639 2384 2091 2437 consuetudinem
2129 2383 2337 2436 habens

785 2478 1118 2529 matrimonii
1162 2476 1440 2530 videretur
1473 2477 1769 2544 plurimum
1823 2477 2066 2529 tribuere
2121 2476 2341 2543 virgini-

781 2571 900 2622 tati.
948 2568 1215 2636 Deinceps
1247 2583 1376 2622 vero
1405 2568 1638 2637 seipsam
1670 2568 2025 2630 contrahens,
2064 2568 2339 2620 moderate

782 2672 839 2712 et
905 2669 1267 2728 temperanter
1345 2661 1584 2714 vivebat.
1657 2659 1774 2714 Non
1837 2671 2044 2714 vestem
2094 2661 2339 2728 gestabat

782 2750 1144 2818 splendidam,
1179 2768 1284 2806 non
1313 2766 1510 2822 corpus
1537 2767 1696 2808 suum
1732 2751 1946 2806 fovebat
1984 2752 2211 2806 lavacris
2241 2769 2253 2805 :
2286 2760 2340 2805 et

784 2843 833 2894 si
872 2843 1089 2910 quando
1119 2859 1146 2896 a
1201 2846 1398 2897 marito
1452 2853 1545 2896 aut
1591 2857 1617 2896 a
1671 2845 1992 2912 parentibus
2033 2853 2335 2909 eligeretur,

783 2935 899 2988 ibat
932 2935 1150 3002 quidem
1192 2937 1257 2988 ad
1299 2935 1576 2997 balneum,
1609 2950 1732 2989 cum
1776 2945 1955 2989 autem
1991 2936 2198 2987 vultum
2247 2950 2337 2988 so-

783 3027 896 3078 lum
935 3029 1164 3081 lavacris
1191 3028 1473 3089 abluisset,
1506 3036 1563 3080 ut
1602 3043 1794 3081 eorum
1827 3028 1921 3096 qui
1947 3027 2213 3095 jubebant
2239 3043 2334 3079 vo-

2445 1124 2563 1176 ὅλον
2592 1125 2685 1176 τοῦ
2712 1125 3044 1194 βουλήματος
3075 1126 3415 1193 ἀποτρέπων.
3445 1126 3556 1177 Νῦν
3591 1127 3709 1192 μὲν,
3742 1125 3949 1182 ἔλεγεν,
3980 1116 4028 1172 ὦ

2446 1215 2624 1284 γύναι,
2649 1217 2819 1268 ταῦτα
2851 1217 2910 1269 οὑ
2941 1218 3168 1270 δυνατά*
3208 1219 3373 1270 ὲπειό’
3409 1219 3473 1272 ἂν
3507 1218 3560 1268 δὲ
3606 1219 3698 1268 καὶ
3743 1217 4029 1282 διαδόχους

2444 1311 2535 1362 τοῦ
2576 1311 2760 1375 γένους
2789 1312 2876 1361 καὶ
2906 1311 3001 1377 τῆς
3026 1312 3210 1371 οὐσίας
3239 1309 3565 1377 κτησώμεθα
3587 1349 3599 1363 ι
3632 1311 3750 1360 οὑδὲ
3780 1310 3892 1372 ἐγώ
3926 1325 4027 1358 σου

2442 1402 2542 1468 τῆς
2573 1401 2778 1468 ἀγαθῆς
2810 1400 3029 1469 γνώμης
3066 1401 3530 1468 ἀπολειφθήσομαι
3569 1418 3580 1430 ·
3624 1402 3860 1468 χαλεπὸν
3888 1402 4024 1467 γὰρ,

2445 1495 2489 1542 εί
2519 1494 2657 1561 ἀνὴρ
2685 1493 2938 1558 γυναικὸς
2989 1493 3223 1543 ἐλάττων
3247 1492 3342 1559 τῆς
3370 1498 3495 1557 περὶ
3544 1492 3674 1542 Θεὸν
3719 1491 4026 1553 ἑπθυςιίας

2442 1584 2750 1651 ὀφθήσομαι
2775 1599 2787 1612 ’
2819 1584 2928 1634 ἀλλ’
2957 1585 3122 1649 ἄμφω
3158 1585 3275 1633 τότε
3310 1585 3405 1650 τὴν
3439 1583 3552 1633 ὁδὸν
3588 1583 3788 1649 ταύτην
3822 1583 4023 1640 ἑλόμε-

2440 1691 2540 1737 νοι,
2593 1675 2786 1740 ὁμοίως
2837 1675 3022 1742 ὥσπερ
3055 1675 3129 1742 τῷ
3179 1675 3361 1740 γάμῳ,
3409 1672 3551 1725 οὕτω
3607 1673 3710 1724 κάν
3766 1675 3834 1740 τῇ
3875 1673 4024 1723 κατά

2367 1802 2411 1862 Β
2439 1765 2570 1818 Θεὸν
2609 1766 2849 1836 διαγωγῇ
2879 1767 3122 1835 ἀλλήλοις
3157 1765 3562 1834 εἰσπνεύσομεν.

2510 2039 2582 2093 Γ’.
2615 2040 2932 2108 Στέργουσιν
2961 2039 3257 2109 ἀμφότεροι
3281 2042 3358 2107 τῷ
3389 2039 3662 2106 λεχθέντι·
3693 2039 3787 2091 τοῦ
3813 2037 4016 2106 χρόνου

2442 2133 2496 2184 δὲ
2548 2133 2850 2199 προϊόντος,
2907 2132 3000 2183 καὶ⁵
3046 2133 3259 2184 παιδέον
3314 2133 3495 2194 αὐτοῖς
3549 2134 3794 2197 τίκτεται
3849 2131 4012 2197 θῆλυ.

2443 2222 2610 2273 Τοῦτο
2639 2222 2754 2288 ἅμα
2787 2240 2843 2274 τι
2882 2225 2938 2272 τὸ
2969 2223 3080 2288 φῶς
3115 2218 3242 2284 εἶδε,
3277 2223 3369 2273 καὶ
3402 2225 3516 2290 ἅμα
3543 2223 3618 2290 τῷ
3657 2223 3754 2288 τῆς
3786 2223 4014 2286 ἁγνείας

2457 2315 2619 2381 Ἡλίῳ
2648 2313 2979 2384 καθιερώθη,
3023 2315 3118 2382 τῆς
3157 2316 3406 2383 Μελάνηε
3431 2313 3685 2381 ἀπαρχὴν
3728 2313 3900 2379 αὐτὴν
3932 2312 4013 2380 τῷ

2439 2405 2579 2457 δόντι
2633 2406 2823 2472 κυρίῳ
2883 2405 3360 2472 προσαγαγούσης,
3416 2405 3480 2455 ἵν’
3519 2405 3661 2456 οὕτω
3701 2404 3794 2454 καὶ
3842 2404 4012 2470 γάμῳ

2441 2497 2844 2566 προσομιλοῦσα
2868 2500 2931 2561 τῇ
2961 2496 3225 2564 παρθενίᾳ
3252 2497 3445 2563 φανείη
3476 2497 3530 2547 τὸ
3551 2495 3710 2546 πλέον
3738 2495 4006 2560 νέμουσα,

2440 2591 2531 2641 καὶ.
2558 2589 2617 2640 τὸ
2644 2589 2768 2653 ἑξῆς
2803 2589 3125 2640 συστείλασα
3178 2587 3375 2656 ἑαυτὴν
3407 2588 3758 2654 σωφρονικῶς
3796 2582 3862 2655 ἦν
3902 2586 4010 2653 βιο-

2439 2683 2690 2734 τεύουσα.
2748 2681 2857 2749 Οὐχ
2912 2679 3125 2748 ἱμάτιον
3175 2680 3391 2745 ἐκείνην
3441 2681 3663 2745 ἐκόσμει
3713 2679 4001 2745 λαμπρόν·

2439 2776 2538 2826 οὐκ
2569 2773 2864 2840 ἑθεράπευε
2889 2773 2947 2823 to
2969 2772 3130 2838 σῶμα
3155 2772 3400 2838 λουτρόν.
3429 2771 3543 2823 Κάν
3570 2773 3750 2822 εἴποτε
3773 2770 3826 2822 δε
3854 2773 4008 2838 πσρά

2439 2865 2535 2918 τοῦ
2567 2865 2757 2934 ἀνδρὸς
2791 2867 2821 2931 ἢ
2858 2865 2965 2916 τῶν
3016 2866 3282 2915 τεκόντων
3315 2863 3647 2930 ἐκϐιασθείη,
3692 2863 3858 2932 ἀπῄει
3903 2862 4005 2930 μὲν

2440 2961 2516 3019 είς
2547 2958 2843 3025 βαλανεῖον,
2874 2957 2940 3008 τὰ
2980 2957 3034 3006 δὲ
3079 2957 3347 3024 πρόσωπα
3395 2957 3552 3022 μόνον
3595 2957 3707 3014 τοῖς
3756 2955 4004 3020 λουτροῖς

2440 3051 2818 3115 ἀπονιψαμένη
2865 3050 2985 3099 ὅσον
3032 3048 3090 3098 τὸ
3131 3048 3339 3113 θέλημα
3375 3047 3481 3098 τῶν
3534 3049 4002 3114 προτρεψαμένων

785 3119 979 3171 luntati
1015 3118 1381 3179 satisfaceret,
1416 3133 1524 3171 non
1563 3118 1780 3172 sinebat
1834 3119 2102 3185 reliquum
2137 3132 2336 3184 corpus
2364 3135 2407 3192 (ς
2442 3143 2460 3194 δ

2329 3135 2336 3170 ⁵
2364 3135 2407 3192 C
2442 3139 2869 3208 ἀφοσιώσασθαι,
2911 3140 2972 3189 τὸ
3020 3139 3202 3188 λοιπὸν
3233 3141 3390 3204 σῶμα
3421 3140 3515 3207 τῆς
3547 3140 3609 3190 ὲκ
3645 3139 3750 3190 τῶν
3782 3139 4004 3205 θερμῶν

785 3207 978 3261 calidis
1017 3208 1207 3261 foveri.
1268 3205 1336 3260 Ut
1381 3223 1509 3262 vero
1567 3209 1827 3276 deinceps
1868 3207 2080 3269 lateret,
2121 3209 2336 3261 emebat

787 3312 921 3350 ειυΓο
955 3298 1166 3350 ancillis
1213 3298 1511 3366 persuasis.
1551 3297 1684 3350 Cum
1729 3308 1910 3351 autem
1970 3299 2139 3350 multa
2173 3300 2336 3351 etiam

785 3387 1030 3451 fecisset,
1075 3400 1130 3442 nt
1178 3393 1297 3443 viro
1361 3389 1742 3457 persuaderet.
1806 3397 1865 3441 ut
1907 3399 2052 3442 esset
2092 3391 2335 3457 ejusdem

788 3483 1045 3542 inslilit“,
1083 3483 1170 3534 ubi
1206 3498 1312 3534 non
1348 3481 1481 3534 vidit
1515 3497 1638 3534 eum
1677 3483 2078 3547 obtemperare,
2116 3485 2210 3536 sed
2242 3498 2339 3536 cu-

789 3587 918 3640 pere
945 3575 1102 3625 etiam
1152 3574 1263 3625 fieri
1301 3584 1579 3640 parentem
1631 3574 1860 3626 aliorum
1905 3575 2227 3637 liberorum,
2274 3575 2339 3629 de

790 3664 916 3733 fuga
945 3666 1167 3731 cogitat,
1195 3675 1248 3718 et
1293 3667 1482 3718 statuit
1515 3666 1691 3733 ipsum
1728 3667 1982 3719 maritum
2019 3676 2072 3719 et
2105 3676 2337 3734 patrem,

788 3759 919 3824 quin
951 3759 1112 3811 eti.im
1150 3773 1280 3812 suas
1305 3773 1522 3825 quoque
1554 3757 1842 3810 facultates
1871 3758 2200 3827 relinquere.
2234 3759 2338 3813 Sed

788 3864 910 3900 cum
942 3851 1161 3916 quidam
1198 3851 1296 3902 viri
1326 3849 1451 3902 boui
1483 3859 1535 3901 et
1563 3849 1780 3902 virtutis
1815 3860 2060 3904 amantes
2098 3852 2340 3904 sentien-

789 3947 895 3998 tes.
954 3940 1002 3991 id
1063 3939 1435 4006 prohiberent,
1489 3938 1730 3990 dicentes
1770 3937 1900 3990 illud
1939 3938 2337 4005 Apostolicum,

793 4047 812 4080 ε
855 4028 992 4094 Quid
1021 4030 1163 4083 enim
1199 4029 1335 4091 scis,
1374 4029 1586 4092 mulier,
1621 4043 1688 4081 an
1718 4030 1891 4081 virum
1943 4038 2093 4080 tuum
2129 4029 2337 4083 salvum

786 4120 952 4172 facies
983 4119 1042 4170 ‘i
1075 4139 1094 4170 ›
1133 4121 1326 4172 mansit
1368 4118 1610 4187 quidem,
1653 4134 1793 4186 aegre,
1830 4119 2011 4175 ferens
2052 4137 2196 4184 eam,
2234 4136 2338 4190 qua

788 4212 1098 4272 tenebatur,
1157 4212 1538 4266 necessitatem
1600 4230 1612 4265 :
1667 4214 1910 4267 cilicium
1975 4224 2152 4268 autem
2197 4216 2340 4268 intra

787 4315 1165 4374 sumptuosam
1197 4315 1249 4358 et
1286 4305 1630 4372 splendidam
1663 4317 1886 4370 vestem,
1913 4315 2172 4374 tanquam
2199 4322 2338 4375 prte-

788 4397 995 4449 ludium
1052 4395 1485 4455 exercitationis,
1530 4406 1794 4464 perpetuo
1830 4396 2062 4459 ferebat,
2117 4397 2337 4468 quando

788 4502 911 4540 cum
961 4487 1156 4539 marito
1186 4501 1294 4539 non
1359 4485 1590 4539 habebat
1657 4488 2136 4541 consuetudinem.
2201 4488 2334 4542 Cum

787 4593 916 4632 vero
966 4580 1210 4632 omnium
1240 4577 1451 4630 falleret
1478 4579 1690 4640 oculos,
1727 4593 1879 4630 suam
1915 4581 2137 4632 amitam
2171 4580 2339 4633 latere

788 4687 896 4726 non
956 4671 1151 4740 potuit.
1211 4667 1316 4723 Sed
1370 4671 1482 4736 ipsa
1534 4671 1754 4737 quidem
1800 4686 1922 4724 cum
1966 4673 2338 4740 cognovisset,

786 4779 905 4817 eam
941 4761 1280 4829 increpabat,
1301 4770 1352 4814 et
1379 4760 1760 4816 indumentum
1794 4764 2074 4817 irridebat.
2114 4764 2184 4816 Ea
2209 4780 2336 4818 vero

790 4855 921 4908 nihil
979 4867 1119 4920 aegre
1174 4849 1354 4904 ferens
1405 4853 1574 4920 ipsius
1628 4854 1997 4920 asperitatem,
2044 4855 2146 4907 boc
2219 4869 2342 4918 gra-

788 4950 909 5004 vius
942 4945 1164 5005 ferebat,
1203 4942 1346 5010 quod
1379 4957 1488 4996 non
1524 4953 1709 5010 posset
1749 4959 1939 4998 omnes
1969 4945 2158 4998 latere.
2193 4945 2336 5009 Quo-

790 5041 937 5092 circa
973 5035 1158 5088 multis
1190 5033 1446 5101 lacrymis
1479 5042 1532 5085 et
1561 5033 1836 5102 precibus.
1866 5041 1924 5085 ut
1948 5047 2034 5087 res
2069 5043 2332 5100 taceatur,

782 5126 1058 5195 impetrat.

861 5215 954 5272 IV.
994 5216 1123 5269 Erat
1180 5223 1357 5268 autem
1409 5216 1454 5268 ei
1509 5213 1745 5268 maxime
1802 5215 1854 5267 in
1935 5214 2075 5268 votis
2135 5215 2336 5270 mundo

786 5307 1061 5374 abrumpi,
1082 5316 1134 5359 et
1163 5315 1218 5358 ut
1242 5305 1354 5357 Vult
1386 5303 1547 5366 Deus,
1573 5305 1966 5372 philosophari.
2002 5305 2153 5359 Unde
2175 5308 2336 5360 etiam

785 5413 912 5452 cum
941 5408 1154 5450 uterum
1197 5397 1385 5458 ferret,
1415 5408 1469 5449 et
1499 5399 1545 5449 ei
1581 5397 1824 5449 secundo
1862 5398 1970 5465 jam
2013 5408 2202 5465 partus
2243 5412 2310 5466 ap

791 5496 1024 5557 peteret,
1057 5487 1438 5542 celebrabatur
1460 5489 1676 5554 quidem
1713 5489 1911 5543 festum
1945 5489 2167 5557 gloriosi
2200 5503 2342 5541 mar-

788 5581 922 5649 tyris
961 5576 1242 5635 Laurentii
1276 5596 1288 5629 :
1333 5580 1420 5634 illa
1461 5596 1589 5636 vero
1645 5581 2002 5650 pernoctabat
2039 5581 2334 5641 insomnis,

864 5763 876 5793 ¹
915 5761 933 5816 1
969 5761 1092 5817 Cor.
1117 5776 1213 5825 vn,
1247 5763 1329 5816 l6.

2441 3232 2735 3286 ἀπολαύειν
2787 3233 2887 3283 οὐκ
2939 3231 3188 3298 ⁴ἠνείχετο
3237 3232 3568 3297 θεραπείας·
3623 3231 3684 3282 τὸ
3719 3230 3773 3282 δὲ
3831 3229 4004 3281 ταῦτα

2443 3327 2626 3377 λαθεῖν
2673 3327 2945 3392 χρήμασιν
2995 3324 3184 3374 ὠνεῖτο
3218 3325 3315 3383 ca,-
3349 3323 3678 3390 θεραπαίνας
3712 3323 3997 3373 πείθουσα.

2442 3417 2618 3468 Πολλά
2671 3415 2723 3467 δὲ
2760 3418 2851 3466 καὶ
2899 3414 3032 3482 πρὸς
3075 3415 3132 3465 τὸ
3178 3416 3359 3465 πεῖσαι
3395 3414 3482 3464 τὸν
3533 3413 3700 3480 ἄνδρα
3743 3412 3833 3464 τοῦ
3886 3413 4002 3462 [σου

2444 3507 2693 3576 γενέσθαι
2714 3505 2914 3558 σκοποῦ
2941 3506 3038 3572 δρά
3054 3521 3205 3561 ςασα,
3225 3506 3346 3555 ἐπεὶ
3375 3506 3468 3571 οὐχ
3489 3505 3632 3570 ἑώρα
3657 3505 3999 3568 πεισόμενον,

2442 3598 2577 3650 ἀλλά
2634 3597 2727 3649 καὶ
2775 3597 2974 3662 ἑτέρων
3007 3593 3238 3660 ὀφθῆναι
3283 3594 3493 3658 πατέρα
3547 3594 3751 3644 παίδων
3815 3592 4003 3641 ἐπιθυ-

2449 3689 2672 3758 μοῦντα,
2720 3687 2960 3754 δρασμὸν
3006 3687 3194 3741 ἔννοεῖ.
3228 3688 3316 3735 καὶ
3343 3683 3505 3735 αὐτὸν
3555 3685 3721 3748 ἄνδρα
3767 3684 3859 3733 καὶ
3901 3699 4005 3732 πα-

2441 3782 2596 3847 τέρα,
2628 3779 2762 3830 ἀλλά
2796 3777 2887 3828 καὶ
2927 3776 3020 3843 τὴν
3048 3775 3231 3825 οὐσίαν
3261 3776 3565 3825 ἀπολιπεῖν.
3613 3774 3765 3824 Ἐπεὶ
3803 3774 3858 3823 δὲ
3893 3772 4000 3823 τῶν

2445 3870 2750 3939 φιλαρέτων
2782 3868 2925 3927 τινὲς
2957 3867 3265 3934 αἰσθόμενοι
3296 3866 3604 3927 διεκώλυον,
3638 3865 3697 3914 τὸ
3718 3864 4003 3914 ἀποστολι-

2445 3964 2539 4015 κδν
2572 3964 2747 4012 ἐκεῖνο
2779 3959 3028 4025 φάμενοι,
3069 3976 3088 4007 t
3134 3959 3196 4008 Τί
3242 3958 3347 4024 γάρ
3381 3954 3526 4017 οἶδας
3564 3997 3578 4020 ,
3611 3956 3791 4023 γύναι.
3837 3958 3884 4007 εί
3915 3955 4004 4006 τὸν

2444 4053 2610 4121 ἄνδρα
2651 4053 2873 4112 σώσει;;
2935 4069 2952 4099 r
2989 4049 3145 4116 ἔμενε
3192 4050 3289 4115 μὲν
3330 4051 3425 4100 καὶ
3456 4048 3591 4114 πρὸς
3627 4051 3724 4114 τὴν
3757 4050 4003 4112 ἀνάγκην

2443 4137 2475 4214 ᾖ
2513 4143 2793 4208 κατείχετο
2822 4142 3016 4208 ἠρχετο
3039 4157 3051 4170 ’
3108 4139 3357 4206 τρύχινον
3384 4139 3440 4190 δέ
3470 4156 3519 4189 τι
3557 4140 3715 4209 ῥάκος
3748 4139 3878 4190 εἴσω
3907 4141 4002 4202 τῆς

2443 4233 2766 4293 πολυτελοῦς
2803 4231 3030 4298 ἐσθῆτος
3060 4232 3220 4282 οἱονεὶ
3253 4231 3660 4299 προγύμνασμα
3690 4233 3788 4298 τῆς
3830 4231 4003 4298 ἀσκή-

2447 4342 2602 4386 σεως,
2651 4325 2736 4376 ὅτε
2789 4323 2862 4391 μὴ
2915 4323 3081 4388 συνῆν
3117 4322 3192 4388 τῷ
3240 4323 3414 4388 ἀνδρὶ,
3452 4322 3676 4374 διετέλει
3738 4321 4000 4390 φοροῦσα.

2446 4417 2582 4478 Τοὺς
2626 4417 2682 4467 δὲ
2719 4416 2934 4466 πάντων
2989 4413 3300 4480 ὀφθαλμοὺς
3348 4413 3676 4474 κλέπτουσα,
3721 4413 3820 4482 τὴν
3851 4412 4002 4465 θείαν

2445 4510 2572 4576 γοῦν
2607 4509 2772 4574 αὐτῆς
2820 4507 2920 4559 οὐκ
2957 4505 3280 4558 ἐλάνθανεν·
3333 4505 3448 4557 ἀλλ’
3489 4504 3626 4574 αὑτὴ
3660 4505 3760 4572 μὲν
3797 4505 4003 4569 γνοῦσα

2445 4599 2680 4666 ἐπετίμα
2713 4596 2881 4665 ταύτῃ
2908 4600 3003 4647 καὶ
3032 4595 3277 4647 ἔσκωπτε
3318 4594 3411 4646 τοῦ
3453 4595 3766 4661 ἐνδύματος,
3803 4594 3902 4661 τὴν
3945 4595 4001 4646 δὲ

2448 4692 2612 4760 μηδδν
2647 4689 2752 4741 ὑπὸ
2795 4688 2892 4755 τῆς
2935 4687 3100 4740 αὑτοῦ
3135 4688 3469 4756 τραχύτητος
3503 4687 3809 4754 ἀχθομένην
3847 4685 4003 4738 τοῦτο

2447 4785 2538 4836 καὶ
2564 4783 2764 4851 μᾶλλον
2788 4782 3040 4849 ἐδάρυνε,
3069 4781 3128 4832 τὸ
3151 4782 3225 4849 μὴ
3244 4781 3535 4848 δυνηθῆναι
3559 4782 3765 4842 πάντας
3793 4779 3997 4833 λαθεῖν.

2444 4873 2537 4925 Διὸ
2593 4872 2686 4924 καὶ
2739 4871 2950 4931 πολλοῖς
2992 4871 3222 4937 δάκρυσί
3262 4887 3316 4922 τε
3354 4872 3445 4920 καὶ
3479 4870 3859 4939 παρακλήσεσι
3904 4869 4002 4937 τὴν

2447 4965 2654 5032 σιωπὴν
2683 4961 2776 5015 τοῦ
2814 4963 3133 5031 πράγματος
3172 4959 3552 5028 ἀσφαλίζεται.

2521 5217 2593 5272 Δ’.
2635 5213 2740 5271 Ἦν
2775 5214 2829 5266 δὲ
2871 5214 2976 5281 ἄρα
3008 5229 3058 5263 τι
3095 5212 3188 5264 καὶ
3228 5213 3386 5281 εὐχῆς
3429 5213 3585 5281 ἔργον
3621 5213 3757 5280 αὐτῇ
3797 5214 3995 5280 κόσμου

2454 5309 2686 5379 ῥαγῆναι
2746 5308 2839 5357 καὶ
2901 5303 3257 5370 φιλοσοφῆσαι
3313 5304 3454 5354 κατά
3515 5303 3666 5366 Θεὸν,
3725 5304 3847 5354 ὅθεν
3909 5305 3997 5353 καὶ

2446 5397 2678 5461 κυούσης
2708 5395 2805 5462 ἠδη
2838 5395 2890 5444 τὸ
2919 5392 3166 5459 δεύτερον
3198 5394 3288 5442 καὶ
3323 5393 3451 5459 πρὸς
3481 5393 3539 5443 τὸ
3569 5394 3742 5442 τεκεῖν
3774 5393 3994 5458 γενομέ-

2444 5505 2560 5558 νης,
2592 5489 2749 5556 ἑορτὴ
2780 5489 2877 5554 μὲν
2905 5487 3063 5552 ἦγετο
3087 5483 3179 5536 τοῦ
3207 5483 3452 5551 λαμπροῦ
3488 5487 3543 5534 ἐν
3579 5484 3815 5550 μάρτυσι
3853 5485 3996 5534 Λαυ-

2449 5582 2656 5648 ρεντίον
2683 5594 2693 5606 ·
2729 5581 2761 5648 ὴ
2791 5579 2845 5630 δὲ
2877 5579 3080 5639 ἄϋπνος
3105 5576 3376 5642 διενύχευε
3409 5576 3534 5640 γόνυ
3563 5573 3839 5636 κλίνονσα,
3865 5570 3998 5639 ψαλ-
