4242 6442
314 357 421 420 757

1576 366 1751 428 ΠΤΑ
1787 368 1844 425 S.
1912 366 2257 435 ΜΕιΑΝεΕ.

3427 376 3534 443 ’158

315 474 452 543 μους
478 471 700 543 ᾅδουσα,
738 475 999 543 κρείττων
1042 482 1132 533 καὶ
1157 482 1265 535 τῶν
1294 481 1503 551 ὠδίνων
1533 484 1627 536 καὶ
1649 482 1747 551 τῆς
1775 481 1874 549 φύ-
1904 484 1943 536 Α
1975 494 1990 548 1

1858 508 1874 519 -
1904 484 1943 536 Α
1975 494 2115 548 genu
2142 485 2383 555 ﬂectens,
2420 493 2660 561 psalmos
2690 509 2918 556 canens.
2944 496 3162 550 dolores
3194 504 3248 549 et
3282 506 3533 551 naturam

312 578 452 627 σεως
479 560 616 617 εἶναι
650 565 964 638 βιαζομένη.
1009 569 1067 625 Ὀ
1091 570 1285 643 ὄρθρος
1312 574 1508 645 ἔληγεν
1528 592 1541 605 ·
1571 574 1603 643 ἠ
1653 572 1713 628 δδ
1768 572 1875 625 τῶν

309 653 487 722 εὐχῶν
516 656 616 709 οὐκ
645 659 897 726 ἐπαύετο,
928 663 1067 717 ἀλλὰ
1113 667 1210 719 καὶ
1253 666 1426 730 οὕτως
1458 671 1658 738 ἑαυτὴν
1704 687 1907 749 κατα--

305 745 561 798 τείνουσα
590 749 990 822 χαλεπωτέρων
1014 756 1218 810 ὠδινῶν
1248 762 1526 830 πειρᾶται,
1558 763 1653 815 καὶ
1684 762 1875 832 βιαίως

310 840 432 905 μὲν,
458 840 628 893 τίκτει
654 842 701 894 δ’
738 843 830 896 οὖν
856 846 1027 913 ὅμως.
1075 849 1149 902 Τὸ
1192 850 1291 919 μὲν
1337 849 1433 903 οὖν
1463 854 1658 922 τεχθὲν
1681 856 1873 927 (ἄρρεν

305 930 363 982 δὲ
397 926 507 999 ἦν).
544 934 678 1003 ὁμοῦ
708 952 766 988 τε
804 940 1023 1009 ἐτέχθη,
1072 944 1166 995 καὶ
1202 944 1362 1014 ίερῶς
1395 926 1759 1018 ἁναγεννηθὶν
1795 952 1873 1021 τῷ

307 1021 651 1091 βαπτίσματι
684 1027 777 1081 τοῦ
819 1030 1052 1086 ἐνταῦθα
1092 1037 1298 1106 κόσμου
1347 1039 1552 1106 λύεται,
1589 1044 1683 1096 καὶ
1736 1044 1871 1113 πρὸς

305 1112 398 1163 τὸν
433 1116 550 1166 ἐκεῖ
597 1122 1061 1188 παραπέμπεταιο
1109 1127 1328 1197 ἐκείνην
1370 1131 1429 1182 δὲ
1478 1134 1571 1185 καὶ
1598 1135 1751 1202 ’μετὰ
1780 1112 1872 1189 τὸν

303 1205 464 1256 τόκον
495 1208 757 1277 ἔστρεφον
790 1214 844 1264 αί
876 1214 1086 1283 ὠδῖνες,
1132 1218 1234 1278 καὶ,
1255 1220 1314 1273 τὸ
1343 1221 1509 1291 δριμὺ
1547 1224 1647 1292 τῆς
1676 1224 1870 1296 ὀδύνης

308 1296 402 1344 τὸν
458 1299 684 1351 θάνατον
737 1302 971 1373 ὑπῆγεν.
1030 1308 1285 1373 Ἐπιστὰς
1320 1312 1412 1364 οὖν
1440 1314 1468 1365 6
1498 1314 1633 1384 ἀνὴρ
1678 1318 1770 1369 καὶ
1811 1318 1871 1371 τὸ

306 1386 480 1439 eum
521 1390 877 1461 θεασάμενος,
911 1400 1199 1468 συγχυθεὶς
1243 1403 1443 1472 μικροῦ
1495 1406 1593 1473 μὲν
1634 1409 1726 1459 καὶ
1769 1409 1870 1475 τὴν

303 1476 486 1547 ψυχὴν
522 1483 733 1551 ἀφῆκεν
758 1502 771 1515 ο
798 1488 1087 1543 ἀναλαόὼν
1116 1494 1171 1545 δὲ
1198 1495 1386 1547 ἑαυτὸν
1415 1498 1706 1566 ἀποτρέχει
1732 1502 1871 1569 πρὸς

303 1574 368 1623 τὸ
399 1573 806 1645 θυσιαστήριον,
856 1584 948 1634 καὶ
996 1584 1182 1654 κύκλῳ
1226 1591 1385 1641 τοῦτο
1420 1594 1863 1661 περιερχόμενος,

303 1661 513 1730 δάκρυα
542 1667 650 1717 τῶν
690 1670 984 1738 ὀφθαλμῶν
1020 1675 1188 1744 ἔρρει,
1236 1680 1419 1745 φωνὰς
1451 1682 1622 1749 ἠφίει,
1654 1685 1747 1735 καὶ
1793 1684 1867 1747 ὠς

302 1752 573 1825 ὀξυτάτην
630 1765 883 1828 παρεῖναι
945 1769 1042 1833 τὴν
1098 1768 1303 1823 ἄνωθεν
1356 1774 1537 1826 ἐκάλει
1592 1774 1862 1844 βοήθειαν.

314 1845 382 1898 Ἦ
408 1847 463 1900 δὲ
494 1849 679 1902 τοῦτον
719 1855 929 1907 ἐκεῖνον
967 1853 1103 1911 εἶναι
1140 1863 1409 1931 νομίσασα
1438 1866 1528 1918 τὸν
1571 1869 1761 1937 καιρδν
1810 1870 1865 1931 ὃς

304 1941 370 2007 τῇ
402 1941 665 2013 ἐπιθυμία
686 1946 908 2013 ,ταύτης
941 1950 1190 2019 ἐπιθήσει
1216 1956 1277 2006 τὸ
1307 1958 1480 2021 τέλος,
1511 1960 1588 2028 τῷ
1614 1962 1765 2029 ἀνδρὶ
1787 1962 1865 2014 ἔτι

300 2034 381 2099 τῷ
432 2034 560 2104 ίερῷ
592 2041 1008 2109 προσεδρεύοντι
1058 2046 1389 2115 διαγγέλλων
1423 2052 1640 2119 φράζει,
1674 2048 1710 2123 ἦ
1757 2055 1867 2123 μὴν

304 2125 455 2194 αὖτῷ
486 2145 542 2178 τε
570 2132 665 2182 καὶ
697 2134 861 2202 ἑαυτῇ
893 2136 1171 2204 ζήσεσθαι,
1216 2144 1262 2194 εί
1291 2145 1447 2213 ὅρκια
1473 2148 1566 2200 καὶ
1603 2150 1865 2217 συνθῆκαι

303 2218 440 2283 πρὸς
474 2221 606 2274 Θεὸν
644 2228 884 2287 γένοιντο
930 2230 988 2281 ιν
1030 2234 1353 2306 σωφροσύνῃ
1404 2237 1499 2289 τοῦ
1545 2238 1732 2294 λοιποῦ
1766 2241 1865 2312 ζῇν

302 2311 674 2380 ἀμφοτέρους,
732 2321 934 2390 καὶμὴ
986 2325 1129 2377 κατὰ
1182 2326 1313 2395 βίον,
1357 2330 1494 2382 ἀλλὰ
1540 2332 1683 2385 κατὰ
1734 2311 1866 2387 Θεδν

304 2401 507 2468 μᾶλλον
542 2405 791 2471 βιοῦντας
817 2409 1100 2468 διατελεῖν.
1130 2416 1382 2471 Πείθεται
1408 2422 1436 2472 6
1466 2421 1607 2491 ἀνὴρ
1636 2425 1747 2486 τοϊς
1766 2427 1865 2495 τῆς

302 2498 558 2559 γυναικὸς
590 2501 685 2553 καὶ
715 2503 927 2570 ῥήμασι
960 2508 1053 2558 καὶ
1088 2508 1379 2579 θελήμασι,
1408 2514 1503 2567 καὶ
1538 2517 1639 2588 τὴν
1667 2519 1865 2573 ἀπολο⁹

300 2588 447 2651 γίαν,
484 2591 565 2641 ὅτι
602 2594 913 2661 πέπεισται,
950 2598 1201 2652 δίδωσιν·
1242 2604 1379 2675 ὅπερ
1405 2609 1587 2678 ἐκείνη
1617 2611 1863 2679 μαθοῦσα

298 2682 362 2730 τὸ
396 2683 493 2748 μὲν
521 2683 678 2752 σῶμα
697 2688 867 2756 ῥᾴων,
896 2690 992 2758 τὴν
1015 2692 1072 2745 δι
1110 2694 1287 2766 ψυχὴν
1314 2698 1480 2769 ήδίων
1517 2702 1678 2765 εὐθὺς
1719 2706 1864 2770 γίνε-

298 2790 411 2837 ται,
454 2776 565 2829 είτε
606 2780 671 2846 τῇ
728 2782 874 2851 χαρᾷ
916 2783 1016 2849 τῆς
1059 2786 1215 2839 νόσου
1247 2794 1689 2861 παραχωρούσης
1751 2796 1862 2850 είτε

302 2864 398 2911 καὶ
431 2861 529 2931 τῆς
572 2862 684 2917 ἄνω
728 2869 909 2939 χειρὸς
943 2871 1019 2941 τῷ
1058 2876 1246 2947 σκοπῷ
1288 2878 1491 2950 ταύτης
1537 2886 1863 2957 συναιρομέ-

302 2968 420 3020 νης.

372 3219 445 3274 ε’.
499 3222 650 3274 Ἐπεὶ
684 3223 777 3277 οὖν
823 3228 1019 3297 καιροῦ
1072 3230 1167 3285 καὶ
1223 3232 1478 3305 ἀφορμῆς
1507 3236 1732 3308 ἥπτετο,
1767 3241 1860 3297 τὸν

303 3313 403 3381 μὲν
436 3315 594 3368 ἄλλον
624 3315 719 3368 τοῦ
754 3318 1005 3386 σώματος
1027 3323 1319 3379 ἀπετίθετο
1345 3328 1572 3397 κόσμον,
1602 3332 1767 3397 λιτῶς
1800 3353 1859 3389 τε

301 3407 394 3458 καὶ
422 3407 635 3474 ἀφελῶς
669 3408 770 3477 ζῇν
805 3412 1037 3482 ἑλομένη
1070 3415 1164 3468 καὶ
1203 3417 1333 3486 ὅλην
1364 3419 1567 3491 ἑαυτὴν
1590 3424 1731 3501 ξηρὸς
1771 3427 1861 3480 τὸν

302 3497 410 3549 ἔσω
442 3499 538 3565 τῆς
570 3500 749 3568 ψυχῆς
773 3503 974 3569 κόσμον
1001 3506 1275 3575 τρέφασω
1313 3512 1373 3562 ἐν
1413 3497 1650 3584 τοσούτῳ
1679 3517 1736 3571 δὲ
1767 3522 1860 3572 καὶ

297 3590 357 3641 τὸ
390 3590 488 3657 τῆς
524 3594 823 3660 παρθενίας
856 3596 1022 3663 αὐτῆς
1050 3599 1224 3665 ἔρνος,
1256 3603 1391 3672 ήτῷ
1430 3605 1550 3676 Θεῷ
1581 3608 1858 3677 ίεραθεῖσι

294 3681 565 3748 θυγάτηρ,
610 3683 701 3734 τὸν
754 3685 987 3738 ἐνταῦθα
1029 3688 1143 3757 βίον
1194 3692 1540 3748 ἀπολιποῦσα
1587 3699 1719 3767 πρὸς
1766 3705 1858 3755 τὸν

295 3773 571 3841 ἑργαστὴν
602 3774 733 3826 Θεὸν
764 3778 1135 3845 μετατίθεται.
1170 3782 1386 3853 Ταύτης
1422 3789 1450 3838 6
1480 3788 1706 3853 θάνατος
1738 3793 1859 3861 βελ-

294 3865 401 3913 τιοί
436 3864 524 3914 τὸν
570 3865 736 3932 ἄνδρα
790 3872 855 3920 τὲ
908 3871 996 3923 ίσα
1025 3889 1083 3924 τε
1128 3878 1346 3943 φρονεῖν
1392 3880 1484 3931 καὶ
1530 3883 1631 3949 τὴν
1685 3886 1856 3954 αὐτὴν

293 3952 497 4005 ὁδεύειν
533 3958 595 4023 τῇ
638 3958 856 4029 Μελάνῃ
907 3965 1339 4029 παρασκευάζει.
1387 3968 1717 4037 Ὕποθίντες
1761 3952 1855 4030 ούν

292 4045 590 4114 ἀμφότεροι
616 4048 837 4111 ἑαυτοὺς
858 4052 932 4120 τῷ
954 4055 1044 4104 τοῦ
1069 4056 1209 4110 κατὰ
1232 4058 1365 4111 Θεὸν
1393 4061 1509 4129 βίον
1530 4066 1699 4135 ζυγῷ,
1724 4088 1857 4139 προ-

295 4135 481 4202 θύμως
529 4133 712 4191 εἷλκον
753 4142 849 4207 τὴν
885 4146 1087 4214 ἀρετὴν
1122 4148 1371 4214 ἀλλήλοις
1401 4133 1849 4226 διαμιλλώμενοι.

305 4227 569 4290 Ἐκείνοις
625 4231 723 4297 μὲν
772 4231 864 4285 οὖν
896 4235 929 4303 ή
972 4237 1193 4301 φροντὶς
1254 4233 1324 4308 ἦν
1383 4242 1566 4295 τέλεον
1616 4248 1852 4318 ῥαγῆναι

291 4319 498 4385 κόσμου
531 4323 747 4386 παντὸς,
778 4328 869 4378 καὶ
906 4326 1029 4395 Θεῷ
1055 4330 1283 4391 ἑαυτοὺς
1313 4332 1591 4391 ἀναθεῖναι
1623 4342 1717 4392 καὶ
1753 4342 1852 4413 βίῳ

291 4410 386 4461 καὶ
424 4412 662 4479 σχήματι
708 4415 776 4466 τὰ
826 4416 936 4467 τῶν
984 4420 1233 4487 μοναχῶν
1271 4422 1601 4490 ἑλομένους·
1653 4410 1763 4483 τῶν
1792 4410 1849 4486 et

288 4498 491 4564 γονέων
534 4499 606 4568 μὴ
637 4502 917 4567 ἐφιέντων,
955 4506 1148 4560 ίκείνοι
1180 4515 1326 4582 φυγῇ
1357 4513 1550 4583 κλέψαι
1584 4518 1683 4589 τὴν
1714 4522 1847 4575 ἀνα-

290 4588 531 4659 χώρησιν
557 4593 848 4658 ἐμελέτων.
900 4594 1058 4650 Ἀλλὰ
1092 4598 1251 4654 τοῦτο
1273 4603 1373 4671 μὶν
1404 4606 1540 4669 τίως
1570 4610 1601 4679 ή
1636 4588 1844 4666 ἄνωθεν

289 4682 465 4751 είργει
495 4683 643 4751 χείρ’
678 4686 986 4758 εὐφροσύνη
1038 4688 1094 4742 δὲ
1129 4690 1252 4745 θεία
1294 4696 1394 4761 τὴν
1439 4697 1615 4770 λύπην
1659 4704 1842 4770 αὐτοῖς

285 4773 513 4827 διαλύει.
541 4775 723 4829 Ταῦτα
739 4778 845 4847 γὰρ
871 4778 1356 4852 διασκοπουμένοις
1376 4790 1570 4853 νυκτὸς
1599 4793 1845 4862 ἐπιγενο-

290 4864 480 4933 μένης,
515 4865 709 4917 εὐωδία
734 4884 815 4930 τις
848 4869 1047 4932 αὐτοὺς
1086 4872 1327 4943 ἄρῤητος
1356 4878 1450 4929 καὶ
1475 4880 1723 4950 οὐράνιος
1749 4888 1845 4939 καὶ

286 4949 375 5009 οἷα
432 4956 617 5024 μηδενὶ
672 4956 851 5028 ληπτὴ
903 4960 1111 5015 ἀνωθεν
1140 4949 1574 5036 κατελάμϐανεν,
1609 4973 1883 5037 ἐξαίσιόνλ

285 5062 409 5099 τινα
462 5048 629 5119 πνοὴν
688 5050 886 5119 ἡδονῆς
941 5053 1325 5122 προϐάλλουσα
1378 5061 1472 5113 καὶ
1520 5061 1619 5133 τὴν
1665 5066 1844 5138 ψυχὴν

288 5138 559 5192 ἀλύουσαν
602 5142 696 5193 καὶ
729 5144 1164 5217 συστελλομένην
1208 5153 1287 5213 είς
1332 5152 1509 5221 χαρὰν
1536 5155 1698 5218 εὐθὺς
1734 5159 1848 5212 δια-

287 5228 506 5298 χέουσα.
543 5229 810 5301 Τοιαύτης
859 5234 1082 5302 χάριτος
1130 5236 1228 5300 τὰς
1276 5239 1457 5308 ψυχὰς
1515 5245 1844 5314 πλησθέντες

285 5319 479 5387 ἔμενον
500 5319 644 5373 οὓτω
663 5321 856 5389 χαλινά
880 5325 1057 5380 πάντα
1082 5326 1181 5395 τῆς
1208 5329 1354 5397 ζωῆς
1383 5331 1461 5400 τῷ
1485 5332 1602 5403 Θεῷ
1629 5337 1845 5407 ἐπιτρέ-

285 5409 488 5478 ψαντες
520 5411 710 5463 ὁποίαν
756 5412 919 5477 αὐτὸς
968 5415 1090 5483 ἄγει
1118 5418 1211 5470 καὶ
1238 5420 1387 5483 ὅπως
1416 5423 1665 5488 ἄγεσθαι.
1697 5425 1844 5483 Μετὰ

289 5502 486 5570 μικρὸν
514 5502 609 5555 οὖν
629 5504 838 5557 ἑκείνου
866 5505 1156 5572 νεύσαντος
1178 5511 1505 5578 μεθίσταται
1532 5514 1631 5583 μὲν
1652 5516 1840 5582 αὐτοῖς

281 5592 313 5643 6
334 5591 437 5659 τῆς
465 5593 716 5663 Μελάνης
743 5598 924 5668 πατήρ
957 5614 972 5629 ο
996 5598 1044 5650 οί
1069 5599 1126 5652 δὶ
1156 5602 1398 5655 ἑκποδὼν
1426 5604 1520 5656 τοῦ
1543 5605 1845 5671 κωλύοντος

288 5682 603 5749 γενομένου,
638 5684 726 5738 ὅτε
775 5685 841 5755 δὴ
876 5687 956 5757 τῷ
1007 5689 1129 5760 Θεῷ
1176 5692 1375 5759 ίδόκει,
1429 5694 1521 5746 καὶ
1574 5698 1601 5748 6
1655 5697 1845 5766 καιρὸς

291 5772 736 5858 ικάλειηεύθέως
769 5778 867 5847 μιν
891 5778 988 5847 τῆς
1021 5783 1263 5849 μεγάλης
1296 5783 1605 5849 εξίρχονται
1635 5786 1844 5853 πόλεως

1978 570 2245 644 superare
2274 585 2629 641 contendens.
2658 583 2902 642 Desierat
2933 588 3287 650 matutinum,
3321 587 3412 641 llls
3444 602 3542 642 su-

1979 672 2085 718 lem
2135 684 2243 722 nou
2296 677 2547 730 cessabat
2599 693 2627 731 a
2694 678 2975 746 precibus.
3038 678 3145 734 Sed
3192 680 3273 733 sic
3319 694 3538 751 quoque

1976 760 2212 828 seipsam
2241 763 2556 831 intendens,
2595 768 2814 824 dolores
2847 773 3116 825 sentiebat
3148 772 3450 841 graviores,
3479 780 3535 827 et

1974 850 2244 908 violenter
2274 857 2518 925 quidem,
2550 862 2691 928 parit
2714 869 2915 917 tamen.
2945 872 3123 932 Atque
3153 864 3299 930 quod
3335 875 3523 917 natum

1972 945 2191 1014 quidem
2216 948 2408 1012 fuerat,
2433 961 2550 1005 erat
2570 956 2927 1008 masculinum
2951 971 2965 1021 ;
2988 954 3151 1009 simul
3172 964 3334 1024 atque
3350 965 3533 1010 autem

1974 1044 2157 1089 natum
2184 1047 2237 1091 et
2288 1050 2481 1095 sancto
2538 1045 2809 1112 baptismo
2854 1046 2956 1099 l‘uit
3006 1058 3409 1117 regeneratum,
3461 1048 3532 1101 ab

1973 1126 2077 1180 hoc
2116 1130 2318 1185 mundo
2346 1133 2655 1199 discedens,
2680 1136 2744 1188 ad
2778 1152 2924 1201 cum,
2949 1139 3041 1208 qui
3076 1139 3188 1192 illic
3222 1149 3327 1203 est,
3353 1148 3535 1194 trans-

1976 1217 2232 1273 mittitur.
2271 1219 2419 1275 lllam
2456 1238 2582 1278 vero
2610 1228 2775 1281 etiam
2814 1236 2938 1297 post
2990 1238 3206 1297 partum
3260 1232 3533 1306 vexabant

1971 1304 2206 1374 dolores,
2234 1319 2285 1363 et
2309 1313 2540 1368 acerbus
2568 1318 2844 1372 cruciatus
2890 1330 3118 1373 mortem
3164 1323 3530 1377 aecelerabat.

1972 1395 2174 1451 Astans
2196 1415 2377 1457 autem
2412 1408 2662 1470 maritus,
2690 1424 2813 1463 cum
2844 1426 3091 1478 asperam
3122 1423 3176 1467 et
3198 1430 3416 1482 gravem
3452 1420 3533 1470 vi-

1971 1486 2151 1542 disset
2200 1496 2627 1559 perpessionem,
2693 1502 3056 1556 conturbatus
3125 1520 3293 1572 prope
3343 1508 3532 1561 emisit

1970 1578 2228 1635 animam.
2258 1583 2392 1637 Cum
2420 1602 2479 1640 se
2512 1598 2696 1642 autem
2726 1592 3038 1661 collegisset
3087 1611 3149 1648 ac
3195 1610 3526 1663 recreasset,

1970 1671 2142 1723 currit
2171 1673 2236 1725 ad
2263 1689 2437 1738 aram.
2470 1689 2521 1732 et
2549 1695 2668 1734 eam
2700 1683 2752 1736 in
2789 1684 2976 1738 orbem
3035 1689 3303 1755 ambiens,
3349 1692 3529 1762 lacry-

1971 1778 2085 1815 mas
2115 1764 2475 1831 profundebat
2516 1787 2579 1824 ex
2611 1776 2806 1837 oculis,
2839 1792 2998 1833 voces
3030 1780 3318 1835 emittebat
3364 1784 3530 1837 mise—

1970 1856 2190 1914 rabiles.
2218 1868 2271 1911 et
2302 1869 2359 1911 ut
2394 1877 2554 1929 quam
2586 1864 2919 1921 citissimum
2952 1886 2980 1923 a
3006 1873 3219 1940 superis
3243 1874 3527 1928 adveniret

1969 1946 2255 2004 invocabat
2284 1953 2573 2008 auxilium.
2605 1955 2699 2010 Illa
2745 1976 2873 2014 vero
2920 1962 3184 2017 arbitrata
3250 1968 3353 2019 hoc
3403 1984 3525 2020 esse

1970 2033 2100 2089 illud
2127 2046 2364 2106 tempus.
2399 2044 2539 2109 quod
2581 2046 2742 2099 linem
2794 2048 3036 2116 imponet
3068 2052 3188 2120 ejus
3225 2054 3522 2115 desiderio.

1967 2126 2086 2179 viro
2130 2132 2222 2196 qui
2251 2131 2428 2186 adhuc
2456 2136 2733 2191 assidebat
2768 2139 2819 2192 in
2875 2144 3100 2211 templo,
3146 2160 3241 2212 per
3272 2148 3522 2201 nuntium

1967 2219 2258 2283 signiﬁcat.
2292 2233 2342 2275 et
2376 2225 2576 2292 ipsum,
2624 2239 2754 2283 etse
2787 2232 2965 2285 adhuc
2992 2248 3114 2288 esse
3150 2236 3442 2301 victuram,
3477 2241 3521 2291 si

1966 2309 2557 2381 deturjusjurandum.
2609 2326 2663 2373 et
2712 2333 2867 2386 pacta
2924 2336 3189 2380 conventa
3247 2328 3524 2394 ineantur,

1967 2408 2223 2468 utrosque
2243 2404 2310 2457 de
2337 2415 2536 2462 caetero
2562 2409 2803 2464 victuros
2829 2426 2953 2468 esse
2984 2416 3037 2468 in
3073 2417 3433 2482 continentia,
3460 2431 3519 2473 et

1968 2505 2260 2559 nunquam
2310 2495 2563 2561 mundus,
2611 2500 2703 2553 sed
2754 2517 2914 2569 quam
2970 2506 3083 2558 vult
3145 2505 3309 2571 Deus,
3357 2510 3521 2563 vitam

1964 2596 2086 2636 esse
2114 2596 2376 2653 perpetuo
2414 2596 2659 2645 acturos.
2694 2591 2852 2645 Paret
2914 2596 2998 2648 vir
3029 2600 3217 2653 uxoris
3247 2600 3431 2655 verbis
3467 2612 3523 2657 et

1964 2674 2256 2742 voluntati,
2287 2688 2342 2733 et
2400 2683 2698 2750 respondet
2748 2686 2799 2737 id
2842 2686 2946 2740 sibi
3004 2691 3519 2760 essepersussum.

1962 2764 2114 2832 Quod
2139 2770 2359 2837 quidem
2389 2786 2513 2825 cum
2549 2774 2642 2828 illa
2681 2776 3014 2843 rescivisset,
3039 2794 3270 2848 corpore
3300 2783 3520 2851 quidem

1963 2870 2022 2912 se
2060 2858 2221 2913 habet
2262 2862 2481 2925 melius,
2509 2866 2695 2919 animo
2724 2879 2900 2923 autem
2934 2873 3189 2937 protinus
3216 2874 3402 2928 evadit
3433 2874 3525 2929 lat-

1964 2950 2094 3013 tior,
2142 2965 2238 3005 seu
2286 2954 2479 3008 morbo
2521 2956 2699 3011 locum
2762 2959 2927 3014 dante
2973 2960 3196 3027 laetitia,
3229 2980 3323 3020 seu
3356 2967 3519 3020 etiam

1963 3055 2126 3096 manu
2167 3057 2403 3113 superna
2462 3046 2584 3115 ejus
2628 3048 2924 3118 adjuvante
2958 3068 3186 3123 scopum
3244 3064 3299 3111 et
3359 3056 3521 3113 insti-

1885 3143 1932 3207 c
1967 3138 2163 3187 tutum.

2036 3222 2098 3277 ν.
2134 3222 2271 3278 Cum
2294 3239 2427 3296 ergo
2454 3236 2615 3284 nacta
2647 3238 2798 3286 esset
2829 3240 3042 3302 tempus
3071 3244 3124 3289 et
3146 3237 3515 3302 occasionem.

1961 3315 2217 3383 deposuit
2247 3317 2470 3385 quidem
2510 3321 2676 3375 alium
2711 3334 2969 3379 ornatum
3010 3330 3281 3396 corporis,
3337 3332 3517 3385 tenui-

1963 3414 2045 3460 ter
2072 3414 2126 3460 et
2160 3409 2481 3477 simpliciter
2513 3413 2699 3469 vivere
2748 3417 3118 3482 constituens,
3154 3429 3207 3474 et
3257 3421 3424 3476 totam
3459 3438 3517 3478 se

1961 3509 2285 3555 convertens
2310 3502 2376 3557 ad
2425 3504 2699 3560 internum
2745 3518 3000 3563 ornatum
3036 3513 3253 3568 animae.
3292 3514 3514 3570 interim

1961 3600 2139 3645 autem
2174 3594 2460 3660 pulchrum
2497 3613 2711 3669 quoque
2738 3602 2857 3669 ejus
2889 3619 3110 3671 germen
3162 3606 3515 3676 virginitatis,

1958 3698 2077 3750 quae
2110 3682 2221 3738 Deo
2254 3685 2430 3739 fuerat
2465 3702 2811 3756 consecrata,
2859 3694 2989 3759 tilia,
3024 3698 3268 3765 migrans
3303 3716 3365 3752 ex
3412 3702 3514 3757 bac

1958 3774 2087 3838 vita,
2122 3775 2265 3831 vadit
2292 3778 2358 3829 ad
2397 3779 2564 3832 Deum
2607 3796 2765 3835 suum
2819 3795 3144 3842 amatorem.
3201 3788 3331 3858 Ejus
3369 3807 3515 3848 mors

1959 3871 2238 3925 meliorem
2290 3880 2528 3927 mentem
2570 3875 2659 3928 dat
2713 3877 2850 3939 viro,
2918 3889 2973 3930 ut
3016 3879 3156 3933 idem
3202 3884 3347 3948 quod
3399 3884 3515 3950 ipsa

1957 3963 2173 4023 sentiat.
2213 3971 2267 4016 et
2306 3963 2492 4025 efﬂcit,
2544 3974 2601 4019 ut
2652 3968 2840 4020 eadem
2872 3969 2955 4022 via
3000 3969 3365 4037 ingrediatur.
3406 3991 3516 4043 qua

1935 4052 2181 4107 'Melana.
2215 4054 2348 4109 Cum
2374 4057 2534 4110 ambo
2561 4072 2690 4127 ergo
2713 4073 2772 4112 se
2793 4060 3205 4123 subjunxissent
3235 4065 3517 4147 jttgo-vitc

1956 4161 2020 4199 ex
2057 4145 2167 4200 Deo
2210 4147 2494 4211 ducendae,
2522 4148 2572 4202 id
2613 4160 2863 4219 prompto
2902 4164 2955 4207 et
2984 4156 3153 4209 alacri
3184 4145 3512 4212 animo-tra-

1957 4233 2175 4298 hebant,
2226 4236 2365 4289 inter
2400 4252 2459 4290 se
2520 4238 2723 4292 virtute
2768 4240 3142 4295 decertantes.
3200 4245 3376 4313 Atque
3405 4246 3515 4300 illis

1955 4325 2175 4391 quidem
2204 4340 2349 4379 cura:
2376 4334 2495 4377 erat
2532 4326 2601 4379 ab
2640 4328 2893 4382 universo
2925 4333 3127 4384 mundo
3160 4338 3385 4387 omnino
3419 4351 3510 4390 se-

1955 4417 2159 4484 parari,
2201 4423 2253 4468 et
2279 4430 2336 4469 se
2365 4415 2472 4469 Deo
2503 4417 2761 4472 dedicare
2799 4436 2811 4471 :
2843 4429 2894 4472 et
2926 4434 3050 4472 cum
3091 4425 3199 4476 vita
3226 4434 3280 4477 et
3318 4425 3510 4482 ltnbitu

1955 4508 2312 4561 monasticam
2378 4506 2674 4572 elegissent
2716 4511 3184 4577 constitutionem,
3255 4527 3505 4583 parentes

1954 4606 2137 4651 autem
2173 4611 2279 4649 non
2307 4597 2702 4665 permitterent,
2734 4599 2807 4652 illi
2858 4601 3265 4657 meditabantur
3296 4621 3356 4660 se
3380 4607 3507 4678 luga

1953 4690 2301 4753 subducere;
2340 4692 2431 4745 sed
2470 4692 2569 4743 hoc
2594 4691 2813 4757 quidem
2865 4702 2994 4746 tunc
3029 4710 3222 4750 manus
3250 4700 3509 4766 prohibet

1951 4796 2208 4849 superna,
2231 4781 2412 4834 divina
2439 4790 2620 4835 autem
2648 4782 2830 4837 laetitia
2848 4784 2927 4837 eis
2961 4801 3247 4841 mmrorem
3276 4793 3505 4847 excutit.

1949 4874 2084 4928 Dum
2140 4873 2208 4927 de
2260 4873 2345 4926 liis
2378 4874 2523 4926 enim
2575 4876 2979 4938 consultarent,
3018 4893 3282 4946 sequente
3343 4892 3507 4941 nocte

1949 4965 2133 5019 suavis
2155 4964 2379 5032 quidam
2409 4965 2545 5018 odor
2568 4971 2621 5017 et
2651 4966 2809 5033 plane
2834 4968 3100 5034 caelestis,
3122 4979 3177 5024 et
3206 4972 3297 5041 qui
3327 4989 3504 5043 neque

1938 5054 2133 5109 verbis
2168 5055 2424 5125 exprimi,
2460 5070 2634 5122 neque
2670 5066 2851 5111 mente
2904 5060 3131 5125 cogitari
3191 5074 3387 5129 potest,
3435 5070 3504 5120 ad

1947 5162 2043 5201 cos
2072 5147 2218 5200 venit
2250 5164 2277 5199 a
2339 5147 2575 5215 superis,
2620 5148 2714 5216 qui
2769 5147 3147 5205 admirabilem
3209 5158 3502 5221 quemdam

1948 5241 2243 5307 voluptatis
2278 5238 2534 5307 spiritum
2562 5238 2642 5293 eis
2673 5241 2877 5300 attulit,
2905 5248 2957 5292 et
2988 5243 3079 5310 qui
3132 5244 3355 5295 tristitia
3378 5246 3505 5298 alli-

1959 5330 2207 5385 ciebatur
2234 5338 2288 5382 et
2315 5329 2761 5393 contrahebatur,
2794 5331 3035 5383 animum
3090 5333 3341 5400 protinus
3394 5336 3505 5390 dif-

1946 5421 2087 5475 fudit
2119 5420 2182 5473 ad
2220 5419 2483 5473 laetitiam.
2518 5419 2651 5472 Cum
2689 5422 2779 5472 tali
2814 5424 2987 5489 gratia
3026 5423 3233 5488 impleti
3269 5422 3506 5481 fuissent

1948 5528 2137 5569 eorum
2196 5513 2388 5576 animi,
2451 5510 2747 5564 manebant
2808 5513 2911 5576 sic,
2963 5516 3147 5567 omnia
3212 5516 3335 5570 vita
3391 5532 3504 5572 sua

1946 5605 2099 5659 frena
2159 5604 2269 5659 Deo
2311 5604 2715 5673 permittentes,
2765 5610 2823 5655 ut
2879 5603 3216 5659 ducerentur
3282 5622 3393 5675 quo
3447 5619 3503 5665 et

1947 5695 2224 5765 quomodo
2255 5694 2434 5749 vellet.
2469 5693 2606 5747 Cum
2636 5693 2730 5746 ille
2756 5706 2887 5762 ergo
2922 5695 3083 5763 paulo
3114 5705 3240 5762 post
3269 5698 3501 5753 annuis.

1956 5797 2061 5849 set.
2095 5788 2175 5846 eis
2208 5786 2426 5852 quidem
2455 5800 2485 5843 e
2516 5784 2653 5840 vivis
2694 5783 2910 5839 excedit
2953 5783 3176 5841 Melana
3210 5792 3382 5856 pater.
3414 5787 3495 5843 Illi
