4242 6442
223 384 328 449 761

1494 393 1670 455 VITA
1718 395 1777 454 S.
1821 396 2182 459 MELANIE.

3350 398 3462 465 762

228 492 314 557 οἷς
341 496 521 567 ᾤκουν
570 481 811 571 Σευήρου
839 476 936 556 καὶ
967 497 1110 558 εῐναι
1148 500 1336 573 λέγειν
1366 505 1465 571 καὶ
1492 505 1803 575 ὀνομάζειν.
1832 510 1870 571 Α

1852 510 1885 571 ι
1911 516 1969 561 ut
1997 516 2186 562 contra
2216 506 2443 563 fratrem
2469 522 2629 563 suum
2656 507 2959 581 insurgant,
2987 516 3041 565 et
3072 510 3142 565 ab
3165 511 3472 581 eoquidem

244 586 411 642 'Am
468 595 648 657 κενοῖς
695 593 866 659 δντως
913 596 943 650 6
984 596 1558 668 μάταιοςιπεχείρει.
1604 599 1669 653 Ol
1705 601 1804 670 μιν

226 680 363 749 γὰρ,
420 683 596 736 καίτοι
643 686 872 740 τοιαῦτα
923 688 1231 757 πάσχοντες
1261 687 1355 756 ὑφ’
1392 683 1455 741 οὗ
1507 690 1708 759 ἣκιστα
1737 693 1803 744 ἄν

232 789 320 836 τις
356 775 447 826 καὶ
479 777 871 846 προσεδόκησε,
930 778 1103 833 ταῦτα
1163 781 1264 849 μὲν
1316 779 1542 842 ἀλύπως
1582 781 1801 849 ἔφερον,
1850 770 1856 775 ’

238 867 443 933 μᾶλλον
487 869 543 920 δέ
570 885 623 921 τι
652 872 745 922 καὶ
779 871 1003 940 ῐχαιρον
1029 886 1049 917 1
1070 873 1192 927 ούδδ
1229 874 1338 941 γὰρ
1372 874 1576 940 φαῦλον
1620 874 1804 933 αὐτοῖς

228 959 409 1012 ἐδόκει
438 962 825 1031 διαμιλλᾶσθαι
853 968 977 1028 ταῖς
998 969 1305 1036 συμφοραῖς
1334 967 1466 1037 πρὸς
1501 965 1649 1018 Ἰώϐ-
1677 967 1803 1035 ἠνία

228 1053 286 1105 δὶ
319 1055 479 1121 μόνον
494 1057 621 1119 τοὺς
646 1059 928 1125 γενναίους
949 1060 1010 1113 τὸ
1035 1059 1144 1112 τῶν
1169 1060 1467 1131 χρημάτων
1492 1058 1635 1112 οὕτω
1660 1075 1774 1127 παρ
1792 1088 1805 1099 -

228 1151 580 1217 αιρουμένων
642 1154 817 1224 μικρὰ
867 1156 981 1224 ῥεῖν
1010 1154 1108 1223 τῆς
1134 1155 1384 1213 εὐποιίας
1406 1153 1464 1206 τὸ
1498 1152 1678 1223 ῥεῦμα
1706 1150 1800 1204 τοῦ

232 1238 470 1294 πλούτου
517 1242 769 1316 καθάπερ
814 1246 965 1309 τινὸς
1015 1244 1268 1316 ποταμοῦ
1318 1242 1544 1314 ἑτέρωθι
1586 1260 1805 1315 μετοχεο

228 1332 532 1398 τευοέντος.

1906 598 2165 652 deﬁciant
2198 618 2211 654 :
2246 615 2355 655 non
2388 599 2567 655 solum
2590 611 2772 654 autem
2809 602 3049 671 seipsos,
3087 602 3181 655 sed
3213 616 3308 657 eos
3332 617 3477 672 quo—

1906 706 2013 759 que
2061 707 2245 758 agros,
2285 692 2337 746 in
2370 694 2573 762 quibus
2621 693 2964 759 habitabant,
2996 694 3188 748 Severi
3234 709 3358 750 esse
3382 695 3475 749 di-

1905 794 2111 847 cereut,
2144 794 2197 837 et
2221 799 2320 838 eos
2352 786 2469 852 ejus
2501 786 2874 839 nominarem.
2907 785 3012 839 Sed
3040 786 3276 841 stolidus
3312 785 3473 855 plane

1905 890 2195 943 aggressus
2228 884 2312 931 est
2352 877 2557 932 inania.
2601 876 2730 931 Nam
2785 877 2859 931 illi
2925 878 3145 945 quidem
3186 879 3286 932 etsi
3340 878 3473 931 talia

1906 974 2222 1031 paterentur
2256 968 2321 1021 ab
2348 983 2434 1031 eo,
2463 983 2490 1020 a
2516 984 2625 1036 quo
2657 970 2779 1036 quis
2816 969 3042 1023 minime
3072 977 3469 1036 exspectasset,

1912 1075 1975 1114 ea
2009 1060 2230 1127 quidem
2264 1062 2568 1115 toleranter
2596 1072 2651 1115 et
2680 1062 2866 1116 sedate
2897 1061 3167 1124 ferebant,
3201 1062 3312 1114 lmo
3340 1076 3473 1116 vero

1910 1156 2218 1222 gaudebant
2243 1160 2447 1226 potius.
2482 1157 2593 1211 Non
2614 1159 2758 1211 enim
2791 1157 3003 1210 eisleve
3032 1154 3317 1211 videbatur
3348 1168 3470 1209 cum

1907 1247 2007 1302 Job
2033 1251 2369 1306 contendere
2422 1252 2585 1307 rebus
2629 1251 2877 1306 adversis
2930 1258 2985 1304 et
3025 1249 3456 1315 calamitatibus,

1906 1356 2206 1409 generosos
2255 1353 2438 1399 autem
2489 1344 2611 1399 illos
2654 1346 2759 1399 hoc
2808 1344 2985 1399 solum
3040 1341 3179 1397 male
3218 1340 3475 1406 habebat,

230 1426 375 1491 quod
413 1444 537 1483 cum
577 1429 931 1487 aul'errentur
959 1449 1115 1506 opes.
1158 1450 1351 1506 parum
1390 1434 1584 1490 ﬂueret
1625 1432 1890 1488 ﬂuentum
1963 1437 2363 1507 beneﬁcentia,
2424 1441 2631 1497 divitiis
2698 1456 2806 1496 non
2874 1456 3037 1497 secus
3082 1451 3244 1508 atque
3293 1431 3477 1509 aliquo

230 1515 438 1572 ﬂuentu
457 1522 567 1573 alio
590 1523 877 1580 derivatis.

306 1611 389 1665 H'.
420 1614 553 1667 Ούδδ
573 1615 939 1687 εὐσεϐεστάτη
964 1620 1254 1687 βασίλισσα
1283 1620 1481 1689 Βερίνα
1504 1620 1613 1673 τῶν
1638 1618 1809 1672 τοιού-

227 1717 343 1777 των
369 1706 596 1773 ἀνήκοος
620 1710 887 1777 ἐγεγόνει,
913 1712 1047 1765 ἀλλὰ
1062 1712 1268 1782 ταύτην
1298 1713 1396 1781 μιν
1420 1712 1511 1765 καὶ
1545 1713 1651 1782 πρὸ
1681 1713 1809 1765 πολ-

1987 1621 2129 1677 Vlll.
2161 1621 2280 1677 Non
2316 1623 2431 1677 haec
2469 1632 2651 1676 autem
2689 1622 2764 1676 ita
2797 1623 3151 1694 gerebantur,
3185 1629 3244 1675 ut
3286 1620 3341 1676 in
3367 1621 3481 1689 prl-

1916 1715 2022 1771 tuis
2057 1717 2141 1785 pia
2177 1715 2496 1784 imperati-ix
2523 1714 2723 1769 Verina
2761 1730 2867 1770 non
2919 1714 3035 1768 haec
3071 1713 3343 1780 acceperit
3380 1729 3478 1766 au-

226 1789 333 1851 λοῦ
371 1804 618 1870 κατεῖχεν
648 1804 681 1869 ἡ
730 1806 889 1872 φήμη
936 1806 1035 1872 τῆς
1072 1806 1280 1859 τούτων
1332 1806 1676 1875 φιλοσοφίας,
1717 1808 1809 1859 καὶ
1842 1830 1870 1887 ι]

1852 1830 1883 1887 η
1915 1808 2123 1863 ditions
2166 1827 2177 1862 :
2212 1808 2304 1862 sed
2334 1808 2399 1861 ad
2432 1823 2553 1862 eam
2590 1808 2813 1876 quidem
2862 1807 2954 1861 diu
2993 1818 3117 1861 ante
3152 1815 3480 1875 pervenerat

235 1890 436 1944 πολλοῦ
468 1888 535 1961 ἦν
564 1895 701 1964 αὐτῇ
735 1896 907 1959 ἄξιον,
946 1898 1074 1951 ίδεῖν
1109 1914 1167 1951 τε
1210 1898 1454 1963 ἑκείνους
1486 1899 1579 1952 καὶ
1622 1897 1807 1965 λεγόν-

233 1997 346 2034 των
370 1984 626 2043 ἀκοῦσαι.
652 1988 746 2038 καὶ
773 1989 997 2048 πολλαῖς
1019 1989 1397 2058 παρακλήσεσι
1426 1990 1809 2059 μετεπέμπετο

232 2074 339 2139 τὴν
366 2076 644 2143 animum
682 2076 817 2129 Τότε
852 2080 905 2132 δὲ
939 2086 1027 2133 καὶ
1051 2080 1145 2133 τοῦ
1183 2083 1379 2151 καιροῦ
1414 2082 1513 2150 τὴν
1554 2080 1811 2149 ἀφορμὴν

234 2166 417 2229 δύντος
448 2171 649 2236 σπουδῇ
704 2174 910 2226 ἐκάλει.
952 2176 1016 2227 'l!
1053 2175 1108 2227 δὲ
1144 2176 1254 2245 ᾔει.
1304 2176 1439 2227 Ἀλλ’
1471 2177 1568 2228 ὅσα
1619 2177 1714 2228 καὶ
1745 2176 1811 2227 τὰ

239 2257 349 2324 πρὸ
382 2258 477 2324 τῆς
503 2260 742 2325 ὁμιλίας,
776 2264 931 2326 ὀλίγα
959 2264 1162 2316 τούτων
1195 2265 1425 2318 ἀκοῦσαι
1451 2265 1677 2334 βέλτιον.
1706 2261 1812 2318 Ἦν

238 2347 349 2411 ἀρα
401 2354 793 2417 νενομισμένον
835 2353 1131 2419 Ῥωμαίοις
1192 2356 1266 2423 μὴ
1321 2355 1488 2425 ἄνδρα
1542 2368 1684 2417 τινα,
1740 2357 1812 2425 μὴ

241 2442 474 2504 γυναῖκα
510 2441 660 2507 παρὰ
714 2441 938 2510 βασιλέα
970 2446 999 2509 ἢ
1038 2446 1284 2514 βασιλίδα
1314 2448 1506 2517 φοιτᾷν
1538 2447 1815 2516 κεκαλυμ-

245 2527 384 2597 μένῃ
417 2532 478 2597 τῇ
508 2531 739 2599 κεφαλῇ.
768 2531 913 2600 Αὕτη
939 2535 1034 2585 τοῦ
1061 2538 1227 2602 νόμου
1264 2537 1428 2603 μηδὲν
1454 2538 1811 2605 φροντίσασα,

242 2622 775 2692 κατακεκαλυμμέιῃ
826 2625 1049 2693 παρῄει,
1093 2627 1153 2678 οὐ
1184 2630 1462 2696 τυράννων
1502 2629 1643 2691 ἑοος,
1679 2629 1813 2681 ἀλλὰ

240 2712 334 2763 τὸν
416 2713 630 2767 Πλύλου
708 2718 870 2784 νέμον
929 2717 1039 2770 δεῖν
1108 2721 1518 2788 συντηρεῖν,ὃς
1580 2722 1679 2774 οὐκ
1755 2722 1817 2789 ἑᾷ

243 2807 504 2870 γυναῖκα·
565 2812 745 2876 γυμνῇ
791 2809 924 2861 ἱέναι
970 2813 1033 2881 τῇ
1094 2814 1323 2882 κεφαλῇ.
1351 2814 1423 2864 Οὐ
1454 2814 1696 2881 primast
1721 2816 1819 2884 τὴν

246 2898 439 2963 στολὴν
464 2899 693 2969 ἠθέλησε
721 2902 1027 2969 διαμεῖψαι,
1056 2905 1176 2956 ολῦδὲ
1217 2906 1283 2956 1i
1320 2906 1459 2974 ῥάκη
1499 2908 1817 2974 μεταμφιά-

246 2991 467 3057 σασθαι,
492 2995 668 3046 καίτοι
688 2994 900 3047 πολλῶν
915 2997 1328 3065 παραινούντων
1359 3000 1435 3067 μὴ
1470 2998 1611 3051 οὕτω
1625 3002 1816 3054 ποιεῖν.

1910 1900 2053 1954 fama
2085 1917 2271 1955 eorum
2303 1901 2684 1970 philosophiae.
2739 1898 3082 1967 ducebatque
3128 1914 3313 1966 operte
3347 1914 3478 1967 pre-

1912 1991 2045 2043 tium
2089 1991 2213 2043 illos
2248 1999 2303 2044 ct
2329 1991 2512 2045 videre
2556 1999 2607 2042 et
2637 1990 2831 2043 audire
2871 1989 3142 2051 dicentes,
3183 1997 3238 2043 et
3286 1990 3477 2043 multis

1918 2082 2173 2150 precibus
2207 2082 2525 2135 accersebat
2570 2082 2863 2137 Melanam.
2911 2081 3070 2135 Tunc
3116 2090 3299 2135 autem
3346 2092 3483 2135 tem-

1917 2190 2048 2238 pore
2079 2191 2298 2241 quoque
2329 2178 2493 2227 dante
2524 2175 2896 2238 occasionem,
2938 2175 3085 2227 illam
3132 2188 3331 2239 magno
3361 2182 3482 2227 stu-

1913 2267 2005 2321 dio
2058 2267 2308 2330 vocavit;
2354 2268 2442 2318 illa
2484 2281 2614 2318 vero
2675 2267 2793 2319 ivit.
2830 2264 2933 2319 Sed
2988 2280 3109 2334 qua:
3158 2264 3490 2317 exstiterunt

1915 2365 2042 2410 ante
2073 2372 2262 2409 eorum
2308 2358 2787 2423 congressionem,
2840 2357 3015 2409 satius
3060 2362 3142 2408 est
3202 2368 3373 2417 pauca
3414 2368 3482 2407 ex

1918 2449 1985 2503 iis
2007 2448 2221 2501 audire.
2259 2447 2388 2500 Erat
2418 2447 2637 2515 quidem
2676 2449 2789 2501 haec
2817 2448 2899 2500 lex
2926 2447 3067 2515 apud
3100 2446 3397 2508 Romanos.
3424 2450 3485 2499 ιιι

1916 2543 2103 2597 nullus
2136 2542 2217 2595 vir
2248 2556 2347 2595 nec
2392 2542 2588 2594 mulier
2614 2541 3002 2605 imperatorem
3042 2549 3137 2592 aut
3164 2538 3483 2605 imper-stri-

1918 2648 2032 2686 cem
2064 2644 2255 2700 operto
2282 2632 2461 2699 capite
2499 2631 2808 2686 accederet.
2836 2632 2909 2685 Ea
2941 2646 3073 2684 vero
3118 2631 3294 2696 legem
3337 2628 3479 2683 nihil

1919 2739 2142 2786 curans,
2181 2723 2357 2774 velata
2393 2722 2662 2782 accessit,
2703 2735 2811 2774 non
2865 2730 3227 2790 tyrannorum
3271 2734 3476 2783 mores.

1919 2816 2011 2868 sed
2038 2813 2189 2867 Pauli
2234 2814 2403 2879 legem
2436 2813 2672 2866 maxime
2702 2812 2891 2865 dicens
2948 2821 3201 2881 oportere
3263 2826 3492 2865 conser-

1921 2907 2034 2960 vari
2068 2948 2080 2969 ,
2101 2907 2193 2973 qui
2223 2921 2330 2959 non
2356 2906 2487 2957 sinit
2514 2905 2773 2957 mulieres
2799 2904 2947 2955 nudo
2968 2905 3147 2971 capite
3171 2902 3462 2958 incedere'

1922 2998 2027 3051 Sed
2090 3011 2264 3062 neque
2332 3007 2536 3048 vestem
2576 2995 2747 3047 voluit
2773 3004 3006 3057 mutare,
3049 3008 3228 3062 neque
3270 3007 3491 3063 pannos

1922 3107 2142 3151 exuere,
2176 3091 2277 3143 etsi
2322 3089 2475 3141 inulti
2508 3087 2810 3141 suaderent
2848 3096 2907 3139 ut
2935 3086 3167 3140 laceret.

319 3170 397 3226 8'.
450 3172 515 3223 Ἦ
546 3172 601 3224 δὲ
650 3172 787 3241 πρὸς
829 3174 1045 3238 αὐτοὺς,
1089 3176 1487 3246 Ἐνεδυσάμην,
1540 3180 1707 3246 φησὶ,
1745 3164 1870 3232 τὰ(

1852 3164 1886 3223 ε
1992 3183 2084 3235 lx.
2131 3182 2222 3234 Illa
2257 3195 2385 3233 vero
2432 3181 2513 3233 eis
2551 3179 2768 3232 dicebat
2804 3176 2977 3231 :Meis
3003 3191 3089 3231 me
3125 3174 3366 3229 vestibus
3401 3174 3488 3229 ln-

250 3266 441 3336 ἱμάτιά
475 3283 597 3335 μου,
628 3267 744 3326 πῶς
775 3266 1071 3335 ὲκδύσομαι
1116 3271 1289 3335 αὑτάς
1328 3269 1491 3323 Ὅθεν
1535 3274 1632 3324 καὶ
1675 3290 1819 3343 παρ-

252 3358 411 3413 ιοῦσα
462 3364 544 3420 είς
593 3360 663 3411 τὰ
698 3361 962 3428 βασίλεια,
996 3361 1117 3414 οὐδὲ
1146 3363 1419 3431 ἀπέϐλεψε
1454 3365 1588 3432 πρός
1630 3384 1681 3418 τι
1709 3366 1817 3417 τῶν

250 3454 431 3514 ἄλλοις
457 3450 910 3523 θαυμαζομένων,
940 3453 1059 3504 οὐδὲ
1093 3453 1393 3520 ὀφθαλμῶν
1426 3455 1549 3519 ἄξια
1574 3456 1817 3527 ,κρίνασα

250 3546 318 3598 τὰ
348 3544 587 3598 τοιαῦτα.
623 3543 888 3613 ῐῐροῖούση
923 3560 981 3595 τε
1027 3544 1243 3614 σύναμα
1288 3544 1362 3614 τῷ
1402 3546 1705 3615 Ἀπενιανῷ
1728 3547 1811 3599 εὐ-

252 3638 349 3695 θὺς
380 3640 411 3701 ἠ
450 3635 738 3703 βασίλισσα
783 3636 1058 3703 ὑπανέστη
1117 3652 1173 3687 τε
1242 3637 1338 3690 καὶ
1383 3639 1671 3704 προσεῖπε,
1722 3639 1816 3689 καὶ

252 3727 522 3793 καθέδρας
557 3725 791 3788 ἠξίωσεν
833 3726 1138 3794 ὲγγυτάτης
1161 3741 1174 3756 ο
1211 3726 1473 3795 ὲξέπληξε
1505 3729 1614 3795 γὰρ
1648 3728 1817 3798 αὐτὴν

249 3817 285 3889 ἡ
318 3835 376 3869 τε
410 3816 570 3887 στολὴ
601 3818 696 3867 καὶ
729 3817 789 3866 τὸ
818 3815 913 3867 τοῦ
952 3818 1232 3885 σχήματος
1272 3818 1461 3880 δεινῶς
1512 3819 1778 3871 ἰδιωτιιιῆν
1800 3836 1814 3851 ο

252 3909 347 3960 καὶ
400 3907 529 3968 τοὺς
578 3905 670 3972 ὑφ’
714 3906 880 3973 ἑαυτῇ
937 3907 1284 3973 συγκαλοῦσα
1342 3910 1519 3960 κοινὸν
1577 3912 1819 3963 ἐποιεῖτο

252 3997 436 4066 θαῦμα
495 3997 773 4064 Μελάνην,
829 3998 893 4049 '0
943 3992 1093 4061 οἷον,
1146 3999 1401 4067 φήσασα,
1446 4002 1677 4071 πρᾶγμα
1724 4002 1818 4054 νῦν

254 4095 461 4161 βλέπωί
509 4093 683 4147 Πάλαι
708 4092 817 4161 γάρ
853 4109 935 4153 σε,
970 4090 1088 4144 θεία
1124 4091 1419 4159 γυναικῶν,
1456 4092 1653 4161 ἢκουον
1676 4109 1688 4122 ο
1722 4094 1819 4145 νῦν

254 4188 311 4239 δὲ
356 4186 488 4255 ὁρῶ.
532 4186 637 4238 Καὶ
686 4184 803 4251 ἃμα
848 4182 944 4240 τοῦ
994 4182 1201 4253 χρυσοῦ
1235 4182 1425 4251 θρόνου
1479 4182 1818 4246 ἐξαναστᾶσα

254 4277 550 4348 περιέϐαλέ
603 4294 660 4329 τε
714 4278 807 4330 καὶ
862 4276 1268 4344 κατησπάζετο,
1317 4276 1410 4327 καὶ
1454 4277 1527 4338 ὡς
1560 4277 1819 4339 πολλάκις

255 4369 736 4439 ἔλεγε-Μακαρία
788 4364 840 4420 εἴ
886 4369 950 4422 σὺ
972 4367 1076 4423 ,τοῦ
1130 4370 1190 4420 εν
1242 4368 1430 4438 Κυρίῳ
1468 4369 1817 4439 μακαρισμοῦ

254 4464 479 4525 δικαίως
505 4459 861 4530 ἑπιτυχοῦσα.

330 4640 385 4693 l'.
432 4639 585 4693 Ἐπεὶ
611 4638 668 4691 δὶ
699 4639 793 4690 και
824 4638 1059 4706 Σευῆρον
1084 4637 1241 4696 δίκας
1268 4638 1571 4705 ἀπαιτῆσαι
1603 4638 1709 4691 τῶν
1741 4639 1821 4701 είς

256 4731 455 4792 αὖτοὺς
488 4729 647 4796 άδικη
658 4729 841 4798 μάτων
871 4728 1159 4796 ὑπέσχετο,
1178 4728 1319 4781 Ἀλλ’
1345 4731 1476 4798 ἡμῖν
1499 4746 1584 4797 γε,
1611 4724 1762 4782 εἶπεν
1786 4731 1820 4799 ἡ

256 4826 520 4893 Μελάνη,
575 4825 828 4889 κρεῖττον
873 4819 1177 4873 ἀδικεῖσθαι
1235 4821 1436 4889 μᾶλλον
1466 4822 1520 4889 ιῆ
1578 4822 1821 4875 ἀδικεῖν·

258 4919 382 4971 ἐπεὶ
412 4916 508 4967 καὶ
546 4911 937 4981 ραπιζομένοις
974 4913 1033 4963 οὐ
1085 4912 1244 4978 μόνον
1293 4912 1503 4980 φέρειν,
1552 4912 1688 4964 ἀλλὰ
1732 4912 1825 4964 καὶ

258 5008 357 5076 τὴν
391 5002 584 5070 έτέραν
617 5002 872 5070 στρέφειν
917 5000 1061 5062 θεῖος
1094 5000 1256 5069 νόμος
1288 5003 1426 5054 ἐστί.
1473 5002 1560 5054 Σοὶ
1597 5001 1652 5053 δὲ
1685 5002 1822 5055 ἄλλα
1872 5006 1885 5036 ’-

260 5096 433 5150 πολλὰ
461 5096 529 5146 τὰ
551 5091 733 5158 ἀγαθά
760 5092 912 5160 παρὰ
939 5090 1074 5145 Θεοῦ
1111 5091 1301 5159 ἕψεται
1322 5095 1420 5162 τῆς
1459 5094 1627 5162 καλῆς
1658 5094 1822 5148 ἕνεκα

260 5190 466 5257 ταύτης
514 5183 843 5253 προθέσεως.
914 5184 1078 5252 Ἡμῖν
1123 5184 1179 5236 δὲ
1232 5185 1455 5254 ἀρκέσει
1514 5186 1575 5238 τὸ
1633 5188 1818 5255 στῆναι

264 5282 431 5353 μέχρι
464 5278 655 5330 τούτου
686 5275 788 5345 τὴν
810 5274 1039 5345 βλάϐην,
1073 5276 1169 5329 καὶ
1206 5278 1372 5345 μηδὲν
1410 5277 1567 5329 πλέον
1607 5279 1696 5329 τὸν
1726 5278 1817 5331 ἄν·

257 5375 363 5442 δρα
394 5368 715 5437 προθεῖναι’
747 5369 821 5431 ὡς
853 5370 1008 5439 ήμῶν
1033 5386 1094 5437 γε
1134 5369 1317 5421 ἕνεκεν
1377 5369 1498 5421 οὐδὲ
1528 5369 1716 5421 τούτου
1757 5369 1823 5423 ἂν

266 5460 564 5529 ποιούμεθα
594 5458 774 5525 λόγον,
799 5459 914 5511 ἀλλ’
938 5460 1021 5512 ὅτι
1047 5458 1115 5512 τὰ
1141 5458 1311 5522 ξένοις
1340 5459 1440 5529 ἤδη
1471 5459 1819 5526 κληρωθέντα

259 5553 361 5609 καὶ
387 5551 622 5604 ινδεέσιν
652 5551 966 5620 ἀποστερεῖ.
988 5549 1090 5604 Διὰ
1114 5548 1287 5603 ταῦτα
1312 5549 1443 5618 γοῦν
1471 5549 1693 5610 τούτους
1723 5556 1821 5603 καὶ

261 5644 427 5701 πλέον
454 5642 485 5709 ἡ
520 5640 733 5709 βασιλὶς
760 5641 1093 5712 θαυμάσασα
1123 5639 1329 5695 καὶτοῦ
1356 5640 1594 5710 Σευήρου
1625 5640 1690 5694 δι’
1725 5642 1822 5695 αὑ-

339 5826 359 5856 ⁸
393 5822 411 5877 l
446 5821 570 5894 Cor.
607 5822 769 5890 tt,l5.

1917 3273 2032 3334 dui,
2059 3272 2335 3340 quomodo
2358 3286 2451 3325 eas
2477 3270 2721 3323 exuam?
2761 3268 2913 3323 Unde
2940 3269 3104 3321 etiam
3138 3281 3260 3321 cum
3303 3266 3485 3335 ingre-

1918 3368 2141 3422 deretur
2169 3367 2223 3418 iu
2276 3365 2503 3433 regiam.
2549 3378 2615 3415 ne
2639 3363 2854 3430 aspexit
2888 3361 3107 3429 quidem
3164 3360 3230 3413 ad
3275 3359 3483 3427 aliquid

1917 3475 1979 3513 ex
2015 3459 2079 3511 iis
2108 3472 2228 3525 quae
2254 3456 2397 3525 apud
2448 3455 2585 3508 alios
2621 3453 2966 3506 habebantur
3004 3452 3059 3506 in
3091 3445 3481 3513 admiratione,

1919 3567 1985 3605 ne
2017 3551 2209 3603 obtutu
2248 3547 2467 3617 quidem
2523 3560 2584 3599 ea
2633 3546 2795 3613 digna
2833 3543 3109 3613 judicans.
3156 3540 3485 3595 Procedenti

1919 3652 2099 3695 autem
2132 3640 2182 3693 ei
2229 3639 2392 3695 simul
2451 3653 2573 3691 cum
2628 3637 2914 3705 Apeniano
2948 3637 3136 3689 statim
3177 3632 3487 3687 assurrexit

1918 3734 2264 3799 imperatrix,
2297 3739 2352 3785 et
2380 3732 2617 3783 allocuta
2653 3736 2759 3791 est,
2802 3735 2855 3781 et
2893 3734 2949 3780 ut
2995 3725 3241 3791 proxime
3281 3723 3488 3777 asside-

1918 3838 2024 3893 ret,
2050 3836 2134 3881 est
2174 3828 2416 3896 dignata.
2455 3824 2583 3876 Eam
2618 3824 2761 3876 enim
2800 3818 3181 3888 obstupefecit
3224 3817 3483 3882 vestitus,

1918 3925 1973 3973 et
2004 3916 2294 3970 admodum
2329 3913 2479 3965 rudis
2514 3921 2566 3966 et
2594 3912 2827 3979 simplex
2862 3910 3101 3965 habitus.
3134 3917 3189 3960 et
3218 3920 3318 3959 eos
3347 3919 3487 3959 con-

1918 4019 2142 4068 vocans,
2175 4003 2264 4071 qui
2294 4011 2451 4055 erant
2488 4002 2539 4054 in
2566 4015 2665 4054 sua
2699 4007 2988 4067 potestate,
3030 3996 3300 4050 Melanam
3326 4008 3479 4049 com-

1919 4093 2155 4149 inuniter
2184 4091 2558 4146 admirabatur
2585 4109 2597 4141 ι
2621 4091 2665 4141 t)
2689 4089 2927 4159 qualem,
2955 4089 3171 4152 dicens,
3197 4100 3341 4141 nunc
3368 4100 3484 4140 rem

1919 4186 2173 4242 intueor?
2214 4185 2289 4238 To
2324 4184 2429 4252 jam
2488 4183 2695 4249 pridem
2731 4181 2953 4249 quidem
3024 4180 3265 4233 divinam
3297 4175 3484 4231 audivi

1918 4294 2037 4332 esse
2068 4276 2372 4337 mulierem,
2401 4289 2547 4328 nunc
2581 4282 2762 4325 autem
2789 4270 2953 4325 etiam
2982 4270 3141 4324 video
3182 4287 3195 4322 :
3233 4278 3287 4323 et
3317 4268 3486 4323 simul

1919 4361 2209 4438 surgens’e
2241 4368 2442 4420 throno
2473 4379 2663 4427 aureo,
2698 4376 2814 4416 eam
2856 4360 3108 4428 suspexit
3144 4366 3198 4412 et
3233 4362 3483 4427 amplexa

1852 4491 1893 4545 Β
1924 4468 2024 4522 est,
2050 4467 2103 4511 et
2136 4472 2277 4524 saepe
2301 4456 2439 4509 dixit
2484 4471 2497 4507 :
2538 4452 2701 4506 Beata
2748 4465 2807 4505 es
2853 4461 2933 4513 tu,
2969 4463 3093 4519 qua
3122 4448 3248 4517 jure
3297 4460 3487 4502 conse-

1924 4560 2048 4605 cuta
2086 4564 2145 4603 es
2184 4550 2237 4601 in
2273 4545 2503 4599 Domino
2531 4542 2952 4597 beatitudinem.

1991 4638 2061 4693 Χ.
2102 4637 2394 4706 Postquam
2458 4642 2637 4689 autem
2682 4633 2919 4701 pollicita
2944 4640 3028 4685 est
3084 4647 3146 4687 se
3173 4630 3241 4685 de
3279 4631 3485 4686 Severo

1916 4733 2041 4801 jure
2075 4744 2267 4799 pmnas
2291 4742 2412 4783 esse
2450 4737 2792 4796 sumpturam
2823 4724 3330 4801 propterinjurias.
3363 4723 3488 4792 qui-

1928 4824 2030 4876 bus
2070 4835 2167 4875 eos
2200 4818 2459 4872 aﬂecerat
2504 4833 2517 4869 :
2564 4815 2630 4870 At
2660 4814 2841 4876 nobis.
2894 4815 3074 4883 inquit
3108 4813 3342 4879 Melana,
3377 4830 3489 4869 me-

1927 4915 2031 4966 lius
2058 4918 2139 4965 est
2170 4910 2425 4977 iniuriam
2456 4909 2587 4977 pati,
2620 4921 2785 4978 quam
2829 4907 3011 4961 facere
3044 4906 3326 4976 injuriam.
3374 4906 3487 4962 Eos

1927 5001 2095 5063 enim,
2125 5001 2326 5069 quibus
2351 5000 2728 5067 impinguntur
2755 4996 2945 5064 alapae,
2978 5010 3085 5049 non
3122 4996 3299 5050 solum
3344 4995 3485 5065 pati,

1928 5090 2023 5145 sed
2064 5092 2229 5145 etiam
2263 5089 2426 5141 aliam
2466 5090 2756 5142 obvertere
2792 5087 3095 5152 maxillam,
3150 5089 3232 5141 lex
3274 5100 3359 5142 est
3404 5088 3489 5142 di-

1924 5183 2072 5235 vina.
2124 5180 2305 5247 Atque
2354 5188 2409 5232 tu
2454 5177 2672 5247 quidem
2711 5177 2883 5230 multa
2919 5178 3059 5231 bona
3092 5191 3120 5229 s
3154 5176 3262 5231 Deo
3287 5190 3488 5232 conse-

1922 5274 2108 5343 queris
2141 5279 2367 5342 propter
2402 5272 2505 5326 hoc
2536 5272 2741 5325 bonum
2776 5278 2927 5325 tuum
2962 5270 3347 5338 propositum;
3382 5285 3485 5324 no-

1926 5368 2008 5422 bis
2033 5382 2162 5421 vero
2197 5366 2448 5425 suﬂiciet.
2478 5366 2522 5419 si
2551 5366 2811 5419 damnum
2836 5365 3124 5433 hucusque
3155 5364 3405 5426 sistatur.
3434 5374 3488 5418 et

1924 5472 2032 5510 non
2085 5456 2234 5525 plura
2290 5454 2535 5522 adjiciat.
2590 5453 2725 5507 Nam
2794 5465 2977 5508 nostra
3032 5453 3258 5521 quidem
3316 5466 3484 5507 causa

1936 5548 2101 5617 hujus
2125 5546 2327 5601 nullam
2355 5546 2691 5602 duceremus
2741 5546 3031 5610 rationem,
3080 5542 3185 5598 nisi
3227 5544 3373 5614 quod
3420 5557 3485 5598 es

1924 5638 2053 5711 qua!
2074 5644 2202 5695 sunt
2232 5636 2544 5693 hosnitibus
2579 5645 2633 5693 et
2681 5637 2969 5708 egentibus
3003 5635 3266 5693 attributa
3305 5642 3364 5689 et
3388 5632 3486 5696 de-
