4242 6442
758 354 867 420 763

1977 360 2262 424 MENSIS
2307 362 2740 430 DECEMBEB.

3882 372 4002 442 76$

755 471 982 536 stinata,
1027 470 1209 540 eripit.
1253 469 1488 544 Propter
1536 474 1651 530 bac
1685 489 1817 546 ergo
1864 473 2186 546 lmperatrix
2221 489 2318 531 eos
2344 475 2430 534 Αιι

2344 475 2396 534 Δ
2417 478 2547 542 τοὺς
2577 481 2802 545 τούτους
2835 482 3115 550 ἐφείσατο.
3146 484 3337 551 Δύτοίς
3391 488 3468 553 δι,
3528 487 3780 556 καθάπερ
3832 487 3995 542 ιδού-

757 564 931 634 ωεείε
967 561 1259 628 admirata,
1314 574 1540 635 propter
1589 566 1688 623 bos
1729 568 1876 636 ipsos
1921 568 2167 639 pepercit
2224 568 2322 625 Se-

757 673 889 712 vero
927 676 942 714 :
980 657 1117 728 ipsis
1141 666 1347 723 autem,
1382 660 1611 715 utsicut
1649 662 1907 717 volebant
1949 677 2142 718 omnes
2182 662 2322 717 citra

756 750 1207 818 impedimentum
1249 753 1552 808 venderent
1604 755 1912 818 facultates,
1962 771 2060 825 per
2098 755 2320 811 fratrem

757 841 964 910 praebet
985 850 1040 895 et
1078 843 1489 909 imperatorem,
1524 845 1619 912 qui
1664 845 1911 900 Romana
1944 854 2158 915 sceptra
2187 853 2322 901 tunc

759 933 1197 990 administrabat.
1245 933 1309 988 lli
1369 945 1549 989 autem
1579 950 1734 991 erant
1778 939 1980 992 domini
2026 939 2320 992 multorum

759 1025 814 1077 in
838 1026 1020 1077 multis
1043 1028 1179 1081 locis
1203 1030 1554 1095 pradiorum,
1576 1046 1685 1084 non
1716 1032 1890 1084 solum
1920 1046 2089 1100 prope
2111 1032 2320 1097 urbem,

759 1119 850 1171 sed
911 1121 1074 1172 etiam
1150 1123 1445 1174 multorum
1479 1125 1726 1183 ,aliorum
1780 1124 1834 1175 in
1889 1122 2066 1184 Italia.
2123 1131 2322 1178 etnon

762 1227 1059 1274 paucorum
1089 1228 1310 1279 quinque
1345 1215 1398 1267 in
1441 1214 1651 1269 Sicilia.
1695 1215 2061 1282 plurimorum
2094 1230 2228 1269 vero
2267 1217 2321 1268 in

762 1299 1024 1366 Hispania
1056 1313 1109 1354 ct
1142 1303 1417 1355 Britannia
1455 1320 1613 1369 :qum
1633 1307 1793 1357 etiam
1825 1318 2045 1373 propter
2077 1306 2321 1359 studium

763 1392 1135 1458 imperatoris,
1173 1403 1416 1462 prompte
1444 1396 1697 1448 emebant
1725 1412 1937 1459 o'nnes,
1973 1399 2156 1450 statim
2199 1399 2323 1452 sine

765 1484 1174 1536 intermissione.
1205 1487 1436 1551 pretium
1470 1487 1835 1541 exsolventes.
1871 1488 1930 1540 lli
1960 1491 2140 1557 itaque
2163 1506 2322 1559 egre-

762 1577 832 1639 gii
869 1578 1150 1645 magniﬁce
1189 1579 1354 1631 etiam
1394 1580 1808 1633 admirabantur
1849 1582 2230 1650 imperatores,
2269 1594 2324 1638 et

765 1668 974 1720 Melana
1014 1671 1185 1721 voluit
1211 1686 1452 1723 sororem
1483 1673 1830 1741 imperatoris
1859 1677 2186 1744 quibusdam
2223 1678 2322 1729 bo-

764 1761 934 1813 nestis
973 1761 1176 1815 donare
1226 1765 1565 1827 muneribus,
1599 1767 1690 1818 sed
1735 1767 1824 1818 illa
1875 1783 2065 1820 eorum
2118 1770 2321 1838 aliquid

764 1852 1010 1919 accipere
1039 1852 1252 1906 dicebat
1295 1869 1418 1909 esse
1463 1857 1638 1910 instar
1674 1860 1964 1929 sacrilegii.
2002 1860 2138 1914 Sunt
2181 1863 2320 1915 eni-u

765 1960 953 1998 revera
985 1962 1140 2000 sacra
1165 1957 1217 2001 et
1245 1948 1463 2004 Christo
1486 1951 1756 2005 dedicata.
1792 1952 1926 2006 Cum
1957 1955 2033 2008 sic
2066 1954 2320 2021 dixisset,

766 2037 828 2089 Β.
861 2038 1128 2092 Melanam
1183 2055 1210 2091 a
1250 2056 1308 2094 se
1342 2056 1464 2094 cum
1526 2057 1725 2110 magno
1779 2045 1987 2099 dimisit
2037 2049 2320 2112 comitatu,

767 2130 955 2183 multis
989 2132 1299 2199 insignibus
1360 2133 1641 2188 Eunucbis
1698 2151 1820 2191 cum
1873 2138 2175 2205 prmpositis
2205 2155 2323 2194 eam

767 2225 1225 2291 prmcedentibus.
1286 2225 1490 2294 Sicque
1543 2227 1795 2282 exierunt
1851 2229 2057 2283 Melana
2117 2239 2170 2284 et
2209 2231 2327 2298 ejus

767 2317 1004 2369 maritus
1042 2335 1070 2370 e
1094 2318 1263 2386 regia,
1297 2319 1351 2370 in
1384 2320 1746 2376 admiratioae
1779 2321 1972 2386 habiti,
2004 2331 2058 2376 ct
2101 2324 2324 2377 honori-

767 2408 868 2461 ﬁce
893 2408 1138 2462 deducti.

838 2497 934 2553 XI.
973 2501 1106 2552 Cum
1157 2499 1210 2552 bi
1259 2509 1438 2554 autem
1484 2502 1732 2570 praeclari
1763 2503 2060 2571 coepissent
2109 2521 2229 2569 sua,
2271 2516 2329 2562 ut

772 2591 1039 2652 volebant,
1094 2591 1425 2658 dispensare.
1455 2606 1562 2642 non
1611 2591 1776 2660 longo
1833 2595 2028 2646 abhinc
2088 2602 2329 2662 tempore

771 2698 994 2752 magnas
1047 2683 1164 2736 illas
1209 2699 1336 2737 suas
1368 2685 1628 2751 pecunias
1660 2684 1713 2738 in
1756 2699 2024 2755 pauperes
2065 2687 2331 2742 exhause-

772 2789 920 2828 runt.
947 2774 1132 2840 Neque
1163 2777 1307 2828 enim
1337 2775 1479 2829 ullus
1511 2775 1675 2838 alius,
1723 2789 1950 2844 excepto
1981 2777 2325 2846 imperatore.

773 2864 840 2918 de
867 2863 1074 2917 divitiis
1114 2880 1235 2917 cum
1279 2867 1358 2919 eis
1390 2866 1762 2920 contendisset
1796 2887 1808 2919 :
1859 2874 1968 2919 tam
2007 2883 2198 2936 magna
2249 2869 2333 2922 vis

774 2959 1017 3026 pecuniae
1041 2966 1094 3009 et
1135 2974 1298 3026 prope
1325 2960 1680 3022 incredibilis,
1714 2974 1774 3013 ex
1804 2961 1951 3027 agris
1983 2975 2168 3014 eorum
2200 2977 2333 3028 quo-

775 3055 957 3106 tannis
1004 3053 1236 3116 redibat,
1288 3052 1427 3114 auri,
1489 3061 1548 3104 ut
1579 3053 1751 3114 aiunt,
1797 3052 2086 3106 duodecim
2144 3053 2331 3109 millia.

2424 569 2602 639 λοντο,
2631 571 2693 627 τδ
2721 574 2902 628 πᾶσαν
2931 576 3120 640 αὐτοῖς
3151 577 3454 644 ἀκωλύτως
3494 580 3745 652 πωλῆσαι
3774 580 3879 651 τὴν
3904 581 4001 632 0-5-

2427 665 2552 718 σίαν
2581 665 2671 719 διὰ
2695 665 2791 718 τοῦ
2833 667 3071 734 ἀδελφοῦ
3111 671 3206 722 καὶ
3247 669 3513 739 βασιλέως
3542 672 3800 740 παρέχει,
3843 686 4006 737 τηνι·

2426 755 2602 809 καῦτα
2632 755 2702 808 τὰ
2741 753 3029 826 Ῥωμαϊκά
3063 758 3318 827 σκῆπτρα
3343 758 3643 819 διέποντος.
3682 758 3908 812 Πολλῶν
3936 759 4001 811 εδ

2424 837 2572 898 οὗτοι
2603 843 2786 913 κύριοι
2819 846 2914 898 καὶ
2956 848 3110 916 παρὰ
3143 847 3364 912 πολλοῖς
3404 851 3520 911 τοῖς
3558 849 3745 910 τόποις
3778 848 3993 915 ἀγρῶν,

2425 938 2485 988 οὐ
2519 935 2623 1004 πρὸ
2642 936 2742 1005 τῆς
2766 938 2974 1000 πόλεως
2999 938 3180 1006 μόνον,
3205 939 3342 992 ἀλλὰ
3369 944 3466 996 καὶ
3495 938 3708 991 πολλῶν
3730 939 3908 992 ἀλλων
3935 940 3998 990 ιν

2436 1026 2636 1099 Ἰταλία
2676 1030 2777 1082 οὐκ
2823 1030 3017 1096 ὀλίγων
3066 1031 3126 1085 δὲ
3175 1034 3269 1085 καὶ
3319 1034 3378 1086 ὲν
3413 1032 3658 1102 Σικελία,
3713 1032 3898 1101 πο)λῷ
3937 1031 4000 1084 δὲ

2426 1119 2688 1172 πλειόνων
2730 1122 2788 1173 iv
2850 1121 3096 1192 Ἰσπανίᾳ
3142 1140 3203 1175 τε
3266 1125 3358 1176 καὶ
3399 1127 3466 1191 τῇ
3521 1124 3838 1192 Βρεττανίᾳ,
3903 1120 4002 1184 οὓς

2425 1212 2520 1264 καὶ
2544 1211 2633 1264 διὰ
2663 1213 2762 1280 τὴν
2788 1213 2879 1265 τοῦ
2915 1213 3183 1283 βασιλέως
3226 1215 3464 1283 σπουδὴν
3497 1215 3728 1283 ετοίμως
3756 1213 4003 1267 ὠνοῦντο

2425 1304 2626 1364 πάντες
2657 1306 2756 1362 τὰς
2790 1306 2952 1372 τιμὰς
2985 1306 3184 1367 ἐνθέως
3213 1308 3662 1373 ἀπαραλείπτους
3700 1306 3999 1359 κατατιθέο

2426 1410 2600 1461 μενῖι.
2652 1392 2807 1447 Οὕτω
2853 1397 2952 1464 τῆς
3004 1399 3491 1468 μεγαλοφροσύνης
3541 1399 3591 1451 oi
3639 1403 3876 1465 γενναῖοι
3909 1400 4005 1452 τὶν

2374 1528 2378 1533 ,
2427 1483 2651 1548 βασιλέα
2685 1486 2956 1552 ἀγάμενοι
3000 1489 3093 1540 καὶ
3121 1493 3372 1557 κοσμίοινς
3401 1491 3544 1542 τισὶν
3576 1491 3607 1560 ἡ
3644 1490 3866 1555 Ms).an
3899 1491 4004 1558 τὴν

2424 1575 2517 1626 τοῦ
2575 1577 2896 1644 κρατοῦντος
2946 1579 3181 1649 ἀδελφὴν
3248 1581 3405 1648 ἤθελε
3457 1581 3787 1646 δεξιοῦσθαι.
3855 1583 4003 1634 Ἀλλ’

2425 1667 2610 1737 ἐκείνη
2641 1671 2702 1721 τὸ
2743 1671 2948 1722 τούτων
2976 1687 3029 1722 τι
3074 1671 3260 1724 λαϐεῖν
3294 1674 3490 1736 ἐπίσης
3533 1673 3636 1742 ἔφη
3670 1674 3746 1740 τῷ
3783 1675 4002 1740 ἱεροσυ-

2427 1759 2574 1811 λεϊνο
2642 1762 2762 1829 ίερά
2823 1766 2929 1831 γὰρ
2985 1755 3245 1832 ἄντικρυς
3295 1765 3392 1817 καὶ
3430 1765 3567 1817 αὐτὰ
3626 1765 3721 1817 καὶ
3771 1765 4002 1835 Χριστῷ

2430 1852 2783 1919 ἀνακείμενα.
2821 1854 3004 1917 Οὕτως
3053 1854 3284 1908 εἰποῦσα
3357 1858 3457 1923 τὴν
3509 1858 3789 1924 μακαρίαν
3860 1862 4007 1926 παρ’

2434 1942 2651 2008 ἔπεμπε
2676 1942 2886 1994 πολλῶν
2917 1944 3202 2012 ἐπιφανῶν
3235 1944 3506 2014 εὐνούχων
3536 1950 3673 2013 μετά
3696 1947 3792 1999 τοῦ
3823 1965 4003 2016 πραε-

2433 2031 2655 2083 ποσίτου
2695 2033 2899 2104 ταύτης
2931 2036 3356 2103 προοδευόντων.
3402 2040 3509 2091 Καὶ
3553 2039 3724 2103 οὕτως
3759 2041 4002 2110 ἐξῄεσαν

2431 2123 2465 2193 ἥ
2497 2140 2556 2176 τε
2590 2125 2808 2196 Μελάνη
2863 2130 2958 2180 καὶ
3013 2129 3041 2180 6
3090 2132 3295 2200 ταύτης
3334 2133 3476 2200 ἀνὴρ
3534 2133 3641 2185 τῶν
3675 2133 3997 2202 βασιλείων,

2433 2203 2841 2287 θαυμαξὸμενοί
2864 2237 2922 2272 τε
2971 2219 3120 2290 παρὰ
3171 2223 3387 2275 πάντων
3445 2225 3540 2276 καὶ
3587 2227 4002 2296 προπεμπόμε-

2433 2323 2536 2362 νοι.

2509 2494 2612 2545 iA'.
2662 2493 2985 2562 Ἀρξάμενοι
3035 2497 3213 2548 τοίνυν
3272 2498 3319 2548 οί
3375 2499 3610 2563 γενναῖοι
3659 2501 3725 2550 τε
3785 2500 4006 2552 ἑαυτῶν

2435 2584 2644 2636 τιθέναι
2684 2584 2862 2646 καθὼς
2901 2587 3215 2653 ἠϐούλοντο,
3252 2589 3352 2640 οὒκ
3384 2590 3442 2639 ὲν
3465 2589 3661 2657 μακρῷ
3712 2591 3894 2659 χρᾶνῳ
3932 2591 4005 2642 τὰ

2439 2677 2610 2729 πολλὰ
2643 2680 2826 2729 ἐκεῖνα
2855 2678 2992 2746 πρὸς
3020 2679 3148 2741 τοὺς
3175 2680 3464 2748 δεομένους
3487 2679 3823 2749 ἐξήντλησαν
3859 2683 4002 2750 χρήο

2441 2787 2621 2840 ματαο
2667 2772 2787 2824 οὐδὲ
2826 2773 2934 2836 γὰρ
2967 2772 3148 2834 αύτοῖς
3187 2774 3269 2826 ὅτι
3317 2773 3393 2842 μὴ
3426 2772 3678 2840 βασιλεὺς
3707 2772 3802 2824 τοῦ
3836 2774 4006 2827 πλούο

2437 2879 2532 2914 του
2567 2862 2631 2915 ἂν
2663 2864 3104 2933 ἠμφισϐήτησεν·
3127 2864 3271 2916 οὕτω
3293 2863 3426 2916 πολύ
3453 2881 3504 2915 τι
3537 2864 3729 2933 χρῆμα
3757 2865 3852 2915 καὶ
3876 2881 4006 2933 σχε-

2441 2953 2527 3006 δον
2559 2952 2786 3004 ἄπιστον
2815 2956 2878 3005 ὲκ
2910 2954 3020 3004 τῶν
3049 2954 3235 3023 ἀγρῶν
3267 2956 3452 3016 αὐτοῖς
3498 2955 3566 3007 δι’
3597 2954 3753 3015 ἔτους
3785 2956 4005 3021 ἐφοίτα,

2445 3044 2722 3112 μυριάδες,
2771 3043 2924 3111 φασὶ,
2975 3047 3203 3114 χρυσίου
3251 3045 3480 3098 δώδεκα.
3529 3045 3590 3097 0i
3640 3046 3699 3097 δὲ
3744 3045 3908 3098 τοῦτό
3941 3064 4004 3100 τε

778 3145 858 3197 11ιί
901 3153 1079 3197 autem
1108 3147 1211 3196 boc
1237 3143 1550 3196 universum
1579 3143 1977 3197 distribuebant
2007 3145 2335 3212 pauperibus
2364 3159 2410 3222 ς
2440 3138 2453 3190 ί

2334 3185 2335 3188 η
2364 3159 2410 3222 C
2440 3137 2587 3190 ἅπαν
2610 3139 2721 3198 τοίς
2743 3138 2936 3203 πένησι
2963 3136 3288 3206 διεμέριζον,
3311 3138 3598 3198 κάκείνους
3617 3139 3816 3200 αὐτοὺς
3844 3139 4009 3192 ὓστε-

780 3247 940 3304 atque
976 3237 1100 3287 illos
1157 3235 1303 3302 ipsos
1349 3249 1511 3301 agros
1545 3243 1732 3298 postea
1787 3234 2172 3286 vendiderunt.
2219 3233 2336 3288 Hoc

778 3345 909 3383 vero
966 3336 1048 3381 est
1106 3335 1483 3395 argumentum
1517 3341 1707 3379 eorum
1746 3326 2056 3378 divitiarum
2095 3345 2108 3377 :
2144 3341 2336 3380 eorum

781 3421 922 3471 enim
949 3420 1190 3480 domum,
1227 3433 1346 3485 quae
1386 3426 1503 3471 crat
1546 3418 1682 3470 adeo
1723 3417 1999 3485 splendida
2046 3426 2098 3470 ct
2128 3416 2341 3484 magni-

785 3516 907 3572 fica,
936 3511 1117 3562 nullus
1143 3509 1513 3562 Rounanorum
1541 3509 1719 3576 potuit
1748 3509 1898 3576 justo
1921 3509 2097 3576 pretio
2118 3521 2298 3562 emere
2324 3523 2336 3559 :

786 3605 908 3667 igne
934 3612 1112 3654 autem
1143 3609 1327 3668 postea
1356 3615 1383 3651 a
1413 3600 1658 3651 barbaris
1687 3608 1935 3652 extistam
1961 3613 2083 3652 cum
2110 3598 2339 3650 multum

784 3697 851 3746 de
877 3694 1056 3759 pretio
1087 3692 1458 3752 remisissent,
1481 3705 1598 3742 eam
1631 3704 1847 3758 quoque
1874 3689 2127 3742 similiter
2156 3691 2342 3741 vendi-

784 3788 1002 3846 derunt,
1042 3785 1215 3850 majus
1260 3783 1516 3850 nitiddam
1582 3797 1740 3842 quam
1775 3781 1899 3841 Job,
1938 3792 1991 3834 ut
2057 3782 2188 3833 mihi
2221 3783 2344 3846 qui-

785 3879 906 3929 dem
938 3875 1164 3930 videtur.
1215 3871 1314 3925 bac
1351 3871 1406 3924 in
1437 3886 1494 3923 re
1525 3869 1808 3924 facientes.
1857 3869 1989 3922 Nam
2026 3871 2075 3923 ei
2117 3871 2344 3934 quidem

789 3975 1077 4035 paupertas
1115 3964 1215 4016 fuit
1253 3962 1661 4024 involuntaria;
1712 3963 1762 4014 bi
1799 3974 1980 4014 autem
2013 3961 2250 4015 libentes
2278 3975 2342 4014 ex

788 4057 1074 4110 ditissimis
1101 4053 1274 4108 effecti
1303 4064 1431 4107 sunt
1463 4053 1820 4120 pauperrimi.
1855 4051 1920 4106 Et
1953 4052 2072 4120 ejus
2120 4054 2340 4112 quidem

789 4164 925 4201 uxor
951 4164 1057 4200 non
1099 4159 1294 4213 magno
1322 4153 1374 4199 et
1400 4144 1522 4198 forti
1556 4145 1737 4198 animo
1762 4142 1992 4205 ferebat,
2033 4141 2175 4209 quod
2209 4156 2344 4194 con-

791 4242 1020 4308 tigerat;
1060 4236 1260 4289 Melana
1289 4246 1465 4289 autem
1498 4251 1604 4288 non
1640 4237 1814 4289 solum
1843 4235 1988 4301 quod
2023 4235 2087 4286 ad
2122 4249 2180 4286 se
2211 4233 2344 4286 atti-

793 4330 976 4390 nebat,
1007 4330 1056 4382 id
1093 4329 1323 4381 libenter
1357 4327 1610 4391 faciebat,
1655 4329 1747 4381 sed
1775 4327 1941 4380 etiam
1981 4329 2232 4379 maritum
2267 4327 2330 4380 fa-

790 4420 968 4474 ciebat
994 4418 1315 4486 participem
1349 4417 1433 4470 sui
1479 4415 1629 4485 scopi
1667 4425 1720 4470 et
1750 4415 2005 4469 instituti.
2041 4414 2136 4470 Est
2160 4425 2340 4469 autem

2441 3248 2532 3300 ρον
2557 3233 2680 3290 τοὺς
2710 3231 2913 3297 ἀγροὺς
2939 3230 3226 3282 ἀπέδοντο.
3257 3231 3490 3298 Σημεῐον
3518 3229 3575 3282 δὲ
3606 3230 3698 3282 τοῦ
3726 3231 3966 3284 πλούτου
3985 3247 4004 3263 ⁶

2440 3321 2538 3389 τὴν
2571 3321 2677 3388 γαρ
2702 3320 2879 3371 οἰκίαν
2910 3319 3114 3371 τούτων
3146 3319 3316 3380 οὕτως
3345 3319 3508 3371 οὖσαν
3537 3320 3797 3388 λαμπρὰν
3826 3321 4006 3385 οὐδεὶς

2443 3413 2629 3479 ἴσχυσε
2671 3411 2954 3478 Ῥωμαίων
2984 3412 3082 3479 τῆς
3111 3411 3267 3475 ἀξίας
3296 3411 3579 3478 πρίασθαι.
3618 3413 3752 3481 πυρὶ
3777 3412 3833 3462 δὲ
3865 3414 4008 3478 μετὰ

2441 3504 2612 3556 ταῦτα
2643 3507 2754 3557 τοῖς
2791 3502 3090 3572 βαρϐάροις
3123 3502 3599 3564 κατακαυθεῖσαν,
3634 3505 3754 3554 τότε
3777 3503 3838 3554 τὸ
3869 3503 4007 3556 πολὺ

2442 3596 2540 3662 τῆς
2592 3597 2755 3662 τιμῆς
2817 3597 3043 3662 ὑφέντες
3093 3597 3184 3645 καὶ
3222 3593 3428 3657 ταύτην
3455 3595 3659 3660 ὁμοίως
3713 3596 4020 3654 ἀπέδοντο,

2445 3688 2629 3756 μεῖζόν
2665 3705 2740 3750 τι,
2775 3687 2961 3755 ἔμοιγε
2994 3688 3162 3749 δοκεῖ,
3214 3688 3306 3739 καὶ
3359 3686 3451 3737 τοῦ
3510 3686 3629 3738 Ἰὼϐ
3673 3687 3795 3738 κατ’
3839 3685 4009 3737 αὐτοῦ

2444 3780 2748 3837 ποιοῦντες.
2779 3778 2867 3844 Τῷ
2893 3777 2992 3844 μὲν
3046 3779 3156 3846 γὰρ
3186 3777 3440 3838 ἀκούσιος
3470 3778 3500 3846 ἡ
3531 3778 3690 3828 πενία
3710 3793 3724 3806 ·
3756 3778 3806 3829 oi
3828 3778 3881 3828 es
3909 3778 4012 3828 καὶ

2444 3871 2663 3928 ἑκόντες
2690 3870 2768 3929 είς
2797 3870 2921 3930 τοὺς
2960 3870 3324 3928 πενεστάτους
3361 3869 3587 3929 ἑαυτοὺς
3613 3871 3676 3919 ἑκ
3705 3869 3813 3919 τῶν
3836 3870 4010 3920 πλου-

2447 3962 2730 4014 σιωτάτων
2764 3962 3056 4013 καθίστων.
3095 3961 3347 4030 Κακείνῳ
3382 3962 3478 4026 μὲν
3511 3960 3543 4027 ἡ
3577 3960 3712 4028 γυνὴ
3740 3960 3800 4010 οὐ
3832 3975 4011 4025 μεγα-

2445 4053 2692 4120 λοψύχως
2726 4052 2845 4104 οὐδὲ
2876 4051 3141 4116 γενναίως
3171 4051 3230 4103 τὸ
3271 4050 3486 4116 συμϐὰν
3517 4050 3740 4116 ἔφερεν·
3778 4051 3810 4117 ἠ
3855 4049 3913 4101 δέ
3941 4066 4010 4115 τε

2445 4143 2660 4213 Μελάνη
2707 4143 2804 4210 οὐχ
2854 4143 2977 4194 ὅσον
3023 4141 3084 4192 τὸ
3135 4141 3226 4192 ἐπ’
3281 4141 3416 4208 αὐτῇ
3476 4139 3650 4208 ἡδέως
3700 4139 4007 4207 ἐπραττεν,

2445 4234 2579 4287 ἀλλὰ.
2604 4234 2696 4285 καὶ
2727 4237 2817 4285 τἰν
2841 4233 3012 4302 ἄνδρα
3037 4233 3288 4284 κοινωνὸν
3325 4232 3496 4283 ἐποίει
3527 4229 3619 4282 τοῦ
3649 4231 3766 4282 ῐσου
3800 4230 4010 4283 σκοποῦ

2447 4328 2542 4378 καὶ
2575 4325 2672 4391 τῆς
2708 4324 3076 4392 προαιρέσεως
3099 4338 3109 4348 ·
3130 4324 3228 4374 οὐκ
3252 4322 3448 4391 ἄδηλον
3479 4323 3715 4383 πάντως,
3744 4324 3826 4374 ὅτι
3849 4325 3945 4375 καὶ
3976 4325 4012 4392 ἡ

2446 4417 2654 4471 ἄνωθεν
2707 4418 2890 4478 αὐτοῖς
2944 4417 3218 4484 ὶφήπτετο
3262 4415 3484 4486 δεξιάῆ
3540 4415 3634 4466 καὶ
3681 4416 4015 4484 ἱσταμένους

792 4511 925 4563 satis
953 4473 1174 4561 evidens
1199 4473 1499 4574 supernam
1530 4473 1808 4559 dexteram
1841 4505 1920 4559 eis
1942 4521 2100 4573 opem
2131 4507 2341 4572 tulisse,
2374 4473 2467 4561 Di

2374 4473 2423 4532 Β
2447 4510 2732 4577 ἐφύλαττε,
2763 4473 2881 4560 κᾶν*
2901 4473 3083 4558 εἴποτε
3109 4507 3165 4559 δὲ
3207 4507 3297 4558 καὶ
3332 4473 3823 4565 ύποσοιελισθεῐςν,“
3847 4507 4039 4578 simia;

792 4617 912 4668 quae
934 4609 989 4654 et
1033 4607 1241 4652 stantes
1281 4597 1641 4660 custodiebat,
1671 4604 1724 4651 et
1760 4598 1804 4650 si
1845 4597 2064 4660 quando
2111 4597 2346 4652 fuissent

791 4691 1148 4761 supplantati,
1173 4691 1288 4760 ipsa
1319 4703 1415 4743 eos
1443 4689 1691 4756 protinus
1719 4689 1960 4756 erigebat
1999 4697 2053 4743 et
2077 4688 2346 4744 ﬁrmabat.

795 4786 912 4852 Ipsa
941 4797 1036 4836 eos
1059 4796 1201 4849 saepe
1231 4795 1350 4834 cum
1382 4779 1434 4832 in
1460 4764 1666 4833 somnis
1689 4780 2125 4847 prolaberentur,
2147 4779 2350 4834 sustol-

797 4877 960 4932 Iebat.
994 4886 1046 4927 et
1076 4887 1171 4926 eos
1199 4869 1476 4925 efﬁciebat
1507 4872 1781 4923 cautiores
1821 4871 1873 4921 in
1909 4879 2209 4938 posterum.
2237 4870 2350 4922 Ali-

797 4967 1019 5035 quando
1051 4976 1229 5018 autem
1264 4963 1364 5019 sibi
1399 4962 1499 5016 visi
1536 4969 1668 5015 sunt
1696 4962 1858 5015 ambo
1892 4961 2056 5014 simul
2104 4963 2159 5014 in
2202 4961 2356 5030 prin-

798 5032 942 5127 cipio
969 5057 1185 5124 quidem
1213 5055 1497 5108 ambulare
1541 5069 1637 5122 per
1673 5055 1817 5106 viam
1859 5053 2154 5106 admodum
2183 5067 2355 5121 angu-

798 5157 933 5201 stam
963 5154 1019 5199 et
1049 5144 1210 5199 fossis
1242 5143 1621 5212 interceptam,
1662 5157 1784 5210 quae
1810 5141 1882 5195 ita
1923 5156 2018 5195 eos
2060 5141 2357 5209 aﬂligebat,

801 5246 858 5290 ut
886 5239 1206 5291 viderentur
1235 5235 1338 5288 sibi
1375 5250 1497 5289 esse
1525 5235 1745 5288 contriti
1779 5244 1831 5288 et
1871 5234 2160 5286 confracti.
2212 5231 2360 5286 Post-

801 5343 966 5398 quam
997 5343 1125 5381 vcro
1148 5341 1269 5381 eam
1304 5340 1425 5378 cum
1470 5340 1662 5394 inagna
1695 5324 1993 5379 atilictioue
2037 5337 2100 5376 ac
2137 5337 2361 5391 perpes-

804 5423 960 5473 sinne
999 5419 1397 5479 confecissent,
1461 5425 1591 5471 tunc
1648 5431 1745 5470 eos
1806 5415 2020 5483 excepit
2077 5414 2360 5477 relaxatio,

807 5509 1150 5574 liberumque
1185 5516 1239 5562 et
1284 5507 1545 5576 spatium.
1587 5516 1641 5561 et
1673 5507 1926 5575 voluptas
1981 5503 2270 5559 ineffabilis
2311 5514 2364 5556 et

808 5600 966 5655 valde
1011 5599 1372 5654 admirabilis.
1400 5597 1490 5654 Sic
1523 5597 1666 5653 Deus
1694 5597 2067 5662 eftleiebat,ut
2108 5585 2144 5649 ii
2177 5603 2361 5662 aperte

811 5690 880 5746 de
908 5691 1106 5746 futuris
1156 5698 1359 5744 certam
1415 5689 1769 5757 conciperent
1806 5686 2082 5750 ﬁduciam,
2135 5694 2186 5738 et
2219 5683 2365 5752 quod

814 5797 1015 5852 parvos
1043 5783 1255 5839 labores
1292 5797 1484 5852 niagna
1510 5781 1651 5837 bona
1692 5787 1877 5837 essent
1906 5783 2294 5834 consecutura.

2452 4600 2764 4669 ὑπήρειδεν.
2808 4597 2955 4666 Αὕτη
3002 4598 3260 4660 πολλάκις
3305 4597 3397 4650 καὶ
3448 4597 3853 4666 σφαλλομένους
3897 4601 4018 4661 τοῖς

2449 4693 2696 4760 ὀνείρασι
2725 4691 2968 4744 διανίστα
2992 4693 3084 4743 καὶ
3116 4689 3336 4743 διετίθει
3361 4689 3497 4758 πρὸς
3523 4690 3584 4741 τδ
3613 4690 3809 4757 μίλλον
3836 4691 4022 4754 ἀσφα-

2452 4786 2759 4855 λεστέρους.
2789 4786 2897 4837 Καί
2921 4801 3052 4837 ποτε
3082 4783 3265 4848 ἔδοξαν
3279 4784 3409 4851 ὁρᾷν
3435 4784 3600 4848 ἄμφω
3622 4780 3756 4849 ὁμοῦ
3779 4781 3880 4847 τὴν
3917 4781 4022 4848 μὲν

2454 4875 2630 4945 ἀρχὴν
2662 4876 2752 4928 διὰ
2779 4875 2972 4943 στενῆς
3000 4874 3120 4927 ὁδοῦ
3150 4875 3292 4928 πάνυ
3335 4872 3694 4942 πορεύεσθαι,
3724 4874 3820 4924 καὶ
3856 4873 4021 4940 Βριγ·

2456 4969 2594 5031 κίοις
2620 4967 3041 5036 διειλημμένοις,
3070 4967 3102 5036 ἦ
3137 4967 3229 5018 καὶ
3269 4964 3441 5025 οὕτως
3471 4965 3668 5026 αὐτοὺς
3700 4964 4026 5018 συνέθλισεν

2457 5059 2532 5121 ὡς
2577 5057 2962 5125 συντετρίφθαι
3011 5056 3219 5108 δοκεῐνο
3253 5055 3373 5106 ἔπει
3397 5054 3452 5106 δὲ
3485 5053 3626 5123 μετά
3649 5053 3853 5123 πολλῆς
3883 5055 4026 5108 ταύ-

2458 5169 2558 5219 την
2587 5151 2689 5219 τῆς
2719 5149 3094 5210 κακοπαθείας
3122 5147 3724 5216 άνύσειαν,τηνικαῦτα
3750 5149 3937 5211 ἀνεσξς
3962 5166 4026 5201 τε

2460 5242 2660 5303 αὐτοὺς
2711 5241 2978 5308 διεδέχετο
3029 5241 3124 5291 καὶ
3154 5237 3468 5307 εὐρυχωρία
3514 5238 3684 5306 πολλὴ
3713 5241 3810 5292 καὶ
3856 5239 4026 5306 ἡδονὴ

2463 5334 2703 5404 seen-:6;
2739 5349 2821 5393 τις
2850 5334 2944 5386 καὶ
2974 5329 3453 5398 ὑπερθαύμαστος.
3500 5326 3683 5389 Οὕτως
3725 5330 3911 5389 αὐτοῖς
3962 5333 4030 5381 τὸ

2463 5423 2618 5476 Θεῖον
2682 5423 2904 5492 θαρρεῐν
2972 5419 3248 5489 προδήλως
3326 5417 3464 5486 ὑπὲρ
3536 5419 3642 5468 τῶν
3719 5417 4031 5484 μελλόντων

2466 5514 2662 5576 ἐποίει,
2692 5515 2787 5566 καὶ
2820 5514 2900 5564 ὅτι
2932 5512 3128 5574 πόνους
3157 5509 3389 5580 μικροὺς
3417 5507 3482 5560 τὰ
3516 5508 3723 5575 μεγάλα
3755 5509 3863 5561 τῶν
3890 5512 4033 5577 ἀγα-

2469 5604 2577 5659 θῶν
2613 5604 2965 5670 διαδέξονται.
