4242 6442
230 345 337 410 765

1461 361 1638 422 VITA
1684 363 1743 423 S.
1790 363 1991 423 MELA
2002 365 2143 425 ΝΕ.

3352 376 3459 439 766

303 465 403 519 IB’.
434 465 509 519 Οὐ
552 467 659 537 μὴν
703 467 759 521 δὲ
790 468 818 521 ό
849 470 1027 534 κοινὸς
1064 472 1253 541 ἠμέλει
1295 473 1552 543 πολέμιος
1586 476 1785 539 πάντα,
1818 478 1868 534 Α

1848 488 1868 534 t
1963 477 2078 531 XII.
2127 476 2229 530 Sed
2290 492 2463 546 neque
2510 485 2629 531 crat
2676 480 2960 549 negligens
3005 485 3315 541 communis
3346 486 3456 541 ini-

223 555 292 612 τδ
338 555 432 609 τοῦ
484 558 663 625 λόγου,
719 561 900 613 κάλων
939 562 1138 615 κινῶνο
1195 562 1527 631 ἀλλ’ὦσπερ
1584 565 1789 617 ἐκείνου

226 649 453 716 τρόπος,
492 648 580 700 διὰ
617 648 839 700 πάντων
886 652 986 718 μὲν
1032 653 1330 720 ἐπεχείρει,
1370 654 1455 704 διὰ
1490 654 1542 704 δὲ
1577 656 1794 705 πάντων

227 742 542 811 ἡττώμενος
573 743 868 811 ὑπεχώρει.
904 746 1223 796 Συνείλεκτό
1261 763 1391 796 ποτε
1430 749 1541 806 τοῖς
1566 747 1794 807 δικαίοις

227 834 627 899 πολυτάλαντος
668 838 892 905 χρυσίου
920 855 1001 899 τις
1032 838 1216 904 ὄγκος,
1249 843 1341 891 καὶ
1376 841 1516 891 κατὰ
1549 840 1639 891 τοῦ
1680 839 1795 892 ἐδά-

228 942 362 995 φους
394 930 636 996 ἐκέχυτο.
680 929 737 981 ὐ
765 932 817 981 δὲ
850 928 995 992 οἶκος
1039 933 1125 983 ἴσα
1156 936 1289 1001 πυρὶ
1317 933 1393 999 τῷ
1428 932 1613 1002 χρυσῷ
1643 948 1797 982 κατε-

226 1020 491 1088 λάμπετο.
524 1021 754 1087 Ἔμελλε
782 1024 835 1073 δὲ
861 1025 886 1073 ό
907 1023 1101 1089 χρυσὸς
1131 1021 1281 1085 οὗτος
1308 1024 1514 1074 πολλῶν
1564 1025 1796 1089 ἀπορῖας

227 1111 339 1177 ἄρα
376 1113 472 1165 καὶ
503 1114 788 1180 συμφορᾶς
845 1112 1187 1174 ἐξιάσασθαι.
1233 1114 1319 1172 Ὠς
1356 1111 1447 1162 οὖν
1493 1114 1523 1178 ἡ
1572 1111 1795 1175 Μελάνη

227 1205 321 1254 τὸν
372 1200 519 1255 οἷκον
560 1205 752 1273 εἰσῄει,
794 1207 914 1256 τότε
966 1205 1029 1270 δὴ
1085 1210 1180 1259 καὶ
1237 1208 1428 1272 τέχνης
1478 1206 1501 1254 ὁ
1560 1204 1793 1271 πονηρὸς

227 1295 459 1362 ἥπτετο,
497 1301 588 1349 καὶ
622 1298 963 1364 περιέλαμπε
998 1298 1094 1363 τὴν
1126 1299 1249 1364 ὄψιν
1282 1297 1453 1361 αὐτῆς
1480 1297 1553 1363 τῷ
1588 1296 1790 1365 χρυσιῖγ

228 1387 507 1439 διεσάλευε
537 1388 636 1456 τὴν
656 1388 829 1456 ψυχὴν
856 1392 919 1456 τῇ
955 1392 1132 1457 χροιᾷ,
1174 1393 1264 1442 καὶ
1298 1389 1591 1453 ὑπέθελγεν
1614 1404 1625 1414 ·
1667 1389 1796 1439 ὑπε-

228 1478 369 1529 τίθει
402 1481 460 1530 τὸ
505 1480 685 1547 βάρος,
736 1481 1020 1532 ὑπεδείκνυ
1067 1483 1126 1531 τὸ
1164 1481 1381 1541 κάλλος,
1418 1485 1579 1534 παντὶ
1608 1481 1793 1548 τρόπῳ

233 1567 400 1633 συλᾷν
476 1569 631 1637 ῆίιελε
708 1572 799 1619 τὸν
845 1572 1015 1633 μέγαν
1063 1570 1225 1629 ὅντως
1253 1571 1358 1620 τῶν
1391 1570 1663 1637 λογισμῶν
1696 1570 1795 1636 θη-

233 1662 452 1727 σαυρὸν,
478 1664 569 1713 καὶ
584 1661 655 1721 ὡς
676 1664 691 1679 ⁸
714 1663 828 1728 ὲφῶ
845 1662 1009 1725 δεῖξαι
1034 1663 1231 1731 χρυσοῦ
1259 1663 1318 1713 τὸ
1349 1665 1453 1713 πᾶν
1482 1663 1793 1729 ὲσκαιώρει.

243 1750 384 1803 Ἀλλ’
424 1754 498 1812 είς
530 1755 705 1819 μάτην
739 1755 807 1803 1'1
852 1753 1042 1820 Evs'dpa
1076 1753 1150 1821 τῷ
1180 1753 1399 1821 πονηρῴ
1431 1756 1548 1805 κατ’
1585 1753 1756 1820 αὐτῆς
1778 1768 1791 1782 ’

232 1845 328 1896 καὶ
367 1842 474 1909 γάρ
503 1844 637 1912 αὑτὴ
672 1843 857 1913 ὥσπερ
888 1844 1101 1911 χαλινὸν
1130 1843 1203 1912 τῷ
1232 1846 1391 1897 πάθει
1422 1845 1510 1895 τδν
1540 1844 1799 1913 λογισμὸν

233 1934 569 2003 ἐμϐαλοῦσα,
604 1937 786 1991 ἐκεῖνα
807 1938 871 2002 τῇ
900 1936 993 1987 τοῦ
1032 1936 1233 2006 χρυσοῦ
1260 1937 1524 1989 ἁντετίθει
1552 1936 1794 2005 ιίιχροία,

233 2026 268 2079 ἃ
304 2029 440 2096 μήτε
487 2027 628 2094 λόγῳ
662 2028 819 2095 ῥητά,
864 2028 999 2095 μήτε
1036 2026 1109 2093 νῷ
1153 2025 1355 2096 ληπτὰ,
1396 2028 1534 2095 μήτε
1585 2026 1691 2095 μὴν
1723 2027 1798 2094 τῷ

235 2122 414 2191 χρόνῳ
442 2121 655 2190 φθαρτά
704 2121 845 2173 καθά
879 2120 942 2189 δὴ
983 2122 1049 2173 τὰ
1082 2120 1315 2173 ἐνταῦθα
1356 2122 1620 2188 πέφυκεν,
1664 2119 1797 2171 ἀλλὰ

235 2215 303 2268 δι’
334 2215 532 2276 αἰῶνος
575 2216 768 2282 ἀγήρω
808 2231 865 2265 τε
900 2215 994 2266 καὶ
1030 2214 1294 2267 ἀθάνατα.
1333 2216 1395 2265 Ὃ
1427 2213 1482 2265 δὲ
1521 2212 1688 2265 πολὺν
1716 2214 1797 2265 ὅτι

240 2305 476 2375 μάλιστα
515 2305 606 2356 τὸν
655 2304 815 2356 σάλον
862 2304 997 2371 αὐτῇ
1032 2303 1335 2371 προεξένει,
1367 2303 1441 2366 ὡς
1474 2302 1591 2371 μετ’
1619 2302 1799 2370 ὀλίγον

236 2398 505 2468 ἐδήλωσεν
531 2398 556 2465 ἡ
583 2396 827 2463 γενναία,
856 2394 1013 2447 τοῦτο
1042 2395 1134 2446 καὶ
1158 2389 1246 2464 ἦν.

310 2509 406 2562 II".
434 2505 541 2561 Ἦν
576 2526 682 2577 μοι,
710 2512 863 2575 φησι,
893 2508 979 2567 τίς
1012 2507 1120 2558 τῶν
1152 2506 1335 2574 ἀγρῶν
1362 2507 1583 2568 πολλαῖς
1613 2508 1800 2574 χάρισι

240 2608 367 2664 τοὺς
407 2604 597 2664 ἄλλους
634 2602 879 2660 ἅπαντας
904 2599 1139 2667 παριὼν,
1171 2601 1227 2651 ὲν
1260 2599 1405 2668 αὐτῷ
1429 2600 1484 2651 δὲ
1510 2600 1683 2666 τούτῳ
1706 2602 1800 2651 καὶ

239 2695 464 2763 λουτρὸν
490 2691 576 2759 ἦν,
607 2697 699 2747 καὶ
728 2692 786 2743 τὸ
820 2692 1040 2759 λουτρὸν
1069 2689 1209 2742 οὕτω
1245 2691 1343 2759 μὲν
1379 2694 1443 2759 τῇ
1474 2693 1635 2760 τέχνῃ
1667 2691 1800 2741 κάλ-

238 2781 447 2842 λιστον,
472 2781 615 2834 οὕτω
649 2780 702 2833 δὲ
733 2783 798 2849 τῇ
826 2779 927 2851 ὓλῃ
958 2780 1255 2847 βέλτιστον,
1282 2779 1421 2832 οὕτω
1445 2781 1501 2832 δὲ
1536 2784 1648 2842 τοῖς
1681 2780 1802 2832 ὓδα-

243 2890 330 2924 σιν
366 2871 603 2940 ἥδιστον,
637 2871 710 2931 ὡς
739 2873 921 2922 πᾶσαν
950 2869 1231 2936 γοητεύειν
1257 2869 1433 2937 ψυχὴν
1465 2874 1557 2923 καὶ
1582 2870 1685 2936 πρὸ
1709 2868 1798 2920 τοῦ

241 2966 409 3028 πιεῖν,
446 2964 477 3031 ἢ
508 2968 601 3015 καὶ
630 2961 949 3013 λούσασθαι.
984 2963 1048 3012 Ὀ
1082 2960 1137 3012 δὲ
1169 2961 1261 3012 τοῦ
1294 2960 1519 3026 λουτροῦ
1551 2959 1807 3011 θελτικώ-

239 3074 423 3117 τατον,
448 3055 704 3123 ἑκάτερον
746 3054 852 3105 τῶν
896 3053 1075 3120 μερῶν
1113 3052 1173 3102 τὸ
1216 3053 1311 3119 μὲν
1334 3048 1441 3118 εἶχε
1487 3051 1583 3118 τὴν
1610 3051 1803 3101 θάλατ-

242 3164 361 3209 ταν,
393 3148 453 3197 τὸ
473 3148 525 3197 δὲ
553 3148 619 3196 τά
645 3146 860 3212 δένδρα,
886 3148 979 3196 καὶ
1004 3143 1146 3194 οὕτω
1173 3142 1235 3207 δὴ
1264 3143 1637 3209 μεμηχάνητο,
1663 3141 1799 3191 ὥστε
1831 3127 1872 3182 C

242 3258 327 3294 σοι
377 3239 713 3306 προκύψαντι
759 3238 858 3303 τῆς
908 3237 1209 3303 δεξαμενῆς
1262 3235 1473 3285 ἐκεῖθεν
1531 3235 1629 3303 μὲν
1672 3236 1803 3301 όρᾷν

243 3334 465 3400 κύματα
498 3330 795 3393 θαλάσσης,
827 3329 1042 3396 ἥδιστον
1098 3329 1153 3377 ὲν
1201 3327 1407 3395 γαλήνῃ
1459 3326 1658 3391 θέαμα,
1715 3328 1806 3377 καὶ

243 3427 372 3484 ναῦς
405 3422 693 3481 πλεούσας,
725 3420 974 3471 ἐντεῦθεν
1001 3420 1053 3470 δὲ
1088 3419 1189 3484 γῆς
1219 3418 1411 3485 κάλλη,
1451 3422 1543 3470 καὶ
1571 3419 1805 3486 δένδρων

246 3518 354 3585 ὕψη
388 3520 479 3568 καὶ
513 3514 742 3583 ὀρνίθων
778 3512 965 3579 φωνὰς
997 3516 1089 3565 καὶ
1126 3511 1351 3577 ῥεούσας
1384 3512 1561 3575 πηγάς
1587 3511 1679 3561 καί
1704 3528 1804 3562 που

244 3613 341 3661 καὶ
386 3608 689 3670 κυνηγέτας
739 3607 833 3656 καὶ
875 3602 1069 3671 θήραν,
1113 3606 1203 3654 καὶ
1248 3602 1433 3662 ἁπλῶς
1472 3604 1638 3670 μυρία
1677 3620 1808 3653 παν-

243 3698 411 3765 ταχοῦ
469 3699 536 3747 τὰ
594 3695 861 3763 Θέλγητρα
916 3697 1005 3746 καὶ
1069 3693 1306 3762 χαρίτων
1373 3694 1547 3745 πάντα
1614 3693 1803 3761 μεστά.

245 3790 415 3842 Τοῦτό
444 3807 528 3856 μοι
557 3785 671 3849 οὖν,
708 3790 859 3854 φησὶ.
896 3785 1132 3851 συνεχῶς
1168 3787 1245 3843 είς
1296 3786 1514 3850 μνήμην
1568 3785 1663 3843 ίὸν,
1710 3785 1807 3835 υἷκ

246 3886 394 3935 ἔστιν
421 3884 594 3932 εἰπεῖν
630 3882 772 3939 ὅπως
805 3880 1024 3944 ἐκράτει
1062 3892 1164 3943 μου
1226 3877 1324 3942 τῆς
1370 3875 1568 3941 ψυχῆς,
1614 3878 1706 3927 καὶ
1732 3875 1807 3940 τῷ

248 3974 481 4040 ποικίλῳ
512 3972 701 4022 τούτου
734 3969 947 4035 θέλγειν
981 3968 1007 4019 ό
1036 3966 1277 4026 ποικίλος
1314 3967 1523 4033 δαίμων
1554 3966 1811 4034 ἐπειρᾶτὸ

253 4084 319 4132 με
357 4068 452 4116 καὶ
491 4064 673 4131 συλᾷν.
720 4061 859 4111 Ἀλλ’
907 4060 1067 4119 εὐθὺς
1117 4059 1301 4123 άνεῖχὲ
1345 4073 1444 4120 μου
1496 4057 1593 4123 τὴν
1637 4057 1811 4125 ψυχὴν

246 4160 275 4210 ό
302 4158 455 4220 Θεὸς,
498 4157 683 4206 ὲκείνα
708 4150 1019 4219 λογίζεσθαί
1049 4166 1114 4216 με
1152 4149 1425 4211 ὑποτιθεὶς
1462 4148 1497 4200 ἃ
1527 4152 1637 4209 τοῖς
1674 4151 1811 4214 ἠγα-

250 4250 484 4313 πηκόσιν
506 4247 666 4298 αὑτὸν
700 4245 965 4312 ἡτοίμασε
998 4242 1141 4293 κατὰ
1174 4240 1266 4290 τὸν
1294 4240 1433 4291 θεῖον
1470 4240 1810 4299 Ἀπόστολον,

248 4339 456 4390 τούτων
500 4337 554 4388 δὲ
602 4337 817 4388 πάντων
852 4334 923 4393 ὡς
965 4332 1197 4403 ῥεόντων
1236 4332 1621 4398 ὑπερφρονεῖν.
1676 4330 1814 4382 Ἀλλ’

247 4430 390 4483 οὕτω
423 4433 519 4497 μὲν
547 4430 574 4480 ό
601 4428 832 4493 πονηρὸς
868 4426 1071 4493 ἥττητο
1092 4438 1104 4452 °
1157 4421 1383 4491 μηδενὸς
1412 4422 1466 4469 6‘:
1498 4422 1634 4481 ὅλως
1679 4420 1812 4471 ὑπο·
1844 4456 1884 4509 D

248 4521 558 4587 λειφθέντος
587 4519 614 4570 ὂ
644 4518 853 4585 θέλγειν
904 4516 1001 4577 τὰς
1044 4513 1268 4566 ἐκείνων
1315 4511 1492 4579 ψυχάς
1546 4514 1643 4564 καὶ
1687 4513 1812 4563 ἑπι-

252 4616 505 4682 στρέφειν
542 4612 624 4677 ἐφ’
649 4610 807 4662 ὲαυτὺ
829 4608 1071 4660 δύναται.

1912 569 2109 630 micus,
2151 569 2267 637 qui,
2304 577 2361 621 ιιι
2391 578 2468 623 est
2506 569 2557 621 in
2592 572 2901 636 proverbio.
2939 576 3190 629 movebat
3232 592 3452 631 omnem

1848 728 1851 731 γ
1900 659 2209 722 rudentem,
2247 662 2340 715 sed
2390 664 2532 716 sicut
2567 673 2651 717 est
2692 680 2806 718 mos
2843 664 3014 728 illius,
3049 668 3304 722 omnihns
3332 669 3454 737 qni-

1896 749 2017 802 dem
2074 752 2249 804 modis
2298 754 2740 817 aggrediebatur.
2789 770 3001 822 semper
3054 767 3232 810 autem
3276 758 3455 812 victus

1898 842 2199 893 recedebat.
2267 843 2503 897 Cullecta
2571 845 2863 913 aliquando
2938 845 3226 901 fueratillis
3290 848 3454 915 Iustis

1897 935 1976 987 vis
2009 936 2125 987 auri
2158 936 2413 995 maxima,
2440 945 2492 987 et
2523 938 2670 989 humi
2696 944 2810 990 erat
2835 936 3020 997 eﬂ'usa.
3046 939 3239 991 domus
3274 951 3451 993 autem

1897 1037 2004 1080 tota
2050 1042 2182 1081 auro
2228 1043 2333 1080 non
2391 1044 2546 1083 secus
2597 1040 2757 1098 atque
2810 1032 2933 1099 igne
2964 1031 3302 1095 collucebat;
3339 1040 3457 1085 erat

1896 1132 2025 1169 vero
2052 1119 2153 1171 hoe
2185 1134 2378 1170 aurum
2424 1120 2817 1172 subventurutn
2848 1121 3149 1173 multorum
3183 1122 3377 1187 inopiae
3405 1128 3459 1174 et

1895 1209 2207 1261 calamitati.
2236 1208 2389 1262 Tunc
2436 1212 2702 1278 malignus
2746 1212 2910 1276 erepit
2957 1227 3060 1263 suo
3093 1212 3168 1263 uti
3201 1211 3455 1271 arttﬂcio.

1896 1300 2015 1366 ejus
2053 1300 2242 1352 faciem
2268 1301 2385 1352 auri
2413 1302 2593 1368 specie
2633 1301 2945 1363 illustravit,
2981 1301 3164 1355 colore
3192 1302 3313 1368 ejus
3339 1303 3459 1354 ani-

1898 1405 2045 1441 mum
2082 1390 2232 1442 leniit
2262 1398 2314 1443 et
2340 1392 2619 1454 demulsit,
2652 1392 2933 1444 admonuit
2969 1393 3146 1461 magni
3180 1387 3457 1459 ponderis,

1900 1482 2136 1536 ostendit
2164 1481 2629 1550 pulchritudinem
2663 1500 2675 1535 :
2714 1484 2972 1536 omnibus
3022 1484 3198 1537 modis
3246 1484 3461 1537 volebat

1900 1578 1946 1630 ei
1984 1578 2195 1641 eripere
2237 1592 2363 1629 vere
2406 1590 2658 1642 maguum
2714 1578 3030 1627 thesaurum
3082 1576 3312 1629 rationis
3342 1615 3355 1636 ,
3404 1586 3457 1627 et

1902 1668 2033 1720 nihil
2073 1684 2176 1721 non
2210 1668 2555 1725 moliebatur.
2590 1675 2647 1717 ut
2686 1665 2926 1719 eﬂiceret
2962 1681 3081 1719 eam
3128 1666 3245 1719 auri
3276 1681 3463 1718 amore

1900 1758 2095 1812 teneri.
2134 1757 2235 1811 Sed
2283 1756 2484 1810 frustra
2526 1758 2572 1809 ei
2609 1757 2875 1824 malignus
2900 1759 3125 1824 parabat
3168 1756 3396 1809 insidias
3433 1771 3451 1820 ;

1900 1850 2097 1902 etenim
2132 1863 2258 1901 cum
2298 1863 2362 1901 ea
2395 1848 2471 1900 illi
2507 1847 2901 1913 perturbationi
2953 1856 3215 1913 tanquam
3249 1846 3459 1899 frenum

1902 1942 2200 2009 iujecisset,
2222 1940 2342 1992 auri
2375 1940 2543 1993 colori
2576 1955 2637 1992 ea
2670 1940 2746 1992 illi
2776 1939 3113 2006 opponebat.
3141 1954 3259 2007 qua:
3281 1954 3457 2007 neque

1900 2034 2082 2087 verbis
2109 2032 2390 2100 explicari,
2423 2048 2597 2099 neque
2632 2040 2809 2085 mente
2837 2033 3251 2098 comprehendi,
3279 2045 3462 2097 neque

1903 2136 2147 2196 tempore
2206 2127 2433 2180 interire
2487 2135 2759 2195 poterant,
2802 2127 2895 2178 sed
2934 2138 3066 2179 sunt
3108 2126 3162 2179 in
3196 2135 3450 2179 aeternum

1900 2218 2036 2271 senii
2074 2218 2315 2283 expertia
2344 2226 2399 2268 ct
2431 2215 2781 2269 immortalia.
2813 2214 2967 2278 Quod
3002 2224 3184 2268 autem
3211 2218 3261 2268 ei
3288 2215 3465 2267 maxi-

1901 2320 2043 2359 mam
2079 2305 2337 2357 excitavit
2387 2312 2768 2367 tempestatem
2794 2341 2808 2363 ,
2837 2310 2896 2354 ut
2928 2303 3125 2356 mulier
3166 2303 3260 2356 illa
3310 2316 3470 2371 egre-

1903 2397 1988 2465 gia
2022 2398 2184 2464 paulo
2215 2403 2337 2463 post
2376 2393 2725 2461 signiﬁcavit,
2757 2394 2861 2447 hoc
2906 2401 3041 2446 erat.

1972 2509 2107 2562 XIII.
2146 2508 2291 2569 Erat,
2327 2506 2526 2574 inquit,
2563 2506 2697 2558 mihi
2722 2505 2947 2574 quidam
2985 2519 3135 2573 ager.
3163 2505 3257 2574 qui
3294 2518 3469 2559 amm-

1904 2602 2070 2657 nitate
2126 2608 2177 2653 et
2223 2597 2634 2666 pulchritudine
2698 2597 2836 2649 alios
2907 2610 3099 2649 omnes
3142 2597 3463 2664 superabat.

1904 2693 1961 2746 In
2003 2696 2104 2745 hoc
2154 2702 2336 2744 autem
2373 2688 2493 2756 ipso
2546 2699 2663 2743 erat
2692 2689 2859 2740 etiam
2895 2687 3175 2740 lavacrum
3200 2725 3213 2748 ,
3245 2695 3302 2740 et
3344 2687 3471 2739 arti-

1906 2788 2027 2840 ﬁcio
2060 2794 2167 2837 tam
2202 2784 2491 2851 pulchrum
2525 2788 2579 2835 et
2623 2796 2686 2834 ex
2724 2790 2833 2833 tam
2878 2780 3020 2833 bona
3060 2778 3289 2832 materia
3339 2792 3471 2831 con~

1908 2880 2130 2938 tectum,
2159 2885 2212 2928 et
2239 2880 2394 2944 aquis
2427 2885 2533 2929 tam
2569 2873 2895 2943 iucundum,
2937 2882 2997 2927 ιιι
3042 2872 3291 2939 cujusvis
3336 2869 3471 2923 deli-

1908 2972 2048 3023 niret
2096 2969 2361 3029 animum,
2402 2968 2565 3019 etiam
2600 2976 2889 3032 antequam
2942 2964 3153 3017 biberet
3200 2971 3294 3015 aut
3324 2961 3474 3015 lava-

1909 3069 2080 3111 retur.
2110 3058 2261 3121 Quod
2302 3072 2425 3109 vero
2462 3054 2665 3108 lavacri
2698 3054 2763 3107 ad
2803 3052 3180 3107 deliniendum
3218 3061 3337 3105 erat
3380 3064 3473 3104 ac-

1908 3150 2498 3210 commodatissimum,
2533 3147 2678 3200 illius
2713 3160 2815 3199 una
2839 3160 2964 3213 pars
2987 3144 3205 3209 quidem
3238 3141 3472 3195 habebat

1910 3257 2055 3294 mare
2090 3258 2102 3293 :
2132 3242 2301 3293 altera
2358 3255 2487 3294 vero
2532 3243 2776 3292 arbores.
2829 3238 2920 3291 Sic
2958 3244 3139 3290 autem
3185 3245 3303 3288 erat
3343 3233 3474 3287 adi-

1910 3335 2147 3393 ﬂcatum,
2207 3341 2266 3383 ut
2328 3348 2357 3385 e
2412 3333 2549 3386 solio
2611 3331 2831 3399 quidem
2889 3330 3256 3397 prospiciens,
3318 3326 3475 3377 illinc

1910 3442 2096 3497 posses
2141 3425 2322 3477 videre
2371 3425 2565 3476 ﬂuetus
2624 3422 2811 3483 maris,
2849 3422 2901 3473 in
2964 3416 3477 3489 tranquillitatcju-

1909 3518 2295 3571 cundissimum
2331 3514 2738 3582 spectaculum,
2800 3521 2852 3564 et
2904 3527 3071 3564 naves
3132 3511 3474 3576 navigantes.

1909 3620 1959 3663 et
1997 3618 2231 3676 portum,
2267 3616 2320 3659 et
2356 3617 2574 3667 nautas,
2621 3604 2747 3656 hinc
2798 3618 2926 3655 vero
2961 3612 3120 3655 terra:
3155 3602 3466 3670 pulchritu-

1910 3701 2113 3761 dinem,
2171 3707 2224 3750 et
2277 3697 2533 3749 arborum
2607 3694 3038 3762 proceritatem,
3094 3703 3147 3746 et
3228 3695 3467 3758 garritus

1912 3792 2189 3849 avium;et
2227 3786 2454 3838 ﬂuentes
2490 3784 2687 3847 fontes,
2724 3786 3025 3852 quinetiam
3095 3794 3387 3836 venatores
3422 3790 3476 3833 et

1912 3881 2281 3939 venationem,
2332 3883 2405 3935 et.
2453 3884 2511 3927 ut
2543 3875 2712 3928 semel
2753 3875 2954 3937 dicam,
2989 3873 3195 3939 ubique
3222 3874 3478 3924 innume-

1914 3971 2108 4024 rabilia
2153 3966 2216 4020 ad
2268 3966 2685 4019 demulcendum
2726 3963 3161 4023 accommodata,
3190 3972 3244 4015 et
3291 3962 3477 4014 omnia

1913 4065 2069 4132 plena
2099 4062 2361 4129 elegantia
2393 4067 2446 4111 et
2481 4058 2819 4109 ammnitate.
2870 4054 2981 4108 Hoc
3028 4070 3157 4123 ergo
3187 4069 3309 4107 cum
3345 4050 3479 4105 mihi

1915 4150 2129 4205 assidue
2177 4150 2384 4201 veniret
2415 4147 2470 4199 in
2506 4154 2765 4207 mentem,
2803 4144 2910 4197 dici
2943 4159 3050 4198 non
3094 4152 3297 4212 potest,
3335 4158 3479 4211 quo-

1917 4241 2077 4294 modo
2121 4252 2299 4292 meum
2347 4246 2559 4289 teneret
2615 4240 2883 4297 animum,
2916 4244 2970 4287 et
3009 4232 3174 4300 hujus
3214 4232 3481 4285 varietate

1919 4348 2004 4386 me
2060 4320 2247 4384 varius
2304 4327 2608 4381 conabatur
2653 4326 2867 4378 daemon
2923 4324 3157 4377 delinire
3212 4330 3265 4376 et
3307 4322 3375 4375 ad
3420 4336 3481 4375 se

1918 4424 2153 4483 trahere,
2185 4419 2275 4475 sed
2306 4431 2485 4472 meum
2524 4417 2773 4483 protinus
2812 4415 3054 4467 animum
3077 4413 3280 4467 extulit
3312 4413 3477 4475 Deus.

1916 4514 2047 4569 mihi
2081 4526 2377 4581 suggerens
2398 4547 2414 4573 ,
2469 4516 2528 4561 ut
2564 4521 2627 4561 ea
2676 4509 2976 4575 cogitarem
3007 4520 3128 4574 qua
3160 4503 3482 4575 preparavit

1914 4608 1981 4660 iis
2011 4606 2100 4673 qui
2127 4607 2301 4672 ipsum
2361 4601 2693 4659 dilexerunt,
2756 4609 2813 4651 ut
2867 4599 2943 4650 ait
2990 4597 3207 4651 divinus
3241 4599 3474 4662 Aposto-

251 4715 337 4765 lus
369 4709 390 4739 ⁸
429 4725 441 4756 :
481 4706 593 4756 hac
622 4713 799 4754 autem
832 4699 1037 4760 omnia,
1105 4704 1163 4749 ut
1203 4712 1322 4764 quae
1362 4696 1551 4757 ﬂuant,
1625 4697 1981 4764 despicerem.
2050 4698 2157 4751 Sed
2224 4696 2303 4748 sic
2352 4694 2567 4762 quidem
2634 4691 2738 4744 l'uit
2795 4698 3083 4759 superatus
3172 4688 3481 4756 malignus,

249 4801 399 4857 nullo
434 4797 652 4861 penitus
685 4792 896 4853 relicto,
931 4790 1074 4859 quod
1124 4799 1309 4858 posset
1338 4790 1555 4841 illorum
1584 4788 1897 4844 demulcere
1927 4792 2165 4853 animos,
2196 4798 2251 4842 et
2281 4789 2348 4840 ad
2371 4801 2428 4841 se
2456 4793 2806 4839 convertere.

320 4938 419 4990 IA’.
456 4934 536 4984 Τὰ
568 4933 621 4984 δὲ
652 4930 776 4997 ἑξῆς
804 4927 929 4981 ποία
970 4927 1065 4994 μὲν
1102 4926 1254 4987 πόλις
1281 4924 1566 4989 ἐλάνθανες
1602 4925 1728 4977 ποία
1744 4924 1800 4976 δδ

252 5030 442 5102 χώρα;
476 5026 623 5088 ἔθνος
656 5026 710 5077 δὲ
744 5026 892 5075 ποῖον
923 5022 949 5074 ὃ
979 5023 1052 5090 μὴ
1083 5021 1307 5089 μετέσχε
1343 5021 1438 5085 τῆς
1470 5020 1691 5071 ἐκείνων
1722 5019 1815 5070 εὑ-

252 5123 507 5189 εργεσίας
538 5118 722 5185 ὥσπερ
773 5115 917 5176 τινὸς
966 5112 1206 5179 ποταμοῦ
1234 5112 1416 5180 ,πολλῷ
1453 5115 1546 5166 καὶ
1587 5111 1813 5179 καθαρῷ

251 5212 331 5280 τῷ
367 5211 595 5280 ῥεύματι
620 5209 707 5261 διὰ
741 5206 922 5273 πάσης
956 5205 1057 5270 γῆς
1094 5208 1187 5257 καὶ
1232 5203 1500 5271 θαλάττης
1530 5202 1622 5255 τοῦ
1654 5203 1811 5267 δαψι-

251 5303 378 5363 λοῦς
403 5300 580 5353 αὐτῶν
612 5298 707 5365 τῆς
738 5297 983 5356 εὐποιίας
1020 5295 1255 5362 νάματος
1288 5295 1531 5363 ρέοντοςς
1580 5294 1642 5345 Ἦ
1677 5294 1812 5361 μέση

250 5394 363 5446 τῶν
393 5389 667 5457 ποταμῶν,
698 5390 753 5440 αἱ
776 5388 1040 5440 Φοινίκων
1072 5387 1274 5448 πόλεις,
1302 5388 1334 5454 ὴ
1364 5385 1471 5437 τῶν
1495 5385 1679 5453 Σύρων
1714 5386 1810 5453 γῆ,

253 5484 470 5547 ιδέξατο
515 5485 607 5535 καὶ
660 5480 931 5545 Δῐγυπτος
980 5480 1079 5547 τὴν
1106 5478 1409 5547 ἀπορροὴν,
1455 5480 1548 5529 καὶ
1598 5476 1719 5527 ὃθεν
1755 5492 1811 5527 τε

255 5574 463 5640 ἀνίσχει
495 5574 522 5624 ό
554 5572 705 5639 ἥλιος
755 5570 850 5624 καὶ
895 5564 955 5623 οὗ
998 5568 1162 5635 δύνει,
1211 5570 1384 5623 πάντα
1436 5568 1534 5635 τῆς
1585 5566 1811 5619 ἱκείνων

347 5767 404 5821 ²Ι
438 5768 563 5826 Cor.
593 5785 651 5835 ιι,
686 5770 737 5825 9.

1990 4924 2130 4977 XIV.
2187 4924 2316 4989 Quze
2386 4929 2567 4974 autem
2626 4918 2887 4984 deinceps
2950 4926 3075 4968 sunt
3134 4916 3477 4969 consecuta.

1922 5032 2211 5086 quamnam
2245 5014 2460 5083 quidem
2498 5011 2776 5065 civitatem
2826 5005 3149 5059 latuerunt?
3187 5017 3481 5071 quanmam

1922 5112 2087 5164 etiam
2142 5106 2462 5176 regionem?
2519 5103 2777 5168 Quanam
2828 5114 2957 5153 vero
2998 5112 3153 5165 gens.
3207 5095 3483 5169 adquam

1926 5220 2033 5257 non
2068 5201 2315 5270 pervenit
2352 5198 2569 5250 illorum
2614 5192 2973 5246 beneﬁcentia
2997 5230 3013 5254 ,
3053 5190 3215 5241 veluti
3250 5186 3482 5252 quodam

1925 5293 2090 5346 ﬂuvio
2135 5306 2329 5357 magno
2361 5296 2415 5339 et
2444 5301 2579 5352 puro
2628 5282 2851 5343 ﬂuento,
2897 5296 2991 5350 per
3030 5280 3337 5331 universam
3375 5286 3484 5328 ter-

1926 5401 2039 5439 ram
2072 5394 2121 5437 et
2168 5396 2315 5434 mare
2348 5379 2549 5433 ﬂuente
2593 5377 2744 5429 uberi
2786 5377 2901 5427 rivo
2933 5388 3120 5426 eurum
3176 5366 3483 5424 beneﬁcen-

1923 5475 2046 5527 tiae?
2113 5469 2546 5538 Mesopotamia,
2609 5464 2933 5517 thnicum
2998 5463 3269 5522 civitates,
3334 5458 3485 5526 regio

1922 5563 2205 5627 Svrorum,
2233 5558 2500 5629 Egyptus
2527 5568 2744 5624 quoque
2779 5552 2896 5620 ejus
2922 5549 3129 5616 accepit
3151 5545 3480 5599 ﬂuxionem:
