4242 6442
735 383 851 449 ττι
1953 377 2005 435 Μ
2019 374 2233 435 ENSIS
2281 374 2711 434 DECEMBER.
3877 365 3994 434 1'12

741 495 974 554 faciebat
1004 491 1266 546 adversus
1298 501 1551 543 somnum
1586 485 1939 542 contendere.
1972 485 2086 539 Sibi
2117 493 2297 537 autem
2330 491 2374 546 Α
2404 501 2416 536 ‹

2330 491 2374 546 Α
2404 484 2592 546 σκαιὸς
2633 483 2950 552 ἐκολάζετο,
2989 485 3087 538 καὶ
3137 485 3198 538 τὸ
3244 485 3512 554 παράπαν
3542 485 3642 538 οὐκ
3700 485 3785 536 εἷα
3819 481 3994 551 vs?“

740 587 888 654 leges
946 583 1278 651 imponebat.
1327 589 1382 634 et
1436 594 1465 632 a
1505 593 1565 634 se
1599 577 1870 632 rationem
1905 576 2160 646 exigebat
2202 584 2298 629 :et
2410 595 2415 609 ·

2146 587 2160 628 t
2202 593 2216 628 :
2245 584 2298 629 et
2410 593 2462 628 τι
2493 578 2733 647 πονηρὸν
2769 578 2862 629 τὸν
2893 581 2994 647 τῆς
3026 577 3207 647 ψυχῆς
3232 578 3569 648 ὑποδραμεῖν
3601 575 3821 642 αἰθέρα.

740 675 919 727 otiosa
952 672 1146 732 oratio,
1181 681 1235 722 et
1269 683 1450 722 mores
1484 683 1592 720 non
1639 668 1774 722 satis
1816 681 2034 732 graves.
2068 673 2121 719 et
2148 665 2291 718 risus
2332 665 2501 720 nitnis
2536 670 2815 732 profusus,
2855 681 2908 724 et
2957 671 3181 725 sinistra
3271 673 3533 741 cogitatio
3609 671 3839 724 omnino
3896 677 3998 718 ca-

743 766 1042 832 stigabatur
1076 781 1089 814 :
1127 773 1182 815 et
1249 777 1355 815 non
1411 761 1626 814 sinebat
1658 759 1885 813 omnino
1939 759 2136 811 malam
2195 758 2431 824 aliquam
2466 763 2666 815 nubem
2704 766 2966 818 a‘therem
3018 766 3214 817 anima:
3244 766 3686 820 sttbtercurrere.

814 855 1003 911 XVIII.
1044 856 1222 922 Atque
1263 853 1354 906 illa
1385 855 1604 921 quidem
1633 861 1742 904 tam
1779 858 1940 904 caute
1970 859 2024 902 et
2052 859 2160 902 tam
2198 849 2301 902 du-
2479 853 2489 904 1

2479 853 2592 910 IH'.
2638 858 2782 909 Ἀλλ’
2804 861 2837 926 ὴ
2867 859 2966 926 μὲν
2983 857 3127 910 οὕτω
3153 858 3590 925 πεφυλαγμένως
3616 873 3672 908 τε
3702 857 3798 908 καὶ
3822 856 4000 925 σκλη-

746 949 885 1003 riter
931 949 1098 1000 vitam
1153 945 1370 1014 agebat,
1407 954 1462 996 et
1501 945 1624 996 aliis
1661 953 1781 998 erat
1832 944 2042 1011 regula,
2093 953 2152 995 ut
2181 957 2301 996 eam
2409 967 2421 1016 ι

2409 958 2517 1016 ρῶς
2547 950 2686 1016 αὐτή
2723 966 2782 1000 τε
2824 950 2971 1002 ἐείου
2999 949 3097 1002 καὶ
3126 952 3246 1012 ταῖς
3277 950 3468 1010 ἄλλαις
3501 950 3600 1016 τὴν
3630 949 3752 1014 ῐσην
3774 947 3994 1000 ὁδεύειν

745 1039 914 1090 vitam
945 1035 1382 1104 ingrederentur.
1416 1034 1648 1087 Perinde
1697 1041 1901 1094 autem,
1951 1047 2016 1084 ac.
2047 1032 2092 1085 si
2142 1032 2192 1085 ei
2239 1032 2305 1085 ad
2405 1057 2420 1094 ι

2405 1040 2587 1094 κανὼν
2641 1037 2743 1110 ἦν·
2779 1041 2974 1111 ὥσπερ
3025 1041 3082 1094 δέ
3138 1043 3214 1110 μὴ
3269 1041 3622 1110 ἀποχρῶντος
3671 1040 3813 1110 αὑτῇ
3849 1040 3993 1108 πρὸς

743 1124 1014 1194 jejunium
1068 1139 1177 1177 non
1230 1123 1502 1193 sulllceret
1536 1124 1776 1192 spatium
1817 1132 2027 1191 septem
2068 1123 2304 1185 dierum,

751 1218 1048 1286 adjiciebat
1103 1220 1267 1269 etiam
1323 1215 1703 1278 Dominicum,
1755 1224 1813 1268 ut
1856 1216 2133 1284 jejunaret
2183 1225 2310 1270 octo

747 1311 866 1364 dies
914 1312 1016 1361 sibi
1053 1310 1161 1362 vim
1216 1306 1471 1370 aﬂ’erens,
1506 1308 1722 1360 etiarnsi
1770 1324 1799 1361 a
1845 1308 2099 1377 prwfecta
2143 1309 2308 1362 vetita

750 1404 821 1455 sit
853 1403 956 1454 hoc
1006 1401 1185 1454 facere
1218 1419 1228 1452 :
1263 1417 1383 1468 qua:
1415 1401 1630 1453 dicebat
1659 1415 1780 1453 esse
1812 1401 2136 1464 absurdum,
2163 1401 2306 1454 diem

749 1491 1189 1548 Resurrectionis
1244 1494 1497 1546 similiter
1554 1503 1712 1559 atque
1767 1494 1903 1546 alios
1936 1495 2158 1548 attribui
2221 1493 2301 1545 af-

753 1583 1004 1638 iIié-tioni.
1054 1582 1206 1636 Unde
1242 1584 1411 1635 etiam
1466 1585 1652 1637 dicens
1704 1587 1980 1653 persuasit
2013 1595 2066 1637 et
2107 1585 2304 1648 ctI‘ecit,

754 1685 810 1728 ιιι
838 1685 990 1729 esset
1035 1675 1141 1728 cibi
1184 1676 1457 1743 particeps
1486 1687 1538 1728 et
1572 1675 1769 1727 modici
1793 1677 1923 1739 olei,
1952 1676 2158 1728 docens
2186 1691 2307 1730 esse

751 1779 1088 1834 praeceptum
1120 1767 1482 1833 apostolicqu
1507 1767 1550 1828 ⁸,
1583 1766 1853 1832 praefectis
1886 1768 2110 1820 obedire
2137 1776 2192 1820 et
2225 1769 2306 1821 eis

2413 1133 2670 1202 νηστείαν
2716 1132 2811 1184 τοῦ
2864 1133 2973 1185 τῶν
3026 1134 3167 1184 ἐπτά
3204 1134 3434 1204 ἡμερῶν
3484 1132 3856 1200 διαστήματος
3890 1132 3993 1183 καὶ

2411 1225 2512 1294 τὴν
2545 1225 2831 1294 Κυριακὴν
2866 1225 3208 1294 προσετίθει,
3240 1225 3384 1277 ὀκτὼ
3420 1225 3518 1286 τὰς
3570 1225 3750 1285 πάσας
3801 1224 3991 1276 ἕλκειν

2416 1316 2628 1383 ἡμέρας
2684 1307 3003 1384 βιαζομένῃ.
3055 1317 3105 1367 εί
3137 1317 3231 1367 καὶ
3259 1315 3363 1366 ὑπὸ
3410 1316 3509 1383 τῆς
3564 1312 3991 1381 καθηγουμένης
4037 1379 4041 1381 _

2413 1406 2570 1458 τοῦτο
2604 1407 2866 1473 πράττειν
2906 1405 3237 1464 κεκώλυται,
3270 1407 3471 1458 ἄτοπον
3516 1401 3657 1456 εἶναι
3691 1405 3783 1455 καὶ
3814 1405 3990 1470 αὐτὴν

2411 1497 2511 1565 τὴν
2540 1497 2914 1564 ἀναστάσιμον
2947 1497 3213 1565 λεγούσης
3255 1498 3470 1566 ἡμέραν
3501 1496 3703 1563 ὁμοίως
3733 1498 3853 1556 ταῖς
3891 1494 3992 1546 ἄλο

2415 1589 2534 1650 λαις
2584 1589 3030 1658 ἀποκληροῦσθαι
3063 1591 3204 1659 πρὸς
3250 1591 3649 1642 κακοπάθειαν.
3684 1589 3849 1640 Ὅθεν
3891 1588 3991 1640 καὶ

2416 1680 2651 1747 λέγουσα
2681 1680 2888 1743 ἔπειθε,
2940 1682 3033 1735 καὶ
3080 1683 3288 1751 τροφῆς
3335 1681 3773 1750 μεταλαμϐάνειν
3811 1681 3989 1733 ἐποίει

2417 1777 2510 1825 καὶ
2534 1773 2873 1843 βραχυτάτου
2897 1776 3102 1835 ἐλαίου,
3131 1776 3490 1827 ἀποστολικὸν
3509 1773 3645 1826 εἶναι
3663 1775 3990 1827 διδάσκουσα

749 1859 968 1912 cedere.
1003 1858 1134 1925 Ejus
1179 1869 1360 1912 autem
1388 1859 1442 1913 in
1492 1860 1766 1913 laboribus
1809 1859 2164 1928 diligentiam,
2195 1872 2246 1914 et
2283 1875 2311 1914 a
2341 1862 2387 1920 B
2416 1883 2424 1896 -

2341 1862 2387 1920 B
2416 1866 2475 1916 τὸ
2526 1865 2897 1933 παράγγελμα
2928 1867 2987 1918 τὸ
3039 1866 3325 1918 πείθεσθαι
3365 1868 3474 1926 τοῖς
3524 1868 3853 1933 ἡγουμένοις
3891 1866 3991 1916 καὶ

749 1950 866 2004 suis
899 1949 1180 2004 laboribus
1209 1952 1456 2005 lectionis
1486 1953 1856 2006 vehementem
1885 1954 2310 2018 contentionem,

751 2049 805 2095 et
838 2056 1028 2095 eorum
1079 2058 1196 2109 qmc
1235 2043 1371 2094 lecta
1409 2041 1643 2104 fuerant,
1689 2057 1866 2096 acrem
1923 2046 2314 2112 perscrutatio-

749 2149 900 2196 nem,
940 2144 992 2186 et
1030 2135 1194 2186 multa
1227 2134 1332 2186 alia
1363 2135 1613 2200 quisnam
1660 2138 1797 2189 satis
1847 2137 2028 2189 verbis
2072 2135 2314 2203 potuerit

751 2223 1101 2291 exprimere?
1128 2221 1263 2274 Nam
1298 2225 1550 2276 manibus
1580 2224 1823 2291 quidem,
1864 2235 1921 2278 ut
1969 2226 2177 2276 dictum
2207 2231 2311 2285 est.

753 2316 822 2370 ad
875 2316 1226 2369 scribendum
1263 2357 1277 2379 ,
1322 2315 1467 2383 quod
1513 2332 1578 2368 ex
1611 2319 1877 2385 scriptura
1912 2327 2090 2370 autem
2143 2316 2313 2370 lucri-

755 2407 1030 2469 faciebat,
1079 2422 1143 2462 eo
1173 2407 1429 2460 utebatur
1480 2406 1546 2459 ad
1585 2408 1809 2462 alendos
1845 2422 2136 2477 pauperes.
2169 2407 2314 2472 Quin

749 2501 914 2553 etiam
957 2514 1100 2567 saepe
1153 2514 1370 2566 quoque
1429 2499 1827 2563 indumentum,
1888 2501 2004 2552 suis
2062 2501 2314 2554 manibus

750 2591 1087 2655 confectum,
1144 2593 1382 2661 ponebat
1425 2591 1480 2644 in
1539 2592 1791 2647 manibus
1849 2607 2190 2661 pauperum,
2249 2608 2312 2646 ex

752 2699 934 2747 sacro,
965 2696 1022 2737 ut
1053 2685 1224 2746 aiunt,
1254 2684 1661 2752 quodammodo
1703 2685 1756 2736 in
1803 2699 1984 2738 sacro.
2022 2683 2316 2738 Sacrorum

753 2785 930 2831 autem
974 2777 1313 2845 cloquiorutu
1359 2785 1477 2830 erat
1529 2776 1664 2831 adeo
1716 2777 1993 2839 studiosa,
2037 2785 2094 2830 ut
2150 2785 2314 2831 totam

751 2867 973 2934 quidem
1005 2867 1244 2920 divinam
1283 2866 1649 2934 Scripturam,
1684 2868 1936 2922 Veterem
1993 2876 2048 2921 et
2084 2866 2314 2932 Novam,

756 2967 840 3011 ter
897 2958 1126 3026 singulis
1177 2959 1343 3011 annis
1377 2959 1698 3028 perlegeret,
1750 2958 1871 3027 ejus
1898 2974 2022 3013 vero
2073 2975 2136 3013 ea
2195 2975 2317 3028 qua:

753 3057 882 3104 sunt
938 3050 1326 3117 pulcherrima,
1383 3065 1598 3117 semper
1656 3051 1880 3105 haberet
1913 3053 1966 3104 in
2011 3052 2218 3122 lingua.
2258 3051 2314 3104 In

753 3144 1010 3197 omnibus
1055 3152 1235 3195 autem
1290 3145 1641 3212 exquirendis
1673 3154 1728 3198 et
1779 3145 2161 3200 examinandis
2193 3154 2314 3200 erat

2419 1959 2662 2009 ὑπείκειν
2697 1959 2896 2020 αὑτοῖς.
2935 1959 3008 2011 Τὸ
3037 1959 3090 2010 δὲ
3130 1959 3388 2027 φιλεργὸν
3427 1960 3484 2008 ἐν
3520 1958 3724 2022 πόνοις,
3761 1957 3820 2007 τὸ
3845 1957 3900 2007 δὲ
3929 1957 3990 2020 ἐξ

2417 2052 2634 2103 οἰκείων
2689 2051 2868 2103 πόνων
2922 2052 3239 2120 φιλόδωρον,
3272 2053 3331 2102 τὸ
3373 2053 3428 2102 δὲ
3478 2054 3575 2117 τῆς
3623 2051 3991 2116 ἀναγνώσεως

2419 2144 2690 2210 σύντονον,
2720 2145 2817 2214 τὴν
2846 2145 2902 2198 δὲ
2928 2145 3042 2196 τῶν
3076 2145 3514 2213 ἀνεγνωσμένων
3545 2144 3792 2209 ἔρευναν,
3829 2143 3897 2193 τὰ
3931 2141 3993 2194 δὲ

2415 2233 2574 2296 ἄλλα,
2604 2235 2688 2295 τίς
2716 2235 2782 2286 ἂν
2812 2238 2902 2286 καὶ
2935 2235 3118 2300 λέγειν
3144 2234 3327 2294 ίκανδς
3359 2236 3500 2301 ipa;
3541 2235 3670 2294 Ταῖς
3702 2234 3801 2299 μὲν
3833 2233 3993 2301 χερσὶ

2419 2324 2558 2390 πρὸς
2586 2323 2684 2392 τὴν
2709 2324 2955 2392 γραφὴν,
2983 2323 3172 2391 ὥσπερ
3203 2323 3439 2391 εἴρηται,
3465 2321 3540 2389 τῷ
3569 2321 3609 2372 δ’
3644 2322 3705 2372 ἐκ
3734 2322 3832 2386 τῆς
3861 2337 3995 2385 γρα-

2419 2417 2522 2484 φῆς
2552 2415 2734 2484 κέρδει
2764 2415 2901 2482 πρὸς
2947 2414 3154 2481 τροφὴν
3188 2414 3296 2464 τῶν
3325 2413 3594 2480 δεομέιων
3627 2412 3847 2479 ἐχρῆτο.
3882 2409 3992 2461 Καί

2419 2507 2521 2558 πού
2551 2524 2604 2559 τι
2655 2508 2748 2558 καὶ
2784 2507 3043 2567 πολλάκις
3075 2505 3311 2573 ἑνδυσμα
3362 2507 3484 2564 ταῖς
3531 2503 3747 2572 ἐκείνης
3796 2503 3992 2570 χερσὶν

2417 2596 2682 2666 ἐργασθὲν
2714 2597 2794 2657 είς
2829 2596 2998 2660 ἁγίων
3029 2595 3236 2646 ἐτίθετο
3276 2595 3484 2662 χεῖρας,
3521 2593 3577 2656 ἐξ
3616 2592 3765 2659 ἱεροῦ
3820 2605 3991 2654 ιρασιν

2418 2689 2608 2758 ὥσπερ
2629 2689 2708 2750 είς
2737 2689 2903 2755 ίερὸν.
2927 2687 3218 2747 Φιλόπονος
3243 2685 3297 2736 δὲ
3322 2686 3456 2751 πρὸς
3475 2684 3541 2736 τὰ
3568 2685 3684 2751 ἱερὰ
3710 2683 3991 2734 ἐδείκνυτο

2418 2780 2595 2848 λόγια,
2628 2780 2700 2842 ὡς
2736 2781 2916 2832 πᾶσαν
2948 2780 3046 2848 μὲν
3082 2779 3179 2847 τὴν
3210 2779 3361 2830 θίαν
3392 2775 3616 2846 Γραφὴν
3657 2777 3756 2844 τήν
3792 2793 3852 2826 τε
3882 2777 3994 2827 lla-

2417 2873 2576 2925 λαιὰν
2613 2873 2704 2925 καὶ
2734 2872 2941 2938 Καινὴν
2968 2873 3088 2940 τρὶς
3113 2870 3231 2923 καθ’
3258 2871 3489 2922 ’ἑκαστον
3519 2870 3724 2920 ἐπιέναι
3755 2868 3817 2919 τὸ
3845 2867 3994 2929 Etcf,

2416 2964 2621 3032 ταύτης
2643 2963 2699 3015 δὲ
2730 2963 2800 3015 τὰ
2834 2963 3099 3014 κάλλιστα
3143 2962 3235 3014 καὶ
3261 2961 3346 3013 διὰ
3379 2960 3623 3028 γλώττης
3659 2960 3744 3012 ἀεὶ
3778 2959 3992 3026 φέρειν.

2419 3054 2490 3107 Τὸ
2517 3055 2573 3107 δέ
2599 3054 2686 3107 διὰ
2730 3055 2948 3107 πάντων
3001 3051 3345 3117 ἐξεταστικὸν
3380 3053 3683 3120 θαυμάσιον
3717 3044 3831 3103 οἷον
3857 3066 3869 3080 ·
3901 3049 3996 3101 οὖ-

2421 3162 2551 3198 ποτε
2579 3145 2687 3213 γὰρ
2735 3144 2907 3212 αὐτὴν
2935 3144 3115 3211 νόημα
3162 3142 3195 3209 ἢ
3251 3143 3399 3211 ῥῆμα
3447 3142 3823 3209 παρέδραμεν,
3856 3139 3996 3193 ἀλλά

756 3237 916 3304 plane
947 3235 1308 3289 admirabilis.
1334 3235 1623 3303 Nunquam
1652 3237 1795 3289 enim
1829 3251 2022 3290 sensus
2046 3245 2138 3290 aut
2187 3253 2305 3290 ver-
2340 3217 2384 3275 ο
2419 3254 2431 3289 ι

2340 3217 2384 3275 c
2419 3237 2514 3290 καὶ
2544 3236 2724 3289 πάντα
2755 3235 2848 3287 καὶ
2894 3234 3010 3284 λίαν
3043 3231 3317 3300 ἐπιμελῶς
3347 3231 3615 3298 ἀνίχνευε,
3649 3233 3744 3283 καὶ
3768 3231 3830 3281 τὸ
3862 3247 3997 3296 κρυ-

754 3327 883 3381 bum
923 3340 1041 3379 eam
1085 3329 1576 3395 praetercurrebat,
1637 3327 1731 3381 sed
1793 3329 1976 3381 omnia
2028 3329 2322 3397 diligenter

758 3417 1231 3487 perscrutabatur,
1264 3426 1316 3470 et
1351 3418 1496 3485 quod
1553 3417 1781 3480 latebat,
1807 3418 2057 3471 eruebat.
2101 3418 2320 3487 Insigne.

756 3523 885 3564 vero
920 3509 1041 3576 ejus
1088 3508 1336 3561 discendi
1372 3507 1638 3570 studium,
1691 3523 1810 3562 eam
1866 3523 2079 3576 quoque
2129 3510 2194 3562 ad
2236 3525 2312 3562 re.

754 3600 1080 3660 centiorum,
1143 3598 1458 3662 bonorum,
1515 3600 1783 3666 inquam,
1840 3611 1893 3660 et
1947 3601 2317 3654 studiosorum

757 3690 962 3756 scripta
994 3688 1420 3750 transmittebat,
1456 3696 1509 3742 et
1552 3689 1687 3741 nihil
1719 3698 1838 3741 erat
1864 3690 2089 3745 omnino
2137 3707 2202 3744 ex
2252 3692 2320 3745 iis

756 3795 880 3849 qua:
905 3778 971 3831 ad
1010 3781 1293 3832 utilitatem
1322 3781 1523 3846 scripta
1551 3779 1764 3832 fuerant
1799 3789 1892 3833 aut
1919 3779 2320 3844 scribebantur,

757 3871 900 3939 quod
959 3888 1064 3924 non
1113 3870 1419 3938 possideret
1459 3877 1507 3922 et
1561 3871 1683 3923 aliis
1713 3873 2167 3925 communicaret.
2202 3871 2318 3924 Jaut

755 3976 887 4014 vero
919 3961 970 4013 itt
1014 3959 1193 4029 lingua
1239 3973 1458 4027 quoque
1495 3958 1682 4013 Graeca
1734 3960 1806 4011 ita
1842 3968 1961 4012 erat
1992 3961 2314 4024 exercitata,

758 4062 818 4107 ut
851 4052 1068 4121 quando
1109 4067 1173 4104 ea
1211 4051 1554 4119 loqueretur,
1585 4050 1767 4103 nullus
1802 4065 1863 4104 ex
1896 4050 1964 4103 iis
1999 4051 2092 4119 qui
2131 4051 2317 4104 audie-

758 4144 910 4206 bant,
948 4142 1196 4196 crederet
1234 4141 1484 4195 Italicam
1522 4141 1762 4209 linguam
1801 4143 1850 4194 ei
1897 4155 2019 4195 esse
2065 4141 2316 4208 patriam.

757 4233 893 4301 Ejus
941 4243 1122 4287 autem
1160 4233 1379 4301 vigebat
1430 4232 1480 4285 in
1513 4233 1770 4286 omnibus
1797 4233 2025 4285 honesta
2066 4231 2317 4299 quaadam

757 4334 810 4379 et
842 4335 994 4394 grata
1021 4326 1215 4377 lenitas
1257 4334 1311 4375 et
1353 4321 1739 4385 mansuetudo,
1781 4325 2015 4375 maxime
2048 4338 2108 4376 ea
2143 4323 2320 4377 «lisse-

760 4425 913 4471 tente
941 4425 996 4468 et
1031 4416 1262 4467 habente
1298 4415 1600 4468 orationem
1637 4413 1703 4466 ad
1738 4427 1834 4466 eos
1868 4414 1958 4481 qui
1987 4415 2320 4468 exercebant

2424 3328 2691 3395 πτόμενον
2716 3327 2860 3396 ᾕρει.
2902 3325 2964 3378 Ἦ
2991 3324 3046 3376 δὲ
3079 3322 3351 3392 ὑπερϐολὴ
3382 3324 3483 3390 τ’ἡς
3512 3323 3869 3390 φιλομαθείας
3895 3321 3994 3372 καὶ

2424 3420 2516 3471 ἐπὶ
2551 3418 2613 3469 τὺ
2643 3417 2752 3468 τῶν
2799 3419 2936 3469 νέων
2962 3415 3131 3485 αὑτὴν
3161 3417 3470 3481 σύνταγμα,
3522 3415 3632 3466 τῶν
3677 3412 3994 3464 σπουδαίων

2424 3509 2587 3576 φημὶ,
2627 3508 2977 3574 παρέπεμπε,
3010 3507 3107 3558 καὶ
3134 3505 3284 3557 οὐδὲν
3324 3505 3460 3566 ὅλως
3498 3503 3606 3556 τῶν
3638 3504 3725 3554 ἐπ’
3751 3502 3995 3573 ὠφελείᾳ

2423 3600 2747 3667 γραφέντων
2779 3597 2811 3666 ἢ
2843 3597 3207 3665 γραφομένων
3236 3591 3303 3662 ἦν
3335 3595 3363 3646 ὃ
3396 3594 3469 3662 μὴ
3500 3595 3716 3655 ἐκτᾶτο,
3757 3596 3851 3645 καὶ
3877 3609 3995 3644 κοι-

2423 3693 2510 3743 νὸν
2542 3694 2650 3751 τοῖς
2681 3689 2859 3748 ἄλλοις
2905 3689 3098 3740 ἐποίει.
3136 3689 3382 3755 Ἰἰσκητο
3413 3687 3469 3738 δέ
3497 3686 3589 3737 καὶ
3618 3685 3714 3752 τὴν
3764 3683 3993 3737 Ἐλλάδα

2425 3779 2672 3844 γλῶτταν
2715 3777 2857 3828 οὕτω
2887 3776 3070 3838 καλῶς
3101 3775 3196 3839 ὡς,
3237 3777 3401 3843 ἡνίκα
3436 3775 3500 3845 δὴ
3541 3777 3632 3826 καὶ
3664 3776 3785 3826 κατ’
3820 3774 3994 3843 αὐτὴν

2420 3868 2753 3933 διαλέγοιτο,
2790 3869 2991 3936 μηδένα
3021 3865 3128 3918 τῶν
3160 3867 3465 3920 ἀκουόντων
3494 3866 3769 3918 πιστεύειν
3802 3866 3994 3934 ὅτιπερ

2428 3959 2605 4028 Ἰταλὴ
2643 3959 2778 4023 αὑτῇ
2808 3959 2956 4025 φωνὴ
2984 3957 3230 4026 πάτριος.
3276 3959 3340 4010 Ἦ
3361 3959 3416 4010 δέ
3446 3974 3505 4023 γε
3524 3957 3770 4026 πραότης
3803 3959 3991 4025 ἠρέμα

2422 4053 2516 4102 ἐπὶ
2548 4053 2709 4103 πᾶσιν
2737 4051 2885 4120 ἤνθει
2921 4050 3083 4101 καλὸν
3115 4050 3299 4111 καλὸν,
3350 4051 3590 4118 ἐπίχαρι,
3627 4049 3722 4100 καὶ
3754 4049 3991 4115 μάλιστα

2420 4141 2812 4210 διαλεγομένης
2843 4140 3032 4208 αὑτῆς,
3072 4141 3161 4191 καὶ
3199 4140 3357 4191 πλέον
3391 4139 3469 4190 ἔτι
3510 4140 3647 4208 πρὸς
3672 4139 3797 4199 τοὺς
3837 4138 3991 4204 φιλο-

2423 4231 2616 4299 σοφίαν
2666 4230 2969 4291 ἀσκοῦντας
3025 4231 3283 4296 κινούσης
3329 4229 3419 4282 τὸν
3471 4230 3648 4296 λόγον.
3685 4229 3789 4280 Τὸν
3835 4229 3894 4282 δέ
3925 4245 3991 4294 γε

2418 4310 2556 4391 πρὸς
2608 4322 2844 4388 Χριστλν
2891 4321 3064 4388 αὐτῆς
3095 4319 3256 4387 ζῆλον
3294 4321 3532 4390 ἄρρητός
3574 4338 3655 4381 τις
3708 4320 3798 4371 καὶ
3848 4321 3992 4372 ἀκά-

2422 4414 2608 4474 θεκτος
2639 4414 2693 4464 ιτ
2707 4429 2868 4481 ρεφεν
2901 4412 3061 4481 ἔρως.
3095 4409 3280 4464 Ταῦτά
3317 4428 3398 4463 τοι
3429 4414 3521 4463 καὶ
3547 4410 3656 4462 τῶν
3689 4411 3995 4479 μανιώδους

758 4506 1178 4575 philosophiam.
1215 4503 1346 4568 Ejus
1401 4519 1532 4564 vero
1577 4505 1629 4558 in
1679 4503 1956 4559 Christum
2011 4506 2184 4558 zelum
2222 4521 2433 4601 nu-D'

2344 4541 2400 4601 Β
2423 4505 2567 4565 τινος
2601 4501 2866 4572 αἱρέσεως
2894 4501 3170 4570 ἐχομένων
3210 4501 3272 4552 οὑ
3326 4500 3487 4568 μόνον
3521 4503 3894 4569 ἀποτρόπαιον
3932 4502 3997 4553 τὸ

759 4599 957 4651 triebat
1005 4611 1158 4649 amor
1188 4595 1412 4664 quidam
1462 4594 1773 4659 ineffabilis,
1808 4603 1862 4650 et
1888 4596 1980 4664 qui
2025 4611 2130 4650 non
2162 4604 2318 4665 pote-

759 4695 844 4740 rat
873 4688 1161 4741 contineri.
1208 4686 1318 4740 Hac
1350 4687 1780 4756 itaque'ratione
1821 4702 1928 4741 non
1984 4689 2158 4741 solum
2203 4683 2318 4741 eili-

762 4778 960 4841 ciebat,
1014 4786 1072 4829 ut
1113 4792 1264 4830 mens
1319 4790 1414 4828 eos
1453 4784 1840 4838 aversaretur,
1900 4781 1994 4846 qui
2048 4777 2312 4832 furiosam

760 4867 997 4934 aliquam
1035 4875 1346 4930 sequuntur
1383 4865 1633 4919 heresim
1654 4903 1667 4928 ,
1699 4866 1792 4919 sed
1833 4881 1932 4920 nec
1963 4868 2318 4936 permittebat

2426 4595 2681 4663 φρόνημα
2713 4595 2971 4655 ἐποιεῖτο,
3002 4591 3119 4644 ἀλλ’
3144 4591 3265 4645 οὑδέ
3302 4593 3494 4654 ἀκοαῖς
3524 4591 3748 4662 γλώεσῃ
3791 4591 3998 4646 διδ6⁴-·αι

2424 4685 2486 4738 τὺ
2517 4686 2741 4738 ἐκείνων
2765 4684 2937 4752 ονομα
2968 4684 3104 4744 ὅλως
3132 4683 3401 4753 ἠνείχετο,
3439 4682 3515 4745 ὡς
3548 4684 3682 4736 αὑτὸ
3706 4683 3870 4735 τοῦτο
3902 4684 4001 4735 λέ-

2425 4793 2546 4845 γειν
2566 4778 2628 4829 τὸ
2652 4776 2746 4828 τοῦ
2787 4776 2933 4829 θείου
2964 4773 3126 4828 Δαυτδ
3158 4774 3252 4826 καὶ
3284 4773 3428 4843 μάλα
3471 4776 3706 4838 οἰκείως,
3733 4774 3816 4834 τὸ.
3847 4794 3866 4825 ι
3911 4776 3997 4828 οὐ

2427 4867 2502 4938 μὴ
2540 4865 2763 4936 μνησθῶ
2787 4865 2895 4918 τῶν
2915 4866 3198 4935 ὀνομάτων
3221 4863 3401 4915 αὐτῶν
3425 4863 3511 4915 διὰ
3542 4865 3766 4932 χειλέων
3803 4881 3924 4932 μου.
3972 4883 3992 4915 ι

761 4971 821 5016 ιιι
843 4976 1031 5016 eorum
1067 4974 1258 5013 nomen
1293 4967 1387 5011 aut
1417 4959 1642 5012 auribus
1687 4958 1994 5019 audiretur.
2019 4959 2315 5029 autlingua
2351 4958 2695 5031 proferretur
2730 4976 2743 5012 :
2779 4957 2938 5022 adeo,
2971 4967 3031 5012 ut
3059 4955 3218 5010 valde
3246 4957 3532 5027 Lapposite
3600 4956 3808 5010 diceret
3857 4956 3999 5013 illud

763 5040 932 5109 divini
966 5051 1230 5103 Davidis:
1268 5067 1285 5098 ι
1324 5046 1440 5104 Non
1475 5051 1775 5104 meminero
1806 5052 2087 5104 nominum
2123 5067 2312 5106 eorum
2354 5067 2450 5120 per
2475 5049 2617 5104 labia
2655 5064 2773 5102 mea
2795 5050 2836 5103 '.
2875 5067 2893 5100 ι

837 5140 980 5195 XIX.
1032 5141 1165 5194 Cum
1200 5150 1404 5199 autem.
1441 5139 1594 5206 juxta
1634 5137 1920 5205 Paulum’,
1949 5139 2182 5196 ferveret
2211 5143 2322 5210 spi-

765 5235 1106 5302 ritu,grave
1157 5230 1422 5292 ducebat,
1462 5229 1506 5282 si
1545 5244 1652 5282 non
1706 5231 1820 5295 ipsa
1872 5231 2073 5284 multos
2121 5231 2324 5285 Christi

768 5324 908 5394 parti
939 5320 1252 5387 adjecisset,
1285 5329 1340 5371 et
1370 5319 1581 5373 similes
1620 5319 1852 5374 haberet
1883 5329 2156 5375 amatores
2187 5330 2328 5374 tem-

768 5416 1027 5486 perantia:
1059 5430 1072 5465 :
1106 5421 1160 5466 et
1191 5415 1388 5480 partim
1422 5412 1643 5480 quidem
1678 5413 1879 5476 verbis,
1903 5415 2099 5481 partim
2138 5423 2320 5467 autem

776 5506 936 5562 donis
975 5505 1180 5558 multos
1226 5501 1603 5556 adolescentes
1651 5512 1705 5556 et
1765 5504 1963 5556 multas
2013 5504 2326 5558 adolescen-

771 5598 913 5651 tttlas
969 5595 1135 5648 traxit
1191 5593 1256 5647 ad
1309 5595 1782 5649 exercitationem.
1827 5595 2029 5649 Eadem
2081 5594 2210 5649 vero
2241 5594 2324 5649 fa-

846 5773 870 5808 ⁸
900 5771 1062 5829 llebr.
1097 5788 1216 5841 sm,
1251 5774 1301 5828 Ἰ.
1379 5774 1559 5832 ‘Psal.
1601 5792 1690 5844 xv,
1757 5778 1809 5831 ι.
1889 5777 1908 5807 '
1936 5774 2092 5832 Rom.
2129 5793 2226 5843 xtt,
2257 5779 2341 5831 tl.

2505 5137 2605 5193 ιΘ’.
2644 5141 2848 5193 Ζέουσα
2877 5139 2933 5192 δέ
2978 5138 3120 5192 κατά
3153 5138 3364 5192 Παῦλον
3389 5138 3470 5208 τῷ
3515 5138 3790 5207 πνεύματι
3821 5139 3997 5194 δεινὸν

2432 5233 2687 5296 ἐποιεῖτο,
2719 5232 2768 5282 si
2801 5230 2877 5300 μὴ
2924 5232 3018 5284 καὶ
3051 5230 3287 5293 πολλοὺς
3331 5233 3425 5284 καὶ
3460 5231 3595 5301 αὑτῇ
3646 5234 3713 5299 τῇ
3754 5231 3999 5299 Χριστοῦ

2435 5323 2614 5393 μερζδι
2652 5321 2937 5393 προσθείη,
2968 5324 3060 5376 καὶ
3092 5323 3327 5393 ἐραστὰς
3357 5325 3574 5392 ὁμοίους
3612 5324 3726 5388 ἕξει
3756 5323 3856 5390 τῆς
3890 5341 4003 5377 σω-

2432 5414 2707 5484 φροσύνης
2738 5431 2750 5443 ⁸
2793 5416 2888 5468 καὶ
2934 5415 3090 5468 τοῦτο
3131 5416 3229 5484 μέν
3263 5415 3462 5482 λόγοις,
3507 5413 3666 5466 τοῦτο
3710 5415 3768 5468 δέ
3799 5417 4001 5480 δώροις

2432 5507 2661 5566 πολλοὺς
2701 5507 2800 5573 μὲν
2830 5506 2937 5558 τῶν
2973 5508 3130 5571 νέων,
3159 5507 3358 5569 πολλὰς
3387 5507 3442 5559 δέ
3480 5509 3572 5560 καὶ
3599 5506 3708 5558 τῶν
3739 5508 4002 5559 νεανίδων

2433 5599 2522 5648 ἐπὶ
2547 5597 2641 5665 τὴν
2664 5597 2894 5666 ἄσκησιν
2918 5595 3081 5652 εἷλκε.
3117 5600 3199 5653 Ta
3231 5599 3318 5652 ἶσα
3341 5599 3395 5652 δὲ
3429 5601 3524 5651 καὶ
3553 5600 3688 5667 προς
3727 5598 4004 5667 Ἕλληνας
