4242 6442
200 396 319 461 ΤΠ

1495 384 1682 447 VITA
1720 381 2140 446 S.HELAN£.

3332 376 3438 439 7'18

194 511 473 580 Νητρίας.
519 505 915 575 Συγγενόμενοι
965 503 1024 557 οι
1072 502 1169 557 καὶ
1202 501 1317 562 τοῖς
1352 499 1411 571 έν
1438 497 1666 557 έκεῖνοις
1688 496 1781 547 av-
1806 496 1855 556 Α

1762 523 1781 535 -
1806 496 1855 556 Α
1880 502 2117 556 montes,
2140 495 2233 563 qui
2262 496 2524 549 dicuntur
2547 492 2754 551 Nitriat.
2791 493 3085 564 Congressi
3112 500 3293 551 autem
3326 493 3437 550 illic

196 604 364 675 δράσι
393 600 706 671 φιλαρέτοις
742 596 834 651 καὶ
882 594 1024 649 κατὰ
1062 594 1162 655 τὰς
1198 590 1453 662 μελίττας
1487 588 1634 642 ἅπαν
1672 586 1769 639 ἂν·

1877 603 2095 657 quoque
2126 602 2250 643 cum
2276 589 2415 643 viris
2439 588 2663 644 virtutis
2689 590 2974 653 studiosis,
2999 588 3091 657 qui
3117 589 3227 643 illic
3256 597 3437 654 erant,

198 694 300 759 θος
318 692 519 765 ἀρετῆς
536 689 951 759 συλλεξάμενοι,
971 684 1199 754 πλήρεις
1223 682 1445 750 ἀγαθῶν
1468 681 1549 743 είς
1581 679 1774 750 Ἰερου-

1767 705 1774 717 ·
1872 696 2000 737 cum
2046 684 2221 738 instar
2253 700 2417 752 apum
2466 699 2684 738 omnem
2731 684 2918 742 ﬂorem
2950 685 3172 739 virtutis
3198 686 3442 753 collegis-

200 791 393 861 σαλὴμ
440 786 777 859 ιπανήεσαν.
830 783 1167 852 Ἦτοίμαστο
1209 779 1268 832 δὲ
1310 777 1407 831 καὶ
1432 777 1467 845 ή
1499 773 1675 844 σκηνή
1704 772 1772 839 τῇ
1840 770 1845 775 ’

201 886 432 952 Μελ-ἀντι
459 883 603 936 κατὰ
642 878 755 933 τῶν
788 875 1018 931 Ἐλαιῶν
1034 873 1189 944 δρος,
1224 870 1417 939 ῶσπερ
1443 869 1550 937 ἄρα
1580 865 1675 920 καὶ
1706 866 1772 935 τῇ

207 976 382 1042 μητρὶ
429 969 824 1037 ἐπετέτραπτο.
876 964 1072 1018 Αίσίαν
1107 964 1166 1016 δὲ
1197 961 1375 1031 ἀρχὴν
1410 957 1651 1011 λαϐοῦσα
1677 956 1776 1025 τήν

202 1066 320 1117 τῶν
342 1062 541 1116 οώτων
565 1061 801 1132 ἡμέραν,
828 1059 1028 1127 ἑαυτὴν
1049 1055 1126 1126 τῷ
1149 1056 1376 1124 οἰκίσκῳ
1398 1052 1773 1121 καθείργνυσι,

200 1158 301 1210 καὶ
346 1156 513 1224 νόμον
565 1153 780 1222 τίθησιν
830 1152 997 1219 έαυτῇ
1051 1149 1158 1202 τῶν
1211 1148 1312 1217 μὲν
1348 1146 1525 1201 ἄλλων
1572 1143 1777 1213 μηδένα

150 1306 157 1311 _
204 1248 351 1316 μήτε
389 1246 521 1316 όρᾷν
562 1245 699 1314 μήτε
742 1243 850 1312 μὴν
892 1240 998 1294 ὑπὸ
1048 1240 1273 1310 μηδενὸς
1304 1236 1574 1306 ίόρᾶσθαι,
1609 1234 1780 1303 μητρὶ

202 1338 264 1390 δε
299 1336 469 1404 αὐτῆς
498 1336 595 1389 καὶ
623 1333 702 1404 τῷ
734 1333 904 1387 πάλαι
937 1332 1038 1401 μὶν
1078 1330 1173 1382 τοῦ
1203 1330 1401 1398 γάμου,
1440 1329 1562 1380 τότε
1596 1327 1654 1378 δὲ
1686 1327 1782 1378 αύ-

203 1430 305 1498 τῆς
362 1427 605 1496 κοινωνῷ
647 1425 803 1497 ἀνδρὶ
857 1424 998 1478 κατὰ
1046 1422 1296 1491 περίοδον
1343 1420 1570 1489 ἡμερῶν
1615 1420 1779 1470 πέντε

205 1520 361 1584 ἅπαξ
414 1519 666 1589 δρᾶσθαι,
725 1519 822 1570 καὶ
878 1520 945 1587 τῇ
1002 1514 1259 1583 ἀδελφιδῆ
1320 1513 1376 1565 δὶ
1434 1510 1635 1581 ὁμοίως
1681 1510 1780 1562 ούκ

204 1613 442 1666 ἀθέατον
470 1607 645 1664 εἶναι’
688 1608 897 1678 ταύτην
918 1608 1026 1676 γὰρ
1053 1610 1117 1659 ἐκ
1147 1605 1340 1658 πολλοῦ
1368 1606 1630 1673 ἐτύγχανε
1658 1620 1784 1654 παι-

206 1704 540 1771 δαγωγοῦσα
573 1703 669 1757 καὶ
699 1703 883 1771 πλήρη
914 1701 1086 1768 τύςου
1114 1702 1209 1752 κειῖ⁵
1244 1697 1556 1766 Ῥωμαϊκοῦ
1585 1696 1786 1766 φρονή-

209 1813 381 1866 ματος
418 1796 585 1849 οῦσαν
633 1797 714 1858 είς
766 1794 1006 1862 ἐσχάτην
1054 1793 1227 1862 ήγαγε
1289 1788 1781 1860 μετριοφροσύνην,

1878 783 2021 835 sent,
2064 774 2208 845 pleni
2265 776 2423 831 bonis
2465 776 2750 831 redierunt
2782 775 3179 849 Hierosolyma.
3215 778 3442 834 Melana

1879 882 2007 923 vero
2035 878 2283 938 paratum
2318 878 2439 924 crat
2460 870 2876 925 tabernaculum
2914 870 2967 924 in
2998 882 3183 927 monte
3212 869 3438 936 Oliveti,

1881 960 2026 1015 sicut
2054 961 2214 1013 matri
2240 962 2555 1015 mandatum
2583 961 2779 1015 fuerat.
2807 962 2946 1016 Cum
2981 961 3223 1016 faustum
3258 974 3439 1017 autem

1881 1053 2181 1122 accepisset
2210 1054 2535 1124 principium
2575 1053 2719 1108 diem
2762 1054 3053 1116 luminum.
3088 1061 3324 1124 seipsam
3359 1057 3443 1109 in-

1882 1144 2052 1199 cludit
2091 1146 2145 1199 in
2201 1146 2531 1201 domuncula
2558 1187 2574 1211 ,
2616 1154 2672 1201 et
2728 1146 2901 1216 legem
2950 1148 3052 1200 sibi
3101 1148 3352 1216 imponit,
3387 1158 3449 1202 ut

1883 1236 2116 1288 aliorum
2150 1237 2371 1304 quidem
2428 1237 2639 1291 nullum
2691 1251 2869 1305 neque
2906 1236 3125 1300 videat,
3166 1253 3343 1307 neque
3380 1242 3449 1291 ab

1886 1328 1997 1381 ullo
2032 1329 2285 1382 videatur
2316 1345 2328 1380 :
2363 1343 2390 1381 a
2429 1338 2601 1383 matre
2642 1338 2843 1394 autem,
2874 1339 2927 1385 et
2959 1332 3027 1385 ab
3063 1345 3131 1384 eo
3185 1333 3278 1399 qui
3314 1311 3446 1386 olim

1885 1420 2151 1487 conjugii,
2208 1427 2339 1473 tunc
2370 1434 2500 1474 vero
2548 1429 2668 1474 erat
2715 1420 2965 1474 laborum
3019 1422 3225 1487 socius,
3270 1424 3450 1490 spatio

1886 1513 2129 1580 quinque
2175 1512 2390 1567 dierum
2436 1513 2607 1568 semel
2655 1511 2957 1576 videretur,
2994 1520 3047 1566 et
3083 1514 3336 1568 similiter
3367 1516 3449 1568 sui

1887 1615 2169 1673 aspectum
2224 1620 2331 1659 non
2374 1604 2674 1671 denegaret
2705 1605 3095 1670 consobrina;
3143 1619 3262 1657 eam
3303 1607 3447 1659 enim

1883 1695 1996 1765 jam
2048 1696 2141 1749 diu
2176 1706 2305 1751 ante
2335 1698 2392 1751 in
2428 1711 2584 1752 suam
2624 1697 2974 1767 disciplinam
3007 1708 3287 1764 acceptam
3318 1712 3448 1750 eru-

1888 1788 2096 1855 diebat,
2135 1791 2464 1861 plenamque
2517 1789 2660 1844 fastu
2713 1799 2768 1845 et
2822 1790 3069 1846 Romano
3122 1790 3340 1858 spiritu,
3385 1790 3450 1842 ad

206 1890 310 1943 καὶ
331 1888 473 1941 οὕτω
512 1886 719 1946 μᾶλλον
762 1885 859 1938 τοῦ
892 1884 1058 1953 εψους
1110 1884 1390 1951 ἐπιτυχεῖν
1444 1879 1787 1949 παρεσκεύα-
1818 1856 1860 1911 Β

1776 1907 1787 1921 -
1818 1856 1860 1911 Β
1887 1856 2191 1937 extremam
2230 1856 2531 1938 deduxerat
2560 1881 2912 1945 modestiam,
2948 1889 3005 1936 et
3029 1881 3110 1937 sic
3147 1856 3351 1944 ell’ecit,
3392 1889 3451 1935 ut

212 1997 336 2036 σεν.
640 2028 648 2034 .

286 2071 414 2129 ΚΓ.
449 2070 653 2125 Τοῦτον
706 2071 830 2123 ὅλον
883 2068 1291 2121 επιπονὼτατόν
1354 2084 1483 2135 φασι
1537 2064 1785 2133 γενέσθαι

209 2168 286 2235 τῇ
319 2163 540 2233 Μελάνῃ
570 2162 661 2215 τὸν
708 2160 824 2230 βίον
856 2161 937 2222 εἰς
969 2158 1063 2229 ἐτη
1094 2157 1591 2226 τεσσαρεσκαίδεκα
1618 2171 1631 2186 ·
1668 2151 1788 2208 εἶτα

207 2256 320 2326 τῆς
357 2255 560 2325 μητρὸς
610 2253 749 2321 αὐτῇ
795 2252 1166 2319 μεταστὰσης,
1218 2251 1402 2318 εκείνη
1432 2250 1543 2311 τοῖς
1575 2264 1787 2316 νενομι-

214 2351 439 2421 σμένοις
474 2347 645 2417 αὐτὴν
671 2346 959 2414 τιμήσασα
1008 2343 1102 2395 καὶ
1128 2341 1218 2393 τὶν
1266 2340 1458 2408 νεκρὸν
1513 2340 1788 2408 περιστείο

214 2443 384 2508 λασα,
426 2444 483 2495 iv
514 2440 746 2507 οίκίσκῳ
778 2438 952 2506 ἑτέρῳ
980 2436 1071 2487 τὸν
1096 2433 1338 2487 ἐνιαυτὸν
1366 2434 1572 2484 ἐκεῖνον
1604 2433 1790 2501 διῆγεν

212 2536 454 2602 ἁφεγγεῖ
477 2549 538 2585 τε
569 2532 662 2584 καὶ
688 2528 860 2582 τᾶλλα
881 2528 959 2597 τῷ
987 2528 1094 2596 πρὸ
1122 2524 1213 2578 τοῦ
1252 2525 1448 2594 ὁμοίῳ,
1479 2522 1608 2576 ἔνθα
1629 2523 1688 2576 τό
1727 2540 1788 2576 τε

215 2626 414 2686 πένθος
459 2626 554 2677 καὶ
606 2622 708 2691 τὴν
740 2622 972 2689 ἄσκησιν
1004 2619 1096 2670 καὶ
1142 2618 1241 2687 τὴν
1285 2615 1535 2686 νηστείαν
1585 2616 1791 2668 ἐπιτεί-

215 2734 390 2775 νουσα
430 2712 518 2786 ἧν.
553 2716 707 2769 Μετὰ
748 2715 803 2767 δὲ
853 2713 1048 2775 ταῦτα,
1074 2710 1170 2777 τῆς
1204 2709 1394 2778 φήμης
1441 2705 1791 2775 ἁπανταχόσε

216 2809 606 2877 διαϐαινούσης
653 2808 745 2859 καί
774 2805 984 2858 πολλῶν
1016 2804 1089 2864 ῶς
1130 2803 1299 2865 αὐτὴν
1326 2800 1662 2867 φοιτώντων,
1698 2798 1793 2851 καὶ

220 2900 496 2959 κοινόόιον
528 2900 671 2969 αὐτῇ
722 2898 936 2964 γίνεται
989 2893 1274 2962 παρθένων
1321 2892 1481 2943 πλέον
1526 2892 1559 2962 ἢ
1613 2891 1797 2961 ένενή-

223 3011 415 3057 κοντα,
448 2995 506 3045 ὲν
534 2986 577 3057 ᾧ
606 2991 666 3042 ού
721 2988 984 3055 παρθένοι
1037 2986 1220 3053 μόνον,
1281 2982 1418 3036 ἀλλὰ
1471 2983 1566 3035 καὶ
1601 2982 1795 3036 πολλαὶ

221 3085 338 3139 τῶν
368 3085 623 3153 άσέμνων
652 3080 822 3134 πολλα
862 3080 1075 3149 χαίρειν
1124 3075 1379 3129 εἰποῦσαι
1429 3073 1506 3144 τῷ
1543 3074 1796 3144 προτέρῳ

1885 1989 2159 2027 summum
2184 1975 2361 2042 magis
2400 1973 2857 2042 apprelienderet.

1956 2063 2146 2119 XXIII.
2190 2066 2342 2119 lianc
2364 2065 2521 2135 longe
2545 2063 3034 2120 laboriosissimam
3061 2065 3223 2118 vitam
3264 2064 3453 2119 dicunt

1887 2154 2061 2211 fuisse
2080 2155 2305 2211 Melana
2335 2158 2400 2211 ad
2429 2171 2606 2210 annos
2628 2157 3069 2225 quatuordecim.
3102 2156 3307 2210 Deinde
3328 2172 3450 2210 cum

1887 2257 2061 2302 mater
2089 2248 2139 2303 ei
2170 2249 2516 2317 emigrasset,
2552 2248 2641 2301 illa
2667 2262 2791 2303 cum
2824 2248 2871 2303 ei
2899 2248 3069 2316 Iustis
3100 2248 3256 2303 factis
3283 2250 3455 2317 ipsam

1888 2339 2262 2404 bonorasset,
2321 2350 2375 2396 et
2426 2356 2628 2410 corpus
2684 2343 3127 2411 composuisset,
3174 2343 3231 2397 in
3282 2344 3457 2397 altera

1888 2431 2218 2487 domuncula
2254 2448 2455 2488 annum
2493 2436 2785 2503 transegit,
2818 2450 2941 2505 qua:
2971 2439 3193 2491 carebat
3228 2437 3371 2497 luce.
3402 2447 3456 2492 et

1890 2523 2094 2591 alioqui
2148 2532 2269 2579 crat
2313 2525 2480 2591 priori
2513 2526 2735 2590 similis.
2769 2527 2822 2581 in
2854 2543 2961 2596 qua
2993 2528 3329 2597 producebat
3371 2530 3457 2583 Iu-

1893 2624 2041 2669 ctum
2075 2623 2130 2671 et
2155 2617 2606 2671 exercitationem
2641 2628 2696 2672 et
2720 2618 3013 2687 ieiunium.
3055 2619 3248 2675 Poetea
3275 2632 3459 2679 autem

1892 2722 2019 2761 cum
2059 2706 2200 2761 fama
2248 2707 2304 2762 in
2350 2722 2566 2762 omnem
2602 2716 2809 2776 partem
2842 2711 3193 2778 pervasisset.
3225 2722 3281 2767 et
3310 2714 3462 2769 multi

1892 2800 1960 2853 ad
2009 2814 2130 2853 eam
2178 2802 2537 2863 ventitarent,
2583 2801 2652 2854 ab
2726 2816 2789 2857 ea
2857 2818 3074 2871 quoque
3121 2804 3327 2859 factum
3380 2816 3467 2864 est

1891 2892 2207 2946 coenobium
2241 2890 2367 2961 plus
2400 2906 2568 2961 quam
2599 2894 2897 2963 nonaginta
2930 2895 3231 2963 virginum,
3262 2896 3318 2950 in
3353 2912 3465 2967 quo

1896 2997 2003 3036 non
2060 2984 2238 3036 solum
2295 2983 2562 3053 virgines,
2609 2984 2703 3039 sed
2745 2986 2933 3041 multa
2965 2987 3127 3041 etiam
3154 3004 3277 3057 qua:
3304 2999 3467 3046 antea

1899 3075 2132 3142 turpiter
2191 3075 2478 3141 vixerant,
2531 3074 2772 3144 priorem
2824 3078 2992 3131 vitam
3052 3086 3107 3132 ct
3157 3079 3467 3150 voluptates

227 3176 335 3245 βίῳ
372 3174 466 3227 καὶ⁵
488 3174 704 3242 ἡδοναῖς
731 3171 829 3239 τὴν
864 3169 1031 3236 καλὴν
1061 3166 1229 3227 ὕντως
1258 3162 1543 3215 ἀλλοίωσιν
1574 3161 1798 3230 ήλλοιώ-
1820 3188 1864 3250 C
1899 3181 1902 3216 1

1793 3188 1864 3250 »Ο
1899 3165 2129 3218 multum
2177 3166 2359 3221 valere
2393 3166 2673 3234 jubentes.
2724 3182 2853 3222 vore
2888 3169 3172 3237 pulchram
3217 3172 3468 3233 fecerunt

222 3266 423 3338 θησαν.
456 3264 703 3317 Τίθενται
731 3262 787 3314 δὲ
836 3260 1062 3321 ταύταις
1117 3256 1214 3308 καὶ
1262 3255 1438 3323 νόμοι,
1471 3254 1531 3306 τὸ
1586 3254 1794 3323 μήποτε

227 3358 370 3427 πρὸς
405 3355 595 3422 λόγους
625 3353 798 3405 έλθεῖν
845 3350 1021 3417 ἀνδρὶ,
1052 3348 1110 3400 τὸ
1157 3345 1428 3415 μηδέποτε
1482 3344 1578 3413 τῆς
1630 3341 1797 3411 μονῆς

225 3447 488 3511 δξελθεῖν,
518 3446 578 3498 τὸ
610 3444 793 3513 μόνοις
819 3439 1106 3509 ἀρκεῖσθαι
1136 3438 1248 3499 τοῖς
1274 3436 1372 3505 τῆς
1419 3433 1609 3503 μονῆς,
1630 3432 1798 3502 μηδὲν

232 3541 508 3612 μηδέποτε
538 3512 691 3606 παρὰ
719 3534 828 3588 τῶν
867 3534 973 3598 ἐξω
1000 3530 1202 3584 λαϐεῖν.
1223 3528 1497 3597 Ἠγεμόνα
1512 3512 1580 3580 δί
1601 3525 1796 3593 ἐφίστη

226 3631 332 3699 τῆς
361 3630 599 3697 ποίμνης
625 3628 723 3695 οὐχ
756 3626 981 3691 ἑαυτὴν,
1018 3620 1135 3673 ἀλλ’
1166 3620 1306 3689 αῦτη
1353 3621 1453 3686 μὲν
1483 3613 1800 3683 θεραπαινί-

222 3724 320 3785 δος
362 3722 559 3781 αὐταῖς
597 3717 920 3786 ἀπεκλήρου
960 3711 1142 3776 τάξιν·
1189 3709 1332 3763 οῦτω
1372 3702 1494 3776 ’γὰρ
1542 3706 1800 3768 κάκείνας

225 3812 564 3881 ἀνασχέσθαι
587 3810 874 3871 πέπεικεν,
907 3805 972 3857 ἶν’
992 3806 1110 3873 ἅμα
1136 3805 1230 3855 καὶ
1252 3803 1312 3855 τὸ
1332 3801 1467 3871 πρὸς
1494 3799 1663 3867 αὐτὴν
1686 3799 1803 3866 ’,εἰλ-

1902 3258 2278 3314 mutationcm.
2329 3259 2695 3328 Imponnntur
2743 3275 2873 3317 vero
2928 3261 3009 3317 eis
3048 3278 3268 3336 quoque
3301 3266 3469 3338 leges,

1904 3358 1960 3400 ut
1990 3361 2113 3401 cum
2143 3348 2260 3400 viro
2299 3363 2577 3415 nunquam
2608 3363 2917 3404 sermonem
2947 3350 3259 3422 conferant,-
3291 3371 3472 3426 neque

1901 3452 1966 3492 es
2017 3439 2356 3493 monasterio
2402 3448 2624 3503 exeant,
2678 3448 2734 3494 et
2781 3440 2849 3494 ab
2883 3441 2954 3496 iis
3005 3445 3099 3512 qui
3135 3454 3263 3500 sunt
3292 3439 3470 3515 citra,

1903 3531 2041 3583 nihil
2079 3547 2319 3601 unquam
2353 3534 2648 3603 accipiant.
2698 3531 2903 3589 Ducem
2936 3544 3117 3591 autem
3144 3540 3329 3610 gregis
3364 3556 3471 3596 non

1904 3619 2140 3688 seipsam
2192 3623 2513 3687 constituit,
2570 3623 2664 3678 sed
2721 3625 2838 3694 ipsa
2893 3627 3117 3695 quldem
3172 3631 3316 3698 apud
3377 3646 3473 3687 eas

1904 3713 2123 3766 tenebat
2153 3714 2330 3768 locum
2352 3715 2564 3769 ancilla
2592 3732 2607 3769 :
2640 3716 2720 3770 sic
2750 3719 2919 3783 enim.
2946 3728 3005 3773 ut
3028 3720 3081 3773 Id
3112 3725 3473 3788 sustinerent,

1904 3801 1976 3857 iis
2010 3805 2305 3871 persuasit.
2353 3816 2411 3859 nt
2440 3808 2603 3861 simul
2632 3818 2686 3861 et
2714 3822 2869 3863 amor
2914 3812 2966 3863 in
3010 3826 3130 3864 eam
3160 3824 3493 3882 augeretur,"

227 3920 363 3971 τρον
392 3900 637 3967 αύξοιτο,
691 3897 789 3952 καὶ
835 3897 894 3949 τὸ
939 3895 1034 3947 τοῦ
1089 3892 1401 3962 μετριάζειν
1451 3890 1802 3959 παράδειγμα
1901 3927 1902 3932 η

1901 3902 1958 3950 et
1987 3895 2070 3950 eis
2099 3906 2243 3951 esset
2268 3898 2644 3967 propinquum
2676 3903 3013 3969 exemplum,
3048 3914 3107 3958 nt
3138 3920 3201 3960 se
3227 3906 3489 3972 modeste

228 3994 467 4064 ἐγγύθεν
514 3992 707 4053 αὑταῖς
761 3989 868 4057 εἴη.
918 3988 1168 4055 Ἐδέχετο
1198 3985 1254 4037 δὲ
1300 3984 1401 4052 τὴν
1435 3983 1612 4051 ἀρχὴν
1643 3981 1804 4050 ἑτέρα

1800 4020 1804 4031 .
1906 3994 2210 4052 gererent:
2260 3989 2560 4042 rectionem
2612 4004 2741 4044 vero
2793 3993 3036 4059 suscepit
3084 3996 3193 4048 alia
3248 4010 3371 4065 qua:
3420 4004 3475 4051 et

229 4091 266 4159 ή
300 4087 395 4139 καὶ
421 4084 606 4155 τρόπῳ
637 4082 732 4134 καὶ
759 4081 903 4148 λόγῳ
941 4078 1055 4129 τῶν
1084 4075 1285 4129 λοιπῶν
1324 4074 1690 4141 διαφέρουσα·
1726 4072 1801 4134 ὡς

1906 4076 2154 4130 moribus
2193 4085 2250 4131 et
2299 4080 2552 4133 oratione
2587 4082 2884 4148 praestabat
2929 4087 3139 4140 caeteris
3186 4104 3200 4139 :
3243 4088 3381 4142 adeo
3417 4097 3476 4142 ut

227 4180 439 4247 ταύτην
470 4176 570 4245 μὶν
610 4172 901 4240 δεσποίνης
944 4169 1105 4236 λόγον
1145 4168 1361 4234 ἐπέχειν
1406 4165 1542 4234 πρὸς
1581 4164 1681 4224 τὰς
1710 4161 1799 4214 ὑπ’

1905 4182 1970 4222 ea
2000 4167 2223 4237 quidem
2253 4168 2394 4237 apud
2423 4184 2515 4222 eas
2542 4184 2665 4237 qua
2708 4171 2756 4223 ei
2805 4172 3090 4239 parebant,
3126 4175 3303 4229 locum
3335 4178 3473 4230 obti-

231 4268 407 4338 αὐτὴν
427 4267 521 4319 καὶ
546 4263 764 4333 κυρίας,
790 4261 890 4329 τὴν
918 4260 1171 4326 Mudqu
1207 4257 1263 4309 δὲ
1292 4258 1356 4325 τῇ
1396 4254 1663 4324 θεραπείᾳ
1698 4252 1797 4323 μὲν

1796 4276 1797 4287 ι
1907 4266 2064 4313 neret
2090 4258 2365 4313 domina):
2414 4258 2623 4313 Melana
2673 4270 2877 4324 autem,
2923 4263 3191 4330 obsequio
3230 4265 3471 4332 quidem,

229 4360 453 4429 δούλης,
480 4358 547 4425 τῇ
583 4355 643 4408 δὶ
679 4351 1063 4421 φιλανθρωπίᾳ⁵
1097 4349 1301 4419 μητρός
1324 4364 1337 4377 ·
1381 4346 1487 4400 κᾶν
1532 4345 1715 4398 εἴποτε
1742 4343 1799 4396 δὲ

1909 4350 2146 4413 ancillae;
2178 4350 2519 4421 benignitate
2548 4366 2701 4417 vero,
2731 4353 2943 4409 matris.
2986 4352 3142 4419 Quod
3179 4357 3224 4409 si
3256 4358 3476 4424 quando

230 4454 328 4504 καὶ
355 4447 558 4515 συνέϐη
590 4445 681 4497 τὸν
709 4443 809 4511 τῆς
832 4440 1159 4508 ἐγκρατείας
1192 4436 1355 4504 ζυγὸν
1388 4436 1492 4488 ὑπὸ
1538 4437 1636 4505 τῆς
1669 4449 1802 4506 προ-
1832 4484 1879 4517 n

1799 4463 1879 4517 ἠ
1907 4442 2233 4512 contigisset
2286 4458 2428 4498 onus
2473 4444 2824 4499 abstinentia
2871 4458 2901 4496 a
2956 4445 3213 4513 praelecta
3253 4452 3474 4517 gravius

230 4543 478 4609 εστῶσης
536 4534 836 4609 βαρύτερον
890 4528 1211 4597 έπιτεθῆναι
1242 4530 1368 4587 ταῖς
1424 4525 1699 4594 ἀδελφαῖς,
1742 4524 1800 4588 ὃς
1833 4524 1878 4542 ⁸⁷

1833 4524 1878 4542 ’⁷
1910 4537 2118 4605 imponi
2170 4535 2484 4599 sororibus,
2537 4536 2683 4604 quod
2738 4536 3085 4593 mollioribus
3115 4542 3476 4609 reputabatur

229 4639 353 4698 ταῖς
379 4630 797 4703 μαλακωτέραις
822 4624 922 4677 καὶ
944 4621 1199 4693 φορτικὸς
1224 4616 1524 4689 ένομίζετο,
1556 4617 1800 4688 ἀρκοῦσα

1910 4629 2224 4692 molestum,
2278 4630 2362 4685 eis
2411 4627 2480 4683 ad
2519 4627 2951 4683 consolationem
2988 4629 3149 4685 beata
3179 4631 3478 4687 suﬁciebat

231 4727 463 4787 ταύταις
513 4722 651 4792 πρὸς
681 4716 1027 4785 παράκλησιν
1075 4714 1108 4781 lg
1164 4710 1410 4781 μακαρία
1456 4705 1549 4780 ἦν,
1583 4711 1643 4761 τὸ
1681 4708 1801 4762 λίαν

1908 4720 2140 4785 Melana,
2178 4734 2321 4789 quae.
2361 4719 2507 4789 quod
2549 4719 2630 4774 eis
2668 4719 2868 4773 durum
2907 4733 3044 4789 erat,
3095 4731 3223 4794 apte
3261 4735 3317 4779 et
3345 4741 3478 4797 pru-

233 4817 536 4888 σκληρύνον
590 4808 844 4881 ιμμελῶς
886 4823 945 4859 τε
995 4808 1088 4857 καὶ
1146 4800 1381 4864 συνετῶς
1429 4801 1654 4855 λύουσα.
1692 4801 1799 4854 Καί

1910 4812 2100 4866 denter
2150 4811 2452 4871 molliebat.
2508 4819 2565 4866 et
2614 4825 2740 4867 eum
2781 4812 3086 4882 aliquando
3111 4816 3478 4885 aﬂligerentur

232 4927 367 4966 me
394 4906 624 4978 νηστείᾳ
652 4899 1002 4972 τρυχομένων
1031 4896 1209 4950 αὐτῶν
1252 4893 1593 4948 λανθάνουσα
1620 4896 1799 4955 πάσας
1904 4955 1907 4966 1

1797 4912 1799 4919 τ
1904 4899 2134 4968 jejunio.
2188 4899 2553 4956 inscientibus
2581 4900 2861 4965 omnibus.
2897 4902 3000 4957 sub
3034 4903 3472 4976 uniucusjusque

232 5003 342 5057 ὑπὸ
371 5002 439 5070 τῇ
490 4996 728 5063 ἑκάστης
763 4992 918 5063 κλίνῃ
947 4990 1017 5041 τὰ
1070 4986 1205 5055 πρὸς
1234 4984 1334 5058 τὴν
1377 4985 1569 5056 χρείαν
1604 4985 1794 5039 έτίθει.
1855 5007 1868 5037 ’.

1855 5007 1868 5037 ·-
1908 4995 2049 5047 lecto
2098 4992 2336 5060 ponebat
2376 5005 2439 5046 ea
2470 5005 2594 5061 quae
2622 4994 2789 5047 erant
2830 4992 2898 5046 ad
2929 5008 3091 5047 usum
3131 4998 3469 5052 necessaria.

243 5091 313 5144 Ἦ
343 5090 398 5141 οι
430 5084 668 5156 εὑροῦσα
694 5084 796 5136 ούκ
818 5081 1005 5151 ἠγνόει
1030 5080 1133 5151 μιν
1165 5073 1231 5151 ἧς
1254 5079 1314 5130 τὸ
1340 5078 1526 5148 ἔργον,
1556 5077 1798 5132 λαϐοῦσα

232 5183 293 5236 δι
329 5181 431 5249 τὴν
465 5179 566 5247 μέν
597 5178 802 5229 ενδειαν
840 5172 987 5226 οὕτω
1015 5169 1408 5239 παρεμυθεῖτο,
1444 5169 1545 5237 τήν
1576 5169 1632 5221 δέ
1662 5170 1797 5236 πρὸς

233 5273 407 5340 αὐτὴν
472 5269 653 5338 φιλίαν
721 5265 955 5335 ἰσχυρῶς
1042 5263 1318 5333 “pi-peto.
1400 5260 1558 5314 Οῦτω
1620 5262 1800 5328 σοφῶς

236 5365 475 5420 ὑπιοῦσα
505 5361 708 5423 ταύτας
750 5359 977 5421 εἰκότως
1012 5357 1077 5424 δὴ
1111 5359 1207 5410 καὶ
1234 5356 1562 5409 διδάσκουσα
1606 5354 1801 5407 «eteo-

239 5457 427 5526 μόναις
460 5454 677 5526 εχρῆτο.

308 5633 435 5686 KA'.
475 5628 665 5694 Ἔλεγε
692 5626 749 5679 δέ
778 5626 858 5695 μὴ
887 5625 948 5679 τὸ
992 5624 1152 5694 σῶμα
1180 5625 1289 5679 δεῖν
1322 5625 1509 5695 μόνον,
1538 5626 1675 5682 ἀλλὰ
1706 5629 1799 5680 καὶ

238 5726 339 5796 τὴν
366 5723 543 5793 ψυχὴν
593 5722 741 5789 ιχειν
776 5718 1053 5787 λογισμῶν
1086 5719 1423 5785 ἁγνεύουσαν
1478 5721 1803 5789 φιληδόνων·

239 5818 432 5871 lustra
461 5812 638 5885 μέσων
676 5812 774 5881 μὶν
811 5810 1026 5864 νυκτῶν
1060 5810 1261 5879 μηδένα
1281 5812 1441 5865 ὄκνον
1474 5814 1549 5875 εἰς
1577 5829 1811 5881 προτευς

592 5908 856 5970 I’arnos.
903 5912 1017 5972 Ga.
1068 5907 1278 5969 CXVI.

1908 5084 2002 5139 Illa
2035 5090 2219 5137 autem
2262 5099 2389 5137 cum
2444 5083 2767 5145 invenisset.
2795 5097 2903 5137 non
2935 5084 3230 5153 ignorabat
3254 5088 3475 5157 quidem

1910 5174 2038 5243 quis
2084 5173 2191 5228 hoc
2241 5170 2481 5235 fecisset.
2538 5172 2818 5241 accipiens
2859 5188 3012 5238 vero.
3059 5176 3141 5232 sic
3174 5177 3477 5234 remedium

1912 5264 2169 5318 aﬂ'erebat
2201 5264 2419 5331 inopize,
2459 5266 2512 5318 iu
2557 5264 2731 5332 ipsam
2783 5274 2963 5320 autem
3021 5267 3183 5321 valde
3228 5286 3477 5337 magnam

1916 5357 2272 5411 conservabat
2301 5357 2756 5411 benevolentiam.
2784 5357 2876 5411 Sic
2904 5358 3182 5426 sapienter
3206 5361 3263 5413 in
3292 5376 3477 5415 earnm

1913 5449 2130 5501 animos
2162 5447 2468 5512 Insinuans,
2501 5450 2696 5503 merito
2746 5451 2911 5505 etiam
2944 5466 3068 5505 cum
3097 5465 3193 5506 eos
3224 5452 3479 5517 docebat,

1922 5540 2155 5593 habebat
2186 5554 2391 5595 morem
2426 5550 2702 5609 gerentes.

1993 5628 2179 5687 XXIV.
2226 5630 2449 5687 Dicebat
2480 5640 2688 5698 autem,
2722 5647 2829 5688 non
2860 5643 3115 5703 oportere
3143 5635 3320 5689 solum
3352 5651 3483 5693 cor-

1922 5736 2043 5790 pus,
2084 5722 2182 5778 sed
2225 5725 2386 5776 etiam
2432 5724 2676 5778 animum
2707 5740 2927 5796 quoque
2960 5736 3171 5780 castum
3201 5738 3256 5782 et
3288 5744 3479 5798 purum

1922 5828 2143 5870 servare
2174 5830 2206 5869 a
2232 5815 2547 5874 libidinosis
2579 5817 3029 5887 cogitationibus.
3065 5819 3261 5873 deinde
3306 5822 3478 5874 niedta

2972 5911 3052 5973 25
