4242 6442
766 347 870 413 Ίῖ9

1990 333 2272 399 MENSIS
2312 335 2561 398 DECEM
2571 336 2740 402 BER.

3903 335 4028 400 τω

766 461 987 517 tuidcm
1019 464 1179 514 nocte
1212 455 1280 513 ad
1313 468 1504 526 preces
1553 452 1763 508 nullam
1813 452 2110 508 ostendere
2161 452 2335 522 pigri-
2363 456 2443 521 Ας

2445 451 2538 521 κάς
2560 450 2988 516 ἐπιδείκνυσθαι,
3021 452 3321 522 εὐχομένας
3362 453 3420 507 δὲ
3454 452 3530 524 μὴ
3556 453 3625 508 τά
3657 455 3815 525 χείλη
3849 454 4028 524 μόνον

769 558 925 621 tiam,
955 559 1248 625 precantes
1277 563 1406 604 vero
1438 560 1549 602 non
1579 546 1755 602 solum
1788 544 1942 600 labra
1975 559 2213 611 movere,
2239 542 2336 600 sed

771 648 945 702 multo
981 643 1156 716 magis
1205 650 1373 697 totam
1409 638 1576 695 simul
1610 653 1805 708 cogere
1831 639 2246 708 cogitationem,
2282 643 2340 691 et

770 738 1036 794 adhibere
1087 742 1326 791 mentem
1387 732 1460 788 iis
1511 746 1636 803 quae
1685 730 1968 787 dicuntur.
2022 729 2339 787 Absurdum

770 831 918 888 enim
948 843 1096 894 esse,
1132 829 1276 883 bona
1322 825 1544 896 quidem
1579 840 1610 878 a
1651 822 1762 879 Deo
1812 831 2021 895 petere,
2058 837 2170 878 non
2210 821 2339 878 dili-

773 933 969 994 genter
1017 926 1200 975 autem
1254 925 1311 974 et
1351 917 1594 973 studiose
1631 930 1697 971 ea
1729 923 1932 986 petere,
1963 924 2016 971 et
2046 915 2113 970 ad
2152 929 2336 985 regem

769 1015 992 1087 quidem
1009 1011 1309 1068 mortalem
1330 1007 1679 1074 accedentes,
1715 1019 1770 1064 et
1799 1008 1991 1063 habitu
2023 1015 2080 1063 et
2110 1017 2340 1078 aspectu

771 1117 826 1162 et
888 1104 1068 1160 modis
1133 1100 1393 1158 omnibus
1448 1115 1562 1171 prae
1635 1114 1696 1155 se
1739 1098 1883 1155 ferre
1937 1100 2337 1166 reverentiam,

775 1202 842 1257 ad
873 1198 1175 1256 terribilem
1224 1208 1360 1250 vero
1413 1192 1778 1248 immortalem
1817 1207 1999 1263 regem
2035 1196 2338 1264 venientes,

776 1311 885 1351 non
926 1293 1100 1348 multo
1145 1289 1322 1360 magis
1365 1286 1432 1343 ad
1469 1285 1810 1340 Dominicam
1860 1286 2240 1341 auctoritatem
2290 1292 2344 1339 et

774 1390 1046 1443 intinitam
1096 1381 1474 1440 excellentiam
1524 1379 1750 1439 timidos
1793 1381 2075 1436 assistere.
2106 1378 2242 1434 Cum
2275 1378 2343 1432 de

778 1481 861 1534 bis
906 1480 1019 1532 haec
1073 1472 1457 1536 disseruisset,
1525 1470 1752 1524 transiit
1811 1470 1878 1523 ad
1942 1479 2173 1523 matrem
2219 1482 2341 1521 om-

775 1571 927 1624 nium
968 1565 1321 1628 cliaritatem,
1353 1559 1534 1617 omnia
1592 1574 1713 1615 esse
1751 1575 1891 1614 vana
1925 1569 1980 1614 et
2012 1571 2344 1629 supervaca-

775 1674 881 1718 nea
942 1659 1062 1716 sine
1115 1657 1217 1712 bac
1275 1653 1661 1726 pronuntians.
1693 1649 1769 1706 De
1799 1666 1905 1722 qua
1949 1658 2004 1705 ct
2035 1650 2206 1705 multa
2237 1651 2344 1707 alia

777 1749 1032 1806 oratione
1062 1757 1148 1804 est
1173 1754 1486 1817 persecuta,
1513 1751 1567 1798 et
1593 1743 1734 1812 quod
1770 1743 1878 1796 alia
1899 1742 2120 1812 quidem
2151 1751 2344 1797 nostra

2447 542 2638 606 κινεῖν,
2667 541 2804 596 ἀλλά
2831 541 3009 612 πολλῷ
3034 543 3298 614 πρότερον
3329 543 3420 596 τὸν
3461 543 3726 616 λογισμὸν
3750 546 4034 600 πάντοθεν

2446 636 2773 704 συγκροτεῖν
2824 637 2919 687 καὶ
2951 635 3044 688 τὸν
3073 632 3201 686 νοῦν
3253 635 3367 698 τοῖς
3397 637 3713 706 λεγομένοις
3762 639 4031 709 ἀρείδειν.

2450 725 2687 778 ’Δτοπον
2721 724 2832 797 γάρ
2878 726 2948 780 τὰ
2976 726 3156 795 ἀγαθά
3210 728 3309 798 μὲν
3345 729 3503 799 παρὰ
3537 729 3675 784 Θεοῦ
3708 731 3909 796 αἰτεῖν,
3951 731 4034 801 μὴ

2448 816 2752 879 σπουδαίως
2781 817 2838 870 δὲ
2886 818 2984 882 τὰς
3025 819 3274 890 αἰτήσεις
3304 822 3504 882 ποιεῖν,
3541 822 3639 874 καὶ
3674 821 3887 889 βασιλεῖ
3926 821 4034 892 μὲν

2447 909 2630 981 θνητῷ
2675 911 3035 981 παρεστῶτας
3079 912 3323 983 σχήματί
3352 928 3427 966 τε.
3463 913 3559 967 καὶ
3603 911 3876 983 βλέμματι
3934 916 4034 966 καὶ

2449 1002 2586 1056 πᾶσι
2619 1002 2841 1073 τρόποις
2873 1002 2933 1056 τὸ
2963 1002 3193 1067 εὐλαϐὲς
3225 1003 3653 1068 ἐπιδείκνυσθαι,
3695 1005 3773 1076 τῷ
3803 1003 4030 1077 φοϐερῷ

2447 1095 2504 1150 es
2542 1100 2636 1150 καὶ
2671 1095 2928 1150 ἀθανάτω
2959 1096 3172 1166 βασιλεί
3198 1097 3524 1167 προσιόντας
3565 1098 3640 1170 μὴ
3673 1098 3856 1167 πολλῷ
3887 1099 4034 1167 pll-

2448 1187 2540 1241 λον
2570 1188 2710 1257 πρὸς
2748 1188 2810 1240 τδ
2863 1186 3180 1240 δεσποτικὸν
3223 1185 3444 1257 ἀξίωμα
3475 1189 3571 1241 καὶ
3621 1188 3721 1258 τὴν
3765 1190 4033 1260 ἀμέτρως

2449 1280 2758 1350 ὑπερϐολὴν
2798 1279 3071 1350 ἔμφόδους
3105 1278 3498 1348 παρίστασθαι.
3529 1281 3769 1336 Τοιαῦτα
3817 1283 3885 1354 δὴ
3934 1286 4034 1337 καὶ
4067 1338 4072 1339 ,

2450 1373 2578 1441 περὶ
2605 1373 2796 1424 τούτου
2820 1371 3165 1441 διαλεχθεῖσα
3184 1373 3274 1424 ὲπῖ
3289 1374 3390 1441 τὴν
3416 1375 3627 1444 μητέρα
3651 1376 3843 1427 πασῶν
3870 1375 4024 1444 μετέ-

2449 1463 2600 1515 δαινε
2631 1462 2728 1532 τὴν
2755 1463 2997 1532 ἀγάπην,
3043 1465 3248 1533 μάταια
3283 1466 3462 1519 πάντα
3492 1467 3878 1537 χωρὶςταύτης
3896 1469 4021 1518 ἀπο»

2451 1557 2751 1627 φαινομένη
2770 1559 2863 1610 καὶ
2881 1573 2949 1608 πε
2958 1557 3135 1624 ριττά.
3159 1560 3230 1612 Πε
3241 1559 3292 1627 pi
3306 1555 3372 1630 ἦς
3390 1559 3524 1613 ἀλλα
3540 1575 3596 1611 τε
3618 1559 3786 1612 πολλά
3799 1559 4030 1628 διεξῄει.

2452 1651 2544 1702 καὶ
2573 1650 2654 1702 ὅτι
2698 1649 2865 1703 τάλλα
2901 1650 2999 1720 μὲν
3026 1649 3188 1727 ἡμῶν
3236 1652 3330 1703 καὶ
3369 1654 3398 1705 ό
3447 1653 3683 1722 πονηρὸς
3735 1651 4030 1721 μιμεῖσθαι

2451 1740 2698 1808 δύναται,
2728 1737 2842 1796 οἷον
2889 1744 3107 1796 ἀσιτίαν
3135 1744 3300 1811 φάναι
3327 1744 3421 1796 καὶ
3464 1743 3773 1814 ἀγρυπνίαν
3803 1744 3902 1797 sui.
3929 1743 4032 1796 ὅσα

773 1843 1052 1913 malignus
1097 1842 1309 1897 damon
1359 1843 1543 1908 potest
1586 1833 1815 1898 imitari,
1870 1845 1927 1886 ut
1977 1833 2127 1887 verbi
2179 1848 2342 1889 causa
2376 1835 2420 1895 Β

2448 1835 2578 1903 περὶ
2605 1833 2668 1887 τδ
2698 1835 2859 1904 σῶμα
2900 1834 3190 1903 τυγχάνειο
3226 1834 3447 1887 πάντων
3484 1837 3594 1903 γὰρ
3644 1834 3853 1888 τούτων
3881 1834 4025 1887 ἀνὼο

773 1935 1013 1992 inediam
1041 1942 1095 1988 et
1124 1933 1384 2000 vigiliam,
1406 1939 1462 1986 et
1488 1941 1827 2000 quaecunque.
1860 1928 1912 1980 iu
1949 1941 2180 1996 corpore
2214 1942 2346 1980 con-

771 2030 996 2086 sistunt.
1030 2024 1168 2080 Nam
1200 2023 1501 2079 secundum
1535 2029 1787 2076 naturam
1821 2022 1935 2090 ipse
1967 2021 2052 2077 liis
2084 2020 2344 2076 omnibus

775 2122 1054 2192 superior,
1084 2126 1138 2173 et
1165 2131 1195 2171 a
1225 2115 1380 2170 nullo
1409 2128 1600 2170 eorum
1636 2111 1780 2166 vinci
1811 2113 2073 2181 potuerit.
2108 2111 2346 2167 Humili-

777 2215 905 2270 tetis
963 2221 1152 2266 autem
1193 2218 1262 2263 -et
1319 2205 1608 2260 cltaritatis
1663 2218 1774 2258 non
1829 2205 2004 2274 magis
2056 2203 2343 2260 nobiscum

751 2309 979 2370 diabere
1030 2305 1273 2377 potuerit
1326 2303 1828 2374 participationem,
1886 2314 2051 2370 quam
2110 2300 2350 2355 tenebrat

765 2403 939 2469 .lucis,
991 2410 1047 2455 et
1089 2400 1283 2454 vitium
1341 2396 1565 2451 virtutis
1610 2411 1625 2447 :
1679 2394 1774 2464 qui
1821 2393 1988 2449 etiam
2021 2403 2239 2462 propter
2259 2406 2346 2456 ea,

777 2510 901 2566 qua
941 2501 1070 2549 sunt
1109 2499 1318 2546 natura:
1367 2488 1604 2542 maxime
1660 2487 1965 2548 contraria,
2005 2485 2342 2553 superbiam,

777 2590 1024 2658 inquam,
1076 2593 1132 2650 et
1174 2583 1228 2638 iu
1264 2582 1514 2636 homines
1573 2577 2036 2640 malevolentiam,
2092 2591 2160 2630 ex
2224 2577 2343 2630 lme

778 2681 948 2737 miser
1007 2676 1236 2734 ell‘ectus
1288 2679 1374 2729 est
1435 2670 1698 2725 tenebrat.
1763 2668 1904 2722 Ante
1971 2669 2152 2722 omnia
2214 2683 2344 2727 vero

780 2771 998 2830 dicebat
1031 2775 1287 2838 oportere
1322 2777 1655 2819 conservare
1692 2767 1896 2815 rectam
1933 2759 2117 2824 tidem,
2156 2772 2344 2827 puram

2443 1943 2600 1996 τερος
2631 1926 2792 1988 αὐτὸς
2823 1927 2965 1980 κατὰ
3001 1927 3187 1997 φύσιν,
3226 1928 3321 1981 καὶ
3367 1926 3580 1990 οὐδενὸς
3610 1927 3674 1980 ἂν
3710 1926 3822 1979 τῶν
3851 1928 4030 1980 τοιού·

2442 2038 2550 2075 των
2573 2019 2837 2090 ἡττηθείη
2895 2020 3025 2072 ποτέ
3052 2035 3066 2049 ο
3105 2018 3613 2090 ταπεινοφροσύνης
3642 2017 3699 2071 δι
3749 2019 3845 2071 καὶ
3890 2017 4033 2084 ἀγάο

2445 2127 2552 2180 πης
2582 2111 2643 2163 οὐ
2675 2109 2834 2179 μόνον
2859 2110 2991 2179 ἡμῖν
3019 2111 3402 2177 κοινωνήσειεν
3424 2109 3456 2179 ἢ
3480 2110 3557 2178 τῷ
3583 2109 3724 2177 φωτὶ
3744 2109 3806 2161 τὸ
3832 2109 4028 2170 σκότος

2444 2204 2537 2255 καὶ
2567 2204 2599 2270 η
2623 2203 2792 2256 κακία
2821 2205 2887 2273 τῇ
2917 2204 3088 2273 ἀρετῇ
3112 2217 3125 2230 ⁸
3155 2203 3211 2264 ὅς
3240 2219 3302 2270 γε
3335 2204 3435 2255 καὶ
3463 2201 3550 2255 διὰ
3576 2204 3641 2255 τὰ
3676 2201 3840 2268 φύσει
3872 2205 4029 2255 ἀναν-

2445 2294 2713 2356 τιώτατα,
2769 2294 3152 2365 ὑπερηφανίαν
3212 2295 3356 2362 φημὶ
3426 2296 3518 2347 καὶ
3569 2294 4024 2362 μισανθρωπίαν.

2446 2385 2632 2448 ἀθλιος
2671 2387 2736 2438 ὲκ
2771 2388 2946 2452 φωτὸς
2979 2385 3171 2448 σκότος
3202 2387 3412 2453 γέγονε.
3457 2386 3568 2456 Πρὸ
3596 2385 3651 2437 δὲ
3675 2385 3898 2438 πάντων
3925 2383 4029 2452 τὴν

2443 2477 2608 2547 ὀρθὴν
2653 2478 2808 2545 ἔλεγε
2851 2479 3031 2530 πίστιν
3082 2478 3456 2532 ἀνενδοίαστόν
3495 2495 3553 2529 τε
3602 2479 3696 2530 καὶ
3743 2477 4029 2546 ἀκραιφνῆ

2445 2570 2754 2638 συντηρεῖν,
2789 2568 2864 2631 ὡς
2887 2570 2915 2622 ὅ
2943 2585 3006 2636 γε
3041 2569 3210 2623 τᾶλλα
3244 2571 3341 2636 μὲν
3377 2568 3779 2639 κατωρθωκὼς,
3811 2570 3947 2636 περὶ
3971 2568 4029 2620 ἑὲ

2450 2663 2654 2729 ταύτην
2687 2661 3035 2725 ιπιδοιάζων,
3084 2663 3211 2730 περὶ
3242 2661 3373 2713 αὐτὸ
3402 2655 3472 2712 ’τὸ
3506 2659 3798 2727 κεφάλαιον
3829 2661 3925 2713 καί
3966 2659 4033 2711 τὸ

2455 2755 2817 2825 καιριώτατον
2849 2756 3066 2808 πάντων
3093 2755 3246 2808 ἔσται
3272 2756 3682 2825 διημαρτηκώς.

779 2880 835 2925 et
875 2868 1022 2924 circa
1079 2863 1244 2919 ullam
1276 2859 1703 2915 dubitationem.
1743 2854 1880 2910 Nam
1945 2855 2038 2926 qui
2079 2855 2134 2909 in
2203 2853 2327 2908 aliis
2365 2851 2587 2922 quidem
2643 2867 2701 2906 se
2760 2861 2905 2908 recte
2955 2852 3147 2921 gessit,
3197 2853 3254 2905 in
3307 2853 3408 2905 bac
3457 2861 3638 2906 autem
3684 2851 3921 2918 dubitat,
3971 2852 4031 2906 in

777 2979 846 3021 eo
889 2960 1034 3033 quod
1067 2967 1153 3015 est
1190 2956 1525 3028 praecipuum
1570 2962 1624 3008 et
1667 2959 1831 3021 caput
1865 2953 2133 3014 omnium,
2180 2949 2536 3003 abcrraverit.

857 3057 1022 3114 XXV.
1063 3054 1199 3112 Cum
1256 3061 1440 3106 autem
1503 3045 1712 3106 videret
1758 3049 1956 3103 multas
2001 3061 2065 3101 ex
2104 3047 2175 3101 iis
2231 3060 2351 3115 quae

778 3160 940 3209 erant
983 3148 1124 3219 apud
1164 3148 1360 3217 ipsam,
1398 3142 1726 3199 mulieribus
1761 3141 1943 3211 magni
1992 3140 2170 3194 facere
2205 3139 2349 3210 jeju-

780 3245 976 3304 nium,
1025 3251 1079 3296 et
1125 3239 1365 3302 timeret,
1413 3250 1484 3290 ne
1528 3234 1582 3289 in
1633 3248 1698 3289 co
1740 3233 2115 3288 existimantes
2165 3232 2347 3285 omnia

780 3331 1082 3394 contineri,
1118 3330 1255 3382 alias
1286 3329 1523 3381 virtutes
1565 3325 1922 3397 negligerent,
1961 3323 2094 3377 tales
2131 3323 2211 3379 cis
2249 3322 2349 3377 ad-

781 3431 991 3483 ducens
1045 3422 1462 3484 sintilitudines,
1505 3419 1570 3474 ad
1622 3420 1866 3488 ipsarum
1915 3417 2187 3472 excitabat
2233 3425 2351 3469 stu-

782 3521 956 3576 dium.
993 3516 1219 3573 Dicebat
1253 3516 1421 3580 enim,
1460 3516 1696 3569 animam
1736 3512 1954 3583 quidem
1993 3526 2116 3566 esse
2141 3521 2354 3578 sponsae

783 3611 1021 3667 similem
1057 3625 1071 3661 :
1106 3622 1227 3678 qua
1285 3614 1414 3662 sunt
1467 3613 1648 3660 autem
1683 3603 1832 3658 circa
1865 3602 2038 3670 ipsam
2097 3599 2352 3658 virtutes,

782 3701 1120 3767 nuptialibus
1154 3699 1489 3754 indumentis
1529 3705 1972 3763 unamquamque
2016 3698 2223 3759 partem
2255 3687 2355 3740 ali-

785 3809 950 3865 quam
981 3792 1230 3861 corporis
1277 3803 1496 3845 ornare.
1540 3785 1819 3854 Jejunium
1850 3797 1982 3838 vero
2011 3795 2131 3837 esse
2155 3780 2352 3849 pedum

784 3894 1192 3942 ornamentum.
1229 3881 1512 3949 Quomodo
1551 3893 1682 3948 ergo
1714 3891 1837 3930 cum
1869 3875 1991 3930 aliis
2020 3871 2355 3927 indumentis

786 3985 1004 4048 oportet
1046 3976 1210 4031 etiam
1261 3987 1324 4028 ca
1373 3973 1598 4032 habere,
1636 3983 1757 4037 qua:
1807 3960 1970 4035 pcdcs
2017 3971 2238 4025 ornant,
2280 3962 2355 4013 ita

778 4069 951 4123 etiam
1006 4065 1204 4119 animat
1240 4074 1365 4116 cum
1410 4059 1531 4112 aliis
1563 4057 1759 4112 adesse
1808 4061 2024 4124 oportet
2060 4051 2353 4121 jejunium.

789 4155 848 4211 Si
890 4153 1016 4225 quis
1066 4163 1245 4206 autem
1296 4162 1488 4203 rursus
1537 4146 1658 4215 ejus
1703 4146 1920 4213 quidem
1954 4141 2126 4196 solius
2164 4153 2356 4193 curam

789 4246 949 4316 gerit,
989 4242 1095 4296 alia
1134 4254 1265 4294 vero
1303 4238 1487 4292 omnia
1532 4235 1780 4304 negligit,
1813 4246 1920 4286 non
1950 4240 2030 4285 est
2070 4243 2135 4284 ea
2171 4227 2356 4282 anima

787 4315 1077 4391 dissimilis
1107 4329 1185 4383 illi
1215 4327 1433 4400 puella,
1467 4340 1593 4396 qua:
1644 4337 1769 4378 cum
1809 4320 2102 4376 duceretur
2152 4315 2220 4370 ad
2258 4330 2361 4370 nu-

789 4427 954 4497 ptias,
989 4432 1044 4479 et
1082 4420 1262 4477 solum
1287 4420 1452 4489 pedes
1479 4417 1584 4471 sibi
1611 4414 1905 4478 induisset,
1934 4410 2146 4478 reliqua
2173 4405 2357 4463 omnia

788 4517 1010 4588 reliquit
1052 4514 1304 4569 inornata
1353 4518 1409 4566 et
1465 4508 1635 4563 nuda.
1685 4506 1760 4560 De
1805 4501 2119 4559 obedientia
2151 4507 2354 4563 autem,

2519 3044 2645 3097 KE'.
2696 3043 2909 3114 Ὀρῶσα
2931 3042 2986 3097 et
3015 3043 3216 3106 πολλάς
3244 3042 3351 3096 τῶν
3380 3044 3506 3113 περὶ
3555 3042 3726 3113 αὐτὴν
3749 3041 4033 3110 γυναικῶν

2448 3136 2510 3188 τὺ
2529 3135 2812 3204 νηστεύειν
2843 3139 2969 3208 περὶ
2991 3135 3189 3189 πολλοῦ
3211 3137 3562 3209 ποιουμένας,
3597 3137 3692 3188 καὶ
3715 3135 4030 3205 φοῦουμινη

2457 3227 2532 3297 μὴ
2558 3226 2620 3278 τὺ
2659 3227 2765 3278 πᾶν
2796 3227 2940 3295 ἔχειν
2969 3230 3029 3280 ὲν
3057 3226 3234 3296 τούτῳ
3274 3225 3523 3297 δόξασαι,
3563 3227 3673 3280 τῶν
3701 3227 3876 3279 ἀλλων
3899 3228 4034 3298 ἀρεο

2455 3319 2561 3371 τῶν
2593 3319 2868 3387 ἀμελοῖεν,
2897 3319 3112 3381 εἰκόνας
3143 3318 3464 3373 ὑποτιθεῖσα
3483 3320 3741 3381 τοιαύτας
3768 3320 3903 3387 πρὸς
3929 3320 4034 3389 τὴν

2453 3410 2632 3464 αὐτῶν
2684 3411 2933 3479 ἠρέθιζεν
2992 3412 3330 3481 ἀπιμέλειαν.
3365 3411 3559 3480 Ἔλεγε
3615 3413 3723 3481 γὰρ
3774 3412 3876 3478 τὴν
3928 3413 4033 3479 μιν

2452 3500 2631 3573 ψυχὴν
2662 3503 2897 3556 ἑοικέναι
2927 3503 3138 3575 νύμφῃ,
3196 3506 3296 3566 τὰς
3347 3503 3404 3557 δὲ
3459 3505 3589 3574 περὶ
3620 3504 3790 3573 αὐτὴν
3823 3503 4032 3572 ἀρετὰς

2454 3595 2750 3664 νυμφικαῖς
2795 3593 3027 3660 στολαῖς,
3066 3596 3303 3664 ἑκάστην
3337 3597 3505 3665 μέρος
3552 3612 3606 3646 τι
3647 3595 3744 3647 τοῦ
3773 3595 4032 3663 σώματος

2453 3685 2908 3750 καλλωπίζουσαν
2931 3703 2947 3718 ·
2999 3689 3256 3756 νηστείαν
3288 3687 3344 3740 δὲ
3391 3688 3599 3756 κόσμον
3630 3683 3770 3740 εἶναι
3823 3688 4028 3744 ποδῶν.

2459 3779 2666 3851 Ὠσπερ
2698 3775 2793 3833 οὖν
2837 3779 3120 3851 προσῆκόν
3151 3782 3270 3832 ἐστι
3297 3782 3395 3834 σὺν
3419 3781 3531 3844 τοῖς
3565 3781 3742 3844 ἄλλοις
3779 3781 3844 3852 δὴ
3877 3798 4034 3850 περε-

2455 3858 2813 3943 σλήμασικαὶ
2859 3873 2925 3924 τά
2949 3874 3075 3934 τοὺς
3131 3873 3297 3934 πόδας
3344 3873 3654 3942 κοσμοῦντα
3699 3875 4030 3944 κεκτῆσθαι,

2456 3964 2598 4017 οὕτω
2627 3966 2722 4016 καὶ
2749 3965 2816 4032 τῇ
2845 3963 2992 4032 ψυχῇ
3026 3964 3165 4031 μετά
3186 3964 3296 4018 τῶν
3329 3965 3508 4019 ἀλλων
3534 3967 3629 4018 καὶ
3651 3967 3751 4034 τὴν
3773 3969 4032 4036 νηστείαν

2457 4057 2706 4125 παρεῖναι
2734 4054 2861 4124 χρὴ.
2901 4054 2966 4105 Et
2994 4071 3079 4118 τις
3106 4055 3151 4107 δ’
3178 4055 3246 4109 ἂν
3279 4055 3442 4108 πάλιν
3485 4057 3652 4126 αὐτῆς
3685 4057 3785 4125 μιν
3813 4060 4036 4129 φροντί-

2456 4145 2540 4210 ζοι
2579 4146 2769 4215 μόνης.
2817 4147 3017 4214 ἀμελεῖ
3060 4146 3118 4200 δι
3149 4147 3366 4199 πάντων
3389 4147 3502 4200 τῶν
3547 4148 3742 4214 ἀλλων,
3782 4150 3940 4201 οὐδεν
3965 4149 4033 4202 ἂν

2457 4237 2661 4307 ταύτην
2697 4237 3014 4291 ἀπεοικέναι
3062 4239 3162 4308 τὴν
3189 4240 3369 4309 ψυχὴν
3410 4242 3510 4308 τῆς
3541 4241 3711 4309 κόρης
3745 4242 3964 4310 ἔκείνης
3995 4244 4030 4312 ἢ

2459 4328 2595 4400 πρὸς
2623 4329 2836 4398 γάμους
2882 4329 3124 4399 ἀγομένη
3167 4332 3260 4383 καὶ
3299 4330 3425 4393 τοὺς
3457 4330 3624 4393 πόδας
3665 4331 4030 4401 στολισαμένη

2461 4419 2643 4489 μόνον,
2674 4421 2741 4471 τά
2779 4418 2943 4472 λοιπά
2977 4419 3155 4472 πάντα
3191 4418 3412 4487 ἀκοσμά
3441 4437 3500 4472 τε
3530 4421 3622 4473 καὶ
3650 4421 3835 4489 γυμνά
3864 4441 4024 4476 κατα·

2459 4509 2625 4563 λίποι.
2671 4509 2951 4580 Ὑπακοῆς
2991 4510 3048 4563 δὲ
3078 4512 3238 4581 χάριν
3263 4501 3477 4564 καῖ’τοῦ
3522 4515 3644 4576 ταῖς
3675 4516 3878 4582 ἀρχαῖς
3913 4519 4028 4567 πεξ-

789 4620 845 4664 et
888 4607 1034 4678 quod
1087 4611 1345 4675 oporteat
1387 4597 1803 4670 magistratibus
1833 4608 2048 4666 parere,
2078 4590 2193 4682 hac
2222 4603 2357 4658 quo-
2386 4600 2442 4682 υ·

2460 4601 2647 4655 θεσθαι
2697 4601 3004 4671 προσετίθει
3059 4604 3153 4654 καὶ
3204 4602 3395 4666 ταῦτα,
3438 4605 3520 4655 ὃτι
3563 4605 3668 4656 κάν
3708 4605 3819 4666 τοῖς
3857 4605 4032 4674 βιωτι-

791 4716 897 4771 que
927 4696 1147 4768 adjecit.
1177 4693 1356 4750 Etiam
1388 4692 1443 4748 in
1476 4692 1545 4746 iis
1573 4705 1693 4760 qua:
1727 4688 1797 4742 ad
1825 4687 1996 4740 vitam
2027 4681 2356 4737 mundanam
2392 4681 2399 4682 “

2456 4697 2572 4757 κοῖς
2609 4693 2768 4749 τοῦτό
2810 4696 2925 4747 ἔστι
2960 4695 3020 4747 τδ
3063 4695 3298 4765 μάλιστα
3326 4697 3503 4750 πάντα
3539 4697 3777 4767 συνέχον,
3814 4702 3910 4750 καὶ
3939 4695 4031 4767 ea-

790 4793 1098 4865 pertinent,
1129 4790 1236 4845 hoc
1264 4795 1369 4854 est,
1403 4785 1548 4857 quod
1580 4783 1765 4839 omnia
1797 4779 2033 4835 maxime
2065 4775 2311 4830 continet
2339 4788 2354 4826 :

792 4897 848 4942 et
890 4885 1038 4956 quod
1080 4885 1352 4954 imperare
1390 4879 1608 4946 quidem
1639 4875 1773 4930 facit
1809 4874 2222 4942 imperatorem,
2261 4879 2358 4935 pa-

792 4992 939 5033 rere.
966 4985 1150 5030 autem
1196 4987 1348 5035 eum,
1388 4971 1481 5040 qul
1520 4975 1606 5024 est
1644 4967 1694 5022 ei
1734 4965 2036 5034 subjectus.
2069 4958 2135 5012 Et
2163 4958 2208 5012 si
2249 4956 2353 5010 boc

794 5067 1110 5129 sustuleris,
1144 5062 1392 5118 ordinem
1433 5075 1652 5132 quoque
1683 5054 1980 5119 sustulisti,
2019 5062 2073 5108 et
2109 5065 2233 5106 cum
2261 5062 2357 5103 no-

794 5161 1037 5216 minibus
1062 5156 1278 5214 scilicet
1302 5169 1392 5210 res
1413 5165 1634 5224 "quoque
1663 5148 1984 5207 confudisti.
2014 5143 2201 5214 Neque
2225 5155 2354 5198 vero

791 5268 841 5306 ei
877 5251 1102 5304 deerant
1138 5247 1385 5315 exempla
1418 5247 1501 5302 sic
1533 5243 1762 5300 dicenti.

862 5337 1054 5394 XXVI.
1096 5336 1343 5392 Accessit
1389 5331 1684 5404 aliquando
1727 5329 1946 5402 quidam
1987 5327 2055 5382 ad
2091 5342 2348 5399 magnum

792 5433 1083 5505 quemdam
1111 5444 1317 5495 senem,
1364 5427 1484 5496 ejus
1525 5424 1758 5481 studens
1793 5423 1909 5477 ﬁeri
1940 5421 2268 5491 discipulus.
2303 5421 2353 5476 ιε

796 5535 974 5577 autem
1028 5522 1096 5576 ab
1155 5521 1311 5574 initio
1370 5517 1688 5582 ostendens,
1723 5512 1939 5584 qualem
1984 5519 2201 5581 oportet
2233 5525 2356 5566 esse

794 5613 1146 5684 discipulum,
1176 5611 1343 5681 jussit
1372 5625 1498 5667 cum
1527 5615 1787 5672 statuam,
1818 5619 1938 5675 quae
1963 5618 2129 5675 prope
2151 5602 2352 5669 stabat,

797 5717 1061 5777 quantum
1087 5712 1272 5776 posset
1308 5703 1622 5765 verberare,
1647 5708 1702 5755 et
1731 5697 1780 5753 ei
1805 5696 2072 5756 insultare
2092 5695 2352 5777 calcibus.

2458 4786 2606 4840 σιλέκ
2655 4786 2756 4857 μιν
2797 4788 3097 4855 ἀποφαῖνον
3138 4789 3230 4839 τδν
3291 4787 3534 4856 βασιλέα,
3588 4789 3830 4857 ὑπήκοον
3868 4791 3927 4843 δὲ
3968 4791 4029 4841 τί,

2455 4878 2698 4947 ὑπήκοον
2720 4891 2737 4910 ο
2763 4878 2866 4931 κάν
2897 4877 3054 4931 τοῦτο
3089 4878 3303 4950 ἀνέλῃς,
3339 4879 3549 4942 ἀνεῖλες
3582 4880 3648 4949 δὴ
3681 4882 3775 4933 καὶ
3814 4881 4029 4951 τὴντά·

2461 4967 2563 5033 ξιν,
2590 4970 2682 5021 καὶ
2710 4967 2850 5039 μετά
2881 4969 2992 5023 τῶν
3014 4971 3296 5040 ὀνομάτων
3331 4971 3584 5042 συνέχεες
3613 4972 3814 5043 δηλαδὴ
3846 4976 3941 5027 καὶ
3958 4977 4026 5028 τά

2459 5060 2781 5130 πράγματα.
2810 5060 2925 5114 Οὐκ
2976 5062 3174 5133 ἠπόρει
3207 5062 3261 5115 δὲ
3291 5064 3387 5117 καὶ
3431 5065 3900 5135 παραδειγμάτων
3943 5067 4026 5119 σύ-

2458 5155 2592 5207 τωσὶ
2621 5153 2879 5222 λέγουσα.

2529 5330 2671 5398 κεῖν.
2697 5331 2834 5385 Hoc!
2862 5349 2946 5396 τις
2975 5334 3247 5405 προσῆλθε
3266 5335 3482 5407 γέροντι
3516 5335 3737 5407 μεγάλῳ
3763 5339 4024 5409 φοιτητὴς

2459 5421 2624 5475 αὐτοῦ
2674 5421 2930 5490 γενέσθαι
2976 5425 3319 5487 σπουδάζων.
3361 5426 3468 5480 Τοῦ
3517 5427 3576 5480 δι
3623 5431 3689 5481 tu
3724 5433 4028 5500 προοιμίων

2461 5506 2574 5568 οἷον
2603 5509 2740 5567 εἶναι
2778 5513 2883 5584 χρὴ
2910 5514 3000 5567 τὸν
3022 5509 3284 5586 φοιτητὴν
3306 5518 3746 5588 ύπεμφαίνοντος
3775 5522 4026 5588 κελεῦσαι

2462 5604 2940 5677 ἀνδριάπαάὺτοῦ
2973 5623 3076 5659 που
3112 5609 3339 5678 πλησίον
3362 5611 3594 5678 ἑστῶτα,
3625 5613 3701 5676 ὡς
3727 5613 3794 5667 ἂν
3823 5617 4028 5676 ἰκτῖνος

2463 5698 2694 5761 δύναιτο,
2745 5698 2908 5769 τύψαι
2939 5716 2999 5752 τε
3037 5703 3130 5754 καὶ
3173 5703 3538 5760 διαλακτίσαι.
3579 5705 3734 5760 Ἐπεὶ
3763 5707 3820 5760 δὲ
3854 5711 3883 5761 ὀ
3911 5709 4024 5771 νόος

795 5773 1102 5870 Postquam
1149 5814 1281 5857 vero
1344 5796 1524 5869 pas-uit
1558 5791 1926 5858 .adolescens,
1992 5773 2346 5859 Interrogavit

2454 5788 2785 5860 ὑπήκουσεν,
2836 5789 3057 5861 ἀρέσθαι
3098 5792 3186 5845 τὸν
3216 5793 3443 5865 γέροντα
3477 5795 3531 5848 εί
3563 5803 3616 5850 τι
3665 5795 4025 5870 πληττόμενιος
