4242 6442
269 411 381 479 ’181

1555 418 1729 481 νιΤΑ
1773 420 1831 480 S.
1873 421 2222 484 ΜΕιΑΝΛζ.

3388 421 3500 488 782

270 518 371 580 και
395 525 911 596 διαλακτιζόμενοςδ
928 527 1151 597 ἀνδριὰς
1170 528 1471 602 diruistst
1491 530 1836 599 ἐδυσχέρανε.
1869 567 1878 589 λ

1869 536 1910 589 Α
1940 546 2129 594 senes,
2167 547 2235 587 an
2264 548 2387 602 qua:
2421 532 2745 601 pulsabatur
2776 540 2830 586 et
2862 532 3107 589 calcibus
3137 532 3505 602 impetebatur

270 617 382 670 Τοῦ
425 616 481 669 δὲ
533 617 701 685 μηδὲν
747 616 990 670 τοιοῦτον
1038 619 1292 686 γενέσθαι
1343 622 1631 690 φήσαντος.
1684 620 1837 684 αὖθις

271 705 437 758 αὐτὸν
458 704 711 758 κελεῦσαι
737 705 959 773 πλῆξαι,
991 710 1084 762 καὶ
1110 710 1229 771 ταῖς
1260 711 1492 780 πληγαῖς
1519 713 1611 764 καὶ
1651 712 1838 781 ὕϐρεις

271 795 612 866 προσθεῖναι.
662 796 752 860 Ὠς
782 797 838 851 δὲ
869 801 987 869 τρὶς
1014 802 1085 851 τὰ
1123 800 1263 854 αὐτὰ
1294 801 1443 871 ἔδρα,
1479 805 1507 855 ὁ
1531 802 1585 854 δὲ
1617 804 1839 871 ἀνδριὰς
1875 794 1879 799 ’

268 887 496 958 ἀνδριὰς
523 888 682 954 μόνον
709 884 777 958 ἦν
803 888 1007 960 ἄψυχός
1039 907 1099 943 τε
1125 893 1219 944 καὶ
1252 893 1463 962 ἄφωνος
1482 908 1498 924 °
1530 893 1651 946 τότε
1683 894 1711 945 ὁ
1739 910 1839 964 γη-

270 978 451 1047 ραιὸς,
470 977 531 1029 El
561 978 662 1047 μιν
689 973 784 1031 οὖν
814 979 909 1031 καὶ
939 982 1029 1044 σὺ,
1055 980 1185 1049 ἔφη,
1216 981 1286 1035 τά
1305 982 1444 1035 αὐτά
1458 998 1520 1034 τε
1547 983 1836 1052 ἀνέχεσθαι

266 1065 423 1137 δύνῃ,
476 1067 572 1120 καὶ
623 1067 788 1138 μηδὲν
834 1069 1087 1142 ἀντιλέγῃ
1149 1071 1339 1141 ὥσπερ
1397 1073 1530 1143 μηδὲ
1574 1075 1732 1128 τοῦτο
1777 1077 1836 1128 τὸ

268 1156 458 1222 ξόανον
482 1156 569 1211 διὰ
599 1160 820 1213 πάντων
844 1163 1367 1232 ἐμπαροινούμενον,
1410 1166 1576 1235 χώρει
1608 1185 1665 1220 τε
1700 1168 1836 1242 Θαρ-

268 1247 382 1318 ρῶν
410 1248 509 1301 καὶ
536 1248 635 1318 τῆς
666 1251 793 1322 παρ’
822 1253 953 1322 ἡμῖν
987 1253 1235 1329 παιδεία-ς
1270 1257 1508 1311 ἀπόλαυε
1533 1275 1548 1290 ·
1572 1262 1620 1312 εί
1649 1260 1705 1312 δὲ
1738 1261 1834 1332 μὴ,

270 1339 409 1409 μηδι
474 1342 542 1411 τῇ
601 1341 720 1410 μεθ’
772 1342 930 1412 ὴμῶν
1001 1346 1267 1417 ἐπιχείρει
1328 1348 1598 1421 διατριϐῇ.
1659 1352 1837 1407 Πολλά

262 1431 493 1485 τοιαῦτα
522 1432 706 1504 ἐκείνη
741 1434 937 1506 διεξῄει
974 1438 1108 1509 πρὸς
1158 1441 1254 1502 τὰς
1286 1441 1609 1511 παρθένους,
1648 1444 1836 1510 ἁπλῶς

262 1522 325 1577 δὲ
353 1524 439 1577 διὰ
472 1526 658 1579 πασῶν
680 1526 832 1581 ίοῠσα
855 1530 960 1581 τῶν
986 1531 1195 1599 ἀρετῶν
1219 1534 1312 1585 καὶ
1341 1535 1426 1603 ἐφ’
1453 1536 1688 1605 ἑκάστης
1710 1539 1835 1591 ὅσον

264 1632 328 1669 τε
358 1615 613 1669 δεικνῦσα
641 1617 701 1668 τὸ
734 1618 921 1687 κέρδος
954 1621 1049 1672 καὶ
1094 1620 1321 1691 ὅσηπερ,
1360 1626 1405 1675 εἰ
1437 1626 1833 1694 ρᾳθυμήσαιεν,

262 1707 303 1777 ἡ
330 1707 523 1776 ζημία,
560 1710 787 1777 ἑπτέρου
821 1727 878 1762 τε
911 1713 1004 1763 καὶ
1034 1714 1213 1781 ἀνεῖχε
1248 1715 1325 1785 τῷ
1346 1714 1490 1786 λόγῳ
1514 1718 1607 1769 καὶ
1634 1721 1833 1783 παντὸς

264 1798 435 1851 πόνου
469 1802 814 1871 κατατολμᾷν
855 1802 1090 1857 ἔπειθεν.
1130 1800 1263 1858 Εἶτα
1308 1809 1401 1861 καὶ
1452 1809 1595 1878 ἱερὸν
1643 1812 1833 1874 αὑταῖς

257 1890 343 1953 ὡς
386 1893 661 1962 προσῆκον
712 1895 985 1965 οἰκοδομεῖ
1022 1898 1106 1965 ἐφ’
1150 1890 1194 1964 ᾧ
1231 1897 1330 1967 τὴν
1370 1898 1517 1952 θείαν
1566 1904 1831 1957 ἐπιτελεῖν

263 1980 465 2052 ἔχοιεν,
498 1985 862 2055 λειτουργίαν,
881 1987 1153 2057 λειψάνοις
1187 1989 1354 2056 ἁγίων
1380 1990 1535 2043 τοῦτο
1562 1992 1831 2062 καθιερώ-

264 2089 431 2139 σασα,
477 2073 572 2127 τοῦ
626 2092 687 2128 τε
746 2080 1028 2147 προφήτου
1066 2080 1354 2149 Ζαχαρίου,
1398 2082 1561 2150 φημὶ,
1613 2084 1829 2137 καὶτοῦ

261 2162 733 2233 πρωτομάρτυρος
769 2167 1064 2234 Στεφάνου,
1116 2170 1207 2220 καὶ
1268 2168 1373 2239 μὴν
1423 2170 1515 2221 καὶ
1558 2170 1667 2224 τῶν
1709 2189 1831 2224 τεσ-

262 2255 578 2326 σαράκοντα
617 2255 711 2309 τοῦ
742 2257 979 2329 Χριστοῦ
1010 2261 1321 2330 μαρτύρων.

338 2543 467 2598 ΚΖ’.
500 2545 565 2598 Τί
602 2544 847 2616 βούλεται
878 2572 905 2601 υ
931 2548 1089 2618 λόγος
1120 2550 1178 2603 τὸ
1223 2552 1359 2620 μετά
1394 2551 1567 2607 ταῦτα
1604 2555 1827 2623 δηλοῦνς

274 2634 591 2700 ’Λπενιανὸς
620 2641 647 2690 ὀ
679 2641 819 2693 κατά
852 2642 1028 2711 σάρκα
1064 2644 1162 2711 μὲν
1195 2646 1481 2713 ὀμόζυγος,
1528 2647 1752 2716 ἀδελφὸς
1780 2650 1835 2703 δὲ

261 2728 555 2797 γενόμενος
579 2732 715 2801 αὐτῇ
748 2733 886 2785 κατά
936 2735 1170 2803 πνεῦμα,
1196 2738 1261 2788 τὰ
1307 2738 1454 2791 κάτω
1503 2738 1672 2792 λιπὼν
1701 2741 1836 2809 πρὸς

259 2820 367 2888 τὴν
401 2819 513 2872 ἀνω
540 2821 691 2889 λῆξιν
724 2827 1050 2893 μεταχωρεῖ.
1080 2826 1147 2877 'H
1174 2824 1225 2877 δὲ
1249 2831 1342 2881 καὶ
1366 2829 1426 2880 τὸ
1455 2829 1653 2900 ἑαυτῆς
1687 2833 1836 2894 τέλος

262 2911 367 2981 ᾔδη
413 2912 653 2979 ἐγγίζειν
716 2914 1057 2969 ὑπολαϐοῦσα
1118 2916 1379 2985 μειζόνων
1430 2921 1654 2988 ἀγώνων
1704 2924 1834 2975 αὐτὸ

263 3005 540 3071 πρόφασιν
585 3008 839 3069 ἐποιεῖτο,
892 3009 985 3059 τοῦ
1040 3009 1138 3077 μὲν
1192 3011 1336 3079 ἱεροῦ
1378 3011 1524 3065 ἔνδον
1573 3016 1827 3083 μένουσα,

260 3097 489 3166 νηστείᾳ
511 3098 565 3149 δὲ
599 3101 835 3160 καὶτοῖς
884 3099 1061 3163 ἄλλοις
1107 3104 1382 3166 ἐπιπόνοις
1426 3104 1628 3159 ἅπασιν
1670 3112 1832 3161 ἐπεκ-

261 3189 572 3256 τεινομένη.
621 3192 715 3242 καὶ
760 3190 930 3243 ταῦτα
975 3194 1055 3253 είς
1100 3194 1364 3261 τέσσαρας
1397 3196 1550 3259 ὅλους
1584 3201 1825 3268 χρόνους.

264 3277 498 3330 Ἔπειτα
538 3279 826 3332 διανοεῖται
877 3285 969 3337 καὶ
1006 3288 1422 3354 φροντιστήριον
1468 3289 1676 3357 ἀνδρῶν
1708 3294 1823 3343 ἀνε-

258 3369 444 3437 γεῖραι
469 3383 485 3399 ⁶
523 3369 636 3421 ἀλλ’
671 3372 702 3438 ἡ
736 3372 869 3439 πρὸς
899 3372 959 3422 τὸ
992 3372 1233 3444 δαπανᾷν
1266 3377 1467 3444 ἀπορία
1499 3380 1595 3447 τὴν
1626 3382 1830 3447 προθυ-

262 3459 397 3536 μίαν
425 3461 706 3529 ἀπεῖργεν.
750 3463 901 3517 Ἐπεὶ
934 3464 991 3515 δὲ
1037 3465 1113 3533 τῷ
1142 3465 1259 3534 Θεῷ
1310 3470 1484 3521 πάντα
1514 3474 1827 3541 τελὲφρόνει

261 3544 362 3603 καῖ
386 3549 536 3614 ἔλεγε
568 3551 792 3616 δυνατὰ,
833 3555 994 3616 αὐτὸς
1021 3557 1112 3608 καὶ
1142 3556 1345 3625 ταύτην
1380 3559 1544 3625 αὐτῆς
1577 3536 1831 3629 imam-

264 3641 394 3709 ρίαν
442 3642 705 3695 ἀπέλυεν·
740 3645 831 3695 καί
862 3662 945 3704 τις
993 3646 1129 3714 ἀνὴρ
1173 3647 1280 3698 τῶν
1326 3649 1539 3719 πλούτῳ
1573 3655 1666 3705 καὶ
1699 3653 1829 3721 χρή-

263 3748 401 3801 μασι
436 3734 728 3803 περιττῶν,
762 3737 969 3805 χρυσοῦ
999 3755 1121 3790 τινα
1169 3741 1331 3806 ὄγκον
1366 3742 1503 3811 αὐτῇ
1544 3744 1829 3812 χαρίζεται

259 3824 681 3887 πολυτάλαντον,
715 3828 798 3893 ἐφ’
830 3823 873 3894 ᾧ
900 3830 961 3897 δὴ
998 3834 1092 3884 καὶ
1121 3833 1179 3883 τὸ
1204 3832 1363 3900 ἔργον
1397 3834 1533 3901 αὐτῇ
1564 3834 1829 3901 διηνύετο,

259 3919 358 3968 καὶ
395 3917 536 3984 ἱερὸν
564 3918 878 3988 ᾠκοδόμητο
916 3924 1350 3990 φροντιστήριον,
1378 3926 1468 3975 καὶ
1498 3914 1692 3992 ἄνδρας
1720 3926 1832 3977 ἑδέ-

259 4022 387 4076 χετο
416 4007 565 4071 οἴους
604 4009 671 4061 ἀν
700 4010 867 4078 ἐχρῆν
893 4010 969 4078 τῷ
999 4014 1215 4079 ἐκείνης
1255 4015 1442 4083 τρόπῳ
1491 4015 1826 4083 συμὸαίνειν.

259 4098 468 4153 Τούτου
496 4100 552 4153 δὲ
576 4101 670 4152 τοῦ
704 4104 866 4154 πόνου
902 4105 1095 4171 μικρὸν
1124 4106 1539 4158 ἀναπνεύσασαν
1592 4106 1833 4177 μείζονές

257 4207 319 4243 τε
374 4190 545 4261 αὐτὴν
593 4192 887 4261 διεδέχοντο
939 4195 1089 4246 πόνοι
1146 4199 1241 4250 καὶ
1292 4196 1571 4265 ἀποδημία
1623 4199 1832 4267 μακρά.

275 4280 589 4337 Ἐπιστολαὶ
629 4284 737 4352 γὰρ
771 4285 997 4352 φοιτῶσι
1026 4285 1118 4338 τοῦ
1157 4287 1299 4340 οείου
1334 4290 1468 4356 πρὸς
1500 4290 1666 4357 αὐτὴν
1698 4291 1833 4343 Bon.

259 4371 534 4436 λοσιανοῦ,
574 4373 633 4435 ὃς
686 4374 923 4443 ἔπαρχος
967 4377 1069 4443 μὲν
1116 4378 1235 4428 κατ’
1286 4380 1461 4430 ἐκεῖνο
1509 4382 1702 4450 καιροῦ
1733 4383 1832 4450 τῆς

272 4464 557 4534 Ῥωμαίων
585 4467 859 4519 ἐδείκνυτο
904 4468 1127 4531 πόλεως,
1177 4470 1405 4539 πρὲσὸις
1437 4472 1493 4524 δὲ
1521 4474 1599 4531 είς
1631 4473 1829 4537 Βυζάνε

260 4573 375 4609 τιον
399 4557 553 4627 παρά
580 4556 676 4627 τὴν
706 4557 948 4625 βασιλίδα
981 4559 1256 4613 ἐστέλλετο
1284 4561 1569 4616 Εὺδοκίαν.
1605 4564 1821 4634 Ἐδηλου

260 4647 319 4699 δε
348 4649 380 4717 ή
412 4648 669 4716 ἐπιστολὴ
714 4647 885 4702 ταῦτά
911 4666 968 4700 τε
1004 4652 1097 4702 καὶ
1130 4651 1212 4702 ὅτι
1260 4651 1346 4705 διὰ
1382 4653 1578 4705 πολλοῦ
1612 4656 1735 4721 ἄγει
1764 4658 1825 4709 τὸ

262 4739 321 4799 ἐς
357 4737 480 4805 ὄψιν
513 4738 661 4806 αὑτῷ
711 4739 926 4806 ἐκείνην
973 4738 1165 4792 ἐλθεῖν.
1212 4739 1271 4792 Ἦ
1319 4740 1375 4793 δὲ
1432 4744 1540 4813 ήρα
1589 4745 1687 4813 μὲν
1734 4750 1829 4800 καὶ

262 4829 400 4897 αὐτὴ
453 4827 540 4879 τδν
597 4828 738 4881 Θεῖον
789 4830 941 4893 ίδείν,
1002 4833 1094 4884 καὶ
1151 4832 1476 4899 μεταϐαλεῖν
1524 4839 1707 4889 πεῖσαι
1734 4839 1829 4903 τῆς

261 4917 419 4984 δόξης
464 4918 562 4988 τῆς
613 4919 896 4989 δλληνικῆς
946 4920 1137 4990 (ταύτῃ
1178 4923 1285 4989 γὰρ
1322 4918 1473 4986 οὗτος
1530 4926 1696 4977 πάλαι
1737 4945 1827 4978 κε-

264 5006 549 5075 κράτητο),
580 5008 787 5076 ἠγωνία
813 5009 869 5063 δι
895 5010 968 5079 μή
1014 5026 1065 5061 τι
1092 5012 1186 5063 καὶ
1214 5012 1363 5080 παρά
1391 5013 1469 5080 τῷ
1499 5014 1615 5081 Θεῷ
1644 5016 1830 5067 δοκοῦν
1868 5051 1877 5061 ι

266 5098 522 5167 πράξασα
569 5099 740 5153 λάθοι.
797 5101 1185 5172 Κοινωσαμένη
1237 5103 1293 5155 δὲ
1332 5105 1426 5155 καί
1472 5121 1614 5156 τισιν
1649 5104 1828 5165 ἀλλοις

263 5191 372 5242 τῶν
406 5190 653 5258 μοναχῶν
681 5191 749 5244 τὰ
791 5192 883 5244 τοῦ
924 5194 1279 5261 πράγματος,
1328 5196 1448 5248 επεὶ
1496 5195 1833 5265 συνεχώρουν

265 5279 505 5332 κάκεῖνοι
549 5280 646 5351 τὴν
706 5282 950 5345 κάθοδον,
1007 5283 1215 5355 ιξορμᾷ
1268 5287 1374 5337 τῶν
1437 5285 1824 5355 Ἱεροσολύμων

263 5371 297 5439 η
333 5369 574 5439 μακαρία
595 5374 689 5425 καὶ
705 5372 865 5435 εὐθὺς
894 5373 1033 5427 κατά
1055 5376 1231 5427 πᾶσαν
1252 5376 1404 5428 πόλιν
1433 5392 1489 5428 τε
1524 5380 1621 5431 καὶ
1642 5376 1825 5445 χώραν

264 5456 461 5528 ἐχώρει
487 5459 649 5528 τιμῆς
672 5477 731 5512 τε
764 5462 861 5528 τῆς
890 5464 1268 5533 προσηκούσης
1295 5468 1387 5518 καὶ
1418 5464 1711 5533 θεραπείας
1738 5467 1823 5517 ἐπ’

264 5551 405 5619 αὐτῇ
439 5551 746 5619 γινομένης.
788 5553 853 5603 ΟΞ
899 5569 956 5604 τε
990 5555 1097 5622 γὰρ
1121 5554 1242 5606 ,τῶν
1288 5556 1494 5608 πόλεων
1535 5557 1698 5624 ἱερεῖς
1736 5560 1827 5610 καὶ

263 5640 537 5709 ἀρχιερεῖς
570 5643 668 5694 οὐκ
700 5642 883 5711 ὀλίγην
922 5643 1059 5710 αὐτῇ
1091 5645 1187 5713 τὴν
1233 5646 1395 5715 τιμὴν
1428 5647 1725 5716 προσῆγον,
1767 5648 1826 5703 αῖ

338 5816 416 5889 (2)
440 5817 595 5872 Anno
635 5818 758 5886 ‘54,
788 5828 923 5876 teste
947 5819 1211 5889 Baronio,

1942 633 2149 690 statua,
2190 626 2588 680 contradixcrit
2620 632 2714 677 aut
2744 639 2889 693 :egre
2920 626 3127 680 tulerit.
3160 625 3299 681 Cum
3330 626 3377 681 is
3404 642 3503 681 au-

1941 724 2046 770 tem
2102 718 2352 779 dixisset,
2403 718 2481 770 nil
2540 717 2747 771 factum
2809 718 3107 786 ejusmodi.
3160 717 3329 787 jussit
3376 734 3501 773 eum

1940 824 2135 863 rursus
2186 818 2495 878 percutere,
2558 819 2611 863 et
2670 820 2867 879 prater
2920 811 3111 880 plagas
3160 826 3281 864 eam
3334 814 3501 865 etiam

1943 903 2218 956 incessere
2280 901 2611 958 maledictis.
2678 902 2973 971 Postquam
3039 917 3171 956 vero
3232 910 3315 958 ter
3373 903 3505 956 fecit

1938 994 2156 1059 eadem,
2183 1003 2365 1048 statua
2397 1004 2580 1048 autem
2611 1004 2729 1048 erat
2777 996 2954 1048 solum
2985 994 3225 1049 inanima
3253 1004 3307 1049 et
3330 1005 3503 1055 muta.

1940 1093 2071 1139 tunc
2115 1101 2283 1140 senex
2328 1102 2341 1137 :
2382 1084 2438 1140 Si
2472 1086 2717 1154 quidem,
2758 1086 2959 1154 inquit,
3006 1093 3065 1138 tu
3099 1100 3315 1153 quoque
3345 1095 3501 1153 putes

1939 1177 2126 1231 eadem
2163 1178 2458 1243 sustinere,
2505 1187 2561 1232 et
2606 1178 2742 1231 nihil
2791 1179 3195 1241 contradicere,
3226 1175 3503 1245 quomodo

1936 1284 2041 1323 nec
2094 1270 2204 1323 haec
2240 1282 2419 1325 statua
2452 1281 2712 1340 perpetuo
2742 1270 2961 1339 probris
2996 1270 3190 1325 aﬂ'ecla
3221 1278 3273 1323 et
3308 1276 3505 1348 contu-

1941 1360 2144 1424 meliis,
2182 1365 2405 1427 accede,
2458 1373 2513 1416 et
2567 1373 2752 1417 nostra
2804 1362 3093 1429 disciplina
3149 1362 3370 1416 fruere:
3414 1360 3498 1414 sin

1940 1454 2145 1516 minus,
2200 1470 2269 1508 ne
2325 1464 2379 1508 te
2426 1454 2493 1507 ad
2545 1466 2786 1509 nostram
2836 1455 3088 1510 conferas
3133 1454 3500 1521 disciplinam.

1938 1544 2033 1597 illa
2086 1545 2257 1599 multa
2315 1547 2587 1616 ejusmodi
2645 1547 2894 1600 oratione
2952 1545 3301 1614 percurrebat
3359 1544 3501 1610 apud

1937 1636 2198 1705 virgines.
2240 1636 2321 1691 Ad
2372 1652 2641 1691 summam
2682 1646 2887 1701 autem,
2928 1652 3022 1705 per
3072 1652 3261 1691 omnes
3307 1648 3505 1703 perva-

1936 1728 2075 1783 dens
2135 1728 2392 1792 virtntes,
2454 1740 2507 1784 et
2561 1738 2824 1797 quantum
2878 1731 2931 1783 in
2983 1742 3305 1797 unaquaque
3352 1736 3500 1780 esset

1938 1819 2073 1874 lucri
2127 1823 2443 1883 ostendens,
2490 1831 2544 1874 et
2583 1830 2849 1889 quantum
2888 1822 3090 1885 damni,
3130 1822 3372 1889 si.pigr:n
3411 1836 3499 1875 es-

1938 1920 2058 1966 sent
2079 1927 2143 1966 ac
2164 1913 2443 1975 socordes,
2465 1928 2559 1967 eas
2580 1914 2822 1981 erigebat
2843 1921 2895 1967 et
2923 1914 3196 1966 excitabat
3224 1915 3497 1975 oratione,

1936 2010 1990 2054 et
2025 2002 2411 2068 persuadebat,
2445 2011 2501 2055 ut
2528 2016 2747 2056 omnem
2781 2002 3023 2055 laborem
3055 2002 3318 2055 audacter
3348 2002 3503 2055 subi-

1935 2105 2080 2148 rent.
2116 2093 2324 2146 Deinde
2369 2095 2556 2157 etiam,
2608 2105 2663 2147 ut
2711 2109 2809 2162 par
2838 2102 2977 2157 erat,
3005 2094 3087 2148 eis
3118 2108 3336 2162 quoque
3364 2102 3502 2145 tem-

1937 2181 2087 2250 plum
2132 2182 2437 2247 asdiiicavit,
2481 2185 2532 2235 in
2569 2200 2678 2251 quo
2710 2193 2933 2252 possent
2964 2183 3210 2237 divinum
3240 2198 3502 2251 peragere

1936 2274 2333 2337 ministerium,
2368 2259 2467 2326 Ιιοό
2496 2284 2813 2327 sanctorum
2856 2275 3104 2341 reliquiis
3140 2289 3499 2336 consecratis,

1931 2364 2232 2431 prophetze,
2290 2365 2530 2433 inquam.
2588 2365 2870 2419 Zacharize
2926 2374 2980 2418 et
3028 2366 3289 2433 Stephani
3338 2365 3500 2433 primi

1930 2457 2215 2524 martyris,
2250 2465 2298 2509 et
2333 2457 2693 2525 quadraginta
2728 2458 2892 2509 etiam
2918 2456 3122 2511 Christi
3171 2464 3495 2525 martyrum.

2006 2543 2219 2598 XXVII.
2262 2544 2401 2609 Quid
2440 2550 2552 2597 vult
2587 2546 2659 2609 id,
2694 2548 2837 2613 quod
2881 2555 2963 2601 est
3012 2558 3196 2616 postea
3230 2562 3500 2601 consecu-

1940 2645 2075 2696 tum,
2128 2634 2410 2691 declarare
2445 2638 2663 2691 oratio?
2699 2640 3011 2706 Aponianus
3043 2639 3135 2707 qui
3171 2638 3344 2693 fuerat
3378 2639 3501 2705 ejus

1936 2725 2157 2794 quidem
2212 2729 2514 2781 secundum
2569 2744 2787 2783 carnem
2839 2730 3065 2797 conjua,
3101 2730 3270 2785 frater
3317 2740 3499 2785 autent

1934 2818 2232 2873 secundum
2265 2820 2545 2887 spiritum,
2577 2822 2644 2874 iis
2681 2837 2801 2891 qua:
2842 2832 2971 2876 sunt
3006 2824 3236 2878 inferius
3272 2823 3499 2888 relictis,

1934 2910 2131 2977 migrat
2187 2909 2255 2963 ad
2320 2925 2548 2978 superas
2612 2913 2879 2978 regiones.
2949 2911 3044 2965 Illa
3101 2921 3280 2967 autem
3339 2927 3500 2967 suum

1937 3018 2154 3071 quoque
2206 3004 2366 3057 linem
2410 3005 2521 3072 jam
2578 3020 2745 3073 prope
2782 3006 2975 3059 adesse
3009 3008 3348 3072 existimans,
3383 3024 3501 3066 ma-

1931 3096 2116 3162 jorum
2154 3098 2511 3150 certaminum
2548 3097 2675 3150 hinc
2719 3098 2823 3151 sibi
2858 3099 3089 3165 sumpsit
3134 3102 3495 3165 occasionem,

1938 3186 2078 3239 intra
2105 3189 2362 3255 templum
2395 3188 2612 3255 quidem
2645 3203 2892 3251 manens,
2928 3190 2991 3241 ad
3021 3189 3288 3257 jejunium
3317 3202 3497 3245 autem

1932 3287 1985 3332 et
2038 3282 2140 3334 alia
2192 3282 2467 3334 laboriosa
2507 3281 2691 3334 omnia
2735 3296 2796 3335 se
2828 3283 3153 3345 extendens.
3222 3282 3384 3353 idque
3431 3286 3498 3338 ad

1934 3381 2171 3439 quatuor
2236 3387 2408 3426 annos
2482 3373 2745 3439 integros.
2806 3371 3009 3427 Deinde
3070 3375 3273 3443 cogitat
3331 3376 3496 3430 etiam

1932 3462 2171 3516 virorum
2212 3465 2454 3517 excitare
2481 3466 2931 3525 nionasteriuum.
2966 3466 3059 3519 sed
3094 3457 3378 3535 sumptum'
3424 3469 3501 3520 in-

1933 3552 2055 3618 opia
2103 3552 2219 3617 ejus
2281 3566 2589 3621 promptum
2645 3555 2813 3608 animi
2862 3554 3102 3609 studium
3153 3558 3493 3624 prohibebat.

1933 3644 2066 3695 Cum
2128 3658 2255 3697 vero
2305 3648 2536 3697 sentiret
2594 3653 2648 3697 ct
2695 3646 2927 3711 diceret,
2964 3647 3098 3700 nihil
3138 3662 3260 3702 esse
3291 3651 3432 3717 quod
3465 3664 3494 3702 a

1932 3733 2045 3788 Dco
2078 3750 2183 3787 non
2219 3744 2406 3803 posset
2438 3735 2576 3800 ﬁeri,
2617 3738 2730 3805 ipse
2763 3752 2882 3790 eam
2913 3739 3016 3792 bac
3047 3754 3267 3808 quoque
3299 3740 3497 3795 libera-

1934 3828 2009 3881 vit
2069 3827 2273 3896 inopia.
2329 3828 2457 3882 Nam
2516 3830 2595 3881 vir
2647 3828 2867 3897 quidam
2916 3830 3384 3899 locupletissimus
3441 3842 3494 3884 et

1933 3920 2417 3988 pecuniosissimus
2463 3921 2509 3973 ei
2564 3936 2812 3989 magnam
2868 3922 2973 3974 vim
3022 3923 3139 3976 auri
3182 3922 3488 3993 elargitur:

1934 4026 2042 4077 quo
2080 4010 2279 4063 factum
2313 4020 2415 4072 est,
2466 4021 2521 4064 ut
2555 4021 2608 4065 et
2638 4026 2776 4079 opus
2813 4011 2879 4064 ab
2920 4027 2983 4066 ea
3029 4016 3399 4080 perﬁceretur.
3439 4024 3493 4070 et

1924 4116 2151 4155 sacrum
2183 4104 2543 4155 aediﬁcaretur
2580 4104 2967 4157 tnonasterium
2998 4106 3096 4172 (2),
3117 4114 3172 4159 et
3195 4106 3412 4163 virosiu
3435 4108 3488 4161 id

1933 4195 2264 4259 admitteret,
2299 4195 2488 4262 quales
2528 4195 2813 4260 Oportebat
2858 4195 3004 4247 illius
3044 4198 3336 4250 convenire
3366 4212 3491 4252 mo-

1934 4285 2106 4339 ribus.
2142 4284 2276 4338 Cum
2326 4300 2517 4353 parum
2550 4294 2730 4337 autem
2764 4285 2833 4338 ab
2862 4284 2966 4338 hoc
3007 4285 3196 4339 labore
3222 4290 3491 4356 respiras-

1938 4385 2039 4437 set,
2073 4387 2192 4427 eam
2231 4377 2468 4443 majores
2507 4390 2774 4443 excepere
2804 4375 3019 4429 labores
3050 4382 3105 4429 et
3137 4374 3295 4443 longa
3336 4390 3493 4444 pare-

1937 4468 2192 4537 grinatio.
2231 4466 2553 4521 Redduntur
2579 4468 2725 4520 enim
2758 4468 2804 4519 ei
2838 4467 3027 4520 littera:
3054 4467 3122 4519 ab
3148 4467 3265 4533 ejus
3300 4474 3493 4533 patruo

1856 4592 1902 4650 υ
1932 4558 2269 4613 Volusiano:
2306 4562 2398 4628 qui
2447 4558 2537 4612 illo
2582 4558 2797 4626 quidem
2845 4568 3084 4628 tempore
3119 4568 3236 4611 erat
3270 4569 3491 4613 creatus

1930 4651 2216 4721 pmfectus
2271 4652 2532 4704 Romana!
2592 4650 2830 4703 civitatis
2880 4664 2894 4700 :
2948 4650 3145 4703 missus
3198 4664 3323 4703 vero
3372 4658 3491 4702 erat

1931 4739 2143 4805 legatus
2198 4736 2515 4807 Byzantium
2572 4739 2637 4791 ad
2703 4738 2998 4790 Endociam
3066 4738 3487 4805 imperatricem.

1934 4829 2059 4883 Haec
2106 4841 2286 4884 autem
2339 4829 2679 4899 signiﬁcabat
2722 4831 2987 4896 epistola,
3038 4832 3180 4898 quod
3230 4833 3341 4897 jam
3398 4830 3490 4884 diu

1935 4921 2081 4971 illam
2134 4920 2471 4973 desideraret
2520 4918 2723 4973 videre.
2765 4918 2860 4971 illa
2897 4933 3023 4972 vero
3071 4919 3327 4986 cupiebat
3372 4919 3488 4987 ipsa

1937 5024 2156 5077 quoque
2216 5011 2397 5062 videre
2450 5020 2731 5075 patruum,
2775 5019 2829 5061 et
2871 5008 2918 5061 ei
2968 5010 3314 5073 persuadere.
3362 5018 3419 5061 ut
3458 5024 3487 5059 a

1933 5101 2217 5166 gentilium
2274 5099 2563 5152 desisteret
2612 5100 2883 5167 Opinione.
2940 5097 3111 5152 Dubia
3162 5110 3339 5153 autem
3370 5109 3491 5152 erat

1932 5190 2123 5255 animi,
2162 5205 2227 5242 ne
2265 5188 2397 5257 quid
2428 5190 2746 5256 imprudens
2778 5188 2981 5242 faceret
3018 5198 3212 5256 praeter
3242 5190 3317 5253 id,
3345 5188 3489 5257 quod

1933 5277 2042 5333 Deo
2077 5279 2379 5333 videbatur.
2418 5280 2549 5333 Cum
2585 5295 2715 5333 vero
2746 5280 3020 5348 aliquibus
3052 5280 3175 5333 aliis
3205 5280 3487 5337 monachis

1931 5384 2044 5423 rem
2100 5371 2578 5433 communicasset,
2624 5373 2998 5439 permitterent
3045 5380 3225 5426 autem
3277 5371 3379 5435 illi.
3430 5379 3491 5426 ut

1934 5471 2118 5529 posset
2177 5462 2485 5529 proﬁcisci,
2542 5463 2821 5531 egreditur
2883 5459 3276 5533 Hierosolymis
3329 5464 3485 5518 beata

1936 5552 2161 5610 Melana.
2191 5556 2291 5609 Per
2310 5570 2691 5623 quamcunque
2714 5562 2895 5606 autem
2920 5553 3187 5607 transibat
3210 5555 3479 5610 civitatem

1928 5656 1981 5704 et
2023 5650 2325 5717 regionem,
2374 5662 2490 5701 eam
2533 5660 2642 5715 quo
2688 5660 2784 5715 par
2834 5653 2991 5710 erat,
3025 5647 3488 5714 prosequebantur
