4242 6442
821 364 926 430 737
2072 365 2358 429 MENSIS
2398 363 2824 429 DECEMBER.
3958 370 4072 436 788

822 489 928 546 pus
959 485 1012 532 et
1051 476 1231 532 nivem
1283 487 1338 536 et
1389 490 1602 538 etatem
1649 492 1703 538 et
1735 480 2035 550 eliquatum
2069 497 2134 536 ac
2169 480 2374 535 tabefa-
2405 484 2448 537 Α
2481 499 2497 549 ι.

2405 484 2448 537 Α
2481 497 2649 549 ματος
2669 483 2766 535 καὶ
2790 481 3010 535 πάντων
3033 481 3170 552 όμοῦ
3194 482 3462 554 κρείττον’
3483 478 3625 536 εἶναι
3643 483 4064 552 φιλονεικοῦσα,

823 575 970 620 ctum
1020 583 1242 638 corpus,
1289 582 1342 624 et
1381 573 1566 628 omnia
1618 573 1852 644 denique
1902 572 2064 628 simul
2119 587 2378 642 superare
2479 590 2498 625 ιι

2479 577 2602 636 ταῖς
2648 573 2867 642 νιφάσιν
2900 574 2976 638 ὡς
3010 575 3228 628 ἄνθεσιν
3282 574 3555 645 ἁλλομένη
3605 575 3708 643 τὴν
3746 575 3866 627 ὁδὸν
3901 576 4066 642 ἤνυε,

821 659 1183 720 contendens,
1233 660 1373 714 viam
1428 664 1680 730 confecit,
1734 665 1946 718 labores
1981 663 2151 732 magis
2176 677 2377 732 augens
2482 681 2496 714 ιι

2482 666 2608 726 τοὺς
2664 665 2862 727 πόνους
2929 667 3131 734 μᾶλλον
3191 669 3533 723 ἐπιτείνουσα
3579 672 3682 740 τῆς
3736 673 4065 740 ἀσκήσεως.

820 747 1252 803 exercitationis.
1311 748 1492 805 Multis
1541 765 1673 808 vero
1716 754 1923 808 sanctis
1967 767 2085 807 eam
2122 752 2174 805 in
2204 751 2289 803 via
2326 758 2379 803 et
2485 755 2495 806 1

2485 755 2702 807 Πολλῶν
2731 756 2787 808 δὲ
2829 756 3001 823 άγίων
3032 758 3171 810 κατὰ
3201 760 3301 828 τὴν
3333 761 3450 814 όδδν
3480 761 3596 828 ἅμα
3630 779 3690 814 τε
3731 762 4067 826 ξενιζόντων

820 838 1060 908 hospitio
1105 842 1529 909 excipientibus,
1579 853 1634 898 et
1685 855 1741 896 ut
1783 860 1850 899 ea
1899 854 2141 898 maneret
2181 859 2374 912 rogan-

819 932 966 986 tibus
995 975 1008 995 .
1059 934 1150 988 illa
1205 935 1430 989 minime
1478 937 1914 1007 obtemperavit,
1978 939 2069 993 sed
2114 945 2372 992 contento

819 1026 1056 1092 quodam
1109 1042 1274 1082 cursu
1323 1032 1588 1093 cucurrit,
1641 1031 1898 1086 salutaris
1935 1030 2205 1098 passionis
2234 1031 2372 1084 diem

819 1115 1018 1169 festum
1067 1119 1294 1175 studens
1352 1121 1629 1182 celebrare
1687 1120 2107 1190 Hierosolymis,
2148 1121 2291 1191 quod
2325 1122 2373 1174 ei

819 1209 982 1260 etiam
1018 1213 1286 1264 successit
1327 1227 1389 1265 ex
1437 1213 1730 1266 sententia.
1778 1212 1911 1268 Cum
1967 1214 2046 1267 sic
2091 1227 2221 1282 ergo
2269 1227 2374 1265 una

819 1307 941 1349 cum
995 1301 1075 1352 eis
1129 1298 1323 1353 festum
1377 1300 1490 1355 illic
1543 1301 1899 1364 celebrasset,
1955 1299 2019 1353 ad
2070 1301 2254 1368 priora
2320 1314 2378 1352 se

819 1403 1014 1442 rursus
1048 1391 1302 1456 contulit,
1332 1407 1439 1445 non
1466 1391 1647 1446 minus
1681 1401 1735 1446 et
1763 1393 1845 1445 sui
1880 1399 1932 1446 et
1959 1392 2138 1461 gregis
2166 1392 2375 1445 utrius-

821 1493 929 1544 que
989 1494 1176 1531 curam
1207 1495 1423 1545 gerens.
1486 1480 1623 1534 Cum
1682 1491 1859 1535 autem
1917 1483 1964 1534 ei
2023 1483 2258 1535 venisset
2320 1481 2373 1533 in

820 1583 1080 1633 mentem,
1123 1572 1354 1626 alterum
1406 1573 1671 1628 aediﬁcare
1719 1575 2016 1627 oratorium
2052 1573 2199 1626 ineo
2235 1573 2372 1635 loco,

821 1661 874 1715 in
916 1678 1024 1731 quo
1057 1664 1258 1718 dicitur
1305 1666 1523 1720 stetisse
1569 1665 1818 1719 Christus
1850 1665 2108 1719 Dominus
2152 1674 2204 1717 et
2239 1663 2376 1717 Deus

818 1764 1004 1807 noster
1053 1769 1269 1809 crucem
1303 1771 1655 1821 ascensurus,
1691 1765 1745 1810 et
1775 1759 2065 1812 salutarem
2118 1757 2378 1812 subiisset
2414 1793 2458 1847 Β

817 1845 1154 1912 passionem,
1186 1847 1304 1914 ejus
1331 1862 1462 1903 vero
1488 1850 1768 1918 pr0posito
1799 1847 1940 1902 Deus
1972 1864 2188 1918 quoque
2219 1863 2376 1918 opem

817 1936 1010 2000 ferret,
1061 1937 1293 1991 adilicat
1327 1941 1626 1993 oratorium
1661 1959 1674 1994 :
1709 1939 1904 1994 deinde
1952 1940 2002 1994 id
2050 1941 2214 1992 etiam
2249 1939 2379 1994 facit

818 2026 1234 2089 monasterium,
1281 2027 1332 2079 in
1370 2042 1480 2095 quo
1526 2043 1584 2082 se
1632 2035 1952 2082 exercerent
1999 2030 2217 2088 animm.
2251 2029 2381 2084 virls

819 2116 1027 2169 sanctis
1077 2117 1132 2169 in
1185 2131 1250 2170 eo
1293 2119 1636 2186 congregatis
1671 2118 1736 2171 ad
1771 2118 1935 2173 Deum
1975 2117 2298 2173 laudandum
2330 2126 2384 2171 et

816 2210 1255 2279 gloriﬁcandum.
1311 2211 1532 2265 lnterim
1585 2223 1763 2265 autem
1815 2212 1940 2264 dum
1997 2213 2112 2266 hac
2168 2214 2381 2274 tierent,

820 2303 1134 2368 imperatrix
1176 2300 1414 2355 Eudocia
1465 2302 1640 2355 lverat
1690 2302 2060 2356 Antiochiam.
2115 2301 2383 2356 Paruerat

819 2394 962 2445 enim
991 2392 1211 2446 Melana:
1244 2394 1488 2457 monitis,
1518 2409 1641 2446 cum
1671 2409 1732 2448 ca
1765 2394 2009 2447 venisset
2041 2394 2381 2462 Byzantium,

819 2485 1120 2550 suadentis,
1169 2486 1387 2539 utbanc
1429 2487 1734 2554 susciperet
1779 2485 2297 2554 peregrinationem,
2330 2495 2386 2540 et

817 2576 1030 2628 veniret
1054 2574 1477 2645 Hierosolymam
1499 2584 1558 2629 ut
1582 2575 1791 2628 videret
1816 2586 2002 2629 sancta
2026 2576 2164 2638 loca,
2189 2585 2241 2629 et
2267 2589 2387 2643 qua:

818 2683 884 2718 ex
935 2666 1016 2718 eis
1044 2668 1366 2734 percipitur,
1400 2667 1558 2720 ﬁeret
1609 2667 1884 2735 particeps
1923 2665 2384 2721 sanctiﬁcationis.

818 2756 952 2809 Cum
986 2772 1045 2810 ea
1083 2757 1263 2824 itaque
1293 2757 1363 2810 illi
1402 2760 1756 2821 processisset
1783 2758 2020 2820 obviam,
2055 2772 2251 2824 magno
2287 2757 2389 2811 bo-

822 2864 955 2902 uore
985 2848 1085 2902 fuit
1128 2848 1312 2903 aﬂ‘ecta
1336 2850 1403 2902 ab
1427 2850 1792 2918 imperatrice,
1820 2858 1876 2904 ut
1903 2865 2022 2919 qua
2059 2865 2176 2904 eam
2199 2853 2390 2906 matris

821 2940 1199 3006 locoliabcret,
1229 2950 1280 2995 et
1329 2941 1541 2996 duabus
1577 2943 1641 2996 de
1697 2943 1873 2996 causis
1915 2941 2263 3010 providentia:
2320 2943 2394 2996 di-

820 3035 960 3085 \inae
991 3041 1172 3100 ageret
1206 3035 1431 3102 gratias,
1459 3049 1650 3102 nempe
1674 3035 1817 3102 quod
1858 3045 1911 3088 et
1941 3049 2111 3102 usque
2142 3035 2276 3086 adeo
2306 3050 2394 3089 ce-

2481 846 2576 897 καὶ
2606 845 2790 911 μένειν
2821 848 2994 917 αὐτὴν
3021 847 3345 916 ἀξιούντων,
3372 855 3402 922 ή
3428 853 3484 905 δι
3509 855 3608 905 οὐκ
3637 854 3915 920 ἐπείθετο,
3943 855 4069 908 ἀλλ’

2479 937 2589 990 εθει
2619 939 2739 991 τινὰ
2771 939 2971 1008 δρόμον
3017 941 3318 1006 άνένδοτον,
3377 945 3470 998 τοῦ
3521 947 3790 1016 σωτηρίου
3845 948 4067 1012 πάθους

2479 1028 2578 1097 τὴν
2606 1030 2797 1100 ἑορτὴν
2828 1032 2884 1082 ὲν
2925 1031 3322 1103 Ἰεροσολύμοις
3356 1036 3670 1090 ἐπιτελέσαι
3705 1038 4026 1092 σπεύδουσα
4047 1055 4063 1069 ⁸

2478 1119 2505 1168 ὃ
2534 1121 2597 1190 δὴ
2621 1121 2791 1192 ταύτῃ
2817 1124 2909 1176 καὶ
2937 1124 3077 1177 κατὰ
3109 1125 3331 1196 γνώμην
3363 1131 3694 1195 ἀπήντησεν.
3728 1128 3923 1190 Οὕτως
3973 1124 4067 1182 οὖν

2479 1214 2592 1274 τοῖς
2624 1214 2802 1264 ἐκεῖσε
2838 1216 3267 1284 συνεορτάσασα,
3304 1219 3468 1272 πάλιν
3511 1219 3619 1271 τῶν
3665 1222 3961 1289 προτέρων
3992 1220 4068 1272 ιτ-

2480 1320 2606 1371 χετο
2635 1305 2786 1356 οῦδὲν
2808 1299 2970 1373 ἦττον
3005 1308 3205 1375 ἑαυτῆς
3234 1326 3292 1360 τε
3316 1311 3408 1361 καὶ
3437 1310 3547 1361 τῶν
3576 1311 3849 1378 ποιμνίων
3879 1313 4067 1378 ἀμφο-

2479 1395 2655 1464 τέρων
2687 1397 3179 1465 προμηθουμένων.
3222 1399 3377 1452 Ἐπεὶ
3409 1401 3467 1452 δὲ
3502 1403 3595 1453 καὶ
3637 1403 3828 1470 ἕτερον
3859 1401 4067 1470 εὐκτή-

2483 1502 2598 1556 ριον
2628 1487 2982 1555 οἰκοδομῆσαι
3019 1489 3161 1542 κατὰ
3207 1490 3535 1543 νοῦνιὲθετο
3588 1493 3718 1557 περὶ
3757 1492 3853 1543 τὸν
3896 1492 4068 1543 τόπον

2481 1578 2610 1631 ἔνθα
2645 1582 2840 1646 στῆναι
2869 1580 3031 1648 λόγος
3071 1581 3162 1633 τὸν
3193 1582 3398 1649 Κύριον
3434 1583 3589 1650 ἡμῶν
3622 1586 3717 1637 καὶ
3741 1583 3904 1646 Θεὸν,
3940 1583 4067 1649 μέλ·

2482 1669 2644 1722 λοντα
2675 1671 2814 1740 πρὸς
2849 1671 2940 1723 τὸν
2973 1671 3203 1740 σταυρὸν
3247 1672 3584 1737 ἀναϐαίνειν,
3635 1673 3732 1723 καὶ
3774 1672 3841 1722 τὸ
3886 1671 4065 1731 πάθος

2484 1757 2815 1827 ὑπέρχεσθαι
2849 1760 2910 1812 τὸ
2946 1761 3214 1830 σωτήριον
3248 1756 3336 1830 (ἦν
3365 1760 3421 1812 δὲ
3459 1761 3568 1829 ἄρα
3599 1763 3694 1814 καὶ
3715 1760 3853 1822 Θεὸς
3887 1761 4064 1829 αὐτῆς

2485 1852 2880 1920 συναιρόμενος
2906 1855 2970 1921 τῇ
3003 1852 3303 1921 προθέσει),
3348 1851 3625 1920 οίκοδομεί
3655 1852 3716 1903 τὸ
3743 1851 3916 1917 εὐκτή
3929 1868 4060 1918 ριον;

2483 1937 2615 1993 Εἶτα
2664 1944 2758 1994 καὶ
2784 1941 2970 2009 ψυχῶν
3009 1942 3142 1994 αὐτὸ
3184 1944 3329 1995 ποιεῖ
3365 1945 3812 2011 φροντιστήριον,
3856 1942 4061 2010 ἄνδρας

2484 2031 2665 2095 ὁσίους
2695 2035 2752 2085 ιν
2779 2033 2952 2102 τούτῳ
2988 2033 3370 2100 συναγαγοῦσα
3406 2034 3543 2102 πρὸς
3574 2033 3895 2100 δοξολογίαν
3925 2032 4058 2086 Θεοῦ

2485 2127 2580 2178 καὶ
2605 2125 2832 2177 αἴνεσιν.
2861 2125 2949 2176 Ἐν
2976 2117 3020 2190 ᾧ
3037 2125 3092 2176 δὶ
3118 2124 3292 2178 ταῦτα
3323 2125 3648 2193 ἐπράττετο,
3669 2128 3762 2178 καὶ
3784 2125 3818 2192 ἡ
3849 2122 4060 2188 βασιλὶς

2486 2213 2715 2265 Εὑδοκία
2742 2212 2842 2282 τὴν
2879 2213 3217 2279 Ἀντιόχειαν
3263 2214 3617 2280 κατειλήφει’
3652 2213 3927 2281 ἐτύγχανε
3955 2211 4061 2281 γάρ

2484 2302 2719 2371 ὁπηνίκα
2767 2304 2824 2353 ὲν
2877 2301 3153 2370 Βυζαντίῳ
3203 2304 3567 2372 παραγένοιτο
3604 2305 3636 2370 ἠ
3670 2304 3898 2372 Μελάνη
3943 2305 4061 2364 ταίς

2487 2394 2658 2462 αὐτῆς
2706 2394 3009 2459 ὑποθήκαις
3058 2394 3364 2454 πεισθεῖσα.
3413 2393 3510 2463 τὴν
3553 2395 3870 2462 ἀποδημίαν
3923 2397 4060 2459 ἁγα-

2489 2487 2663 2553 πῆσαι
2695 2488 2898 2556 ταύτην
2929 2487 3021 2539 καὶ
3046 2488 3182 2556 προς
3214 2487 3561 2556 Ἰεροσόλυμα
3588 2486 3909 2554 ἀφικέσθαι,
3937 2487 4060 2549 τοὺς

2490 2578 2681 2646 ἁγίους
2705 2595 2764 2630 τε
2796 2578 3080 2647 ἱστορῆσαι
3110 2580 3304 2640 τόπους
3331 2582 3425 2631 καὶ
3450 2578 3546 2629 τοῦ
3600 2577 3660 2640 ἐξ
3686 2578 3871 2631 αὐτῶν
3901 2580 4063 2645 ἁγια-

2493 2667 2631 2737 σμοῦ
2666 2669 2973 2734 μετασχεῖν.
3019 2666 3311 2735 Δραμοῦσα
3357 2665 3448 2717 οὖν
3479 2667 3570 2719 ἐπὶ
3596 2665 3694 2736 τὴν
3724 2667 4059 2735 ἀπάντησιν,

2495 2760 2738 2828 μεγάλης
2763 2757 2978 2826 ἠξιοῦτο
3013 2758 3162 2826 παρὰ
3194 2758 3291 2826 τῆς
3323 2757 3593 2826 βασιλίδος
3627 2757 3818 2826 τιμῆς,
3856 2759 4062 2827 μητρός

2492 2866 2550 2901 τε
2579 2853 2635 2901 ὲν
2662 2849 2810 2911 τάξει
2848 2848 3018 2917 αὐτὴν
3047 2847 3335 2915 τιθεμένης
3365 2851 3459 2902 καὶ
3493 2847 3946 2918 διομολογούσης,
3987 2849 4037 2901 δι

2495 2941 2632 3002 πλᾶς
2663 2941 2900 3008 ὀφείλειν
2933 2942 2995 3007 τῇ
3043 2939 3267 3008 προνοίᾳ.
3309 2939 3406 2998 τὰς
3443 2941 3692 3008 χάριτας,
3737 2938 3822 2991 ὅτι
3867 2955 3928 2990 τε
3964 2940 4063 3008 τὴν

2499 3032 2867 3101 θρυλουμένην
2905 3030 3262 3098 Ἰερουσαλὴμ
3297 3030 3389 3081 καὶ
3439 3031 3564 3091 τοὺς
3608 3029 3797 3095 ἁγίους
3838 3028 4063 3098 ἠξιοῦτο

825 3123 1080 3176 lebratam
1135 3120 1432 3177 Jerusalem
1499 3133 1553 3178 et
1601 3133 1785 3179 sancta
1842 3125 1957 3179 loca
1991 3140 2110 3193 qum
2143 3125 2383 3186 videret,
2415 3117 2457 3173 C
2490 3140 2500 3154 -

2415 3117 2457 3173 C
2490 3123 2690 3184 τόπους
2717 3121 2862 3178 ἰδεῖν,
2894 3121 2989 3173 καὶ
3012 3119 3093 3172 ὅτι
3117 3119 3322 3188 μητρός
3349 3118 3600 3182 τοιαύτης
3635 3117 3886 3186 θυγάτηρ
3921 3118 4059 3186 αὐτῇ

823 3213 987 3279 digna
1040 3213 1108 3267 sit
1151 3213 1358 3275 habita,
1395 3223 1449 3267 et
1490 3214 1636 3283 quod
1667 3230 1728 3268 ea
1763 3217 1885 3269 talis
1918 3217 2108 3269 matris
2135 3214 2276 3269 facta
2312 3216 2382 3269 sit

822 3303 932 3354 filia
969 3301 1269 3355 secundum
1302 3303 1573 3368 spiritum.
1613 3302 1838 3372 Signqu
1869 3313 1952 3358 est
1989 3313 2170 3356 autem
2201 3305 2383 3372 magni

824 3395 1031 3448 amoris
1083 3395 1451 3462 imperauit-is
1484 3395 1537 3448 in
1569 3394 1855 3458 Melanam,
1887 3395 2031 3463 quod
2067 3410 2178 3449 non
2224 3395 2384 3447 dubi-

823 3485 1020 3537 ιηνυτὶι
1050 3494 1258 3537 tantum
1295 3486 1395 3538 iter
1425 3485 1658 3553 ingredi,
1691 3495 1742 3538 et
1774 3500 1838 3538 eo
1865 3485 2146 3551 accedere,
2181 3493 2236 3539 et
2262 3499 2384 3555 qua:

827 3577 935 3627 illic
956 3585 1110 3628 erant
1133 3578 1388 3644 virgines,
1416 3587 1670 3647 tanquam
1699 3593 1915 3631 sorores
1938 3578 2177 3630 salutare
2197 3586 2250 3630 et
2277 3593 2386 3628 ain-

826 3667 1054 3732 plexari.
1088 3669 1255 3720 Porro
1284 3678 1460 3722 autem
1488 3683 1609 3720 cum
1640 3669 2008 3721 celebraretur
2035 3669 2158 3722 no‘vi
2193 3668 2381 3737 templi

824 3756 1117 3824 dedicatio,
1139 3760 1226 3811 illa
1254 3775 1468 3830 quoque
1515 3759 1701 3813 aderat
1731 3767 1784 3812 et
1831 3758 2022 3813 festum
2049 3758 2380 3823 celebrabat,

895 3848 1112 3904 XXXII.
1157 3849 1307 3904 Hanc
1359 3862 1540 3904 autem
1597 3866 1710 3904 rem
1775 3851 1970 3904 bonam
2023 3858 2380 3904 consecutum

826 3952 913 3997 est
942 3946 1223 4013 quiddam,
1265 3945 1484 4013 dignum
1521 3945 1737 4013 maligni
1769 3945 2135 4013 improbitate.
2164 3954 2218 3999 et
2255 3945 2384 4000 boui

830 4037 924 4088 llci
959 4037 1186 4088 virtute.
1225 4033 1416 4089 Pedem
1444 4037 1586 4090 enim
1625 4037 2008 4105 imperati-icis,
2042 4037 2137 4107 qui
2184 4038 2384 4107 injuria

827 4128 1092 4180 daemonis
1132 4142 1162 4180 e
1195 4141 1455 4196 compage
1491 4137 1609 4182 erat
1642 4129 1886 4191 luxatus,
1921 4128 2009 4181 illa
2042 4131 2248 4198 absque
2282 4129 2383 4183 do-

823 4223 940 4274 lore
988 4227 1111 4288 apte
1162 4228 1216 4274 et
1267 4229 1413 4272 recte
1447 4219 1500 4274 in
1542 4235 1696 4273 suum
1734 4221 1911 4272 locum
1945 4221 2202 4274 restituit.
2243 4219 2376 4274 Cum

827 4314 941 4362 iure
979 4321 1032 4361 et
1062 4324 1167 4361 non
1200 4323 1369 4377 pauca
1403 4309 1504 4360 alia
1535 4323 1563 4360 a
1593 4322 1786 4378 magna
1813 4307 2017 4360 Melana
2049 4310 2380 4377 percepisset

2481 3211 2621 3264 κατὰ
2669 3209 2886 3277 πνεῦμα
2953 3209 3183 3276 γίνεται.
3271 3209 3507 3275 Σημεῖυν
3559 3206 3616 3258 δὲ
3707 3205 3802 3258 τοῦ
3861 3205 4059 3258 πολλοῦ

2484 3303 2617 3370 πρὸς
2654 3301 2905 3368 Μελάνην
2944 3301 3041 3366 τῆς
3083 3299 3350 3368 βασιλίδος
3397 3297 3598 3367 ἔρωτος
3645 3298 3720 3358 ὡς
3763 3299 3868 3350 οὐκ
3903 3298 4060 3351 ἀπώ-

2485 3411 2653 3462 κνησε
2687 3393 2820 3462 προς
2855 3392 3123 3461 τοσαύτην
3157 3391 3465 3460 ὁδοιπορίαν
3503 3391 3622 3443 οὐδὲ
3654 3391 3952 3460 παρελθεῖν
3984 3394 4061 3453 είς

2487 3487 2548 3540 τὸ
2600 3486 2802 3552 ταύτης
2889 3486 3169 3554 ποίμνιον,
3233 3487 3328 3538 καὶ
3399 3483 3496 3545 τὰς
3567 3484 3682 3535 ἐκεί
3753 3485 4062 3553 παρθένους

2492 3577 2682 3648 ῶσπερ
2723 3577 2956 3644 ἀδελφὰς
2985 3576 3465 3636 κατασπάσασθαι.
3501 3578 3594 3628 καὶ
3622 3574 3720 3641 τῆς
3755 3575 3972 3644 ἡμέρας
4001 3573 4060 3627 δὲ

2487 3668 2596 3721 τῶν
2624 3669 2916 3735 ἑγκαινίων
2949 3667 3043 3719 τοῦ
3073 3667 3194 3719 νέου
3224 3665 3354 3720 ναοῦ
3383 3666 3712 3734 τελουμένης
3741 3667 3930 3734 παρῆν
3961 3669 4058 3719 κά-

2488 3758 2644 3826 κείνη
2672 3762 2766 3812 καὶ
2796 3757 3187 3827 συνεώρταζεν.

2557 3850 2680 3904 Λῐν.
2724 3850 3034 3903 ’Ἠκολούθει
3066 3850 3122 3902 δὲ
3171 3849 3268 3902 καὶ
3313 3847 3392 3918 τῷ
3437 3847 3629 3916 άγαθῷ
3658 3848 3838 3917 τούτῳ
3873 3845 4056 3914 πράγ-

2495 3957 2627 4012 ματι
2653 3941 2800 4004 ἄξιόν
2840 3958 2890 3992 τι
2924 3941 3015 3992 καὶ
3037 3943 3140 4010 τῆς
3172 3941 3266 3993 τοῦ
3298 3939 3538 4011 πονηροῦ
3585 3939 3786 4000 κακίας
3815 3939 3912 3990 καὶ
3954 3938 4053 4006 τῆς

2489 4031 2586 4085 τοῦ
2617 4031 2824 4097 ἀγαθοῦ
2859 4032 3160 4100 δυνάμεως.
3196 4032 3299 4084 Τὸν
3329 4033 3438 4099 γὰρ
3468 4031 3602 4084 πόδα
3637 4031 3736 4098 τῆς
3776 4029 4053 4098 βασιλίδος

2491 4124 2724 4194 ιπηρείᾳ
2794 4123 3046 4190 δαίμονος
3116 4125 3216 4194 τὴν
3281 4122 3551 4194 ἁρμονίαν
3613 4119 4051 4191 παρατραπιντα

2493 4215 2678 4283 ἑκείνη
2710 4216 2880 4283 χωρὶς
2906 4213 3108 4267 ὀδυνῶν
3141 4215 3273 4284 εὐχῇ
3305 4214 3440 4284 μόνῃ
3479 4213 3614 4284 πρὸς
3639 4213 3716 4274 ζτδ
3743 4211 3901 4274 εὐθὺς
3949 4213 4049 4264 ιπ-

2489 4304 2754 4371 ανήγαγε.
2800 4301 3035 4355 Τοιαῦτα
3063 4302 3127 4370 δὴ
3157 4303 3256 4355 οὐκ
3296 4303 3451 4369 ὀλίγα
3484 4303 3577 4355 καὶ
3606 4302 3771 4371 lupa
3808 4301 3909 4369 τῆς
3953 4317 4047 4370 μι-

825 4399 1132 4460 commoda,
1183 4408 1238 4450 et
1286 4412 1345 4450 se
1391 4397 1552 4450 simul
1600 4396 1763 4450 etiam
1816 4397 2137 4451 exsatiasset
2170 4408 2380 4466 specta-
2415 4392 2460 4449 Β
2488 4411 2500 4428 ·

2372 4432 2380 4442 .
2415 4392 2460 4449 D
2488 4395 2660 4463 γάλης
2707 4396 2739 4462 ἡ
2777 4394 2984 4463 μεγάλη
3021 4392 3233 4462 βασιλὶς
3278 4394 3655 4458 ἀπολαύσασα,
3701 4395 3820 4462 ἅμα
3866 4393 3924 4446 δι
3955 4394 4047 4445 καὶ

828 4491 1005 4548 culis.
1062 4489 1304 4542 dercvit
1350 4487 1549 4541 reverti
1606 4487 2139 4556 Constantinopolim
2169 4527 2184 4552 ,
2236 4495 2289 4541 et
2335 4489 2382 4542 ei

827 4581 1050 4650 quidem
1101 4579 1307 4632 Melana
1356 4593 1478 4632 cum
1527 4587 1784 4646 tauquam
1823 4579 1989 4633 bonas
2021 4581 2248 4633 comites
2286 4579 2384 4634 de-

827 4677 1000 4728 disset
1043 4687 1252 4742 preces,
1301 4671 1474 4739 ipsam
1512 4671 1755 4726 dimittit.
1791 4669 1912 4737 lpsa
1946 4680 2124 4724 autem
2150 4671 2386 4739 aequales

830 4774 991 4831 atque
1026 4770 1160 4814 adeo
1215 4762 1446 4828 majores
1481 4761 1602 4812 vita-
1649 4775 1711 4814 οι
1763 4758 1870 4812 Deo
1917 4759 2136 4827 agenda:
2171 4759 2387 4814 labores

828 4855 1088 4922 pergebat
1140 4851 1440 4919 susi-ipere.
1496 4851 1574 4902 Ad
1625 4863 1744 4903 eam
1800 4866 2014 4917 quoque
2060 4849 2310 4903 aﬂluebat
2357 4865 2385 4902 a

833 4942 942 4996 Deo
989 4943 1185 4996 ﬂuvius
1234 4942 1645 4994 miraculorum.
1683 4939 1925 5005 Quorum
1967 4942 2222 4994 existimo
2276 4956 2384 4994 non

830 5014 961 5088 esse.
996 5048 1452 5101 supervacaneum
1503 5035 1711 5099 aliquot
1768 5033 2099 5094 meminisse,
2147 5047 2208 5085 ea
2272 5042 2388 5085 tan-

830 5142 993 5191 quam
1021 5125 1238 5193 aliquod
1268 5128 1669 5179 condimentum
1691 5125 2037 5178 admiscendo
2063 5125 2384 5181 narrationi.

835 5219 1026 5271 λιιιιίιτ
1047 5217 1289 5285 quaedam
1319 5217 1536 5284 juvenis
1558 5226 1734 5279 mtalc,
1760 5217 2034 5270 invaditur
2060 5232 2089 5269 a
2113 5217 2377 5269 daemone.

829 5309 959 5374 Qua:
991 5308 1202 5375 quidem
1248 5306 1452 5360 clausis
1497 5307 1750 5361 dentibus
1782 5316 1835 5359 et
1865 5307 2028 5358 labris
2055 5321 2159 5357 non
2202 5308 2377 5358 solum

832 5414 1017 5452 vorem
1075 5413 1181 5449 non
1225 5399 1524 5461 emittebat,
1581 5399 1674 5452 sed
1724 5413 1899 5466 neque
1941 5399 2116 5448 cibum
2160 5397 2380 5449 omnino

830 5490 999 5541 ull-.m
1035 5488 1353 5554 attingebat.
1376 5486 1569 5542 Fames
1589 5499 1790 5552 autem,
1812 5489 2114 5542 visceribus
2139 5500 2188 5540 et
2214 5502 2375 5541 carne

831 5583 1067 5640 graviter
1098 5578 1409 5644 liquefacta,
1444 5593 1666 5633 mortem
1699 5581 2005 5634 minabatur
2037 5584 2194 5644 paulo
2229 5590 2374 5648 post.

833 5672 1190 5725 Teutantibus
1229 5686 1353 5724 vero
1386 5674 1629 5733 medicis,
1662 5673 1949 5742 diligenter
1980 5657 2235 5727 adhibitis
2264 5688 2376 5726 me-

839 5763 1160 5818 dlraineutis
1186 5773 1236 5818 et
1275 5764 1403 5820 artis
1427 5764 1700 5831 remediis,
1729 5765 1927 5820 malum
1958 5765 2190 5832 vincere,
2230 5773 2378 5834 post-

2484 4486 2595 4538 τῶν
2651 4485 2812 4554 ίιρῶν
2851 4484 3140 4553 θεαμάτων
3183 4486 3580 4555 ιμφορηθεῐσα,
3627 4486 3704 4547 είς
3755 4484 3854 4554 τὴν
3893 4486 4045 4538 Κων-

2487 4575 2929 4630 σταντινούπολιν
2971 4574 3268 4639 ἀναζεῦξαι
3308 4577 3528 4643 διέγνω.
3567 4576 3678 4629 Καὶ
3711 4578 3915 4645 ταύτην
3951 4577 4043 4644 μιν

2486 4670 2518 4738 ἡ
2551 4655 2796 4735 Μελάνη,
2824 4665 2898 4728 ὡς
2927 4665 3135 4733 ἀγαθάς
3161 4666 3576 4734 συνοιδοπόρους
3599 4666 3698 4728 τὰς
3728 4667 3897 4735 εὐχὰς
3929 4669 4042 4718 im-

2486 4757 2672 4818 δοῦσα,
2699 4757 3098 4825 παραπέμπει·
3145 4756 3282 4826 αὑτῆ
3327 4756 3384 4808 δὲ
3426 4756 3536 4807 τῶν
3568 4757 3700 4809 mw
3734 4757 3918 4810 πόνων
3948 4760 4040 4825 τῆς

2485 4849 2627 4901 κατὰ
2660 4847 2793 4900 Θεδν
2834 4847 3058 4916 ἀγωγῆς
3089 4848 3118 4915 ἢ
3167 4849 3259 4900 καὶ
3291 4849 3556 4917 μειζόνων
3593 4848 3789 4916 εἴχετο.
3844 4848 4038 4915 Ἐπίρ-

2484 4939 2566 5005 pst
2593 4937 2649 4989 δὲ
2683 4938 2820 5006 αὐτῇ
2854 4938 2948 4988 καὶ
2980 4938 3008 4988 ό
3043 4936 3151 4988 τῶν
3182 4936 3472 5005 θαυμάτων
3503 4939 3654 5005 παρὰ
3698 4936 3834 4989 Θεοῦ
3877 4955 4038 4990 ποτα-

2486 5028 2605 5096 μὸς,
2637 5022 2710 5080 ὧν
2732 5029 2790 5080 οὐ
2822 5027 3078 5097 περιττὸν
3103 5023 3256 5096 οἶμαι
3287 5029 3375 5080 καὶ
3399 5028 3556 5095 ὀλίγα
3583 5025 3704 5080 τινὰ
3735 5028 4034 5096 μνησθῆναι

2482 5117 2671 5188 ὥσπερ
2730 5119 2946 5188 ἥδυσμά
2995 5135 3047 5171 τι
3103 5118 3521 5186 κατακιρνῶντα
3571 5119 3650 5187 τῷ
3713 5119 4031 5189 διηγήματι.

2483 5209 2623 5277 Γυνή
2659 5226 2741 5271 τις
2771 5211 2870 5278 τὴν
2905 5209 3124 5279 ἡλικίαν
3160 5211 3253 5261 νέα
3285 5211 3532 5278 κάτοχος,
3559 5211 3702 5277 οἶμοι
3730 5214 3742 5263 !
3788 5211 4034 5280 δαιμονίᾳ⁵

2484 5303 2664 5370 πληγῇ
2691 5303 2921 5370 γίνεται.
2962 5301 3108 5371 Αὐτὴ
3141 5301 3233 5354 καὶ
3257 5303 3384 5363 τοὺς
3410 5301 3626 5364 ὀδόντας
3655 5303 3924 5356 κλείσασα
3949 5307 4032 5355 καὶ

2482 5395 2550 5447 τὰ
2585 5394 2734 5463 χείλη
2781 5394 2997 5460 μύσασα
3038 5396 3097 5445 οὺ
3151 5397 3310 5463 μόνον
3346 5396 3404 5445 οὐ
3451 5395 3636 5461 φωνὴν
3681 5397 3886 5463 «potet,
3926 5395 4032 5450 ἀλλ’

2481 5488 2600 5540 οὐδὲ
2629 5486 2833 5556 τροφῆς
2867 5488 3001 5548 ait»;
3022 5489 3257 5557 ἥπτετο·
3301 5490 3327 5540 ὁ
3359 5487 3413 5540 δὲ
3442 5487 3619 5554 λιμὸς,
3649 5489 3716 5540 τά
3748 5505 3806 5540 τε
3838 5491 4032 5554 σπλάγ-

2485 5596 2584 5648 χνα
2613 5579 2704 5632 καὶ
2749 5579 2850 5647 τὴν
2882 5580 3056 5648 σάρκα
3089 5579 3336 5647 χαλεπῶς
3379 5579 3656 5646 διατήξας,
3691 5580 3781 5631 τὸν
3809 5579 4029 5633 θάνατον

2487 5670 2700 5739 ἠπείλει
2728 5671 2865 5739 μετὰ
2891 5669 3082 5740 βραχύ.
3115 5669 3476 5740 Πειρωμένων
3504 5669 3560 5721 δὲ
3591 5670 3792 5740 ίατρῶν
3823 5672 4028 5739 φαρμά-

2492 5777 2600 5812 κων
2633 5759 2967 5829 φιλοπονίαις
2986 5761 3077 5814 καὶ
3108 5762 3217 5823 τοῖς
3252 5760 3355 5814 ir):
3385 5763 3482 5831 τῆς
3508 5759 3697 5831 τέχνης
3732 5760 4026 5832 βοηθήμασι
