4242 6442
245 395 363 473 189
1522 406 1699 466 VlTA
1742 408 1802 468 ε.
1848 407 1920 467 Ml

1800 456 1802 465 .
1848 407 2200 469 MELAN/B.
3369 415 3475 479 του

244 509 350 562 τοῦ
389 510 561 565 κακοῦ
589 511 886 582 κρατῆσαι,
912 511 1038 567 επεὶ
1061 512 1267 583 μάταια
1292 511 1469 585 πάντα
1498 516 1675 569 καὶτὸ
1709 534 1812 585 μη·
1838 515 1889 576 Α
1914 538 1919 566 ε

1799 544 1812 556 ·
1838 515 1889 576 Α
1914 532 2077 585 quam
2130 520 2310 576 omnia
2362 521 2830 577 conlocabantur
2874 538 2999 579 esse
3038 524 3222 580 lnania
3256 536 3309 581 et
3344 530 3474 583 nihil

245 600 345 653 διν
380 596 521 655 εἷναι
562 602 874 673 ἠλέγχοντο,
915 604 1241 671 ἀπειπόντες
1285 609 1335 661 οί
1372 608 1575 677 ταύτης
1607 608 1810 677 προσή-
1918 625 1920 675 j

1796 636 1810 648 -
1918 624 2098 677 posse,
2140 608 2421 681 defatigati
2450 612 2542 680 qui
2575 614 2642 666 ad
2680 628 2799 666 eam
2840 612 3165 682 attinebant,
3210 617 3276 669 ad
3307 634 3471 671 unum

248 708 443 756 κοντας
479 696 615 763 πρὸς
655 694 786 763 μίαν
816 693 1004 767 ιώρων
1032 696 1287 768 βοήθειαν
1314 700 1413 767 τὴν
1439 699 1539 768 τῆς
1573 698 1839 777 μεγάλης
1918 702 1923 753 1'

1799 716 1839 777 :v
1918 701 2275 755 intuebantur
2324 702 2632 768 auxilium,
2680 720 2875 773 nempe
2921 707 2986 758 ad
3038 722 3226 774 preces
3268 724 3474 778 magna

246 782 443 850 εὐχήν.
479 784 743 853 Φέρουσιν
770 782 863 839 οὖν
890 786 1058 857 αὐτὴν
1091 791 1279 859 χερσὶν
1312 789 1580 858 αἴροντες,
1605 790 1817 858 δάκρυά
1918 794 1921 847 ἶ

1798 790 1817 842 ἱ
1918 794 2161 848 Melana.
2206 793 2335 847 Eam
2389 797 2573 863 itaque
2612 796 2845 852 afferunt
2898 798 3149 853 tollentes
3198 803 3473 865 manibus,

245 888 315 924 τε
363 873 473 925 τῶν
517 875 812 946 ὀφθαλμῶν
844 879 1243 945 άποστάζοντες
1295 882 1391 935 καὶ
1434 883 1654 953 ῥήματα
1705 882 1815 933 τῶν
1918 931 1920 937 ,

1800 898 1815 933 ρ
1918 886 2185 955 lacrymas
2227 889 2401 943 oculis
2435 887 2806 952 eﬂ'undentes,
2855 899 2909 944 et
2952 889 3120 944 verba
3163 892 3475 946 emittentes

244 964 507 1035 δακρύων
534 968 875 1043 ἑλεεινότερα
917 974 1252 1044 προϊέμενοι.
1294 975 1358 1027 Ἥ
1392 975 1445 1027 δι
1470 977 1587 1044 (καὶ
1620 976 1726 1043 γὰρ
1756 974 1813 1039 ἐξ
1918 976 1919 1027 Ῐ

1799 976 1813 1039 Ξ
1918 976 2177 1047 lacrymis
2211 982 2383 1047 magis
2421 980 2775 1035 miserabilia.
2828 982 2921 1035 Illa
2952 992 3129 1037 autem
3170 984 3474 1054 (hominum

246 1056 561 1129 ἀνθρώπων
586 1062 746 1127 δόξαν
778 1064 854 1129 ὼς
874 1065 941 1119 τά
972 1066 1184 1135 μεγάλα
1215 1067 1557 1137 βλάπτουσαν
1582 1069 1815 1137 έφυλάτ·
1916 1091 1921 1119 ‹

1801 1093 1815 1107 -
1916 1069 2058 1124 enim
2105 1070 2307 1124 vitabat
2352 1070 2615 1139 gloriam,
2676 1080 2733 1124 ut
2784 1088 2901 1139 qua:
2955 1088 3211 1144 magnum
3261 1074 3476 1130 afferret

245 1170 397 1216 τετο,
427 1158 520 1209 καὶ
543 1163 956 1231 μετριοφρονετν
982 1162 1295 1230 ἠπίστατο),
1322 1163 1505 1216 Ταῦτα
1535 1165 1632 1234 μὲν
1664 1166 1810 1233 ἐμοὶ,
1917 1186 1920 1204 ε

1796 1205 1810 1229 ,
1917 1159 2212 1218 damnum.
2268 1160 2619 1230 modesteque
2662 1175 2727 1215 ac
2766 1161 3048 1217 moderate
3090 1178 3151 1218 se
3190 1165 3469 1233 gerebat).

247 1242 427 1310 λέγει,
461 1247 699 1303 ἀδύνατα
723 1267 739 1283 σ
770 1254 818 1304 οί
846 1252 900 1305 δὲ
944 1255 1039 1306 τοῦ
1069 1255 1304 1322 Χριστοῦ
1340 1255 1615 1326 μάρτυρες
1646 1256 1814 1310 πολλὰ
1918 1250 1922 1302 ί

1794 1258 1814 1309 ι
1918 1250 2041 1304 Ηςιξσ
2084 1250 2326 1318 quidem,
2388 1252 2584 1319 inquit,
2640 1268 2668 1306 a
2734 1268 2819 1306 mo
2879 1268 2990 1307 non
3044 1264 3274 1324 possunt
3320 1256 3469 1321 ﬁeri,

249 1337 325 1388 ἂν
350 1340 575 1393 τοιαῦτα
601 1344 693 1394 καὶ
715 1343 935 1411 μείζονα
958 1346 1163 1399 τούτων
1204 1349 1541 1416 ἐργάσασθαι
1577 1349 1812 1403 δυνατοί.
1920 1355 1924 1387 ¹

1803 1388 1812 1403 ,
1920 1345 2125 1397 Christi
2170 1360 2300 1398 vero
2344 1354 2610 1414 martyres
2653 1346 2769 1400 hac
2814 1356 2868 1400 et
2904 1347 2989 1403 bis
3019 1349 3225 1418 majora
3251 1359 3478 1418 possunt

248 1428 443 1493 Οὕτως
478 1432 706 1486 είποῦσα
740 1436 820 1498 είς
857 1435 949 1488 τὸν
983 1437 1111 1489 ναὸν
1147 1438 1301 1505 ἄγειν
1336 1440 1545 1492 κελεύει
1571 1441 1668 1509 τὴν
1700 1442 1816 1493 aut.
1920 1444 1923 1482 1

1805 1468 1816 1481 .
1920 1429 2122 1485 facere.
2155 1430 2290 1485 Cum
2321 1434 2400 1487 sic
2445 1434 2701 1501 dixisset,
2751 1435 3140 1491 daemoniacam
3172 1438 3299 1495 duci
3326 1428 3480 1509 jubet

254 1521 530 1586 μονῶσαν.
577 1524 686 1577 Τοῦ
725 1524 780 1578 δι
818 1527 924 1579 τῶν
953 1528 1121 1593 ἁγίων
1159 1530 1319 1592 εὐθὺς
1366 1531 1546 1583 ἐλαίου
1578 1531 1816 1585 λαϐοῦσα
1918 1520 1929 1572 i

1803 1549 1816 1583 ι
1918 1520 1972 1574 in
2025 1523 2308 1591 templum.
2360 1524 2493 1577 Cum
2518 1527 2585 1581 de
2620 1535 2939 1582 sanctorum
2970 1537 3156 1583 autem
3180 1531 3301 1585 oleo
3325 1547 3478 1586 sum-

248 1613 353 1664 καὶ
405 1615 499 1666 τοῦ
546 1618 644 1683 τῆς
676 1619 993 1684 καμνούσης
1042 1622 1310 1688 στόματος
1358 1622 1611 1690 ἁψαμένη
1673 1624 1814 1692 λαμο·
1918 1628 1923 1680 J

1805 1651 1814 1663 .
1918 1612 2137 1680 psisset,
2166 1621 2220 1667 et
2261 1629 2324 1669 os
2356 1616 2659 1671 laborantis
2724 1619 3019 1687 tetigisset,
3044 1621 3247 1675 claram
3275 1623 3480 1677 emittit

248 1703 401 1772 πράν
429 1704 679 1775 ἐπιφέρει
722 1708 925 1777 φωνὴν,
984 1711 1073 1764 Ἐν
1098 1711 1174 1780 τῷ
1211 1713 1434 1782 ὀνόματι
1476 1713 1649 1781 Ἰησοῦ
1680 1715 1816 1782 Χρι-
1920 1720 1923 1729 ‘

1803 1741 1816 1754 .
1920 1719 2110 1759 vocem
2163 1725 2175 1760 :
2222 1705 2279 1759 In
2320 1710 2540 1762 nomine
2579 1706 2707 1763 Jesu
2736 1710 2965 1776 Christi,
2990 1713 3197 1777 dicens,
3230 1730 3293 1769 os
3325 1724 3478 1771 tuum

251 1796 407 1858 στοῦ,
435 1796 687 1864 λέγουσα,
728 1800 993 1866 διάνοιξόν
1032 1819 1125 1855 σου
1158 1804 1218 1855 τὺ
1265 1805 1458 1873 στόμα.
1504 1806 1815 1858 Ἠκολούθει
1850 1810 1926 1902 Βὲ

1801 1798 2089 1902 ιΒορθτί.
2141 1795 2340 1853 Vocem
2400 1810 2579 1854 autem
2641 1816 2744 1855 vox
2798 1803 2982 1857 statim
3033 1815 3119 1859 est
3159 1821 3476 1875 consecuta,

246 1888 314 1941 δὲ
349 1891 685 1959 παραχρῆμα
713 1894 776 1961 τῇ
804 1895 951 1961 φωνῇ
986 1895 1019 1963 ἠ
1051 1897 1224 1965 φωνὴ.
1250 1900 1314 1965 τῇ
1346 1896 1498 1969 παρὰ
1528 1900 1625 1966 τῆς
1655 1899 1816 1966 ἁγίας
1850 1888 1921 1941 “’έ

1805 1916 1816 1962 ς
1850 1888 1889 1902 "
1919 1897 2125 1943 sancta:
2170 1904 2358 1944 vocem
2402 1906 2508 1945 vox
2549 1903 2791 1961 aegrotas,
2837 1904 2889 1948 et
2930 1896 3154 1952 incitata
3181 1909 3266 1954 est
3299 1900 3480 1969 lingua

250 1981 290 2047 ἡ
319 1979 417 2047 τῆς
464 1981 750 2050 νοσούσης,
800 1984 892 2035 καὶ
933 1984 965 2053 ἠ
1014 1985 1226 2051 γλῶττα
1277 1988 1411 2057 πρὸς
1462 1990 1816 2058 εὐχαριστίαν
1919 1998 1925 2032 1

1805 2006 1816 2040 ρ
1919 1980 1984 2033 ad
2035 1982 2273 2049 agendas
2322 1984 2547 2051 gratias,
2602 1994 2658 2038 et
2704 1986 2915 2041 damon
2967 1990 3175 2053 aberat,
3224 2003 3277 2044 et
3325 1992 3480 2049 cibus

250 2071 537 2140 ⁴ἠρέθιστο,
578 2075 673 2126 καὶ
699 2075 957 2141 δδαίμων
984 2076 1150 2145 ἀπῆν,
1184 2081 1277 2137 καὶ
1312 2080 1344 2148 ἡ
1390 2082 1564 2151 τροφὴ
1605 2082 1819 2151 σύναμα
1920 2092 1925 2127 ι

1806 2101 1819 2134 ι
1920 2074 2083 2129 simul
2114 2074 2323 2140 aderat,
2352 2085 2406 2132 et
2450 2078 2689 2132 divinum
2720 2094 2915 2135 nomen
2950 2097 3045 2151 per
3072 2083 3243 2151 ipsam
3277 2086 3481 2154 glorill-

254 2163 462 2230 παρῆν,
514 2165 606 2215 καὶ
664 2163 724 2216 τὸ
755 2163 899 2217 θεῖον
952 2165 1018 2219 δι’
1069 2167 1238 2238 αὐτὴν
1295 2169 1467 2237 ὄνομα
1525 2172 1818 2242 δοξαζόμε-
1920 2164 2167 2218 cabatur-

254 2270 352 2306 νον
389 2250 479 2323 ἦν.

333 2346 455 2400 AI“.
499 2348 669 2417 Ἀλλη
710 2366 793 2413 τις
825 2352 961 2418 γυνὴ
993 2352 1196 2404 κύουσα
1242 2354 1554 2423 πικροτέρῳ
1590 2355 1819 2409 θανάτου
1994 2346 2008 2399 ἶ

1803 2374 1819 2407 ›
1994 2346 2233 2400 XXXIII.
2271 2346 2525 2411 Quaedam
2566 2350 2667 2402 alia
2709 2350 2904 2405 mulier
2933 2353 3152 2421 gravida
3182 2353 3237 2407 in
3268 2363 3478 2423 partum

257 2439 553 2508 περιέτυχε
588 2441 752 2510 τόκῳ.
804 2441 948 2508 Πρδς
978 2442 1086 2509 γὰρ
1125 2442 1200 2510 τῷ
1238 2444 1443 2496 τίκτειν
1478 2446 1645 2513 αὐτῆς
1674 2462 1826 2513 γενον
1925 2438 1932 2490 Ῐ

1810 2474 1826 2488 .
1925 2438 2114 2491 incidit
2152 2447 2324 2493 morte
2353 2439 2711 2497 acerbiorem.
2738 2442 2872 2495 Nam
2923 2458 3044 2497 cum
3081 2443 3192 2512 jam
3246 2458 3480 2515 pareret,

260 2529 435 2598 μένης
480 2532 541 2582 τὸ
572 2531 805 2600 ἔμϐρυον
854 2531 1000 2583 ἔνδον
1053 2530 1205 2584 οὔπω
1238 2533 1497 2603 προελθὸν
1544 2536 1819 2598 ἐτελεύτα,
1927 2530 1935 2581 Ι

1805 2577 1819 2598 ,
1927 2530 2108 2593 [ωιυε,
2132 2530 2221 2598 qui
2250 2531 2487 2584 nondum
2511 2543 2870 2600 processerat,
2892 2536 3040 2590 intus
3061 2544 3180 2588 crat
3210 2545 3479 2601 mortuus,

259 2622 360 2673 καὶ
399 2616 467 2689 ἦν
494 2622 526 2689 ἡ
553 2622 766 2691 γαστὴρ
805 2625 901 2690 τῆς
938 2624 1139 2691 μητρὸς
1183 2624 1261 2691 τῷ
1308 2625 1458 2677 παιδὶ
1482 2626 1649 2693 τάφος
1674 2643 1686 2657 ·
1720 2622 1820 2698 ἧκε
1922 2641 1934 2672 ι

1809 2644 1820 2678 ι
1922 2629 2147 2688 eratque
2214 2622 2405 2674 matris
2455 2631 2643 2677 uterus
2693 2624 2999 2692 sepulcrum
3053 2624 3170 2679 filii.
3230 2626 3484 2683 Pervenit

256 2712 552 2781 τοιγαροῦν
591 2713 746 2781 ητῆς
772 2714 1031 2779 γυναικὸς
1072 2715 1327 2783 συμφορὰ
1377 2717 1469 2768 καὶ
1522 2718 1682 2786 μέχρι
1710 2720 1821 2770 Μεο
1925 2711 1931 2762 ἱ

1803 2748 1821 2759 .
1925 2711 2105 2780 itaque
2149 2712 2430 2767 calamitas
2465 2715 2656 2769 matris
2707 2731 2883 2784 usque
2908 2716 2973 2769 ad
3028 2732 3188 2773 aures
3231 2716 3478 2774 Melana.

258 2802 446 2871 λάνης.
497 2800 560 2855 Ἢ
589 2803 645 2855 δὲ
699 2803 819 2857 λίαν
856 2805 1154 2874 περιαλγὴς
1196 2809 1451 2872 γεγονυῖα
1486 2808 1579 2859 καὶ
1630 2808 1827 2877 ἐπίσης
1926 2804 1933 2859 1

1808 2827 1827 2870 τ
1926 2804 2018 2859 Illa
2045 2814 2224 2859 autem
2260 2806 2412 2860 valde
2440 2807 2590 2875 gravi
2623 2807 2811 2862 dolore
2839 2808 3053 2872 affecta,
3088 2818 3140 2864 et
3168 2810 3395 2879 perinde
3420 2824 3483 2865 ac

258 2896 332 2963 τῇ
367 2894 649 2962 πασχούσῃ
705 2895 803 2963 τὴν
844 2895 1073 2962 καρδίαν
1120 2895 1462 2964 ὀδυνηθείσα,
1492 2899 1589 2967 τὴν
1650 2898 1825 2950 οἰκίαν
1927 2895 1933 2948 i

1809 2918 1825 2950 θ
1927 2895 2045 2965 ipsa
2073 2911 2191 2964 qua
2222 2894 2527 2964 patiebatur
2551 2897 2820 2961 cruciata,
2842 2897 2992 2951 venit
3014 2899 3198 2952 statim
3230 2899 3297 2952 ad
3313 2898 3484 2965 aedes,

260 2987 342 3049 ὥς
371 2986 530 3053 τάχος
566 2986 977 3055 καταλαμϐάνει
1002 2987 1129 3039 ἔνθα
1155 2989 1244 3042 τὸν
1276 2989 1519 3043 κίνδυνον
1557 2990 1825 3057 ὑπέμενεν
1929 2988 1935 3039 i

1811 3009 1825 3045 ι
1929 2988 1982 3040 in
2010 2987 2210 3056 quibus
2249 2986 2549 3055 periculurn
2597 2987 2783 3040 adibat
2839 2988 3055 3055 mulier,
3118 3004 3486 3060 magnumque

262 3078 302 3144 ἡ
342 3077 502 3145 γυνὴ,
538 3077 632 3129 καὶ
673 3077 733 3129 τὸ
774 3077 915 3145 μέγα
951 3078 1244 3147 φάρμακον
1291 3080 1579 3145 ὲσκεύαζε,
1608 3082 1708 3151 τὴν
1741 3083 1829 3135 εύ-
1930 3093 1937 3131 ι

1808 3111 1829 3122 -
1930 3078 2385 3131 medicamentum
2429 3076 2638 3145 parav’it
2683 3078 3005 3133 orationem.
3056 3078 3190 3145 Quae
3227 3096 3358 3136 vero
3401 3082 3483 3135 la-

260 3168 390 3239 χήν.
432 3168 495 3221 Ἦ
524 3169 579 3221 δὲ
610 3169 909 3237 κάμνουσα,
956 3170 1106 3237 μόλις
1133 3171 1201 3223 τὰ
1231 3171 1381 3240 χείλη
1411 3172 1826 3239 διασαλεύουσα,
1855 3164 1901 3223 C
1931 3170 1935 3222 1

1811 3212 1826 3239 ,
1855 3164 1901 3223 C
1931 3169 2179 3229 borabat,
2210 3169 2297 3221 vix
2341 3167 2579 3220 membra
2606 3182 2848 3231 movens,
2889 3183 2994 3221 non
3024 3179 3239 3238 poterat
3266 3171 3483 3241 quidem

264 3260 605 3327 φθέγγεσθαι
656 3262 755 3329 μὲν
795 3262 893 3313 οὐκ
930 3257 1065 3331 εἶχε,
1113 3262 1188 3330 τῷ
1223 3264 1465 3331 σχήματι
1511 3264 1565 3317 δὲ
1598 3264 1832 3327 καὶτοῖς
1933 3260 1939 3313 l

1815 3283 1832 3327 ;
1933 3260 2125 3328 loqui;
2157 3260 2344 3313 habitu
2377 3270 2557 3312 autent
2598 3267 2652 3312 et
2710 3262 2885 3315 oculis
2914 3260 3169 3316 flebiliter
3224 3272 3279 3319 et
3326 3265 3490 3319 mise-

263 3352 567 3421 ὀφθαλμοῖς
624 3354 841 3423 οίκτρόν
906 3371 957 3407 τι
1014 3355 1107 3407 καὶ
1170 3357 1471 3425 περιπαθὲς
1534 3355 1829 3425 βλέπουσα,
1928 3365 1938 3404 l

1815 3396 1829 3421 ,
1928 3351 2174 3404 rabiliter
2209 3351 2426 3404 intuens
2448 3392 2460 3414 ,
2497 3351 2783 3403 videbatur
2807 3351 3009 3417 dicere,
3026 3350 3318 3408 Miserere.
3345 3355 3490 3420 Quid

278 3444 549 3511 Ἐλέησον,
604 3446 782 3512 λέγειν
836 3448 1019 3515 ἐῴκει.
1053 3447 1117 3500 Τί
1151 3447 1244 3499 οὖν
1300 3450 1332 3517 ἡ
1400 3449 1647 3523 μεγάλης
1690 3449 1832 3518 Πρὸς
1928 3456 1953 3494 C

1811 3467 1832 3510 ς
1928 3455 2059 3508 ergo
2084 3456 2272 3509 magna
2332 3439 2585 3494 Melana?
2627 3439 2813 3495 Oculis
2871 3442 2925 3495 in
2970 3444 3172 3496 caelum
3237 3445 3486 3507 sublatis,

265 3537 492 3606 οὐρανὸν
519 3537 579 3589 τὸ
604 3536 755 3607 ὄμμα
781 3538 1014 3606 διάρασα
1057 3541 1148 3591 καὶ
1184 3540 1277 3608 τὴν
1309 3540 1508 3607 ἑαυτῆς
1542 3540 1718 3609 ζώνην
1740 3541 1833 3593 λύο
1929 3548 1940 3584 1

1818 3568 1833 3583 .
1929 3547 2050 3584 cum
2093 3546 2283 3585 zonam
2315 3545 2468 3585 suam
2505 3530 2778 3594 solvisset,
2806 3534 2989 3586 statim
3034 3534 3266 3603 impertit
3295 3537 3342 3588 ei
3375 3550 3493 3602 qum

194 3627 204 3635 '
268 3643 408 3679 σασα
433 3630 497 3696 τῇ
534 3628 718 3695 σχεδὸν
759 3630 930 3697 νεκρᾷ
961 3629 1123 3691 εὐθὺς
1162 3630 1506 3697 δπιτίθησιν⁸
1539 3627 1680 3691 εἶτα,
1722 3630 1829 3681 Καὶ

1819 3640 1829 3681 ι
1928 3627 2045 3670 erat
2081 3618 2193 3671 fere
2236 3628 2470 3671 mortua.
2510 3618 2715 3672 Deinde
2747 3633 2869 3672 cum
2896 3620 3158 3676 dixisset:
3217 3622 3336 3690 Ipsa
3386 3624 3494 3679 fuit

266 3718 429 3787 αὕτη,
465 3720 650 3788 φησὶν,
678 3721 711 3787 ἡ
738 3718 883 3788 ζώνη
930 3722 1164 3788 μεγάλου
1199 3739 1287 3787 μοι
1317 3721 1489 3788 δῶρον
1517 3721 1728 3788 ἀνδρὸς,
1758 3723 1830 3773 εξ-
1927 3725 1940 3761 ι

1817 3750 1830 3760 .
1927 3710 2055 3761 nrilti
2090 3709 2292 3763 donum
2329 3710 2506 3777 magni
2551 3710 2676 3773 viri,
2706 3717 2759 3764 et
2796 3711 2886 3779 qui
2921 3726 3041 3764 eam
3078 3711 3241 3767 fuerit
3293 3728 3492 3770 conso-

268 3808 499 3877 πούσης,
525 3810 618 3861 καὶ
648 3810 675 3862 ὅ
699 3826 761 3875 γε
791 3810 994 3876 ταύτης
1020 3810 1195 3877 τυχὼν
1222 3810 1322 3862 οὐκ
1347 3810 1703 3873 ἀποτεύξεται
1729 3813 1829 3880 τῆς
1926 3814 1943 3853 ε

1816 3828 1829 3872 ς
1926 3810 2108 3864 cutus,
2136 3813 2241 3853 non
2278 3799 2637 3853 frnstrabitur
2672 3800 2975 3865 curatione,
3010 3801 3194 3855 statim
3244 3812 3298 3857 et
3340 3819 3491 3859 mor-

271 3899 490 3960 ἰάσεως,
532 3900 732 3951 αὐτίκα
767 3900 859 3949 καὶ
892 3899 985 3950 τὸν
1013 3900 1206 3969 νεκρὸν
1231 3899 1451 3969 ἑξέθορέ
1479 3917 1539 3951 τε
1585 3901 1675 3953 καὶ
1700 3902 1833 3952 άπε-
1930 3899 1946 3944 ι

1814 3929 1833 3941 .
1930 3899 2087 3944 tuum
2133 3892 2293 3960 ejecit
2321 3899 2375 3945 et
2408 3892 2635 3959 peperit,
2671 3900 2725 3943 et
2759 3906 2879 3960 qua:
2908 3892 3141 3961 jacebat,
3178 3894 3280 3947 fuit
3305 3897 3489 3949 statim

266 3995 499 4055 τίκτετο.
552 3995 642 4046 καὶ
680 3997 713 4061 ἠ
755 3995 981 4063 κειμένη
1034 3996 1376 4064 παραχρῆμα
1416 3994 1595 4061 πάσης
1635 3994 1827 4062 ὀδύνης
1926 3999 1941 4037 ε

1814 4012 1827 4056 ;
1926 3984 1994 4037 ab
2019 3983 2164 4037 enini
2190 3982 2377 4036 dolore
2422 3981 2670 4033 liberata.
2728 3980 2849 4035 Haec
2898 3983 2979 4036 vel
3034 3998 3130 4051 per
3181 4000 3372 4037 zonam
3428 3984 3489 4040 Β.

268 4083 611 4151 ἀπήλλακτο.
647 4083 881 4135 Τοιαῦτα
909 4084 1003 4135 καὶ
1029 4084 1117 4135 διὰ
1160 4084 1259 4152 τῆς
1292 4082 1466 4152 ζώνης
1504 4085 1533 4151 ἡ
1584 4088 1829 4153 μακαρία
1914 4074 1943 4126 Ἰ

1814 4103 1829 4135 ι
1914 4074 2133 4128 “Melana
2200 4074 2409 4127 faciens
2471 4073 2774 4136 miracula,
2833 4088 2893 4127 ea
2947 4076 3073 4128 aliis
3132 4076 3489 4135 attribuebat.

270 4172 550 4239 θαυμάσια
600 4172 781 4240 δρῶσα
828 4172 926 4232 τάς
976 4173 1206 4240 χάριτας
1251 4170 1358 4223 τῶν
1405 4172 1696 4239 θαυμάτων
1748 4174 1829 4235 είς
1926 4164 1945 4226 (

1815 4190 1829 4235 ;
1926 4164 2097 4228 Quam
2128 4164 2291 4215 multa
2331 4164 2469 4215 facta
2510 4173 2636 4217 sunt
2682 4164 2792 4217 illic
2840 4165 3134 4233 ejusmodi,
3190 4182 3311 4236 quae
3353 4168 3490 4223 milii

268 4263 490 4333 ἑτέρους
520 4264 709 4329 ἀνῆγε.
749 4264 891 4314 Πόσα
922 4264 1135 4332 ἐκείνης
1173 4261 1417 4325 τοιαῦτα,
1458 4256 1532 4315 ὧν
1562 4263 1621 4314 ού
1664 4279 1829 4333 προσ·
1933 4273 1943 4309 1

1813 4290 1829 4302 .
1933 4272 2042 4309 non
2079 4255 2201 4309 licet
2226 4270 2371 4309 nunc
2429 4255 2716 4323 attingere,
2768 4270 2890 4309 cum
2950 4257 3215 4325 prolixam
3266 4273 3488 4315 cernam

270 4358 396 4422 ήκει
428 4372 517 4423 μοι
556 4354 649 4405 νῦν
687 4354 975 4419 άπτεσθαι,
1000 4357 1061 4406 τδ
1099 4357 1271 4423 μῆκος
1298 4352 1493 4421 δρῶντι
1524 4352 1616 4404 τοῦ
1667 4355 1824 4419 λόγου
1932 4367 1945 4403 ι

1815 4371 1824 4403 ι
1932 4349 2259 4413 orationem,
2291 4361 2343 4402 et
2374 4350 2635 4403 remissus
2693 4348 2803 4417 jam
2831 4348 2963 4400 mihi
2991 4349 3063 4401 sit
3102 4350 3329 4418 spiritus
3364 4365 3490 4419 pro-

271 4448 366 4497 καὶ
396 4446 596 4499 ἄτοπον
625 4444 723 4513 ἠδη
755 4445 834 4513 τῷ
864 4444 1053 4513 πλήθει
1086 4445 1192 4497 τῶν
1225 4444 1530 4513 εἰρημένων
1574 4445 1822 4507 πνέοντι;
1862 4496 1897 4513 λ
1932 4456 1946 4509 1

1815 4460 1822 4506 ;
1862 4496 1897 4513 λ
1932 4450 2051 4509 pter
2081 4439 2485 4493 multitudinem
2521 4451 2711 4492 eorum
2743 4451 2862 4505 quae
2912 4436 3056 4490 dicta
3109 4447 3255 4494 sunt.
3292 4440 3397 4498 Sed
3422 4461 3490 4501 ex

284 4496 428 4590 an:
452 4537 594 4606 ὑμᾶς
622 4496 684 4603 γε
705 4496 818 4597 ἐπέ
847 4496 1211 4607 ἧδηιλεχθεῖσι
1242 4496 1497 4599 καίηπερὶ
1522 4536 1628 4587 τῶν
1652 4496 1826 4589 ἄλλων
1861 4496 1900 4549 D

1818 4496 1826 4585 ί
1861 4496 1900 4549 D
1932 4496 2017 4594 iis.
2048 4549 2168 4602 quae
2190 4533 2333 4585 dicta
2364 4538 2514 4593 sunt,
2546 4529 2701 4582 vobis
2725 4528 2880 4582 facile
2910 4528 3036 4581 licet
3071 4530 3283 4601 reliqua
3320 4540 3493 4609 conji-

268 4628 511 4693 είκάζειν
557 4628 723 4691 είκδς,
765 4627 953 4698 ὥσπερ
995 4629 1051 4693 ἐξ
1099 4628 1279 4695 ὀλίγου
1328 4625 1601 4693 γεύματος
1630 4626 1688 4679 τὸ
1722 4629 1828 4680 πᾶν
1931 4642 1943 4677 t

1811 4644 1828 4680 ν
1931 4639 2074 4685 rere,
2100 4631 2159 4675 ut
2198 4622 2289 4692 qui
2316 4637 2381 4675 ex
2420 4621 2632 4674 modico
2661 4629 2818 4688 gustu
2855 4626 3025 4671 totum
3080 4628 3486 4694 cognoveritis;

269 4720 534 4789 ἐγνωκόσι
560 4736 573 4749 θ
603 4718 695 4772 τοῦ
728 4719 836 4789 γὰρ
868 4718 1032 4771 αὑτοῦ
1072 4718 1249 4781 πίθου,
1279 4715 1471 4786 φήσειέ
1501 4732 1605 4778 τις,
1635 4717 1728 4768 καὶ
1767 4718 1827 4768 τὸ
1932 4732 1944 4766 t

1813 4727 1827 4768 δ
1932 4728 1996 4766 ex
2023 4712 2212 4765 eodem
2258 4712 2401 4764 enim
2430 4709 2600 4774 dolio,
2636 4707 2835 4761 dixerit
2878 4707 3174 4775 quispiam,
3222 4722 3303 4767 cst
3362 4717 3488 4771 reli-

268 4813 479 4865 λοιπόν.
526 4812 683 4863 Ίτέον
736 4813 915 4863 τοίνυν
961 4811 1054 4862 ἐπὶ
1089 4811 1185 4880 τὴν
1216 4808 1472 4877 τελευτὴν
1499 4807 1655 4875 ὀλίγα
1689 4810 1829 4877 πρό·
1934 4818 1943 4853 I

1812 4838 1829 4850 .
1934 4816 2120 4869 qutun.
2156 4798 2404 4853 Eundum
2438 4806 2521 4853 est
2564 4810 2695 4867 ergo
2761 4796 2827 4850 ad
2878 4795 3187 4865 decessum,
3244 4802 3290 4855 si
3338 4804 3487 4873 prius

267 4918 427 4972 τερον
460 4901 795 4969 προσθέντας
822 4902 899 4970 τῷ
921 4902 1237 4969 διηγήματι,
1932 4906 1942 4941 l

1169 4919 1237 4954 τι,
1932 4890 2225 4941 narrationi
2265 4904 2433 4956 pauca
2461 4888 2844 4955 adjecerimus.

340 4994 460 5050 ΛΔ’.
509 4994 662 5047 Ἐπεὶ
702 4996 808 5063 γὰρ
862 4996 1175 5065 ἐφειστήκει
1207 4996 1266 5046 τὸ
1304 4997 1486 5060 τέλος,
1542 4997 1634 5050 καὶ
1671 4994 1828 5048 τοῦτο
1860 4990 1874 5021 ’“
1929 5062 1931 5065 ι
2002 4978 2015 5031 ἶ

1813 5011 1828 5048 ,
1860 4990 1874 5021 ἐ
2002 4977 2241 5031 XXXIV.
2270 4979 2403 5033 Cum
2442 4979 2585 5032 cnim
2617 4981 2829 5033 adesset
2860 4980 3004 5046 finis,
3034 4990 3088 5037 et
3111 4983 3157 5039 is
3206 4992 3351 5037 esset
3385 4984 3488 5037 Mc-

273 5086 619 5155 προέγνωστο
654 5088 721 5155 τῇ
764 5086 1006 5156 Μελάνῃ,
1044 5084 1231 5157 ὥσπερ
1256 5105 1340 5151 τις
1378 5088 1619 5157 ἀθλητὴς
1666 5088 1828 5154 ιγγυ-
1930 5070 1947 5124 Ῑ

1811 5114 1828 5128 .
1930 5070 2067 5124 lana
2096 5072 2481 5139 praecognitus,
2501 5078 2552 5123 ct
2578 5079 2831 5139 tanquam
2856 5072 3057 5126 athleta
3085 5073 3354 5143 quispiam
3381 5091 3486 5127 nou

268 5178 414 5247 τέρω
447 5177 734 5243 γενόμενος
759 5174 851 5228 τού
886 5176 1173 5242 στεφάνου,
1220 5177 1424 5243 μᾶλλον
1460 5176 1709 5237 ἔσπευδε,
1736 5174 1827 5228 καὶ
1930 5180 1943 5232 1

1807 5174 1827 5225 ι
1930 5164 2119 5232 procul
2149 5164 2365 5215 abesset
2393 5176 2420 5212 a
2454 5175 2676 5223 corona,
2713 5163 2881 5231 magis
2917 5162 3228 5225 festinabat,
3270 5174 3323 5217 ct
3361 5178 3482 5217 eun

270 5270 348 5339 τῷ
375 5268 474 5339 ἢδη
516 5270 767 5336 παρεῖναι
799 5267 1003 5335 ἔχαιρε,
1035 5268 1323 5335 περιιοῦσα
1359 5269 1453 5320 καὶ
1482 5268 1606 5329 τοὺς
1636 5266 1831 5327 ἄλλους
1926 5255 1944 5323 i

1813 5282 1831 5327 ς
1926 5255 2036 5323 jam
2092 5257 2283 5309 adesse
2321 5255 2606 5308 laetabatur
2649 5272 2663 5309 :
2699 5264 2749 5309 et
2782 5255 2971 5310 obiens
3004 5256 3105 5309 alia
3150 5256 3266 5309 loca
3298 5255 3488 5309 llieru-

271 5362 373 5428 τῆς
417 5358 773 5427 Ἰερουσαλὴμ
820 5358 1038 5420 τόπους,
1094 5358 1341 5428 Βηθλεέμ
1385 5374 1446 5409 τε
1493 5360 1705 5427 εκείνην
1738 5360 1831 5421 καὶ
1932 5362 1946 5401 I

1816 5361 1831 5408 ι
1932 5348 2285 5416 solymorum,
2341 5354 2394 5398 et
2421 5344 2698 5399 Bethleem
2758 5346 2902 5398 illam
2962 5356 3011 5398 et
3079 5344 3381 5408 Callistum,
3437 5355 3491 5399 ει

273 5449 565 5504 Γαλιλαίαν
597 5453 691 5501 καὶ
742 5449 841 5502 ὅσα
889 5449 995 5500 τῶν
1025 5449 1184 5518 πέριξ
1232 5451 1326 5501 καί⁵
1370 5449 1552 5519 κύκλῳ
1606 5465 1830 5518 περιποο
1930 5457 1948 5509 t

1817 5475 1830 5489 .
1930 5455 2269 5512 quaecunque
2303 5440 2356 5492 in
2390 5440 2577 5493 orbem
2621 5440 2963 5501 circumibat,
2992 5454 3057 5492 ea
3093 5449 3345 5507 tanquam
3371 5439 3492 5492 ani-

274 5543 477 5602 λοῦσα.
530 5540 784 5608 καθάπερ
836 5538 1131 5609 ὶμψύχους·
1163 5542 1291 5610 περὶ
1346 5542 1444 5609 τὴν
1513 5540 1823 5608 ἀποδημίαν
1933 5548 1949 5585 1

1815 5555 1823 5586 ι
1933 5542 2077 5585 mata
2135 5530 2407 5584 salutabat
2448 5530 2499 5581 in
2533 5528 2984 5597 peregrinatione.
3014 5528 3148 5581 Cum
3178 5526 3490 5581 advenisset

275 5632 577 5701 ἠσπάζετο.
610 5632 720 5698 Τῆς
747 5629 857 5682 τῶν
888 5630 1177 5697 γενεθλίων
1212 5631 1268 5683 δὲ
1310 5631 1404 5684 τοῦ
1430 5632 1679 5700 Σωτῆρος
1709 5631 1830 5682 ἐπι·
1936 5638 1950 5677 ε

1817 5658 1830 5670 -
1936 5620 2116 5677 autem
2163 5621 2279 5675 dies
2338 5620 2533 5673 natalis
2590 5617 2919 5682 Servatoris,
2974 5618 3041 5672 ad
3096 5633 3336 5687 prmepe
3398 5632 3492 5671 cu-

279 5722 489 5793 στάσης
533 5723 743 5792 ἡμέρας
796 5723 889 5772 ἐπὶ
934 5722 1033 5790 τὴν
1084 5725 1290 5792 φάτνην
1319 5724 1412 5777 καὶ
1459 5721 1517 5775 τὸ
1570 5722 1831 5792 σπήλαιον
1938 5732 1954 5771 (

1810 5738 1831 5773 ν
1938 5717 2113 5771 currit
2152 5723 2206 5769 et
2253 5713 2588 5782 speluncam,
2635 5721 2687 5765 et
2718 5711 3057 5765 tonsnlminze
3093 5710 3242 5771 dicit,
3292 5723 3485 5762 senon

275 5814 415 5883 ιθει,
446 5815 537 5867 καὶ
572 5816 637 5886 τῇ
666 5812 918 5882 ἀδελφιδῂ
952 5812 1146 5885 φράζει
1178 5813 1253 5877 ὡς
1284 5813 1463 5868 οὐκέτι
1494 5813 1700 5886 ταύτην
1741 5812 1835 5865 αύ-
1937 5824 1950 5865 t

1811 5842 1835 5852 -
1937 5808 2170 5878 amplius
2203 5820 2323 5861 esse
2360 5803 2553 5860 festum
2596 5818 2715 5859 cum
2779 5802 2858 5857 eis
2889 5801 3303 5857 celebraturam.
3350 5796 3483 5853 Cum
