4242 6442
796 363 898 432 791
1682 369 1965 433 MENSIS
2005 373 2440 440 DECEMBER.

2352 375 2440 440 ιιι.
2482 377 2659 440 VITA
2697 379 2756 441 s.
2801 379 3146 443 unum.
3905 371 4027 439 ἰω

789 494 924 550 ergo
959 486 1074 534 tota
1108 485 1268 535 nocte
1297 477 1405 534 illic
1433 479 1715 549 vigilasset
1742 483 1797 537 in
1824 484 2103 553 spelunca,
2134 485 2222 538 die
2257 500 2343 538 se—
2375 487 2418 548 Α
2447 508 2464 543 1

2375 487 2418 548 Α
2447 495 2557 554 τοῖς
2581 491 2931 561 συνεορτάσοι
2957 491 3056 562 τὴν
3091 489 3338 559 τελετήν.
3379 488 3589 555 Νυκτὸς
3619 486 3712 543 οὖν
3736 486 3862 559 δλης
3888 489 4022 540 tu!

794 571 982 636 quenti
1015 571 1162 625 vadit
1191 571 1257 624 ad
1294 571 1463 626 adem
1497 571 1652 639 primi
1695 575 1969 645 martyris,
2003 585 2204 630 etcum
2239 577 2350 632 illic
2450 603 2469 640 ιι

2450 586 2530 656 τῷ
2565 584 2816 656 σπηλαίῳ
2839 585 3312 656 ἐπαγρυπνήσασα
3335 585 3404 655 τῇ
3435 586 3576 654 μετὰ
3609 585 3813 655 ταύτην
3843 584 3932 644 είς
3956 582 4027 635 τδ

795 671 1192 730 pernoctasset,
1226 671 1280 718 et
1327 663 1526 718 librum
1561 666 1884 735 sumpsisset
1914 668 1966 721 in
1999 682 2218 733 manus,
2267 669 2347 725 eis
2450 695 2470 732 σι

2450 678 2544 732 τοῦ
2595 678 3061 749 πρωτομάρτυρος
3111 679 3260 749 [ερον
3308 679 3646 747 ἀφικνεῖται,
3695 675 3924 731 κάκεῖσε
3958 689 4023 727 τε

793 755 919 822 legit
951 765 1178 809 mortem
1210 755 1367 824 primi
1399 759 1675 828 martyris.
1708 756 1911 813 Deinde
1949 775 2072 814 cum
2122 759 2350 826 adjecis—
2449 768 2945 839 διανυκτεριύσασα
2992 769 3084 822 καὶ
3127 769 3283 836 χερσὶ
3329 769 3390 820 τὸ
3424 767 3628 838 βιϐλίον
3657 766 3895 820 λαϐοῦσα
3921 762 4026 816 τὸν

795 855 896 910 set,
933 862 1028 903 eas
1068 864 1174 902 non
1199 849 1431 918 amplius
1478 864 1600 905 esse
1633 851 1779 904 illam
1833 852 2120 906 aud'itnras
2162 852 2348 919 Iegen-
2449 879 2470 915 ιι

2342 879 2348 891 ’
2449 862 2546 916 τοῦ
2575 863 3039 932 πρωτομάρτυρος
3067 862 3258 924 αὐταῖς
3287 861 3517 915 θάνατον
3539 856 3843 924 ὑπανέγνω.
3873 852 4017 908 Εἶτα

797 947 929 1002 tem,
963 947 1247 1009 postquam
1290 941 1424 994 vidit
1469 957 1562 997 eas
1590 943 1832 1013 graviter
1875 943 2036 1009 ferre,
2074 943 2217 1013 quod
2264 944 2348 998 di-
2452 968 2472 1002 ε

2452 951 2748 1019 προσθεῖσα
2776 949 2852 1011 ὡς
2880 951 3065 1004 οὐκέτι
3089 951 3294 1017 ταύτης
3335 946 3815 1015 ἀναγινωσκούσης
3848 943 4024 999 ακού-

797 1038 944 1084 ctum
981 1032 1157 1086 fuerat
1187 1031 1516 1099 (sentiebant
1540 1035 1681 1090 enim
1712 1034 1842 1102 quid
1875 1035 1978 1091 sibi
2028 1036 2186 1089 vellet
2235 1037 2350 1093 haec
2453 1056 2472 1092 ε

2346 1058 2350 1089 ι
2453 1056 2654 1102 σονται,
2682 1040 2801 1092 ἐπεὶ
2822 1039 2968 1108 ἑώρα
3002 1039 3212 1108 βαρέως
3239 1039 3408 1100 αὐτὰς
3436 1038 3496 1092 τδ
3521 1037 3682 1108 ῥηθὲν
3709 1034 4021 1102 δεξαμένας

801 1121 1017 1192 dicens)
1053 1140 1066 1177 :
1102 1125 1189 1178 illa
1228 1142 1421 1180 rursus
1449 1127 1615 1196 coepit
1647 1129 1811 1182 verba
1842 1130 1905 1182 ad
1939 1143 2030 1181 eas
2055 1127 2250 1192 facere,
2294 1136 2350 1183 et
2457 1132 2474 1201 (

2345 1144 2350 1181 '.
2457 1130 2700 1201 (ᾔσθοντο
2736 1131 2843 1200 γὰρ
2871 1132 2922 1183 τί
2981 1129 3224 1199 βούλεται
3269 1129 3461 1200 δηλοῦν
3505 1126 3678 1180 ταῦτα
3730 1123 4020 1192 λέγουσα),

799 1217 963 1269 corda
987 1231 1176 1272 earum
1208 1221 1484 1274 consolata
1505 1231 1589 1274 est
1622 1219 1799 1275 verbis
1834 1219 2203 1288 spiritalibus:
2236 1220 2348 1290 Ego
2456 1227 2474 1278 ί

2456 1224 2638 1288 εκείνη
2666 1223 2757 1276 τόν
2791 1240 2847 1276 τε
2878 1222 3037 1289 λόγον
3063 1223 3224 1284 εὐθὺς
3267 1219 3633 1288 ἀνελάμϐανε,
3664 1218 3758 1271 καὶ
3781 1217 3880 1279 τὰς
3921 1216 4024 1268 ati-

795 1309 1039 1377 quidem.
1079 1311 1285 1376 dicens,
1314 1325 1345 1364 ο
1365 1313 1719 1372 charissimze,
1749 1326 1778 1366 a
1805 1312 1960 1367 vobis
1987 1311 2096 1382 jam
2129 1314 2345 1377 recedo,
2453 1331 2470 1368 ιι

2453 1314 2564 1368 τῶν
2593 1314 2815 1382 καρδίας
2849 1316 3056 1384 ῥήμασι
3088 1313 3480 1382 πνευματικοῖς
3505 1309 3831 1379 παρεκάλει,
3873 1302 4022 1370 Ἐγὼ

789 1415 919 1454 cum
955 1401 1057 1456 hoc
1089 1404 1159 1455 ita
1198 1403 1305 1456 Deo
1334 1404 1508 1458 visum
1541 1405 1631 1458 sit.
1689 1401 1801 1460 Vos
1851 1418 1982 1458 vero
2050 1404 2122 1458 ita
2180 1405 2347 1460 vitam
2457 1426 2464 1478 ι

2344 1429 2347 1457 ι
2457 1408 2576 1478 μὲν,
2609 1407 2653 1460 ὦ
2682 1408 2952 1476 φίλταται,
2984 1407 3220 1475 φήσασα,
3255 1405 3520 1473 ἀφ’ὕμῶν
3544 1404 3643 1472 ἠδη
3681 1399 4019 1470 πορεύομαι,

796 1495 960 1564 agite,
1019 1503 1272 1562 tanquam
1335 1498 1695 1566 praesentibus
1733 1505 1788 1552 et
1839 1497 2190 1553 intuentibus
2255 1497 2346 1552 Dei
2453 1519 2471 1554 1

2345 1540 2346 1549 η
2453 1503 2530 1571 τῷ
2553 1500 2670 1566 Θεῷ
2701 1502 2858 1553 τοῦτο
2911 1498 3132 1552 δοκοῦνο
3180 1500 3342 1567 ὑμεῖς
3361 1496 3415 1549 δὲ
3463 1496 3578 1549 ἀλλ’
3620 1495 3722 1547 ὑπὸ
3755 1494 3870 1553 τοῖς
3921 1489 4020 1543 τοῦ

795 1585 985 1650 oculis,
1021 1586 1110 1654 qui
1147 1585 1504 1652 cogitationes
1542 1595 1816 1641 scrutatur
1865 1593 1918 1641 et
1971 1586 2118 1640 videt
2166 1586 2351 1642 corda.
2450 1593 2470 1646 ε

2345 1626 2351 1642 .
2450 1592 2584 1646 Θεοῦ
2635 1593 2838 1660 ζήσατε
2871 1590 3194 1659 ὀφθαλμοῖς,
3238 1590 3296 1651 ὃς
3330 1590 3426 1642 καὶ
3475 1587 3767 1654 λογισμοὺς
3817 1581 4020 1652 ἐρευνᾷ

795 1671 930 1726 Ειιηι
963 1690 1112 1744 ergo,
1150 1687 1207 1728 ut
1232 1677 1367 1730 dicit
1397 1677 1664 1744 Propheta
1699 1677 1740 1739 ⁸,
1775 1677 1928 1731 vobis
1955 1685 2081 1730 ante
2110 1687 2350 1731 vestrum
2449 1702 2470 1737 ι

2344 1694 2350 1729 I
2449 1686 2544 1737 καὶ
2594 1682 2821 1754 καρδίας
2855 1685 2976 1753 δρᾷ.
3010 1681 3180 1736 Τοῦτο
3221 1678 3314 1736 οὖν
3363 1682 3450 1735 διὰ
3504 1680 3702 1742 παντὸς
3741 1677 3886 1731 κατὰ
3924 1676 4019 1729 τὸν

793 1776 1147 1834 conspectum
1188 1777 1570 1837 proponentes.
1603 1778 1660 1822 et
1693 1777 1871 1822 castas
1907 1768 2115 1823 animas
2147 1778 2198 1822 et
2221 1782 2345 1821 cor-
2447 1775 2468 1827 Ι

2342 1796 2345 1808 ’
2447 1775 2760 1845 Προφήτην,
2790 1775 3019 1826 ἐνώπιον
3071 1773 3455 1842 προορώμεναι
3495 1773 3592 1835 τάς
3632 1787 3690 1822 τε
3745 1769 3928 1838 ψυχὰς
3959 1769 4017 1822 ιν

793 1871 928 1924 pora
961 1860 1028 1911 ab
1057 1861 1202 1911 omni
1249 1861 1366 1912 labe
1393 1858 1592 1912 munda
1626 1867 2054 1914 conservatemt
2111 1858 2155 1913 si
2212 1873 2341 1929 por-
2445 1868 2468 1918 δ

2445 1863 2636 1933 ἁγνείᾳ
2667 1865 2762 1916 καὶ
2793 1863 2932 1916 αὑτά
2957 1880 3019 1930 γε
3053 1862 3118 1914 τὰ
3157 1861 3383 1930 σώματα
3437 1860 3608 1930 ῥύπου
3642 1859 3842 1918 παντὸς
3873 1853 4017 1910 ἀνώ-

794 1958 916 2018 pter
949 1965 1120 2002 meam
1173 1949 1534 2017 privationem
1586 1950 1807 2005 tristitia
1840 1954 2002 2005 corda
2036 1960 2212 2006 vestra
2251 1967 2348 2019 pu-
2381 1960 2422 2015 Β
2449 1974 2469 2009 ιι

2345 1980 2348 1991 ’
2381 1960 2422 2015 Β
2449 1973 2581 2026 τερα
2616 1957 2997 2024 συντηρήσατε
3024 1971 3038 1985 ο
3078 1955 3179 2007 x6»-
3209 1969 3260 2004 τι
3293 1952 3381 2004 διὰ
3426 1951 3526 2010 τὴν
3562 1949 3702 2019 ἐμὴν
3755 1948 4020 2015 στέρησιν

793 2043 1030 2110 pngerit,
1061 2043 1104 2096 si
1133 2043 1275 2097 illius
1305 2043 1455 2096 vobis
1481 2043 1664 2096 veniat
1691 2043 1741 2096 in
1786 2055 2040 2110 mentem,
2096 2047 2348 2114 protinus
2453 2053 2468 2103 ί

2345 2079 2348 2093 ι
2453 2048 2658 2120 ηλύπη
2707 2049 2804 2108 τὰς
2854 2047 3006 2113 ὑμῶν
3053 2043 3289 2111 δριμύξῃ
3339 2041 3586 2110 καρδίας.
3632 2039 3748 2092 ἀλλ’
3809 2039 4020 2090 ἐκεῖνον

793 2134 931 2191 satis
955 2150 1206 2204 magnam
1230 2135 1519 2190 invenietis
1549 2136 1998 2191 consolationem.
2456 2141 2468 2194 l

2456 2141 2546 2194 ιπὶ
2584 2140 2709 2192 νοῦν
2757 2141 2976 2209 ἔχουσαι
3008 2136 3203 2204 ίκανὴν
3234 2133 3454 2195 εὐθέως
3484 2134 3748 2203 εὑρήσετε
3777 2132 3882 2202 τὴν
3910 2146 4019 2182 α-

2497 2232 2741 2301 ἀκλησιν.

2497 2251 2741 2286 animum.

864 2313 1085 2368 ΧῘΧῩ·
1150 2313 1286 2370 Cum
1338 2315 1418 2369 Sic
1493 2314 1722 2371 άίιῖεεει
1755 2355 1770 2380 .
1805 2315 2067 2384 ῑεπψιιιῐῐι
2116 2314 2354 2377 ίηίιτεάἷ·
2459 2251 2490 2306 ρ
2531 2279 2655 2377 AER
2695 2322 2883 2383 Οῦτως
2934 2319 3163 2373 εἰποῦσα
3221 2318 3448 2371 εἴσεισιν
3487 2317 3566 2379 είς
3617 2315 3680 2369 τὸ
3728 2315 3878 2384 ἱερὸν
3927 2313 4024 2368 καὶ

795 2427 905 2475 tur.
945 2420 1155 2469 etcum
1209 2411 1275 2466 ad
1326 2413 1654 2482 precandum
1691 2408 2067 2462 constitisset:
2133 2407 2358 2461 Domine
2464 2437 2470 2453 ι

2347 2421 2358 2461 ι
2464 2416 2599 2486 πρδς
2639 2414 2988 2484 εὐχαριστίαν
3030 2415 3224 2473 στᾶσα,
3272 2411 3536 2471 Δέσποτα,
3569 2409 3775 2476 ἔλεγεν,
3809 2409 3840 2459 6
3871 2407 4022 2470 Θεὸς,

799 2503 942 2559 Deus
976 2543 990 2569 ο
1057 2504 1273 2558 dicet)“
1316 2542 1331 2565 ο
1397 2519 1555 2571 θυοω
1624 2517 1723 2571 (⁵80
1809 2501 1940 2568 «τιθεῖ
2011 2499 2078 2552 ab
2151 2499 2307 2552 Ῐηίιίο
2341 2538 2356 2564 s
2461 2508 2520 2562 ὃν
2558 2507 2666 2574 ιγὼ
2695 2507 2754 2570 ἒξ
2780 2505 2952 2575 ἀρχῆς
2977 2505 3222 2572 εἱλόμην,
3252 2503 3312 2554 ὃν
3341 2502 3434 2554 καῖ
3459 2501 3636 2567 γάμου
3666 2501 3761 2551 καὶ
3785 2498 4022 2550 πλούτου

795 2613 958 2665 quem
1005 2611 1105 2666 ego
1152 2605 1206 2650 et
1242 2597 1447 2662 nuptiis
1498 2602 1552 2648 et
1616 2591 1818 2648 divitiis
1867 2599 1920 2644 et
1971 2592 2153 2659 gloria!
2218 2606 2356 2660 prte-
2464 2620 2470 2655 ε

2345 2620 2356 2632 ’
2464 2602 2559 2655 καὶ
2587 2600 2745 2664 δόξης
2773 2600 2866 2650 καὶ
2889 2596 3092 2664 ἡδονῶν
3122 2594 3488 2663 προετίμησα,
3517 2585 3671 2658 ᾧπερ
3697 2593 3762 2643 ἐκ
3789 2591 4020 2656 γενετῆς

795 2687 896 2740 tuli
956 2695 1010 2741 et
1067 2687 1450 2756 voluptatibus,
1505 2686 1594 2740 cui
1654 2685 1723 2739 ab
1777 2693 1900 2736 ortu
1956 2696 2153 2748 corpus
2210 2697 2360 2736 com-
2459 2708 2470 2743 ι

2346 2709 2360 2722 ·
2459 2692 2550 2744 κσὶ
2592 2692 2748 2758 σῶμα
2779 2688 3099 2756 παρεθέμην
3129 2685 3224 2738 καὶ
3267 2683 3502 2751 πνεῦμα,
3541 2678 3600 2735 οὗ
3641 2682 3721 2752 τῷ
3753 2682 3906 2750 φόϐῳ
3936 2679 4021 2732 διὰ

797 2779 1044 2832 mendavi
1104 2785 1158 2830 et
1221 2779 1511 2848 spiritum,
1583 2775 1740 2844 cujus
1784 2783 1926 2828 metu
1980 2774 2118 2828 ossis
2151 2787 2363 2841 semper
2459 2801 2472 2836 τ

2344 2788 2363 2826 Γ
2459 2783 2661 2844 παντὸς
2705 2779 2972 2848 ἐκολλήθη
3030 2795 3131 2845 μου
3166 2777 3225 2830 τδ
3268 2775 3458 2828 ὀστοῦν
3493 2777 3556 2843 τῇ
3593 2775 3778 2841 σαρκὶ,
3818 2774 3848 2824 δ
3883 2789 4019 2842 κραο

795 2869 1026 2924 οιίίιιιείι
1092 2869 1242 2923 carni
1336 2883 1514 2932 ineas,
1597 2869 1691 2937 qui
1767 2866 1985 2920 tenuisti
2083 2865 2358 2919 dexteram
2455 2865 2470 2927 ai

2340 2879 2358 2918 ἱ
2455 2865 2629 2944 τὴσας
2681 2888 2782 2940 μου
2810 2870 2908 2935 τῆς
2955 2868 3133 2931 δεξιᾶς
3167 2868 3262 2917 καὶ
3315 2867 3374 2916 ὲν
3419 2867 3484 2933 τῇ
3538 2864 3704 2933 βουλῇ
3737 2862 4015 2929 ὁδηγίισας

796 2977 995 3023 meam,
1022 2973 1071 3016 et
1096 2961 1152 3016 in
1184 2961 1418 3015 consilio
1444 2970 1534 3014 tuo
1568 2957 1837 3012 deduxisti
1891 2972 1997 3020 me,
2028 2963 2084 3008 tu
2135 2968 2354 3024 quoque
2461 2984 2471 3034 ι

2348 2973 2354 3006 ι
2461 2982 2550 3034 με,
2583 2965 2744 3025 αὑτός
2782 2979 2884 3027 μου
2919 2960 3013 3012 καὶ
3053 2957 3148 3009 νῦν
3190 2959 3509 3009 εἰσάκουσον
3551 2954 3649 3022 τῆς
3684 2952 3891 3020 φωνῆς,
3930 2950 4023 3003 καὶ

798 3068 953 3107 nune
981 3053 1176 3107 exaudi
1215 3066 1399 3106 vocem
1457 3065 1653 3111 meam,
1699 3059 1754 3103 et
1795 3048 1877 3102 has
1929 3048 2181 3116 lacrymse
2237 3060 2353 3099 mo-
2461 3056 2473 3108 δ

2346 3073 2353 3088 ι
2461 3056 2672 3126 δάκρυα
2705 3052 2875 3107 ταῦτα
2904 3051 3005 3119 τῆς
3051 3049 3153 3116 σῆς
3195 3045 3596 3112 εὐσπλαγχνῖας
3645 3043 3928 3110 κινησάτω
3956 3039 4021 3092 τὰ

795 3153 956 3200 vcant
997 3145 1197 3198 ﬂuenta
1254 3155 1356 3197 tuae
1404 3142 1814 3204 misericordiae,
1846 3148 1898 3195 et
1953 3141 2192 3192 omnium
2227 3154 2354 3208 pec-
2464 3173 2470 3219 ι

2347 3166 2354 3180 ’
2464 3148 2653 3219 ῥεῖθρα
2685 3146 2779 3198 καὶ
2824 3143 2949 3203 τοὺς
2983 3139 3186 3210 ῥύπους
3235 3139 3348 3190 ὅσοι
3393 3137 3454 3190 τέ
3497 3153 3598 3203 μου
3637 3133 3880 3187 ἑκούσιοι
3929 3131 4022 3184 καὶ

797 3248 1044 3292 calorum
1073 3236 1259 3290 sordes
1289 3245 1396 3288 tam
1420 3233 1752 3287 voluntarias
1777 3247 1934 3301 quam
1965 3231 2354 3286 involuutarias
2381 3267 2424 3325 ο
2459 3240 2472 3292 ε

2347 3247 2354 3284 ι
2381 3267 2424 3325 C
2459 3240 2574 3292 ὅσοι
2607 3236 2848 3288 ἀκούσιοι
2877 3234 2984 3285 τῶν
3000 3229 3435 3299 ἁμαρτημάτων,
3455 3226 3692 3295 κάθαρον
3713 3239 3729 3256 °
3754 3223 3853 3290 τὴν
3886 3220 4022 3325 προς

799 3342 1038 3397 expurga
1068 3345 1082 3382 :
1125 3327 1304 3396 praebe
1339 3325 1470 3378 mihi
1503 3323 1568 3377 ad
1602 3331 1651 3377 te
1682 3322 1786 3376 iter
1834 3323 2034 3389 absque
2089 3320 2196 3374 ulla
2231 3334 2352 3389 per-
2385 3312 2424 3325 ““
2459 3348 2474 3384 ε

2351 3312 2424 3357 ““
2459 3348 2520 3385 σε
2559 3329 2785 3397 πορείαν
2841 3325 3112 3392 ἀτάραχόν
3167 3338 3259 3389 μοι
3308 3318 3592 3388 πσρᾰσχου
3643 3316 3739 3369 καὶ
3780 3312 4026 3382 ἀνεμπό-

800 3417 1111 3472 turbutione
1139 3423 1192 3470 et
1223 3415 1360 3469 citra
1398 3414 1568 3468 ullum
1628 3412 2097 3480 impedimentum.
2155 3407 2233 3464 Ne
2269 3425 2353 3465 me
2455 3421 2475 3474 ε

2350 3432 2353 3462 τ
2455 3421 2632 3474 διστον
2663 3418 2734 3488 μὴ
2756 3413 3066 3483 κατάσχωσί
3095 3428 3157 3480 με
3182 3412 3231 3464 οῑ
3263 3409 3358 3462 τοῦ
3388 3409 3545 3477 ἀέρος
3568 3403 3760 3459 τούτου
3791 3403 4025 3474 πονηροὶ

801 3509 1066 3562 retineant
1099 3506 1262 3574 huius
1293 3505 1438 3558 aeris
1476 3504 1599 3557 mali
1627 3503 1919 3557 daemones.
1955 3501 2102 3556 Nosti
2130 3502 2353 3556 mortale
2454 3511 2476 3564 ε

2352 3529 2353 3535 ‘
2454 3511 2542 3564 δαί
2551 3526 2728 3578 μονες,
2743 3509 3009 3575 ἔγνωκας,
3027 3504 3284 3566 ἀθάνατε,
3302 3503 3392 3554 τὸν
3426 3500 3616 3565 θνητόν
3635 3515 3651 3531 ο
3669 3493 3892 3558 οἷδαςτὰ
3918 3495 4027 3547 τῶν

801 3614 834 3651 o
867 3597 1211 3656 immortalis,
1239 3597 1346 3649 scis
1371 3609 1402 3647 ο
1435 3594 1719 3648 hominum
1745 3604 1972 3654 amator,
2016 3592 2220 3644 nullum
2253 3591 2345 3644 ho-
2455 3601 2476 3652 ά

2455 3597 2778 3667 ἀνθρώπων,
2815 3596 3182 3663 φιλάνθρωπε,
3226 3590 3301 3653 ὡς
3338 3589 3509 3650 οὐδεὶς
3550 3586 3812 3647 ἄσπιλος.
3851 3583 4025 3644 οὐδεὶς

802 3693 1000 3745 minem
1032 3704 1152 3744 esse
1182 3691 1300 3744 sine
1331 3688 1605 3743 sordibus.
1627 3685 1817 3741 Nullus
1842 3695 1944 3747 est,
1975 3686 2027 3738 in
2057 3696 2213 3754 quem
2246 3701 2349 3738 non
2456 3694 2477 3744 ἀ

2456 3691 2696 3758 ἄληπτος
2731 3691 2848 3749 ταῖς
2875 3686 2965 3738 τοῦ
2993 3684 3371 3752 ἀντικειμένου
3397 3681 3587 3740 λαϐαῖς
3612 3679 3721 3730 οὐδ’
3757 3675 3822 3730 ἂν
3843 3675 4027 3745 ἡμέρα

803 3786 976 3849 possit
1013 3781 1252 3849 arripere
1281 3793 1468 3832 ansam
1529 3777 1897 3839 adversarius,
1947 3790 2045 3828 nec
2105 3774 2149 3829 si
2193 3775 2357 3827 vitam
2463 3800 2478 3850 ι

2348 3789 2357 3826 I
2463 3783 2560 3850 μιᾷ
2601 3779 2698 3848 τὴν
2737 3777 2880 3845 ζωὴν
2914 3776 3064 3844 σχοίη
3104 3772 3616 3842 συμμετρουμένην.
3676 3768 3839 3820 Ἀλλὰ
3867 3765 3932 3817 σύ
3964 3781 4023 3831 γε

803 3874 1018 3943 quidem
1046 3874 1238 3926 haheat
1277 3887 1386 3924 uno
1416 3872 1502 3925 die
1552 3869 1876 3924 dimensam.
1901 3867 2006 3922 Sed
2049 3878 2103 3920 tu
2141 3867 2356 3935 quidem
2459 3889 2478 3924 τ

2347 3882 2356 3918 I
2459 3875 2634 3925 πάντα
2674 3886 2772 3938 μου
2803 3868 3047 3936 παριδὼν
3075 3865 3322 3930 καθαρὰν
3349 3862 3427 3930 τῷ
3465 3860 3543 3929 σῷ
3570 3877 3636 3929 με
3670 3859 4022 3926 παράστησον

803 3982 926 4020 cum
959 3982 1070 4018 ltteu
1102 3981 1279 4015 «manu
1316 3961 1648 4029 despexeris,
1677 3960 1811 4015 siste
1835 3975 1920 4012 me
1950 3959 2204 4011 mundam
2235 3968 2359 4010 ante
2463 3965 2478 4030 ξ

2351 3974 2359 4010 2
2463 3965 2683 4032 βήματι.
2727 3960 2959 4012 Τοιαῦτα
2995 3959 3133 4026 μετὰ
3168 3955 3416 4024 δακρύων
3451 3951 3896 4020 προσευχομένης
3936 3949 4026 4002 καὶ

804 4068 958 4110 tuum
988 4054 1248 4108 tribunal.
1280 4053 1352 4105 Ea
1385 4053 1464 4106 sic
1497 4061 1753 4118 precante
1776 4065 1896 4102 cum
1931 4049 2206 4118 lacrymis,
2235 4064 2355 4100 cum
2459 4072 2479 4105 ι

2352 4071 2355 4096 ι
2459 4054 2608 4105 οὔπω
2639 4052 2735 4119 τῆς
2781 4052 2944 4118 εὐχῆς
2985 4047 3366 4115 παυσαμένης,
3402 4046 3570 4115 φρίκη
3616 4043 3676 4095 τὸ
3711 4042 3874 4109 σῶμα
3901 4041 4027 4094 ταύ-

804 4150 1047 4204 nondmn
1080 4151 1346 4199 ressasset
1376 4157 1556 4205 orare,
1588 4143 1777 4195 horror
1805 4155 2003 4207 corpus
2049 4140 2168 4207 ejus
2210 4140 2365 4191 iuva.
2463 4160 2479 4194 ιι

2349 4167 2365 4180 ·
2463 4159 2561 4210 της
2589 4140 2959 4209 ὑπολαμϐάνει
2982 4155 2994 4171 ·
3033 4139 3125 4190 καὶ
3156 4135 3249 4188 τοῦ
3298 4136 3394 4202 μὲν
3443 4135 3618 4185 νοσεῖν
3648 4131 3904 4200 ἄρχεται,
3931 4129 4024 4180 τοῦ

807 4238 910 4300 dit,
949 4245 1003 4290 et
1031 4235 1222 4302 incipit
1255 4231 1471 4301 quidem
1513 4237 1800 4298 agrotare,
1827 4243 1934 4282 non
1969 4235 2148 4282 cessat
2181 4234 2362 4280 autem
2462 4233 2482 4285 δ

2350 4242 2362 4279 I
2462 4233 2516 4285 δὲ
2556 4235 2736 4284 πονεῖν
2796 4230 2916 4282 οὐδὲ
2971 4229 3146 4298 βραχὺ
3204 4225 3459 4286 παύεται,
3514 4223 3648 4276 ἀλλὰ
3701 4221 3794 4273 καὶ
3854 4221 4025 4282 οὓτως

807 4331 1085 4390 laborare;
1117 4326 1209 4381 sed
1257 4323 1506 4393 quamvis
1554 4323 1631 4376 ita
1679 4331 1824 4377 esset
1879 4321 2089 4384 ali‘ecta,
2141 4321 2250 4374 ibat
2298 4319 2362 4372 ad
2463 4324 2482 4376 ι

2350 4319 2362 4372 Ι
2463 4324 2662 4392 ῑχουσα
2699 4321 2790 4373 ἐπὶ
2818 4322 2916 4382 τὰς
2945 4317 3196 4387 συνήθεις
3229 4315 3315 4384 ᾔει
3347 4312 3508 4383 ᾠδὰς,
3559 4311 3652 4364 καὶ
3683 4311 3809 4372 τοὺς
3842 4309 4025 4377 ὀρθρι-

806 4431 1066 4474 consueta
1099 4417 1333 4480 cantica,
1366 4421 1420 4469 et
1446 4413 1607 4468 simul
1661 4414 1890 4483 hymnos
1937 4411 2203 4479 psallebat
2253 4423 2365 4462 ma-
2461 4433 2481 4468 κ

2351 4440 2365 4450 -
2461 4418 2586 4478 νοῦς
2617 4411 2942 4478 συνέψαλλεν
2982 4413 3183 4478 ὕμνους
3205 4423 3218 4438 ·
3252 4406 3348 4459 καὶ
3379 4403 3551 4456 πολλὰ
3595 4400 3723 4471 περί
3755 4417 3813 4452 τε
3847 4401 4026 4468 ψυχῆς

812 4512 1017 4565 tutiuos
1045 4525 1058 4562 :
1100 4521 1332 4576 cumque
1362 4505 1430 4559 de
1458 4507 1640 4557 anima
1672 4512 1726 4557 et
1757 4504 1930 4556 salute
1958 4501 2184 4554 multum
2215 4507 2361 4553 esset
2393 4527 2438 4584 ῃ
2468 4526 2487 4563 ι

2351 4507 2361 4550 ι
2393 4527 2438 4584 ῃ
2468 4511 2561 4563 καὶ
2616 4508 2890 4575 σωτηρίας
2934 4498 3470 4572 φιλοσοφήσασα-καὶ
3504 4494 3581 4564 τῷ
3627 4494 3868 4561 ποιμνίῳ
3900 4491 4026 4544 ταύ-

810 4601 1212 4671 philosophata,
1265 4604 1320 4652 et
1373 4611 1526 4651 suum
1562 4609 1774 4665 gregem
1815 4595 2071 4657 allocuta,
2114 4606 2236 4646 eum
2290 4589 2354 4643 ad
2397 4581 2413 4584 ⁷
2464 4617 2485 4653 ιι

2347 4581 2413 4643 Γ
2464 4616 2564 4668 της
2620 4585 2957 4664 διαλεχθεῖσα
3025 4592 3122 4645 καὶ
3182 4588 3318 4659 πρὸς
3382 4585 3580 4655 ἀρετὴν
3639 4581 4022 4651 παραθήξασα,

811 4696 1062 4748 virtutem
1100 4692 1403 4751 incitasset,
1454 4688 1538 4743 his
1575 4688 1749 4748 .liuitis
1805 4694 1926 4741 cum
1993 4701 2052 4739 se
2097 4684 2359 4739 sensisset
2473 4711 2486 4762 ι

2352 4691 2359 4736 ῐ
2473 4692 2608 4762 μετὰ
2647 4691 2709 4743 τὸ
2742 4689 2895 4751 τέλος
2944 4685 3149 4738 τούτων
3184 4679 3542 4747 ἔκλειπούσης
3591 4677 3778 4744 ὥσπερ
3828 4676 4027 4743 εαυτῆς

808 4784 976 4840 veluti
1010 4783 1373 4840 deiicientem,
1403 4779 1627 4832 vidisset
1662 4787 1842 4832 autem
1868 4791 1959 4830 eas
1983 4789 2103 4843 qum
2162 4774 2210 4828 ei
2269 4786 2362 4840 pa-
2474 4761 2483 4835 ξ

2352 4798 2362 4812 ’
2474 4761 2790 4850 αἰσθομένη,
2843 4778 2964 4830 επεὶ
3011 4777 3131 4836 ταῖς
3181 4772 3271 4824 ὑπ’
3330 4771 3497 4835 αὐτὴν
3543 4764 3903 4836 μοναζούσαις
3940 4761 4027 4830 βα-

811 4878 1027 4939 rebaut,
1082 4873 1394 4933 monachas,
1428 4870 1667 4940 graviter
1717 4871 1857 4922 ferre
1915 4883 1974 4920 se
2021 4867 2088 4919 ab
2141 4881 2202 4919 ea
2253 4866 2365 4918 dis-
2478 4893 2486 4941 ί

2352 4891 2365 4903 ·
2478 4873 2714 4941 ρυτὰτην
2745 4871 2911 4938 αὐτῆς
2945 4867 3091 4936 ἐώρα
3125 4864 3223 4932 τὴν
3256 4860 3524 4924 διάζευξιν
3555 4858 3872 4926 γινομένην,
3899 4855 4027 4907 πολ-

807 4967 983 5035 jungi,
1018 4964 1202 5018 multis
1258 4963 1441 5016 verbis
1494 4975 1586 5015 eas
1645 4959 1950 5020 consolata,
2009 4957 2196 5010 dicens
2254 4969 2364 5008 non
2467 4965 2482 5016 1

2352 4970 2364 5006 ι
2467 4964 2592 5026 λοὺς
2628 4962 2722 5014 καὶ
2755 4960 2908 5022 αὖθις
2936 4959 3015 5020 είς
3050 4955 3368 5026 παραίνεσιν
3396 4953 3581 5017 λόγους
3615 4954 3910 5015 κινήσασα,
3935 4945 4027 4998 καὶ

813 5065 1067 5126 oportere
1099 5058 1169 5109 ita
1205 5069 1438 5109 moerere
1483 5062 1537 5107 et
1592 5052 1806 5121 lugere,
1862 5051 1988 5104 dato
2037 5050 2144 5120 jam
2197 5048 2364 5102 desu-
2474 5075 2488 5128 ι

2350 5075 2364 5089 ·
2474 5056 2548 5128 μὴ
2582 5055 2692 5107 δεῖν
2718 5054 2887 5113 οὕτως
2927 5048 3217 5119 ὀδύρεσθαι
3260 5045 3354 5098 καὶ
3390 5043 3605 5096 πενθεῖν
3657 5039 3906 5102 εἰποῦσα,
3932 5035 4025 5088 τοῦ

815 5125 909 5217 per
952 5150 1110 5216 signo
1159 5145 1554 5215 emigratiouis,
1595 5143 1777 5197 divina
1815 5142 2016 5197 Christi
2082 5142 2246 5196 sumit
2282 5156 2369 5195 sa-
2475 5125 2490 5198 ξ

2353 5169 2369 5182 ·
2475 5125 2740 5216 συμϐόλου
2762 5143 2859 5212 ήδη
2885 5141 2980 5210 τῆς
3013 5137 3315 5206 ἀποδημίας
3342 5133 3567 5198 ἄνωθεν,
3602 5131 3893 5198 δεδομένου
3921 5125 4028 5180 τῶν

815 5252 1110 5296 crameuta.
2476 5239 2636 5290 θείων
2676 5232 3081 5304 μεταλαμϐάνει
3110 5229 3205 5282 τοῦ
3232 5225 3470 5299 Χριστοῦ
3514 5224 3851 5294 μυστηρίων.

887 5328 1286 5384 XXXVI.Cum
1323 5335 1502 5382 autem
1555 5341 1676 5382 cum
1742 5324 1993 5395 pontiﬁce
2045 5320 2358 5375 Eleuthero-
2543 5331 2562 5381 λ

2351 5349 2358 5363 ν
2543 5329 2682 5394 ACf'.
2716 5323 3148 5393 Παραγενομένῳ
3181 5319 3237 5372 δὲ
3293 5321 3387 5371 καὶ
3432 5315 3511 5385 τῷ
3559 5315 3810 5383 ἀρχιερεῖ
3850 5313 4026 5365 Ἐλευ-

814 5425 973 5492 polis,
999 5422 1092 5490 qui
1139 5425 1203 5474 ad
1235 5435 1353 5476 eam
1379 5434 1502 5475 cum
1543 5432 1654 5472 toto
1709 5418 1854 5472 clero
1894 5425 2134 5480 venerat,
2163 5415 2253 5469 diu
2289 5415 2367 5466 lo-
2474 5419 2489 5471 ί

2352 5442 2367 5453 ·
2474 5418 2845 5488 θερουπόλεως
2877 5415 2975 5467 σὺν
3005 5412 3169 5465 παντὶ
3209 5411 3286 5481 τῷ
3319 5409 3525 5479 κλήρῳ,
3579 5405 3751 5458 πολλὰ
3789 5405 4027 5475 κάκείνῳ

813 5529 939 5573 cuta
975 5519 1040 5571 tle
1076 5517 1192 5572 suis
1229 5517 1485 5584 gregibus
1519 5515 1687 5567 multa
1732 5512 1984 5566 mandata
2018 5511 2275 5575 dedisset,
2314 5518 2367 5563 et
2479 5525 2488 5560 ε

2350 5518 2367 5561 t
2479 5508 2962 5578 προσδιαλεχθεῖσα
2992 5506 3085 5557 καὶ
3123 5501 3381 5573 περὶτῶν
3413 5499 3678 5568 ποιμνίων
3717 5496 3884 5562 αὐτῆς
3914 5498 4025 5550 ἑπι-

811 5625 932 5666 cum
958 5609 1114 5664 multi
1139 5624 1358 5679 quoque
1383 5608 1470 5663 alii
1500 5607 1893 5663 conﬂuxissent
1921 5605 2194 5673 (exceptis
2220 5601 2363 5657 enim
2479 5616 2486 5647 ι

2352 5617 2363 5654 ι
2479 5597 2758 5666 σκήψασα,
2817 5594 3027 5649 πολλῶν
3083 5592 3140 5645 δι
3193 5591 3288 5646 καὶ
3339 5588 3514 5644 αλλων
3569 5585 4027 5656 συνερρυηκότων

881 5790 902 5827 ⁸
933 5791 1077 5847 Psal.
1098 5805 1210 5860 xu,
1237 5792 1314 5848 15.
