4242 6442
770 381 876 446 795
1883 386 2260 448 ADDENDA.
2300 409 2372 424 -
2405 388 2868 453 JANUARIUS.
3886 401 4000 466 793

764 497 919 559 bum.
939 506 1148 554 tantum
1171 513 1360 554 omnes
1380 499 1515 555 alios
1532 505 1864 570 superarunt
1890 499 1944 554 in
1969 500 2320 569 producenda
2348 502 2399 562 Α
2424 522 2439 555 1

2348 502 2399 562 Α
2424 503 2588 556 πλέον
2609 503 2718 558 τῶν
2747 503 2922 558 ἄλλων
2949 506 3029 569 είς
3055 507 3308 563 τωοότον
3331 509 3425 565 τδν
3442 513 3577 568 ’καθ’
3603 514 3762 586 ἡμῶν
3788 517 3970 582 δεέτει
3988 554 4003 564 ο

764 587 822 643 in
855 603 957 644 nos
981 589 1368 659 persecutione
1398 601 1460 647 ut
1497 593 1709 649 nullum
1747 596 1984 664 posteris
2017 595 2199 650 locum
2235 611 2321 650 re-
2426 611 2439 643 ι

2426 610 2523 645 ναν
2570 593 2811 665 διωγμὸν
2829 633 2854 666 ,
2893 596 2970 661 ὡς
3016 599 3222 679 μηδενὶ,
3257 602 3366 657 τῶν
3412 603 3634 660 πώποτε
3685 608 4002 679 γενομένων

766 676 1050 748 liquerint,
1085 693 1196 748 quo
1224 694 1322 734 eos
1371 681 1426 735 in
1459 683 1646 738 furore
1705 693 1932 752 possent
1973 684 2323 739 antecellere.
2428 687 2441 738 ι

2428 686 2714 740 ἀπολιπὼν
2746 688 2942 757 μανίας
2965 676 3307 764 ὑπερϐολην·
3338 695 3440 766 τὴν
3463 698 3570 769 γὰρ
3600 676 3862 767 τύρανναν
3893 704 4004 775 ἁρ-

765 767 899 822 Nam
956 782 1080 823 cum
1151 770 1369 840 tyranni
1413 772 1756 842 accepissent
1806 773 2142 844 imperium,
2178 775 2326 845 quod
2429 795 2440 847 ῃ

2429 777 2529 847 χὴν
2547 782 2949 851 συναιρομένην
2973 784 3156 847 αὐτοῖς
3182 785 3284 855 τῆς
3318 767 3580 854 ἀπονοίας
3606 791 3845 861 ιχοντες,
3877 767 4002 862 ιέι.

766 861 1173 931 sud’ragabatur
1221 875 1412 917 eorum
1464 867 1740 930 amentiae,
1772 874 1828 920 et
1883 881 2080 921 secure
2143 867 2328 923 omnia
2429 870 2441 922 ἰ

2324 892 2328 922 ι
2429 870 2710 924 λονείκουν
2742 874 2878 927 πᾶσι
2916 877 3142 945 τρόποις
3174 879 3268 932 τοῦ
3298 879 3453 945 δντος
3500 882 3637 937 Θεοῦ
3664 885 3726 937 ea
3751 885 3999 957 ὑπήκοον

763 952 1060 1017 auderent,
1104 954 1512 1010 contendebant
1571 957 1769 1026 partim
1818 957 2040 1026 quidem
2117 957 2333 1012 blandi-
2431 982 2438 1014 ι

2328 988 2333 998 -
2431 963 2766 1034 ἀποστῆσαι,
2797 967 2897 1020 καὶ
2928 969 3112 1038 τὸτῆς
3142 970 3397 1037 ἀσεϐείας
3429 974 3814 1042 άναδείξασθαι
3849 952 4003 1051 apd-

765 1044 857 1098 tiis
909 1052 966 1098 et
1018 1044 1202 1099 verbis
1259 1045 1566 1112 fallacibus,
1616 1048 1811 1116 partim
1857 1057 2038 1104 autem
2070 1046 2233 1104 minis
2268 1057 2326 1104 ct
2430 1069 2542 1118 τος.

765 1136 937 1205 plagis
965 1138 1326 1205 gravissimis,
1357 1141 1584 1209 eos_qui
1637 1141 1869 1212 subjecti
1908 1149 2067 1197 erant
2102 1143 2323 1197 illorum
2398 1145 2632 1217 imperio
2663 1165 2696 1206 a
2758 1150 2874 1208 Deo
2929 1168 3062 1210 vero
3115 1156 3411 1216 abducere.
3467 1171 3524 1218 et
3572 1161 3638 1217 ad
3692 1163 4003 1232 impietatis

764 1229 1026 1282 ditionem
1064 1230 1369 1286 traducere.
1403 1230 1614 1301 Ubique
1655 1233 1836 1302 itaque
1868 1249 1966 1302 per
1989 1249 2149 1289 suum
2173 1235 2537 1306 principatum
2566 1257 2664 1298 eos
2726 1258 2920 1302 omnes
2985 1249 3513 1319 comprehendentes
3563 1254 3668 1324 -qui
3725 1229 4002 1312 Christia‘

765 1335 888 1374 nam
938 1321 1235 1374 tuebantur
1273 1323 1611 1393 religionem,
1659 1326 1713 1378 in
1758 1326 2037 1380 custodias
2074 1327 2787 1400 tradiderant‘etcareeres,
2819 1347 2881 1394 ut
2931 1341 3196 1410 paulatim
3257 1344 3385 1399 torti
3446 1321 3705 1413 majorem
3766 1361 3998 1402 sensum

765 1422 1022 1480 caperent
1059 1414 1459 1482 perpessionis:
1491 1425 1547 1470 et
1574 1416 1832 1484 pietatem
1861 1419 2085 1488 quidem
2144 1430 2429 1491 negantes,
2471 1425 2735 1483 viderent
2780 1429 2922 1486 hanc
2958 1432 3175 1507 lucem,
3237 1434 3294 1490 in
3325 1451 3434 1491 non
3483 1449 3743 1507 parentes
3807 1449 4003 1494 autem

765 1505 959 1558 mortis
991 1504 1230 1560 ferretur
1261 1509 1555 1563 sententia.
3159 1506 3166 1511 -
3484 1504 3499 1507 -
3539 1506 3541 1508 -

835 1597 898 1653 ll.
941 1597 1076 1652 Cum
1103 1598 1218 1653 haec
1246 1599 1326 1653 sic
1352 1599 1546 1654 fierent
1577 1601 1797 1670 quidam
1834 1604 2209 1668 Sebastianus,
2234 1605 2321 1660 vir
2497 1607 2510 1658 l

2497 1605 2573 1661 B'.
2611 1606 2827 1660 Τούτων
2843 1609 2983 1663 οὑτω
3007 1612 3308 1682 γινομένων
3331 1614 3685 1679 Σεδαοτιανος
3714 1635 3823 1681 τις,
3855 1619 3998 1688 ἀνὴρ

765 1700 816 1742 et
852 1706 1052 1759 genere
1099 1692 1281 1746 clarus
1334 1701 1390 1746 et
1419 1693 1605 1768 gloria!
1636 1694 1886 1765 insignis.
1938 1707 2092 1753 ortus
2119 1697 2327 1752 Medio-
2353 1766 2398 1778 _
2429 1713 2440 1749 ι

2325 1731 2327 1741 ι
2353 1766 2398 1778 _
2429 1698 2527 1749 καὶ
2544 1698 2692 1764 γένει
2727 1701 3028 1771 περιφανὴς
3055 1705 3148 1756 καὶ
3181 1705 3310 1778 δόξῃ
3339 1707 3718 1776 περίϐλεπτος,
3755 1712 3858 1778 τῆς
3885 1712 4000 1764 Με-

767 1780 873 1833 lani
907 1779 1007 1850 (l),
1042 1781 1291 1851 tyrannis
1319 1789 1437 1835 erat
1474 1766 1614 1838 adeo
1669 1785 2034 1851 venerandus,
2066 1787 2212 1857 quod
2245 1788 2328 1842 vi-
2353 1766 2401 1826 Β
2430 1787 2442 1840 l

2325 1819 2328 1828 ι
2353 1766 2401 1826 Β
2430 1787 2692 1842 διολάνων
2704 1766 3048 1860 ὁρμώμενος,
3066 1766 3318 1849 τοσοῦτον
3348 1766 3462 1860 τοῖς
3489 1766 3772 1869 τυράννοις
3789 1766 4000 1854 αίδέσι-

765 1874 991 1927 deretur
1019 1873 1075 1926 in
1113 1873 1371 1928 omnibus
1399 1875 1486 1928 vir
1518 1882 1797 1944 spectatus
1845 1884 1902 1931 et
1949 1876 2236 1945 probatus,
2267 1886 2328 1934 ut
2436 1899 2440 1948 λ

2324 1918 2328 1931 ,
2436 1895 2535 1949 μος
2555 1876 2625 1951 ἦν
2647 1881 2735 1935 διὰ
2762 1883 2862 1953 τὴν
2884 1884 3048 1938 αὑτοῦ
3070 1886 3401 1959 ὼκιμὸτητα
3421 1893 3496 1954 ὡς
3517 1894 3626 1954 τοῖς
3650 1896 3999 1957 πιστοτάτοις

765 1975 1258 2019 connumeraretur
1280 1966 1423 2019 inter
1455 1967 1662 2021 amicos
1691 1966 2006 2033 fidissimos,
2036 1977 2092 2024 et
2121 1969 2328 2038 primas
2433 1990 2440 2021 ι

2325 1990 2328 2020 ι
2433 1975 2609 2040 φίλοις
2644 1975 3078 2045 δναριθμεῖσθαι,
3137 1985 3232 2034 καὶ
3262 1985 3355 2035 τοῦ
3398 1984 3795 2053 στρατιωτικοῦ
3825 2001 4000 2038 καταο

767 2064 954 2124 partes
989 2064 1203 2110 teneret
1241 2056 1297 2110 in
1328 2071 1562 2110 numero
1595 2058 1842 2112 militari.
1876 2059 1929 2114 Is
1952 2075 2076 2114 cum
2100 2061 2328 2116 didicis—
2432 2063 2442 2116 ἰ

2323 2090 2328 2101 ι
2432 2063 2589 2133 λόγου
2629 2067 2927 2136 προτελεῖν.
2961 2063 3129 2132 Οὗτος
3177 2072 3267 2125 τὸν
3299 2074 3486 2139 ὑγιοῦς
3513 2076 3610 2144 τῆς
3641 2078 3884 2137 πίστεως
3916 2077 3998 2128 δι-

766 2155 848 2200 set
877 2161 1061 2207 veram
1095 2148 1219 2202 fidei
1255 2148 1546 2212 rationem,
1570 2159 1627 2203 et
1650 2150 1810 2204 vellet
1839 2166 1948 2205 non
1979 2152 2153 2205 solum
2181 2153 2326 2222 seip-

767 2250 909 2300 sum,
959 2235 1051 2290 sed
1084 2237 1247 2290 etiam
1297 2238 1434 2291 alios
1479 2239 1544 2291 ad
1593 2238 1868 2293 Christum
1921 2241 2193 2296 adducere
2227 2257 2328 2310 per

767 2331 1111 2398 martyrium,
1145 2331 1450 2384 conabatur
1489 2330 1714 2398 quidem
1758 2331 1812 2385 in
1843 2333 2123 2403 principio
2154 2335 2327 2389 latere

767 2430 824 2475 et
852 2437 911 2476 se
940 2424 1119 2478 celare
1142 2463 1158 2488 ,
1192 2439 1302 2478 non
1347 2424 1497 2494 quod
1533 2426 1752 2480 timeret
1806 2427 2107 2490 cruciatus,
2142 2429 2237 2483 sed
2269 2437 2330 2483 ut

767 2527 892 2566 cum
929 2513 1279 2567 simulatione
1310 2512 1629 2568 crederetur
1665 2514 1886 2582 impius,
1926 2526 2077 2570 esset
2104 2531 2164 2570 re
2198 2532 2330 2571 vera

768 2603 959 2671 aliptes
996 2603 1322 2658 Christianis
1349 2647 1362 2672 ,
1396 2615 1451 2660 et
1478 2605 1559 2661 sic
1601 2607 1902 2675 permultos
1949 2607 2239 2662 induceret
2266 2607 2331 2662 ad

2432 2156 2655 2225 δαχθεὶς
2721 2158 2878 2226 λόγον
2932 2161 3027 2213 καὶ
3082 2161 3406 2232 βουλόμενος
3467 2165 3606 2234 μετὰ
3669 2167 3766 2218 καὶ
3818 2166 4001 2219 ἄλλων

2432 2247 2697 2301 πλειόνων
2725 2249 3102 2318 ὑπεραθλῆσαι
3125 2252 3362 2320 Χριστοῦ
3409 2257 3527 2308 κατ’
3559 2256 3731 2325 ἀρχὰς
3768 2257 3999 2309 ἔσπευδε

2431 2335 2736 2400 λανθάνειν,
2757 2339 2820 2391 οὐ
2852 2340 2951 2402 τὰς
2978 2345 3244 2412 τιμωρίας
3275 2345 3549 2410 δεδοικὼς,
3579 2348 3714 2400 ἀλλὰ
3741 2349 3888 2411 ὅπως
3929 2350 3999 2416 τῇ

2436 2427 2718 2496 ὑποκρίσει
2771 2428 2845 2492 ὡς
2903 2430 3166 2500 δυσσεὸὴς
3219 2434 3626 2502 πιστευόμενος,
3673 2434 4001 2498 διδάσκαλος

2437 2517 2524 2586 εἴη
2553 2519 2651 2587 τῆς
2683 2518 2939 2585 ἀληθείας
2970 2523 3011 2573 Χ
3023 2527 3338 2588 ριστιανοῖς,
3371 2527 3466 2577 καὶ
3495 2524 3722 2588 πολλοὺς
3744 2524 4002 2578 ἐντεῦθεν

2439 2609 2621 2678 ὲνάγοι
2645 2612 2778 2681 πρδς
2801 2614 2900 2679 τὴν
2933 2613 3240 2668 εὐσέϐειαν.

770 2697 1044 2765 pietatem.
1094 2695 1230 2751 Cum
1284 2712 1417 2752 vero
1461 2698 1724 2754 evasisset
1778 2706 2025 2768 tempore
2075 2699 2332 2755 omnibus
2366 2703 2713 2765 manifestus,
2746 2713 2802 2759 et
2832 2714 3143 2774 postremus
3177 2708 3424 2775 martyrii
3494 2707 3756 2763 subiisset
3813 2716 4001 2762 certa-

770 2804 913 2853 men,
949 2789 1107 2859 Ionge
1137 2789 1561 2860 pulcherrimam
1633 2799 1919 2846 assecutus
1977 2800 2064 2846 est
2096 2793 2400 2860 victoriam,
2437 2809 2560 2863 quae
2591 2796 2732 2851 bona
2759 2799 3004 2852 cwlcstia
3048 2798 3099 2852 ei
3129 2799 3459 2854 conciliavit.
3491 2799 3598 2854 Sed
3632 2801 3747 2856 hac
3770 2801 4000 2870 quidem

770 2891 980 2952 postea.

838 2976 928 3031 lll.
961 2975 1113 3029 Tunc
1128 2984 1310 3031 autem
1347 2977 1588 3046 quando,
1615 2978 1759 3032 sicut
1788 2977 1998 3034 dictum
2028 2988 2133 3046 est,
2165 2996 2336 3036 cona-
2504 2978 2513 3029 Ι

2326 3011 2336 3022 .
2504 2977 2574 3032 f".
2614 2977 2742 3041 Τοῖς
2780 2977 3181 3047 δεσμωτηρίοις
3229 2979 3340 3048 γὰρ
3371 2979 3631 3048 προσιὼν,
3683 2979 3813 3032 ινθα
3874 2981 4001 3049 ἰτη-

769 3065 936 3119 batur
966 3067 1154 3126 latere.
1186 3076 1242 3120 et
1282 3067 1531 3138 fingebat
1554 3082 1612 3122 se
1655 3070 1730 3123 ea'
1774 3068 2047 3124 honorare
2072 3086 2194 3140 quas
2227 3071 2333 3125 im-
2432 3089 2444 3140 ι

2324 3101 2333 3115 ι
2432 3069 2622 3140 ροῧντο
2649 3070 2765 3123 ὅσοι
2818 3071 3159 3140 Χριστιανῶν
3204 3071 3600 3141 συλληφθέντες
3662 3073 3999 3139 ἐτύγχανον,

771 3166 1072 3226 peratores,
1104 3155 1373 3211 accedens
1419 3157 1478 3211 in
1527 3171 1776 3213 carceres
1825 3159 1878 3212 in
1913 3161 2112 3229 quibus
2148 3175 2333 3215 εει-ναι
2361 3173 2405 3231 c
2437 3163 2446 3214 Ι

2326 3191 2333 3201 -
2361 3173 2405 3231 ο
2437 3163 2616 3229 λόγοις
2646 3162 2842 3224 αὑτοὺς
2874 3163 3121 3216 εὑσεΰέσι
3154 3164 3291 3234 πρὸς
3325 3165 3451 3225 τοὺς
3484 3162 3679 3224 ἄθλους
3725 3163 3819 3215 τοῦ
3859 3180 4001 3233 μαρ-

773 3255 977 3309 bantur
1006 3256 1320 3323 quicunque
1360 3261 1518 3308 erant
1552 3254 1696 3322 capti
1730 3269 1794 3308 ex
1828 3252 2179 3320 Christianis,
2225 3256 2334 3324 piis

772 3358 868 3398 eos
898 3343 1081 3396 verbis
1111 3343 1508 3397 adhortabatur
1545 3343 1612 3397 ad
1645 3344 2008 3413 suscipienda
2033 3344 2334 3399 certamina

773 3436 1043 3506 martyrii,
1063 3444 1388 3504 praesentem
1420 3436 1590 3490 vitam
1615 3450 1738 3489 cum
1776 3437 1960 3491 futura
1986 3451 2331 3508 comparans,

773 3543 828 3585 et
859 3531 1095 3585 suadens
1129 3530 1269 3583 hanc
1320 3529 1540 3600 quidem
1574 3539 1926 3584 contemnere
1976 3540 2037 3584 ut
2087 3531 2334 3601 fragilem

774 3638 830 3680 et
865 3626 1028 3679 morti
1068 3625 1378 3686 obnoxiam,
1416 3622 1562 3675 illam
1609 3631 1793 3675 autem
1846 3621 2014 3695 solam
2047 3623 2246 3676 intueri
2281 3631 2337 3676 et

776 3717 961 3771 omnia
1011 3717 1190 3770 facere
1241 3729 1310 3767 ne
1363 3713 1680 3769 exciderent
1722 3729 1751 3766 a
1805 3712 1964 3767 bonis
1994 3713 2048 3767 in
2079 3728 2200 3782 qua:
2229 3729 2334 3767 non

773 3809 921 3862 cadit
949 3807 1227 3861 interitus.
1261 3805 1358 3858 llis
1391 3803 1574 3860 verbis
1617 3811 1674 3856 et
1707 3801 1908 3857 multos
1948 3802 2170 3870 quidem
2201 3803 2339 3858 alios

774 3897 1009 3960 induxit,
1049 3910 1107 3954 ut
1137 3915 1258 3968 quae
1297 3905 1426 3952 sunt
1461 3897 1642 3966 gravia
1678 3905 1734 3950 et
1768 3911 1958 3964 aspera
2012 3896 2221 3950 ferrent
2251 3912 2338 3952 us-

773 4009 879 4062 que
912 3995 980 4046 ad
1015 4003 1271 4054 mortem,
1315 3999 1371 4044 et
1421 4005 1527 4043 non
1565 3988 1857 4058 perderent
1915 3989 2215 4057 pietatem;
2244 3988 2336 4057 qui

777 4098 958 4141 autem
987 4094 1143 4140 erant
1169 4099 1367 4153 genere
1393 4091 1449 4135 et
1479 4082 1675 4150 opibus
1705 4080 1950 4134 omnium
1981 4079 2267 4134 clarissimi
2303 4079 2340 4133 ii

775 4180 999 4232 fuerunt
1032 4177 1374 4230 Marcellinus
1401 4184 1460 4225 et
1497 4173 1730 4237 Marcus,
1772 4185 2004 4240 quorum
2035 4179 2191 4239 pater
2219 4170 2341 4238 qni-

777 4272 898 4325 dem
932 4279 1049 4324 erat
1083 4268 1537 4337 Tranquillinus,‘
1565 4275 1742 4318 mater
1783 4279 1914 4317 vero
1949 4263 2147 4317 Marcia
2175 4280 2190 4328 ;
2229 4276 2343 4316 non

773 4364 955 4419 minus
992 4370 1173 4415 autem
1208 4360 1429 4412 fuerunt
1474 4356 1600 4411 vita
1649 4355 1900 4409 instituto
1943 4354 2139 4408 fratres
2181 4367 2343 4423 quam

773 4455 1118 4524 corporibus.
1134 4451 1347 4518 Quibus
1376 4456 1830 4518 cum,postquam
1860 4445 1954 4500 diu
1997 4444 2229 4499 fuissent
2257 4445 2343 4498 in-

2435 3254 2619 3323 τυρίου
2657 3253 2945 3320 ὑπήλειφε,
2979 3254 3180 3306 πείθων
3226 3251 3320 3305 τοῦ
3354 3253 3452 3320 μὲν
3481 3253 3746 3320 παρόντος
3778 3252 3894 3321 βίου
3924 3254 4004 3313 ὡς

2437 3343 2707 3413 ὶπικήρου
2734 3347 3120 3413 καταφρονεῖν,
3148 3346 3284 3414 πρὸς
3310 3336 3418 3396 τὸν
3440 3344 3701 3413 μέλλοντα
3743 3345 3800 3396 δὲ
3836 3347 4005 3410 μόνον

2435 3436 2586 3506 δρᾷν,
2617 3436 2709 3488 καὶ
2738 3436 3000 3504 πράττειν
3032 3435 3210 3489 πάντα
3239 3436 3386 3497 ὅπως
3429 3435 3496 3488 ἂν
3543 3434 3652 3487 τῶν
3701 3436 4006 3502 ἀκηράτων

2441 3527 2514 3596 μὴ
2541 3527 2911 3596 διαμάρτωσιν
2943 3527 3183 3594 ἀγαθῶν.
3216 3527 3436 3590 Τούτοις
3477 3529 3590 3590 τοῖς
3632 3526 3840 3596 ῥήμασι
3873 3527 4008 3580 πολ-

2437 3617 2561 3680 λοὺς
2597 3619 2696 3681 μὲν
2733 3621 2823 3671 καὶ
2855 3619 3046 3680 ἄλλους
3076 3619 3315 3688 ὑπήγετο
3340 3618 3446 3680 ἕως
3473 3616 3705 3670 θανάτου
3742 3620 3854 3680 τοῖς
3889 3620 4006 3670 δει-

2437 3710 2548 3770 νοῖς
2580 3710 2951 3779 ἐγκαρτερεῖνο
2984 3711 3031 3761 oi
3062 3710 3116 3762 δὲ
3146 3711 3360 3762 πάντων
3385 3708 3474 3761 διὰ
3511 3711 3670 3775 γένος
3709 3711 3799 3761 καὶ
3836 3707 4006 3761 1:156-

2439 3818 2533 3854 τον
2575 3803 2965 3870 ἐπισημότατοι
3013 3800 3383 3870 Μαρκελλῖνος
3435 3801 3529 3854 καὶ
3567 3801 3793 3866 Μάρκος
3825 3797 4004 3867 ἦσαν,

2441 3890 2647 3960 πατρὸς
2680 3893 2777 3961 μὲν
2815 3890 3210 3961 Τραγκυλινοῦ,
3246 3891 3451 3960 μητρὸς
3479 3891 3536 3942 δὲ
3577 3891 3855 3958 Μαρκίας,
3903 3892 4006 3958 οὐχ

2438 3979 2600 4054 ἦττον
2634 3981 2852 4050 ἀδελφοὶ
2884 3983 2981 4050 τὴν
3030 3982 3347 4051 προαίρεσιν
3380 3979 3709 4048 δεδειγμένοι
3737 3979 3768 4047 ἢ
3800 3981 3870 4031 τὰ
3901 3981 4009 4031 σώ-

2445 4091 2612 4143 ματα.
2638 4069 2732 4136 Οἷς
2763 4072 2900 4141 μετὰ
2928 4072 3026 4141 τὴν
3061 4073 3272 4140 χρόνιον
3299 4070 3579 4137 κάθειρξιν
3611 4071 3702 4122 καὶ
3743 4069 3842 4138 τὴν
3872 4071 4007 4124 πολ-

2441 4166 2538 4233 λὴν
2565 4165 2670 4216 τῶν
2702 4164 2946 4232 βασάνων
2973 4164 3144 4231 φορὰν
3182 4162 3280 4233 ἢδη
3308 4164 3371 4230 τῇ
3402 4160 3686 4228 τελευταίᾳ
3722 4162 4009 4229 μέλλουσιν

2444 4253 2751 4321 ὑπάγεσθαι
2795 4254 2887 4306 τοῦ
2923 4255 3110 4321 ξίφους
3141 4251 3320 4321 πληγῇ
3359 4253 3684 4321 Χρωμάτιος
3724 4253 3752 4303 δ
3779 4255 3881 4321 τῆς
3911 4253 4010 4304 πό-

2444 4346 2582 4408 λεως
2613 4346 2870 4416 ἔπαρχος,
2909 4343 3245 4414 προθεσμίας
3279 4345 3496 4413 ἡμέρας
3532 4345 3829 4412 τριάκοντα
3859 4345 4008 4408 δοὺς,

2447 4439 2659 4493 ἐκέλευε
2716 4439 2922 4499 πάντας
2966 4437 3088 4499 τοὺς
3118 4435 3259 4488 κατὰ
3307 4436 3459 4501 γένος
3487 4435 3669 4497 αὑτοῖς
3701 4437 4009 4505 προσήκον-

773 4549 909 4605 clusi
946 4549 1000 4600 in
1045 4559 1285 4607 carcere,
1334 4553 1390 4596 et
1424 4541 1660 4611 plurima
1706 4547 2103 4594 tormentorum
2137 4551 2339 4606 genera
2377 4509 2421 4565 θ

2335 4579 2339 4590 λ
2377 4509 2421 4565 D
2448 4549 2547 4595 τας
2579 4529 2920 4599 ἀφικνεῖσθαι
2947 4529 3039 4581 καὶ
3075 4527 3298 4590 τούτους
3321 4528 3475 4598 δρᾷν,
3509 4527 3583 4589 ὡς
3615 4529 3682 4579 ἂν
3706 4527 3785 4594 τῷ
3829 4527 4010 4595 χρόνῳ

774 4640 1150 4710 pertulissent.
1179 4636 1368 4704 etiam
1406 4634 1650 4687 ultimam
1695 4632 1908 4701 plagam
1949 4629 2115 4700 gladii
2147 4635 2338 4684 essent

775 4730 1075 4797 accepturi,
1107 4726 1458 4782 Chromatius
1497 4721 1787 4793 praefectus
1813 4722 1966 4777 urbis
2001 4722 2067 4775 iis
2097 4720 2338 4775 dedisset

2447 4626 2542 4678 καὶ
2583 4625 2702 4684 ταῖς
2735 4623 3000 4689 οἰμωγαῖς
3047 4621 3156 4672 τῶν
3212 4619 3533 4688 ἐπιτηδείων
3583 4617 4011 4687 μαλακισθέντες

2446 4715 2636 4767 ινδῶσι
2669 4712 2802 4781 πρὸς
2826 4710 2924 4778 τὴν
2949 4708 3283 4765 δυσσέϐειαν.

774 4824 1008 4892 spatium
1074 4820 1294 4890 triginta
1377 4817 1632 4881 dierum,
1668 4816 1832 4886 jussit
1885 4829 2076 4869 omnes
2137 4811 2396 4868 accedere
2457 4808 2551 4879 qui
2613 4806 2678 4859 ad
2740 4819 2837 4859 eos
2893 4817 3092 4872 genere
3155 4805 3479 4867 attinebant,
3559 4813 3614 4858 et
3671 4807 3753 4860 eis
3819 4805 4010 4860 venire

775 4917 829 4968 in
860 4923 1233 4982 conspectum,
1267 4921 1325 4966 ut
1365 4921 1611 4981 tempore
1645 4919 1702 4964 et
1733 4907 2168 4963 necessariorum
2203 4919 2430 4960 suorum
2466 4900 2660 4955 molliti
2697 4895 3020 4968 eiulatibus,
3049 4896 3314 4965 impietati
3363 4897 3756 4951 concederent.

849 5007 931 5061 IV.
962 5007 1099 5062 Cum
1124 5021 1254 5076 ergo
1295 5007 1408 5060 haec
1436 5005 1578 5059 facta
1607 5011 1793 5058 essent
1825 5009 1880 5056 et
1921 5014 2114 5054 omnes
2147 5013 2339 5052 acces-

777 5098 996 5160 sissent,
1030 5108 1182 5166 pater
1216 5096 1436 5166 quidem
1468 5095 1521 5149 in
1578 5102 1875 5163 conspectu
1909 5091 2146 5145 filiorum
2181 5104 2336 5144 suam

779 5190 1014 5246 deﬂebat
1053 5188 1368 5245 orbitatem,
1401 5187 1590 5241 dicens
1628 5185 1718 5239 illa
1755 5183 1918 5238 verba
1953 5181 2285 5236 miserabilia
2323 5197 2336 5234 :

781 5283 917 5348 Quis
948 5298 979 5336 ο
1011 5280 1128 5343 ﬁlii,
1158 5281 1263 5334 erit
1290 5278 1420 5331 mihi
1478 5277 1706 5333 baculus
1732 5274 2062 5330 senectutis?
2100 5272 2232 5338 Quis
2261 5285 2346 5327 me

785 5384 1062 5429 mortuum
1091 5369 1564 5440 componetiQuis
1590 5369 1692 5421 hoc
1718 5367 1974 5421 miserum
2002 5365 2343 5434 ctabjectutn

781 5480 982 5534 corpus
1016 5463 1298 5517 mandabit
1325 5459 1654 5531 sepulturas?
1677 5458 2001 5513 Miseremini
2025 5457 2153 5521 mei,
2172 5472 2204 5510 ο
2225 5455 2342 5519 filii,

786 5573 927 5627 quos
954 5557 1139 5627 genui,
1167 5567 1305 5624 quos
1338 5553 1468 5616 alui,
1504 5566 1641 5621 quos
1671 5551 1740 5605 ad
1773 5550 1912 5605 hanc
1933 5563 2104 5619 usque
2125 5557 2341 5603 atatem

2507 4991 2580 5049 A'.
2612 4993 2721 5046 Καὶ
2772 4990 2986 5060 πρῶτος
3035 4991 3062 5041 ὀ
3113 4988 3297 5057 πατὴρ
3326 4989 3383 5040 ὲν
3409 4988 3530 5058 ὕψει
3564 4990 3860 5058 γενόμενος
3894 4989 4006 5042 τῶν

2441 5085 2573 5138 υἱῶν
2622 5083 2720 5151 τὴν
2753 5081 3013 5134 ἀπαιδίαν
3045 5078 3303 5145 ὠδύρετο,
3338 5078 3434 5140 Τίς
3467 5095 3576 5147 μοι,
3606 5073 3652 5132 ὦ
3681 5079 3871 5141 τέκνα,
3916 5079 4009 5133 λέ·-

2443 5193 2575 5246 γων,
2608 5176 2903 5247 βακτήριον
2946 5171 3037 5225 τοῦ
3063 5171 3256 5240 ,γήρως
3285 5171 3605 5239 γενήσεται;
3655 5170 3751 5232 Τίς
3801 5171 4011 5224 ἀποθα-

2445 5272 2604 5324 νόντα
2639 5286 2702 5321 πε
2714 5267 2974 5338 ριστελεῖς
3012 5263 3106 5328 Τίς
3130 5263 3291 5316 δώσει
3319 5267 3461 5332 ταφῇ
3488 5265 3547 5315 τὸ
3573 5262 3828 5315 ταπεινὸν
3853 5264 4013 5316 τοῦτο

2451 5361 2544 5414 καὶ
2572 5357 2911 5424 ταλαίπωρον
2941 5355 3096 5421 σῶμα
3123 5370 3137 5417 ς
3169 5354 3265 5415 Τίς
3299 5353 3599 5418 διαδέξεται
3623 5353 3714 5406 τὸν
3741 5353 4013 5422 ὑμέτερον

2451 5454 2691 5521 κλῆρονς
2727 5449 3031 5516 Οἱκτεὶρατ⁹
3065 5448 3164 5514 ἐμὲ
3189 5488 3204 5512 ,
3255 5442 3299 5500 ὣ
3335 5448 3557 5510 παῖδες,
3607 5447 3870 5514 φείσασθε
3911 5449 4013 5518 τῆς

2450 5548 2699 5615 νεότητος
2751 5544 2845 5596 καὶ
2877 5541 2977 5610 τῆς
3009 5539 3155 5612 ὥρας
3212 5539 3385 5608 ὑμῶν.
3441 5540 3533 5610 Μὴ
3587 5540 3854 5610 παρίδητε
3909 5541 4009 5608 εμὲ

865 5771 912 5836 (ι
928 5780 941 5828 )
968 5768 1026 5822 S.
1050 5764 1436 5836 Sebastianum
1454 5760 2036 5836 Narboneoriundum
2089 5757 2536 5836 Ilediolanijero
2567 5753 2879 5836 educatum
2902 5749 3415 5836 liabet‘ilaronius.
3512 5749 3766 5836 Ambros.
3785 5749 3840 5803 in
3863 5748 4010 5804 l'sal.

799 5819 1176 5903 cxiiiﬂse'rm.
1205 5835 1276 5889 20
1309 5843 1364 5890 et
1393 5834 1484 5890 alii
1515 5843 1668 5904 patre
1693 5831 2058 5897 Narbonensi,
2090 5837 2146 5885 et
2182 5837 2357 5883 matre
2384 5823 2799 5885 Mediolanensi,
2827 5830 3013 5876 natum
3048 5819 3336 5876 Mediolani
3369 5827 3636 5874 astruunt.
