4242 6442
259 364 377 427 197

1047 378 1526 447 ΜᾹΠΤΥΠΙΠΜ
1567 389 1624 451 S.
1670 390 2264 459 SEBASTIANLET
2307 399 2726 467 SOCIORUM.

3408 412 3516 477 798

414 474 623 584 ἔρημον
656 482 863 584 παίδων
890 488 1207 558 γενόμενον,
1240 489 1347 564 τὴν
1386 495 1643 559 δεοίκίαν
1688 502 1826 571 πρὸς
1854 511 1897 566 Α
1928 506 2185 575 produxi.
2246 510 2311 563 Ct

1854 511 1897 566 Α
1928 506 2185 575 produxi.
2246 510 2357 563 Cur
2387 522 2615 565 mortem
2668 515 3071 584 amplectimini
3101 519 3467 574 voluntariam
3495 523 3518 576 ἳ

263 563 583 636 ἀλλοτρίους
612 572 930 640 μετασᾶσαν
950 615 965 642 ,
995 581 1090 633 καὶ
1122 579 1250 645 ἴσως
1285 563 1409 647 τοὺς
1454 563 1832 658 μισουμένους,

1939 596 2051 650 Cur
2106 600 2171 651 ad
2236 602 2446 654 obitum
2500 603 2770 660 festinatis
2838 610 3246 665 immaturum?
3298 615 3520 668 Parcite

264 654 364 772 at:
392 660 518 722 τοὺς
544 664 777 728 οἰκείους
836 668 1205 743 κληρονόμους
1239 678 1313 745 μὴ
1357 654 1630 747 ἔχουσαν.-
1652 685 1758 735 Καὶ
1870 752 1874 756 ,
1940 690 2130 744 forma:
2161 702 2311 744 vestri

1834 718 1874 756 η
1940 690 2130 744 formas
2161 702 2373 747 vestrm.
2439 696 2652 749 l’arcite
2697 700 2996 767 juventuti.
3036 701 3113 756 Ne
3171 719 3257 757 me
3286 708 3508 772 quidem

268 748 371 812 μὲν
423 754 607 842 πατὴρ
636 756 899 822 τοιούτοις
948 764 1093 816 τισὶν
1143 766 1383 837 επλήρου
1436 772 1526 822 τὸν
1588 772 1786 842 θρῆνον
1816 791 1829 803 °

261 838 492 932 ἑτέρωθι
518 842 571 895 δι
603 846 635 914 ἡ
668 847 850 918 μήτηρ
877 853 987 913 τοῖς
1017 856 1164 920 ὄνυξι
1184 860 1282 928 τὴν
1311 862 1490 931 κόμην
1522 838 1832 932 σπαραττο-

262 930 403 999 μένη
436 936 527 985 καὶ
554 936 647 990 τοῦ
678 941 879 995 κόλπου
906 949 1267 1013 προτείνουσα
1300 955 1421 1014 τοὺς
1453 959 1831 1022 μαστοὺ;,τῶν

259 1021 467 1078 ὠδίνων
518 1028 612 1080 τοῦ
662 1034 933 1100 γάλακτος
980 1042 1073 1092 καὶ
1116 1043 1225 1095 τῶν
1276 1046 1451 1099 ἄλλων
1484 1051 1540 1099 ἐν
1570 1050 1830 1120 δάκρυσιν

261 1114 651 1188 ὑπεμίμνησκε
706 1125 907 1189 πόνων,
970 1129 1062 1193 οὓς
1113 1138 1243 1201 περὶ
1292 1138 1392 1205 τὴν
1441 1114 1830 1209 παιδοτροφίαν

256 1205 535 1277 ἠνέσχετο.
571 1215 707 1275 Τοὺς
737 1220 993 1284 τεκόντας
1023 1224 1079 1276 δὲ
1108 1226 1271 1282 πάλιν
1294 1233 1552 1295 γυναῖκες
1575 1205 1667 1285 καὶ
1700 1205 1829 1286 παί-

256 1297 367 1394 δων
400 1304 597 1370 ἄνηϐος
624 1311 781 1377 χορὸς
822 1313 1106 1384 διεδέχετο,
1143 1321 1198 1371 αί
1234 1323 1332 1389 μὲν
1364 1324 1430 1374 τὰ
1468 1325 1565 1390 τῆς
1606 1328 1830 1394 χηρείας

254 1392 409 1487 δεινὰ
438 1402 857 1468 καταλέγουσαι,
895 1410 945 1460 oi
980 1410 1037 1462 δὲ
1069 1413 1401 1481 φθέγγεσθαι
1435 1419 1507 1485 μὴ
1543 1392 1827 1487 δυνάμενοι

252 1486 504 1539 ἀτενέσιν
526 1490 734 1559 ὄμμασι
784 1500 909 1559 τοὺς
961 1505 1207 1572 πατέρας
1241 1508 1697 1573 προσϐλέποντες,
1748 1516 1826 1575 εἰς

254 1579 479 1645 μνήμην
505 1583 700 1647 αὐτοὺς
739 1588 839 1654 τῆς
872 1591 1137 1659 ὀρφανίας
1173 1597 1459 1666 ἀνέφερον.
1513 1602 1655 1668 Πρὸς
1702 1604 1826 1654 τού-

249 1682 367 1762 τοις
396 1670 580 1739 ὅμιλος
623 1678 904 1745 ὁμηλίκων
950 1685 1043 1735 καὶ
1098 1688 1265 1752 φίλων
1310 1691 1509 1758 παρῆν,
1561 1694 1826 1762 ’Δναμνή-

250 1758 439 1853 conte,
468 1765 739 1833 λέγοντες,
776 1774 875 1841 τῆς
907 1777 1080 1845 καλῆς
1106 1779 1224 1847 μετ’
1249 1781 1495 1849 ἀλλήλων
1518 1758 1820 1853 διατριϐῆς·

246 1850 537 1923 ἐννοήσατε
591 1859 652 1910 τὸ
702 1862 878 1929 γλυκὺ
927 1866 1084 1920 τοῦτο
1122 1870 1273 1937 φῶς,
1330 1868 1389 1925 οὗ
1427 1878 1539 1935 τοῖς
1597 1875 1817 1930 λαϐοῦσι
1851 1854 1897 1912 Β

248 1950 449 2017 πεῖραν
474 1952 674 2023 ἀνιαρὰ
698 1958 913 2021 πάντως
950 1964 980 2030 ἠ
1016 1964 1292 2032 στέρησις.
1329 1968 1551 2030 Τούτοις
1582 1969 1729 2022 ἅπαν
1760 1972 1819 2021 τὸ

241 2039 520 2105 δωμάτιον
552 2044 767 2113 Θρήνων
797 2051 1066 2123 ἐπλήσθη*
1099 2056 1173 2118 ὠς
1204 2060 1296 2109 καὶ
1325 2060 1450 2120 τοὺς
1496 2062 1818 2129 εἰρημένους

240 2133 486 2202 ἀῦλητάς
520 2142 701 2213 πηγὰς
740 2144 960 2209 ἀφιέναι
988 2147 1260 2215 δακρύων·
1311 2152 1448 2221 ὅπερ
1494 2152 1617 2204 ίδὼν
1645 2156 1671 2205 ό
1710 2172 1816 2221 μα-

240 2227 435 2293 κάριος
473 2230 851 2300 Σεῦαστιανδς,
902 2241 996 2289 καὶ
1039 2240 1223 2303 δείσας
1267 2243 1339 2312 μὴ
1386 2243 1463 2308 τῷ
1511 2245 1676 2313 οἴκτῳ
1714 2263 1815 2313 μα-

238 2319 596 2385 λακισθέντες
624 2329 863 2395 προδῶσι
892 2331 990 2403 τὴν
1033 2336 1333 2397 εὐσέϐειαν,
1376 2340 1505 2399 στὰς
1536 2340 1593 2388 ἐν
1640 2339 1810 2407 μέσῳ,

236 2413 332 2463 καὶ
360 2416 471 2475 τοῖς
498 2418 630 2468 πᾶσι
657 2424 971 2491 καταφανὴς
999 2426 1325 2489 γεγονὼςὼς
1346 2429 1673 2495 Χριστιανὸς
1702 2430 1811 2498 εἴη,

234 2507 466 2557 τοιοῖσδε
510 2510 643 2576 πρὸς
695 2513 822 2574 τοὺς
882 2518 1239 2583 παρεστῶτας
1284 2521 1552 2589 ἐχρήσατο
1594 2520 1815 2588 ).ὁγοις’

1936 783 2253 851 despiciatis
2292 788 2541 840 orbatum
2602 790 2763 845 ﬁliis:
2801 793 3024 847 domum
3075 806 3255 849 autem
3293 800 3347 851 in
3403 814 3512 868 qua

1934 875 2069 929 estis
2117 878 2356 940 educati,
2408 890 2781 935 transeuntem
2818 886 2885 937 ad
2916 886 3145 950 alienos,
3185 897 3239 941 et
3272 906 3367 944 eos
3398 891 3511 945 for—

1938 974 2078 1020 tasse
2120 971 2209 1036 qui
2246 970 2404 1022 nobis
2432 981 2562 1025 sunt
2591 973 2739 1031 odio.
2772 984 2831 1027 ut
2858 992 2979 1043 qum
3013 992 3143 1030 suos
3173 995 3283 1032 non
3309 982 3507 1036 habeat

1934 1057 2202 1114 hzeredcs.
2243 1060 2308 1113 Et
2342 1072 2497 1128 pater
2528 1064 2749 1131 quidem
2803 1067 2881 1118 sic
2922 1082 3075 1121 suam
3125 1071 3372 1137 implevit
3426 1073 3504 1126 la-

1934 1150 2349 1205 mentationem.
2414 1152 2487 1204 Ex
2538 1156 2649 1206 alia
2675 1173 2802 1209 vero
2860 1168 3012 1226 parte
3071 1171 3245 1214 mater
3289 1178 3504 1215 comam

1933 1242 2141 1296 vellens
2169 1245 2465 1311 unguibus,
2500 1255 2554 1298 et
2584 1263 2613 1299 e
2643 1248 2765 1299 sinu
2818 1251 3105 1316 porrigens
3141 1253 3352 1313 ubera,_
3378 1270 3504 1321 par-

1935 1344 2068 1395 tum,
2103 1346 2157 1388 et
2190 1337 2292 1397 lac,
2337 1348 2389 1389 et
2433 1338 2569 1391 alios
2606 1339 2820 1393 labores
2875 1358 3011 1407 quos
3062 1344 3113 1394 in
3164 1345 3229 1395 iis
3288 1346 3498 1398 alendis

1932 1439 2265 1495 susceperat.
2302 1432 2591 1481 revocabat
2624 1430 2677 1482 in
2711 1434 3028 1484 memoriam
3058 1451 3070 1496 ;
3104 1436 3232 1501 quid
3271 1451 3376 1488 non
3420 1430 3503 1489 di-

1931 1531 2081 1578 cens,
2116 1518 2248 1585 quid
2283 1534 2389 1571 non
2419 1520 2624 1572 iaciens
2662 1536 2727 1574 ex
2764 1522 2829 1574 iis
2862 1539 2981 1589 quae
3018 1536 3247 1589 possunt
3279 1542 3500 1581 movere

1931 1608 1995 1661 ad
2039 1610 2512 1664 misericordiam?
2539 1612 2665 1665 Post
2698 1626 2955 1681 parentes
2986 1628 3165 1669 autem
3203 1634 3391 1672 rursus
3418 1637 3503 1674 se-

1928 1701 2238 1768 quebantur
2273 1720 2470 1757 uxores
2497 1713 2551 1757 et
2587 1706 2790 1759 chorus
2831 1708 3179 1774 impulierum
3221 1711 3494 1775 ﬁliorum;

1929 1790 2265 1858 iilmquidem
2304 1804 2692 1848 ennmerantes
2735 1799 2873 1848 mala
2903 1798 3221 1862 viduitatis;
3264 1800 3313 1852 hi
3343 1817 3495 1861 vero,

1924 1882 2180 1949 quoniam
2230 1884 2473 1937 nondum
2528 1885 2679 1955 loqui
2713 1896 2986 1955 poterant,
3040 1891 3270 1945 intentis
3316 1894 3496 1947 oculis

1926 1973 2205 2026 intuentes
2257 1987 2532 2041 parentes,
2591 1980 2879 2031 orbitatem
2913 1982 2992 2034 eis
3043 1984 3381 2037 reducebant
3434 1986 3491 2039 in

1926 2062 2268 2122 memoriam,
2291 2074 2344 2117 et
2377 2065 2482 2117 alia
2518 2082 2639 2134 qum
2672 2079 3099 2124 consentaneum
3135 2084 3217 2127 est
3252 2074 3319 2126 iis
3361 2090 3491 2129 eve-

1922 2154 2059 2215 nire,
2096 2156 2189 2222 qui
2229 2158 2280 2208 in
2313 2158 2411 2211 hac
2446 2170 2602 2212 aetate
2637 2177 2743 2214 non
2776 2174 3041 2217 curantur
3080 2175 3133 2219 et
3179 2168 3491 2221 defendun—

1921 2257 2062 2299 tura
2105 2248 2447 2314 parentibus.
2505 2250 2599 2303 His
2634 2254 2928 2305 accedebat
2978 2256 3136 2309 turba
3193 2260 3490 2326 aequalium

1915 2345 1971 2390 et
2005 2338 2330 2402 amicorum,
2381 2356 2502 2407 qua:
2535 2341 2754 2395 dicebat
2784 2361 2796 2396 :
2827 2346 3211 2400 Recordamini
3248 2351 3491 2417 pulchra:

1915 2436 1971 2480 et
1998 2428 2252 2495 jucunda:
2285 2431 2410 2483 vita:
2453 2448 2615 2499 quam
2653 2435 2797 2486 inter
2848 2451 2948 2487 nos
2992 2437 3345 2502 degehamus.
3382 2440 3490 2494 Ve-

1917 2520 2031 2572 niat
2061 2520 2215 2573 vobis
2260 2520 2313 2573 in
2346 2534 2580 2575 mentem
2624 2524 2712 2575 lux
2751 2526 2954 2584 suavis.
3010 2541 3171 2592 quam
3229 2529 3321 2594 qui
3362 2538 3491 2583 sunt

232 2600 470 2665 experti.
509 2613 591 2655 est
627 2606 852 2659 omnino
884 2609 967 2661 eis
994 2611 1282 2664 molestum
1317 2628 1377 2667 ea
1446 2614 1668 2682 privari.
1732 2612 1867 2666 Cum
1908 2611 2022 2665 hzee
2057 2613 2135 2665 sic
2164 2614 2497 2675 dicerentur,
2544 2625 2651 2669 tota
2694 2616 2889 2669 domus
2922 2627 3038 2669 erat
3085 2619 3242 2686 plena
3278 2621 3489 2673 lamen-

234 2692 571 2757 tatiouihus,
603 2695 741 2749 adeo
770 2710 826 2751 ut
859 2701 991 2755 dicti
1026 2704 1243 2758 athlctze
1273 2706 1584 2759 emitterent
1617 2706 1792 2757 l'nntes
1835 2706 2216 2772 lacrymarum,
2243 2714 2296 2758 et
2320 2706 2764 2774 discerperentur
2830 2724 3020 2761 eorum
3081 2712 3289 2764 viscera
3334 2727 3485 2765 com~

232 2783 611 2841 miseratione.

694 2790 847 2853 Quod
905 2795 1127 2862 quidem
1182 2813 1307 2851 cum
1360 2798 1841 2852 animadvertisset
1880 2798 2072 2849 beatus
2124 2796 2482 2851 Sebastianus
2522 2809 2577 2852 et
2623 2800 2900 2853 timuisset
2951 2818 3018 2855 ne
3102 2802 3482 2857 misericordia

228 2876 463 2930 emolliti
504 2881 797 2945 proderent
847 2885 1126 2954 pietatem,
1181 2898 1331 2945 stans
1382 2891 1434 2945 in
1493 2892 1694 2953 medio,
1744 2903 1798 2943 et
1872 2898 2065 2956 aperte
2108 2890 2404 2943 ostendens
2444 2892 2700 2946 omnibus
2749 2908 2806 2946 se
2862 2909 2983 2947 esse
3060 2890 3481 2949 Christianum;

228 2980 414 3035 neque
445 2971 590 3024 enim
623 2975 974 3033 existimabat
1019 2994 1275 3048 oportere
1321 3000 1378 3038 se
1409 2985 1608 3050 celare,
1653 2983 1794 3051 apud
1836 2998 1931 3034 eos
1962 2982 2055 3048 qui
2094 2983 2327 3035 aderant
2359 2984 2541 3037 verbis
2578 2992 2662 3038 est
2695 3000 2826 3038 usus
2862 2987 3138 3053 ejusmodi
3177 3006 3192 3041 :

305 3059 380 3112 E'.
417 3060 475 3112 ΕΞ
517 3065 613 3130 μὲν
641 3068 891 3135 μόνιμος,
923 3067 967 3124 ὦ
1000 3070 1166 3137 οὗτοι,
1204 3077 1297 3127 καὶ
1324 3077 1681 3147 ἀτελεύτητος
1725 3072 1790 3144 ἦν

1972 3074 2031 3128 ν.
2072 3073 2127 3127 Si
2159 3074 2370 3127 stabilis
2396 3074 2616 3142 quidem
2657 3086 2712 3129 ct
2758 3076 2935 3140 ﬁrma,
2965 3094 2997 3129 ο
3027 3093 3143 3139 vos,
3179 3086 3325 3132 esset
3358 3080 3479 3136 haec

227 3146 261 3197 6
293 3149 483 3215 παρὼν
513 3148 647 3214 βίος.
682 3154 913 3208 ἐδοκεῖτε
938 3159 1004 3210 ἃν
1032 3161 1161 3222 ἴσως
1183 3164 1367 3214 είκότα
1395 3168 1587 3226 ποιεῖν,
1620 3167 1792 3217 τοιού-
1822 3184 1861 3239 ς
1898 3165 2026 3226 vita,
2062 3174 2114 3217 et
2153 3167 2202 3216 in
2248 3181 2311 3217 on

1834 3184 1861 3239 [ξ
1898 3165 2026 3226 vita,
2062 3174 2114 3217 et
2153 3167 2202 3216 in
2248 3181 2406 3218 omne
2455 3182 2628 3219 mvum
2684 3168 3097 3228 extenderetur,
3148 3170 3476 3223 videremini

226 3254 324 3289 του
359 3243 563 3304 πάθους
593 3248 719 3307 τοὺς
746 3248 982 3317 ἀθλητὰς
1016 3254 1436 3323 ἀποτρέποντες
1469 3260 1589 3310 ἐπεὶ
1625 3258 1681 3311 δὲ
1728 3262 1791 3312 τὰ

227 3330 472 3393 παρόντα
526 3335 609 3398 ῥεῖ
638 3338 729 3387 καὶ
761 3342 1120 3408 παρέρχεται,
1155 3347 1248 3397 καὶ
1292 3346 1405 3414 βίος
1436 3351 1575 3417 ἡμῖν
1606 3350 1793 3419 ἔτερος

222 3420 527 3489 διαδέχεται
554 3426 911 3496 ἀτελεύτητός
938 3449 996 3482 τε
1028 3436 1123 3485 καὶ
1154 3437 1484 3506 ἄρῤευστος,
1520 3441 1664 3503 τίνος
1694 3446 1791 3510 χά-

225 3527 314 3579 ριν
350 3512 555 3565 πείθειν
590 3517 917 3586 ἐπιχειρεῖτε
969 3523 1095 3585 τοὺς
1150 3530 1431 3591 γενναίους
1488 3531 1792 3597 ἀγωνιστὰς

220 3600 334 3653 τῶν
368 3604 638 3669 μενόντων
667 3611 985 3677 προκρίνειν
1029 3615 1097 3667 τὰ
1136 3616 1532 3681 διαπίπτοντας
1571 3622 1641 3674 Ἣ
1690 3624 1786 3676 οὐκ

225 3689 344 3741 [ne
377 3692 459 3744 ὅτι
487 3695 547 3745 τὸ
582 3696 683 3761 μὲν
711 3700 903 3752 παθεῖν
928 3703 1069 3773 ὑπὲρ
1101 3706 1337 3771 Χριστοῦ
1368 3709 1465 3777 τὴν
1496 3712 1603 3763 τῶν
1626 3714 1788 3781 οὐρα·

220 3780 334 3833 νῶν
380 3783 632 3851 προξενεῖ
670 3786 969 3854 βασιλείαν,
1020 3796 1078 3846 τὸ
1127 3797 1180 3848 δὲ
1236 3799 1581 3867 ἀρνήσασθαι
1626 3803 1787 3854 ait?)

219 3873 323 3938 τὴν
358 3872 559 3941 ταύτης
604 3876 878 3932 εκπτωσιν
926 3887 1040 3946 τοῖς
1086 3889 1519 3956 ἁπαρνουμένοις
1563 3894 1783 3957 δίδωσις

224 3978 247 4011 ε
286 3964 470 4024 Ὅστις
496 3966 638 4033 γὰρ,
678 3987 695 4019 ι
741 3974 923 4038 φησὶν,
982 3994 1001 4026 ε
1037 3978 1330 4047 ἀρνήσεταί
1374 4000 1438 4046 με
1482 3984 1787 4051 ἔμπροσηεν

216 4054 330 4105 τῶν
364 4056 685 4124 ἀνθρώπων,
728 4064 1032 4133 ἀρνήσομαι
1085 4070 1246 4121 αὑτὸν
1293 4073 1445 4138 κάγὼ
1474 4074 1781 4142 ἔμπροσϋεν

218 4144 316 4195 τοῦ
354 4148 564 4215 Πατρός
604 4168 704 4219 μου
751 4154 847 4205 τοῦ
903 4158 961 4207 ὲν
1008 4162 1121 4218 τοῖς
1151 4162 1421 4228 οὐρανοῖς.
1454 4182 1471 4214 ι
1524 4164 1681 4217 Ἀλλά
1718 4166 1782 4235 δὴ

216 4236 495 4291 δεδοίκατε
554 4243 625 4309 μὴ
660 4244 841 4298 οὐκέτι
890 4248 1104 4303 ἔσονται
1145 4254 1293 4305 τόνδε
1327 4256 1416 4306 τὸν
1452 4256 1565 4325 βίον
1594 4258 1778 4309 ἀπολι-

218 4326 412 4390 πόντες
441 4349 454 4391 ;
500 4332 640 4398 Ἐγὼ
664 4336 854 4389 τούτου
878 4340 1170 4409 inter,th
1191 4345 1271 4396 ὅτι
1301 4348 1380 4407 είς
1418 4348 1607 4411 ἑτέραν
1638 4349 1782 4415 ζωὴν

218 4422 361 4487 μετά
394 4423 493 4492 τὴν
526 4428 778 4479 ἐντεῦθεν
826 4432 1150 4501 ἀπαλλαγὴν
1195 4438 1478 4506 γινόμεθα,
1512 4439 1636 4491 ἔνθα
1680 4441 1779 4508 τὴν

1902 3255 2135 3308 fortasse
2186 3256 2366 3308 facere
2411 3267 2801 3321 consentanea,
2846 3257 2914 3309 ab
2970 3259 3054 3310 his
3103 3260 3475 3327 perpetiendis

1896 3355 2210 3399 avertentes
2244 3347 2502 3400 athletas.
2532 3349 2669 3402 Cum
2706 3359 2891 3403 autem
2930 3364 3119 3402 eorum
3176 3366 3297 3417 qua!
3346 3362 3474 3404 sunt

1894 3438 2199 3504 pra-sentin,
2237 3439 2371 3490 nihil
2412 3440 2480 3490 sit
2532 3439 2747 3491 ﬁrmum
2784 3453 2847 3492 ac
2876 3440 3092 3503 stabile,
3140 3440 3308 3494 ﬂuant
3339 3441 3473 3494 ‘vero

1895 3546 1958 3582 ac
2006 3530 2255 3582 ferantur
2299 3531 2504 3589 nuiuia,
2542 3539 2596 3581 et
2629 3530 2731 3582 alia
2784 3546 2883 3583 nos
2910 3533 3019 3583 vita
3050 3533 3311 3599 excipiat,
3348 3548 3469 3600 quae

1893 3637 2000 3673 nrm
2054 3631 2138 3674 est
2193 3622 2333 3673 ﬂuxa
2384 3638 2482 3673 nec
2526 3637 2763 3689 unquam
2818 3622 3056 3675 desinit:
3108 3639 3205 3676 cur
3251 3622 3317 3677 ad
3356 3625 3467 3678 hac

1888 3713 2165 3765 attrahitis
2200 3713 2367 3766 fortes
2396 3724 2452 3766 et
2485 3728 2781 3780 generosos
2822 3714 3079 3775 athletas,
3112 3716 3191 3767 eis
3228 3716 3466 3769 suaden-

1890 3814 1970 3855 t;‘s
2018 3813 2073 3855 ut.
2116 3814 2367 3857 maneant
2421 3805 2471 3856 iu
2533 3806 2597 3856 iis
2632 3821 2751 3869 qua
2803 3806 3081 3865 videntur,
3140 3815 3195 3858 et
3234 3822 3297 3859 ea
3339 3823 3463 3876 qua:

1889 3896 2151 3947 dctizlunt
2202 3894 2495 3962 pri-ferant
2546 3896 2611 3948 iis
2636 3912 2757 3963 qua:
2806 3898 3071 3948 manent?
3119 3898 3199 3948 An
3235 3898 3463 3951 nescitis

1887 3992 2028 4053 quoi
2064 4002 2159 4051 pro
2197 3984 2416 4037 Christo
2445 3984 2664 4051 quidem
2708 3986 2817 4052 pati
2874 3986 3193 4038 conciliabit
3228 4001 3458 4055 regnum

1885 4064 2151 4128 emtorum
2187 4094 2197 4127 :
2229 4090 2352 4127 eum
2373 4086 2553 4128 autem
2581 4090 2779 4143 negare
2812 4086 2867 4129 et
2896 4077 3131 4144 prodere
3155 4088 3454 4144 certamen,

1885 4166 2015 4220 facit
2066 4176 2124 4218 ut
2174 4166 2264 4233 qui
2307 4166 2383 4219 sic
2416 4166 2725 4233 cogitarunt
2755 4165 2823 4218 ab
2866 4180 2931 4218 eo
2968 4167 3273 4219 excidant?
3322 4168 3455 4233 «Qui

1883 4258 2051 4317 enim,
2084 4258 2281 4325 inquit,
2315 4273 2398 4310 me
2437 4260 2717 4325 negaverit
2746 4272 2931 4310 coram
2962 4257 3304 4321 hominibus.
3352 4274 3456 4326 ego

1885 4332 2266 4416 quoque.cum
2312 4349 2522 4415 negabo
2556 4363 2738 4401 coram
2789 4349 2947 4401 Patre
2982 4364 3125 4413 meo,
3164 4350 3256 4417 qui
3292 4351 3451 4404 estin

1885 4440 2099 4492 cmlis'.
2149 4458 2164 4488 ι
2208 4440 2310 4491 Sed
2365 4439 2569 4490 timetis
2598 4454 2664 4490 ne
2694 4439 2803 4491 sint
2851 4440 3078 4491 omnino
3128 4440 3355 4508 perituri
3396 4449 3453 4494 et

214 4513 452 4581 ἀμοιϐὴν
483 4518 589 4569 τῶν
618 4518 794 4589 ἔργων
824 4523 1052 4586 ἕκαστος
1082 4528 1327 4595 λήψεται,
1359 4530 1482 4581 ἔνθα
1520 4533 1610 4583 καὶ
1636 4527 1779 4585 οὗτοι
1813 4535 1855 4588 Β
1886 4547 1992 4584 non
2033 4531 2264 4598 amplius
2293 4530 2311 4582 ί

1834 4538 1855 4588 3
1886 4547 1992 4584 non
2033 4531 2264 4598 amplius
2293 4530 2460 4583 futuri
2498 4530 2591 4597 qui
2624 4530 2788 4581 vitam
2837 4540 3158 4595 praesentem
3209 4531 3450 4598 relique-

215 4607 687 4675 κατασκηνοῦντες
726 4615 817 4665 καὶ
856 4616 1074 4685 Χριστῷ
1105 4620 1519 4688 εὐφραινόμενοι
1568 4624 1779 4689 μεμνή-

215 4712 398 4749 σονται
448 4701 543 4751 καὶ
596 4706 794 4767 γονέων
845 4710 937 4759 καὶ
991 4709 1199 4761 παίδων
1253 4712 1345 4761 καὶ
1379 4711 1675 4776 γυναικῶν,
1706 4712 1773 4765 τὰ

211 4793 425 4854 χρηστά
456 4791 639 4852 αὐτοῖς
681 4794 1035 4861 ἐξαιτοῦντες.
1082 4800 1365 4851 Παύσασθε
1393 4798 1487 4853 οὖν
1516 4802 1777 4871 δακρύον-

213 4893 305 4937 τες
341 4880 433 4931 καὶ
468 4882 885 4952 μαλακωτέρους
919 4892 1037 4945 ταῖς
1084 4891 1415 4957 προθυμίαις
1447 4893 1645 4951 αὐτοὺς
1683 4894 1773 4960 ἑρ-

214 4967 529 5036 γαζόμεκοι.
560 4972 813 5027 Ἔσονται
844 4978 950 5047 γὰρ
974 4979 1100 5046 ὑμῖν
1126 4981 1367 5047 σωτῆρες
1394 4982 1485 5031 καὶ
1512 4982 1773 5049 φύλακες.

212 5059 313 5111 νῦν
369 5063 465 5128 μὲν
519 5065 765 5133 ἀοράτως
798 5070 1211 5137 ἐπιφοιτῶντες,
1270 5072 1405 5139 μετά
1438 5072 1627 5141 δὲτὴν
1680 5073 1772 5125 τοῦ

215 5151 334 5218 βίου
368 5156 665 5207 κατάλυσιν
713 5159 793 5221 είς
830 5160 928 5222 τὰς
959 5163 1209 5225 αἰωνίους
1256 5164 1536 5231 δεχόμενοι
1571 5167 1773 5232 σκηνὰς

214 5248 747 5314 συγκοινωνήσοντας
808 5253 989 5313 αὐτοῖς
1062 5255 1157 5320 τῆς
1217 5256 1601 5323 τερπνότητος.
1663 5257 1770 5307 Καὶ

209 5332 385 5386 ταῦτα
420 5338 517 5401 μὲν
546 5339 679 5407 πρὸς
703 5342 827 5404 τοὺς
858 5343 1206 5412 ἐληλυθότας.

1881 4630 2007 4675 runt
2028 4623 2050 4674 ?
2074 4621 2175 4675 Sed
2208 4637 2307 4689 ego
2338 4622 2502 4689 hujus
2529 4636 2649 4673 sum
2679 4619 3001 4688 tidejussor:
3037 4636 3138 4689 ego
3170 4623 3316 4673 hunc
3341 4616 3462 4674 ’νιν

1880 4712 1962 4762 his
2010 4723 2212 4763 metum
2248 4712 2449 4763 adimo.
2488 4709 2611 4762 Haec
2643 4721 2725 4762 est
2761 4712 2907 4762 enim
2956 4726 3165 4763 summa
3197 4720 3252 4764 et
3280 4720 3447 4778 caput

1878 4812 2077 4857 nostra:
2130 4804 2287 4857 fidei:
2331 4805 2435 4857 hoc
2478 4803 2772 4870 persuadet
2808 4814 2868 4857 ut
2913 4813 3129 4857 terrena
3178 4803 3446 4871 despicia-

1878 4910 2019 4957 mus,
2053 4895 2196 4963 quod
2238 4904 2524 4963 postquam
2554 4897 2680 4949 hinc
2712 4897 3131 4955 excesserimus,
3180 4894 3247 4946 ad
3278 4894 3441 4947 aliam

1834 4970 1847 5001 V‘
1875 5002 2066 5041 sumus
2117 4990 2280 5040 vitam
2337 4988 2640 5048 transituri,
2676 4990 2727 5039 in
2785 5002 2890 5054 qua
2946 4986 3342 5039 convenienter
3372 4986 3441 5040 iis

1875 5095 1998 5149 quae
2019 5080 2246 5147 gesserit
2264 5079 2494 5145 accipiet
2517 5080 2896 5149 unusquisque
2917 5081 3436 5145 remunerationem,

1874 5172 1969 5225 ubi
2007 5172 2058 5224 hi
2091 5185 2306 5238 quoque
2340 5170 2653 5223 habitantes
2692 5180 2746 5223 et
2778 5187 2900 5223 cum
2938 5171 3158 5225 Christo
3190 5171 3436 5228 laetantes

1873 5260 2311 5314 recordabuntur
2333 5266 2385 5311 et
2415 5270 2703 5327 parentum
2732 5268 2786 5311 et
2822 5259 3058 5313 tiliorum
3090 5269 3145 5313 et
3172 5275 3431 5322 uxorum,

1871 5351 2012 5405 bona
2044 5353 2109 5403 iis
2141 5349 2501 5418 postulantes,
2538 5359 2592 5402 et
2625 5350 2740 5403 suis
2773 5350 2837 5402 ad
2873 5350 3041 5403 Deum
3084 5350 3435 5417 supplicatio-

211 5424 621 5483 nibus't‘acilem
665 5433 747 5485 eis
791 5435 957 5488 vitam
996 5437 1321 5505 pubentes.
1354 5440 1594 5498 Desinite
1637 5458 1768 5512 ergo
1810 5442 1939 5497 ﬂere
1970 5454 2023 5497 et
2072 5442 2306 5495 athletas
2358 5442 2625 5503 emollire,
2660 5451 2716 5494 ct
2764 5457 2791 5494 a
2824 5450 3076 5510 prompto
3141 5452 3195 5495 et
3267 5442 3431 5497 alacri

209 5516 382 5569 animi
411 5519 596 5574 studio
632 5525 929 5580 retardare.
964 5527 1266 5584 Non’enim
1295 5547 1393 5586 vos
1426 5535 1650 5590 omnino
1686 5536 2015 5605 relinquent,
2041 5536 2205 5589 etiam
2273 5534 2317 5587 si
2389 5534 2491 5587 hoc
2545 5532 2814 5595 videatur,
2885 5533 2979 5585 sed
3032 5540 3190 5593 erunt
3246 5546 3427 5586 serva.

213 5616 365 5661 tores
391 5616 447 5662 et
484 5613 756 5681 custodes,
789 5634 935 5674 nunc
970 5620 1191 5690 quidem
1261 5624 1334 5679 ita
1399 5625 1755 5685 adventantes
1788 5638 1845 5683 ut
1880 5644 1989 5683 non
2013 5628 2211 5684 cadant
2243 5628 2344 5682 sub
2368 5632 2665 5695 aspectum,
2694 5632 2813 5693 post
2840 5622 2961 5678 vitae
2990 5633 3168 5678 autem
3200 5622 3425 5689 exitum,

290 5786 305 5817 ⁸
330 5784 519 5842 Matth.
549 5803 604 5857 x,
629 5791 716 5847 33.
