4242 6442
720 347 831 413 799

1842 345 2220 411 ADDENDA.
2266 369 2328 387 ’-
2374 346 2830 411 JANUARIUS.

719 461 780 518 in
814 447 1045 518 attentas
1089 457 1450 530 suscipientes
1471 456 1782 515 mansiones
1823 473 1950 517 cum
1978 459 2062 515 eis
2098 441 2494 518 delectationis
2525 461 2744 519 futuros
2761 457 3081 541 participes.
3143 458 3214 515 Et
3241 459 3358 514 hac
3421 456 3648 529 quidem
3716 455 3792 510 ad
3852 468 3956 509 eos

717 558 813 626 qui
855 561 1137 609 venerant.

794 645 880 700 Vl.
941 641 1255 700 Orationem
1316 656 1455 696 vero
1530 655 1722 698 rursus
1768 650 2118 698 convertens
2207 643 2277 700 ad
2306 646 2360 708 Α
2456 653 2469 699 t

2306 646 2360 708 Δ
2456 649 2548 716 τοτ’·
2594 647 2739 716 ηρδς
2784 643 2845 701 δι
2892 646 3021 710 τοὺς
3045 642 3325 713 γενναίως
3350 644 3688 713 ἀγωνιστὰς.
3731 639 3959 707 ὀρατιο

719 735 895 790 fortes
942 742 1000 788 et
1043 745 1341 801 generosos
1387 730 1641 795 athletas,
1718 731 1858 787 dixit
1904 746 1920 784 :
1975 732 2181 790 Videtis
2251 750 2287 791 ο

719 825 920 880 Christi
993 824 1226 885 milites,
1308 823 1504 878 callida
1583 824 1805 894 maligni
1871 826 2116 891 inventa,
2191 841 2290 896 per

721 930 844 985 qua
915 925 1144 978 conatur
1216 929 1316 968 vos
1367 931 1399 970 a
1479 925 1658 970 vestra
1720 917 1893 972 salute
1971 916 2290 973 abducere?

723 1005 880 1072 Quod
917 1007 1062 1059 enim
1108 1019 1206 1073 per
1255 1014 1522 1060 tormenta
1572 1005 1750 1062 facere
1796 1023 1903 1062 non
1936 1008 2133 1078 potuit,
2185 1009 2290 1065 boc

727 1103 900 1151 tontat
958 1099 1172 1152 edicere
1225 1112 1322 1166 per
1386 1108 1595 1160 vestros
1638 1103 1997 1157 necessarios.
2058 1102 2164 1158 Sed
2220 1118 2292 1159 ne

727 1186 990 1255 ignoretis
1019 1203 1116 1242 vos
1156 1190 1276 1258 eius
1315 1188 1564 1252 consilia,
1591 1191 1828 1245 scientes
1871 1206 1997 1246 eum
2030 1192 2290 1248 omnibus

727 1278 907 1333 modis
933 1279 1203 1340 insidiari,
1238 1289 1295 1333 et
1321 1281 1579 1335 omnibus
1603 1296 1699 1336 vos
1735 1282 1953 1351 aggredi
2000 1285 2285 1347 machinis,

727 1369 819 1437 qui
851 1383 996 1422 nunc
1035 1384 1253 1437 quoque
1281 1383 1406 1422 cum
1451 1368 1590 1424 vidit
1634 1384 1730 1425 vos
1758 1371 1972 1430 venisse
2009 1373 2078 1427 ad
2123 1373 2288 1428 linem

729 1461 1113 1524 certaminum,
1143 1470 1199 1515 et
1229 1476 1336 1514 non
1360 1461 1544 1516 ferens
1568 1462 1806 1519 deder-us
1827 1466 1972 1534 quod
2003 1467 2074 1521 sit
2113 1468 2288 1521 vietus

729 1559 1018 1618 postquam
1059 1551 1228 1604 multa
1259 1551 1417 1605 vobis
1447 1553 1584 1606 mala
1617 1555 1819 1616 intulit,
1847 1556 2032 1609 studet
2060 1564 2180 1623 post
2208 1556 2288 1609 vi-

730 1642 959 1694 ctoriam
989 1656 1088 1696 vos
1117 1643 1334 1710 privare
1367 1645 1626 1711 premiis,
1655 1652 1714 1696 ut
1745 1656 1942 1712 praeter
1972 1647 2023 1700 id
2053 1648 2199 1716 quod
2221 1663 2292 1703 ex

731 1730 970 1796 acceptis
1001 1729 1171 1798 plagis
1221 1732 1359 1785 nihil
1392 1732 1592 1786 essetis
1638 1733 1994 1794 lucrifacturi.
2030 1746 2291 1803 praeterea

732 1815 1009 1871 Christum
1073 1832 1291 1887 quoque
1322 1821 1635 1890 .amittatis.
1683 1819 1797 1876 Hoc
1839 1831 1922 1876 est
1949 1823 2095 1876 enim
2144 1824 2291 1878 illius

732 1921 892 1975 opus.
926 1915 982 1960 et
1014 1907 1200 1976 gravia
1228 1908 1450 1972 inferre,
1481 1920 1537 1964 et
1561 1925 1680 1964 eam
1712 1926 1831 1979 qua:
1862 1911 1990 1965 hinc
2021 1915 2291 1983 accipitur

2395 734 2569 803 εἶπεν,
2598 731 2646 791 ὦ
2676 736 3005 807 στρατιῶται
3029 736 3128 790 τοῦ
3156 734 3417 806 Χριστοῦ.
3451 735 3521 787 τὰ
3561 732 3658 786 τοῦ
3711 726 3962 796 πονηροῦ

2388 827 2708 896 σοφίσματα
2732 826 2801 880 δι’
2825 820 2902 883 ῶν
2923 827 3069 889 ὑμᾶς
3093 825 3196 894 τῆς
3220 825 3494 895 σωτηρίας
3518 819 3964 886 ἁποδουκοὶῆσαι

2394 917 2580 987 ζητεῖς
2616 920 2685 971 ’0
2712 919 2822 986 γὰρ
2842 918 2934 971 διά
2970 918 3078 972 τιῖιν
3131 917 3385 987 βασάνων
3411 917 3515 970 οὐκ
3539 913 3771 984 ιπρσξς,
3799 910 3969 964 τοῦτο

2395 1007 2483 1062 διά
2505 1009 2616 1062 τῶν
2645 1009 2970 1077 ἐπιτηδείων
2998 1009 3194 1062 ἀνῦσαι
3247 1009 3526 1078 πειρᾶται.
3589 1006 3732 1059 Ἀλλ’
3800 1003 3969 1070 ὑμεῖς

2393 1117 2458 1170 γε
2513 1100 2590 1169 μὴ
2632 1100 2936 1167 ἀγνοήσητε
3004 1099 3172 1152 αὑτοῦ
3223 1098 3294 1150 τά
3351 1095 3718 1166 βουλεύματα.
3758 1092 3970 1150 ειδότες

2394 1192 2477 1246 ὅτι
2526 1191 2661 1245 πᾶσι
2707 1190 2930 1255 τρόποις
2979 1190 3110 1258 ἡμῖν
3165 1187 3545 1252 ιπιεουλεύει,
3596 1186 3653 1248 δς
3700 1183 3798 1236 νῦν
3837 1182 3971 1234 ίδὼν

2394 1283 2530 1353 πρὸς
2583 1283 2647 1334 τὸ
2698 1280 2852 1344 τέλος
2909 1282 3018 1334 τῶν
3056 1279 3283 1344 ἀγώνων
3334 1279 3589 1340 ιλθόντας
3651 1276 3836 1343 ὑμᾶς.
3870 1272 3977 1325 καὶ

2393 1372 2494 1442 τὴν
2531 1365 2701 1441 ἧτταν
2735 1369 2811 1439 μὴ
2861 1369 3043 1437 φέρων
3069 1368 3290 1422 σπεύδει
3327 1369 3468 1436 μετὰ
3497 1368 3594 1436 τὴν
3631 1365 3742 1417 τῶν
3772 1362 3976 1415 δεινῶν

2394 1461 2693 1529 καρτερίαν
2728 1463 2990 1527 στερῆσαι
3017 1460 3125 1513 τῶν
3179 1460 3472 1529 βραδείων.
3504 1462 3585 1513 ἔτι
3614 1461 3672 1513 δι
3702 1460 3798 1513 καὶ
3830 1460 3978 1526 Χριο

2397 1551 2543 1606 στοῦσ
2564 1550 2722 1604 τοῦτο
2746 1552 2855 1620 γὰρ
2881 1550 3043 1617 ἔργον
3071 1550 3237 1604 αὑτοῦ
3263 1554 3356 1605 καὶ
3382 1552 3451 1604 ea
3483 1551 3632 1605 δεινὰ
3653 1549 3974 1617 ιπιφίρειν.

2407 1641 2550 1695 Ἀλλ’
2583 1642 2742 1709 ὑμεῖς
2778 1641 2939 1709 στῆτε
2965 1641 3229 1707 γενναίως
3251 1641 3391 1693 κατὰ
3415 1641 3518 1706 τῆς
3551 1639 3834 1709 μεθοδείας
3870 1637 3976 1690 τοῦ

2393 1731 2662 1796 διαϐόλου⁹
2702 1732 2795 1784 καὶ
2832 1732 2905 1800 μὴ
2937 1733 3016 1800 τῷ
3050 1732 3203 1801 φόϐῳ
3249 1733 3347 1800 τῆς
3394 1731 3709 1793 τελευταίας
3751 1729 3977 1796 πληγῆς

2392 1819 2462 1896 ἧς
2497 1825 2662 1893 μόνης
2688 1826 2716 1876 6
2741 1823 2931 1890 ιχθρδς
2965 1823 3172 1892 κύριος,
3195 1823 3296 1890 τὴν
3322 1823 3432 1876 τῶν
3446 1822 3692 1890 οὐρανῶν
3723 1819 3980 1891 πρόησθε

2398 1912 2703 1982 βασιλείαν,
2734 1907 2804 1982 ἧς
2847 1916 3028 1981 τυχεῖν
3071 1915 3169 1982 μιν
3199 1914 3378 1966 καλῶν
3406 1914 3466 1966 τὸ
3491 1915 3820 1982 ἀκρότατον,
3851 1912 3984 1966 δια-

736 1997 1029 2051 tttilitatem
1095 2000 1424 2054 intercidere
1472 2002 1540 2055 iis
1588 2002 1681 2070 qui
1729 2001 2000 2056 laborant.
2054 2002 2161 2058 Sed
2194 2019 2289 2060 vos
2321 1996 2411 2073 Βι

2321 1996 2366 2054 Β
2401 2003 2684 2074 μαρτῆσαι
2717 2003 2772 2056 δὲ
2819 2004 2971 2056 οὐδὲν
3017 2003 3366 2072 ἀθλιώτερον.
3404 2002 3628 2066 Τούτοις
3658 2003 3752 2055 τοῦ
3790 2018 3984 2069 μακα-

736 2104 860 2142 cum
882 2092 995 2143 hac
1015 2092 1220 2155 sciatis,
1237 2097 1474 2146 resistite
1496 2092 1713 2146 fortiter
1735 2093 1949 2149 insidiis
1973 2095 2296 2160 adversarii,

733 2193 914 2247 neque
939 2183 1146 2248 parcite
1177 2182 1435 2236 carnibus
1472 2197 1592 2252 quae
1628 2184 1788 2252 paulo
1809 2193 1932 2254 post
1959 2194 2087 2240 sunt
2131 2186 2298 2240 inter-

738 2267 938 2333 itura;
986 2287 1165 2340 neque
1204 2283 1352 2327 metu
1394 2274 1598 2328 ultimae
1652 2277 1819 2344 plagae
1843 2278 1930 2345 (ea
1977 2279 2127 2330 enim
2181 2277 2298 2342 soi_a

736 2371 823 2417 est
859 2363 912 2416 in
947 2364 1151 2417 inimici
1192 2371 1481 2433 potestate)
1514 2369 1728 2436 prodite
1766 2383 1995 2440 regnum
2033 2370 2299 2424 calorum

740 2460 799 2507 et
820 2453 1044 2519 gloriam
1075 2456 1128 2508 in
1157 2458 1351 2511 saecula
1380 2469 1817 2528 permanentem,
1844 2476 2008 2529 quam
2039 2475 2299 2530 magnum

740 2544 962 2612 quidem
993 2557 1078 2599 est
1125 2547 1341 2616 assequi
1373 2557 1428 2602 et
1451 2564 1765 2617 supremum
1797 2550 2067 2604 bonorum
2097 2567 2111 2616 ;
2141 2550 2211 2607 ab
2237 2565 2304 2604 ea

741 2642 926 2688 autem
974 2638 1234 2690 recedere
1270 2646 1355 2692 est
1390 2638 1548 2710 longe
1598 2640 1989 2696 miserrimum.
2028 2643 2152 2694 Haec
2181 2656 2304 2694 cum

745 2721 956 2777 diceret
985 2723 1182 2779 beatus
1208 2725 1587 2791 Sebastianus,
1616 2738 1674 2782 et
1704 2739 2015 2799 promptum
2041 2738 2096 2784 et
2123 2729 2306 2783 alacre

2397 2095 2514 2165 ρίου
2546 2093 2907 2146 Σεϐαστιανοῦ
2953 2094 3487 2163 προθυμοττοιοῦντος
3539 2096 3670 2154 τοὺς
3719 2093 3981 2159 ἀθλητὰς

2394 2183 2488 2238 τοῦ
2536 2183 2801 2251 Χριστοῦ,
2853 2183 2965 2250 φῶς
3001 2183 3292 2252 οὐρανόθεν
3327 2183 3491 2235 αὑτὸν
3537 2180 3929 2248 περιήστραψε
3954 2219 3972 2244 ,

2394 2275 2489 2328 καὶ
2533 2273 2746 2334 νεανίας
2806 2272 2959 2342 ὤφθη
3013 2271 3420 2342 λαμπροφορῶν
3475 2271 3666 2324 τούτου
3721 2270 3965 2338 πλησίον

2396 2363 2585 2429 ἑστὼς,
2621 2364 2695 2426 ῶς
2726 2365 2932 2425 πάντας
2978 2364 3102 2424 τοὺς
3137 2363 3339 2425 ἰδόντας
3386 2363 3841 2428 καταπλαγῆναι,
3868 2364 3984 2416 καὶ

2396 2458 2494 2525 τῆς
2523 2455 2730 2509 ἄνωθεν
2762 2457 2980 2525 χάριτος
3007 2455 3168 2524 εργον
3187 2455 3346 2506 τοῦτο
3369 2454 3702 2523 ὁμολογῆσαι
3726 2457 3986 2524 impug-

2397 2545 2668 2617 τυρούσης
2704 2546 2780 2614 τῷ
2832 2547 2986 2614 ἀνδρὶ
3024 2550 3123 2614 τὴν
3170 2546 3458 2614 ἀλήθειαν.
3519 2543 3985 2612 Ἐπηκολούθησε

2403 2640 2460 2693 δέ
2495 2655 2550 2692 τι
2580 2639 2675 2691 καὶ
2703 2637 2912 2705 ἓτερον.
2949 2636 2978 2689 ὂ
3022 2637 3257 2706 μάλιστα
3306 2639 3434 2698 τοὺς
3467 2637 3744 2706 παρόντας
3780 2637 3984 2690 Izates

2414 2729 2557 2798 μόνῳ
2578 2727 2656 2796 τῷ
2689 2727 2928 2796 ἀληθινῷ
2958 2729 3320 2797 προσανέχειν
3359 2725 3501 2795 Θεῷ.

744 2814 912 2868 animi
967 2816 1208 2870 studium
1265 2822 1615 2874 conﬁrmaret
1682 2821 1885 2876 Christi
1961 2821 2222 2887 athletis,
2282 2821 2484 2874 dicitur
2542 2821 2718 2874 lucem
2774 2834 2898 2873 eum
2958 2818 3408 2884 circumlulsisse,
3478 2825 3536 2874 et
3615 2818 3796 2873 visum
3856 2832 3982 2874 esse

747 2911 979 2960 stantem
1001 2923 1170 2977 prope
1191 2924 1314 2963 eum
1333 2910 1688 2979 juvenem,et
1741 2927 1934 2982 magno
1993 2914 2161 2968 vestis
2220 2912 2508 2981 splendore
2594 2911 2976 2978 refulgentem,
3047 2910 3185 2964 adeo
3234 2919 3293 2965 ut
3351 2924 3544 2965 omnes
3585 2911 3678 2979 qui
3719 2909 3984 2964 viderunt

745 2994 1153 3068 obstupueriut,
1178 3009 1234 3055 et
1255 3005 1716 3072 supernagratize
1739 3004 1844 3058 hoc
1862 3020 1984 3060 esse
2008 3020 2148 3075 opus
2171 3004 2405 3058 confessi
2440 3004 2664 3064 fuerint,
2690 3019 2812 3072 qua:
2872 3003 3245 3056 testimonium
3308 3001 3521 3056 ferebat
3579 3017 3704 3055 eum
3770 3002 3984 3060 dixisse

747 3087 1056 3142 veritatem.
1095 3089 1218 3145 Haec
1247 3092 1391 3146 aliud
1431 3109 1647 3163 quoque
1681 3103 1764 3148 est
1817 3103 2170 3150 consecutum
2223 3096 2445 3165 dignum
2487 3095 2634 3164 quod
2705 3095 2923 3148 dicatur
2997 3104 3052 3148 ct
3103 3091 3378 3148 memoriae
3443 3093 3764 3158 mandetur;
3830 3094 3985 3163 quod

751 3177 967 3255 quidem
997 3195 1090 3234 eos
1116 3182 1208 3250 qui
1242 3183 1469 3238 aderant
1495 3187 1729 3239 maxime
1757 3186 1824 3239 ad
1865 3187 2024 3241 iidem
2060 3187 2304 3252 adduxit,
2346 3196 2401 3241 et
2437 3185 2709 3257 persuasit
2737 3193 2797 3238 ut
2833 3185 3006 3239 solum
3039 3185 3207 3238 Deum
3238 3184 3606 3238 attenderent.

821 3268 932 3324 νη.
968 3271 1224 3334 Quadam
1271 3277 1416 3328 enim
1445 3277 1643 3330 mulier
1674 3275 1783 3332 Zoe
1817 3279 2062 3339 nomine.
2099 3280 2301 3348 conjux
2481 3280 2496 3331 Ξ

2481 3277 2557 3331 Ζ’.
2586 3277 2726 3346 Γυνὴ
2757 3278 2863 3346 γάρ
2893 3293 2977 3338 τις
2995 3276 3115 3345 Ζωὴ
3144 3275 3384 3343 τοῦνομα
3404 3275 3641 3340 σύζυγος
3663 3275 3986 3345 Νικοστράο

747 3356 1069 3422 Nicostrati,
1103 3364 1195 3431 qui
1252 3364 1498 3419 ordinem
1537 3366 1818 3421 obtinebat
1869 3368 2167 3437 primicerii
2201 3369 2308 3438 (est
2408 3387 2422 3421 ιι

2408 3387 2526 3433 του,
2549 3369 2605 3430 ὃς
2646 3369 2743 3437 τὴν
2767 3367 2861 3420 τοῦ
2892 3366 3306 3435 πριμικηρινίου
3347 3368 3498 3429 τάειν
3531 3368 3748 3434 ιπεῖχεν
3794 3365 3872 3432 (ἐν
3926 3366 3985 3421 δὴ

753 3459 934 3547 autem
963 3451 1078 3506 haec
1112 3469 1216 3506 una
1246 3453 1483 3523 dignitas
1508 3471 1577 3510 ex
1604 3457 1672 3511 iis
1702 3471 1826 3526 qua
1857 3467 1988 3512 sunt
2008 3459 2114 3513 sub
2162 3475 2306 3528 prmo
2331 3488 2376 3547 α
2409 3477 2428 3510 ι

2331 3488 2376 3547 c
2409 3462 2504 3513 καὶ
2530 3460 2688 3514 τοῦτο
2708 3460 2816 3512 τῶν
2847 3459 2950 3511 ὑπὸ
2971 3458 3071 3527 τὴν
3091 3457 3395 3525 ὲπαρχικὴν
3420 3458 3575 3524 χεῖρα
3600 3455 3982 3524 ἀξιωμάτων),

753 3538 1010 3613 lectura),
1037 3559 1159 3598 cum
1187 3547 1241 3599 in
1286 3561 1502 3616 gravem
1551 3549 1804 3602 morbum
1858 3549 2163 3615 incidisset,
2195 3565 2308 3605 non
2337 3538 2376 3547 ’
2413 3571 2428 3606 ι

2337 3538 2376 3547 “
2413 3553 2680 3622 νοσήματι
2727 3549 3100 3620 περιπεσοῦσα
3148 3549 3329 3617 δεινῷ,
3355 3548 3689 3615 φθέγγεσθαι
3735 3548 3838 3616 μὲν
3879 3550 3985 3600 οὐκ

755 3641 968 3701 poterat
988 3635 1206 3703 quidem
1233 3637 1379 3706 loqui
1414 3654 1588 3707 neque
1607 3640 1787 3695 cordis
1809 3649 1988 3710 motus
2012 3641 2307 3708 explicare:
2414 3641 2430 3692 l

2414 3641 2668 3704 ἐδύνατο,
2701 3642 2940 3693 συνιέναι
2989 3640 3046 3692 δὲ
3094 3639 3187 3692 καὶ
3235 3638 3456 3691 ἀκούειν
3499 3638 3615 3690 τῶν
3667 3637 3985 3703 λεγομένων

759 3722 1063 3794 intelligere
1096 3742 1225 3782 vero
1257 3738 1312 3781 et
1351 3730 1542 3784 audire
1580 3747 1701 3798 quze
1731 3732 2057 3787 dicebantur
2098 3741 2312 3802 poterat

759 3814 897 3868 citra
963 3816 1132 3870 ullum
1187 3808 1658 3887 impedimentum.
1719 3824 1796 3878 Ea
1856 3833 2039 3879 mente
2104 3824 2316 3892 agitans

759 3903 927 3959 verba
958 3905 1100 3961 beati
1152 3907 1456 3966 Sebastiani
1513 3914 1988 3981 (custodiebantur
2012 3917 2160 3970 enim
2187 3930 2314 3970 san-

761 3996 835 4050 cti
877 3998 930 4052 in
971 4000 1091 4069 ejus
1123 4000 1308 4070 domo)
1346 4017 1471 4058 cum
1513 4005 1603 4060 illa
1647 4020 1756 4061 non
1807 4018 1990 4076 posset
2012 4008 2194 4076 lingua
2223 4008 2318 4061 ad-

762 4086 947 4141 mirari
983 4100 1039 4142 ut
1064 4105 1184 4159 quae
1221 4102 1367 4147 recte
1419 4093 1563 4148 dicta
1591 4102 1800 4159 essent,
1851 4097 2026 4151 oculis
2067 4112 2321 4152 annuens

765 4178 1040 4243 omnibus,
1083 4190 1140 4235 et
1167 4197 1386 4237 manum
1415 4187 1669 4254 quatiens
1709 4201 1773 4242 ac
1802 4189 1972 4241 sancti
2008 4188 2176 4257 pedes
2201 4197 2318 4243 iano

764 4281 922 4338 gens,
960 4273 1354 4340 propemodum
1389 4280 1661 4344 per,‘muta
1690 4275 1833 4330 facta
1882 4291 2067 4330 vocem
2102 4277 2319 4339 edebat.

767 4369 824 4412 ct
857 4370 1042 4416 tacens
1068 4373 1186 4416 erat
1213 4365 1557 4433 prtcdicatrix
1586 4366 1826 4435 pietatis.
1855 4365 1991 4421 Cum
2024 4379 2206 4421 autem
2239 4369 2323 4422 in-

771 4449 1067 4506 tellexisset
1101 4455 1183 4508 vir
1233 4457 1325 4512 ille
1359 4457 1580 4517 divinus
1637 4474 1748 4512 non
1794 4459 1914 4513 sine
1963 4459 2058 4514 Dei
2098 4461 2322 4517 numine

769 4546 975 4598 moveri
1006 4546 1317 4610 mulierem,
1345 4559 1402 4603 et
1427 4549 1594 4603 vellet
1635 4549 1701 4604 ad
1754 4549 2090 4618 agnitionem
2122 4553 2324 4607 multos

766 4631 1042 4719 adducere
1097 4651 1196 4705 per
1225 4638 1569 4719 miraculum,
1599 4639 1756 4707 jubet
1802 4656 1920 4695 eam
1960 4652 2103 4697 stare
2136 4644 2188 4697 in
2215 4659 2326 4698 me-

772 4717 884 4776 dio,
915 4730 970 4774 ει
994 4720 1210 4777 Christo
1237 4728 1460 4779 nomine
1492 4717 1763 4789 invocato.
1802 4729 1851 4782 ei
1881 4731 2082 4785 statim.
2097 4730 2325 4798 largitur

2415 3728 2692 3783 ἀκώλυτον
2727 3724 2841 3798 εἶχε
2883 3729 2983 3797 τὴν
3017 3729 3286 3796 αῖσθησιν.
3321 3727 3492 3796 Αὕτη,
3541 3727 3602 3778 ιν
3633 3728 3710 3795 νῷ
3739 3727 3987 3780 λαϐοῦσα

2417 3827 2484 3876 τά
2513 3819 2608 3873 τοῦ
2661 3819 2928 3889 μακαρίου
2981 3819 3343 3871 Σεϐαστιανοῦ
3393 3818 3612 3887 ῥήματα
3651 3819 3730 3885 (iv
3763 3818 3873 3884 γὰρ
3911 3819 3983 3886 τῇ

2416 3913 2565 3980 οίκία
2596 3912 2761 3979 αὐτῆς
2793 3910 3084 3978 ίτηροῦντο
3122 3909 3173 3960 οί
3199 3907 3394 3976 ἅγιοι),
3423 3910 3536 3969 τοῖς
3562 3907 3864 3975 ὀφθαλμοῖς
3892 3908 3990 3957 ιν-

2417 4002 2648 4056 νεύουσα
2677 4003 2832 4064 πᾶσι,
2859 4004 2958 4068 τὴν
2984 4001 3144 4070 χεῖρά
3168 4017 3226 4052 τε
3258 3999 3593 4062 ἐπισείουσα,
3625 3999 3722 4050 καὶ
3750 3998 3863 4048 τῶν
3887 3996 3988 4048 τοῦ

2419 4091 2574 4158 ἀγίου
2623 4090 2794 4144 ποδῶν
2847 4091 3147 4159 ἁπτομένη,
3200 4090 3374 4158 κήρυε
3427 4090 3524 4142 καὶ
3575 4087 3845 4140 σιωπῶσι
3887 4087 3989 4155 τῆς

2421 4181 2679 4252 ἀληθείας
2727 4181 2958 4247 ἐγίνετο.
3015 4182 3202 4244 Συνεὶς
3244 4178 3336 4233 οὖν
3365 4182 3570 4243 ἐκεῖνος
3601 4181 3628 4232 6
3663 4179 3809 4237 θεῖος
3843 4179 3990 4249 ἀνὴρ

2421 4276 2494 4337 ὡς
2523 4272 2814 4342 οὐρανόθεν
2852 4268 2921 4342 ἦν
2951 4271 3044 4325 τοῦ
3072 4273 3296 4338 γυναίου
3329 4275 3361 4336 ἠ
3394 4273 3609 4339 κίνησις
3630 4308 3646 4333 ,
3677 4270 3775 4321 καὶ
3816 4269 3989 4322 θέλων

2423 4366 2648 4426 πολλοὺς
2679 4363 2761 4426 είς
2790 4364 3085 4430 ιπίγνωπιν
3126 4362 3216 4414 διὰ
3263 4360 3355 4414 τοῦ
3410 4361 3687 4429 θαύματος
3723 4361 3983 4426 ἀγαγειν,

2421 4460 2500 4519 τίς
2549 4455 2708 4526 μέσον
2752 4453 2921 4524 αὐτὴν
2973 4454 3162 4522 στῆναι
3214 4451 3449 4514 κελεύει,
3482 4452 3577 4504 καὶ
3619 4451 3712 4502 τὸν
3745 4452 3988 4519 Χριστὺν

2423 4547 2696 4616 ἐνομήσας
2723 4546 2784 4596 τὸ
2829 4544 3010 4597 λαλεῖν
3061 4544 3196 4613 αὐτῇ
3252 4541 3598 4612 παραχρῆμα
3651 4541 3989 4612 χαρίζεταιο

2423 4639 2559 4708 ὅπερ
2610 4640 2639 4691 ό
2691 4638 3062 4708 Νικόστρατος
3111 4636 3233 4690 ίδὼν
3263 4638 3430 4705 ἀνῆκε
3487 4637 3584 4706 μὲν
3618 4636 3726 4689 τῶν
3766 4635 3991 4702 δεσμῶν

2426 4730 2549 4791 τοὺς
2582 4730 2790 4796 ἀγίους,
2829 4728 3160 4797 συγγνώμην
3209 4727 3266 4779 δὲ
3309 4720 3384 4782 ὧν
3410 4727 3491 4788 είς
3530 4727 3730 4788 αὐτοὺς
3773 4729 3991 4796 unw—

772 4816 836 4863 ut
861 4809 1136 4878 loquatur.
1169 4812 1322 4876 Quod
1363 4814 1584 4883 quidem
1619 4826 1678 4870 ut
1704 4817 1930 4872 vidisset
1955 4819 2319 4882 Nicostratus,
2353 4816 2397 4870 D
2428 4838 2447 4888 ι.

2316 4816 2397 4877 ,1)
2428 4820 2626 4888 μίλησε
2676 4818 2808 4888 πρὶν
2857 4820 3266 4887 αἰτιασάμενος,
3323 4816 3477 4887 ⁴Ιδξίου
3527 4817 3749 4870 ἀπιέναι
3798 4819 3991 4887 πόρρω

774 4911 994 4955 sanctos
1026 4903 1245 4973 quidem
1278 4905 1480 4960 laxavit
1508 4922 1536 4960 e
1562 4907 1815 4970 vinculis.
1858 4910 2025 4978 petita
2052 4923 2234 4966 autem
2257 4913 2327 4967 ab

2373 4981 2377 4987 ἡ
2425 4909 2519 4964 τοῦ
2545 4909 2758 4972 ἄστεος.
2787 4909 2908 4961 Τῶν
2936 4909 2991 4960 δὲ
3026 4911 3100 4978 μὴ
3149 4909 3518 4977 βουλομένων.
3553 4908 3688 4961 ἀ).λά
3719 4909 3990 4974 λεγόντων

774 4989 858 5043 eis
879 4993 1032 5044 venia
1061 4995 1204 5062 quod
1239 4994 1291 5048 in
1321 5010 1417 5050 eos
1447 4997 1598 5065 prius
1633 4998 1974 5068 deliquisset,
2003 5003 2211 5070 rogavit
2230 5018 2329 5058 eos
2426 5001 2449 5054 ti

2315 5018 2329 5058 ι
2426 5001 2500 5065 ὡς
2523 5001 2598 5054 Οὐ
2631 5000 2738 5052 τῶν
2773 4999 3126 5069 μαρτυριιιῶν
3169 4999 3450 5066 στεφάνων
3478 4998 3687 5068 ἑτέροις
3727 5015 3990 5068 παραχω-

775 5088 838 5134 υι
866 5080 1083 5135 abirent
1129 5085 1318 5153 procul
1349 5102 1379 5140 a
1412 5075 1652 5144 civitate.
1676 5089 1788 5145 Illis
1818 5105 1950 5145 vero
1995 5107 2185 5162 preces
2211 5094 2333 5162 ejus
2429 5108 2450 5160 ε

2312 5111 2333 5150 ι
2429 5091 2689 5160 ρήσομεν,
2715 5084 2791 5142 Ἥ
2822 5091 2953 5157 γὰρ.
2993 5087 3365 5158 Νικόστρατος
3422 5086 3548 5156 εφη,
3572 5087 3877 5155 ’μακάριος
3919 5087 3987 5141 ἀν

775 5185 884 5225 non
939 5172 1390 5243 admittentibus,
1439 5179 1533 5234 sed
1587 5180 1902 5236 dicentibus
1939 5197 1998 5237 se
2046 5198 2155 5238 non
2208 5199 2330 5240 esse
2428 5197 2450 5234 ε

2314 5199 2330 5240 3
2428 5180 2568 5250 είην,
2599 5181 2647 5232 sl
2683 5181 2781 5247 τῆς
2813 5180 2967 5249 ὑμῶν
2994 5178 3178 5230 ῑνεκεν
3212 5176 3485 5246 σωτηρίας
3532 5177 3592 5227 τὸ
3645 5177 3798 5244 ἡμῶν
3848 5171 3989 5244 αἷμα

776 5277 930 5317 suam
976 5265 1291 5333 prodituros
1329 5270 1689 5335 nobilitatem,
1719 5288 1820 5327 nec
1859 5275 2079 5329 coronis
2124 5285 2328 5345 marty-

2430 5272 2637 5341 ὶξὲχεα,
2664 5271 2801 5324 ὥστε
2837 5268 3248 5326 ὰποπλύνασθαι
3274 5269 3365 5321 τὸν
3394 5269 3563 5338 ῥύπον
3588 5271 3647 5322 ὄν
3697 5285 3787 5335 μοι
3819 5285 3987 5336 προε-

777 5357 843 5410 rii
877 5357 1002 5412 aliis
1047 5374 1166 5412 esse
1193 5375 1468 5427 cessuros,
1517 5362 1705 5419 Essem
1741 5366 1854 5428 ille,
1891 5366 2086 5435 inquit,
2140 5381 2333 5423 revera
2435 5362 2452 5427 ξ

2313 5383 2333 5423 ι
2435 5362 2658 5431 ξίνησεν
2683 5365 2716 5431 ἡ
2743 5363 2850 5414 τῶν
2881 5361 3150 5428 δαιμόνων
3183 5362 3476 5430 ὑπηρεσία.
3518 5359 3657 5413 Ἀλλ’
3687 5359 3738 5410 εί
3771 5358 3988 5425 τούτου,

779 5447 930 5514 felix,
953 5449 998 5504 si
1032 5463 1193 5505 causa
1229 5461 1420 5507 vestrae
1466 5454 1658 5508 salutis
1688 5456 2009 5512 athleticam
2054 5467 2332 5512 certamen
2433 5468 2454 5519 τι

2314 5474 2332 5512 ι
2433 5451 2585 5519 φασὶ,
2618 5450 2795 5520 βούλει
2826 5451 3029 5519 τυχεῖν,
3059 5451 3163 5519 χρὴ
3185 5451 3451 5519 πρότερον
3474 5449 3599 5510 τοὺς
3624 5450 3681 5500 ὲν
3706 5447 3989 5518 διαφόροις

782 5543 1142 5610 suscepissem
1173 5551 1228 5597 et
1287 5559 1467 5598 meum
1505 5546 1827 5614 sanguinem
1883 5562 1981 5618 pro
2012 5536 2170 5602 vobis
2196 5544 2333 5600 εαυ-

2434 5543 2673 5610 είρκταῖς
2723 5540 3092 5610 τηρουμένους
3147 5540 3378 5592 ἐνταῦθα
3442 5539 3829 5604 συναθροίσαι,
3885 5539 3992 5591 καὶ

783 5632 1006 5695 dissem,
1033 5641 1093 5686 ut
1110 5634 1298 5688 sordes
1323 5635 1589 5688 malorum
1614 5636 1890 5691 abluerem
1915 5653 2050 5707 quas
2068 5639 2176 5707 jam
2204 5638 2334 5692 mihi
2435 5633 2458 5686 ὃ

2321 5638 2334 5692 i
2435 5633 2606 5703 δῶρον
2631 5630 2825 5694 αὐτοὺς
2868 5630 2948 5700 τῷ
2999 5630 3118 5701 Θεῷ
3169 5631 3562 5699 προσαγαγεῖν,
3584 5624 3703 5683 εἶτα
3726 5630 3822 5681 καὶ
3854 5628 3989 5697 πρὸς

787 5721 981 5774 inussit
1025 5720 1331 5776 demonum
1363 5723 1752 5779 ministerium.
1782 5725 1886 5779 Sed
1913 5724 1958 5778 si
1985 5725 2110 5789 hoc,
2157 5724 2332 5788 aiunt,

2441 5724 2500 5777 τὸ
2535 5723 2867 5792 ποθούμενον
2889 5721 3042 5783 τίλος
3070 5720 3262 5773 ἐλθεῖν.

787 5812 868 5866 vis
897 5812 1177 5882 consequi,
1205 5827 1424 5869 necesse
1443 5824 1528 5870 est
1553 5824 1613 5871 ut
1635 5813 1721 5870 hic
1743 5814 1894 5887 prius
1921 5831 2215 5889 congregat
2234 5829 2325 5873 eos
2365 5815 2458 5886 qui
2490 5815 2544 5871 in
2575 5812 2806 5870 diversis
2839 5821 3124 5869 servantur
3162 5809 3475 5868 carceribus
3535 5817 3590 5867 et
3654 5825 3750 5869 eos
3782 5810 3990 5867 donum
