4242 6442
252 389 361 451 801

1052 395 1528 460 MARTYBIUM
1570 398 1636 460 S.
1678 395 2135 466 SEBASTIANI
2178 404 2276 466 ET
2314 406 2729 471 SOCIORUM.

3398 412 3509 481 802

250 497 371 555 Deo
406 499 624 556 otferas.
658 501 865 558 Deinde
910 504 1078 561 etiam
1119 506 1312 563 venias
1359 508 1439 583 ad~
1470 508 1635 565 ﬁnem
1661 525 1826 581 quem
1866 511 2177 578 desideras,
2238 523 2299 569 ut
2348 517 2475 572 hinc
2518 522 2783 586 majorem
2826 521 3027 577 habeas
3100 524 3375 592 ﬁduciam,
3445 542 3507 587 ut

251 592 353 661 qui
403 608 511 648 non
544 594 723 649 solum
766 596 879 666 ipse
935 612 1036 667 pro
1080 596 1300 656 Christo
1342 603 1695 668 sacrificeris,
1732 604 1829 660 sed
1866 606 2030 661 etiam
2071 617 2245 663 totum
2284 612 2543 678 populum
2574 613 2623 666 ei
2661 627 2759 681 per
2792 612 2947 667 fidem
2980 616 3262 671 concilies.

328 684 414 740 B'.
444 686 621 751 Εὐθὺς
653 687 747 742 οὖν
787 690 816 743 6
850 688 1223 763 Νικόστρατος
1250 694 1427 748 ιτέλει
1462 697 1523 749 τὸ
1554 713 1829 767 προστατο
1854 712 1906 779 Α

1823 712 1906 779 »Α
2006 700 2141 755 Vill.
2167 702 2303 756 Cum
2355 702 2470 756 han:
2497 706 2662 759 verba
2690 707 2932 761 audisset
2960 708 3329 774 Nicostratus,
3362 715 3498 770 nihil

251 779 508 849 τόμενον,
539 783 632 834 καὶ
662 782 873 846 πάντας
923 786 1049 848 τοὺς
1095 786 1154 839 ιν
1202 786 1420 857 δεσμοῖς
1450 790 1527 851 είς
1558 790 1651 843 τὸν
1679 786 1827 844 οἷκον

252 870 422 924 αὐτοῦ
451 873 698 940 ἀγαγὼν,
722 878 831 937 τοῖς
859 877 1039 929 ἐκεῖσε
1070 878 1414 947 Χριστιανοῖς
1438 880 1823 951 ὶγκατὲμιξεν.

250 963 321 1018 Οῖ
354 968 501 1035 παρὰ
530 966 625 1019 τοῦ
677 968 949 1039 μακαρίου
985 969 1352 1024 Σεϐαστιανοῦ
1400 972 1493 1025 τὸν
1543 973 1702 1041 λόγον
1748 975 1826 1029 δι-

249 1056 545 1129 δαχθέντες
576 1060 669 1128 τῆς
699 1061 984 1124 εὐσεϐείας
1007 1064 1476 1136 προεκαθαίροντο
1506 1068 1587 1130 είς
1637 1066 1827 1121 ὑποδο-

252 1151 363 1221 χὴν
394 1152 486 1203 τοῦ
531 1149 931 1221 βαπτίσματος.
972 1155 1302 1225 Χρωμάτιος
1332 1158 1389 1210 δι
1428 1159 1457 1210 6
1490 1158 1591 1228 τῆς
1620 1158 1826 1221 πόλεως

252 1242 520 1310 ιπαρχος,
558 1243 732 1297 ταῦτα
763 1246 972 1314 μαθὼν,
1024 1253 1121 1302 σὺν
1146 1248 1285 1319 ὀργῇ
1333 1250 1545 1305 κελεύει
1578 1252 1827 1323 Κλαυδίῳ

202 1348 211 1355 '
256 1333 696 1404 Κομενταρησίῳ
756 1340 966 1406 ταχέως
1016 1339 1107 1393 τὸν
1158 1341 1531 1414 Νικόστρατον
1562 1345 1824 1415 ἀγαγεῖνξ,

254 1432 350 1481 καὶ
379 1428 601 1497 ἀχθέντι
657 1430 808 1498 λέγει
863 1434 1015 1501 αὐτῷ
1039 1447 1054 1462 ⁸
1088 1434 1207 1489 Ίνα
1236 1438 1312 1501 τί,
1350 1439 1539 1490 ἀνοσία
1573 1440 1825 1509 κεφαλὴ,

250 1520 380 1581 τοὺς
413 1522 470 1572 ιν
522 1522 920 1594 δεσμωτηρίοις
953 1527 1165 1590 πάντας
1192 1530 1250 1580 ιν
1293 1529 1371 1596 τῷ
1407 1529 1486 1600 σῷ
1520 1531 1654 1601 οἴκῳ
1703 1549 1826 1585 συν-

252 1610 549 1679 ήθροισαςς
592 1612 652 1664 ’0
686 1613 741 1665 δι
792 1616 1289 1684 παρακρούσασθαι
1336 1620 1472 1681 τέως
1508 1621 1665 1673 αὑτὸν
1707 1622 1827 1691 βου-

252 1700 504 1769 λόμενος,
538 1703 682 1757 οὕτω
717 1708 983 1776 νουνεχῶς
1012 1708 1404 1780 ἀποκρίνεται·
1438 1712 1513 1766 οὐ
1548 1729 1825 1783 διαταςιρο⁴

252 1794 386 1860 νῶν,
418 1789 462 1847 ὦ
491 1798 742 1862 δικαστά,
780 1801 877 1867 τῆς
910 1801 1006 1869 σῆς
1046 1802 1296 1867 ἐξουσίας
1324 1805 1404 1868 είς
1443 1804 1603 1858 τοῦτο
1636 1802 1823 1877 ἦλθον,

250 1885 394 1941 ἀλλά
432 1888 653 1958 μείζονα
683 1890 1036 1962 Χριστιανοῖς
1071 1894 1356 1949 ἐπιτείνων
1387 1897 1479 1948 τὸν
1509 1898 1674 1965 φόϐον
1694 1940 1708 1963 ,
1739 1894 1824 1951 ἵνα

246 1980 352 2042 τὰς
385 1984 773 2051 ὲπηρτημένας
810 1988 992 2048 αὐτοῖς
1028 1987 1295 2055 βασάνους
1318 1990 1376 2041 ὲν
1407 1990 1618 2058 ἑτέροις
1647 1989 1821 2060 ὁρῶν-

1933 802 2225 847 cunctatus
2245 795 2374 849 fecit
2402 795 2549 863 quod
2575 798 2875 864 jubebatur
2905 809 2997 853 :et
3024 817 3149 855 cum
3177 818 3372 860 omnes
3404 807 3499 876 qui

1929 894 2088 939 erant
2117 887 2171 940 in
2212 889 2447 942 vinculis
2473 889 2720 943 duxisset
2751 892 2804 945 in
2830 894 3054 947 domum
3086 910 3259 956 suam.
3292 901 3497 955 admis-

1930 978 2128 1033 cuitiis
2156 980 2247 1047 qui
2280 981 2390 1035 illic
2417 991 2575 1035 erant
2600 981 2950 1039 Christianis.
2982 987 3083 1053 Qui
3122 1003 3245 1042 cum
3278 1004 3305 1043 a
3332 991 3493 1047 beato

1930 1070 2586 1142 Sebastianofdidicissent
2612 1076 2840 1131 verbum
2863 1080 3129 1144 veritatis,
3154 1082 3254 1149 ipsi
3280 1085 3501 1151 quidem

1924 1164 2151 1235 jejuniis
2191 1177 2447 1221 vacantes
2499 1180 2553 1222 et
2596 1170 2872 1231 precibus,
2903 1175 3394 1241 prmpnrgabantur
3433 1182 3501 1232 ad

1929 1259 2337 1327 suscipiendum
2362 1258 2710 1328 baptismum.
2733 1262 2867 1316 Cum
2891 1275 3072 1318 autem
3101 1268 3387 1333 pnefectus
3413 1285 3504 1322 ur-

1930 1348 2017 1403 bis
2049 1350 2402 1405 Chromatius
2465 1353 2765 1407 audivisset
2797 1372 2988 1409 omnes
3026 1373 3148 1411 reos
3198 1374 3225 1411 a
3266 1361 3502 1415 vinculis

1929 1440 2140 1496 laxatos
2168 1445 2371 1497 versari
2398 1444 2452 1497 in
2484 1446 2646 1499 domo
2683 1446 3006 1509 Nicostrati,
3045 1450 3234 1505 dolore
3266 1448 3501 1507 allectus

1927 1532 2082 1600 jubet
2120 1532 2351 1588 Claudio
2382 1535 2876 1592 Commentariensi
2913 1556 3040 1596 eum
3070 1544 3346 1599 adducere
3384 1561 3501 1598 ma-

1928 1639 2031 1692 gna
2062 1624 2361 1679 celeritate.
2402 1628 2503 1691 Qui
2537 1642 2662 1679 cum
2706 1630 2900 1683 fuisset
2949 1632 3219 1687 adductus
3274 1635 3392 1689 baro
3440 1637 3494 1691 ei

1929 1715 2063 1770 dicit
2098 1715 2269 1779 :Cur.
2300 1733 2331 1771 ο
2363 1728 2527 1785 caput
2576 1720 2825 1786 impium,
2858 1737 2954 1776 eos
2982 1725 3073 1791 qui
3108 1735 3263 1779 erant
3295 1726 3349 1780 in
3382 1738 3503 1781 car-

1928 1809 2149 1863 ceribus
2189 1814 2505 1880 congregari
2562 1813 2739 1868 fecisti
2771 1814 2919 1869 domi
2950 1818 3100 1869 tute?
3130 1818 3223 1872 Ille
3250 1834 3379 1873 vero
3404 1836 3501 1875 vo-

1930 1890 2048 1946 lens
2095 1892 2316 1947 interim
2366 1910 2493 1947 eum
2538 1896 2813 1964 decipere,
2842 1900 3121 1966 sapienter
3151 1903 3230 1954 sic
3267 1917 3497 1970 respon-

1930 1984 2057 2042 dit:
2106 1985 2227 2039 Non
2268 1996 2438 2051 tuam,
2470 2002 2503 2041 ο
2542 1989 2732 2058 judex,
2789 1989 3103 2059 despiciens
3143 2004 3495 2063 potestatem;

246 2090 344 2137 τες
378 2077 491 2138 τοῖς
518 2076 626 2129 τῶν
665 2076 929 2146 βασιλέων
993 2082 1252 2134 πεισθῶσι
1303 2082 1662 2151 θεσπίσμασι.
1715 2084 1822 2151 Τῆς
1852 2062 1899 2121 Β

1821 2104 1822 2109 η
1852 2062 1899 2121 Β
1926 2077 2050 2145 quis
2074 2078 2218 2131 enim
2246 2088 2394 2131 tanta
2416 2090 2559 2132 esset
2579 2082 2807 2135 audacia
2828 2081 2850 2133 ?
2872 2083 2967 2136 sed
2994 2084 3285 2139 intendens
3336 2088 3496 2140 Chri-

247 2165 496 2229 ἐπινοίας
531 2169 711 2220 τοίνυν
748 2167 1034 2239 θαυμάσας
1084 2173 1246 2225 αὑτὸν
1296 2175 1324 2225 6
1368 2174 1628 2244 ἔπαρχος,
1673 2173 1823 2226 οὔπω

248 2260 364 2328 γὰρ
383 2261 481 2329 τὴν
507 2261 725 2329 ἀπάτην
755 2263 944 2327 συνίει,
988 2264 1122 2332 πρὸς
1154 2265 1245 2316 τὸν
1279 2260 1427 2317 οἷκον
1467 2265 1688 2318 ἀπιέναι
1731 2281 1823 2317 κε·

248 2352 425 2404 λεύει·
458 2351 518 2406 Ὀ
539 2350 593 2404 δὲ
616 2352 871 2423 Κλαυδίῳ
889 2356 1317 2424 Κομενταρησίῳ
1336 2355 1519 2407 οἴκαδε
1545 2355 1821 2409 συναπιὼν

245 2446 494 2515 διηγεῖτο
518 2447 579 2498 τὸ
600 2446 693 2498 τοῦ
731 2447 1007 2516 μακαρίου
1036 2446 1397 2501 Σεϐαστιανοῦ
1430 2447 1699 2516 φιλόθεον,
1728 2449 1821 2500 καὶ

247 2535 402 2595 ὅπως
448 2536 517 2587 τά
555 2537 791 2603 μέγιστα
840 2540 991 2605 παρά
1028 2540 1140 2597 τοῖς
1192 2537 1475 2606 βασιλεῦσι
1524 2538 1821 2607 δυνάμενος

1923 2166 2123 2220 ειίειιιὶε
2153 2171 2415 2236 majorem
2449 2181 2654 2223 metum
2683 2173 2962 2239 supplicii,
2991 2173 3094 2226 hoc
3120 2189 3240 2228 sum
3278 2192 3499 2245 aggres-

1921 2273 2059 2313 sus:
2101 2269 2159 2312 ut
2210 2276 2329 2329 quae
2394 2261 2475 2314 eis
2522 2262 2885 2317 imminebant
2937 2275 3208 2320 tormenta
3249 2268 3499 2325 videntes

1924 2348 1977 2401 in
2014 2349 2160 2410 aliis.
2187 2351 2571 2415 extimescant,
2607 2363 2663 2405 et
2710 2365 2936 2420 parcant
2971 2355 3212 2409 decretis
3259 2358 3497 2425 impera-

1924 2450 2125 2495 torum.
2183 2442 2315 2510 Ejus
2372 2446 2557 2511 itaque
2610 2444 2816 2512 ingenii
2862 2446 3145 2500 solertiam
3190 2449 3498 2504 admiratus

1924 2534 2217 2602 praefectus
2270 2535 2439 2598 urbis,
2480 2534 2731 2589 fraudem
2782 2538 2930 2590 enim
2984 2554 3090 2591 non
3156 2540 3499 2611 intelligebat

250 2626 481 2697 παρεῖδε
518 2628 613 2680 καὶ
640 2627 798 2689 δόξαν
823 2628 917 2681 καὶ
971 2628 1204 2681 πλοῦτον
1230 2633 1322 2681 καὶ
1356 2629 1697 2695 δυναστείαν,
1726 2632 1821 2682 καὶ
1921 2679 1925 2693 ,

1921 2625 2085 2694 jussit
2120 2627 2303 2680 redire
2336 2626 2581 2683 domum.
2612 2629 2707 2681 ille
2736 2641 2921 2683 autem
2954 2630 3180 2684 domum
3211 2648 3498 2688 revertens

248 2716 350 2770 νῦν
384 2718 599 2771 σύνεστι
620 2719 987 2787 Χριστιανοῖς,
1018 2721 1284 2774 διδάσκων
1308 2723 1508 2784 αὐτοὺς
1539 2722 1636 2789 τὴν
1667 2722 1820 2773 εὐσέ-

1819 2752 1820 2757 η
1925 2716 2091 2770 simul
2154 2732 2279 2770 cum
2333 2717 2564 2772 Claudio
2598 2719 3121 2784 Commentariensi,
3165 2728 3411 2778 narravit
3444 2729 3494 2781 ei

250 2811 407 2862 ϐειαν
441 2810 535 2863 καὶ
571 2812 663 2863 τὸν
704 2811 862 2878 λόγον
890 2815 989 2881 τῆς
1036 2813 1294 2881 ἀληθείας
1324 2813 1650 2883 παραδόξοις
1691 2813 1821 2865 θαύ-
1923 2826 1925 2877 ς

1923 2808 2181 2878 pietatem
2214 2810 2357 2862 beati
2384 2810 2690 2865 Sebastiani
2718 2829 2731 2865 :
2757 2823 2812 2866 et
2835 2816 2982 2882 quod
3014 2832 3138 2867 cum
3164 2828 3308 2871 esset
3333 2830 3500 2874 notus

250 2917 389 2969 μασι
424 2900 678 2969 βεϐαιῶν.

1925 2904 2349 2971 imperatoribus
2375 2913 2429 2956 et
2450 2904 2500 2957 ei
2525 2906 2593 2957 ab
2621 2906 2729 2959 illis
2758 2911 2991 2961 maxima
3017 2911 3321 2964 haberetur
3357 2911 3495 2967 fides

246 2993 562 3061 despexerit
617 2993 868 3061 gloriam,
930 3002 988 3049 et
1045 3009 1200 3064 Opes,
1236 3003 1291 3050 et
1349 2996 1671 3064 potentiam,
1698 3005 1753 3050 et
1784 3010 1931 3049 nunc
1968 3005 2218 3049 versetur
2244 3010 2369 3048 cum
2400 2995 2749 3057 Christianis.
2779 3013 2877 3052 eos
2944 3002 3279 3066 exhortans;
3310 3012 3365 3056 et
3415 3019 3497 3059 eis

245 3086 495 3138 animum
542 3085 751 3140 addens
781 3086 845 3139 ad
892 3087 1170 3155 pietatem,
1203 3096 1257 3143 et
1303 3090 1474 3159 signis
1522 3104 1643 3157 qua:
1682 3100 1812 3143 sunt
1851 3099 2039 3142 contra
2074 3089 2414 3157 opinionem,
2454 3098 2511 3142 et
2542 3090 2823 3144 miraculis
2880 3095 3110 3146 verbum
3165 3094 3499 3152 conﬁrmans

247 3178 518 3234 veritatis.

323 3270 403 3326 0'.
422 3274 639 3326 Τούτων
668 3274 905 3337 ἀκούσας
931 3276 960 3327 6
990 3275 1252 3340 Κλαύδιος
1282 3278 1537 3348 δρομαῖος
1569 3280 1814 3347 ἀφικνεῖ-
1839 3284 1885 3346 C
1990 3270 1998 3323 1

1839 3284 1885 3346 C
1990 3270 2079 3324 lx.
2111 3269 2235 3324 Haec
2256 3285 2378 3324 cum
2413 3271 2714 3324 audivisset
2736 3270 3001 3324 Claudius
3021 3282 3077 3325 et
3097 3282 3494 3327 essetconsau-

245 3381 341 3419 ται
374 3367 511 3435 πρὸς
541 3367 640 3435 τὴν
677 3366 877 3430 οἰκίαν,
912 3368 1006 3419 καὶ
1041 3369 1167 3431 τοὺς
1199 3370 1294 3422 δύο
1323 3370 1503 3423 λαϐὼν
1536 3374 1704 3433 υἱοὺς.
1743 3366 1816 3421 ὧν

238 3459 275 3512 6
310 3456 410 3525 μιν
452 3462 722 3525 νοσήματι
764 3459 987 3528 χαλεπῷ
1020 3459 1081 3511 τὸ
1125 3460 1221 3513 τοῦ
1252 3460 1503 3529 ὕδρωπος
1538 3464 1818 3534 προσεπὰ-

243 3547 419 3612 λαιεν,
445 3549 474 3599 6
511 3549 566 3601 δὲ
602 3551 721 3611 ὅλος
765 3552 1114 3621 τραυματίας
1156 3548 1223 3618 ἦν
1255 3555 1350 3607 καὶ
1383 3554 1816 3623 λελεπρωμένσς,

241 3635 379 3712 ἦλθε
409 3641 541 3704 πρὸς
590 3641 981 3710 Νικόστρατον,
1014 3642 1144 3697 ενθα
1176 3640 1320 3713 ἦσαν
1374 3646 1469 3697 καὶ
1514 3646 1680 3712 ἅγιοι,
1728 3647 1817 3698 καὶ

246 3731 434 3785 πεσὼν
468 3736 549 3794 εἰς
607 3734 710 3800 γῆν
759 3736 1085 3802 προσεκύνει
1132 3737 1353 3801 αὐτοὺς,
1386 3739 1663 3808 ὁμολογῶν
1715 3739 1816 3807 τὴν

243 3824 531 3878 ιὺσὲϐειαν
579 3826 675 3878 καὶ⁵
724 3825 834 3878 τῶν
870 3827 1005 3879 υίῶν
1050 3828 1348 3899 θεραπείαν
1386 3830 1681 3899 ἐπιζητεῖ».
1746 3832 1817 3892 Ως

240 3913 340 3969 οὖν
370 3917 516 3968 ἂπαν
550 3916 610 3966 τὺ
648 3916 856 3985 οἴκημα
905 3916 1113 3987 ἀνδρῶν
1160 3923 1252 3971 καὶ
1298 3919 1576 3987 γυναικῶν
1607 3920 1815 3989 τ.λῆρες

240 4001 317 4075 ἦν
341 4005 452 4058 τῶν
477 4005 787 4074 δεξαμένων
817 4010 909 4060 τὸν
934 4008 1092 4078 λόγον
1114 4011 1210 4078 τῆς
1241 4010 1498 4074 πίστεως,
1533 4012 1817 4082 Πολύχαρ-

244 4098 349 4160 πὸς
372 4114 455 4159 τις
487 4098 625 4168 ἀνὴρ
656 4098 889 4169 εὐσεϐὴς
937 4103 1033 4153 καὶ
1078 4103 1452 4169 πρεσϐύτερος
1482 4104 1580 4173 τὴν
1614 4104 1815 4172 ίερατι-

244 4189 350 4259 κὴν
377 4190 569 4257 στολὴν
624 4192 983 4257 ἐνδυσάμενος
1037 4196 1132 4243 καὶ
1162 4194 1260 4254 τὰς
1291 4193 1543 4261 συνήθεις
1594 4195 1814 4257 τελέσας

243 4281 415 4350 εὐχὰς
463 4280 540 4349 τῷ
576 4282 704 4348 θείῳ
745 4282 952 4343 πάντας
1003 4282 1340 4352 βαπτίσματι
1368 4285 1587 4336 τελειοῖ·
1626 4284 1746 4355 μεθ’
1787 4286 1814 4337 ὃ

240 4374 372 4434 τοὺς
401 4374 459 4424 iv
506 4371 815 4435 ἀσθενείαις
862 4374 1285 4442 ἐξεταζομένους
1340 4370 1408 4444 ἦν
1465 4376 1594 4427 ίδεῖν
1647 4377 1815 4445 ρὦιν

240 4465 513 4527 λαϐόντας
540 4466 635 4518 καὶ
662 4465 926 4534 ἀλλήλους
946 4466 1083 4538 πρὸς
1102 4467 1201 4536 τὴν
1224 4465 1451 4537 ἄθλησιν
1472 4468 1813 4538 παραθήγον-

241 4574 366 4620 τας.
418 4557 575 4610 Ἐπεὶ
603 4557 659 4610 δὲ
684 4558 712 4609 6
739 4557 917 4621 δοθεὶς
967 4558 1152 4620 αὐτοῖς
1194 4559 1386 4629 καιρὸς
1417 4562 1511 4628 τῆς
1538 4561 1814 4629 ἀναϐολῆς

1919 3365 2097 3418 ciatus
2142 3363 2343 3416 Christi
2392 3363 2693 3425 desiderio,
2725 3364 2929 3416 eursim
2978 3365 3201 3417 domum
3236 3368 3404 3425 venit.
3439 3374 3497 3420 et

1921 3457 2140 3511 duobus
2200 3457 2445 3523 acceptis
2502 3455 2653 3514 filiis.
2695 3471 2761 3508 ex
2825 3456 3028 3524 quibns
3084 3456 3223 3509 alter
3268 3459 3495 3525 quidem

1919 3548 2339 3603 conﬂictabatur
2396 3563 2521 3601 cum
2584 3548 2735 3615 gravi
2788 3546 2984 3599 morbo
3038 3548 3320 3616 hydropis.
3355 3548 3495 3601 alter

1919 3650 2101 3693 autem
2135 3650 2253 3692 erat
2283 3648 2430 3691 totus
2465 3638 2750 3691 ulcerosus
2779 3648 2835 3690 et
2866 3637 3137 3704 leprosus.
3172 3640 3386 3693 accedit
3422 3638 3492 3692 ad

1918 3730 2287 3785 Nicostratum
2345 3730 2488 3796 apud
2541 3744 2704 3795 quem
2769 3743 2932 3782 erant
2983 3729 3194 3792 sancti;
3244 3739 3301 3784 et
3362 3744 3489 3784 cum

1920 3823 2210 3877 cecidisset
2262 3821 2316 3874 in
2372 3831 2598 3884 terram,
2659 3821 2925 3874 adorabat
2979 3825 3157 3888 ipsos,
3222 3823 3493 3877 confitens

1920 3916 2200 3983 pietatem,
2243 3926 2297 3969 et
2330 3926 2521 3982 petens
2551 3923 2609 3966 ut
2656 3925 2985 3967 curarentur
3037 3916 3152 3966 lilii.
3187 3914 3323 3968 Cum
3360 3930 3492 3984 ergo

1920 4018 2032 4063 tota
2060 4008 2254 4059 domus
2274 4016 2415 4059 esset
2445 4009 2601 4073 plena
2629 4007 2759 4058 viris
2788 4018 2839 4058 et
2874 4006 3217 4067 mulieribus,
3240 4012 3332 4074 qui
3366 4021 3490 4058 ver-

1914 4098 2047 4152 bum
2077 4099 2201 4150 ﬁdei
2225 4109 2600 4165 susceperant.
2628 4098 2852 4165 quidam
2880 4098 3214 4166 Polycarpus
3242 4099 3485 4165 virpius,

1916 4201 1974 4246 et
1998 4192 2407 4259 presbyteratus
2439 4192 2759 4256 dignitatem
2793 4201 3099 4250 assecutus,
3131 4190 3269 4241 stola
3302 4206 3485 4243 sacer-

1918 4283 2087 4335 dotali
2130 4283 2377 4343 indutns,
2423 4281 2659 4347 peractis
2699 4282 2981 4333 consuetis
3034 4280 3309 4347 precibus.
3363 4295 3490 4349 per-

1917 4373 2028 4427 ﬁcit
2058 4370 2251 4427 onines
2288 4373 2475 4425 divino
2508 4373 2859 4440 baptismate.
2898 4371 3195 4441 Postquam
3237 4388 3362 4427 cum
3393 4375 3486 4441 qui

1916 4470 2110 4521 morbo
2159 4466 2479 4520 laborabant
2510 4466 2802 4519 sanitatem
2834 4475 3278 4533 recuperassent,
3327 4475 3384 4520 et
3429 4480 3489 4521 se

1919 4559 2153 4613 invicem
2226 4556 2658 4610 exhortarentur
2724 4557 2791 4609 ad
2856 4556 3204 4623 suscipienda
3266 4555 3486 4611 fortiter

239 4650 582 4721 διέῥρευσεν,
611 4651 640 4702 6
669 4650 908 4718 ῑπαρχος
937 4626 1308 4718 Τραγκυλῖνον
1362 4626 1814 4719 μετακαλεσάμε-
1846 4626 1890 4680 D

1806 4682 1814 4693 -
1846 4626 1890 4680 θ
1918 4650 2242 4712 certamina,
2267 4649 2529 4716 quoniam
2581 4646 3011 4714 preterﬂnxerat
3032 4648 3185 4716 quod
3215 4649 3267 4701 ei
3295 4649 3481 4702 datum

241 4760 331 4806 νος
360 4743 452 4795 τὸν
482 4741 861 4812 Μαρκελλίνου
888 4743 981 4794 καὶ
1002 4742 1232 4813 Μάρκου
1260 4742 1492 4811 πατέρα,
1522 4740 1674 4795 οὔπω
1702 4744 1811 4811 γὰρ

242 4833 363 4904 ᾔδει
390 4834 473 4885 ὅτι
502 4835 755 4893 κάκεῖνος
783 4833 1111 4901 Χριστιανός
1140 4833 1279 4895 ἔστι,
1304 4832 1455 4899 λέγει
1489 4832 1657 4902 αὐτῷ·
1692 4834 1807 4887 Ἔτι

240 4927 293 4978 oi
326 4927 429 4978 υίοί
465 4942 559 4977 σου
595 4924 884 4977 ἀπειθοῦσι
917 4923 1081 4976 θῦσαι
1118 4927 1230 4986 τοῖς
1259 4922 1444 4990 θεοῖς;
1485 4922 1548 4977 '0
1575 4926 1630 4977 δὲ
1675 4928 1807 4993 πρὶς

242 5018 433 5075 αὺτϋν,
472 5017 772 5084 Μακάριοι,
811 5012 987 5079 εἶπεν,
1018 5017 1217 5067 ικεῖνοι
1246 5016 1348 5082 τῆς
1381 5016 1635 5085 τοιαύτης
1665 5018 1807 5084 γνὼ-
1851 5012 1866 5043 ’ί

245 5128 377 5180 μης,
407 5110 491 5161 ὅτι
528 5109 624 5178 τῆς
678 5108 884 5178 πλάνης
920 5109 1354 5176 ἀπαλλαγέντες,
1402 5111 1501 5181 τὴν
1546 5110 1808 5179 ἀλήθειαν

240 5203 511 5268 ἔγνωσαν,
538 5202 683 5268 κάμὶ
713 5199 850 5269 πρὸς
875 5201 1080 5269 ταύτην
1107 5199 1417 5269 ὡδήγησαν.
1475 5200 1531 5252 '0
1572 5200 1807 5270 ἔπαρχος

240 5289 415 5346 εἶπεν·
464 5293 671 5354 Ὄντως
702 5292 765 5362 δὴ
796 5292 889 5343 καὶ
928 5292 1091 5355 αὐτὸς
1130 5293 1432 5360 ήλλοιώθης
1462 5294 1561 5356 τὰς
1605 5294 1807 5362 φρένας

239 5383 425 5451 λόγοις
479 5384 776 5452 ἀπατηλοῖς
827 5384 967 5454 πρὸς
1017 5383 1115 5453 τὴν
1173 5385 1548 5453 κακοδαίμονα
1601 5384 1808 5453 ταύτην

237 5475 542 5545 θρησκείαν
573 5475 934 5543 μεταϐαλὼνς
986 5476 1097 5529 Καὶ
1144 5478 1174 5528 6
1221 5476 1613 5545 Τραγκυλῖνος,
1648 5473 1809 5546 Εἶχον

245 5568 371 5635 μὲν,
397 5569 551 5636 φησὶ,
578 5570 669 5619 καὶ
696 5569 854 5630 αὑτός
882 5584 1012 5620 ποτε
1048 5568 1191 5620 οὕτω
1215 5569 1457 5639 γνώμης,
1483 5562 1528 5621 ὦ
1554 5570 1804 5633 ὃικαστὰ,

240 5659 341 5711 καὶ
383 5660 742 5727 Χριστιανοὺς
790 5660 1107 5713 ἀπατᾶσθαι
1146 5660 1437 5726 ἐνόμιζον·
1469 5663 1592 5713 ἐπεὶ
1621 5661 1679 5714 δὲ
1730 5662 1807 5730 τῷ

238 5750 474 5816 γενναίῳ
517 5750 768 5819 ἐνέτυχον
796 5748 1144 5819 Σεϐαστιανῷ
1184 5749 1340 5818 ἀνδρὶ
1381 5752 1674 5819 περιφανεῖ
1712 5752 1809 5803 καὶ

240 5841 535 5906 προσφιλεῖ
580 5845 695 5906 τοῖς
746 5841 1030 5910 κρατοῦσι,
1088 5840 1221 5914 παρ’
1269 5841 1434 5896 αὐτοῦ
1484 5858 1541 5894 τε
1589 5842 1659 5895 τά
1710 5844 1808 5916 τῆς

1915 4740 2095 4796 fuerat
2121 4749 2337 4808 tempus
2365 4738 2667 4797 dilationis,
2692 4737 2981 4806 praefectus
3009 4739 3281 4793 accersito
3308 4737 3486 4794 Tran-

1915 4834 2147 4905 qnillino
2202 4841 2359 4900 patre
2407 4830 2707 4884 Marcellini
2739 4839 2795 4883 et
2829 4830 3018 4894 Marci,
3056 4832 3300 4885 nondum
3332 4831 3483 4886 enim

1916 4929 2125 4982 sciebat
2160 4928 2311 4981 illum
2342 4926 2659 4994 religionem
2688 4937 2873 4979 tenere
2900 4924 3272 4979 Christianam
3304 4926 3484 4994 ejecta

1912 5023 2065 5076 cultu
2109 5020 2553 5078 simulacrorum.
2595 5017 2727 5071 dicit
2763 5017 2813 5072 ei
2865 5036 2878 5069 :
2928 5018 3193 5071 Adhucne
3242 5017 3319 5069 tui
3380 5016 3479 5072 lilii

1910 5120 2168 5167 recusant
2200 5112 2268 5165 iis
2313 5108 2626 5165 sacriﬁcare
2660 5117 3081 5163 contemnentes
3116 5109 3266 5177 jnssa
3307 5108 3480 5177 impe-

1912 5204 2191 5259 ratorum?
2208 5202 2300 5257 llle
2319 5217 2448 5255 vere
2467 5202 2601 5254 dixit
2649 5200 2985 5268 respondens
3008 5220 3018 5253 ε
3042 5199 3189 5253 Beati
3219 5200 3317 5263 illi,
3336 5201 3478 5267 quod

1909 5298 2020 5350 sint
2059 5297 2109 5347 in
2139 5294 2241 5347 hac
2272 5294 2569 5355 sententia,
2615 5302 2670 5347 et
2712 5292 2782 5345 ab
2816 5306 3004 5345 errore
3051 5292 3265 5343 llbt'l'tlli
3304 5293 3477 5355 ipsam

1910 5388 2232 5456 agnoverint
2272 5388 2586 5447 veritatem,
2630 5394 2686 5437 et
2736 5386 2825 5437 vix
2877 5398 2962 5437 tne
3009 5386 3227 5436 tandem
3259 5384 3323 5434 ad
3357 5397 3477 5435 eam

1910 5480 2261 5534 deduxerint.
2290 5478 2434 5531 Dixit
2462 5478 2750 5546 praefectus
2774 5479 2927 5530 nrbis
2955 5495 2967 5529 :
3000 5477 3141 5546 Ergo
3168 5486 3223 5529 tu
3257 5491 3479 5545 quoque

1914 5584 2103 5622 reveia
2170 5570 2492 5620 immutatus
2550 5583 2578 5619 a
2644 5577 2827 5621 monte
2905 5566 3226 5628 discesssﬁ,
3296 5569 3480 5618 verbis

1912 5659 2144 5714 credens
2176 5658 2485 5714 fallacibus.
2516 5667 2573 5710 et.
2619 5659 2687 5710 ad
2713 5663 2850 5709 hanc
2884 5657 3162 5709 infelicem
3192 5655 3479 5708 traductus

1914 5752 2236 5820 religionem
2255 5754 2276 5803 ἵ
2296 5750 2440 5803 Dixit
2468 5750 2922 5818 Tranquillinus:
2955 5750 3111 5802 Eram
3139 5762 3240 5816 ego
3257 5761 3475 5815 quoque

1914 5844 2212 5908 aliquando
2242 5843 2297 5897 in
2341 5842 2443 5897 hac
2493 5844 2767 5900 sententia
2806 5856 2840 5897 ο
2881 5842 3069 5906 iudex,
3105 5847 3161 5894 et
3210 5838 3305 5906 qui
3338 5837 3473 5892 reli-
